  <div class='ocr_page' id='page_1' title='image "/cluster/home/n/w/nwhite01/storage/ocr_20150623/3/hvd.32044054086798/720.png"; bbox 0 0 4116 6258; ppageno 0'>
   <div class='ocr_carea' id='block_1_1' title="bbox 218 301 339 358">
    <p class='ocr_par' dir='ltr' id='par_1_1' title="bbox 218 301 339 358">
     <span class='ocr_line' id='line_1_1' title="bbox 218 301 339 358; baseline 0.017 -2"><span class='ocrx_word' id='word_1_1' title='bbox 218 301 339 358; x_wconf 71' lang='lat' dir='ltr'><strong>i3“</strong></span> 
     </span>
    </p>
   </div>
   <div class='ocr_carea' id='block_1_2' title="bbox 1461 299 2276 367">
    <p class='ocr_par' dir='ltr' id='par_1_2' title="bbox 1461 299 2276 367">
     <span class='ocr_line' id='line_1_2' title="bbox 1461 299 2276 367; baseline -0.002 -9"><span class='ocrx_word' id='word_1_2' title='bbox 1461 299 2276 367; x_wconf 70' lang='lat' dir='ltr'><strong>HlSTORlCQ-DOGMATICA.</strong></span> 
     </span>
    </p>
   </div>
   <div class='ocr_carea' id='block_1_3' title="bbox 3348 302 3493 360">
    <p class='ocr_par' dir='ltr' id='par_1_3' title="bbox 3348 302 3493 360">
     <span class='ocr_line' id='line_1_3' title="bbox 3348 302 3493 360; baseline -0.021 0"><span class='ocrx_word' id='word_1_3' title='bbox 3348 302 3493 360; x_wconf 65' lang='grc' dir='ltr'><strong>15ιὲ</strong></span> 
     </span>
    </p>
   </div>
   <div class='ocr_carea' id='block_1_4' title="bbox 275 386 3496 494">
    <p class='ocr_par' dir='ltr' id='par_1_4' title="bbox 275 386 3496 494">
     <span class='ocr_line' id='line_1_4' title="bbox 275 386 3496 494; baseline 0 -16"><span class='ocrx_word' id='word_1_4' title='bbox 275 420 331 478; x_wconf 78' lang='lat'><strong>2°</strong></span> <span class='ocrx_word' id='word_1_5' title='bbox 371 419 429 476; x_wconf 90' lang='lat' dir='ltr'><strong>Si</strong></span> <span class='ocrx_word' id='word_1_6' title='bbox 467 386 829 478; x_wconf 70' lang='lat' dir='ltr'><strong>existima/sset</strong></span> <span class='ocrx_word' id='word_1_7' title='bbox 855 434 922 478; x_wconf 81' lang='lat' dir='ltr'><strong>ex</strong></span> <span class='ocrx_word' id='word_1_8' title='bbox 960 420 1258 493; x_wconf 83' lang='lat' dir='ltr'><strong>Scripturis</strong></span> <span class='ocrx_word' id='word_1_9' title='bbox 1281 429 1435 478; x_wconf 87' lang='lat' dir='ltr'><strong>certe</strong></span> <span class='ocrx_word' id='word_1_10' title='bbox 1461 422 1639 491; x_wconf 76' lang='lat' dir='ltr'><strong>colligi</strong></span> <span class='ocrx_word' id='word_1_11' title='bbox 1668 421 1790 476; x_wconf 87' lang='lat' dir='ltr'><strong>nul-</strong></span> <span class='ocrx_word' id='word_1_12' title='bbox 1817 421 1868 486; x_wconf 77' lang='grc' dir='ltr'><strong>Α</strong></span> <span class='ocrx_word' id='word_1_13' title='bbox 1897 419 2166 490; x_wconf 72' lang='lat' dir='ltr'><strong>Baptisms</strong></span> <span class='ocrx_word' id='word_1_14' title='bbox 2197 420 2427 491; x_wconf 61' lang='lat' dir='ltr'><strong>publica;</strong></span> <span class='ocrx_word' id='word_1_15' title='bbox 2455 421 2812 479; x_wconf 82' lang='lat' dir='ltr'><strong>confessionis</strong></span> <span class='ocrx_word' id='word_1_16' title='bbox 2838 430 2890 478; x_wconf 91' lang='lat' dir='ltr'><strong>et</strong></span> <span class='ocrx_word' id='word_1_17' title='bbox 2938 420 3212 494; x_wconf 73' lang='lat' dir='ltr'><strong>sanguinis</strong></span> <span class='ocrx_word' id='word_1_18' title='bbox 3236 422 3496 494; x_wconf 73' lang='lat' dir='ltr'><strong>proﬁcere</strong></span> 
     </span>
    </p>
   </div>
   <div class='ocr_carea' id='block_1_5' title="bbox 214 514 1798 588">
    <p class='ocr_par' dir='ltr' id='par_1_5' title="bbox 214 514 1798 588">
     <span class='ocr_line' id='line_1_5' title="bbox 214 514 1798 588; baseline 0.001 -20"><span class='ocrx_word' id='word_1_19' title='bbox 214 514 319 570; x_wconf 88' lang='lat' dir='ltr'><strong>lum</strong></span> <span class='ocrx_word' id='word_1_20' title='bbox 348 530 472 572; x_wconf 87' lang='lat' dir='ltr'><strong>esse</strong></span> <span class='ocrx_word' id='word_1_21' title='bbox 513 514 785 588; x_wconf 83' lang='lat' dir='ltr'><strong>Baptisma</strong></span> <span class='ocrx_word' id='word_1_22' title='bbox 816 516 884 570; x_wconf 88' lang='lat' dir='ltr'><strong>ab</strong></span> <span class='ocrx_word' id='word_1_23' title='bbox 911 516 1179 576; x_wconf 73' lang='lat' dir='ltr'><strong>haereticis</strong></span> <span class='ocrx_word' id='word_1_24' title='bbox 1207 517 1485 584; x_wconf 82' lang='lat' dir='ltr'><strong>collatum,</strong></span> <span class='ocrx_word' id='word_1_25' title='bbox 1520 531 1620 586; x_wconf 92' lang='lat' dir='ltr'><strong>pro</strong></span> <span class='ocrx_word' id='word_1_26' title='bbox 1647 527 1798 570; x_wconf 89' lang='lat' dir='ltr'><strong>certe</strong></span> 
     </span>
    </p>
   </div>
   <div class='ocr_carea' id='block_1_6' title="bbox 217 608 1798 679">
    <p class='ocr_par' dir='ltr' id='par_1_6' title="bbox 217 608 1798 679">
     <span class='ocr_line' id='line_1_6' title="bbox 217 608 1798 679; baseline -0.001 -15"><span class='ocrx_word' id='word_1_27' title='bbox 217 609 488 664; x_wconf 73' lang='lat' dir='ltr'><strong>habuisset</strong></span> <span class='ocrx_word' id='word_1_28' title='bbox 525 608 758 666; x_wconf 87' lang='lat' dir='ltr'><strong>infantes</strong></span> <span class='ocrx_word' id='word_1_29' title='bbox 787 624 915 668; x_wconf 91' lang='lat' dir='ltr'><strong>cum</strong></span> <span class='ocrx_word' id='word_1_30' title='bbox 941 610 1061 668; x_wconf 90' lang='lat' dir='ltr'><strong>sole</strong></span> <span class='ocrx_word' id='word_1_31' title='bbox 1093 609 1470 666; x_wconf 66' lang='lat' dir='ltr'><strong>bmreticerum</strong></span> <span class='ocrx_word' id='word_1_32' title='bbox 1524 609 1798 679; x_wconf 84' lang='lat' dir='ltr'><strong>Baptismo</strong></span> 
     </span>
    </p>
   </div>
   <div class='ocr_carea' id='block_1_7' title="bbox 215 701 1799 772">
    <p class='ocr_par' dir='ltr' id='par_1_7' title="bbox 215 701 1799 772">
     <span class='ocr_line' id='line_1_7' title="bbox 215 701 1799 772; baseline -0.001 -15"><span class='ocrx_word' id='word_1_33' title='bbox 215 701 494 758; x_wconf 88' lang='lat' dir='ltr'><strong>defunctos</strong></span> <span class='ocrx_word' id='word_1_34' title='bbox 523 701 754 760; x_wconf 79' lang='lat' dir='ltr'><strong>salutem</strong></span> <span class='ocrx_word' id='word_1_35' title='bbox 796 701 1022 772; x_wconf 85' lang='lat' dir='ltr'><strong>adeptos</strong></span> <span class='ocrx_word' id='word_1_36' title='bbox 1051 719 1161 757; x_wconf 85' lang='lat' dir='ltr'><strong>non</strong></span> <span class='ocrx_word' id='word_1_37' title='bbox 1188 702 1376 769; x_wconf 79' lang='lat' dir='ltr'><strong>fuisse,</strong></span> <span class='ocrx_word' id='word_1_38' title='bbox 1421 701 1610 758; x_wconf 88' lang='lat' dir='ltr'><strong>eadem</strong></span> <span class='ocrx_word' id='word_1_39' title='bbox 1655 703 1799 756; x_wconf 89' lang='lat' dir='ltr'><strong>enim</strong></span> 
     </span>
    </p>
   </div>
   <div class='ocr_carea' id='block_1_8' title="bbox 215 794 1798 860">
    <p class='ocr_par' dir='ltr' id='par_1_8' title="bbox 215 794 1798 860">
     <span class='ocr_line' id='line_1_8' title="bbox 215 794 1798 860; baseline -0.001 -7"><span class='ocrx_word' id='word_1_40' title='bbox 215 795 531 853; x_wconf 86' lang='lat' dir='ltr'><strong>certitudine</strong></span> <span class='ocrx_word' id='word_1_41' title='bbox 557 794 797 860; x_wconf 73' lang='lat' dir='ltr'><strong>creditur</strong></span> <span class='ocrx_word' id='word_1_42' title='bbox 827 797 928 854; x_wconf 84' lang='lat' dir='ltr'><strong>hos</strong></span> <span class='ocrx_word' id='word_1_43' title='bbox 956 795 1190 852; x_wconf 73' lang='lat' dir='ltr'><strong>infantes</strong></span> <span class='ocrx_word' id='word_1_44' title='bbox 1217 797 1448 852; x_wconf 76' lang='lat' dir='ltr'><strong>salutem</strong></span> <span class='ocrx_word' id='word_1_45' title='bbox 1478 795 1644 850; x_wconf 86' lang='lat' dir='ltr'><strong>fuisse</strong></span> <span class='ocrx_word' id='word_1_46' title='bbox 1672 795 1798 852; x_wconf 84' lang='lat' dir='ltr'><strong>ade-</strong></span> 
     </span>
    </p>
   </div>
   <div class='ocr_carea' id='block_1_9' title="bbox 213 887 1798 959">
    <p class='ocr_par' dir='ltr' id='par_1_9' title="bbox 213 887 1798 959">
     <span class='ocr_line' id='line_1_9' title="bbox 213 887 1798 959; baseline 0 -15"><span class='ocrx_word' id='word_1_47' title='bbox 213 900 349 959; x_wconf 90' lang='lat' dir='ltr'><strong>ptos,</strong></span> <span class='ocrx_word' id='word_1_48' title='bbox 377 903 483 959; x_wconf 88' lang='lat' dir='ltr'><strong>qua</strong></span> <span class='ocrx_word' id='word_1_49' title='bbox 508 887 749 943; x_wconf 79' lang='lat' dir='ltr'><strong>creditur</strong></span> <span class='ocrx_word' id='word_1_50' title='bbox 779 903 874 943; x_wconf 91' lang='lat' dir='ltr'><strong>eos</strong></span> <span class='ocrx_word' id='word_1_51' title='bbox 892 888 1069 946; x_wconf 77' lang='lat' dir='ltr'><strong>valide</strong></span> <span class='ocrx_word' id='word_1_52' title='bbox 1099 888 1265 946; x_wconf 87' lang='lat' dir='ltr'><strong>fuisse</strong></span> <span class='ocrx_word' id='word_1_53' title='bbox 1298 889 1629 959; x_wconf 80' lang='lat' dir='ltr'><strong>baptizatos;</strong></span> <span class='ocrx_word' id='word_1_54' title='bbox 1657 898 1798 944; x_wconf 91' lang='lat' dir='ltr'><strong>atta-</strong></span> 
     </span>
    </p>
   </div>
   <div class='ocr_carea' id='block_1_10' title="bbox 213 981 1797 1055">
    <p class='ocr_par' dir='ltr' id='par_1_10' title="bbox 213 981 1797 1055">
     <span class='ocr_line' id='line_1_10' title="bbox 213 981 1797 1055; baseline -0.001 -15"><span class='ocrx_word' id='word_1_55' title='bbox 213 1000 330 1040; x_wconf 89' lang='lat' dir='ltr'><strong>men</strong></span> <span class='ocrx_word' id='word_1_56' title='bbox 372 982 430 1038; x_wconf 86' lang='lat' dir='ltr'><strong>S.</strong></span> <span class='ocrx_word' id='word_1_57' title='bbox 476 981 776 1055; x_wconf 86' lang='lat' dir='ltr'><strong>Cyprianus</strong></span> <span class='ocrx_word' id='word_1_58' title='bbox 830 999 936 1038; x_wconf 90' lang='lat' dir='ltr'><strong>non</strong></span> <span class='ocrx_word' id='word_1_59' title='bbox 983 985 1234 1054; x_wconf 74' lang='lat' dir='ltr'><strong>desperat</strong></span> <span class='ocrx_word' id='word_1_60' title='bbox 1265 984 1333 1038; x_wconf 84' lang='lat' dir='ltr'><strong>de</strong></span> <span class='ocrx_word' id='word_1_61' title='bbox 1363 985 1576 1042; x_wconf 86' lang='lat' dir='ltr'><strong>illorum</strong></span> <span class='ocrx_word' id='word_1_62' title='bbox 1604 983 1797 1048; x_wconf 88' lang='lat' dir='ltr'><strong>salute,</strong></span> 
     </span>
    </p>
   </div>
   <div class='ocr_carea' id='block_1_11' title="bbox 213 1077 1803 1150">
    <p class='ocr_par' dir='ltr' id='par_1_11' title="bbox 213 1077 1803 1150">
     <span class='ocr_line' id='line_1_11' title="bbox 213 1077 1803 1150; baseline -0.001 -18"><span class='ocrx_word' id='word_1_63' title='bbox 213 1079 296 1150; x_wconf 92' lang='lat' dir='ltr'><strong>qui</strong></span> <span class='ocrx_word' id='word_1_64' title='bbox 339 1078 391 1132; x_wconf 92' lang='lat' dir='ltr'><strong>in</strong></span> <span class='ocrx_word' id='word_1_65' title='bbox 434 1078 768 1147; x_wconf 71' lang='lat' dir='ltr'><strong>praeteritum</strong></span> <span class='ocrx_word' id='word_1_66' title='bbox 795 1092 916 1133; x_wconf 91' lang='lat' dir='ltr'><strong>cum</strong></span> <span class='ocrx_word' id='word_1_67' title='bbox 963 1078 1080 1138; x_wconf 81' lang='lat' dir='ltr'><strong>sole</strong></span> <span class='ocrx_word' id='word_1_68' title='bbox 1106 1079 1488 1137; x_wconf 77' lang='lat' dir='ltr'><strong>haereticorum</strong></span> <span class='ocrx_word' id='word_1_69' title='bbox 1531 1077 1803 1147; x_wconf 81' lang='lat' dir='ltr'><strong>Baptist</strong></span> 
     </span>
    </p>
   </div>
   <div class='ocr_carea' id='block_1_12' title="bbox 215 1170 1802 1241">
    <p class='ocr_par' dir='ltr' id='par_1_12' title="bbox 215 1170 1802 1241">
     <span class='ocr_line' id='line_1_12' title="bbox 215 1170 1802 1241; baseline 0.001 -16"><span class='ocrx_word' id='word_1_70' title='bbox 215 1171 479 1235; x_wconf 88' lang='lat' dir='ltr'><strong>obierant,</strong></span> <span class='ocrx_word' id='word_1_71' title='bbox 511 1171 653 1226; x_wconf 90' lang='lat' dir='ltr'><strong>inter</strong></span> <span class='ocrx_word' id='word_1_72' title='bbox 678 1185 816 1241; x_wconf 88' lang='lat' dir='ltr'><strong>quos</strong></span> <span class='ocrx_word' id='word_1_73' title='bbox 847 1171 1027 1240; x_wconf 80' lang='lat' dir='ltr'><strong>plures</strong></span> <span class='ocrx_word' id='word_1_74' title='bbox 1053 1172 1331 1228; x_wconf 73' lang='lat' dir='ltr'><strong>exsdtisse</strong></span> <span class='ocrx_word' id='word_1_75' title='bbox 1365 1171 1600 1230; x_wconf 88' lang='lat' dir='ltr'><strong>infantes</strong></span> <span class='ocrx_word' id='word_1_76' title='bbox 1625 1170 1802 1226; x_wconf 90' lang='lat' dir='ltr'><strong>nullus</strong></span> 
     </span>
    </p>
   </div>
   <div class='ocr_carea' id='block_1_13' title="bbox 216 1263 555 1319">
    <p class='ocr_par' dir='ltr' id='par_1_13' title="bbox 216 1263 555 1319">
     <span class='ocr_line' id='line_1_13' title="bbox 216 1263 555 1319; baseline 0.003 -2"><span class='ocrx_word' id='word_1_77' title='bbox 216 1263 555 1319; x_wconf 87' lang='lat' dir='ltr'><strong>inficiahitur.</strong></span> 
     </span>
    </p>
   </div>
   <div class='ocr_carea' id='block_1_14' title="bbox 281 1355 1804 1426">
    <p class='ocr_par' dir='ltr' id='par_1_14' title="bbox 281 1355 1804 1426">
     <span class='ocr_line' id='line_1_14' title="bbox 281 1355 1804 1426; baseline -0.002 -14"><span class='ocrx_word' id='word_1_78' title='bbox 281 1359 340 1412; x_wconf 74' lang='lat'><strong>5°</strong></span> <span class='ocrx_word' id='word_1_79' title='bbox 394 1358 448 1412; x_wconf 91' lang='lat' dir='ltr'><strong>Si</strong></span> <span class='ocrx_word' id='word_1_80' title='bbox 479 1373 546 1411; x_wconf 81' lang='lat' dir='ltr'><strong>ex</strong></span> <span class='ocrx_word' id='word_1_81' title='bbox 575 1355 869 1425; x_wconf 86' lang='lat' dir='ltr'><strong>Scripturis</strong></span> <span class='ocrx_word' id='word_1_82' title='bbox 900 1365 1051 1412; x_wconf 87' lang='lat' dir='ltr'><strong>certe</strong></span> <span class='ocrx_word' id='word_1_83' title='bbox 1081 1355 1267 1412; x_wconf 84' lang='lat' dir='ltr'><strong>inferri</strong></span> <span class='ocrx_word' id='word_1_84' title='bbox 1297 1356 1556 1414; x_wconf 79' lang='lat' dir='ltr'><strong>credebat</strong></span> <span class='ocrx_word' id='word_1_85' title='bbox 1579 1371 1674 1412; x_wconf 88' lang='lat' dir='ltr'><strong>eos</strong></span> <span class='ocrx_word' id='word_1_86' title='bbox 1713 1355 1804 1426; x_wconf 89' lang='lat' dir='ltr'><strong>qui</strong></span> 
     </span>
    </p>
   </div>
   <div class='ocr_carea' id='block_1_15' title="bbox 212 1449 1801 1519">
    <p class='ocr_par' dir='ltr' id='par_1_15' title="bbox 212 1449 1801 1519">
     <span class='ocr_line' id='line_1_15' title="bbox 212 1449 1801 1519; baseline 0 -15"><span class='ocrx_word' id='word_1_87' title='bbox 212 1449 276 1505; x_wconf 91' lang='lat' dir='ltr'><strong>ab</strong></span> <span class='ocrx_word' id='word_1_88' title='bbox 305 1449 576 1504; x_wconf 65' lang='lat' dir='ltr'><strong>haereticis</strong></span> <span class='ocrx_word' id='word_1_89' title='bbox 607 1449 758 1504; x_wconf 87' lang='lat' dir='ltr'><strong>tincti</strong></span> <span class='ocrx_word' id='word_1_90' title='bbox 789 1449 1020 1513; x_wconf 76' lang='lat' dir='ltr'><strong>fuerant,</strong></span> <span class='ocrx_word' id='word_1_91' title='bbox 1049 1450 1230 1519; x_wconf 86' lang='lat' dir='ltr'><strong>reipsa</strong></span> <span class='ocrx_word' id='word_1_92' title='bbox 1257 1450 1482 1510; x_wconf 77' lang='lat' dir='ltr'><strong>minime</strong></span> <span class='ocrx_word' id='word_1_93' title='bbox 1513 1449 1678 1506; x_wconf 86' lang='lat' dir='ltr'><strong>fuisse</strong></span> <span class='ocrx_word' id='word_1_94' title='bbox 1704 1450 1801 1506; x_wconf 89' lang='lat' dir='ltr'><strong>ba-</strong></span> 
     </span>
    </p>
   </div>
   <div class='ocr_carea' id='block_1_16' title="bbox 215 1541 1800 1613">
    <p class='ocr_par' dir='ltr' id='par_1_16' title="bbox 215 1541 1800 1613">
     <span class='ocr_line' id='line_1_16' title="bbox 215 1541 1800 1613; baseline 0.003 -17"><span class='ocrx_word' id='word_1_95' title='bbox 215 1543 460 1613; x_wconf 87' lang='lat' dir='ltr'><strong>ptizatos,</strong></span> <span class='ocrx_word' id='word_1_96' title='bbox 493 1541 767 1612; x_wconf 90' lang='lat' dir='ltr'><strong>quomodo</strong></span> <span class='ocrx_word' id='word_1_97' title='bbox 810 1542 982 1612; x_wconf 87' lang='lat' dir='ltr'><strong>zelus,</strong></span> <span class='ocrx_word' id='word_1_98' title='bbox 1029 1556 1138 1612; x_wconf 87' lang='lat' dir='ltr'><strong>quo</strong></span> <span class='ocrx_word' id='word_1_99' title='bbox 1185 1557 1282 1610; x_wconf 88' lang='lat' dir='ltr'><strong>pro</strong></span> <span class='ocrx_word' id='word_1_100' title='bbox 1322 1541 1498 1596; x_wconf 87' lang='lat' dir='ltr'><strong>salute</strong></span> <span class='ocrx_word' id='word_1_101' title='bbox 1525 1541 1800 1600; x_wconf 87' lang='lat' dir='ltr'><strong>hominum</strong></span> 
     </span>
    </p>
   </div>
   <div class='ocr_carea' id='block_1_17' title="bbox 213 1633 1804 1704">
    <p class='ocr_par' dir='ltr' id='par_1_17' title="bbox 213 1633 1804 1704">
     <span class='ocr_line' id='line_1_17' title="bbox 213 1633 1804 1704; baseline -0.001 -14"><span class='ocrx_word' id='word_1_102' title='bbox 213 1635 430 1690; x_wconf 83' lang='lat' dir='ltr'><strong>ardebat</strong></span> <span class='ocrx_word' id='word_1_103' title='bbox 457 1649 650 1704; x_wconf 88' lang='lat' dir='ltr'><strong>passus</strong></span> <span class='ocrx_word' id='word_1_104' title='bbox 680 1633 892 1696; x_wconf 87' lang='lat' dir='ltr'><strong>fuisset.</strong></span> <span class='ocrx_word' id='word_1_105' title='bbox 927 1647 986 1690; x_wconf 88' lang='lat' dir='ltr'><strong>ut</strong></span> <span class='ocrx_word' id='word_1_106' title='bbox 1026 1633 1251 1695; x_wconf 80' lang='lat' dir='ltr'><strong>cuilibet</strong></span> <span class='ocrx_word' id='word_1_107' title='bbox 1272 1635 1535 1704; x_wconf 77' lang='lat' dir='ltr'><strong>‘episcOpo</strong></span> <span class='ocrx_word' id='word_1_108' title='bbox 1580 1634 1804 1690; x_wconf 89' lang='lat' dir='ltr'><strong>liberam</strong></span> 
     </span>
    </p>
   </div>
   <div class='ocr_carea' id='block_1_18' title="bbox 214 1726 1806 1798">
    <p class='ocr_par' dir='ltr' id='par_1_18' title="bbox 214 1726 1806 1798">
     <span class='ocr_line' id='line_1_18' title="bbox 214 1726 1806 1798; baseline -0.001 -14"><span class='ocrx_word' id='word_1_109' title='bbox 214 1744 306 1784; x_wconf 89' lang='lat' dir='ltr'><strong>eos</strong></span> <span class='ocrx_word' id='word_1_110' title='bbox 347 1743 457 1783; x_wconf 89' lang='lat' dir='ltr'><strong>non</strong></span> <span class='ocrx_word' id='word_1_111' title='bbox 501 1727 741 1798; x_wconf 84' lang='lat' dir='ltr'><strong>tingendi</strong></span> <span class='ocrx_word' id='word_1_112' title='bbox 785 1728 988 1784; x_wconf 90' lang='lat' dir='ltr'><strong>sineret</strong></span> <span class='ocrx_word' id='word_1_113' title='bbox 1036 1727 1378 1782; x_wconf 76' lang='lat' dir='ltr'><strong>facultatem?</strong></span> <span class='ocrx_word' id='word_1_114' title='bbox 1407 1726 1806 1782; x_wconf 85' lang='lat' dir='ltr'><strong>Credidissetne</strong></span> 
     </span>
    </p>
   </div>
   <div class='ocr_carea' id='block_1_19' title="bbox 1899 513 3492 585">
    <p class='ocr_par' dir='ltr' id='par_1_19' title="bbox 1899 513 3492 585">
     <span class='ocr_line' id='line_1_19' title="bbox 1899 513 3492 585; baseline 0.002 -18"><span class='ocrx_word' id='word_1_115' title='bbox 1899 514 1966 568; x_wconf 88' lang='lat' dir='ltr'><strong>ad</strong></span> <span class='ocrx_word' id='word_1_116' title='bbox 1990 513 2217 570; x_wconf 87' lang='lat' dir='ltr'><strong>salutem</strong></span> <span class='ocrx_word' id='word_1_117' title='bbox 2242 524 2437 584; x_wconf 87' lang='lat' dir='ltr'><strong>potest,</strong></span> <span class='ocrx_word' id='word_1_118' title='bbox 2455 515 2578 585; x_wconf 87' lang='lat' dir='ltr'><strong>quia</strong></span> <span class='ocrx_word' id='word_1_119' title='bbox 2597 515 2742 571; x_wconf 87' lang='lat' dir='ltr'><strong>salus</strong></span> <span class='ocrx_word' id='word_1_120' title='bbox 2761 525 2913 572; x_wconf 75' lang='lat' dir='ltr'><strong>extra</strong></span> <span class='ocrx_word' id='word_1_121' title='bbox 2937 515 3232 571; x_wconf 75' lang='lat' dir='ltr'><strong>Ecclesium</strong></span> <span class='ocrx_word' id='word_1_122' title='bbox 3257 531 3363 572; x_wconf 88' lang='lat' dir='ltr'><strong>non</strong></span> <span class='ocrx_word' id='word_1_123' title='bbox 3388 525 3492 584; x_wconf 84' lang='lat' dir='ltr'><strong>est,</strong></span> 
     </span>
    </p>
   </div>
   <div class='ocr_carea' id='block_1_20' title="bbox 1900 607 3490 678">
    <p class='ocr_par' dir='ltr' id='par_1_20' title="bbox 1900 607 3490 678">
     <span class='ocr_line' id='line_1_20' title="bbox 1900 607 3490 678; baseline -0.003 -16"><span class='ocrx_word' id='word_1_124' title='bbox 1900 619 2100 678; x_wconf 87' lang='lat' dir='ltr'><strong>quanto</strong></span> <span class='ocrx_word' id='word_1_125' title='bbox 2129 608 2297 677; x_wconf 85' lang='lat' dir='ltr'><strong>magis</strong></span> <span class='ocrx_word' id='word_1_126' title='bbox 2319 609 2370 662; x_wconf 90' lang='lat' dir='ltr'><strong>ei</strong></span> <span class='ocrx_word' id='word_1_127' title='bbox 2404 607 2538 662; x_wconf 87' lang='lat' dir='ltr'><strong>nihil</strong></span> <span class='ocrx_word' id='word_1_128' title='bbox 2571 607 2828 677; x_wconf 82' lang='lat' dir='ltr'><strong>proderit,</strong></span> <span class='ocrx_word' id='word_1_129' title='bbox 2862 608 2906 662; x_wconf 90' lang='lat' dir='ltr'><strong>si</strong></span> <span class='ocrx_word' id='word_1_130' title='bbox 2933 607 2984 662; x_wconf 91' lang='lat' dir='ltr'><strong>in</strong></span> <span class='ocrx_word' id='word_1_131' title='bbox 3009 608 3212 664; x_wconf 83' lang='lat' dir='ltr'><strong>latebra</strong></span> <span class='ocrx_word' id='word_1_132' title='bbox 3241 618 3296 663; x_wconf 91' lang='lat' dir='ltr'><strong>et</strong></span> <span class='ocrx_word' id='word_1_133' title='bbox 3327 609 3379 662; x_wconf 92' lang='lat' dir='ltr'><strong>in</strong></span> <span class='ocrx_word' id='word_1_134' title='bbox 3411 608 3490 663; x_wconf 72' lang='lat' dir='ltr'><strong>la.-</strong></span> 
     </span>
    </p>
   </div>
   <div class='ocr_carea' id='block_1_21' title="bbox 1905 701 3492 772">
    <p class='ocr_par' dir='ltr' id='par_1_21' title="bbox 1905 701 3492 772">
     <span class='ocr_line' id='line_1_21' title="bbox 1905 701 3492 772; baseline -0.001 -14"><span class='ocrx_word' id='word_1_135' title='bbox 1905 712 2116 758; x_wconf 80' lang='lat' dir='ltr'><strong>tronum</strong></span> <span class='ocrx_word' id='word_1_136' title='bbox 2151 703 2406 772; x_wconf 80' lang='lat' dir='ltr'><strong>spelunca</strong></span> <span class='ocrx_word' id='word_1_137' title='bbox 2445 702 2704 757; x_wconf 65' lang='lat' dir='ltr'><strong>adultera:</strong></span> <span class='ocrx_word' id='word_1_138' title='bbox 2734 701 3058 769; x_wconf 75' lang='lat' dir='ltr'><strong>contagione</strong></span> <span class='ocrx_word' id='word_1_139' title='bbox 3092 716 3248 771; x_wconf 66' lang='lat' dir='ltr'><strong>aqua</strong></span> <span class='ocrx_word' id='word_1_140' title='bbox 3297 702 3492 756; x_wconf 80' lang='lat' dir='ltr'><strong>tinctus</strong></span> 
     </span>
    </p>
   </div>
   <div class='ocr_carea' id='block_1_22' title="bbox 1901 792 3491 865">
    <p class='ocr_par' dir='ltr' id='par_1_22' title="bbox 1901 792 3491 865">
     <span class='ocr_line' id='line_1_22' title="bbox 1901 792 3491 865; baseline -0.001 -13"><span class='ocrx_word' id='word_1_141' title='bbox 1901 811 2007 852; x_wconf 90' lang='lat' dir='ltr'><strong>non</strong></span> <span class='ocrx_word' id='word_1_142' title='bbox 2061 805 2261 856; x_wconf 85' lang='lat' dir='ltr'><strong>tantum</strong></span> <span class='ocrx_word' id='word_1_143' title='bbox 2310 805 2529 865; x_wconf 88' lang='lat' dir='ltr'><strong>peccata</strong></span> <span class='ocrx_word' id='word_1_144' title='bbox 2577 796 2796 864; x_wconf 87' lang='lat' dir='ltr'><strong>antiqua</strong></span> <span class='ocrx_word' id='word_1_145' title='bbox 2843 809 2950 850; x_wconf 89' lang='lat' dir='ltr'><strong>non</strong></span> <span class='ocrx_word' id='word_1_146' title='bbox 3004 793 3346 863; x_wconf 74' lang='lat' dir='ltr'><strong>exposuerit,</strong></span> <span class='ocrx_word' id='word_1_147' title='bbox 3394 792 3491 850; x_wconf 89' lang='lat' dir='ltr'><strong>sed</strong></span> 
     </span>
    </p>
   </div>
   <div class='ocr_carea' id='block_1_23' title="bbox 1902 886 3494 959">
    <p class='ocr_par' dir='ltr' id='par_1_23' title="bbox 1902 886 3494 959">
     <span class='ocr_line' id='line_1_23' title="bbox 1902 886 3494 959; baseline -0.003 -13"><span class='ocrx_word' id='word_1_148' title='bbox 1902 891 2077 948; x_wconf 88' lang='lat' dir='ltr'><strong>adhuc</strong></span> <span class='ocrx_word' id='word_1_149' title='bbox 2121 892 2295 959; x_wconf 80' lang='lat' dir='ltr'><strong>potius</strong></span> <span class='ocrx_word' id='word_1_150' title='bbox 2341 905 2478 944; x_wconf 83' lang='lat' dir='ltr'><strong>nova</strong></span> <span class='ocrx_word' id='word_1_151' title='bbox 2526 898 2580 945; x_wconf 88' lang='lat' dir='ltr'><strong>et</strong></span> <span class='ocrx_word' id='word_1_152' title='bbox 2629 889 2833 958; x_wconf 87' lang='lat' dir='ltr'><strong>majora</strong></span> <span class='ocrx_word' id='word_1_153' title='bbox 2861 888 3240 943; x_wconf 88' lang='lat' dir='ltr'><strong>eumuiaverit.</strong></span> <span class='ocrx_word' id='word_1_154' title='bbox 3277 905 3295 938; x_wconf 70' lang='grc' dir='ltr'><strong>ι</strong></span> <span class='ocrx_word' id='word_1_155' title='bbox 3330 886 3494 942; x_wconf 81' lang='lat' dir='ltr'><strong>Vides</strong></span> 
     </span>
    </p>
   </div>
   <div class='ocr_carea' id='block_1_24' title="bbox 1901 978 3491 1054">
    <p class='ocr_par' dir='ltr' id='par_1_24' title="bbox 1901 978 3491 1054">
     <span class='ocr_line' id='line_1_24' title="bbox 1901 978 3491 1054; baseline -0.001 -20"><span class='ocrx_word' id='word_1_156' title='bbox 1901 999 2148 1053; x_wconf 70' lang='lat' dir='ltr'><strong>quaenam</strong></span> <span class='ocrx_word' id='word_1_157' title='bbox 2170 983 2241 1038; x_wconf 83' lang='lat' dir='ltr'><strong>sit</strong></span> <span class='ocrx_word' id='word_1_158' title='bbox 2261 982 2418 1051; x_wconf 84' lang='lat' dir='ltr'><strong>juxta</strong></span> <span class='ocrx_word' id='word_1_159' title='bbox 2444 982 2771 1054; x_wconf 81' lang='lat' dir='ltr'><strong>Cyprianum</strong></span> <span class='ocrx_word' id='word_1_160' title='bbox 2803 981 2886 1034; x_wconf 91' lang='lat' dir='ltr'><strong>illa</strong></span> <span class='ocrx_word' id='word_1_161' title='bbox 2917 980 3170 1035; x_wconf 61' lang='lat' dir='ltr'><strong>Ecclesia</strong></span> <span class='ocrx_word' id='word_1_162' title='bbox 3195 978 3491 1034; x_wconf 80' lang='lat' dir='ltr'><strong>Catholicae</strong></span> 
     </span>
    </p>
   </div>
   <div class='ocr_carea' id='block_1_25' title="bbox 1906 1071 3495 1142">
    <p class='ocr_par' dir='ltr' id='par_1_25' title="bbox 1906 1071 3495 1142">
     <span class='ocr_line' id='line_1_25' title="bbox 1906 1071 3495 1142; baseline -0.003 -12"><span class='ocrx_word' id='word_1_163' title='bbox 1906 1075 2107 1142; x_wconf 79' lang='lat' dir='ltr'><strong>fideset</strong></span> <span class='ocrx_word' id='word_1_164' title='bbox 2132 1075 2330 1130; x_wconf 85' lang='lat' dir='ltr'><strong>veritas</strong></span> <span class='ocrx_word' id='word_1_165' title='bbox 2351 1075 2576 1132; x_wconf 83' lang='lat' dir='ltr'><strong>firmiter</strong></span> <span class='ocrx_word' id='word_1_166' title='bbox 2597 1072 2830 1132; x_wconf 79' lang='lat' dir='ltr'><strong>tenenda</strong></span> <span class='ocrx_word' id='word_1_167' title='bbox 2851 1084 2904 1126; x_wconf 90' lang='lat' dir='ltr'><strong>et</strong></span> <span class='ocrx_word' id='word_1_168' title='bbox 2921 1071 3188 1137; x_wconf 82' lang='lat' dir='ltr'><strong>docenda,</strong></span> <span class='ocrx_word' id='word_1_169' title='bbox 3215 1071 3495 1125; x_wconf 85' lang='lat' dir='ltr'><strong>haereticos</strong></span> 
     </span>
    </p>
   </div>
   <div class='ocr_carea' id='block_1_26' title="bbox 1904 1164 3492 1239">
    <p class='ocr_par' dir='ltr' id='par_1_26' title="bbox 1904 1164 3492 1239">
     <span class='ocr_line' id='line_1_26' title="bbox 1904 1164 3492 1239; baseline -0.004 -14"><span class='ocrx_word' id='word_1_170' title='bbox 1904 1171 2110 1228; x_wconf 77' lang='lat' dir='ltr'><strong>scilicet</strong></span> <span class='ocrx_word' id='word_1_171' title='bbox 2149 1179 2490 1239; x_wconf 81' lang='lat' dir='ltr'><strong>peccatorum</strong></span> <span class='ocrx_word' id='word_1_172' title='bbox 2539 1181 2760 1223; x_wconf 88' lang='lat' dir='ltr'><strong>suorum</strong></span> <span class='ocrx_word' id='word_1_173' title='bbox 2811 1166 3185 1220; x_wconf 78' lang='lat' dir='ltr'><strong>remissionem</strong></span> <span class='ocrx_word' id='word_1_174' title='bbox 3214 1164 3266 1218; x_wconf 92' lang='lat' dir='ltr'><strong>in</strong></span> <span class='ocrx_word' id='word_1_175' title='bbox 3299 1164 3492 1219; x_wconf 73' lang='lat' dir='ltr'><strong>haeresi</strong></span> 
     </span>
    </p>
   </div>
   <div class='ocr_carea' id='block_1_27' title="bbox 1906 1256 3494 1334">
    <p class='ocr_par' dir='ltr' id='par_1_27' title="bbox 1906 1256 3494 1334">
     <span class='ocr_line' id='line_1_27' title="bbox 1906 1256 3494 1334; baseline -0.007 -13"><span class='ocrx_word' id='word_1_176' title='bbox 1906 1265 2160 1334; x_wconf 81' lang='lat' dir='ltr'><strong>consequi</strong></span> <span class='ocrx_word' id='word_1_177' title='bbox 2189 1278 2292 1319; x_wconf 84' lang='lat' dir='ltr'><strong>non</strong></span> <span class='ocrx_word' id='word_1_178' title='bbox 2339 1277 2518 1332; x_wconf 85' lang='lat' dir='ltr'><strong>posse,</strong></span> <span class='ocrx_word' id='word_1_179' title='bbox 2570 1275 2669 1315; x_wconf 89' lang='lat' dir='ltr'><strong>nec</strong></span> <span class='ocrx_word' id='word_1_180' title='bbox 2715 1260 2822 1318; x_wconf 87' lang='lat' dir='ltr'><strong>illis</strong></span> <span class='ocrx_word' id='word_1_181' title='bbox 2851 1259 3123 1329; x_wconf 83' lang='lat' dir='ltr'><strong>Baptisma</strong></span> <span class='ocrx_word' id='word_1_182' title='bbox 3156 1256 3226 1312; x_wconf 89' lang='lat' dir='ltr'><strong>ad</strong></span> <span class='ocrx_word' id='word_1_183' title='bbox 3263 1257 3494 1314; x_wconf 86' lang='lat' dir='ltr'><strong>salutem</strong></span> 
     </span>
    </p>
   </div>
   <div class='ocr_carea' id='block_1_28' title="bbox 1908 1349 3498 1426">
    <p class='ocr_par' dir='ltr' id='par_1_28' title="bbox 1908 1349 3498 1426">
     <span class='ocr_line' id='line_1_28' title="bbox 1908 1349 3498 1426; baseline -0.006 -15"><span class='ocrx_word' id='word_1_184' title='bbox 1908 1355 2186 1426; x_wconf 75' lang='lat' dir='ltr'><strong>prodesse,</strong></span> <span class='ocrx_word' id='word_1_185' title='bbox 2207 1355 2352 1426; x_wconf 82' lang='lat' dir='ltr'><strong>quod</strong></span> <span class='ocrx_word' id='word_1_186' title='bbox 2385 1355 2564 1410; x_wconf 87' lang='lat' dir='ltr'><strong>nullus</strong></span> <span class='ocrx_word' id='word_1_187' title='bbox 2597 1354 2865 1408; x_wconf 84' lang='lat' dir='ltr'><strong>inficiatur</strong></span> <span class='ocrx_word' id='word_1_188' title='bbox 2886 1350 3218 1415; x_wconf 78' lang='lat' dir='ltr'><strong>Cathelicus,</strong></span> <span class='ocrx_word' id='word_1_189' title='bbox 3241 1349 3368 1405; x_wconf 85' lang='lat' dir='ltr'><strong>etin</strong></span> <span class='ocrx_word' id='word_1_190' title='bbox 3392 1363 3498 1420; x_wconf 91' lang='lat' dir='ltr'><strong>quo</strong></span> 
     </span>
    </p>
   </div>
   <div class='ocr_carea' id='block_1_29' title="bbox 1907 1443 3501 1514">
    <p class='ocr_par' dir='ltr' id='par_1_29' title="bbox 1907 1443 3501 1514">
     <span class='ocr_line' id='line_1_29' title="bbox 1907 1443 3501 1514; baseline -0.004 -10"><span class='ocrx_word' id='word_1_191' title='bbox 1907 1457 2057 1506; x_wconf 86' lang='lat' dir='ltr'><strong>certe</strong></span> <span class='ocrx_word' id='word_1_192' title='bbox 2077 1450 2176 1504; x_wconf 86' lang='lat' dir='ltr'><strong>sita</strong></span> <span class='ocrx_word' id='word_1_193' title='bbox 2201 1465 2308 1507; x_wconf 86' lang='lat' dir='ltr'><strong>non</strong></span> <span class='ocrx_word' id='word_1_194' title='bbox 2335 1459 2449 1506; x_wconf 88' lang='lat' dir='ltr'><strong>erat</strong></span> <span class='ocrx_word' id='word_1_195' title='bbox 2477 1463 2702 1505; x_wconf 86' lang='lat' dir='ltr'><strong>erronea</strong></span> <span class='ocrx_word' id='word_1_196' title='bbox 2725 1447 2793 1502; x_wconf 89' lang='lat' dir='ltr'><strong>de</strong></span> <span class='ocrx_word' id='word_1_197' title='bbox 2813 1443 3208 1514; x_wconf 76' lang='lat' dir='ltr'><strong>rebaptizandis</strong></span> <span class='ocrx_word' id='word_1_198' title='bbox 3234 1443 3501 1499; x_wconf 70' lang='lat' dir='ltr'><strong>haereticis</strong></span> 
     </span>
    </p>
   </div>
   <div class='ocr_carea' id='block_1_30' title="bbox 1905 1537 3501 1614">
    <p class='ocr_par' dir='ltr' id='par_1_30' title="bbox 1905 1537 3501 1614">
     <span class='ocr_line' id='line_1_30' title="bbox 1905 1537 3501 1614; baseline -0.004 -16"><span class='ocrx_word' id='word_1_199' title='bbox 1905 1543 2160 1614; x_wconf 75' lang='lat' dir='ltr'><strong>Cypriani</strong></span> <span class='ocrx_word' id='word_1_200' title='bbox 2205 1544 2503 1605; x_wconf 72' lang='lat' dir='ltr'><strong>sententia;</strong></span> <span class='ocrx_word' id='word_1_201' title='bbox 2535 1543 2766 1613; x_wconf 83' lang='lat' dir='ltr'><strong>pessime</strong></span> <span class='ocrx_word' id='word_1_202' title='bbox 2804 1556 2934 1611; x_wconf 82' lang='lat' dir='ltr'><strong>ergo</strong></span> <span class='ocrx_word' id='word_1_203' title='bbox 2976 1539 3045 1595; x_wconf 88' lang='lat' dir='ltr'><strong>de</strong></span> <span class='ocrx_word' id='word_1_204' title='bbox 3085 1537 3358 1610; x_wconf 88' lang='lat' dir='ltr'><strong>Cypriane</strong></span> <span class='ocrx_word' id='word_1_205' title='bbox 3387 1553 3501 1592; x_wconf 90' lang='lat' dir='ltr'><strong>me-</strong></span> 
     </span>
    </p>
   </div>
   <div class='ocr_carea' id='block_1_31' title="bbox 1909 1633 3503 1707">
    <p class='ocr_par' dir='ltr' id='par_1_31' title="bbox 1909 1633 3503 1707">
     <span class='ocr_line' id='line_1_31' title="bbox 1909 1633 3503 1707; baseline -0.003 -16"><span class='ocrx_word' id='word_1_206' title='bbox 1909 1647 2119 1701; x_wconf 78' lang='lat' dir='ltr'><strong>rentur,</strong></span> <span class='ocrx_word' id='word_1_207' title='bbox 2161 1637 2249 1707; x_wconf 89' lang='lat' dir='ltr'><strong>qui</strong></span> <span class='ocrx_word' id='word_1_208' title='bbox 2279 1637 2344 1692; x_wconf 87' lang='lat' dir='ltr'><strong>ad</strong></span> <span class='ocrx_word' id='word_1_209' title='bbox 2377 1639 2548 1707; x_wconf 86' lang='lat' dir='ltr'><strong>ipsius</strong></span> <span class='ocrx_word' id='word_1_210' title='bbox 2591 1651 2832 1692; x_wconf 87' lang='lat' dir='ltr'><strong>errorem</strong></span> <span class='ocrx_word' id='word_1_211' title='bbox 2865 1642 3142 1700; x_wconf 87' lang='lat' dir='ltr'><strong>revocant,</strong></span> <span class='ocrx_word' id='word_1_212' title='bbox 3192 1633 3334 1704; x_wconf 90' lang='lat' dir='ltr'><strong>quod</strong></span> <span class='ocrx_word' id='word_1_213' title='bbox 3386 1633 3503 1703; x_wconf 81' lang='lat' dir='ltr'><strong>ipse</strong></span> 
     </span>
    </p>
   </div>
   <div class='ocr_carea' id='block_1_32' title="bbox 1911 1720 3499 1786">
    <p class='ocr_par' dir='ltr' id='par_1_32' title="bbox 1911 1720 3499 1786">
     <span class='ocr_line' id='line_1_32' title="bbox 1911 1720 3499 1786; baseline 0.001 -3"><span class='ocrx_word' id='word_1_214' title='bbox 1911 1731 2015 1786; x_wconf 86' lang='lat' dir='ltr'><strong>fide</strong></span> <span class='ocrx_word' id='word_1_215' title='bbox 2046 1742 2252 1786; x_wconf 86' lang='lat' dir='ltr'><strong>certum</strong></span> <span class='ocrx_word' id='word_1_216' title='bbox 2285 1733 2479 1786; x_wconf 90' lang='lat' dir='ltr'><strong>merito</strong></span> <span class='ocrx_word' id='word_1_217' title='bbox 2506 1733 2658 1786; x_wconf 85' lang='lat' dir='ltr'><strong>dixit.</strong></span> <span class='ocrx_word' id='word_1_218' title='bbox 3494 1720 3499 1728; x_wconf 69' lang='grc'><strong>’</strong></span> 
     </span>
    </p>
   </div>
   <div class='ocr_carea' id='block_1_33' title="bbox 215 1819 3496 1894">
    <p class='ocr_par' dir='ltr' id='par_1_33' title="bbox 215 1819 3496 1894">
     <span class='ocr_line' id='line_1_33' title="bbox 215 1819 3496 1894; baseline -0.002 -15"><span class='ocrx_word' id='word_1_219' title='bbox 215 1825 266 1879; x_wconf 91' lang='lat' dir='ltr'><strong>in</strong></span> <span class='ocrx_word' id='word_1_220' title='bbox 296 1824 618 1880; x_wconf 88' lang='lat' dir='ltr'><strong>necessariis</strong></span> <span class='ocrx_word' id='word_1_221' title='bbox 647 1823 898 1877; x_wconf 89' lang='lat' dir='ltr'><strong>tutiorem</strong></span> <span class='ocrx_word' id='word_1_222' title='bbox 928 1831 1135 1893; x_wconf 84' lang='lat' dir='ltr'><strong>partem</strong></span> <span class='ocrx_word' id='word_1_223' title='bbox 1166 1820 1467 1890; x_wconf 78' lang='lat' dir='ltr'><strong>eligendam</strong></span> <span class='ocrx_word' id='word_1_224' title='bbox 1489 1819 1644 1876; x_wconf 78' lang='lat' dir='ltr'><strong>esse?</strong></span> <span class='ocrx_word' id='word_1_225' title='bbox 1675 1820 1806 1876; x_wconf 87' lang='lat' dir='ltr'><strong>Pro-</strong></span> <span class='ocrx_word' id='word_1_226' title='bbox 1833 1825 1882 1892; x_wconf 79' lang='grc' dir='ltr'><strong>Β</strong></span> <span class='ocrx_word' id='word_1_227' title='bbox 1977 1821 2152 1891; x_wconf 86' lang='lat' dir='ltr'><strong>Objic.</strong></span> <span class='ocrx_word' id='word_1_228' title='bbox 2177 1840 2248 1879; x_wconf 81' lang='lat' dir='ltr'><strong>vi.</strong></span> <span class='ocrx_word' id='word_1_229' title='bbox 2273 1823 2524 1894; x_wconf 79' lang='lat' dir='ltr'><strong>Cypriani</strong></span> <span class='ocrx_word' id='word_1_230' title='bbox 2543 1822 2840 1892; x_wconf 81' lang='lat' dir='ltr'><strong>Epistulam</strong></span> <span class='ocrx_word' id='word_1_231' title='bbox 2859 1822 2925 1875; x_wconf 82' lang='lat' dir='ltr'><strong>ad</strong></span> <span class='ocrx_word' id='word_1_232' title='bbox 2956 1821 3279 1889; x_wconf 80' lang='lat' dir='ltr'><strong>Pompeium,</strong></span> <span class='ocrx_word' id='word_1_233' title='bbox 3305 1835 3368 1874; x_wconf 77' lang='lat' dir='ltr'><strong>ex</strong></span> <span class='ocrx_word' id='word_1_234' title='bbox 3393 1834 3496 1890; x_wconf 91' lang='lat' dir='ltr'><strong>qua</strong></span> 
     </span>
    </p>
   </div>
   <div class='ocr_carea' id='block_1_34' title="bbox 214 1913 1808 1987">
    <p class='ocr_par' dir='ltr' id='par_1_34' title="bbox 214 1913 1808 1987">
     <span class='ocr_line' id='line_1_34' title="bbox 214 1913 1808 1987; baseline -0.002 -16"><span class='ocrx_word' id='word_1_235' title='bbox 214 1915 406 1971; x_wconf 84' lang='lat' dir='ltr'><strong>habilia</strong></span> <span class='ocrx_word' id='word_1_236' title='bbox 439 1929 591 1984; x_wconf 83' lang='lat' dir='ltr'><strong>ergo,</strong></span> <span class='ocrx_word' id='word_1_237' title='bbox 625 1930 732 1969; x_wconf 90' lang='lat' dir='ltr'><strong>non</strong></span> <span class='ocrx_word' id='word_1_238' title='bbox 761 1923 910 1969; x_wconf 86' lang='lat' dir='ltr'><strong>certa</strong></span> <span class='ocrx_word' id='word_1_239' title='bbox 937 1914 1214 1987; x_wconf 89' lang='lat' dir='ltr'><strong>Cypriane</strong></span> <span class='ocrx_word' id='word_1_240' title='bbox 1242 1913 1343 1983; x_wconf 85' lang='lat' dir='ltr'><strong>ipsi</strong></span> <span class='ocrx_word' id='word_1_241' title='bbox 1372 1915 1482 1968; x_wconf 82' lang='lat' dir='ltr'><strong>visa</strong></span> <span class='ocrx_word' id='word_1_242' title='bbox 1512 1920 1656 1978; x_wconf 87' lang='lat' dir='ltr'><strong>sunt,</strong></span> <span class='ocrx_word' id='word_1_243' title='bbox 1687 1927 1808 1982; x_wconf 65' lang='lat' dir='ltr'><strong>quae</strong></span> 
     </span>
    </p>
   </div>
   <div class='ocr_carea' id='block_1_35' title="bbox 215 2005 1804 2080">
    <p class='ocr_par' dir='ltr' id='par_1_35' title="bbox 215 2005 1804 2080">
     <span class='ocr_line' id='line_1_35' title="bbox 215 2005 1804 2080; baseline -0.002 -17"><span class='ocrx_word' id='word_1_244' title='bbox 215 2023 278 2063; x_wconf 82' lang='lat' dir='ltr'><strong>ex</strong></span> <span class='ocrx_word' id='word_1_245' title='bbox 307 2007 602 2080; x_wconf 86' lang='lat' dir='ltr'><strong>Scripturis</strong></span> <span class='ocrx_word' id='word_1_246' title='bbox 629 2007 697 2062; x_wconf 83' lang='lat' dir='ltr'><strong>ad</strong></span> <span class='ocrx_word' id='word_1_247' title='bbox 723 2023 874 2062; x_wconf 83' lang='lat' dir='ltr'><strong>suam</strong></span> <span class='ocrx_word' id='word_1_248' title='bbox 907 2008 1232 2070; x_wconf 80' lang='lat' dir='ltr'><strong>sententiam</strong></span> <span class='ocrx_word' id='word_1_249' title='bbox 1255 2017 1309 2060; x_wconf 88' lang='lat' dir='ltr'><strong>et</strong></span> <span class='ocrx_word' id='word_1_250' title='bbox 1332 2007 1540 2076; x_wconf 77' lang='lat' dir='ltr'><strong>praxim</strong></span> <span class='ocrx_word' id='word_1_251' title='bbox 1581 2005 1804 2062; x_wconf 82' lang='lat' dir='ltr'><strong>firman-</strong></span> 
     </span>
    </p>
   </div>
   <div class='ocr_carea' id='block_1_36' title="bbox 215 2100 1806 2172">
    <p class='ocr_par' dir='ltr' id='par_1_36' title="bbox 215 2100 1806 2172">
     <span class='ocr_line' id='line_1_36' title="bbox 215 2100 1806 2172; baseline -0.003 -16"><span class='ocrx_word' id='word_1_252' title='bbox 215 2102 335 2156; x_wconf 90' lang='lat' dir='ltr'><strong>dam</strong></span> <span class='ocrx_word' id='word_1_253' title='bbox 359 2100 708 2170; x_wconf 87' lang='lat' dir='ltr'><strong>depremebat</strong></span> <span class='ocrx_word' id='word_1_254' title='bbox 729 2110 1078 2172; x_wconf 82' lang='lat' dir='ltr'><strong>argumenta;</strong></span> <span class='ocrx_word' id='word_1_255' title='bbox 1108 2100 1248 2156; x_wconf 90' lang='lat' dir='ltr'><strong>unde</strong></span> <span class='ocrx_word' id='word_1_256' title='bbox 1267 2110 1456 2155; x_wconf 90' lang='lat' dir='ltr'><strong>contra</strong></span> <span class='ocrx_word' id='word_1_257' title='bbox 1479 2101 1806 2170; x_wconf 84' lang='lat' dir='ltr'><strong>propositam</strong></span> 
     </span>
    </p>
   </div>
   <div class='ocr_carea' id='block_1_37' title="bbox 216 2193 1812 2265">
    <p class='ocr_par' dir='ltr' id='par_1_37' title="bbox 216 2193 1812 2265">
     <span class='ocr_line' id='line_1_37' title="bbox 216 2193 1812 2265; baseline -0.001 -15"><span class='ocrx_word' id='word_1_258' title='bbox 216 2194 568 2264; x_wconf 90' lang='lat' dir='ltr'><strong>ebjectionem</strong></span> <span class='ocrx_word' id='word_1_259' title='bbox 593 2194 862 2248; x_wconf 87' lang='lat' dir='ltr'><strong>concludo</strong></span> <span class='ocrx_word' id='word_1_260' title='bbox 890 2195 948 2248; x_wconf 92' lang='lat' dir='ltr'><strong>S.</strong></span> <span class='ocrx_word' id='word_1_261' title='bbox 974 2194 1300 2265; x_wconf 75' lang='lat' dir='ltr'><strong>Cyprianum</strong></span> <span class='ocrx_word' id='word_1_262' title='bbox 1325 2193 1392 2248; x_wconf 91' lang='lat' dir='ltr'><strong>ad</strong></span> <span class='ocrx_word' id='word_1_263' title='bbox 1409 2193 1565 2254; x_wconf 85' lang='lat' dir='ltr'><strong>fidem</strong></span> <span class='ocrx_word' id='word_1_264' title='bbox 1591 2194 1812 2250; x_wconf 84' lang='lat' dir='ltr'><strong>minime</strong></span> 
     </span>
    </p>
   </div>
   <div class='ocr_carea' id='block_1_38' title="bbox 216 2287 1808 2361">
    <p class='ocr_par' dir='ltr' id='par_1_38' title="bbox 216 2287 1808 2361">
     <span class='ocr_line' id='line_1_38' title="bbox 216 2287 1808 2361; baseline -0.003 -17"><span class='ocrx_word' id='word_1_265' title='bbox 216 2304 500 2346; x_wconf 81' lang='lat' dir='ltr'><strong>revocasse</strong></span> <span class='ocrx_word' id='word_1_266' title='bbox 541 2288 684 2361; x_wconf 91' lang='lat' dir='ltr'><strong>quod</strong></span> <span class='ocrx_word' id='word_1_267' title='bbox 737 2289 792 2343; x_wconf 91' lang='lat' dir='ltr'><strong>in</strong></span> <span class='ocrx_word' id='word_1_268' title='bbox 836 2288 1134 2356; x_wconf 80' lang='lat' dir='ltr'><strong>Scripturis</strong></span> <span class='ocrx_word' id='word_1_269' title='bbox 1180 2288 1344 2342; x_wconf 84' lang='lat' dir='ltr'><strong>variis</strong></span> <span class='ocrx_word' id='word_1_270' title='bbox 1393 2287 1685 2348; x_wconf 72' lang='lat' dir='ltr'><strong>ratiociniis</strong></span> <span class='ocrx_word' id='word_1_271' title='bbox 1731 2288 1808 2340; x_wconf 88' lang='lat' dir='ltr'><strong>in-</strong></span> 
     </span>
    </p>
   </div>
   <div class='ocr_carea' id='block_1_39' title="bbox 219 2380 1814 2454">
    <p class='ocr_par' dir='ltr' id='par_1_39' title="bbox 219 2380 1814 2454">
     <span class='ocr_line' id='line_1_39' title="bbox 219 2380 1814 2454; baseline -0.001 -16"><span class='ocrx_word' id='word_1_272' title='bbox 219 2384 344 2438; x_wconf 87' lang='lat' dir='ltr'><strong>ferri</strong></span> <span class='ocrx_word' id='word_1_273' title='bbox 400 2397 595 2454; x_wconf 89' lang='lat' dir='ltr'><strong>posse,</strong></span> <span class='ocrx_word' id='word_1_274' title='bbox 646 2397 749 2438; x_wconf 89' lang='lat' dir='ltr'><strong>nec</strong></span> <span class='ocrx_word' id='word_1_275' title='bbox 801 2380 1020 2452; x_wconf 78' lang='lat' dir='ltr'><strong>quidem</strong></span> <span class='ocrx_word' id='word_1_276' title='bbox 1061 2393 1215 2438; x_wconf 90' lang='lat' dir='ltr'><strong>certe</strong></span> <span class='ocrx_word' id='word_1_277' title='bbox 1261 2388 1316 2436; x_wconf 89' lang='lat' dir='ltr'><strong>et</strong></span> <span class='ocrx_word' id='word_1_278' title='bbox 1363 2380 1675 2449; x_wconf 74' lang='lat' dir='ltr'><strong>necessarie</strong></span> <span class='ocrx_word' id='word_1_279' title='bbox 1717 2395 1814 2450; x_wconf 88' lang='lat' dir='ltr'><strong>pu-</strong></span> 
     </span>
    </p>
   </div>
   <div class='ocr_carea' id='block_1_40' title="bbox 219 2477 385 2532">
    <p class='ocr_par' dir='ltr' id='par_1_40' title="bbox 219 2477 385 2532">
     <span class='ocr_line' id='line_1_40' title="bbox 219 2477 385 2532; baseline -0.024 0"><span class='ocrx_word' id='word_1_280' title='bbox 219 2477 385 2532; x_wconf 85' lang='lat' dir='ltr'><strong>tabat.</strong></span> 
     </span>
    </p>
   </div>
   <div class='ocr_carea' id='block_1_41' title="bbox 289 2566 1814 2643">
    <p class='ocr_par' dir='ltr' id='par_1_41' title="bbox 289 2566 1814 2643">
     <span class='ocr_line' id='line_1_41' title="bbox 289 2566 1814 2643; baseline 0 -20"><span class='ocrx_word' id='word_1_281' title='bbox 289 2567 467 2637; x_wconf 87' lang='lat' dir='ltr'><strong>Objic.</strong></span> <span class='ocrx_word' id='word_1_282' title='bbox 502 2583 555 2622; x_wconf 88' lang='lat' dir='ltr'><strong>v.</strong></span> <span class='ocrx_word' id='word_1_283' title='bbox 606 2567 661 2623; x_wconf 88' lang='lat' dir='ltr'><strong>S.</strong></span> <span class='ocrx_word' id='word_1_284' title='bbox 726 2566 1029 2643; x_wconf 85' lang='lat' dir='ltr'><strong>Cyprianus</strong></span> <span class='ocrx_word' id='word_1_285' title='bbox 1061 2583 1213 2623; x_wconf 88' lang='lat' dir='ltr'><strong>suam</strong></span> <span class='ocrx_word' id='word_1_286' title='bbox 1243 2568 1311 2624; x_wconf 90' lang='lat' dir='ltr'><strong>de</strong></span> <span class='ocrx_word' id='word_1_287' title='bbox 1341 2566 1610 2624; x_wconf 82' lang='lat' dir='ltr'><strong>haereticis</strong></span> <span class='ocrx_word' id='word_1_288' title='bbox 1651 2569 1814 2624; x_wconf 89' lang='lat' dir='ltr'><strong>reba-</strong></span> 
     </span>
    </p>
   </div>
   <div class='ocr_carea' id='block_1_42' title="bbox 222 2662 1813 2733">
    <p class='ocr_par' dir='ltr' id='par_1_42' title="bbox 222 2662 1813 2733">
     <span class='ocr_line' id='line_1_42' title="bbox 222 2662 1813 2733; baseline 0.002 -18"><span class='ocrx_word' id='word_1_289' title='bbox 222 2662 481 2733; x_wconf 84' lang='lat' dir='ltr'><strong>ptizandis</strong></span> <span class='ocrx_word' id='word_1_290' title='bbox 508 2664 832 2720; x_wconf 87' lang='lat' dir='ltr'><strong>sententiam</strong></span> <span class='ocrx_word' id='word_1_291' title='bbox 862 2673 1020 2719; x_wconf 89' lang='lat' dir='ltr'><strong>vocat</strong></span> <span class='ocrx_word' id='word_1_292' title='bbox 1047 2664 1304 2719; x_wconf 65' lang='lat' dir='ltr'><strong>Ecclesiae</strong></span> <span class='ocrx_word' id='word_1_293' title='bbox 1333 2663 1621 2718; x_wconf 61' lang='lat' dir='ltr'><strong>Catholica:</strong></span> <span class='ocrx_word' id='word_1_294' title='bbox 1655 2664 1813 2719; x_wconf 87' lang='lat' dir='ltr'><strong>fidem</strong></span> 
     </span>
    </p>
   </div>
   <div class='ocr_carea' id='block_1_43' title="bbox 219 2756 1812 2828">
    <p class='ocr_par' dir='ltr' id='par_1_43' title="bbox 219 2756 1812 2828">
     <span class='ocr_line' id='line_1_43' title="bbox 219 2756 1812 2828; baseline 0.001 -20"><span class='ocrx_word' id='word_1_295' title='bbox 219 2771 279 2810; x_wconf 89' lang='lat' dir='ltr'><strong>ac</strong></span> <span class='ocrx_word' id='word_1_296' title='bbox 305 2757 586 2812; x_wconf 87' lang='lat' dir='ltr'><strong>veritatem</strong></span> <span class='ocrx_word' id='word_1_297' title='bbox 612 2772 627 2809; x_wconf 93' lang='lat'><strong>:</strong></span> <span class='ocrx_word' id='word_1_298' title='bbox 659 2776 678 2808; x_wconf 83' lang='grc'><em>‹</em></span> <span class='ocrx_word' id='word_1_299' title='bbox 704 2758 902 2825; x_wconf 86' lang='lat' dir='ltr'><strong>Quare.</strong></span> <span class='ocrx_word' id='word_1_300' title='bbox 941 2778 960 2810; x_wconf 74' lang='grc' dir='ltr'><strong>ι</strong></span> <span class='ocrx_word' id='word_1_301' title='bbox 991 2759 1165 2828; x_wconf 89' lang='lat' dir='ltr'><strong>inquit</strong></span> <span class='ocrx_word' id='word_1_302' title='bbox 1191 2759 1244 2812; x_wconf 90' lang='lat' dir='ltr'><strong>in</strong></span> <span class='ocrx_word' id='word_1_303' title='bbox 1273 2757 1447 2826; x_wconf 86' lang='lat' dir='ltr'><strong>Epist.</strong></span> <span class='ocrx_word' id='word_1_304' title='bbox 1478 2759 1544 2810; x_wconf 86' lang='lat' dir='ltr'><strong>ad</strong></span> <span class='ocrx_word' id='word_1_305' title='bbox 1568 2756 1812 2812; x_wconf 84' lang='lat' dir='ltr'><strong>Jubaian.</strong></span> 
     </span>
    </p>
   </div>
   <div class='ocr_carea' id='block_1_44' title="bbox 224 2847 1817 2912">
    <p class='ocr_par' dir='ltr' id='par_1_44' title="bbox 224 2847 1817 2912">
     <span class='ocr_line' id='line_1_44' title="bbox 224 2847 1817 2912; baseline 0.001 -12"><span class='ocrx_word' id='word_1_306' title='bbox 224 2866 243 2900; x_wconf 76' lang='grc' dir='ltr'>ί</span> <span class='ocrx_word' id='word_1_307' title='bbox 282 2847 538 2904; x_wconf 69' lang='lat' dir='ltr'><strong>Ecclesia:</strong></span> <span class='ocrx_word' id='word_1_308' title='bbox 565 2849 856 2906; x_wconf 69' lang='lat' dir='ltr'><strong>Catholicae</strong></span> <span class='ocrx_word' id='word_1_309' title='bbox 887 2851 1047 2904; x_wconf 86' lang='lat' dir='ltr'><strong>fidem</strong></span> <span class='ocrx_word' id='word_1_310' title='bbox 1074 2865 1137 2904; x_wconf 87' lang='lat' dir='ltr'><strong>ac</strong></span> <span class='ocrx_word' id='word_1_311' title='bbox 1165 2851 1471 2912; x_wconf 83' lang='lat' dir='ltr'><strong>veritatem.</strong></span> <span class='ocrx_word' id='word_1_312' title='bbox 1497 2851 1662 2905; x_wconf 84' lang='lat' dir='ltr'><strong>frater</strong></span> <span class='ocrx_word' id='word_1_313' title='bbox 1688 2850 1817 2906; x_wconf 87' lang='lat' dir='ltr'><strong>cha-</strong></span> 
     </span>
    </p>
   </div>
   <div class='ocr_carea' id='block_1_45' title="bbox 217 2941 1818 3013">
    <p class='ocr_par' dir='ltr' id='par_1_45' title="bbox 217 2941 1818 3013">
     <span class='ocr_line' id='line_1_45' title="bbox 217 2941 1818 3013; baseline 0.001 -17"><span class='ocrx_word' id='word_1_314' title='bbox 217 2941 451 3008; x_wconf 90' lang='lat' dir='ltr'><strong>rissime,</strong></span> <span class='ocrx_word' id='word_1_315' title='bbox 475 2954 529 2997; x_wconf 91' lang='lat' dir='ltr'><strong>et</strong></span> <span class='ocrx_word' id='word_1_316' title='bbox 551 2953 736 2998; x_wconf 88' lang='lat' dir='ltr'><strong>tenere</strong></span> <span class='ocrx_word' id='word_1_317' title='bbox 762 2943 1024 2998; x_wconf 89' lang='lat' dir='ltr'><strong>debemus</strong></span> <span class='ocrx_word' id='word_1_318' title='bbox 1053 2943 1279 2997; x_wconf 86' lang='lat' dir='ltr'><strong>firmiter</strong></span> <span class='ocrx_word' id='word_1_319' title='bbox 1312 2952 1367 2998; x_wconf 92' lang='lat' dir='ltr'><strong>et</strong></span> <span class='ocrx_word' id='word_1_320' title='bbox 1393 2942 1611 3008; x_wconf 89' lang='lat' dir='ltr'><strong>docere,</strong></span> <span class='ocrx_word' id='word_1_321' title='bbox 1640 2954 1694 2998; x_wconf 90' lang='lat' dir='ltr'><strong>et</strong></span> <span class='ocrx_word' id='word_1_322' title='bbox 1723 2959 1818 3013; x_wconf 88' lang='lat' dir='ltr'><strong>per</strong></span> 
     </span>
    </p>
   </div>
   <div class='ocr_carea' id='block_1_46' title="bbox 217 3034 1816 3108">
    <p class='ocr_par' dir='ltr' id='par_1_46' title="bbox 217 3034 1816 3108">
     <span class='ocr_line' id='line_1_46' title="bbox 217 3034 1816 3108; baseline 0.002 -20"><span class='ocrx_word' id='word_1_323' title='bbox 217 3035 395 3090; x_wconf 90' lang='lat' dir='ltr'><strong>omnia</strong></span> <span class='ocrx_word' id='word_1_324' title='bbox 440 3034 763 3104; x_wconf 88' lang='lat' dir='ltr'><strong>Evangelica</strong></span> <span class='ocrx_word' id='word_1_325' title='bbox 795 3043 850 3088; x_wconf 88' lang='lat' dir='ltr'><strong>et</strong></span> <span class='ocrx_word' id='word_1_326' title='bbox 879 3035 1188 3104; x_wconf 84' lang='lat' dir='ltr'><strong>Apestelica</strong></span> <span class='ocrx_word' id='word_1_327' title='bbox 1240 3047 1510 3108; x_wconf 63' lang='lat' dir='ltr'><strong>praecepta</strong></span> <span class='ocrx_word' id='word_1_328' title='bbox 1552 3037 1816 3092; x_wconf 88' lang='lat' dir='ltr'><strong>rationem</strong></span> 
     </span>
    </p>
   </div>
   <div class='ocr_carea' id='block_1_47' title="bbox 221 3127 1820 3200">
    <p class='ocr_par' dir='ltr' id='par_1_47' title="bbox 221 3127 1820 3200">
     <span class='ocr_line' id='line_1_47' title="bbox 221 3127 1820 3200; baseline 0.003 -20"><span class='ocrx_word' id='word_1_329' title='bbox 221 3127 417 3182; x_wconf 68' lang='lat' dir='ltr'><strong>divinae</strong></span> <span class='ocrx_word' id='word_1_330' title='bbox 435 3127 860 3196; x_wconf 89' lang='lat' dir='ltr'><strong>dispensationis</strong></span> <span class='ocrx_word' id='word_1_331' title='bbox 874 3137 1035 3196; x_wconf 82' lang='lat' dir='ltr'><strong>atque</strong></span> <span class='ocrx_word' id='word_1_332' title='bbox 1059 3129 1278 3184; x_wconf 90' lang='lat' dir='ltr'><strong>unitatis</strong></span> <span class='ocrx_word' id='word_1_333' title='bbox 1302 3129 1606 3185; x_wconf 86' lang='lat' dir='ltr'><strong>ostendere.</strong></span> <span class='ocrx_word' id='word_1_334' title='bbox 1635 3149 1654 3182; x_wconf 75' lang='grc' dir='ltr'><strong>ι</strong></span> <span class='ocrx_word' id='word_1_335' title='bbox 1677 3129 1820 3200; x_wconf 79' lang='lat' dir='ltr'><strong>Ergo</strong></span> 
     </span>
    </p>
   </div>
   <div class='ocr_carea' id='block_1_48' title="bbox 219 3219 1328 3291">
    <p class='ocr_par' dir='ltr' id='par_1_48' title="bbox 219 3219 1328 3291">
     <span class='ocr_line' id='line_1_48' title="bbox 219 3219 1328 3291; baseline 0 -17"><span class='ocrx_word' id='word_1_336' title='bbox 219 3234 337 3274; x_wconf 87' lang='lat' dir='ltr'><strong>eam</strong></span> <span class='ocrx_word' id='word_1_337' title='bbox 371 3235 534 3275; x_wconf 85' lang='lat' dir='ltr'><strong>merae</strong></span> <span class='ocrx_word' id='word_1_338' title='bbox 567 3219 866 3289; x_wconf 71' lang='lat' dir='ltr'><strong>disciplinae</strong></span> <span class='ocrx_word' id='word_1_339' title='bbox 889 3235 997 3276; x_wconf 87' lang='lat' dir='ltr'><strong>non</strong></span> <span class='ocrx_word' id='word_1_340' title='bbox 1023 3220 1328 3291; x_wconf 80' lang='lat' dir='ltr'><strong>adscripsit.</strong></span> 
     </span>
    </p>
   </div>
   <div class='ocr_carea' id='block_1_49' title="bbox 291 3334 1810 3407">
    <p class='ocr_par' dir='ltr' id='par_1_49' title="bbox 291 3334 1810 3407">
     <span class='ocr_line' id='line_1_49' title="bbox 291 3334 1810 3407; baseline 0.002 -19"><span class='ocrx_word' id='word_1_341' title='bbox 291 3335 456 3405; x_wconf 81' lang='lat' dir='ltr'><strong>Resp.</strong></span> <span class='ocrx_word' id='word_1_342' title='bbox 497 3334 645 3404; x_wconf 83' lang='lat' dir='ltr'><strong>Nego</strong></span> <span class='ocrx_word' id='word_1_343' title='bbox 673 3335 1004 3392; x_wconf 89' lang='lat' dir='ltr'><strong>antecedens</strong></span> <span class='ocrx_word' id='word_1_344' title='bbox 1032 3353 1045 3390; x_wconf 91' lang='lat'>:</span> <span class='ocrx_word' id='word_1_345' title='bbox 1070 3335 1162 3404; x_wconf 90' lang='lat' dir='ltr'><strong>qui</strong></span> <span class='ocrx_word' id='word_1_346' title='bbox 1191 3336 1332 3390; x_wconf 90' lang='lat' dir='ltr'><strong>enim</strong></span> <span class='ocrx_word' id='word_1_347' title='bbox 1365 3335 1524 3390; x_wconf 85' lang='lat' dir='ltr'><strong>citata</strong></span> <span class='ocrx_word' id='word_1_348' title='bbox 1555 3335 1810 3407; x_wconf 87' lang='lat' dir='ltr'><strong>Cypriani</strong></span> 
     </span>
    </p>
   </div>
   <div class='ocr_carea' id='block_1_50' title="bbox 215 3427 1809 3497">
    <p class='ocr_par' dir='ltr' id='par_1_50' title="bbox 215 3427 1809 3497">
     <span class='ocr_line' id='line_1_50' title="bbox 215 3427 1809 3497; baseline 0 -15"><span class='ocrx_word' id='word_1_349' title='bbox 215 3428 378 3483; x_wconf 89' lang='lat' dir='ltr'><strong>verba</strong></span> <span class='ocrx_word' id='word_1_350' title='bbox 406 3427 472 3482; x_wconf 90' lang='lat' dir='ltr'><strong>ad</strong></span> <span class='ocrx_word' id='word_1_351' title='bbox 501 3428 666 3496; x_wconf 90' lang='lat' dir='ltr'><strong>ipsius</strong></span> <span class='ocrx_word' id='word_1_352' title='bbox 690 3428 758 3482; x_wconf 92' lang='lat' dir='ltr'><strong>de</strong></span> <span class='ocrx_word' id='word_1_353' title='bbox 785 3427 1184 3497; x_wconf 77' lang='lat' dir='ltr'><strong>rebaptizandis</strong></span> <span class='ocrx_word' id='word_1_354' title='bbox 1204 3428 1467 3483; x_wconf 73' lang='lat' dir='ltr'><strong>haereticis</strong></span> <span class='ocrx_word' id='word_1_355' title='bbox 1491 3429 1809 3484; x_wconf 87' lang='lat' dir='ltr'><strong>sententiam</strong></span> 
     </span>
    </p>
   </div>
   <div class='ocr_carea' id='block_1_51' title="bbox 216 3520 1812 3591">
    <p class='ocr_par' dir='ltr' id='par_1_51' title="bbox 216 3520 1812 3591">
     <span class='ocr_line' id='line_1_51' title="bbox 216 3520 1812 3591; baseline 0.001 -16"><span class='ocrx_word' id='word_1_356' title='bbox 216 3521 473 3585; x_wconf 85' lang='lat' dir='ltr'><strong>referunt,</strong></span> <span class='ocrx_word' id='word_1_357' title='bbox 513 3521 597 3576; x_wconf 92' lang='lat' dir='ltr'><strong>vel</strong></span> <span class='ocrx_word' id='word_1_358' title='bbox 625 3521 878 3591; x_wconf 86' lang='lat' dir='ltr'><strong>Cypriani</strong></span> <span class='ocrx_word' id='word_1_359' title='bbox 931 3520 1128 3588; x_wconf 91' lang='lat' dir='ltr'><strong>scripta</strong></span> <span class='ocrx_word' id='word_1_360' title='bbox 1170 3535 1431 3591; x_wconf 90' lang='lat' dir='ltr'><strong>nusquam</strong></span> <span class='ocrx_word' id='word_1_361' title='bbox 1462 3520 1710 3591; x_wconf 83' lang='lat' dir='ltr'><strong>legerunt</strong></span> <span class='ocrx_word' id='word_1_362' title='bbox 1743 3521 1812 3576; x_wconf 86' lang='lat' dir='ltr'><strong>ab</strong></span> 
     </span>
    </p>
   </div>
   <div class='ocr_carea' id='block_1_52' title="bbox 220 3612 1809 3679">
    <p class='ocr_par' dir='ltr' id='par_1_52' title="bbox 220 3612 1809 3679">
     <span class='ocr_line' id='line_1_52' title="bbox 220 3612 1809 3679; baseline 0.001 -13"><span class='ocrx_word' id='word_1_363' title='bbox 220 3628 326 3668; x_wconf 92' lang='lat' dir='ltr'><strong>uno</strong></span> <span class='ocrx_word' id='word_1_364' title='bbox 354 3614 438 3668; x_wconf 93' lang='lat' dir='ltr'><strong>vel</strong></span> <span class='ocrx_word' id='word_1_365' title='bbox 466 3613 642 3668; x_wconf 89' lang='lat' dir='ltr'><strong>altero</strong></span> <span class='ocrx_word' id='word_1_366' title='bbox 672 3621 895 3667; x_wconf 87' lang='lat' dir='ltr'><strong>auctore</strong></span> <span class='ocrx_word' id='word_1_367' title='bbox 925 3626 988 3666; x_wconf 88' lang='lat' dir='ltr'><strong>ea</strong></span> <span class='ocrx_word' id='word_1_368' title='bbox 1020 3612 1372 3679; x_wconf 72' lang='lat' dir='ltr'><strong>erscripsisse</strong></span> <span class='ocrx_word' id='word_1_369' title='bbox 1411 3614 1676 3677; x_wconf 89' lang='lat' dir='ltr'><strong>contenti,</strong></span> <span class='ocrx_word' id='word_1_370' title='bbox 1723 3615 1809 3670; x_wconf 95' lang='lat' dir='ltr'><strong>vel</strong></span> 
     </span>
    </p>
   </div>
   <div class='ocr_carea' id='block_1_53' title="bbox 215 3705 1810 3776">
    <p class='ocr_par' dir='ltr' id='par_1_53' title="bbox 215 3705 1810 3776">
     <span class='ocr_line' id='line_1_53' title="bbox 215 3705 1810 3776; baseline 0 -14"><span class='ocrx_word' id='word_1_371' title='bbox 215 3707 451 3762; x_wconf 88' lang='lat' dir='ltr'><strong>credulis</strong></span> <span class='ocrx_word' id='word_1_372' title='bbox 497 3708 778 3776; x_wconf 88' lang='lat' dir='ltr'><strong>imponere</strong></span> <span class='ocrx_word' id='word_1_373' title='bbox 807 3707 996 3760; x_wconf 90' lang='lat' dir='ltr'><strong>velunt</strong></span> <span class='ocrx_word' id='word_1_374' title='bbox 1027 3721 1040 3757; x_wconf 90' lang='lat'><strong>:</strong></span> <span class='ocrx_word' id='word_1_375' title='bbox 1075 3720 1142 3759; x_wconf 89' lang='lat' dir='ltr'><strong>en</strong></span> <span class='ocrx_word' id='word_1_376' title='bbox 1187 3705 1442 3775; x_wconf 85' lang='lat' dir='ltr'><strong>Cypriani</strong></span> <span class='ocrx_word' id='word_1_377' title='bbox 1470 3714 1646 3761; x_wconf 80' lang='lat' dir='ltr'><strong>textus</strong></span> <span class='ocrx_word' id='word_1_378' title='bbox 1670 3708 1810 3763; x_wconf 82' lang='lat' dir='ltr'><strong>inle-</strong></span> 
     </span>
    </p>
   </div>
   <div class='ocr_carea' id='block_1_54' title="bbox 215 3798 1813 3872">
    <p class='ocr_par' dir='ltr' id='par_1_54' title="bbox 215 3798 1813 3872">
     <span class='ocr_line' id='line_1_54' title="bbox 215 3798 1813 3872; baseline 0 -18"><span class='ocrx_word' id='word_1_379' title='bbox 215 3815 334 3872; x_wconf 85' lang='lat' dir='ltr'><strong>ger,</strong></span> <span class='ocrx_word' id='word_1_380' title='bbox 372 3798 609 3868; x_wconf 83' lang='lat' dir='ltr'><strong>prolixus</strong></span> <span class='ocrx_word' id='word_1_381' title='bbox 640 3798 883 3869; x_wconf 89' lang='lat' dir='ltr'><strong>quidem,</strong></span> <span class='ocrx_word' id='word_1_382' title='bbox 913 3806 968 3852; x_wconf 90' lang='lat' dir='ltr'><strong>at</strong></span> <span class='ocrx_word' id='word_1_383' title='bbox 991 3799 1272 3851; x_wconf 86' lang='lat' dir='ltr'><strong>veritatem</strong></span> <span class='ocrx_word' id='word_1_384' title='bbox 1315 3799 1680 3866; x_wconf 74' lang='lat' dir='ltr'><strong>quaerentibus</strong></span> <span class='ocrx_word' id='word_1_385' title='bbox 1706 3816 1813 3854; x_wconf 91' lang='lat' dir='ltr'><strong>non</strong></span> 
     </span>
    </p>
   </div>
   <div class='ocr_carea' id='block_1_55' title="bbox 215 3891 1813 3960">
    <p class='ocr_par' dir='ltr' id='par_1_55' title="bbox 215 3891 1813 3960">
     <span class='ocr_line' id='line_1_55' title="bbox 215 3891 1813 3960; baseline -0.002 -10"><span class='ocrx_word' id='word_1_386' title='bbox 215 3908 485 3950; x_wconf 88' lang='lat' dir='ltr'><strong>onerosus</strong></span> <span class='ocrx_word' id='word_1_387' title='bbox 535 3911 548 3947; x_wconf 93' lang='lat'><strong>:</strong></span> <span class='ocrx_word' id='word_1_388' title='bbox 603 3911 622 3944; x_wconf 80' lang='grc' dir='ltr'><strong>ι</strong></span> <span class='ocrx_word' id='word_1_389' title='bbox 677 3891 848 3959; x_wconf 85' lang='lat' dir='ltr'><strong>Quam</strong></span> <span class='ocrx_word' id='word_1_390' title='bbox 879 3905 1079 3946; x_wconf 88' lang='lat' dir='ltr'><strong>vanum</strong></span> <span class='ocrx_word' id='word_1_391' title='bbox 1111 3899 1195 3945; x_wconf 90' lang='lat' dir='ltr'><strong>est</strong></span> <span class='ocrx_word' id='word_1_392' title='bbox 1223 3905 1382 3959; x_wconf 88' lang='lat' dir='ltr'><strong>porro</strong></span> <span class='ocrx_word' id='word_1_393' title='bbox 1421 3899 1475 3943; x_wconf 89' lang='lat' dir='ltr'><strong>et</strong></span> <span class='ocrx_word' id='word_1_394' title='bbox 1507 3907 1813 3960; x_wconf 65' lang='lat' dir='ltr'><strong>perversum</strong></span> 
     </span>
    </p>
   </div>
   <div class='ocr_carea' id='block_1_56' title="bbox 214 3983 1818 4056">
    <p class='ocr_par' dir='ltr' id='par_1_56' title="bbox 214 3983 1818 4056">
     <span class='ocr_line' id='line_1_56' title="bbox 214 3983 1818 4056; baseline -0.002 -13"><span class='ocrx_word' id='word_1_395' title='bbox 214 3997 276 4043; x_wconf 92' lang='lat' dir='ltr'><strong>ut</strong></span> <span class='ocrx_word' id='word_1_396' title='bbox 303 4003 423 4042; x_wconf 90' lang='lat' dir='ltr'><strong>cum</strong></span> <span class='ocrx_word' id='word_1_397' title='bbox 454 3985 553 4056; x_wconf 92' lang='lat' dir='ltr'><strong>ipsi</strong></span> <span class='ocrx_word' id='word_1_398' title='bbox 604 3986 844 4040; x_wconf 66' lang='lat' dir='ltr'><strong>haeretici</strong></span> <span class='ocrx_word' id='word_1_399' title='bbox 892 3984 1176 4052; x_wconf 87' lang='lat' dir='ltr'><strong>repudiato</strong></span> <span class='ocrx_word' id='word_1_400' title='bbox 1221 3993 1277 4038; x_wconf 87' lang='lat' dir='ltr'><strong>et</strong></span> <span class='ocrx_word' id='word_1_401' title='bbox 1307 3983 1494 4038; x_wconf 89' lang='lat' dir='ltr'><strong>relicto</strong></span> <span class='ocrx_word' id='word_1_402' title='bbox 1521 3985 1603 4038; x_wconf 75' lang='lat' dir='ltr'><strong>vel</strong></span> <span class='ocrx_word' id='word_1_403' title='bbox 1631 4001 1818 4041; x_wconf 88' lang='lat' dir='ltr'><strong>errore</strong></span> 
     </span>
    </p>
   </div>
   <div class='ocr_carea' id='block_1_57' title="bbox 213 4075 1817 4146">
    <p class='ocr_par' dir='ltr' id='par_1_57' title="bbox 213 4075 1817 4146">
     <span class='ocr_line' id='line_1_57' title="bbox 213 4075 1817 4146; baseline -0.002 -13"><span class='ocrx_word' id='word_1_404' title='bbox 213 4080 305 4136; x_wconf 88' lang='lat' dir='ltr'><strong>vel</strong></span> <span class='ocrx_word' id='word_1_405' title='bbox 337 4077 542 4133; x_wconf 90' lang='lat' dir='ltr'><strong>scelere</strong></span> <span class='ocrx_word' id='word_1_406' title='bbox 574 4078 626 4132; x_wconf 92' lang='lat' dir='ltr'><strong>in</strong></span> <span class='ocrx_word' id='word_1_407' title='bbox 657 4091 763 4146; x_wconf 93' lang='lat' dir='ltr'><strong>quo</strong></span> <span class='ocrx_word' id='word_1_408' title='bbox 791 4077 940 4146; x_wconf 92' lang='lat' dir='ltr'><strong>prius</strong></span> <span class='ocrx_word' id='word_1_409' title='bbox 971 4077 1204 4138; x_wconf 88' lang='lat' dir='ltr'><strong>fuerant,</strong></span> <span class='ocrx_word' id='word_1_410' title='bbox 1237 4083 1534 4142; x_wconf 78' lang='lat' dir='ltr'><strong>agnoscant</strong></span> <span class='ocrx_word' id='word_1_411' title='bbox 1560 4075 1817 4130; x_wconf 68' lang='lat' dir='ltr'><strong>Ecclesiae</strong></span> 
     </span>
    </p>
   </div>
   <div class='ocr_carea' id='block_1_58' title="bbox 214 4166 1817 4238">
    <p class='ocr_par' dir='ltr' id='par_1_58' title="bbox 214 4166 1817 4238">
     <span class='ocr_line' id='line_1_58' title="bbox 214 4166 1817 4238; baseline -0.001 -12"><span class='ocrx_word' id='word_1_412' title='bbox 214 4172 520 4233; x_wconf 84' lang='lat' dir='ltr'><strong>veritatem,</strong></span> <span class='ocrx_word' id='word_1_413' title='bbox 549 4183 648 4224; x_wconf 90' lang='lat' dir='ltr'><strong>nos</strong></span> <span class='ocrx_word' id='word_1_414' title='bbox 671 4170 913 4225; x_wconf 82' lang='lat' dir='ltr'><strong>veritatis</strong></span> <span class='ocrx_word' id='word_1_415' title='bbox 927 4168 1171 4238; x_wconf 85' lang='lat' dir='ltr'><strong>ejusdem</strong></span> <span class='ocrx_word' id='word_1_416' title='bbox 1187 4168 1308 4237; x_wconf 87' lang='lat' dir='ltr'><strong>jura</strong></span> <span class='ocrx_word' id='word_1_417' title='bbox 1337 4177 1390 4221; x_wconf 91' lang='lat' dir='ltr'><strong>et</strong></span> <span class='ocrx_word' id='word_1_418' title='bbox 1409 4166 1817 4224; x_wconf 89' lang='lat' dir='ltr'><strong>Sacramentum</strong></span> 
     </span>
    </p>
   </div>
   <div class='ocr_carea' id='block_1_59' title="bbox 217 4259 1817 4330">
    <p class='ocr_par' dir='ltr' id='par_1_59' title="bbox 217 4259 1817 4330">
     <span class='ocr_line' id='line_1_59' title="bbox 217 4259 1817 4330; baseline -0.001 -11"><span class='ocrx_word' id='word_1_419' title='bbox 217 4265 548 4330; x_wconf 89' lang='lat' dir='ltr'><strong>mutilemus,</strong></span> <span class='ocrx_word' id='word_1_420' title='bbox 599 4270 653 4318; x_wconf 90' lang='lat' dir='ltr'><strong>et</strong></span> <span class='ocrx_word' id='word_1_421' title='bbox 681 4262 1026 4318; x_wconf 89' lang='lat' dir='ltr'><strong>venientibus</strong></span> <span class='ocrx_word' id='word_1_422' title='bbox 1057 4277 1119 4317; x_wconf 90' lang='lat' dir='ltr'><strong>ac</strong></span> <span class='ocrx_word' id='word_1_423' title='bbox 1149 4259 1540 4330; x_wconf 69' lang='lat' dir='ltr'><strong>paenitentibus</strong></span> <span class='ocrx_word' id='word_1_424' title='bbox 1576 4262 1817 4317; x_wconf 89' lang='lat' dir='ltr'><strong>dicamus</strong></span> 
     </span>
    </p>
   </div>
   <div class='ocr_carea' id='block_1_60' title="bbox 216 4356 1818 4424">
    <p class='ocr_par' dir='ltr' id='par_1_60' title="bbox 216 4356 1818 4424">
     <span class='ocr_line' id='line_1_60' title="bbox 216 4356 1818 4424; baseline -0.002 -13"><span class='ocrx_word' id='word_1_425' title='bbox 216 4372 316 4412; x_wconf 90' lang='lat' dir='ltr'><strong>eos</strong></span> <span class='ocrx_word' id='word_1_426' title='bbox 331 4357 707 4412; x_wconf 88' lang='lat' dir='ltr'><strong>remissionem</strong></span> <span class='ocrx_word' id='word_1_427' title='bbox 730 4365 1073 4424; x_wconf 90' lang='lat' dir='ltr'><strong>peccatorum</strong></span> <span class='ocrx_word' id='word_1_428' title='bbox 1092 4364 1413 4410; x_wconf 89' lang='lat' dir='ltr'><strong>consecutos</strong></span> <span class='ocrx_word' id='word_1_429' title='bbox 1433 4370 1575 4422; x_wconf 89' lang='lat' dir='ltr'><strong>esse,</strong></span> <span class='ocrx_word' id='word_1_430' title='bbox 1604 4356 1818 4424; x_wconf 84' lang='lat' dir='ltr'><strong>quando</strong></span> 
     </span>
    </p>
   </div>
   <div class='ocr_carea' id='block_1_61' title="bbox 216 4449 1815 4521">
    <p class='ocr_par' dir='ltr' id='par_1_61' title="bbox 216 4449 1815 4521">
     <span class='ocr_line' id='line_1_61' title="bbox 216 4449 1815 4521; baseline -0.002 -14"><span class='ocrx_word' id='word_1_431' title='bbox 216 4451 297 4507; x_wconf 91' lang='lat' dir='ltr'><strong>illi</strong></span> <span class='ocrx_word' id='word_1_432' title='bbox 329 4465 386 4505; x_wconf 89' lang='lat' dir='ltr'><strong>se</strong></span> <span class='ocrx_word' id='word_1_433' title='bbox 408 4465 658 4521; x_wconf 87' lang='lat' dir='ltr'><strong>peccasse</strong></span> <span class='ocrx_word' id='word_1_434' title='bbox 684 4459 738 4506; x_wconf 90' lang='lat' dir='ltr'><strong>et</strong></span> <span class='ocrx_word' id='word_1_435' title='bbox 767 4459 988 4520; x_wconf 90' lang='lat' dir='ltr'><strong>propter</strong></span> <span class='ocrx_word' id='word_1_436' title='bbox 1025 4450 1127 4505; x_wconf 92' lang='lat' dir='ltr'><strong>hoc</strong></span> <span class='ocrx_word' id='word_1_437' title='bbox 1153 4449 1218 4504; x_wconf 91' lang='lat' dir='ltr'><strong>ad</strong></span> <span class='ocrx_word' id='word_1_438' title='bbox 1248 4449 1505 4504; x_wconf 70' lang='lat' dir='ltr'><strong>Ecclesiae</strong></span> <span class='ocrx_word' id='word_1_439' title='bbox 1532 4449 1815 4519; x_wconf 80' lang='lat' dir='ltr'><strong>indulgen-</strong></span> 
     </span>
    </p>
   </div>
   <div class='ocr_carea' id='block_1_62' title="bbox 217 4542 1817 4611">
    <p class='ocr_par' dir='ltr' id='par_1_62' title="bbox 217 4542 1817 4611">
     <span class='ocr_line' id='line_1_62' title="bbox 217 4542 1817 4611; baseline -0.002 -11"><span class='ocrx_word' id='word_1_440' title='bbox 217 4545 347 4600; x_wconf 91' lang='lat' dir='ltr'><strong>tiam</strong></span> <span class='ocrx_word' id='word_1_441' title='bbox 379 4546 564 4601; x_wconf 89' lang='lat' dir='ltr'><strong>venire</strong></span> <span class='ocrx_word' id='word_1_442' title='bbox 588 4544 893 4600; x_wconf 84' lang='lat' dir='ltr'><strong>fateantur?</strong></span> <span class='ocrx_word' id='word_1_443' title='bbox 921 4547 1100 4611; x_wconf 87' lang='lat' dir='ltr'><strong>Quare</strong></span> <span class='ocrx_word' id='word_1_444' title='bbox 1147 4544 1410 4599; x_wconf 65' lang='lat' dir='ltr'><strong>Ecclesiae</strong></span> <span class='ocrx_word' id='word_1_445' title='bbox 1436 4542 1729 4599; x_wconf 70' lang='lat' dir='ltr'><strong>Catholicae</strong></span> <span class='ocrx_word' id='word_1_446' title='bbox 1757 4544 1817 4597; x_wconf 88' lang='lat' dir='ltr'><strong>fi-</strong></span> 
     </span>
    </p>
   </div>
   <div class='ocr_carea' id='block_1_63' title="bbox 214 4636 1818 4702">
    <p class='ocr_par' dir='ltr' id='par_1_63' title="bbox 214 4636 1818 4702">
     <span class='ocr_line' id='line_1_63' title="bbox 214 4636 1818 4702; baseline -0.001 -8"><span class='ocrx_word' id='word_1_447' title='bbox 214 4638 340 4694; x_wconf 88' lang='lat' dir='ltr'><strong>dem</strong></span> <span class='ocrx_word' id='word_1_448' title='bbox 371 4653 435 4693; x_wconf 90' lang='lat' dir='ltr'><strong>ac</strong></span> <span class='ocrx_word' id='word_1_449' title='bbox 461 4638 762 4702; x_wconf 81' lang='lat' dir='ltr'><strong>veritatem,</strong></span> <span class='ocrx_word' id='word_1_450' title='bbox 795 4637 960 4692; x_wconf 85' lang='lat' dir='ltr'><strong>frater</strong></span> <span class='ocrx_word' id='word_1_451' title='bbox 989 4636 1326 4699; x_wconf 72' lang='lat' dir='ltr'><strong>charissima,</strong></span> <span class='ocrx_word' id='word_1_452' title='bbox 1358 4645 1414 4691; x_wconf 91' lang='lat' dir='ltr'><strong>et</strong></span> <span class='ocrx_word' id='word_1_453' title='bbox 1444 4647 1632 4692; x_wconf 89' lang='lat' dir='ltr'><strong>tenere</strong></span> <span class='ocrx_word' id='word_1_454' title='bbox 1655 4636 1818 4692; x_wconf 85' lang='lat' dir='ltr'><strong>debe-</strong></span> 
     </span>
    </p>
   </div>
   <div class='ocr_carea' id='block_1_64' title="bbox 215 4730 1819 4801">
    <p class='ocr_par' dir='ltr' id='par_1_64' title="bbox 215 4730 1819 4801">
     <span class='ocr_line' id='line_1_64' title="bbox 215 4730 1819 4801; baseline -0.001 -13"><span class='ocrx_word' id='word_1_455' title='bbox 215 4748 339 4788; x_wconf 92' lang='lat' dir='ltr'><strong>mus</strong></span> <span class='ocrx_word' id='word_1_456' title='bbox 371 4732 602 4787; x_wconf 85' lang='lat' dir='ltr'><strong>firmiter</strong></span> <span class='ocrx_word' id='word_1_457' title='bbox 625 4740 682 4787; x_wconf 90' lang='lat' dir='ltr'><strong>et</strong></span> <span class='ocrx_word' id='word_1_458' title='bbox 711 4732 928 4796; x_wconf 90' lang='lat' dir='ltr'><strong>docere,</strong></span> <span class='ocrx_word' id='word_1_459' title='bbox 962 4739 1018 4786; x_wconf 91' lang='lat' dir='ltr'><strong>et</strong></span> <span class='ocrx_word' id='word_1_460' title='bbox 1061 4746 1160 4801; x_wconf 88' lang='lat' dir='ltr'><strong>per</strong></span> <span class='ocrx_word' id='word_1_461' title='bbox 1198 4731 1378 4786; x_wconf 90' lang='lat' dir='ltr'><strong>omnia</strong></span> <span class='ocrx_word' id='word_1_462' title='bbox 1411 4730 1730 4800; x_wconf 83' lang='lat' dir='ltr'><strong>Evangelica</strong></span> <span class='ocrx_word' id='word_1_463' title='bbox 1763 4741 1819 4786; x_wconf 88' lang='lat' dir='ltr'><strong>et</strong></span> 
     </span>
    </p>
   </div>
   <div class='ocr_carea' id='block_1_65' title="bbox 217 4825 1815 4895">
    <p class='ocr_par' dir='ltr' id='par_1_65' title="bbox 217 4825 1815 4895">
     <span class='ocr_line' id='line_1_65' title="bbox 217 4825 1815 4895; baseline 0 -15"><span class='ocrx_word' id='word_1_464' title='bbox 217 4825 530 4895; x_wconf 83' lang='lat' dir='ltr'><strong>Apostolica</strong></span> <span class='ocrx_word' id='word_1_465' title='bbox 564 4835 829 4894; x_wconf 71' lang='lat' dir='ltr'><strong>prazcepta</strong></span> <span class='ocrx_word' id='word_1_466' title='bbox 857 4825 1125 4880; x_wconf 88' lang='lat' dir='ltr'><strong>rationem</strong></span> <span class='ocrx_word' id='word_1_467' title='bbox 1171 4825 1369 4880; x_wconf 81' lang='lat' dir='ltr'><strong>divime</strong></span> <span class='ocrx_word' id='word_1_468' title='bbox 1398 4825 1815 4893; x_wconf 86' lang='lat' dir='ltr'><strong>dispensationis</strong></span> 
     </span>
    </p>
   </div>
   <div class='ocr_carea' id='block_1_66' title="bbox 216 4916 1813 4989">
    <p class='ocr_par' dir='ltr' id='par_1_66' title="bbox 216 4916 1813 4989">
     <span class='ocr_line' id='line_1_66' title="bbox 216 4916 1813 4989; baseline 0.003 -19"><span class='ocrx_word' id='word_1_469' title='bbox 216 4928 381 4988; x_wconf 88' lang='lat' dir='ltr'><strong>atque</strong></span> <span class='ocrx_word' id='word_1_470' title='bbox 399 4919 615 4972; x_wconf 90' lang='lat' dir='ltr'><strong>unitatis</strong></span> <span class='ocrx_word' id='word_1_471' title='bbox 632 4916 938 4973; x_wconf 89' lang='lat' dir='ltr'><strong>ostendere.</strong></span> <span class='ocrx_word' id='word_1_472' title='bbox 968 4917 1237 4989; x_wconf 88' lang='lat' dir='ltr'><strong>Numquid</strong></span> <span class='ocrx_word' id='word_1_473' title='bbox 1259 4927 1433 4987; x_wconf 89' lang='lat' dir='ltr'><strong>potest</strong></span> <span class='ocrx_word' id='word_1_474' title='bbox 1456 4919 1535 4972; x_wconf 86' lang='lat' dir='ltr'><strong>vis</strong></span> <span class='ocrx_word' id='word_1_475' title='bbox 1555 4918 1813 4987; x_wconf 88' lang='lat' dir='ltr'><strong>Baptismi</strong></span> 
     </span>
    </p>
   </div>
   <div class='ocr_carea' id='block_1_67' title="bbox 216 5011 1810 5083">
    <p class='ocr_par' dir='ltr' id='par_1_67' title="bbox 216 5011 1810 5083">
     <span class='ocr_line' id='line_1_67' title="bbox 216 5011 1810 5083; baseline -0.003 -16"><span class='ocrx_word' id='word_1_476' title='bbox 216 5026 344 5068; x_wconf 89' lang='lat' dir='ltr'><strong>esse</strong></span> <span class='ocrx_word' id='word_1_477' title='bbox 366 5011 537 5081; x_wconf 90' lang='lat' dir='ltr'><strong>major</strong></span> <span class='ocrx_word' id='word_1_478' title='bbox 565 5019 656 5064; x_wconf 90' lang='lat' dir='ltr'><strong>aut</strong></span> <span class='ocrx_word' id='word_1_479' title='bbox 685 5012 881 5080; x_wconf 91' lang='lat' dir='ltr'><strong>potior,</strong></span> <span class='ocrx_word' id='word_1_480' title='bbox 915 5026 1072 5080; x_wconf 92' lang='lat' dir='ltr'><strong>quam</strong></span> <span class='ocrx_word' id='word_1_481' title='bbox 1096 5011 1387 5076; x_wconf 85' lang='lat' dir='ltr'><strong>confessio,</strong></span> <span class='ocrx_word' id='word_1_482' title='bbox 1415 5027 1574 5083; x_wconf 88' lang='lat' dir='ltr'><strong>quam</strong></span> <span class='ocrx_word' id='word_1_483' title='bbox 1607 5011 1810 5080; x_wconf 78' lang='lat' dir='ltr'><strong>passio,</strong></span> 
     </span>
    </p>
   </div>
   <div class='ocr_carea' id='block_1_68' title="bbox 223 5103 1815 5175">
    <p class='ocr_par' dir='ltr' id='par_1_68' title="bbox 223 5103 1815 5175">
     <span class='ocr_line' id='line_1_68' title="bbox 223 5103 1815 5175; baseline -0.002 -14"><span class='ocrx_word' id='word_1_484' title='bbox 223 5116 285 5162; x_wconf 91' lang='lat' dir='ltr'><strong>ut</strong></span> <span class='ocrx_word' id='word_1_485' title='bbox 333 5106 450 5175; x_wconf 87' lang='lat' dir='ltr'><strong>quis</strong></span> <span class='ocrx_word' id='word_1_486' title='bbox 493 5119 672 5160; x_wconf 90' lang='lat' dir='ltr'><strong>coram</strong></span> <span class='ocrx_word' id='word_1_487' title='bbox 722 5105 1028 5160; x_wconf 86' lang='lat' dir='ltr'><strong>hominibus</strong></span> <span class='ocrx_word' id='word_1_488' title='bbox 1071 5103 1345 5159; x_wconf 87' lang='lat' dir='ltr'><strong>Christum</strong></span> <span class='ocrx_word' id='word_1_489' title='bbox 1392 5107 1712 5160; x_wconf 89' lang='lat' dir='ltr'><strong>confiteatur</strong></span> <span class='ocrx_word' id='word_1_490' title='bbox 1758 5112 1815 5159; x_wconf 89' lang='lat' dir='ltr'><strong>et</strong></span> 
     </span>
    </p>
   </div>
   <div class='ocr_carea' id='block_1_69' title="bbox 215 5197 1809 5269">
    <p class='ocr_par' dir='ltr' id='par_1_69' title="bbox 215 5197 1809 5269">
     <span class='ocr_line' id='line_1_69' title="bbox 215 5197 1809 5269; baseline -0.001 -15"><span class='ocrx_word' id='word_1_491' title='bbox 215 5199 478 5269; x_wconf 82' lang='lat' dir='ltr'><strong>sanguine</strong></span> <span class='ocrx_word' id='word_1_492' title='bbox 515 5212 614 5252; x_wconf 89' lang='lat' dir='ltr'><strong>suo</strong></span> <span class='ocrx_word' id='word_1_493' title='bbox 650 5197 986 5266; x_wconf 75' lang='lat' dir='ltr'><strong>baptizetur?</strong></span> <span class='ocrx_word' id='word_1_494' title='bbox 1027 5197 1095 5252; x_wconf 89' lang='lat' dir='ltr'><strong>Et</strong></span> <span class='ocrx_word' id='word_1_495' title='bbox 1126 5208 1301 5253; x_wconf 89' lang='lat' dir='ltr'><strong>tamen</strong></span> <span class='ocrx_word' id='word_1_496' title='bbox 1344 5214 1518 5268; x_wconf 89' lang='lat' dir='ltr'><strong>neque</strong></span> <span class='ocrx_word' id='word_1_497' title='bbox 1565 5198 1666 5252; x_wconf 87' lang='lat' dir='ltr'><strong>hoc</strong></span> <span class='ocrx_word' id='word_1_498' title='bbox 1707 5197 1809 5252; x_wconf 87' lang='lat' dir='ltr'><strong>Ba-</strong></span> 
     </span>
    </p>
   </div>
   <div class='ocr_carea' id='block_1_70' title="bbox 215 5291 1812 5364">
    <p class='ocr_par' dir='ltr' id='par_1_70' title="bbox 215 5291 1812 5364">
     <span class='ocr_line' id='line_1_70' title="bbox 215 5291 1812 5364; baseline -0.003 -15"><span class='ocrx_word' id='word_1_499' title='bbox 215 5294 414 5364; x_wconf 87' lang='lat' dir='ltr'><strong>ptisma</strong></span> <span class='ocrx_word' id='word_1_500' title='bbox 439 5291 706 5346; x_wconf 71' lang='lat' dir='ltr'><strong>haereticis</strong></span> <span class='ocrx_word' id='word_1_501' title='bbox 736 5291 976 5362; x_wconf 88' lang='lat' dir='ltr'><strong>prodest,</strong></span> <span class='ocrx_word' id='word_1_502' title='bbox 1007 5294 1251 5361; x_wconf 88' lang='lat' dir='ltr'><strong>quamvis</strong></span> <span class='ocrx_word' id='word_1_503' title='bbox 1277 5291 1552 5348; x_wconf 89' lang='lat' dir='ltr'><strong>Christum</strong></span> <span class='ocrx_word' id='word_1_504' title='bbox 1581 5291 1812 5347; x_wconf 83' lang='lat' dir='ltr'><strong>confessi</strong></span> 
     </span>
    </p>
   </div>
   <div class='ocr_carea' id='block_1_71' title="bbox 214 5382 1812 5448">
    <p class='ocr_par' dir='ltr' id='par_1_71' title="bbox 214 5382 1812 5448">
     <span class='ocr_line' id='line_1_71' title="bbox 214 5382 1812 5448; baseline -0.001 -8"><span class='ocrx_word' id='word_1_505' title='bbox 214 5394 274 5440; x_wconf 90' lang='lat' dir='ltr'><strong>et</strong></span> <span class='ocrx_word' id='word_1_506' title='bbox 290 5394 440 5439; x_wconf 85' lang='lat' dir='ltr'><strong>extra</strong></span> <span class='ocrx_word' id='word_1_507' title='bbox 461 5382 759 5438; x_wconf 77' lang='lat' dir='ltr'><strong>Ecclesium</strong></span> <span class='ocrx_word' id='word_1_508' title='bbox 788 5382 989 5438; x_wconf 86' lang='lat' dir='ltr'><strong>fuerint</strong></span> <span class='ocrx_word' id='word_1_509' title='bbox 1015 5385 1201 5448; x_wconf 88' lang='lat' dir='ltr'><strong>occisi,</strong></span> <span class='ocrx_word' id='word_1_510' title='bbox 1236 5385 1334 5439; x_wconf 92' lang='lat' dir='ltr'><strong>nisi</strong></span> <span class='ocrx_word' id='word_1_511' title='bbox 1367 5386 1409 5440; x_wconf 91' lang='lat' dir='ltr'><strong>si</strong></span> <span class='ocrx_word' id='word_1_512' title='bbox 1440 5383 1812 5440; x_wconf 68' lang='lat' dir='ltr'><strong>haereticorum</strong></span> 
     </span>
    </p>
   </div>
   <div class='ocr_carea' id='block_1_72' title="bbox 214 5476 1813 5550">
    <p class='ocr_par' dir='ltr' id='par_1_72' title="bbox 214 5476 1813 5550">
     <span class='ocr_line' id='line_1_72' title="bbox 214 5476 1813 5550; baseline -0.002 -17"><span class='ocrx_word' id='word_1_513' title='bbox 214 5478 432 5550; x_wconf 87' lang='lat' dir='ltr'><strong>patroni</strong></span> <span class='ocrx_word' id='word_1_514' title='bbox 464 5487 518 5533; x_wconf 92' lang='lat' dir='ltr'><strong>et</strong></span> <span class='ocrx_word' id='word_1_515' title='bbox 563 5476 807 5531; x_wconf 87' lang='lat' dir='ltr'><strong>advocati</strong></span> <span class='ocrx_word' id='word_1_516' title='bbox 860 5476 1145 5532; x_wconf 72' lang='lat' dir='ltr'><strong>haereticos</strong></span> <span class='ocrx_word' id='word_1_517' title='bbox 1194 5479 1246 5532; x_wconf 91' lang='lat' dir='ltr'><strong>in</strong></span> <span class='ocrx_word' id='word_1_518' title='bbox 1297 5478 1425 5531; x_wconf 89' lang='lat' dir='ltr'><strong>falsa</strong></span> <span class='ocrx_word' id='word_1_519' title='bbox 1475 5476 1813 5531; x_wconf 87' lang='lat' dir='ltr'><strong>confessione</strong></span> 
     </span>
    </p>
   </div>
   <div class='ocr_carea' id='block_1_73' title="bbox 213 5569 1812 5638">
    <p class='ocr_par' dir='ltr' id='par_1_73' title="bbox 213 5569 1812 5638">
     <span class='ocr_line' id='line_1_73' title="bbox 213 5569 1812 5638; baseline 0 -13"><span class='ocrx_word' id='word_1_520' title='bbox 213 5571 420 5626; x_wconf 81' lang='lat' dir='ltr'><strong>Christi</strong></span> <span class='ocrx_word' id='word_1_521' title='bbox 470 5569 784 5624; x_wconf 85' lang='lat' dir='ltr'><strong>interfectos</strong></span> <span class='ocrx_word' id='word_1_522' title='bbox 839 5576 1103 5638; x_wconf 86' lang='lat' dir='ltr'><strong>martyres</strong></span> <span class='ocrx_word' id='word_1_523' title='bbox 1166 5569 1457 5638; x_wconf 85' lang='lat' dir='ltr'><strong>praedicant</strong></span> <span class='ocrx_word' id='word_1_524' title='bbox 1515 5579 1569 5623; x_wconf 86' lang='lat' dir='ltr'><strong>et</strong></span> <span class='ocrx_word' id='word_1_525' title='bbox 1625 5579 1812 5625; x_wconf 90' lang='lat' dir='ltr'><strong>contra</strong></span> 
     </span>
    </p>
   </div>
   <div class='ocr_carea' id='block_1_74' title="bbox 215 5660 1807 5734">
    <p class='ocr_par' dir='ltr' id='par_1_74' title="bbox 215 5660 1807 5734">
     <span class='ocr_line' id='line_1_74' title="bbox 215 5660 1807 5734; baseline -0.003 -16"><span class='ocrx_word' id='word_1_526' title='bbox 215 5662 466 5734; x_wconf 76' lang='lat' dir='ltr'><strong>Apostoli</strong></span> <span class='ocrx_word' id='word_1_527' title='bbox 499 5660 971 5723; x_wconf 88' lang='lat' dir='ltr'><strong>contestationem,</strong></span> <span class='ocrx_word' id='word_1_528' title='bbox 997 5661 1085 5728; x_wconf 87' lang='lat' dir='ltr'><strong>qui</strong></span> <span class='ocrx_word' id='word_1_529' title='bbox 1119 5660 1251 5714; x_wconf 86' lang='lat' dir='ltr'><strong>nihil</strong></span> <span class='ocrx_word' id='word_1_530' title='bbox 1287 5675 1380 5714; x_wconf 91' lang='lat' dir='ltr'><strong>eos</strong></span> <span class='ocrx_word' id='word_1_531' title='bbox 1405 5660 1645 5730; x_wconf 83' lang='lat' dir='ltr'><strong>quamvis</strong></span> <span class='ocrx_word' id='word_1_532' title='bbox 1675 5675 1807 5714; x_wconf 74' lang='lat' dir='ltr'><strong>exu-</strong></span> 
     </span>
    </p>
   </div>
   <div class='ocr_carea' id='block_1_75' title="bbox 212 5753 1816 5824">
    <p class='ocr_par' dir='ltr' id='par_1_75' title="bbox 212 5753 1816 5824">
     <span class='ocr_line' id='line_1_75' title="bbox 212 5753 1816 5824; baseline -0.003 -12"><span class='ocrx_word' id='word_1_533' title='bbox 212 5764 333 5812; x_wconf 91' lang='lat' dir='ltr'><strong>stos</strong></span> <span class='ocrx_word' id='word_1_534' title='bbox 361 5766 414 5811; x_wconf 93' lang='lat' dir='ltr'><strong>et</strong></span> <span class='ocrx_word' id='word_1_535' title='bbox 441 5756 650 5812; x_wconf 85' lang='lat' dir='ltr'><strong>occisos</strong></span> <span class='ocrx_word' id='word_1_536' title='bbox 687 5754 816 5810; x_wconf 90' lang='lat' dir='ltr'><strong>dicit</strong></span> <span class='ocrx_word' id='word_1_537' title='bbox 859 5767 1016 5823; x_wconf 88' lang='lat' dir='ltr'><strong>posse</strong></span> <span class='ocrx_word' id='word_1_538' title='bbox 1046 5753 1329 5824; x_wconf 87' lang='lat' dir='ltr'><strong>proficere,</strong></span> <span class='ocrx_word' id='word_1_539' title='bbox 1379 5754 1602 5824; x_wconf 79' lang='lat' dir='ltr'><strong>gloriam</strong></span> <span class='ocrx_word' id='word_1_540' title='bbox 1644 5753 1724 5809; x_wconf 88' lang='lat' dir='ltr'><strong>cis</strong></span> <span class='ocrx_word' id='word_1_541' title='bbox 1760 5761 1816 5810; x_wconf 86' lang='lat' dir='ltr'><strong>et</strong></span> 
     </span>
    </p>
   </div>
   <div class='ocr_carea' id='block_1_76' title="bbox 222 5849 1820 5921">
    <p class='ocr_par' dir='ltr' id='par_1_76' title="bbox 222 5849 1820 5921">
     <span class='ocr_line' id='line_1_76' title="bbox 222 5849 1820 5921; baseline -0.001 -16"><span class='ocrx_word' id='word_1_542' title='bbox 222 5865 482 5906; x_wconf 79' lang='lat' dir='ltr'><strong>coronam</strong></span> <span class='ocrx_word' id='word_1_543' title='bbox 515 5850 779 5921; x_wconf 84' lang='lat' dir='ltr'><strong>passionis</strong></span> <span class='ocrx_word' id='word_1_544' title='bbox 808 5849 1104 5920; x_wconf 73' lang='lat' dir='ltr'><strong>assignant.</strong></span> <span class='ocrx_word' id='word_1_545' title='bbox 1136 5849 1288 5917; x_wconf 83' lang='lat' dir='ltr'><strong>Quod</strong></span> <span class='ocrx_word' id='word_1_546' title='bbox 1334 5849 1379 5904; x_wconf 86' lang='lat' dir='ltr'><strong>si</strong></span> <span class='ocrx_word' id='word_1_547' title='bbox 1436 5849 1690 5906; x_wconf 55' lang='lat' dir='ltr'><strong>heretico</strong></span> <span class='ocrx_word' id='word_1_548' title='bbox 1717 5862 1820 5905; x_wconf 81' lang='lat' dir='ltr'><strong>nec</strong></span> 
     </span>
    </p>
   </div>
   <div class='ocr_carea' id='block_1_77' title="bbox 1913 1913 3504 1985">
    <p class='ocr_par' dir='ltr' id='par_1_77' title="bbox 1913 1913 3504 1985">
     <span class='ocr_line' id='line_1_77' title="bbox 1913 1913 3504 1985; baseline -0.003 -15"><span class='ocrx_word' id='word_1_549' title='bbox 1913 1914 2027 1970; x_wconf 81' lang='lat' dir='ltr'><strong>inec</strong></span> <span class='ocrx_word' id='word_1_550' title='bbox 2043 1915 2342 1984; x_wconf 85' lang='lat' dir='ltr'><strong>decerpunt</strong></span> <span class='ocrx_word' id='word_1_551' title='bbox 2359 1915 2688 1980; x_wconf 82' lang='lat' dir='ltr'><strong>testimonia,</strong></span> <span class='ocrx_word' id='word_1_552' title='bbox 2711 1931 2831 1985; x_wconf 69' lang='lat' dir='ltr'><strong>quae</strong></span> <span class='ocrx_word' id='word_1_553' title='bbox 2855 1914 2978 1970; x_wconf 84' lang='lat' dir='ltr'><strong>fidei</strong></span> <span class='ocrx_word' id='word_1_554' title='bbox 2999 1923 3055 1968; x_wconf 85' lang='lat' dir='ltr'><strong>et</strong></span> <span class='ocrx_word' id='word_1_555' title='bbox 3072 1913 3336 1983; x_wconf 79' lang='lat' dir='ltr'><strong>dogmatis</strong></span> <span class='ocrx_word' id='word_1_556' title='bbox 3357 1928 3504 1981; x_wconf 64' lang='lat' dir='ltr'><strong>quie-</strong></span> 
     </span>
    </p>
   </div>
   <div class='ocr_carea' id='block_1_78' title="bbox 1911 2002 3505 2076">
    <p class='ocr_par' dir='ltr' id='par_1_78' title="bbox 1911 2002 3505 2076">
     <span class='ocr_line' id='line_1_78' title="bbox 1911 2002 3505 2076; baseline -0.002 -16"><span class='ocrx_word' id='word_1_557' title='bbox 1911 2007 2138 2062; x_wconf 87' lang='lat' dir='ltr'><strong>stionem</strong></span> <span class='ocrx_word' id='word_1_558' title='bbox 2165 2023 2260 2063; x_wconf 89' lang='lat' dir='ltr'><strong>ore</strong></span> <span class='ocrx_word' id='word_1_559' title='bbox 2293 2007 2472 2076; x_wconf 81' lang='lat' dir='ltr'><strong>patulo</strong></span> <span class='ocrx_word' id='word_1_560' title='bbox 2497 2007 2732 2062; x_wconf 71' lang='lat' dir='ltr'><strong>clamare</strong></span> <span class='ocrx_word' id='word_1_561' title='bbox 2758 2005 3122 2061; x_wconf 69' lang='lat' dir='ltr'><strong>vociferantur</strong></span> <span class='ocrx_word' id='word_1_562' title='bbox 3149 2023 3165 2059; x_wconf 85' lang='lat'><strong>:</strong></span> <span class='ocrx_word' id='word_1_563' title='bbox 3193 2021 3214 2056; x_wconf 74' lang='grc' dir='ltr'><strong>ι</strong></span> <span class='ocrx_word' id='word_1_564' title='bbox 3239 2002 3297 2060; x_wconf 80' lang='lat' dir='ltr'><strong>Si</strong></span> <span class='ocrx_word' id='word_1_565' title='bbox 3325 2004 3378 2057; x_wconf 90' lang='lat' dir='ltr'><strong>in</strong></span> <span class='ocrx_word' id='word_1_566' title='bbox 3405 2002 3505 2058; x_wconf 80' lang='lat' dir='ltr'><strong>ali-</strong></span> 
     </span>
    </p>
   </div>
   <div class='ocr_carea' id='block_1_79' title="bbox 1913 2098 3507 2168">
    <p class='ocr_par' dir='ltr' id='par_1_79' title="bbox 1913 2098 3507 2168">
     <span class='ocr_line' id='line_1_79' title="bbox 1913 2098 3507 2168; baseline -0.003 -12"><span class='ocrx_word' id='word_1_567' title='bbox 1913 2115 2020 2168; x_wconf 65' lang='lat' dir='ltr'><strong>duo</strong></span> <span class='ocrx_word' id='word_1_568' title='bbox 2039 2100 2311 2156; x_wconf 82' lang='lat' dir='ltr'><strong>nutarerit</strong></span> <span class='ocrx_word' id='word_1_569' title='bbox 2331 2109 2386 2156; x_wconf 89' lang='lat' dir='ltr'><strong>et</strong></span> <span class='ocrx_word' id='word_1_570' title='bbox 2407 2101 2733 2156; x_wconf 71' lang='lat' dir='ltr'><strong>vacillaverit</strong></span> <span class='ocrx_word' id='word_1_571' title='bbox 2761 2100 2986 2163; x_wconf 79' lang='lat' dir='ltr'><strong>veritas,</strong></span> <span class='ocrx_word' id='word_1_572' title='bbox 3012 2098 3082 2153; x_wconf 83' lang='lat' dir='ltr'><strong>ad</strong></span> <span class='ocrx_word' id='word_1_573' title='bbox 3111 2099 3370 2168; x_wconf 77' lang='lat' dir='ltr'><strong>originem</strong></span> <span class='ocrx_word' id='word_1_574' title='bbox 3403 2098 3507 2152; x_wconf 86' lang='lat' dir='ltr'><strong>Do-</strong></span> 
     </span>
    </p>
   </div>
   <div class='ocr_carea' id='block_1_80' title="bbox 1913 2189 3506 2264">
    <p class='ocr_par' dir='ltr' id='par_1_80' title="bbox 1913 2189 3506 2264">
     <span class='ocr_line' id='line_1_80' title="bbox 1913 2189 3506 2264; baseline -0.003 -16"><span class='ocrx_word' id='word_1_575' title='bbox 1913 2193 2167 2252; x_wconf 84' lang='lat' dir='ltr'><strong>minicam</strong></span> <span class='ocrx_word' id='word_1_576' title='bbox 2197 2202 2253 2248; x_wconf 91' lang='lat' dir='ltr'><strong>et</strong></span> <span class='ocrx_word' id='word_1_577' title='bbox 2277 2193 2656 2264; x_wconf 82' lang='lat' dir='ltr'><strong>Evangelicam</strong></span> <span class='ocrx_word' id='word_1_578' title='bbox 2685 2202 2744 2248; x_wconf 86' lang='lat' dir='ltr'><strong>et</strong></span> <span class='ocrx_word' id='word_1_579' title='bbox 2773 2191 3139 2262; x_wconf 79' lang='lat' dir='ltr'><strong>Apestolicam</strong></span> <span class='ocrx_word' id='word_1_580' title='bbox 3163 2189 3506 2244; x_wconf 73' lang='lat' dir='ltr'><strong>traditionem</strong></span> 
     </span>
    </p>
   </div>
   <div class='ocr_carea' id='block_1_81' title="bbox 1915 2282 3508 2357">
    <p class='ocr_par' dir='ltr' id='par_1_81' title="bbox 1915 2282 3508 2357">
     <span class='ocr_line' id='line_1_81' title="bbox 1915 2282 3508 2357; baseline -0.004 -15"><span class='ocrx_word' id='word_1_581' title='bbox 1915 2297 2274 2354; x_wconf 77' lang='lat' dir='ltr'><strong>revertamur,</strong></span> <span class='ocrx_word' id='word_1_582' title='bbox 2300 2297 2357 2344; x_wconf 88' lang='lat' dir='ltr'><strong>et</strong></span> <span class='ocrx_word' id='word_1_583' title='bbox 2377 2288 2502 2343; x_wconf 87' lang='lat' dir='ltr'><strong>inde</strong></span> <span class='ocrx_word' id='word_1_584' title='bbox 2525 2296 2707 2357; x_wconf 86' lang='lat' dir='ltr'><strong>surgat</strong></span> <span class='ocrx_word' id='word_1_585' title='bbox 2733 2297 2889 2341; x_wconf 88' lang='lat' dir='ltr'><strong>actus</strong></span> <span class='ocrx_word' id='word_1_586' title='bbox 2909 2285 3082 2341; x_wconf 87' lang='lat' dir='ltr'><strong>nostri</strong></span> <span class='ocrx_word' id='word_1_587' title='bbox 3107 2282 3264 2350; x_wconf 79' lang='lat' dir='ltr'><strong>ratio,</strong></span> <span class='ocrx_word' id='word_1_588' title='bbox 3292 2283 3430 2337; x_wconf 89' lang='lat' dir='ltr'><strong>unde</strong></span> <span class='ocrx_word' id='word_1_589' title='bbox 3451 2290 3508 2337; x_wconf 86' lang='lat' dir='ltr'><strong>et</strong></span> 
     </span>
    </p>
   </div>
   <div class='ocr_carea' id='block_1_82' title="bbox 1914 2373 3508 2451">
    <p class='ocr_par' dir='ltr' id='par_1_82' title="bbox 1914 2373 3508 2451">
     <span class='ocr_line' id='line_1_82' title="bbox 1914 2373 3508 2451; baseline -0.005 -15"><span class='ocrx_word' id='word_1_590' title='bbox 1914 2381 2047 2439; x_wconf 86' lang='lat' dir='ltr'><strong>ordo</strong></span> <span class='ocrx_word' id='word_1_591' title='bbox 2065 2392 2119 2439; x_wconf 85' lang='lat' dir='ltr'><strong>et</strong></span> <span class='ocrx_word' id='word_1_592' title='bbox 2133 2382 2283 2451; x_wconf 75' lang='lat' dir='ltr'><strong>origo</strong></span> <span class='ocrx_word' id='word_1_593' title='bbox 2307 2385 2564 2437; x_wconf 78' lang='lat' dir='ltr'><strong>surrexit.</strong></span> <span class='ocrx_word' id='word_1_594' title='bbox 2595 2380 2873 2435; x_wconf 82' lang='lat' dir='ltr'><strong>Traditum</strong></span> <span class='ocrx_word' id='word_1_595' title='bbox 2903 2387 2987 2434; x_wconf 85' lang='lat' dir='ltr'><strong>est</strong></span> <span class='ocrx_word' id='word_1_596' title='bbox 3013 2378 3158 2433; x_wconf 70' lang='lat' dir='ltr'><strong>enim</strong></span> <span class='ocrx_word' id='word_1_597' title='bbox 3187 2375 3345 2430; x_wconf 68' lang='lat' dir='ltr'><strong>nobis</strong></span> <span class='ocrx_word' id='word_1_598' title='bbox 3361 2373 3508 2445; x_wconf 82' lang='lat' dir='ltr'><strong>quod</strong></span> 
     </span>
    </p>
   </div>
   <div class='ocr_carea' id='block_1_83' title="bbox 1914 2465 3509 2540">
    <p class='ocr_par' dir='ltr' id='par_1_83' title="bbox 1914 2465 3509 2540">
     <span class='ocr_line' id='line_1_83' title="bbox 1914 2465 3509 2540; baseline -0.008 -7"><span class='ocrx_word' id='word_1_599' title='bbox 1914 2477 1986 2533; x_wconf 84' lang='lat' dir='ltr'><strong>sit</strong></span> <span class='ocrx_word' id='word_1_600' title='bbox 2011 2491 2149 2533; x_wconf 85' lang='lat' dir='ltr'><strong>unus</strong></span> <span class='ocrx_word' id='word_1_601' title='bbox 2180 2477 2340 2540; x_wconf 83' lang='lat' dir='ltr'><strong>Deus,</strong></span> <span class='ocrx_word' id='word_1_602' title='bbox 2369 2484 2426 2530; x_wconf 87' lang='lat' dir='ltr'><strong>et</strong></span> <span class='ocrx_word' id='word_1_603' title='bbox 2442 2475 2691 2530; x_wconf 77' lang='lat' dir='ltr'><strong>Christus</strong></span> <span class='ocrx_word' id='word_1_604' title='bbox 2722 2488 2884 2534; x_wconf 88' lang='lat' dir='ltr'><strong>unus,</strong></span> <span class='ocrx_word' id='word_1_605' title='bbox 2907 2480 2963 2526; x_wconf 87' lang='lat' dir='ltr'><strong>et</strong></span> <span class='ocrx_word' id='word_1_606' title='bbox 2981 2485 3088 2524; x_wconf 81' lang='lat' dir='ltr'><strong>IIIIa</strong></span> <span class='ocrx_word' id='word_1_607' title='bbox 3113 2483 3262 2539; x_wconf 83' lang='lat' dir='ltr'><strong>spes,</strong></span> <span class='ocrx_word' id='word_1_608' title='bbox 3291 2476 3346 2523; x_wconf 85' lang='lat' dir='ltr'><strong>et</strong></span> <span class='ocrx_word' id='word_1_609' title='bbox 3377 2465 3509 2521; x_wconf 87' lang='lat' dir='ltr'><strong>fides</strong></span> 
     </span>
    </p>
   </div>
   <div class='ocr_carea' id='block_1_84' title="bbox 1919 2561 3510 2636">
    <p class='ocr_par' dir='ltr' id='par_1_84' title="bbox 1919 2561 3510 2636">
     <span class='ocr_line' id='line_1_84' title="bbox 1919 2561 3510 2636; baseline -0.008 -10"><span class='ocrx_word' id='word_1_610' title='bbox 1919 2585 2043 2634; x_wconf 83' lang='lat' dir='ltr'><strong>una,</strong></span> <span class='ocrx_word' id='word_1_611' title='bbox 2073 2579 2130 2623; x_wconf 89' lang='lat' dir='ltr'><strong>et</strong></span> <span class='ocrx_word' id='word_1_612' title='bbox 2157 2586 2260 2624; x_wconf 87' lang='lat' dir='ltr'><strong>una</strong></span> <span class='ocrx_word' id='word_1_613' title='bbox 2289 2569 2559 2632; x_wconf 85' lang='lat' dir='ltr'><strong>Ecclesia,</strong></span> <span class='ocrx_word' id='word_1_614' title='bbox 2589 2576 2646 2623; x_wconf 87' lang='lat' dir='ltr'><strong>et</strong></span> <span class='ocrx_word' id='word_1_615' title='bbox 2666 2567 2940 2636; x_wconf 73' lang='lat' dir='ltr'><strong>Baptisms</strong></span> <span class='ocrx_word' id='word_1_616' title='bbox 2967 2580 3154 2629; x_wconf 79' lang='lat' dir='ltr'><strong>untim,</strong></span> <span class='ocrx_word' id='word_1_617' title='bbox 3184 2579 3290 2618; x_wconf 87' lang='lat' dir='ltr'><strong>non</strong></span> <span class='ocrx_word' id='word_1_618' title='bbox 3323 2561 3426 2615; x_wconf 83' lang='lat' dir='ltr'><strong>nisi</strong></span> <span class='ocrx_word' id='word_1_619' title='bbox 3453 2561 3510 2615; x_wconf 85' lang='lat' dir='ltr'><strong>in</strong></span> 
     </span>
    </p>
   </div>
   <div class='ocr_carea' id='block_1_85' title="bbox 1917 2656 3508 2731">
    <p class='ocr_par' dir='ltr' id='par_1_85' title="bbox 1917 2656 3508 2731">
     <span class='ocr_line' id='line_1_85' title="bbox 1917 2656 3508 2731; baseline -0.002 -14"><span class='ocrx_word' id='word_1_620' title='bbox 1917 2679 2022 2718; x_wconf 89' lang='lat' dir='ltr'><strong>una</strong></span> <span class='ocrx_word' id='word_1_621' title='bbox 2054 2664 2294 2720; x_wconf 85' lang='lat' dir='ltr'><strong>Ecclesia</strong></span> <span class='ocrx_word' id='word_1_622' title='bbox 2317 2664 2690 2728; x_wconf 82' lang='lat' dir='ltr'><strong>constitutum,</strong></span> <span class='ocrx_word' id='word_1_623' title='bbox 2715 2678 2745 2715; x_wconf 88' lang='lat' dir='ltr'><strong>a</strong></span> <span class='ocrx_word' id='word_1_624' title='bbox 2769 2677 2871 2731; x_wconf 87' lang='lat' dir='ltr'><strong>qua</strong></span> <span class='ocrx_word' id='word_1_625' title='bbox 2906 2661 3108 2714; x_wconf 83' lang='lat' dir='ltr'><strong>unitate</strong></span> <span class='ocrx_word' id='word_1_626' title='bbox 3129 2658 3372 2728; x_wconf 76' lang='lat' dir='ltr'><strong>quisquis</strong></span> <span class='ocrx_word' id='word_1_627' title='bbox 3393 2656 3508 2714; x_wconf 82' lang='lat' dir='ltr'><strong>dis-</strong></span> 
     </span>
    </p>
   </div>
   <div class='ocr_carea' id='block_1_86' title="bbox 1918 2753 3510 2820">
    <p class='ocr_par' dir='ltr' id='par_1_86' title="bbox 1918 2753 3510 2820">
     <span class='ocr_line' id='line_1_86' title="bbox 1918 2753 3510 2820; baseline -0.006 -6"><span class='ocrx_word' id='word_1_628' title='bbox 1918 2760 2146 2814; x_wconf 82' lang='lat' dir='ltr'><strong>cesserit</strong></span> <span class='ocrx_word' id='word_1_629' title='bbox 2171 2773 2293 2813; x_wconf 88' lang='lat' dir='ltr'><strong>cum</strong></span> <span class='ocrx_word' id='word_1_630' title='bbox 2321 2757 2593 2812; x_wconf 67' lang='lat' dir='ltr'><strong>hieretieis</strong></span> <span class='ocrx_word' id='word_1_631' title='bbox 2624 2770 2846 2812; x_wconf 84' lang='lat' dir='ltr'><strong>necesse</strong></span> <span class='ocrx_word' id='word_1_632' title='bbox 2888 2765 2971 2810; x_wconf 86' lang='lat' dir='ltr'><strong>est</strong></span> <span class='ocrx_word' id='word_1_633' title='bbox 2999 2753 3324 2816; x_wconf 84' lang='lat' dir='ltr'><strong>inveniatur,</strong></span> <span class='ocrx_word' id='word_1_634' title='bbox 3373 2764 3510 2820; x_wconf 89' lang='lat' dir='ltr'><strong>quos</strong></span> 
     </span>
    </p>
   </div>
   <div class='ocr_carea' id='block_1_87' title="bbox 1919 2842 3508 2921">
    <p class='ocr_par' dir='ltr' id='par_1_87' title="bbox 1919 2842 3508 2921">
     <span class='ocr_line' id='line_1_87' title="bbox 1919 2842 3508 2921; baseline -0.006 -15"><span class='ocrx_word' id='word_1_635' title='bbox 1919 2849 2047 2908; x_wconf 86' lang='lat' dir='ltr'><strong>dum</strong></span> <span class='ocrx_word' id='word_1_636' title='bbox 2074 2859 2261 2906; x_wconf 83' lang='lat' dir='ltr'><strong>contra</strong></span> <span class='ocrx_word' id='word_1_637' title='bbox 2293 2850 2590 2905; x_wconf 85' lang='lat' dir='ltr'><strong>Eceiesiam</strong></span> <span class='ocrx_word' id='word_1_638' title='bbox 2621 2844 2991 2921; x_wconf 85' lang='lat' dir='ltr'><strong>(Stephanus)</strong></span> <span class='ocrx_word' id='word_1_639' title='bbox 3018 2844 3268 2906; x_wconf 84' lang='lat' dir='ltr'><strong>vindieat,</strong></span> <span class='ocrx_word' id='word_1_640' title='bbox 3313 2842 3508 2897; x_wconf 84' lang='lat' dir='ltr'><strong>Sacra-</strong></span> 
     </span>
    </p>
   </div>
   <div class='ocr_carea' id='block_1_88' title="bbox 1921 2935 3510 3009">
    <p class='ocr_par' dir='ltr' id='par_1_88' title="bbox 1921 2935 3510 3009">
     <span class='ocr_line' id='line_1_88' title="bbox 1921 2935 3510 3009; baseline -0.006 -9"><span class='ocrx_word' id='word_1_641' title='bbox 1921 2956 2159 3000; x_wconf 87' lang='lat' dir='ltr'><strong>mentum</strong></span> <span class='ocrx_word' id='word_1_642' title='bbox 2204 2944 2399 2998; x_wconf 63' lang='lat' dir='ltr'><strong>divinae</strong></span> <span class='ocrx_word' id='word_1_643' title='bbox 2449 2942 2754 2998; x_wconf 80' lang='lat' dir='ltr'><strong>traditionis</strong></span> <span class='ocrx_word' id='word_1_644' title='bbox 2800 2941 3206 3009; x_wconf 86' lang='lat' dir='ltr'><strong>impugnat....</strong></span> <span class='ocrx_word' id='word_1_645' title='bbox 3244 2951 3361 3004; x_wconf 66' lang='lat' dir='ltr'><strong>quae</strong></span> <span class='ocrx_word' id='word_1_646' title='bbox 3405 2935 3510 2990; x_wconf 85' lang='lat' dir='ltr'><strong>ista</strong></span> 
     </span>
    </p>
   </div>
   <div class='ocr_carea' id='block_1_89' title="bbox 1921 3027 3510 3104">
    <p class='ocr_par' dir='ltr' id='par_1_89' title="bbox 1921 3027 3510 3104">
     <span class='ocr_line' id='line_1_89' title="bbox 1921 3027 3510 3104; baseline -0.006 -15"><span class='ocrx_word' id='word_1_647' title='bbox 1921 3035 2231 3098; x_wconf 83' lang='lat' dir='ltr'><strong>obstinatio,</strong></span> <span class='ocrx_word' id='word_1_648' title='bbox 2262 3049 2449 3104; x_wconf 66' lang='lat' dir='ltr'><strong>quaeve</strong></span> <span class='ocrx_word' id='word_1_649' title='bbox 2476 3033 2824 3104; x_wconf 73' lang='lat' dir='ltr'><strong>przesnmptio</strong></span> <span class='ocrx_word' id='word_1_650' title='bbox 2853 3033 3138 3085; x_wconf 79' lang='lat' dir='ltr'><strong>humanam</strong></span> <span class='ocrx_word' id='word_1_651' title='bbox 3170 3027 3510 3082; x_wconf 79' lang='lat' dir='ltr'><strong>traditionem</strong></span> 
     </span>
    </p>
   </div>
   <div class='ocr_carea' id='block_1_90' title="bbox 1922 3121 3514 3198">
    <p class='ocr_par' dir='ltr' id='par_1_90' title="bbox 1922 3121 3514 3198">
     <span class='ocr_line' id='line_1_90' title="bbox 1922 3121 3514 3198; baseline -0.004 -16"><span class='ocrx_word' id='word_1_652' title='bbox 1922 3128 2117 3188; x_wconf 79' lang='lat' dir='ltr'><strong>divinae</strong></span> <span class='ocrx_word' id='word_1_653' title='bbox 2167 3129 2500 3198; x_wconf 84' lang='lat' dir='ltr'><strong>dispositioni</strong></span> <span class='ocrx_word' id='word_1_654' title='bbox 2530 3137 2882 3196; x_wconf 83' lang='lat' dir='ltr'><strong>anteponere,</strong></span> <span class='ocrx_word' id='word_1_655' title='bbox 2935 3139 3037 3178; x_wconf 80' lang='lat' dir='ltr'><strong>nec</strong></span> <span class='ocrx_word' id='word_1_656' title='bbox 3085 3121 3514 3177; x_wconf 77' lang='lat' dir='ltr'><strong>animadvertere</strong></span> 
     </span>
    </p>
   </div>
   <div class='ocr_carea' id='block_1_91' title="bbox 1837 3202 3514 3290">
    <p class='ocr_par' dir='ltr' id='par_1_91' title="bbox 1837 3202 3514 3290">
     <span class='ocr_line' id='line_1_91' title="bbox 1837 3202 3514 3290; baseline -0.007 -13"><span class='ocrx_word' id='word_1_657' title='bbox 1837 3202 1884 3266; x_wconf 64' lang='grc' dir='ltr'>ε</span> <span class='ocrx_word' id='word_1_658' title='bbox 1919 3221 2180 3290; x_wconf 79' lang='lat' dir='ltr'><strong>indignari</strong></span> <span class='ocrx_word' id='word_1_659' title='bbox 2213 3233 2264 3276; x_wconf 84' lang='lat' dir='ltr'><strong>et</strong></span> <span class='ocrx_word' id='word_1_660' title='bbox 2291 3222 2450 3278; x_wconf 86' lang='lat' dir='ltr'><strong>irasci</strong></span> <span class='ocrx_word' id='word_1_661' title='bbox 2473 3222 2641 3276; x_wconf 69' lang='lat' dir='ltr'><strong>Delum</strong></span> <span class='ocrx_word' id='word_1_662' title='bbox 2676 3219 2888 3288; x_wconf 84' lang='lat' dir='ltr'><strong>quoties</strong></span> <span class='ocrx_word' id='word_1_663' title='bbox 2909 3217 3091 3271; x_wconf 77' lang='lat' dir='ltr'><strong>divina</strong></span> <span class='ocrx_word' id='word_1_664' title='bbox 3122 3223 3385 3286; x_wconf 61' lang='lat' dir='ltr'><strong>praeepta</strong></span> <span class='ocrx_word' id='word_1_665' title='bbox 3409 3212 3514 3266; x_wconf 90' lang='lat' dir='ltr'><strong>sol-</strong></span> 
     </span>
    </p>
   </div>
   <div class='ocr_carea' id='block_1_92' title="bbox 1918 3312 2938 3386">
    <p class='ocr_par' dir='ltr' id='par_1_92' title="bbox 1918 3312 2938 3386">
     <span class='ocr_line' id='line_1_92' title="bbox 1918 3312 2938 3386; baseline -0.009 -16"><span class='ocrx_word' id='word_1_666' title='bbox 1918 3317 1994 3370; x_wconf 89' lang='lat' dir='ltr'><strong>vit</strong></span> <span class='ocrx_word' id='word_1_667' title='bbox 2020 3325 2073 3372; x_wconf 88' lang='lat' dir='ltr'><strong>et</strong></span> <span class='ocrx_word' id='word_1_668' title='bbox 2102 3315 2340 3386; x_wconf 68' lang='lat' dir='ltr'><strong>prteterit</strong></span> <span class='ocrx_word' id='word_1_669' title='bbox 2367 3313 2608 3370; x_wconf 77' lang='lat' dir='ltr'><strong>immane</strong></span> <span class='ocrx_word' id='word_1_670' title='bbox 2637 3312 2878 3367; x_wconf 86' lang='lat' dir='ltr'><strong>traditio.</strong></span> <span class='ocrx_word' id='word_1_671' title='bbox 2919 3329 2938 3361; x_wconf 77' lang='grc' dir='ltr'><strong>ι</strong></span> 
     </span>
    </p>
   </div>
   <div class='ocr_carea' id='block_1_93' title="bbox 1989 3427 3511 3505">
    <p class='ocr_par' dir='ltr' id='par_1_93' title="bbox 1989 3427 3511 3505">
     <span class='ocr_line' id='line_1_93' title="bbox 1989 3427 3511 3505; baseline -0.005 -15"><span class='ocrx_word' id='word_1_672' title='bbox 1989 3438 2149 3505; x_wconf 84' lang='lat' dir='ltr'><strong>Resp.</strong></span> <span class='ocrx_word' id='word_1_673' title='bbox 2175 3437 2440 3505; x_wconf 87' lang='lat' dir='ltr'><strong>Quorsum</strong></span> <span class='ocrx_word' id='word_1_674' title='bbox 2471 3438 2586 3489; x_wconf 80' lang='lat' dir='ltr'><strong>istae</strong></span> <span class='ocrx_word' id='word_1_675' title='bbox 2618 3433 3051 3489; x_wconf 85' lang='lat' dir='ltr'><strong>adversariorum</strong></span> <span class='ocrx_word' id='word_1_676' title='bbox 3087 3429 3358 3484; x_wconf 57' lang='lat' dir='ltr'><strong>tenebrae&quot;</strong></span> <span class='ocrx_word' id='word_1_677' title='bbox 3385 3427 3511 3483; x_wconf 84' lang='lat' dir='ltr'><strong>Pul-</strong></span> 
     </span>
    </p>
   </div>
   <div class='ocr_carea' id='block_1_94' title="bbox 1913 3525 3492 3596">
    <p class='ocr_par' dir='ltr' id='par_1_94' title="bbox 1913 3525 3492 3596">
     <span class='ocr_line' id='line_1_94' title="bbox 1913 3525 3492 3596; baseline -0.005 -10"><span class='ocrx_word' id='word_1_678' title='bbox 1913 3549 2094 3588; x_wconf 86' lang='lat' dir='ltr'><strong>verem</strong></span> <span class='ocrx_word' id='word_1_679' title='bbox 2136 3532 2204 3587; x_wconf 89' lang='lat' dir='ltr'><strong>ab</strong></span> <span class='ocrx_word' id='word_1_680' title='bbox 2247 3533 2418 3586; x_wconf 88' lang='lat' dir='ltr'><strong>oculis</strong></span> <span class='ocrx_word' id='word_1_681' title='bbox 2462 3530 2734 3586; x_wconf 83' lang='lat' dir='ltr'><strong>excutiant</strong></span> <span class='ocrx_word' id='word_1_682' title='bbox 2777 3538 2830 3582; x_wconf 85' lang='lat' dir='ltr'><strong>et</strong></span> <span class='ocrx_word' id='word_1_683' title='bbox 2877 3528 3091 3582; x_wconf 89' lang='lat' dir='ltr'><strong>videant</strong></span> <span class='ocrx_word' id='word_1_684' title='bbox 3117 3525 3406 3596; x_wconf 88' lang='lat' dir='ltr'><strong>aliquando</strong></span> <span class='ocrx_word' id='word_1_685' title='bbox 3439 3527 3492 3578; x_wconf 91' lang='lat' dir='ltr'><strong>in</strong></span> 
     </span>
    </p>
   </div>
   <div class='ocr_carea' id='block_1_95' title="bbox 1916 3617 3502 3698">
    <p class='ocr_par' dir='ltr' id='par_1_95' title="bbox 1916 3617 3502 3698">
     <span class='ocr_line' id='line_1_95' title="bbox 1916 3617 3502 3698; baseline -0.004 -18"><span class='ocrx_word' id='word_1_686' title='bbox 1916 3627 2166 3698; x_wconf 86' lang='lat' dir='ltr'><strong>Cypriani</strong></span> <span class='ocrx_word' id='word_1_687' title='bbox 2191 3625 2444 3688; x_wconf 79' lang='lat' dir='ltr'><strong>textibus,</strong></span> <span class='ocrx_word' id='word_1_688' title='bbox 2479 3623 2622 3694; x_wconf 87' lang='lat' dir='ltr'><strong>quod</strong></span> <span class='ocrx_word' id='word_1_689' title='bbox 2653 3622 2834 3677; x_wconf 89' lang='lat' dir='ltr'><strong>vident</strong></span> <span class='ocrx_word' id='word_1_690' title='bbox 2863 3636 3074 3685; x_wconf 90' lang='lat' dir='ltr'><strong>omnes,</strong></span> <span class='ocrx_word' id='word_1_691' title='bbox 3108 3619 3358 3673; x_wconf 86' lang='lat' dir='ltr'><strong>traditum</strong></span> <span class='ocrx_word' id='word_1_692' title='bbox 3397 3617 3502 3673; x_wconf 88' lang='lat' dir='ltr'><strong>sci-</strong></span> 
     </span>
    </p>
   </div>
   <div class='ocr_carea' id='block_1_96' title="bbox 1917 3711 3516 3790">
    <p class='ocr_par' dir='ltr' id='par_1_96' title="bbox 1917 3711 3516 3790">
     <span class='ocr_line' id='line_1_96' title="bbox 1917 3711 3516 3790; baseline -0.004 -18"><span class='ocrx_word' id='word_1_693' title='bbox 1917 3719 2040 3774; x_wconf 87' lang='lat' dir='ltr'><strong>licet</strong></span> <span class='ocrx_word' id='word_1_694' title='bbox 2067 3735 2097 3772; x_wconf 92' lang='lat' dir='ltr'><strong>a</strong></span> <span class='ocrx_word' id='word_1_695' title='bbox 2119 3717 2389 3790; x_wconf 85' lang='lat' dir='ltr'><strong>Cypriane</strong></span> <span class='ocrx_word' id='word_1_696' title='bbox 2415 3717 2542 3781; x_wconf 90' lang='lat' dir='ltr'><strong>dici,</strong></span> <span class='ocrx_word' id='word_1_697' title='bbox 2574 3731 2736 3770; x_wconf 87' lang='lat' dir='ltr'><strong>unum</strong></span> <span class='ocrx_word' id='word_1_698' title='bbox 2762 3729 2880 3790; x_wconf 80' lang='lat' dir='ltr'><strong>esse</strong></span> <span class='ocrx_word' id='word_1_699' title='bbox 2902 3713 3174 3781; x_wconf 83' lang='lat' dir='ltr'><strong>Baptisma</strong></span> <span class='ocrx_word' id='word_1_700' title='bbox 3202 3727 3306 3766; x_wconf 91' lang='lat' dir='ltr'><strong>non</strong></span> <span class='ocrx_word' id='word_1_701' title='bbox 3335 3712 3432 3764; x_wconf 89' lang='lat' dir='ltr'><strong>nisi</strong></span> <span class='ocrx_word' id='word_1_702' title='bbox 3462 3711 3516 3767; x_wconf 89' lang='lat' dir='ltr'><strong>in</strong></span> 
     </span>
    </p>
   </div>
   <div class='ocr_carea' id='block_1_97' title="bbox 1919 3803 3518 3876">
    <p class='ocr_par' dir='ltr' id='par_1_97' title="bbox 1919 3803 3518 3876">
     <span class='ocr_line' id='line_1_97' title="bbox 1919 3803 3518 3876; baseline -0.003 -13"><span class='ocrx_word' id='word_1_703' title='bbox 1919 3826 2023 3864; x_wconf 91' lang='lat' dir='ltr'><strong>una</strong></span> <span class='ocrx_word' id='word_1_704' title='bbox 2058 3811 2296 3863; x_wconf 84' lang='lat' dir='ltr'><strong>Ecclesia</strong></span> <span class='ocrx_word' id='word_1_705' title='bbox 2345 3808 2717 3872; x_wconf 70' lang='lat' dir='ltr'><strong>consuitntum,</strong></span> <span class='ocrx_word' id='word_1_706' title='bbox 2770 3805 2911 3876; x_wconf 88' lang='lat' dir='ltr'><strong>quod</strong></span> <span class='ocrx_word' id='word_1_707' title='bbox 2964 3821 3148 3858; x_wconf 89' lang='lat' dir='ltr'><strong>verum</strong></span> <span class='ocrx_word' id='word_1_708' title='bbox 3203 3815 3321 3869; x_wconf 90' lang='lat' dir='ltr'><strong>cst,</strong></span> <span class='ocrx_word' id='word_1_709' title='bbox 3375 3803 3518 3874; x_wconf 88' lang='lat' dir='ltr'><strong>quod</strong></span> 
     </span>
    </p>
   </div>
   <div class='ocr_carea' id='block_1_98' title="bbox 1919 3898 3521 3969">
    <p class='ocr_par' dir='ltr' id='par_1_98' title="bbox 1919 3898 3521 3969">
     <span class='ocr_line' id='line_1_98' title="bbox 1919 3898 3521 3969; baseline -0.002 -13"><span class='ocrx_word' id='word_1_710' title='bbox 1919 3917 2107 3956; x_wconf 87' lang='lat' dir='ltr'><strong>omnes</strong></span> <span class='ocrx_word' id='word_1_711' title='bbox 2126 3911 2310 3955; x_wconf 89' lang='lat' dir='ltr'><strong>tenent</strong></span> <span class='ocrx_word' id='word_1_712' title='bbox 2329 3901 2616 3965; x_wconf 88' lang='lat' dir='ltr'><strong>Catholici,</strong></span> <span class='ocrx_word' id='word_1_713' title='bbox 2642 3901 2730 3969; x_wconf 84' lang='lat' dir='ltr'><strong>qui</strong></span> <span class='ocrx_word' id='word_1_714' title='bbox 2757 3915 2822 3952; x_wconf 80' lang='lat' dir='ltr'><strong>ex</strong></span> <span class='ocrx_word' id='word_1_715' title='bbox 2847 3899 2947 3951; x_wconf 89' lang='lat' dir='ltr'><strong>hac</strong></span> <span class='ocrx_word' id='word_1_716' title='bbox 2977 3898 3260 3952; x_wconf 89' lang='lat' dir='ltr'><strong>traditione</strong></span> <span class='ocrx_word' id='word_1_717' title='bbox 3289 3900 3521 3967; x_wconf 88' lang='lat' dir='ltr'><strong>probant</strong></span> 
     </span>
    </p>
   </div>
   <div class='ocr_carea' id='block_1_99' title="bbox 1922 3991 3519 4062">
    <p class='ocr_par' dir='ltr' id='par_1_99' title="bbox 1922 3991 3519 4062">
     <span class='ocr_line' id='line_1_99' title="bbox 1922 3991 3519 4062; baseline 0 -16"><span class='ocrx_word' id='word_1_718' title='bbox 1922 3993 2190 4048; x_wconf 76' lang='lat' dir='ltr'><strong>incrcticis</strong></span> <span class='ocrx_word' id='word_1_719' title='bbox 2216 3994 2489 4062; x_wconf 81' lang='lat' dir='ltr'><strong>baptizare</strong></span> <span class='ocrx_word' id='word_1_720' title='bbox 2518 4007 2621 4046; x_wconf 90' lang='lat' dir='ltr'><strong>non</strong></span> <span class='ocrx_word' id='word_1_721' title='bbox 2655 3992 2850 4055; x_wconf 88' lang='lat' dir='ltr'><strong>licere;</strong></span> <span class='ocrx_word' id='word_1_722' title='bbox 2881 4000 2936 4044; x_wconf 88' lang='lat' dir='ltr'><strong>at</strong></span> <span class='ocrx_word' id='word_1_723' title='bbox 2964 3991 3048 4044; x_wconf 90' lang='lat' dir='ltr'><strong>hic</strong></span> <span class='ocrx_word' id='word_1_724' title='bbox 3074 3991 3402 4044; x_wconf 85' lang='lat' dir='ltr'><strong>traditumne</strong></span> <span class='ocrx_word' id='word_1_725' title='bbox 3427 4005 3519 4046; x_wconf 86' lang='lat' dir='ltr'><strong>as-</strong></span> 
     </span>
    </p>
   </div>
   <div class='ocr_carea' id='block_1_100' title="bbox 1921 4082 3516 4153">
    <p class='ocr_par' dir='ltr' id='par_1_100' title="bbox 1921 4082 3516 4153">
     <span class='ocr_line' id='line_1_100' title="bbox 1921 4082 3516 4153; baseline -0.001 -13"><span class='ocrx_word' id='word_1_726' title='bbox 1921 4087 2055 4140; x_wconf 87' lang='lat' dir='ltr'><strong>serit</strong></span> <span class='ocrx_word' id='word_1_727' title='bbox 2085 4085 2143 4140; x_wconf 91' lang='lat' dir='ltr'><strong>S.</strong></span> <span class='ocrx_word' id='word_1_728' title='bbox 2173 4085 2388 4147; x_wconf 87' lang='lat' dir='ltr'><strong>Doctor,</strong></span> <span class='ocrx_word' id='word_1_729' title='bbox 2421 4083 2688 4153; x_wconf 73' lang='lat' dir='ltr'><strong>Baptisms</strong></span> <span class='ocrx_word' id='word_1_730' title='bbox 2723 4082 3097 4136; x_wconf 58' lang='lat' dir='ltr'><strong>haereticorum</strong></span> <span class='ocrx_word' id='word_1_731' title='bbox 3130 4083 3366 4136; x_wconf 89' lang='lat' dir='ltr'><strong>validum</strong></span> <span class='ocrx_word' id='word_1_732' title='bbox 3407 4097 3516 4138; x_wconf 90' lang='lat' dir='ltr'><strong>non</strong></span> 
     </span>
    </p>
   </div>
   <div class='ocr_carea' id='block_1_101' title="bbox 1922 4174 3519 4247">
    <p class='ocr_par' dir='ltr' id='par_1_101' title="bbox 1922 4174 3519 4247">
     <span class='ocr_line' id='line_1_101' title="bbox 1922 4174 3519 4247; baseline -0.005 -13"><span class='ocrx_word' id='word_1_733' title='bbox 1922 4195 2060 4243; x_wconf 89' lang='lat' dir='ltr'><strong>esse,</strong></span> <span class='ocrx_word' id='word_1_734' title='bbox 2109 4179 2194 4232; x_wconf 88' lang='lat' dir='ltr'><strong>vel</strong></span> <span class='ocrx_word' id='word_1_735' title='bbox 2245 4177 2371 4247; x_wconf 87' lang='lat' dir='ltr'><strong>quid</strong></span> <span class='ocrx_word' id='word_1_736' title='bbox 2420 4176 2636 4230; x_wconf 84' lang='lat' dir='ltr'><strong>simile?</strong></span> <span class='ocrx_word' id='word_1_737' title='bbox 2689 4176 2800 4230; x_wconf 87' lang='lat' dir='ltr'><strong>Hoc</strong></span> <span class='ocrx_word' id='word_1_738' title='bbox 2845 4174 3084 4244; x_wconf 84' lang='lat' dir='ltr'><strong>profecto</strong></span> <span class='ocrx_word' id='word_1_739' title='bbox 3141 4189 3302 4229; x_wconf 90' lang='lat' dir='ltr'><strong>nemo</strong></span> <span class='ocrx_word' id='word_1_740' title='bbox 3355 4175 3519 4244; x_wconf 85' lang='lat' dir='ltr'><strong>legit,</strong></span> 
     </span>
    </p>
   </div>
   <div class='ocr_carea' id='block_1_102' title="bbox 1923 4267 3522 4337">
    <p class='ocr_par' dir='ltr' id='par_1_102' title="bbox 1923 4267 3522 4337">
     <span class='ocr_line' id='line_1_102' title="bbox 1923 4267 3522 4337; baseline -0.003 -11"><span class='ocrx_word' id='word_1_741' title='bbox 1923 4271 2338 4334; x_wconf 76' lang='lat' dir='ltr'><strong>nemo-videt,</strong></span> <span class='ocrx_word' id='word_1_742' title='bbox 2413 4283 2510 4324; x_wconf 89' lang='lat' dir='ltr'><strong>nec</strong></span> <span class='ocrx_word' id='word_1_743' title='bbox 2569 4268 2826 4324; x_wconf 88' lang='lat' dir='ltr'><strong>videbunt</strong></span> <span class='ocrx_word' id='word_1_744' title='bbox 2893 4267 2992 4337; x_wconf 92' lang='lat' dir='ltr'><strong>ipsi</strong></span> <span class='ocrx_word' id='word_1_745' title='bbox 3065 4267 3358 4322; x_wconf 88' lang='lat' dir='ltr'><strong>adversarii</strong></span> <span class='ocrx_word' id='word_1_746' title='bbox 3434 4282 3522 4322; x_wconf 90' lang='lat' dir='ltr'><strong>res</strong></span> 
     </span>
    </p>
   </div>
   <div class='ocr_carea' id='block_1_103' title="bbox 1921 4362 3520 4437">
    <p class='ocr_par' dir='ltr' id='par_1_103' title="bbox 1921 4362 3520 4437">
     <span class='ocr_line' id='line_1_103' title="bbox 1921 4362 3520 4437; baseline -0.003 -16"><span class='ocrx_word' id='word_1_747' title='bbox 1921 4367 2143 4437; x_wconf 88' lang='lat' dir='ltr'><strong>propius</strong></span> <span class='ocrx_word' id='word_1_748' title='bbox 2172 4366 2537 4436; x_wconf 87' lang='lat' dir='ltr'><strong>inspicientes.</strong></span> <span class='ocrx_word' id='word_1_749' title='bbox 2590 4363 2680 4430; x_wconf 85' lang='lat' dir='ltr'><strong>At,</strong></span> <span class='ocrx_word' id='word_1_750' title='bbox 2735 4362 3001 4432; x_wconf 83' lang='lat' dir='ltr'><strong>inquiunt,</strong></span> <span class='ocrx_word' id='word_1_751' title='bbox 3051 4378 3212 4416; x_wconf 89' lang='lat' dir='ltr'><strong>unum</strong></span> <span class='ocrx_word' id='word_1_752' title='bbox 3247 4362 3520 4432; x_wconf 86' lang='lat' dir='ltr'><strong>Baptisma</strong></span> 
     </span>
    </p>
   </div>
   <div class='ocr_carea' id='block_1_104' title="bbox 1923 4456 3517 4522">
    <p class='ocr_par' dir='ltr' id='par_1_104' title="bbox 1923 4456 3517 4522">
     <span class='ocr_line' id='line_1_104' title="bbox 1923 4456 3517 4522; baseline -0.004 -7"><span class='ocrx_word' id='word_1_753' title='bbox 1923 4463 1973 4515; x_wconf 93' lang='lat' dir='ltr'><strong>in</strong></span> <span class='ocrx_word' id='word_1_754' title='bbox 2007 4477 2109 4515; x_wconf 88' lang='lat' dir='ltr'><strong>una</strong></span> <span class='ocrx_word' id='word_1_755' title='bbox 2144 4460 2382 4516; x_wconf 88' lang='lat' dir='ltr'><strong>Ecclesia</strong></span> <span class='ocrx_word' id='word_1_756' title='bbox 2417 4461 2486 4513; x_wconf 92' lang='lat' dir='ltr'><strong>ita</strong></span> <span class='ocrx_word' id='word_1_757' title='bbox 2519 4459 2866 4512; x_wconf 83' lang='lat' dir='ltr'><strong>constitutum</strong></span> <span class='ocrx_word' id='word_1_758' title='bbox 2897 4456 3175 4510; x_wconf 87' lang='lat' dir='ltr'><strong>asserebat</strong></span> <span class='ocrx_word' id='word_1_759' title='bbox 3204 4456 3261 4511; x_wconf 90' lang='lat' dir='ltr'><strong>S.</strong></span> <span class='ocrx_word' id='word_1_760' title='bbox 3300 4456 3517 4522; x_wconf 85' lang='lat' dir='ltr'><strong>Doctor,</strong></span> 
     </span>
    </p>
   </div>
   <div class='ocr_carea' id='block_1_105' title="bbox 1923 4548 3521 4618">
    <p class='ocr_par' dir='ltr' id='par_1_105' title="bbox 1923 4548 3521 4618">
     <span class='ocr_line' id='line_1_105' title="bbox 1923 4548 3521 4618; baseline -0.004 -11"><span class='ocrx_word' id='word_1_761' title='bbox 1923 4565 1979 4608; x_wconf 93' lang='lat' dir='ltr'><strong>ut</strong></span> <span class='ocrx_word' id='word_1_762' title='bbox 2009 4552 2292 4608; x_wconf 84' lang='lat' dir='ltr'><strong>haereticos</strong></span> <span class='ocrx_word' id='word_1_763' title='bbox 2321 4567 2422 4606; x_wconf 91' lang='lat' dir='ltr'><strong>nec</strong></span> <span class='ocrx_word' id='word_1_764' title='bbox 2455 4552 2600 4606; x_wconf 91' lang='lat' dir='ltr'><strong>licite</strong></span> <span class='ocrx_word' id='word_1_765' title='bbox 2629 4566 2728 4605; x_wconf 90' lang='lat' dir='ltr'><strong>nec</strong></span> <span class='ocrx_word' id='word_1_766' title='bbox 2755 4548 2927 4604; x_wconf 86' lang='lat' dir='ltr'><strong>valide</strong></span> <span class='ocrx_word' id='word_1_767' title='bbox 2954 4549 3223 4616; x_wconf 80' lang='lat' dir='ltr'><strong>baptizare</strong></span> <span class='ocrx_word' id='word_1_768' title='bbox 3255 4563 3413 4618; x_wconf 85' lang='lat' dir='ltr'><strong>posse</strong></span> <span class='ocrx_word' id='word_1_769' title='bbox 3435 4564 3521 4602; x_wconf 82' lang='lat' dir='ltr'><strong>ar-</strong></span> 
     </span>
    </p>
   </div>
   <div class='ocr_carea' id='block_1_106' title="bbox 1923 4641 3520 4715">
    <p class='ocr_par' dir='ltr' id='par_1_106' title="bbox 1923 4641 3520 4715">
     <span class='ocr_line' id='line_1_106' title="bbox 1923 4641 3520 4715; baseline 0 -19"><span class='ocrx_word' id='word_1_770' title='bbox 1923 4654 2132 4715; x_wconf 81' lang='lat' dir='ltr'><strong>gueret.</strong></span> <span class='ocrx_word' id='word_1_771' title='bbox 2159 4645 2269 4698; x_wconf 85' lang='lat' dir='ltr'><strong>Hoc</strong></span> <span class='ocrx_word' id='word_1_772' title='bbox 2291 4643 2459 4699; x_wconf 89' lang='lat' dir='ltr'><strong>fateor</strong></span> <span class='ocrx_word' id='word_1_773' title='bbox 2485 4643 2552 4698; x_wconf 88' lang='lat' dir='ltr'><strong>de</strong></span> <span class='ocrx_word' id='word_1_774' title='bbox 2572 4659 2678 4714; x_wconf 91' lang='lat' dir='ltr'><strong>quo</strong></span> <span class='ocrx_word' id='word_1_775' title='bbox 2701 4642 3004 4697; x_wconf 88' lang='lat' dir='ltr'><strong>nullatenus</strong></span> <span class='ocrx_word' id='word_1_776' title='bbox 3022 4641 3225 4712; x_wconf 84' lang='lat' dir='ltr'><strong>agitur;</strong></span> <span class='ocrx_word' id='word_1_777' title='bbox 3246 4655 3352 4696; x_wconf 89' lang='lat' dir='ltr'><strong>non</strong></span> <span class='ocrx_word' id='word_1_778' title='bbox 3374 4641 3520 4696; x_wconf 90' lang='lat' dir='ltr'><strong>enim</strong></span> 
     </span>
    </p>
   </div>
   <div class='ocr_carea' id='block_1_107' title="bbox 1925 4736 3518 4811">
    <p class='ocr_par' dir='ltr' id='par_1_107' title="bbox 1925 4736 3518 4811">
     <span class='ocr_line' id='line_1_107' title="bbox 1925 4736 3518 4811; baseline -0.002 -18"><span class='ocrx_word' id='word_1_779' title='bbox 1925 4739 2014 4793; x_wconf 93' lang='lat' dir='ltr'><strong>hic</strong></span> <span class='ocrx_word' id='word_1_780' title='bbox 2060 4739 2338 4810; x_wconf 56' lang='lat' dir='ltr'><strong>quaeritur,</strong></span> <span class='ocrx_word' id='word_1_781' title='bbox 2371 4755 2435 4792; x_wconf 89' lang='lat' dir='ltr'><strong>an</strong></span> <span class='ocrx_word' id='word_1_782' title='bbox 2468 4736 2770 4811; x_wconf 88' lang='lat' dir='ltr'><strong>Cyprianus</strong></span> <span class='ocrx_word' id='word_1_783' title='bbox 2811 4737 3204 4791; x_wconf 81' lang='lat' dir='ltr'><strong>existimaverit</strong></span> <span class='ocrx_word' id='word_1_784' title='bbox 3233 4736 3518 4791; x_wconf 66' lang='lat' dir='ltr'><strong>haareticos</strong></span> 
     </span>
    </p>
   </div>
   <div class='ocr_carea' id='block_1_108' title="bbox 1920 4828 3516 4902">
    <p class='ocr_par' dir='ltr' id='par_1_108' title="bbox 1920 4828 3516 4902">
     <span class='ocr_line' id='line_1_108' title="bbox 1920 4828 3516 4902; baseline -0.002 -16"><span class='ocrx_word' id='word_1_785' title='bbox 1920 4849 2025 4887; x_wconf 86' lang='lat' dir='ltr'><strong>non</strong></span> <span class='ocrx_word' id='word_1_786' title='bbox 2054 4847 2211 4902; x_wconf 90' lang='lat' dir='ltr'><strong>posse</strong></span> <span class='ocrx_word' id='word_1_787' title='bbox 2239 4831 2411 4886; x_wconf 87' lang='lat' dir='ltr'><strong>valide</strong></span> <span class='ocrx_word' id='word_1_788' title='bbox 2442 4831 2742 4901; x_wconf 84' lang='lat' dir='ltr'><strong>baptizare;</strong></span> <span class='ocrx_word' id='word_1_789' title='bbox 2776 4845 2872 4882; x_wconf 86' lang='lat' dir='ltr'><strong>nec</strong></span> <span class='ocrx_word' id='word_1_790' title='bbox 2897 4828 3178 4898; x_wconf 72' lang='lat' dir='ltr'><strong>quteritnr,</strong></span> <span class='ocrx_word' id='word_1_791' title='bbox 3210 4843 3276 4882; x_wconf 89' lang='lat' dir='ltr'><strong>an</strong></span> <span class='ocrx_word' id='word_1_792' title='bbox 3303 4828 3408 4883; x_wconf 87' lang='lat' dir='ltr'><strong>hoc</strong></span> <span class='ocrx_word' id='word_1_793' title='bbox 3449 4843 3516 4883; x_wconf 77' lang='lat' dir='ltr'><strong>ex</strong></span> 
     </span>
    </p>
   </div>
   <div class='ocr_carea' id='block_1_109' title="bbox 1920 4919 3516 4993">
    <p class='ocr_par' dir='ltr' id='par_1_109' title="bbox 1920 4919 3516 4993">
     <span class='ocr_line' id='line_1_109' title="bbox 1920 4919 3516 4993; baseline -0.003 -15"><span class='ocrx_word' id='word_1_794' title='bbox 1920 4924 2160 4993; x_wconf 89' lang='lat' dir='ltr'><strong>pluribus</strong></span> <span class='ocrx_word' id='word_1_795' title='bbox 2210 4924 2497 4992; x_wconf 67' lang='lat' dir='ltr'><strong>Scripturte</strong></span> <span class='ocrx_word' id='word_1_796' title='bbox 2538 4922 2776 4990; x_wconf 78' lang='lat' dir='ltr'><strong>textibus</strong></span> <span class='ocrx_word' id='word_1_797' title='bbox 2817 4935 3008 4976; x_wconf 86' lang='lat' dir='ltr'><strong>eruere</strong></span> <span class='ocrx_word' id='word_1_798' title='bbox 3055 4921 3378 4983; x_wconf 85' lang='lat' dir='ltr'><strong>tentaverit,</strong></span> <span class='ocrx_word' id='word_1_799' title='bbox 3422 4919 3516 4974; x_wconf 87' lang='lat' dir='ltr'><strong>sed</strong></span> 
     </span>
    </p>
   </div>
   <div class='ocr_carea' id='block_1_110' title="bbox 1918 5013 3516 5084">
    <p class='ocr_par' dir='ltr' id='par_1_110' title="bbox 1918 5013 3516 5084">
     <span class='ocr_line' id='line_1_110' title="bbox 1918 5013 3516 5084; baseline -0.001 -16"><span class='ocrx_word' id='word_1_800' title='bbox 1918 5016 2176 5084; x_wconf 50' lang='lat' dir='ltr'><strong>quaeritur</strong></span> <span class='ocrx_word' id='word_1_801' title='bbox 2203 5027 2376 5070; x_wconf 89' lang='lat' dir='ltr'><strong>utrum</strong></span> <span class='ocrx_word' id='word_1_802' title='bbox 2407 5014 2473 5068; x_wconf 87' lang='lat' dir='ltr'><strong>de</strong></span> <span class='ocrx_word' id='word_1_803' title='bbox 2504 5014 2607 5068; x_wconf 89' lang='lat' dir='ltr'><strong>fide</strong></span> <span class='ocrx_word' id='word_1_804' title='bbox 2637 5013 2945 5078; x_wconf 88' lang='lat' dir='ltr'><strong>crediderit,</strong></span> <span class='ocrx_word' id='word_1_805' title='bbox 2999 5023 3175 5066; x_wconf 90' lang='lat' dir='ltr'><strong>utrum</strong></span> <span class='ocrx_word' id='word_1_806' title='bbox 3203 5028 3233 5066; x_wconf 91' lang='lat' dir='ltr'><strong>a</strong></span> <span class='ocrx_word' id='word_1_807' title='bbox 3265 5013 3375 5067; x_wconf 88' lang='lat' dir='ltr'><strong>Deo</strong></span> <span class='ocrx_word' id='word_1_808' title='bbox 3406 5023 3516 5066; x_wconf 86' lang='lat' dir='ltr'><strong>tra-</strong></span> 
     </span>
    </p>
   </div>
   <div class='ocr_carea' id='block_1_111' title="bbox 1919 5106 3516 5177">
    <p class='ocr_par' dir='ltr' id='par_1_111' title="bbox 1919 5106 3516 5177">
     <span class='ocr_line' id='line_1_111' title="bbox 1919 5106 3516 5177; baseline -0.002 -13"><span class='ocrx_word' id='word_1_809' title='bbox 1919 5109 2087 5164; x_wconf 83' lang='lat' dir='ltr'><strong>ditem</strong></span> <span class='ocrx_word' id='word_1_810' title='bbox 2120 5109 2312 5163; x_wconf 83' lang='lat' dir='ltr'><strong>dixerit</strong></span> <span class='ocrx_word' id='word_1_811' title='bbox 2345 5108 2613 5177; x_wconf 86' lang='lat' dir='ltr'><strong>Baptisma</strong></span> <span class='ocrx_word' id='word_1_812' title='bbox 2644 5109 2710 5160; x_wconf 84' lang='lat' dir='ltr'><strong>ita</strong></span> <span class='ocrx_word' id='word_1_813' title='bbox 2742 5123 2903 5160; x_wconf 87' lang='lat' dir='ltr'><strong>unum</strong></span> <span class='ocrx_word' id='word_1_814' title='bbox 2934 5107 2984 5159; x_wconf 91' lang='lat' dir='ltr'><strong>in</strong></span> <span class='ocrx_word' id='word_1_815' title='bbox 3015 5106 3253 5160; x_wconf 89' lang='lat' dir='ltr'><strong>Ecclesia</strong></span> <span class='ocrx_word' id='word_1_816' title='bbox 3285 5121 3422 5170; x_wconf 75' lang='lat' dir='ltr'><strong>esse,</strong></span> <span class='ocrx_word' id='word_1_817' title='bbox 3457 5114 3516 5160; x_wconf 89' lang='lat' dir='ltr'><strong>ut</strong></span> 
     </span>
    </p>
   </div>
   <div class='ocr_carea' id='block_1_112' title="bbox 1921 5197 3509 5268">
    <p class='ocr_par' dir='ltr' id='par_1_112' title="bbox 1921 5197 3509 5268">
     <span class='ocr_line' id='line_1_112' title="bbox 1921 5197 3509 5268; baseline -0.001 -14"><span class='ocrx_word' id='word_1_818' title='bbox 1921 5201 2158 5256; x_wconf 65' lang='lat' dir='ltr'><strong>hazretici</strong></span> <span class='ocrx_word' id='word_1_819' title='bbox 2202 5217 2300 5254; x_wconf 84' lang='lat' dir='ltr'><strong>nec</strong></span> <span class='ocrx_word' id='word_1_820' title='bbox 2347 5200 2488 5253; x_wconf 90' lang='lat' dir='ltr'><strong>licite</strong></span> <span class='ocrx_word' id='word_1_821' title='bbox 2536 5214 2633 5254; x_wconf 91' lang='lat' dir='ltr'><strong>nec</strong></span> <span class='ocrx_word' id='word_1_822' title='bbox 2677 5197 2850 5252; x_wconf 84' lang='lat' dir='ltr'><strong>valide</strong></span> <span class='ocrx_word' id='word_1_823' title='bbox 2897 5200 3168 5268; x_wconf 86' lang='lat' dir='ltr'><strong>baptizare</strong></span> <span class='ocrx_word' id='word_1_824' title='bbox 3217 5198 3509 5267; x_wconf 87' lang='lat' dir='ltr'><strong>potuerint.</strong></span> 
     </span>
    </p>
   </div>
   <div class='ocr_carea' id='block_1_113' title="bbox 1919 5290 3511 5362">
    <p class='ocr_par' dir='ltr' id='par_1_113' title="bbox 1919 5290 3511 5362">
     <span class='ocr_line' id='line_1_113' title="bbox 1919 5290 3511 5362; baseline -0.001 -16"><span class='ocrx_word' id='word_1_825' title='bbox 1919 5294 2033 5347; x_wconf 86' lang='lat' dir='ltr'><strong>Hoc</strong></span> <span class='ocrx_word' id='word_1_826' title='bbox 2077 5308 2236 5362; x_wconf 91' lang='lat' dir='ltr'><strong>porro</strong></span> <span class='ocrx_word' id='word_1_827' title='bbox 2266 5307 2556 5360; x_wconf 86' lang='lat' dir='ltr'><strong>numquam</strong></span> <span class='ocrx_word' id='word_1_828' title='bbox 2587 5290 2938 5360; x_wconf 84' lang='lat' dir='ltr'><strong>probabitur;</strong></span> <span class='ocrx_word' id='word_1_829' title='bbox 2988 5290 3091 5344; x_wconf 91' lang='lat' dir='ltr'><strong>hoc</strong></span> <span class='ocrx_word' id='word_1_830' title='bbox 3136 5291 3322 5345; x_wconf 89' lang='lat' dir='ltr'><strong>nullihi</strong></span> <span class='ocrx_word' id='word_1_831' title='bbox 3371 5291 3511 5360; x_wconf 90' lang='lat' dir='ltr'><strong>apud</strong></span> 
     </span>
    </p>
   </div>
   <div class='ocr_carea' id='block_1_114' title="bbox 1916 5382 3514 5456">
    <p class='ocr_par' dir='ltr' id='par_1_114' title="bbox 1916 5382 3514 5456">
     <span class='ocr_line' id='line_1_114' title="bbox 1916 5382 3514 5456; baseline -0.001 -17"><span class='ocrx_word' id='word_1_832' title='bbox 1916 5384 2239 5456; x_wconf 84' lang='lat' dir='ltr'><strong>Cyprianum</strong></span> <span class='ocrx_word' id='word_1_833' title='bbox 2275 5384 2515 5453; x_wconf 80' lang='lat' dir='ltr'><strong>legetur;</strong></span> <span class='ocrx_word' id='word_1_834' title='bbox 2542 5383 2704 5436; x_wconf 92' lang='lat' dir='ltr'><strong>immo</strong></span> <span class='ocrx_word' id='word_1_835' title='bbox 2725 5383 3053 5437; x_wconf 85' lang='lat' dir='ltr'><strong>contrarium</strong></span> <span class='ocrx_word' id='word_1_836' title='bbox 3084 5383 3168 5437; x_wconf 89' lang='lat' dir='ltr'><strong>vel</strong></span> <span class='ocrx_word' id='word_1_837' title='bbox 3200 5399 3263 5437; x_wconf 76' lang='lat' dir='ltr'><strong>ex</strong></span> <span class='ocrx_word' id='word_1_838' title='bbox 3298 5382 3514 5437; x_wconf 89' lang='lat' dir='ltr'><strong>hacmet</strong></span> 
     </span>
    </p>
   </div>
   <div class='ocr_carea' id='block_1_115' title="bbox 1917 5475 2899 5549">
    <p class='ocr_par' dir='ltr' id='par_1_115' title="bbox 1917 5475 2899 5549">
     <span class='ocr_line' id='line_1_115' title="bbox 1917 5475 2899 5549; baseline -0.003 -16"><span class='ocrx_word' id='word_1_839' title='bbox 1917 5477 2155 5549; x_wconf 88' lang='lat' dir='ltr'><strong>Epistola</strong></span> <span class='ocrx_word' id='word_1_840' title='bbox 2187 5477 2451 5545; x_wconf 89' lang='lat' dir='ltr'><strong>objectata</strong></span> <span class='ocrx_word' id='word_1_841' title='bbox 2482 5475 2899 5530; x_wconf 87' lang='lat' dir='ltr'><strong>demonstratur.</strong></span> 
     </span>
    </p>
   </div>
   <div class='ocr_carea' id='block_1_116' title="bbox 1985 5567 3509 5638">
    <p class='ocr_par' dir='ltr' id='par_1_116' title="bbox 1985 5567 3509 5638">
     <span class='ocr_line' id='line_1_116' title="bbox 1985 5567 3509 5638; baseline 0 -15"><span class='ocrx_word' id='word_1_842' title='bbox 1985 5568 2118 5623; x_wconf 90' lang='lat' dir='ltr'><strong>Cum</strong></span> <span class='ocrx_word' id='word_1_843' title='bbox 2165 5569 2307 5622; x_wconf 89' lang='lat' dir='ltr'><strong>enim</strong></span> <span class='ocrx_word' id='word_1_844' title='bbox 2352 5567 2655 5637; x_wconf 84' lang='lat' dir='ltr'><strong>Stephanus</strong></span> <span class='ocrx_word' id='word_1_845' title='bbox 2695 5567 2920 5622; x_wconf 79' lang='lat' dir='ltr'><strong>dixisset</strong></span> <span class='ocrx_word' id='word_1_846' title='bbox 2950 5567 3090 5636; x_wconf 90' lang='lat' dir='ltr'><strong>quod</strong></span> <span class='ocrx_word' id='word_1_847' title='bbox 3120 5567 3187 5622; x_wconf 91' lang='lat' dir='ltr'><strong>ab</strong></span> <span class='ocrx_word' id='word_1_848' title='bbox 3233 5568 3509 5638; x_wconf 88' lang='lat' dir='ltr'><strong>Apostolis</strong></span> 
     </span>
    </p>
   </div>
   <div class='ocr_carea' id='block_1_117' title="bbox 1914 5659 3508 5732">
    <p class='ocr_par' dir='ltr' id='par_1_117' title="bbox 1914 5659 3508 5732">
     <span class='ocr_line' id='line_1_117' title="bbox 1914 5659 3508 5732; baseline -0.001 -16"><span class='ocrx_word' id='word_1_849' title='bbox 1914 5661 2217 5732; x_wconf 87' lang='lat' dir='ltr'><strong>accepimus</strong></span> <span class='ocrx_word' id='word_1_850' title='bbox 2245 5670 2510 5724; x_wconf 87' lang='lat' dir='ltr'><strong>tenemus,</strong></span> <span class='ocrx_word' id='word_1_851' title='bbox 2542 5659 2665 5728; x_wconf 89' lang='lat' dir='ltr'><strong>quid</strong></span> <span class='ocrx_word' id='word_1_852' title='bbox 2695 5659 2992 5730; x_wconf 86' lang='lat' dir='ltr'><strong>Cyprianus</strong></span> <span class='ocrx_word' id='word_1_853' title='bbox 3021 5659 3084 5712; x_wconf 88' lang='lat' dir='ltr'><strong>ad</strong></span> <span class='ocrx_word' id='word_1_854' title='bbox 3115 5660 3252 5714; x_wconf 89' lang='lat' dir='ltr'><strong>hanc</strong></span> <span class='ocrx_word' id='word_1_855' title='bbox 3275 5664 3508 5731; x_wconf 77' lang='lat' dir='ltr'><strong>Aposto-</strong></span> 
     </span>
    </p>
   </div>
   <div class='ocr_carea' id='block_1_118' title="bbox 1915 5751 3504 5823">
    <p class='ocr_par' dir='ltr' id='par_1_118' title="bbox 1915 5751 3504 5823">
     <span class='ocr_line' id='line_1_118' title="bbox 1915 5751 3504 5823; baseline -0.001 -14"><span class='ocrx_word' id='word_1_856' title='bbox 1915 5755 2087 5809; x_wconf 91' lang='lat' dir='ltr'><strong>iornm</strong></span> <span class='ocrx_word' id='word_1_857' title='bbox 2112 5751 2522 5809; x_wconf 87' lang='lat' dir='ltr'><strong>auctoritatem?</strong></span> <span class='ocrx_word' id='word_1_858' title='bbox 2545 5770 2563 5802; x_wconf 76' lang='grc' dir='ltr'><strong>ι</strong></span> <span class='ocrx_word' id='word_1_859' title='bbox 2593 5752 2853 5821; x_wconf 77' lang='lat' dir='ltr'><strong>Apestoli,</strong></span> <span class='ocrx_word' id='word_1_860' title='bbox 2880 5752 3191 5823; x_wconf 88' lang='lat' dir='ltr'><strong>respondet,</strong></span> <span class='ocrx_word' id='word_1_861' title='bbox 3219 5751 3504 5809; x_wconf 66' lang='lat' dir='ltr'><strong>haereticos</strong></span> 
     </span>
    </p>
   </div>
   <div class='ocr_carea' id='block_1_119' title="bbox 1923 5843 3508 5916">
    <p class='ocr_par' dir='ltr' id='par_1_119' title="bbox 1923 5843 3508 5916">
     <span class='ocr_line' id='line_1_119' title="bbox 1923 5843 3508 5916; baseline 0.001 -16"><span class='ocrx_word' id='word_1_862' title='bbox 1923 5845 2281 5900; x_wconf 78' lang='lat' dir='ltr'><strong>Amici-tristes</strong></span> <span class='ocrx_word' id='word_1_863' title='bbox 2321 5843 2688 5914; x_wconf 85' lang='lat' dir='ltr'><strong>nominarunt,</strong></span> <span class='ocrx_word' id='word_1_864' title='bbox 2717 5858 2812 5899; x_wconf 89' lang='lat' dir='ltr'><strong>eos</strong></span> <span class='ocrx_word' id='word_1_865' title='bbox 2837 5858 2957 5901; x_wconf 85' lang='lat' dir='ltr'><strong>esse</strong></span> <span class='ocrx_word' id='word_1_866' title='bbox 2999 5844 3247 5900; x_wconf 82' lang='lat' dir='ltr'><strong>vitandos</strong></span> <span class='ocrx_word' id='word_1_867' title='bbox 3273 5860 3508 5916; x_wconf 47' lang='lat' dir='ltr'><strong>pronunt-</strong></span> 
     </span>
    </p>
   </div>
  </div>
