4208 6276
660 340 801 396 1545

2080 340 2529 399 DISSERTATIO

3814 338 3948 397 1344

657 458 875 526 tiarunt,
909 456 1097 515 nullibi
1125 456 1266 528 apud
1306 458 1590 529 Apostolos
1618 465 1942 528 praeceptum
1974 459 2242 513 invenitur
2269 460 2320 518 A
2347 460 2576 529 spicacia
2598 459 2832 515 maxime
2854 458 3133 530 praeditus,
3152 473 3216 513 ac
3232 457 3534 514 eruditione
3554 456 3935 513 clarissimus.‘

661 563 719 610 ut
748 552 1016 610 haereticis
1038 561 1241 608 tantum
1270 568 1461 608 manus
1489 554 1540 607 in
1574 554 1942 623 poanitentiam
1967 553 2250 624 imponan—

659 656 781 714 tur;
817 667 837 700 ι
879 663 971 703 eos
1004 646 1253 702 nimirum
1286 648 1425 703 intra
1453 647 1652 703 limites
1702 662 1762 702 se
1811 647 2051 702 continet
2080 655 2137 700 ut
2164 662 2251 702 os-

658 739 842 796 tendat
869 740 1199 810 Stephanum
1222 742 1427 811 absque
1451 740 1603 795 titulo
1630 740 1934 809 Apostolica
1960 739 2251 795 traditione

657 832 897 904 gloriari,
926 843 979 887 et
1007 833 1135 904 quid
1167 834 1307 889 circa
1338 833 1607 903 ejusmodi
1635 832 1963 899 Baptismum
2009 832 2251 902 Apostoli

659 926 928 981 senserint
955 925 1146 980 latere.
1174 925 1342 980 Porro
1378 926 1419 979 si
1448 924 1509 980 S.
1531 922 1831 995 Cyprianus
1854 938 2004 977 suam
2034 932 2253 978 senten-

664 1016 791 1072 tiam
818 1018 887 1071 ah
915 1017 1184 1087 Apostolis
1215 1017 1465 1073 traditam
1506 1016 1887 1079 existimasset,
1912 1017 2052 1070 hanc
2085 1015 2250 1070 tradi-

663 1109 863 1164 tionem
894 1107 1135 1179 prol‘ecto
1170 1109 1257 1164 hic
1296 1109 1638 1179 appellasset,
1686 1123 1948 1178 reponere
1974 1118 2120 1163 certe
2149 1125 2254 1163 non

661 1202 937 1258 omisisset
954 1203 1188 1273 pessima
1215 1202 1435 1258 omnino
1460 1202 1566 1257 ﬁde
1588 1202 1949 1272 Apostolicam
1972 1202 2257 1257 auctorita-

664 1307 773 1354 tem
793 1312 821 1352 a
840 1296 1117 1368 Stephano
1144 1296 1374 1361 laudari,
1394 1312 1514 1352 cum
1538 1297 1636 1352 sibi
1661 1297 1759 1367 ipsi
1787 1297 2006 1351 omnino
2033 1295 2255 1363 faveret,

663 1392 982 1462 oportunior
1002 1390 1104 1460 ipsi
1129 1390 1274 1446 nulla
1306 1389 1405 1445 fuit
1428 1391 1641 1445 occasio
1661 1390 2077 1461 peremptoriam
2103 1390 2258 1444 istam

666 1484 932 1554 allegandi
965 1484 1331 1549 traditionem,
1364 1500 1468 1553 qua
1499 1484 1795 1539 adversarii
1827 1484 2038 1554 penitus
2078 1492 2260 1538 retun-

667 1577 947 1633 derentur.
969 1577 1027 1633 1d
1051 1588 1228 1633 tamen
1259 1593 1364 1632 non
1390 1577 1969 1650 prestititCyprianus;
1994 1592 2101 1631 non
2132 1592 2260 1647 ergo

667 1670 878 1726 censuit
903 1669 971 1724 ab
1002 1671 1275 1741 Apostolis
1302 1669 1558 1725 traditum
1587 1670 1861 1740 Baptisma
1886 1669 2259 1725 haereticorum

670 1764 961 1821 invalidum
982 1780 1121 1821 esse.

2422 552 2694 622 Respond.
2729 550 2831 606 Tot
2883 561 2936 607 et
2962 552 3124 606 tantis
3150 550 3338 605 nititur
3366 549 3597 605 assertio
3628 556 3815 605 nostra
3856 565 3951 605 ar-

2352 647 2652 717 gumentis.
2685 655 2743 700 ut
2767 662 2884 702 eam
2919 645 3229 713 probilitate
3272 659 3459 700 carere
3503 644 3653 699 solus
3703 643 3795 700 ille
3820 659 3953 700 con-

2357 736 2558 797 tendat.
2578 737 2668 807 qui
2684 737 2861 807 palpet
2878 737 2929 791 io
2948 736 3195 791 meridie.
3230 736 3522 791 Enimvero
3535 746 3592 791 ut
3601 736 3721 807 jure
3735 738 3958 793 merito-

2355 845 2459 900 que
2506 830 2713 884 dicatur
2741 828 3067 900 Cyprianum
3098 828 3442 884 existimasse
3471 827 3611 883 hanc
3634 830 3795 884 fuisse
3826 843 3951 883 me-

2357 938 2432 977 rre
2479 921 2780 992 disciplinae
2811 922 3234 977 controversiam
3261 964 3276 985 ,
3309 920 3569 991 numquid
3611 936 3830 976 necesse
3870 931 3961 975 est

2359 1017 2574 1071 modum
2608 1017 2964 1086 investigare,
2998 1016 3283 1086 detegere,
3318 1013 3615 1079 vindicare,
3653 1030 3759 1083 quo
3781 1014 3953 1069 talem

2354 1109 2657 1181 judicavit?
2686 1111 2965 1179 Ignoretur
3010 1109 3225 1175 modus,
3260 1109 3306 1162 si
3336 1109 3549 1177 placet,
3602 1106 3805 1162 lateant
3859 1123 3961 1163 nos

2359 1202 2617 1272 principia
2666 1201 2862 1272 quibus
2909 1201 2975 1255 ad
3027 1201 3099 1255 ita
3137 1198 3490 1269 judicandum
3534 1208 3847 1253 moveretur
3899 1198 3957 1252 S.

2362 1296 2580 1363 Doctor,
2609 1295 2903 1350 dummodo
2937 1296 3037 1349 hac
3086 1295 3138 1348 in
3171 1292 3544 1348 controversia
3575 1306 3638 1345 ea
3673 1290 3962 1362 protulerit

2362 1405 2480 1461 qum
2503 1405 2607 1445 non
2637 1391 2742 1445 nisi
2762 1404 2925 1444 merae
2944 1388 3245 1455 disciplinae
3265 1388 3619 1458 quaestionem
3642 1385 3960 1451 exhibeant;

2362 1481 2656 1538 dummodo
2688 1482 2864 1537 taliter
2907 1482 2959 1537 in
3010 1482 3113 1535 hoc
3144 1481 3358 1551 negotio
3398 1494 3458 1534 se
3487 1479 3749 1551 gesserit,
3789 1478 3963 1549 quali-

2364 1587 2447 1633 ter
2477 1579 2528 1633 in
2588 1577 2801 1645 negotio
2846 1575 2967 1631 lidei
3018 1589 3309 1646 numquam
3369 1588 3430 1629 se
3482 1573 3769 1645 gessisset,
3816 1582 3961 1627 certa

2365 1681 2419 1727 et
2447 1672 2664 1727 immota
2684 1670 2981 1727 remanebit
3007 1669 3205 1724 veritas
3231 1668 3546 1723 assertionis
3570 1674 3796 1720 nostrzc.

2438 1766 2720 1822 Eruditum
2736 1764 3076 1838 Cyprianum,
3102 1764 3266 1817 immo
3296 1761 3751 1833 fulgentissimum
3782 1758 3963 1814 Eccle-

742 1857 977 1928 Opponit
1026 1856 1246 1927 quidem
1300 1856 1360 1913 S.
1411 1858 1610 1913 Doctor
1655 1856 1913 1927 Stephani
1962 1856 2257 1924 traditioni,
2290 1864 2337 1925 B
2367 1864 2461 1918 site
2490 1863 2673 1917 lumen
2695 1904 2710 1927 ,
2745 1872 2799 1917 et
2829 1861 3107 1916 doctorem
3137 1859 3487 1929 conspicuum
3519 1857 3642 1927 quis
3682 1856 3877 1927 neget?
3904 1857 3965 1910 At

672 1966 834 2021 quam
866 1949 1153 2005 humanam
1177 1950 1503 2022 appellabat,
1536 1951 1897 2021 evangelicam
1920 1959 1973 2005 et
2002 1950 2259 2019 divinam,

672 2058 831 2113 quam
880 2041 1309 2112 anteponendam
1339 2056 1459 2097 esse
1504 2042 1635 2097 dicit
1675 2042 2108 2112 dispositionem,
2156 2056 2261 2097 nou

672 2134 826 2205 quasi
870 2135 922 2189 in
951 2134 1053 2189 hac
1080 2134 1468 2199 contineretur,
1497 2144 1591 2190 aut
1618 2133 2053 2190 manifestaretur
2076 2149 2171 2189 sua
2198 2134 2266 2189 de

673 2227 1073 2300 rebaptizandis
1122 2229 1390 2285 haereticis
1431 2229 1732 2294 sententia;
1764 2228 2090 2284 contrarium
2121 2229 2264 2283 enim

678 2321 761 2376 vel
790 2337 855 2376 ex
884 2320 1094 2377 bacmet
1125 2321 1364 2390 Epistola
1395 2320 1554 2376 modo
1579 2321 1980 2385 evincebamus,
2020 2321 2116 2376 sed
2143 2322 2267 2391 quia

673 2428 742 2471 ex
783 2413 882 2469 hac
916 2413 1165 2469 humanis
1209 2414 1525 2480 ratiociniis,
1559 2414 1675 2468 sive
1702 2422 1760 2467 ut
1785 2413 2019 2483 loquitur
2058 2413 2272 2468 Facun-

675 2506 777 2561 dus
798 2505 1072 2562 Hermian.
1104 2524 1124 2558 ι
1160 2505 1391 2562 humana
1420 2508 1885 2576 argumentatione
1918 2527 1936 2559 ›
1973 2522 2123 2562 suam
2152 2524 2274 2563 sen-

674 2597 897 2653 tentiam
941 2613 1131 2654 eruere
1176 2599 1535 2655 contendebat
1581 2617 1593 2653 :
1635 2599 1774 2667 Quid
1849 2602 1993 2656 enim
2041 2601 2277 2657 ostendit

674 2689 826 2761 juxta
846 2688 1173 2761 Cyprianum
1192 2692 1499 2764 evangelica
1526 2694 1661 2759 haac,
1689 2701 1743 2748 et
1767 2692 1946 2749 divina
1973 2693 2273 2762 dispositio,

676 2798 837 2855 quam
869 2783 957 2838 hic
982 2782 1254 2855 Stephano
1284 2787 1540 2857 opponit?
1570 2787 1805 2843 ostendit
1828 2804 1898 2842 ne
1925 2788 2130 2843 nullum
2159 2804 2277 2844 esse

677 2873 1056 2933 haereticorum
1128 2878 1443 2949 Baptisma?
1521 2879 1809 2935 llzereticos
1863 2880 2040 2935 valide
2100 2881 2275 2950 bapti-

678 2984 803 3025 zare
829 2985 932 3025 non
956 2972 1152 3040 posse?
1174 2970 1425 3038 Minime;
1455 2972 1557 3028 hoc
1578 2987 1679 3028 nec
1708 2973 1802 3039 ibi,
1832 2988 1933 3028 nec
1962 2973 2087 3029 alibi
2112 2990 2143 3028 a
2170 2974 2273 3046 Cy-

680 3063 867 3133 priauo
891 3065 1171 3129 asseritur,
1190 3064 1317 3135 quid
1340 3066 1504 3135 ergo?
1525 3065 1770 3121 Ostendit
1792 3084 1811 3116 σ
1838 3065 2134 3121 Haereticos
2153 3082 2275 3122 esse

678 3155 1061 3223 Antichristos,
1107 3171 1229 3213 esse
1281 3158 1551 3224 vitandos,
1608 3177 1629 3212 ι
1680 3159 1918 3214 ostendit
1959 3177 1977 3211 ‹
2016 3159 2274 3231 Baptismi

682 3248 939 3303 unitatem
959 3264 974 3314 ;
998 3269 1018 3301 ι
1045 3264 1111 3304 en
1131 3250 1220 3305 illa
1242 3249 1423 3305 divina
1448 3250 1753 3321 dispositio,
1782 3268 1941 3322 quam
1972 3252 2276 3325 Cyprianus

682 3338 957 3411 Stephano
978 3344 1223 3413 opponit.
1247 3342 1427 3412 plures
1450 3344 1657 3399 scilicet
1677 3344 2031 3416 Evangelicas
2055 3347 2278 3417 opponit

684 3434 957 3502 veritates,
1009 3450 1078 3490 ex
1119 3435 1317 3506 quibus
1354 3452 1509 3492 suam
1546 3438 1866 3492 sententiam
1915 3439 2077 3494 variis
2118 3455 2278 3511 argu-

680 3526 879 3582 mentis
904 3542 1097 3583 eruere
1124 3528 1420 3584 laborabat.
1476 3529 1646 3584 Porro
1673 3545 1740 3584 ex
1767 3546 1854 3597 eo,
1890 3531 2030 3602 quod
2059 3533 2279 3604 Cypria-

683 3634 786 3675 nus
813 3636 877 3677 ex
908 3620 1144 3690 pluribus
1175 3621 1465 3692 Scriptura:
1497 3622 1730 3677 textibus
1761 3638 1912 3679 suam
1950 3625 2018 3680 de
2048 3626 2278 3695 rebapti.

681 3712 871 3768 zandis
918 3712 1184 3769 haereticis
1232 3715 1554 3771 sententiam
1610 3717 1724 3771 erui
1766 3731 1923 3787 posse
1969 3718 2276 3787 crediderit,

682 3806 1112 3863 concludendum
1142 3824 1250 3864 non
1279 3819 1362 3863 est
1388 3811 1561 3880 ipsum
1589 3811 1672 3879 agi
1699 3811 1767 3867 de
1800 3812 1906 3868 ﬁde
1933 3813 1983 3868 in
2014 3814 2113 3869 hac
2132 3832 2278 3885 qutu-

683 3899 861 3955 stione
888 3902 1186 3967 censuisse,
1218 3911 1275 3957 ut
1304 3917 1467 3972 supra
1500 3903 1874 3973 probavimus.

758 3991 876 4048 Non
907 4008 1088 4048 moror
1112 3995 1255 4066 quod
1294 3998 1346 4050 in
1388 3993 1489 4050 hac
1518 3996 1756 4067 Epistola
1788 3996 1845 4052 S.
1892 3995 2190 4069 Cyprianus
2219 4000 2277 4056 S.

686 4084 1018 4155 Stephanum
1050 4089 1253 4144 erroris
1281 4099 1531 4156 accuset;
1562 4106 1667 4145 non
1716 4092 1891 4147 omnis
1936 4095 2080 4149 enim
2129 4110 2282 4151 error

685 4182 879 4237 militat
921 4191 1107 4237 contra
1151 4182 1342 4251 iidem,
1396 4194 1451 4240 et
1493 4200 1681 4240 revera
1727 4185 2037 4256 Stephanus
2078 4189 2283 4243 erroris

686 4277 901 4349 quidem
929 4279 1190 4348 arguitur,
1240 4294 1527 4350 numquam
1560 4288 1739 4336 tamen
1770 4281 1970 4336 erroris
1996 4292 2184 4338 contra
2221 4284 2284 4338 li-

687 4370 890 4433 dem;in
910 4385 975 4425 eo
991 4379 1168 4425 autem
1186 4371 1401 4426 errabat
1418 4372 1726 4441 Stephanus
1739 4374 1790 4426 in
1812 4382 1991 4429 mente
2008 4374 2282 4444 Cypriani,

688 4465 831 4536 quod
853 4466 1173 4522 sententiam
1188 4466 1257 4521 de
1276 4466 1669 4535 rebaptizandis
1687 4465 1955 4523 haareticis
1972 4487 1990 4519 ι
2005 4468 2283 4523 meliorem

689 4568 742 4613 et
780 4558 1071 4623 utiliorem,
1111 4576 1130 4610 ι
1176 4567 1234 4612 ιιι
1277 4558 1354 4613 ait
1381 4558 1681 4631 Cyprianus
1712 4560 1763 4613 in
1794 4560 1953 4629 epist.
2001 4561 2069 4613 ad
2110 4560 2287 4625 Quin-

690 4663 816 4719 tum,
845 4667 953 4708 non
978 4652 1263 4723 judicaret,
1297 4652 1525 4721 idquue
1568 4667 1685 4707 eam
1722 4652 2070 4721 rejiciendam
2103 4654 2284 4709 vellet.

764 4745 888 4800 Haec
958 4745 1025 4799 de
1072 4745 1324 4817 Cypriani
1381 4746 1448 4797 ad
1500 4743 1800 4815 Pompeium
1850 4746 2077 4815 epistola
2133 4748 2286 4801 sulti-

690 4839 856 4902 ciant,
900 4856 920 4888 ι
958 4836 1049 4891 Illa
1077 4837 1240 4903 enim,
1284 4856 1302 4889 ι
1339 4837 1519 4892 verbis
1548 4846 1669 4890 utor
1697 4838 1980 4907 Augustini
2015 4856 2034 4888 ι
2070 4853 2187 4908 quze
2233 4839 2288 4893 in

695 4930 1029 5003 Stephanum
1060 4931 1299 4986 irritatus
1330 4929 1515 4986 ell‘udit
1561 4940 1857 4986 retractare
1906 4932 2052 4995 nolo,
2084 4930 2206 4999 quia
2234 4940 2290 4986 et

695 5041 801 5081 :ton
842 5038 997 5093 opus,
1042 5032 1097 5078 et
1144 5038 1209 5079 ea
1255 5023 1529 5091 praeterire
1576 5021 1768 5077 melius
1798 5032 1900 5086 est,
1940 5042 1957 5073 ι
1990 5021 2287 5089 detestans,

694 5136 815 5177 cum
860 5119 1143 5174 Vincentio
1197 5117 1366 5172 Lirin.
1422 5118 1627 5187 optimo
1671 5116 1827 5173 Gallo
1877 5137 1894 5168 ι
1931 5117 2144 5171 illorum
2196 5134 2293 5172 ne-

698 5214 920 5286 quitiam
964 5212 1054 5283 qui
1086 5210 1255 5266 sancti
1283 5210 1383 5265 viri
1429 5210 1755 5283 (Cypriani)
1783 5211 2120 5277 memoriam,
2156 5221 2289 5266 tam-

698 5323 857 5378 quam
881 5306 1086 5376 sopitos
1110 5304 1219 5375 jam
1252 5303 1462 5359 cineres
1493 5302 1714 5373 profana
1745 5318 1906 5357 manu
1934 5304 2215 5368 ventilant,
2238 5314 2294 5359 et

695 5417 815 5472 qua:
857 5401 1072 5456 silentio
1128 5399 1376 5471 sepeliri,
1430 5397 1713 5469 oportebat
1757 5397 1993 5453 rediviva
2039 5397 2294 5468 opinione

696 5493 994 5549 diliamant.
1034 5511 1052 5544 ›

768 5586 941 5656 Objic.
994 5584 1210 5640 tandem
1259 5583 1536 5655 probabile
1577 5599 1682 5640 non
1729 5592 1813 5640 est
1859 5584 1915 5640 S.
1969 5582 2293 5656 Cyprianum

698 5696 862 5736 merae
892 5680 1176 5736 devovisse
1205 5680 1504 5747 disciplina:
1530 5679 1980 5742 controversiam,
2016 5680 2067 5733 in
2094 5694 2198 5749 qua
2227 5678 2296 5734 de

696 5774 969 5829 validitate
997 5782 1090 5828 aut
1112 5773 1449 5829 invaliditate
1470 5772 1729 5843 Baptismi
1760 5772 2035 5842 agebatur,
2068 5785 2167 5826 nec
2202 5785 2295 5841 po-

701 5870 804 5917 test
842 5863 1073 5930 concipi,
1110 5863 1381 5934 quomodo
1419 5864 1492 5921 ita
1531 5865 1735 5920 sentire
1764 5864 2014 5933 potuerit
2050 5862 2131 5918 vir
2170 5877 2296 5933 per-

2364 1954 2633 2011 cruditum
2663 1964 2718 2010 et
2747 1964 2876 2022 pulo
2905 1953 3182 2019 Basilium,
3203 1952 3473 2007 eruditum
3504 1959 3559 2005 et
3582 1950 3963 2011 Athanasium,

2366 2049 2432 2103 iis
2474 2059 2650 2103 tamen
2681 2063 2846 2103 mera:
2870 2046 3171 2110 disciplina:
3217 2045 3646 2100 controversiam
3697 2044 3846 2098 hanc
3891 2044 3971 2098 vi-

2368 2158 2482 2197 sam
2517 2142 2703 2209 fuisse,
2732 2152 2786 2197 et
2816 2140 2917 2211 ipsi
2944 2141 3144 2211 passim
3175 2137 3374 2195 docent
3402 2138 3539 2195 Galli
3563 2137 3866 2206 scriptores
3899 2150 3968 2190 ac

2378 2235 2637 2307 theologi.
2686 2236 2768 2305 (l)

2444 2326 2709 2383 Caeterum
2740 2342 2845 2382 non
2875 2326 3144 2381 immerito
3170 2324 3458 2394 conjicitur
3487 2337 3604 2379 eam
3640 2321 3807 2377 fuisse
3848 2320 3968 2393 Cy-

2374 2423 2547 2494 priani
2575 2422 2917 2485 sententiam,
2943 2420 3084 2491 quod
3100 2419 3355 2491 Baptismi
3377 2418 3756 2473 hrrreticorum
3780 2415 3974 2469 validi-

2378 2525 2456 2570 tas
2486 2515 2744 2584 penderet
2771 2514 2838 2569 ab
2881 2514 3088 2580 usibus,
3138 2510 3629 2567 consuetudinibus
3660 2520 3714 2563 et
3739 2508 3973 2579 disposi-

2378 2609 2609 2663 tionibus
2636 2610 2963 2679 privatarum
2984 2606 3368 2670 Ecclesiarum,
3393 2619 3514 2675 qua:
3563 2602 3856 2658 haereticos
3904 2600 3971 2655 ad

2378 2702 2756 2773 baptizandum
2788 2702 3052 2757 inhabiles
3079 2701 3307 2755 reddere
3331 2708 3573 2770 possent.
3605 2696 3760 2752 Nam.
3796 2697 3852 2751 l'
3873 2696 3979 2767 Cy-

2381 2798 2631 2868 prianus,
2687 2807 2744 2851 ut
2814 2797 3077 2861 vidimus,
3141 2795 3253 2849 suis
3340 2792 3588 2864 permisit
3633 2792 3857 2861 collegis
3910 2790 3980 2845 de

2379 2890 2797 2959 rebaptizatione
2827 2890 2974 2944 varie
3018 2889 3241 2952 sentire,
3285 2901 3383 2942 nec
3429 2886 3484 2940 in
3534 2885 3670 2940 alios
3708 2900 3872 2954 quam
3923 2885 3979 2938 in

2378 2980 2743 3050 Sthephanum
2776 2981 2985 3037 videtur
3024 2984 3304 3050 insurgere
3334 3022 3349 3044 ,
3399 2994 3465 3033 eo
3490 2976 3629 3049 quod
3657 2977 3982 3032 Africanam

2380 3075 2541 3130 etiam
2596 3074 2890 3129 Ecclesium
2946 3073 3206 3129 Romana:
3235 3069 3602 3127 consuetudini
3658 3068 3987 3138 mancipare

2381 3170 2567 3233 vellet;
2600 3184 2758 3238 porro
2788 3169 3012 3223 liberam
3045 3169 3204 3222 istam
3232 3163 3596 3235 rebaptizandi
3618 3162 3705 3216 vel
3731 3178 3853 3219 non
3886 3177 3980 3217 rc-

2383 3264 2688 3333 baptizandi
2734 3263 3042 3318 facultatem
3095 3277 3194 3333 pro
3220 3277 3318 3317 suo
3349 3276 3475 3332 erga
3516 3261 3745 3316 salutem
3775 3259 3982 3313 anima-

2380 3374 2499 3413 rum
2556 3358 2733 3412 studio
2784 3358 3005 3412 minime
3048 3357 3413 3427 permisisset,
3444 3354 3491 3408 si
3539 3354 3875 3425 Baptismum
3916 3351 3981 3404 ab

2382 3451 2657 3506 haereticis
2710 3451 2965 3506 collatum
3008 3450 3195 3505 nullibi
3220 3448 3454 3504 validum
3496 3447 3667 3502 fuisse
3717 3453 3981 3518 putasset.

2386 3544 2520 3599 Illud
2573 3561 2703 3616 ergo
2766 3559 2987 3600 necesse
3031 3552 3112 3598 est
3167 3553 3224 3597 ut
3281 3542 3511 3597 validum
3571 3541 3626 3595 in
3654 3538 3982 3612 quibusdam

2383 3639 2665 3705 ecclesiis,
2720 3639 2928 3693 irritum
3006 3645 3181 3692 autem
3240 3636 3294 3690 in
3364 3636 3485 3689 aliis
3545 3632 3985 3688 existimaverit:

2383 3731 2537 3800 cujus
2578 3731 2793 3801 quidem
2842 3730 3171 3786 discriminis
3216 3742 3376 3783 causa
3408 3742 3514 3782 non
3567 3724 3785 3780 aliunde
3809 3721 3985 3793 repeti

2384 3839 2543 3895 posse
2587 3824 2826 3891 videtur,
2872 3840 3029 3894 quam
3077 3839 3141 3879 ex
3174 3824 3384 3878 ratione
3413 3836 3537 3875 mox
3576 3820 3764 3874 allata.

2454 3918 2515 3972 2°
2571 3919 2759 3990 Magno
2836 3919 3123 3988 inquirenti
3203 3918 3271 3972 de
3333 3915 3658 3971 Clinicorum
3725 3915 3992 3969 tinctione

2384 4010 2675 4079 respondet
2735 4010 2793 4065 S.
2838 4010 3134 4081 Cyprianus
3183 4007 3419 4064 validum
3473 4023 3593 4063 esse
3648 4006 3993 4075 Baptismum

2382 4100 2601 4157 Clinicis
2657 4103 2934 4167 collatum;
2976 4110 3229 4156 attamem
3268 4103 3383 4155 vult
3430 4101 3483 4154 in
3523 4100 3616 4153 hac
3653 4098 3763 4166 ipsa
3814 4098 3994 4166 epist.

2387 4197 2457 4249 ad
2493 4195 2739 4267 Magnum
2768 4195 2859 4259 69,
2888 4195 3126 4249 Cliuieos
3185 4196 3378 4249 iterum
3411 4192 3659 4263 baptizari
3691 4188 3833 4260 apud
3881 4205 3994 4245 eos

2386 4289 2476 4358 qui
2512 4289 2671 4357 hujus
2700 4288 2959 4352 Baptismi
2992 4288 3317 4342 validitatem
3349 4285 3697 4357 denegabant;
3732 4302 3749 4333 ς
3784 4281 3844 4337 Si
3876 4283 3995 4337 ali-

2386 4381 2526 4450 quis,
2553 4381 2743 4450 inquit,
2773 4379 3043 4435 existimat
3070 4395 3164 4435 cos
3189 4379 3425 4434 Clinicos
3450 4379 3581 4433 nihil
3625 4385 3987 4441 consecutos,

2391 4490 2496 4530 non
2546 4474 2903 4546 decipiantur,
2934 4478 3061 4531 utsi
3110 4474 3509 4530 incommodum
3556 4472 3832 4543 languoris
3862 4486 3997 4526 eva-

2391 4570 2561 4625 serint
2595 4579 2650 4625 et
2686 4571 3076 4634 convaluerint,
3102 4570 3458 4640 baptizentur.
3500 4586 3519 4620 »
3574 4567 3790 4621 Nullum
3855 4580 3994 4635 ergo

2389 4663 2643 4718 censebat
2696 4663 2756 4718 S.
2801 4664 2995 4718 Doctor
3036 4663 3305 4734 Baptisma
3356 4661 3579 4717 Clinicis
3630 4660 3814 4715 datum
3844 4658 3993 4729 apud

2390 4770 2484 4810 eos
2516 4756 2604 4825 qui
2632 4756 2754 4810 talis
2778 4755 3038 4824 Baptismi
3086 4755 3413 4809 validitatem
3446 4753 3820 4823 denegabant,
3847 4751 3991 4805 alio-

2392 4850 2518 4918 quin
2540 4847 2772 4902 Clinicos
2801 4848 2868 4901 ab
2892 4849 2997 4902 illis
3023 4847 3348 4918 rebaptizari
3371 4863 3475 4902 non
3508 4846 3869 4916 permisisset;
3897 4858 3992 4897 uo-

2392 4951 2543 4997 verat
2567 4942 2733 5004 enim,
2760 4943 2923 4996 immo
2942 4943 3141 5011 saepius
3167 4942 3424 4996 docuerat
3458 4940 3693 4995 validum
3718 4939 3990 5011 Baptisma

2395 5035 2575 5090 iterari
2604 5050 2710 5089 non
2733 5050 2909 5106 posse,
2942 5035 3083 5105 quod
3112 5051 3241 5105 ergo
3264 5035 3496 5089 validum
3529 5050 3696 5103 penes
3717 5048 3778 5087 se
3805 5031 3993 5087 crede.

2393 5128 2484 5185 bat
2543 5130 2896 5200 Baptismum,
2947 5129 3239 5184 invalidum
3272 5128 3414 5199 apud
3459 5128 3594 5182 alios
3624 5127 3988 5182 existimabat.

2464 5223 2634 5279 Porro
2682 5224 2753 5278 ita
2785 5224 2852 5279 de
2897 5223 3170 5294 Baptismo
3212 5223 3415 5277 sentire
3460 5238 3563 5276 non
3593 5230 3832 5291 poterat,
3864 5220 3987 5289 quin

2394 5318 2740 5374 arbitraretur
2790 5320 2927 5374 hanc
2970 5319 3187 5385 privatis
3239 5318 3484 5374 ecclesiis
3528 5318 3711 5371 inesse
3755 5325 3990 5386 potesta-

2470 5430 2692 5499 (l)Vide
2746 5430 2918 5486 Illust.
2972 5432 3038 5486 de
3080 5431 3278 5488 Saleon
3330 5430 3495 5485 Ruth.
3540 5428 3725 5495 Episc.
3784 5431 3835 5482 in
3866 5427 3983 5499 doc.

2397 5503 2543 5558 Past.
2566 5503 2633 5558 de
2652 5502 2860 5558 Eccles.
2884 5504 3050 5558 decis.
3092 5504 3432 5567 auctoritate,
3462 5507 3623 5570 r"part.
3654 5504 3704 5561 l,
3738 5516 3859 5569 pag.
3890 5498 3986 5553 222

2397 5585 2451 5631 et
2489 5590 2628 5641 seq.;
2652 5574 2996 5641 Thomassin,
3015 5576 3231 5630 dissert.
3262 5575 3318 5635 9..
3343 5575 3410 5627 de
3438 5573 3569 5640 Bap.
3599 5572 3801 5627 Ha‘rct.
3824 5613 3841 5636 ,
3870 5586 3982 5641 pag.

2398 5646 2506 5717 487;
2542 5646 2674 5711 Feu,
2706 5654 2859 5700 tract.
2909 5649 2975 5698 dc
3004 5649 3229 5717 legibus,
3276 5656 3466 5716 quiest.
3514 5647 3565 5709 7,
3614 5656 3717 5697 art.
3768 5644 3821 5704 5,
3874 5657 3982 5717 mg.

2399 5716 2528 5780 252;
2558 5717 2802 5778 Juenin,
2854 5718 2919 5772 de
2950 5714 3191 5781 Sat-ratu,
3236 5714 3425 5787 quarm.
3459 5717 3522 5781 6,
3548 5731 3668 5787 cap.
3701 5717 3739 5768 2
3760 5756 3776 5778 ,
3807 5726 3915 5787 art.
3935 5714 3979 5787 ξι,

2403 5788 2431 5861 §
2467 5791 2522 5849 5.
2553 5804 2673 5861 pag.
2702 5789 2773 5843 90
2799 5798 2851 5844 et
2870 5789 2973 5861 792;
3005 5784 3304 5845 Launoium
3335 5788 3507 5859 Epist.
3539 5788 3604 5842 ad
3642 5784 3981 5856 BevilanS.

2400 5859 2520 5932 pag.
2561 5859 2666 5916 287
2693 5877 2707 5926 ;
2736 5871 2789 5917 et
2831 5860 2967 5919 alios
3011 5862 3327 5932 permultos.
