4208 6276
265 213 412 271 1515

262 424 471 477 nullum
514 421 818 478 efﬁceretur
858 421 1150 492 Baptisma,
1188 423 1260 478 ita
1289 435 1347 478 ut
1375 414 1559 479 valide.
1595 423 1856 478 adminis—

263 526 521 586 traretur,
556 517 645 572 ubi
674 516 795 571 talia
825 518 1067 588 apposita
1096 534 1202 573 non
1234 527 1417 574 essent
1472 519 1858 588 impedimenta

262 610 499 666 invalide
538 619 720 666 autem
767 609 857 665 ubi
886 611 1130 680 apposita
1170 609 1426 666 fuissent.

333 706 397 761 5°
456 704 663 759 Revera
705 704 794 774 qui
851 706 1145 775 antiquitus
1190 705 1593 775 rebaptizationi
1629 704 1857 759 Hrcreti-

260 813 447 854 eorum
474 796 732 853 favebant
767 812 797 851 a
839 796 1067 852 diversis
1095 797 1446 854 ecclesiarum
1487 797 1856 868 dispositioni-

260 895 380 961 bus,
409 908 508 949 seu
534 891 1035 960 consuetudinibus,
1069 892 1524 948 nanciscebantur
1569 888 1860 945 haereticos

261 986 633 1059 rcbaptizandi
660 987 1057 1051 necessitatem,
1083 994 1138 1041 et
1161 995 1555 1056 consequenter
1577 983 1858 1054 Baptismi,

259 1081 613 1137 validitatem.
672 1099 690 1131 ι
725 1079 877 1147 Quod
920 1079 1100 1151 igitur,
1139 1099 1158 1131 ι
1214 1078 1384 1149 inquit
1432 1079 1492 1134 S.
1538 1077 1763 1132 Basilius
1808 1077 1860 1130 in

259 1178 420 1247 epist.
456 1190 652 1232 canon.
719 1174 891 1246 prima
963 1174 1031 1228 ad
1087 1173 1521 1244 Amphilochium,
1581 1191 1599 1222 ‹
1656 1171 1724 1227 ad
1763 1172 1864 1227 Ca-

258 1270 447 1326 tharos
480 1270 711 1341 pertinet
748 1278 805 1324 et
848 1268 995 1339 prius
1031 1267 1234 1323 dictum
1276 1276 1360 1323 est
1404 1275 1460 1322 et
1484 1276 1632 1322 recte
1670 1264 1862 1320 admo-

256 1366 426 1422 nuisti
452 1364 868 1436 uniuscujusque
899 1364 1139 1435 regionis
1167 1378 1374 1418 morem
1402 1362 1554 1433 sequi
1583 1372 1860 1434 oportere,

255 1459 402 1532 quod
456 1460 490 1514 ii
518 1461 607 1530 qui
636 1466 762 1514 tunc
819 1457 888 1513 de
937 1458 1043 1513 illis
1087 1465 1391 1513 statuerunt
1443 1455 1501 1510 in
1568 1454 1745 1509 varias
1798 1455 1866 1509 de

254 1554 499 1623 ipsorum
526 1552 852 1622 Baptismate
878 1550 1177 1605 sententias
1214 1549 1485 1603 abierint.
1520 1587 1535 1601 .
1567 1548 1858 1618 .quoniam

254 1645 532 1701 nonnullis
563 1644 810 1699 Asiaticis
854 1643 1075 1698 omnino
1100 1643 1273 1697 visum
1301 1650 1384 1696 est
1433 1655 1620 1696 eorum
1653 1640 1866 1709 Baptis-

253 1756 341 1795 ma
384 1739 627 1811 pluribus
670 1738 986 1794 consulendi
1030 1752 1191 1793 causa
1236 1736 1637 1806 suscipiendum
1689 1750 1852 1802 esse,
1885 1728 1934 1790 B

252 1833 595 1903 suscipiatur.
630 1831 698 1887 Et
748 1832 904 1902 paulo
950 1838 1091 1900 post.
1146 1848 1165 1881 ‹
1197 1828 1456 1884 Existimo
1508 1828 1686 1898 itaque
1728 1841 1860 1897 quo-

253 1928 399 1983 niam
450 1926 584 1983 nihil
623 1926 691 1983 de
736 1927 846 1981 illis
891 1924 1244 1998 (Encraticis
1282 1922 1595 1993 haereticis)
1676 1930 1862 1992 aperte

254 2023 461 2080 dictum
503 2031 621 2090 est,
655 2036 841 2077 eorum
892 2020 1166 2091 Baptisma
1215 2035 1244 2073 a
1298 2018 1455 2073 nobis
1504 2017 1860 2088 rejiciendum

252 2132 390 2183 esse,
441 2131 504 2172 ac
546 2116 590 2172 si
668 2116 789 2186 quis
831 2113 901 2168 ab
946 2114 1025 2169 eis
1076 2112 1346 2182 acceperit
1391 2110 1737 2166 accedentem
1794 2107 1863 2163 ad

252 2210 556 2267 Ecclesiam
580 2208 986 2279 baptizandum;
1040 2207 1183 2279 quod
1209 2206 1256 2261 si
1296 2204 1399 2259 hoc
1434 2204 1671 2275 generali
1713 2218 1863 2259 (eco-

253 2305 451 2361 numire
488 2301 874 2374 impedimento
900 2302 1026 2367 erit,
1057 2313 1246 2355 rursus
1275 2297 1673 2353 consuetudine
1703 2308 1861 2351 uten-

254 2398 384 2453 dum
425 2407 530 2465 est,
571 2406 626 2451 et
660 2395 813 2466 sequi
858 2402 1072 2465 Oportet
1117 2392 1326 2457 Patres,
1375 2389 1466 2461 qui
1506 2404 1625 2459 quae
1667 2388 1733 2443 ad
1768 2404 1864 2444 nos

252 2493 489 2565 pertinet
549 2491 1016 2561 dispensaverunt.
1072 2506 1091 2538 ι
1152 2486 1225 2541 lbi
1271 2484 1533 2555 perspicis
1598 2482 1654 2538 8.
1711 2480 1863 2536 Basi-

254 2587 385 2641 lium
432 2600 462 2639 a
502 2584 834 2639 diversarum
879 2583 1157 2653 regionum
1202 2577 1463 2643 moribus,
1512 2584 1568 2632 et
1611 2591 1640 2629 a
1690 2576 1864 2629 diver-

252 2679 329 2734 sis
368 2680 741 2750 episcoporum
782 2674 994 2730 statutis
1038 2682 1285 2743 repetere
1332 2669 1708 2726 necessitatem
1756 2667 1866 2722 hae-

256 2772 456 2830 reticos
501 2767 988 2840 rebaptizandivel
1034 2782 1140 2821 non
1182 2761 1568 2834 rebaptizandi.

327 2867 401 2921 Ita
419 2864 745 2921 seutiebatet
759 2862 1183 2932 Amphilochius,
1198 2860 1287 2931 qui
1306 2861 1358 2914 in
1371 2856 1723 2913 Catharorum
1741 2855 1867 2925 Bap-

253 2961 415 3016 tismo
442 2957 692 3014 iterando
722 2957 807 3012 vel
833 2971 942 3011 non
977 2955 1223 3010 iterando
1249 2952 1481 3009 diversis
1514 2952 1865 3007 ecclesiarum

253 3057 498 3112 moribus
510 3053 852 3111 serviendum
871 3067 995 3109 esse
1012 3050 1285 3117 censebat,
1308 3058 1368 3104 ut
1393 3055 1617 3103 testatur
1635 3046 1867 3101 Basilius

252 3150 320 3206 iis
370 3149 550 3205 verbis
593 3146 755 3203 modo
781 3146 958 3202 citatis
991 3162 1004 3197 :
1046 3163 1064 3197 ι
1090 3143 1243 3211 Quod
1270 3142 1430 3213 igitur
1486 3140 1554 3195 ad
1593 3137 1857 3194 Catharos
1886 3129 1932 3193 C

252 3246 488 3318 pertinet
508 3256 561 3301 et
583 3244 730 3313 prius
753 3243 951 3298 dictum
968 3252 1070 3303 est,
1084 3249 1140 3295 et
1157 3249 1302 3295 recte
1321 3236 1643 3293 admonuisti
1667 3236 1853 3291 unius-

252 3342 513 3413 cujusque
539 3339 773 3411 regionis
799 3352 1003 3393 morem
1032 3335 1181 3406 sequi
1209 3344 1483 3405 oportere,
1515 3332 1656 3404 quod
1690 3332 1724 3386 ii
1755 3346 1826 3402 qu

256 3446 385 3492 tunc
402 3436 469 3492 de
491 3435 573 3490 ills
602 3434 969 3489 statueruntin
987 3433 1165 3487 varias
1188 3431 1255 3486 de
1271 3432 1507 3501 ipsorum
1528 3429 1855 3500 Baptismate

263 3531 563 3587 sententias
604 3528 871 3585 abierunt.
911 3546 930 3579 ι

330 3626 404 3681 Ita
440 3624 810 3691 Firmilianns,
844 3624 932 3694 qui
956 3618 1447 3692 rebaptizationem
1482 3618 1547 3672 iis
1595 3616 1858 3671 assimilat

253 3738 379 3795 qua:
416 3739 446 3778 a
475 3722 640 3777 variis
670 3720 952 3788 regionum
993 3715 1477 3773 consuetudinibus
1512 3713 1679 3768 robur
1711 3711 1855 3766 acci‘

253 3818 427 3887 piunt:
458 3835 476 3868 ‹
512 3813 666 3870 Circa
692 3812 1043 3869 celebrandas
1084 3830 1102 3863 ι
1137 3810 1309 3880 inquit
1353 3808 1408 3862 in
1439 3821 1535 3861 sua
1572 3805 1640 3859 ad
1687 3802 1846 3875 Cypr.

256 3911 517 3982 Epistola,
566 3910 703 3965 inter
748 3906 1097 3980 Cyprianicas
1146 3904 1239 3969 75,
1299 3921 1318 3952 ι
1372 3900 1486 3955 dies
1530 3897 1749 3952 Paschae
1801 3905 1855 3951 et

255 4005 399 4060 circa
446 4002 607 4058 multa
640 4002 741 4057 alia
786 4000 981 4055 divina:
1018 3998 1094 4053 rei
1127 4003 1481 4057 sacramenta,
1530 3990 1709 4044 videat
1733 3988 1853 4060 quis

256 4114 380 4154 esse
404 4096 543 4167 apud
574 4096 694 4151 illos
717 4094 736 4165 (
759 4094 1029 4149 Romanos
1056 4094 1071 4160 )
1104 4091 1309 4161 aliquas
1357 4086 1724 4151 diversitates,
1752 4098 1855 4139 nec

253 4192 531 4250 observari
582 4191 693 4246 illic
728 4188 907 4245 omnia
960 4185 1239 4258 mqualiter
1265 4226 1280 4251 ,
1310 4198 1431 4253 quac
1463 4178 1853 4251 Hierosolymis

253 4287 611 4342 observantur
647 4281 943 4338 secundum
982 4278 1123 4350 quod
1152 4279 1207 4333 in
1240 4275 1455 4332 caeteris
1484 4288 1704 4345 quoque
1735 4272 1853 4341 plu-

252 4378 415 4436 rimis
444 4376 728 4447 provinciis
756 4376 921 4430 multa
959 4389 1057 4445 pro
1098 4374 1339 4428 locorum
1369 4379 1425 4424 et
1454 4367 1733 4422 nominum
1773 4363 1854 4418 di-

251 4476 515 4532 versitate
539 4473 835 4534 variantur,
865 4485 962 4525 nec
994 4479 1170 4524 tamen
1203 4473 1419 4538 prepter
1443 4462 1545 4517 hoc
1570 4461 1637 4516 ab
1666 4458 1848 4515 Eccle-

256 4570 355 4625 size
389 4566 682 4624 Catholicae
714 4580 847 4639 pace
890 4575 1050 4634 atque
1081 4562 1282 4616 unitate
1330 4555 1618 4628 aliquando
1648 4542 1852 4609 disces-

255 4678 380 4717 sum
431 4670 549 4727 est,
596 4660 738 4731 quod
777 4672 920 4714 nunc
957 4658 1265 4726 Stephanus
1303 4666 1468 4707 ausus
1510 4660 1594 4704 est
1638 4647 1852 4712 facere,

254 4771 516 4825 rumpens
559 4754 817 4810 adversus
862 4767 957 4807 vos
1008 4765 1215 4821 pacem,
1264 4762 1423 4818 quam
1447 4759 1666 4816 semper
1697 4751 1854 4798 ante-

257 4864 509 4905 cessores
536 4845 653 4919 ejus
693 4845 968 4902 vobiscum
1010 4842 1402 4899 custodierunt.
1446 4858 1463 4891 ι

338 4943 464 4999 lla-c
506 4956 605 4998 nos
651 4941 718 4996 ad
766 4941 1039 4995 cumulum
1089 4938 1156 4994 de
1183 4938 1456 5009 Cypriano
1486 4931 1859 5006 investiganda

258 5039 457 5103 doctis,
503 5046 559 5093 et
604 5034 1098 5100 conlirmanda,vel
1127 5033 1335 5088 etiauhi
1370 5030 1632 5102 placuerit
1678 5044 1855 5099 oppu-

258 5130 472 5204 gnanda
514 5130 881 5202 preponimus.
916 5127 1216 5198 Utcumque
1258 5126 1347 5191 sit,
1391 5126 1675 5179 immotum
1709 5141 1857 5181 sem-

258 5241 361 5298 per
382 5235 594 5280 maneat
640 5234 695 5281 et
720 5226 1093 5279 inconcussum
1124 5221 1266 5291 quod
1295 5238 1322 5274 a
1355 5218 1523 5275 Gallis
1567 5220 1862 5274 universim

258 5320 542 5386 asseritur,
568 5317 891 5392 Cyprianum
937 5315 1187 5371 videlicet
1239 5323 1399 5368 totam
1440 5312 1578 5367 hanc
1607 5312 1674 5366 de
1726 5310 1867 5381 Bap-

264 5414 429 5467 tismo
473 5413 846 5468 haereticorum
892 5408 1317 5465 controversiam
1370 5406 1433 5459 ad
1498 5419 1701 5459 meram
1753 5403 1867 5458 dis-

263 5504 523 5576 ciplinam
570 5520 876 5563 revocasse.

885 5643 1111 5701 CAPUT
1166 5642 1229 5698 ll.

265 5782 639 5843 AFFERUNTUR
667 5800 941 5855 ΙΟΙΙΕΝΤΔ,
975 5801 1160 5851 QUIBUS
1183 5798 1461 5844 EVINCITUR
1488 5798 1535 5843 Β.
1569 5798 1870 5842 CYPRIANUM

1509 207 2299 273 HlSTORlCO-DOGMATICA
2312 252 2325 266 .

264 339 373 387 tem
402 373 418 397 ,
451 336 513 386 ut
563 341 834 401 apponere
897 334 1118 399 possent
1165 328 1588 402 impedimenta,
1664 327 1938 403 quibusA

3367 205 3391 264 δ’
3422 208 3559 268 1346

2034 346 2198 387 ruens:
2240 343 2453 387 NOVISSE
2492 344 2636 396 QUAM
2688 344 2733 386 s.
2781 336 3085 386 srarnaxus
3121 342 3249 387 non.
3302 344 3561 389 PONTIFEX

2034 441 2348 480 VINDICABAT
2379 440 2837 492 CONSUETUDINEM,
2872 439 3243 480 UNIVERSALEM
3266 440 3401 480 ΤυΝο
3428 441 3566 480 TEN-

2035 534 2181 574 PORIS
2214 534 2391 574 FUISSE
2423 533 2690 574 ECCLESLE
2724 533 3189 585 CONSUETUDINEI,
3219 533 3283 573 AC
3308 533 3375 572 AB
3403 532 3561 574 Olli"-

2033 627 2127 667 BUS
2160 626 2422 667 EPISCOPIS
2449 626 2763 676 ANTIQUITUS
2792 625 3069 666 SERVATAM
3094 624 3293 665 FUISSE.

2049 746 2097 802 1.
2153 746 2524 818 Rebaptizanti
2562 746 2831 820 Cypriano
2877 747 3251 817 opponebatur
3310 745 3567 803 Ecclesiae

1964 842 2316 910 consuetudo,
2346 858 2448 914 qua
2481 842 2723 897 haeretici
2766 857 2833 897 ex
2860 842 2917 897 S.
2960 840 3228 912 Cypriano
3254 840 3322 896 ad
3356 840 3519 895 Eccle
3538 868 3567 883 -

1964 940 2097 996 siam
2142 938 2419 993 venientes
2466 936 2582 990 sine
2629 949 2772 990 novo
2817 934 3088 1004 Baptismo
3126 932 3563 1005 recipiebantur;

1967 1034 2107 1089 hanc
2136 1047 2299 1104 porro
2334 1031 2586 1087 Ecclesia:
2605 1030 3048 1086 consuetudinem
3082 1044 3374 1100 numquam
3420 1027 3566 1083 diffi-

1968 1134 2126 1191 tetur,
2158 1139 2375 1196 semper
2399 1122 2643 1193 agnoscit
2673 1123 2733 1177 S.
2768 1122 2965 1177 Doctor
2988 1139 3000 1175 :
3021 1120 3072 1176 id
3101 1137 3261 1175 unum
3291 1118 3569 1176 contendit

1966 1234 2083 1275 eam
2115 1219 2307 1273 rationi
2334 1215 2717 1287 subjiciendam
2747 1230 2887 1280 esse,
2919 1229 3039 1268 eam
3068 1212 3414 1283 praescribere
3466 1226 3545 1265 nn

1968 1313 2113 1367 nime
2160 1312 2395 1377 debere,
2429 1326 2491 1365 ac
2537 1308 2691 1379 quasi
2736 1316 3006 1363 vetustum
3045 1322 3293 1363 errorem
3325 1304 3567 1360 derelin~

1968 1404 2236 1476 quendam
2259 1419 2419 1469 esse;
2448 1419 2553 1458 non
2606 1401 2884 1472 ignorabat
2910 1416 3038 1470 ergo
3079 1416 3197 1455 eam
3229 1398 3332 1454 sibi
3369 1398 3565 1453 adver-

1967 1498 2096 1553 sari.
2126 1516 2144 1550 ‹
2181 1497 2401 1552 Frustra
2439 1514 2458 1548 ι
2480 1495 2658 1550 aiebat
2686 1492 2984 1566 Cyprianus
3017 1492 3277 1549 Jubaiano
3304 1490 3569 1561 scribens,

1969 1592 2183 1663 quidam
2225 1592 2317 1662 qui
2364 1590 2571 1645 ratione
2597 1589 2886 1645 vincuntur
2926 1587 3371 1643 consuetudinem
3413 1585 3569 1642 nobis

1969 1697 2287 1758 opponunt,
2316 1686 2469 1756 quasi
2515 1684 2849 1739 consuetudo
2891 1683 3064 1754 major
3090 1684 3159 1738 sit
3188 1682 3433 1737 veritate.
3460 1720 3475 1737 .
3505 1723 3517 1735 .
3548 1719 3563 1736 .

1967 1798 2075 1835 non
2106 1791 2281 1835 tamen
2312 1778 2437 1850 quia
2484 1777 2772 1848 aliquando
2808 1787 3041 1832 erratum
3078 1786 3161 1832 est
3206 1775 3326 1831 ideo
3355 1790 3570 1845 semper

1966 1872 2312 1929 errandum.»
2344 1872 2410 1926 Et
2438 1870 2490 1924 in
2518 1870 2677 1940 epist.
2702 1870 2769 1922 ad
2799 1869 3039 1935 Quintum
3063 1884 3081 1921 :
3114 1866 3261 1922 «Non
3282 1877 3366 1922 est
3391 1875 3567 1921 autem

1966 1967 2033 2022 de
2062 1963 2453 2022 consuetudine
2480 1962 2963 2034 praescribcndum,
2994 1960 3092 2017 sed
3120 1960 3329 2017 ratione
3343 1960 3568 2016 vincen-

1966 2059 2113 2114 dum.
2138 2059 2397 2129 Loquitur
2426 2058 2494 2112 de
2548 2056 2938 2113 consuetudine
2973 2054 3259 2110 haereticos
3316 2069 3424 2110 non
3474 2069 3566 2109 re-

1966 2154 2292 2225 baptizandi.
2326 2175 2344 2205 ι
2380 2151 2450 2207 Et
2479 2151 2533 2206 in
2576 2151 2735 2222 epist.
2777 2151 2845 2204 ad
2887 2147 3193 2221 Pompeium
3225 2165 3244 2203 :
3272 2168 3291 2200 ί
3323 2147 3567 2205 Consue-

1967 2249 2097 2303 tudo
2127 2247 2242 2302 sine
2272 2246 2500 2301 veritate
2524 2252 2765 2300 vetustas
2791 2243 2996 2300 erroris
3022 2251 3124 2310 est,
3150 2252 3375 2315 propter
3399 2243 3565 2314 quod,

1967 2341 2158 2396 relicto
2207 2354 2414 2402 errore,
2449 2353 2738 2409 sequamur
2781 2337 3086 2393 veritatem.
3118 2355 3136 2388 ›

2039 2434 2150 2489 Nec
2198 2434 2344 2487 dicas
2389 2434 2443 2488 S.
2492 2430 2817 2504 Cyprianum
2864 2429 2935 2485 ibi
2984 2430 3128 2502 loqui
3174 2431 3242 2487 de
3281 2439 3570 2488 consuetu-

1968 2528 2096 2584 dine
2140 2527 2366 2598 alicujus
2411 2526 2656 2582 ecclesia:
2701 2524 3060 2595 particularis,
3097 2524 3360 2580 Romanae
3412 2523 3567 2579 vide-

1970 2622 2117 2688 licet,
2149 2620 2238 2675 vel
2280 2618 2518 2687 alterius,
2572 2634 2731 2688 quam
2782 2618 2884 2673 sibi
2930 2618 3209 2672 adversari
3250 2617 3394 2672 ultro
3435 2616 3571 2671 fate-

1967 2724 2143 2783 retur,
2178 2728 2286 2769 non
2305 2722 2483 2767 autem
2514 2712 2581 2766 de
2610 2710 3004 2766 consuetudine
3028 2710 3345 2766 universalis
3381 2708 3569 2764 Eccle-

1969 2810 2064 2866 siae
2126 2828 2140 2863 :
2186 2824 2309 2863 nam
2365 2807 2418 2862 1⁰
2472 2805 2770 2878 Cyprianus
2816 2806 3137 2861 existentem
3201 2819 3322 2859 eam
3370 2802 3570 2858 fatetur

1969 2904 2447 2971 consuetudinem,
2497 2917 2616 2971 qua:
2674 2901 2774 2971 ipsi
2824 2898 3236 2971 apponebatur;
3282 2896 3427 2965 atqui
3475 2910 3571 2965 op-

1971 2998 2269 3069 ponebatur
2326 2993 2660 3051 consuetudo
2702 3008 2809 3048 non
2864 2991 3184 3063 qttibusdam
3235 2988 3566 3061 peculiaris,

1972 3093 2066 3148 sed
2098 3089 2415 3145 universalis
2442 3087 2719 3143 Ecclesiic.
2750 3085 3013 3143 Audiatur
3042 3093 3294 3140 strenuus
3332 3081 3424 3137 ille
3455 3091 3568 3136 tra-

1962 3188 2232 3244 ditionum
2260 3184 2518 3241 Ecclesia:
2540 3182 2796 3239 del’eusor
2816 3183 3102 3253 episcopus
3131 3191 3437 3249 anonymus
3455 3175 3569 3245 jam

1958 3282 2175 3351 citatus,
2234 3280 2322 3352 qui
2363 3278 2689 3352 Cyprianum
2729 3278 2957 3333 viriliter
2984 3274 3405 3348 perstringebat:
3460 3290 3478 3323 ι
3513 3271 3571 3327 In

1958 3395 2065 3450 quo
2090 3391 2292 3449 genere
2332 3393 2351 3426 ι
2383 3374 2561 3445 inquit
2590 3373 2641 3427 in
2674 3380 2904 3427 tractatu
2933 3371 3023 3441 qui
3051 3369 3339 3440 incipithis
3368 3366 3569 3421 verbis:

1957 3472 2073 3528 Non
2098 3472 2297 3526 debere
2315 3468 2493 3524 denuo
2516 3465 2913 3538 baptizari,etc.
2942 3463 3327 3531 «QuazstioniSi
3354 3462 3422 3516 de
3434 3460 3574 3529 Bap-

1960 3568 2117 3623 tismo
2150 3564 2522 3619 haereticorum
2579 3580 2597 3613 ‹
2630 3561 2776 3616 nulla
2800 3560 3024 3615 omnino
3050 3559 3318 3628 potuisset
3348 3564 3571 3609 contro-

1957 3662 2133 3719 versia
2181 3668 2275 3715 aut
2321 3655 2644 3727 disceptatio
2719 3670 3041 3725 emergere,
3091 3652 3136 3707 si
3200 3647 3574 3720 unusquisque

1958 3765 2227 3819 nostrum,
2260 3761 2554 3809 contentus
2602 3748 2897 3804 venerabili
2946 3744 3297 3803 ecclesiarum
3330 3744 3570 3799 omnium

1957 3850 2279 3908 auctoritate
2308 3847 2441 3901 nihil
2488 3846 2749 3899 innovare
2789 3842 3035 3913 gestiret.
3073 3858 3094 3895 ›
3140 3839 3412 3911 Cypriano
3462 3850 3570 3891 non

1957 3946 2247 4017 exprobrat
2277 3944 2451 4014 ipsum
2480 3938 2707 4009 alicujus
2738 3936 3023 4008 peculiaris
3052 3934 3335 4001 ecclesizc,
3367 3933 3570 3987 Roma-

1956 4062 2041 4101 nae
2086 4056 2280 4111 nempe
2307 4082 2323 4107 ,
2356 4038 2442 4095 vel
2474 4036 2695 4092 alterius
2724 4033 3031 4090 auctoritati
3078 4028 3341 4086 obaudire
3372 4024 3517 4081 nolle
3546 4040 3565 4075 ι

1957 4139 2050 4195 sed
2070 4139 2242 4209 ipsum
2270 4133 2595 4189 «venerabili
2631 4129 2978 4187 ecclesiarum
2996 4124 3234 4181 omnium
3251 4118 3573 4177 auctoritate

1957 4240 2266 4289 contentum
2293 4248 2309 4279 ι
2343 4242 2465 4282 esse
2491 4225 2749 4283 noluisse.
2770 4220 3035 4277 Audiatur
3054 4217 3114 4274 S.
3146 4215 3454 4288 Stephanus
3495 4211 3564 4268 Β.

1957 4326 2204 4384 Pontifex
2233 4326 2285 4380 in
2307 4340 2404 4379 suo
2429 4322 2629 4379 celebri
2660 4319 2943 4388 rescripto.
2979 4335 2998 4369 ι
3028 4314 3221 4385 Siquis
3247 4330 3278 4369 a
3306 4325 3569 4384 quacum-

1957 4442 2062 4500 que
2091 4422 2279 4480 haeresi
2313 4417 2610 4478 veneritad
2639 4413 2912 4483 nos,nihil
2934 4414 3223 4468 innovetur
3270 4416 3465 4480 praeter
3515 4403 3569 4459 id

1878 4531 1936 4595 Β
1962 4499 2102 4593 quod
2126 4518 2377 4575 traditum
2399 4524 2501 4573 est.
2516 4533 2536 4567 ι
2564 4512 2677 4568 Non
2699 4512 2995 4568 Romanam
3014 4517 3217 4563 tantum
3239 4514 3331 4559 aut
3350 4499 3571 4573 quibus-

1960 4614 2183 4672 busdam
2218 4612 2542 4683 peculiarem
2566 4606 2837 4679 Cypriano
2867 4604 3173 4674 opponebat
3193 4597 3565 4657 traditionem,

1963 4709 2058 4765 sed
2090 4705 2443 4770 indeﬁnitam,
2476 4719 2539 4758 ac
2567 4705 2967 4770 consequenter
2994 4694 3376 4751 universalem.
3435 4710 3464 4744 «
3509 4686 3568 4742 8.

1963 4801 2267 4873 Stephanus
2301 4820 2317 4853 ι
2354 4797 2525 4869 inquit
2555 4795 2828 4859 defensor,
2888 4790 3125 4846 Declarat
3174 4791 3318 4845 cieri.
3354 4789 3567 4857 Gallia,

1963 4917 2053 4956 an.
2085 4898 2245 4955 1682.
2267 4897 2425 4966 vulgo
2450 4891 2781 4955 Bossuetius,
2826 4890 2993 4960 episc.
3023 4887 3311 4944 Meldensis
3329 4885 3411 4958 (1)
3439 4904 3457 4937 ‹
3484 4902 3573 4941 ur-

1966 4995 2124 5068 gebat
2166 4988 2610 5049 consnctudiuem
2643 4983 3027 5041 universalem.
3068 5001 3087 5034 ι
3121 4982 3179 5038 8.
3210 4980 3521 5053 Stephanus
3546 4998 3565 5034 ι

1968 5089 2139 5160 inquit
2188 5087 2392 5141 Habert
2435 5082 2625 5139 doctor
2678 5078 3006 5137 SorbOuicus
3052 5073 3135 5151 (2)
3172 5095 3191 5129 ‹
3227 5073 3570 5130 traditionem

1970 5191 2026 5238 et
2062 5178 2509 5236 consuetudinem
2541 5172 2799 5231 Ecclesiae
2825 5170 3076 5242 opposuit
3113 5170 3172 5225 8.
3194 5167 3504 5241 Cypriano;
3545 5184 3566 5220 ι

1973 5278 2017 5334 si
2050 5276 2169 5348 quis
2198 5274 2389 5345 inquit,
2424 5281 2531 5328 etc.
2599 5289 2618 5323 ‹
2658 5266 2918 5323 Εοειοείίε
2949 5265 3289 5321 traditionem
3328 5284 3347 5317 ι
3400 5262 3574 5332 inquit

1973 5370 2235 5438 Grandin,
2265 5368 2457 5425 doctor
2487 5376 2540 5423 et
2577 5362 2850 5438 professor
2876 5360 3111 5418 Sorbon.
3150 5359 3227 5432 (5)
3256 5377 3275 5411 ι
3309 5355 3574 5429 Opposuit

2048 5488 2127 5561 (1)
2147 5488 2202 5543 1η
2226 5486 2434 5543 defens.
2455 5479 2749 5561 decILCIeri
2764 5477 2975 5535 Gallici.
2993 5486 3130 5561 par_t.
3153 5490 3211 5541 ιι,
3235 5473 3424 5561 Ιὼλλν,

2048 5545 2127 5635 (2)
2158 5562 2421 5635 ln__tract.
2470 5556 2533 5611 dé
2580 5554 2815 5609 Sacram.
2880 5545 3007 5620 cap.
3035 5548 3122 5617 14,
3154 5562 3275 5620 pag.
3305 5545 3398 5613 89,
3437 5545 3567 5601 edit.

1977 5629 2147 5695 Paris,
2177 5629 2338 5687 1718.

2047 5689 2328 5777 (5)’Τιζᾳοι.
2364 5701 2426 5755 de
2465 5700 2703 5777 ξᾳοναιῃ.
2735 5703 2927 5777 (placat.
2960 5695 3050 5777 ξι,
3066 5702 3176 5777 art.
3238 5693 3291 5759 l,
3346 5697 3479 5749 sect.
3514 5689 3569 5760 4,

1975 5765 2175 5850 puncto
2199 5775 2278 5843 2°,
2312 5790 2433 5848 pag.
2468 5773 2561 5841 51,
2592 5770 2722 5829 edit.
2750 5766 2925 5837 Paris,
2956 5765 3115 5824 mo.
3180 5829 3184 5839 ν
