4116 6258
738 292 875 359 154⁸1
1022 343 1032 353 μ.

2160 289 2606 358 DlSSEBTATlO

3747 327 3749 332 '
3775 314 3858 380 ldis

737 394 1042 466 Stephanus
1074 396 1214 466 Papa
1258 393 1547 450 Africanis.
1585 412 1603 446 t
1639 394 1714 450 De
1741 396 1906 450 totius
1935 393 2194 450 Ecclesiae
2222 403 2333 449 tra-
2363 395 2413 454 Α
2443 404 2497 449 at
2533 394 2838 450 nullatenus
2874 393 3128 450 evincunt
3167 396 3522 468 pluralitalem,
3565 413 3611 458 et
3639 405 3859 465 universali.

737 488 939 543 ditione
959 507 978 540 ι
1015 488 1187 558 inquit
1213 487 1476 542 Henricus
1491 503 1520 542 ιι
1537 487 1595 542 S.
1623 487 1849 557 lgnatio.
1875 486 1954 559 (ί)
1978 506 1996 539 ι
2023 486 2080 543 S.
2100 486 2327 557 Stepha-

737 596 837 635 nus
863 581 1003 650 Papa
1051 579 1415 635 testimonium
1456 579 1753 649 perhibuit,
1779 579 1906 633 dum
1950 579 2007 634 S.
2057 578 2328 650 Cypriano

737 673 836 727 hac
868 674 920 726 in
955 687 1117 727 causa
1153 673 1369 742 scripsit
1391 672 1521 726 nihil
1552 673 1836 726 innovetur
1864 670 2129 740 nisiqttod
2162 670 2328 724 tradi-

737 772 849 817 tum
876 773 986 818 est.
1030 783 1048 815 ι
1105 763 1252 818 Mitto
1303 764 1436 818 alios
1484 765 1680 833 passim
1714 763 1898 820 Gallos
1935 763 2218 834 theologos
2264 763 2331 817 de

737 855 1012 927 Stephano
1050 857 1189 912 idem
1235 866 1519 913 testantes.

807 951 866 1005 2°
920 951 978 1006 S.
1045 951 1347 1022 Cyprianus
1398 951 1679 1022 objectatac
1740 948 2111 1006 consuetudini
2162 949 2330 1006 solam

737 1046 960 1116 opponit
1003 1045 1303 1100 veritatem.
1359 1043 1558 1099 Verum
1600 1047 1644 1098 si
1679 1043 2044 1099 existimassct
2081 1041 2140 1098 S.
2200 1043 2334 1099 Doc-

737 1149 824 1196 tor
874 1139 1011 1194 hanc
1054 1139 1496 1195 consuetudinem
1541 1137 1682 1193 haud
1730 1137 1896 1193 fuisse
1939 1137 2327 1202 universalem,

739 1231 832 1288 sed
881 1230 1199 1302 quibusdam
1253 1235 1458 1286 tantum
1515 1231 1760 1287 ccclesiis
1816 1231 2178 1301 peculiarem,
2223 1245 2332 1284 non

740 1324 912 1379 solam
958 1323 1201 1395 profecto
1227 1326 1530 1391 veritatem,
1576 1341 1736 1394 quam
1783 1341 1882 1394 pro
1934 1340 1993 1380 se
2025 1325 2142 1392 ipso
2193 1334 2336 1380 stare

741 1414 1017 1484 credebat,
1073 1415 1165 1472 sed
1215 1419 1374 1471 etiam
1408 1418 1632 1472 aliarum
1685 1417 1787 1472 sibi
1833 1416 2125 1472 faventium
2159 1417 2339 1473 eccle-

743 1513 943 1566 siarum
1006 1510 1452 1566 consuetudinem
1507 1511 1875 1582 opposuisset;
1933 1499 2162 1582 ideoque
2203 1525 2335 1568 con—

746 1607 977 1659 testatus
1001 1612 1147 1659 esset
1177 1619 1303 1658 suos
1343 1603 1686 1658 adversarios
1710 1610 1766 1657 et
1802 1611 1988 1657 contra
2016 1603 2298 1658 veritatem
2320 1646 2334 1670 ,

741 1707 794 1753 et
822 1708 1011 1753 contra
1043 1696 1486 1752 consuetudinem
1514 1697 1676 1751 etiam
1705 1695 1902 1752 facere:
1939 1713 2042 1751 non
2087 1705 2336 1751 nostrum

2432 499 2592 543 tatem
2644 490 3023 558 episcoporum
3073 489 3431 546 Africanorum
3477 505 3578 563 post
3617 496 3858 570 Agrippinum

2431 584 2838 654 rebaptizationi
2884 583 3097 650 favisse,
3148 585 3261 654 ipso
3297 587 3445 641 etiam
3481 589 3724 660 Augustino
3759 596 3860 652 inter-

2432 691 2602 748 prete,
2633 678 2723 747 qui
2751 677 3077 749 objectatnm
3115 677 3362 751 Cypriani
3391 691 3567 738 textum
3588 685 3648 739 ita
3690 690 3857 760 explicat,

2434 783 2492 827 nt
2543 773 2760 828 minime
2835 773 3094 844 impediat
3147 775 3418 844 quominus
3475 781 3765 848 consuetudo,
3799 801 3859 841 non

2405 867 2801 937 'rebaptizandi
2849 869 2916 923 ab
2953 868 3250 938 Agrippino
3285 870 3436 923 etiam
3485 886 3629 940 usque
3650 872 3702 927 ad
3720 873 3861 945 Cypria-

2435 975 2562 1014 num
2588 960 2640 1013 in
2668 959 2846 1014 Africa
2874 961 3236 1031 praevaluerit:
3273 980 3292 1012 ι
3329 961 3581 1028 Quomodo
3605 975 3759 1031 autern,
3781 986 3793 1019 ι
3813 970 3862 1023 ia-

2436 1053 2550 1124 quit
2588 1053 2678 1107 lib.
2733 1069 2809 1107 ιιι.
2851 1053 2916 1107 de
2961 1052 3117 1122 Bapt.
3172 1068 3294 1123 cap.
3331 1053 3414 1122 η,
3469 1071 3491 1106 ι
3519 1053 3862 1126 Cyprianutdicat
3962 1103 3963 1118 ι

2435 1155 2596 1217 atque
2624 1147 2818 1202 exinde
2859 1147 2914 1201 in
2945 1146 3262 1202 hodiernum
3306 1155 3379 1202 tot
3429 1147 3573 1204 millia
3611 1148 3861 1207 haereticorum

2439 1239 2490 1294 in
2520 1240 2805 1309 provinciis
2855 1240 3052 1295 nostris
3078 1239 3148 1298 ad
3177 1239 3460 1294 Ecclesiam
3505 1243 3706 1296 conversi
3725 1259 3795 1297 non
3818 1260 3864 1298 as-

2438 1334 2645 1402 pernati
2674 1342 2800 1388 sunt
2848 1348 3020 1404 neque
3062 1332 3298 1387 cunctati
3320 1371 3336 1399 ,
3365 1331 3518 1386 inuno
3539 1341 3586 1386 et
3606 1335 3864 1390 rationabiliter

2440 1436 2492 1482 et
2526 1426 2755 1481 libenter
2809 1425 3041 1496 ample-ai
3085 1433 3212 1478 sunt
3247 1432 3305 1478 ut
3343 1423 3528 1478 lavacri
3550 1424 3695 1479 vitalis
3727 1427 3864 1481 eteiu-

2441 1521 2572 1576 taris
2613 1520 2868 1589 Baptismi
2905 1518 3131 1589 gratiam
3171 1518 3863 1587 consequerentur,nonvideo,

2441 1615 2542 1670 nisi
2591 1614 2728 1670 forte
2775 1616 2876 1670 hoc
2934 1613 3117 1681 dicat,
3149 1611 3344 1669 exinde
3395 1614 3446 1667 in
3481 1613 3767 1679 hodierna,
3799 1618 3864 1686 quia

2449 1709 2598 1764 nttlla
2631 1709 2701 1764 de
2731 1709 2837 1764 illis
2865 1724 3085 1777 ex~qno
3115 1707 3168 1760 in
3203 1706 3438 1762 Ecclesia
3465 1723 3550 1776 per
3571 1708 3776 1778 Agrippini
3794 1723 3864 1761 con-

743 1799 826 1845 cst
864 1790 966 1844 hoc
998 1789 1336 1846 ratiocinium
1367 1832 1381 1856 ,
1420 1789 1515 1844 sed
1548 1789 1867 1860 Augustini:
1907 1809 1924 1841 t
1950 1791 2074 1856 Cur,
2101 1811 2119 1842 ι
2147 1791 2337 1860 inquit,
2369 1796 2420 1858 Ι
2447 1802 2631 1856 cilium
2665 1802 2918 1872 baptizari
2947 1808 3094 1865 sum,
3120 1799 3345 1870 quasi“)
3369 1799 3592 1868 alicujus,
3627 1802 3863 1854 οιωηω.

752 1881 833 1953 (‘2)
899 1902 918 1933 ι
977 1891 1055 1936 tot
1113 1882 1366 1952 Cypriani
1425 1880 1647 1949 collegae
1701 1881 1754 1934 in
1809 1881 2038 1936 concilio
2094 1881 2340 1936 dixerunt

744 1974 1007 2028 rationem
1045 1981 1100 2027 et
1143 1974 1424 2026 veritatem
1461 1972 1840 2026 consuetudini
1883 1973 2338 2042 praeponendam,

744 2086 806 2121 ac
837 2084 940 2122 non
971 2068 1148 2137 potius
1178 2067 1429 2122 dixerunt
1460 2082 1554 2120 eos
1581 2067 1707 2136 quid
1757 2066 1902 2122 aliud
1937 2066 2112 2122 facere
2143 2067 2343 2122 vellent

743 2167 994 2215 ctcontra
1012 2162 1319 2224 veritatem,
1340 2171 1395 2215 et
1415 2170 1604 2214 contra
1624 2162 2074 2216 consuetudinem
2097 2161 2334 2217 facere?)

823 2251 880 2308 3°
932 2252 1176 2330 Quonam
1238 2263 1392 2322 pacto
1422 2254 1723 2308 censuisset
1767 2252 2070 2325 Cyprianus
2115 2269 2344 2311 consue-

746 2346 982 2400 tudinem
1028 2344 1195 2400 sttlius
1258 2345 1515 2400 Romanae
1572 2345 1832 2401 Ecclesiae
1885 2347 1966 2400 vel
2007 2348 2166 2402 etiam
2207 2347 2342 2403 alte-

743 2440 857 2495 rius
908 2439 1010 2493 sibi
1033 2440 1330 2505 adversari,
1367 2439 1669 2510 Cyprianus
1697 2441 1937 2510 inquam,
1967 2440 2057 2510 qui
2088 2450 2142 2495 et
2171 2440 2340 2510 ipsam

746 2528 1011 2586 Africanae
1068 2532 1311 2587 ecclesia:
1361 2531 1806 2587 consuetudinem
1866 2532 1967 2587 sibi
2016 2534 2343 2589 contrariam

749 2625 1054 2681 latcbatur?
1100 2625 1485 2682 Gloriabantur
1511 2630 1655 2680 enim
1698 2626 1754 2680 S.
1811 2625 2115 2698 Cyprianus
2142 2627 2342 2698 aliique

745 2737 796 2774 tn
831 2719 1007 2774 Africa
1057 2720 1453 2790 rebaptizantes
1493 2735 1552 2775 se
1590 2718 1843 2774 africanre
1889 2721 2135 2775 ecclesiae
2184 2720 2342 2776 dere-

743 2815 968 2887 liquisse
993 2817 1461 2882 consuetudinem,
1484 2823 1620 2870 teste
1645 2814 1958 2869 Firmiliano
1980 2816 2031 2869 in
2055 2829 2148 2868 sua
2168 2814 2234 2869 ad
2249 2816 2341 2886 Cy-

745 2909 991 2977 prianum
1015 2908 1272 2978 epistola:
1302 2907 1483 2976 «Quod
1506 2919 1742 2974 autem,»
1766 2909 1956 2978 inquit,
1987 2908 2338 2978 «pertinetad

743 3002 1187 3057 consuetudinem
1211 3003 1568 3070 refutandam,
1599 3019 1759 3073 quam
1790 3003 2040 3058 videntur
2064 3017 2341 3074 opponere

742 3094 976 3160 veritati,
1026 3095 1145 3164 quis
1178 3104 1283 3147 tam
1313 3109 1484 3149 vanus
1525 3095 1594 3148 sit
1635 3107 1692 3149 ut
1739 3096 1955 3150 veritati
1998 3095 2344 3152 consuetudi-

2447 1897 2606 1950 tionis
2635 1905 2821 1950 exorta
2848 1904 2951 1950 est.
2983 1892 3258 1948 Caeterum
3283 1893 3331 1947 si
3360 1892 3667 1964 permanebat
3686 1892 3733 1947 ab
3751 1893 3865 1962 Agrip-

2445 1991 2571 2058 pino
2631 2004 2800 2059 usque
2845 1988 2914 2042 ad
2953 1986 3282 2058 Cyprianum
3332 1984 3632 2042 consuetudo
3672 1984 3861 2055 baptizandi

2444 2083 2511 2138 ab
2539 2080 2809 2138 haireticis
2837 2081 3134 2146 venientes,
3165 2077 3373 2148 utquid
3405 2077 3530 2132 facta
3561 2083 3661 2130 sunt
3689 2075 3860 2144 διῃρηκ-

2447 2192 2519 2232 no
2573 2177 2640 2231 de
2692 2177 2792 2230 hac
2840 2189 2900 2230 re
2947 2173 3220 2230 concilia?
3274 2171 3343 2229 Ut
3389 2173 3507 2242 quid
3546 2171 3680 2227 eidem
3702 2169 3865 2224 initiatio

2443 2270 2572 2324 dicit
2618 2284 2725 2322 non
2753 2284 2813 2324 se
2841 2284 2956 2322 rem
2990 2281 3184 2324 novatn
3215 2265 3392 2322 facere
3419 2276 3505 2321 aut
3527 2261 3860 2335 repentinam,sed

2443 2362 2511 2417 ab
2538 2361 2827 2432 Agrippino
2851 2359 3240 2416 constitutam?
3282 2359 3386 2414 Cur
3413 2359 3547 2414 enim
3585 2358 3782 2414 Jubaiauus
3818 2353 3858 2408 tle

2449 2454 2688 2509 novitate
2744 2452 3086 2510 turbaretur?
3138 2452 3207 2508 Ut
3242 2467 3362 2508 eum
3415 2469 3504 2522 per
3538 2450 3801 2506 auctoritatem
3827 2447 3868 2499 l-

2444 2548 2675 2618 grippini
2721 2548 2901 2600 sanari
2941 2553 3264 2615 oporteret,
3309 2545 3353 2602 si
3394 2547 3458 2600 ab
3513 2544 3736 2614 Agrippino
3768 2553 3869 2607 usque

2443 2641 2768 2712 Cyprianum
2799 2640 2900 2696 hoc
2935 2640 3155 2696 tenebat
3197 2639 3433 2694 Ecclesia
3461 2658 3480 2691 ι
3533 2637 3592 2692 Et
3612 2652 3702 2706 cap.
3722 2650 3758 2689 ll.
3778 2631 3868 2699 ejus-

2445 2735 2568 2792 dem
2599 2737 2690 2791 lib.
2725 2745 2951 2790 testatur
2994 2735 3180 2805 plures
3208 2751 3278 2790 ex
3305 2735 3411 2789 illis
3450 2732 3674 2803 episcopis
3708 2729 3765 2798 qui
3795 2739 3870 2779 cum

2445 2831 2738 2901 Agrippino
2789 2831 3069 2900 pristinam
3117 2845 3228 2885 non
3291 2827 3619 2900 rebaptizandi
3657 2827 3872 2879 mutaverant

2444 2924 2910 2992 consuetudinem,
2928 2923 2995 2978 ad
3009 2939 3128 2978 eam
3145 2923 3376 2990 redisse,
3392 2923 3459 2977 ita
3474 2932 3526 2976 ut
3537 2913 3874 2991 postAgrippiuum

2446 3029 2599 3073 vetus
2625 3019 2879 3074 Ecclesiae
2903 3017 3246 3074 consuetudo
3269 3019 3322 3072 in
3348 3017 3514 3074 Africa
3537 3013 3714 3083 undique
3730 3010 3875 3077 vigeret.

2517 3110 2652 3165 Hinc
2700 3119 2847 3181 patet
2874 3108 3186 3166 Firmiliano
3233 3121 3289 3166 et
3328 3109 3595 3180 Augustino
3634 3099 3878 3159 asserentist

745 3201 870 3240 nent
898 3185 1182 3255 prtcferat?
1203 3196 1295 3240 aut
1321 3187 1434 3256 qui,
1468 3196 1749 3257 perspecta
1780 3187 1919 3253 luce,
1950 3188 2201 3242 tenebras
2235 3203 2340 3242 non
2367 3195 2414 3262 α
2449 3202 2641 3257 Africae
2671 3203 3116 3258 consuetudinem
3146 3219 3183 3276 a~
3214 3202 3477 3275 Cypriane
3495 3198 3732 3258 derelictam
3756 3191 3878 3250 fuisse,

746 3280 1001 3336 deserat?
1027 3281 1138 3336 Nisi
1171 3283 1214 3334 si
1246 3291 1300 3336 et
1323 3281 1540 3336 JUdiBOS
1565 3282 1783 3337 Christo
1812 3283 2160 3352 adventante,
2182 3283 2232 3338 id
2262 3291 2346 3339 est

749 3377 996 3440 veritate,
1045 3374 1262 3444 adjuvet
1303 3373 1354 3428 in
1382 3373 1564 3443 aliquo
1593 3375 1966 3445 antiquissima
1990 3375 2346 3442 consuetudo,

747 3467 910 3539 quod,
960 3466 1146 3521 relicta
1203 3473 1338 3521 nova
1380 3465 1622 3521 veritatis
1670 3469 1776 3534 via,
1827 3467 1880 3521 in
1932 3476 2199 3521 vetustate
2225 3482 2346 3536 per-

747 3561 1074 3625 manserint,
1131 3560 1274 3631 quod
1328 3561 1542 3632 quidem
1588 3559 1851 3615 adversus
1891 3559 2224 3629 Stephanum
2252 3574 2348 3614 vos

748 3658 930 3712 dicere
959 3654 1076 3711 Afri
1121 3657 1366 3726 pdtestis,
1393 3642 1614 3724 cognita
1655 3653 1905 3718 veritate,
1963 3666 2204 3706 errorem
2251 3666 2347 3705 vos

749 3749 1155 3806 consuetudinis
1187 3748 1498 3820 reliquisse.
1539 3765 1558 3800 ι
1583 3747 1659 3802 ita
1692 3747 1854 3817 plane
1902 3743 2208 3818 Cyprianus
2229 3746 2348 3801 alii-

754 3862 858 3917 que
900 3844 1297 3914 rebaptizantes
1337 3842 1594 3908 Africani,
1644 3841 1817 3911 inquit
1849 3839 2018 3895 illust.
2051 3840 2120 3895 de
2145 3839 2344 3896 Saleon

749 3938 1118 3998 ltuthenensis
1160 3929 1447 4007 cpiscopus
1476 3979 1490 4001 ,
1546 3936 1915 4007 agnoscebant
1963 3951 2021 3991 se
2073 3935 2348 3992 antiouam

710 4067 712 4069 -
761 4040 1002 4087 mutasse
1057 4029 1521 4086 consuetudinem.
1583 4031 1663 4103 (5)
1776 4104 1778 4107 ι

823 4125 915 4191 At,
959 4125 1193 4194 inquies,
1246 4123 1302 4178 S.
1348 4123 1649 4195 Cyprianus
1679 4122 1732 4178 in
1783 4123 1943 4194 epist.
1987 4123 2054 4176 ad
2077 4124 2347 4191 Quintum,

751 4229 807 4276 et
833 4219 901 4273 ad
936 4217 1181 4272 Jubaian.
1214 4217 1383 4272 nitide
1421 4217 1654 4271 affirmat
1675 4217 1783 4286 jam
1829 4217 2038 4288 pridem
2065 4218 2134 4272 ab
2160 4219 2346 4288 Agrip-

754 4313 884 4384 pino
916 4310 1225 4382 pluribusve
1278 4309 1396 4364 aliis
1441 4308 1711 4364 Africanis
1771 4311 2039 4380 episcopis
2093 4320 2351 4365 statutum

752 4406 937 4470 fuisse,
987 4413 1044 4460 ut
1089 4404 1156 4457 ab
1189 4402 1456 4456 hmreticis
1503 4401 1757 4472 baptizati
1799 4402 1864 4456 ad
1911 4403 2208 4456 Ecclesiam
2259 4417 2351 4456 re-

753 4498 980 4553 deuntes
1022 4497 1214 4552 iterum
1275 4495 1712 4564 baptizarentur,
1763 4495 1959 4550 exinde
2008 4511 2139 4551 vero
2173 4496 2348 4550 multa

2448 3313 2554 3352 non
2599 3297 2791 3352 obesse
2811 3295 2956 3367 quod
2980 3294 3292 3368 Cyprianus
3337 3296 3559 3356 aftirtnat,
3591 3292 3644 3347 ab
3680 3283 3881 3357 Agrippino

2448 3389 2651 3444 scilicet
2684 3389 2751 3443 ad
2795 3404 2947 3446 suam
2995 3404 3164 3460 usque
3205 3399 3419 3446 aetatem
3461 3387 3586 3443 multa
3607 3379 3880 3437 haereticorum

2447 3482 2614 3536 millia
2646 3482 2836 3537 iterato
2862 3481 3138 3551 Baptismo
3163 3482 3225 3536 in
3258 3483 3436 3538 Africa
3465 3486 3625 3546 recepta
3643 3472 3792 3532 “tisse;
3818 3480 3884 3518 νο·

2447 3593 2564 3632 rum
2595 3578 2739 3632 enim
2774 3585 3082 3646 utrumque.
3125 3575 3429 3648 Cyprianus
3461 3573 3615 3630 Africae
3643 3559 3888 3622 consuetudi-

2450 3688 2572 3729 nem
2614 3672 2920 3743 dereliquit,
2948 3672 3072 3742 quia
3107 3670 3400 3742 dereliquit
3443 3661 3790 3726 consuetudinem
3809 3667 3887 3722 ιυιυ

2449 3785 2480 3824 a
2535 3768 2840 3838 pluralitate
2893 3767 3185 3837 praesulem
3252 3767 3598 3824 Africanorum
3648 3752 3887 3838 servabatur;

2449 3835 2613 3917 multa
2658 3835 3028 3917 haereticorum
3077 3858 3245 3916 millia
3293 3860 3360 3914 ab
3407 3854 3664 3928 Agrippino
3696 3858 3818 3914 usque
3847 3835 3887 3890 ad

2449 3955 2778 4027 Cyprianum
2808 3955 3001 4010 iterato
3030 3953 3311 4022 Baptismo
3353 3937 3405 4006 in
3445 3949 3604 4004 Africa
3644 3933 3888 4027 receptaim-

2450 4026 2610 4113 runt,
2662 4048 2785 4117 quia
2827 4045 2952 4101 licet
2997 4045 3278 4116 pluralitas
3327 4044 3660 4099 Africanorum
3701 4026 3887 4104 prasulum

2449 4142 2746 4199 Romanam
2788 4140 3232 4198 consuetudinem
3281 4138 3596 4200 retinuerit,
3633 4122 3890 4215 nonuullistt-

2453 4253 2574 4292 men
2613 4235 2782 4306 magis
2811 4234 3011 4306 placuit
3043 4233 3328 4304 Agrippini
3367 4230 3510 4300 sequi
3548 4231 3770 4313 statututa,
3788 4224 3888 4313 1.qu

2450 4333 2553 4388 bus
2623 4331 2789 4385 multa
2864 4327 3239 4383 haereticorum
3299 4326 3459 4380 millia
3508 4322 3673 4376 iterato
3709 4312 3892 4408 bitumini
3962 4361 3963 4366 η

2452 4435 2663 4496 recclita
2715 4425 2950 4479 fuerunt.
3007 4421 3240 4490 llarcque
3283 4415 3573 4475 conciliatio
3615 4424 3670 4465 eo
3695 4405 3894 4499 benignus

2451 4517 2814 4588 suscipienda,
2829 4515 2974 4587 quod
2999 4515 3156 4568 aliter
3169 4511 3453 4568 dicendum
3469 4507 3593 4562 foret
3615 4510 3662 4556 et
3679 4496 3893 4584 Cyprianulll

753 4590 1133 4647 hrnreticorum
1175 4587 1339 4642 millia
1370 4587 1423 4640 in
1470 4587 1734 4684 Africanis
1765 4589 2052 4684 provinciis
2069 4588 2220 4658 juxta
2246 4587 2350 4644 hoc
2371 4596 2427 4658 Β
2451 4614 2551 4670 sibi
2583 4576 2695 4684 ᾦξε
2721 4576 3110 4676 θοιςιξᾶαίεθπθ’
3141 4617 3198 4664 ει
3221 4609 3356 4662 falsa
3385 4607 3449 4660 ab
3475 4597 3731 4670 Αυῧηειίηο
3753 4576 3894 4642 muni.
3962 4613 3963 4684 ἦ

753 4691 1010 4740 statutum
1033 4682 1200 4737 fuisse
1222 4689 1490 4750 suscepta.
1531 4679 1671 4748 Quid
1705 4680 1860 4736 inde?
1885 4680 2188 4753 Cyprianus
2215 4697 2346 4753 ergo

755 4777 953 4833 Africa:
995 4775 1438 4831 consuetudinem
1475 4773 1577 4828 sibi
1607 4776 1933 4829 contrariam
1963 4791 2073 4831 non
2106 4775 2348 4846 reperit?

755 4871 884 4928 Post
910 4871 1256 4941 Agrippinum
1288 4867 1622 4924 consuetudo
1664 4867 1949 4924 haereticos
1978 4868 2346 4938 rebaptizandi

755 4967 809 5022 in
847 4964 1022 5018 Africa
1073 4961 1466 5034 praevaluerat?
1499 4959 1943 5031 Haudquaquam.
1990 4959 2162 5015 Citata
2203 4962 2347 5016 enim

755 5053 1011 5127 Cypriani
1059 5053 1220 5108 verba
1279 5051 1508 5122 probant
1573 5051 1790 5122 quide
1833 5051 2186 5122 Agrippinum
2236 5053 2352 5123 plu-

760 5165 919 5206 resve
962 5148 1247 5203 Africa-nos
1279 5145 1583 5214 episcopos,
1609 5145 2085 5216 rebapti-zationcm
2131 5151 2184 5200 in
2235 5149 2349 5203 suis

758 5242 1007 5299 ecclesiis
1038 5237 1425 5305 int-reduxisse,
1451 5252 1514 5292 ac
1536 5248 1659 5308 post
1681 5239 2034 5309 Agrippinum
2060 5239 2350 5296 nonnullos

758 5336 1042 5408 episcopos
1065 5334 1205 5388 illius
1225 5332 1576 5396 sententiam,
1607 5340 1660 5386 et
1681 5335 1888 5402 praxim
1918 5331 2086 5388 fuisse
2109 5343 2347 5402 secutos,

833 5557 910 5628 (l)
941 5558 1126 5613 Tract.
1182 5559 1245 5612 de
1291 5559 1553 5624 Sacram,
1605 5565 1734 5610 tom.
1783 5569 1863 5622 ιιι,
1909 5568 2029 5626 pag.
2079 5553 2168 5624 12,
2216 5555 2345 5612 edit.

759 5627 1046 5694 Leodietts,
1076 5629 1238 5685 1709.

834 5699 916 5835 Si;
940 5701 1060 5754 Lib.
1104 5717 1183 5762 ιιι,
1237 5702 1298 5754 de
1326 5699 1480 5768 Bapt.
1514 5714 1632 5767 cap.
1688 5714 1785 5751 xu.

860 5771 893 5820 ὅ
967 5771 1195 5823 Decum.
1256 5779 1458 5835 pastor.
1491 5784 1652 5835 super
1705 5769 1780 5822 Ec

860 5703 891 5752 '2
940 5703 1060 5754 Lib.
1104 5717 1183 5762 ιιι,
1237 5703 1298 5754 de
1326 5703 1480 5768 Bapt.
1514 5714 1632 5767 cap.
1688 5714 1785 5751 xu.

860 5703 916 5837 ὅ)
957 5771 1195 5838 Decum.
1256 5779 1458 5837 pastor.
1491 5784 1652 5838 super
1705 5767 1967 5823 Ecclesiae
2011 5768 2346 5828 d-ecisionum

761 5837 1101 5900 auctoritate,
1123 5839 1234 5904 jam
1268 5838 1487 5890 laudato
1541 5837 1692 5905 parte
1741 5853 1778 5903 r,
1811 5851 1931 5905 pag.
1965 5838 2091 5893 210.

2451 4708 2511 4762 1ο
2593 4681 2891 4777 Cyprianus
2932 4703 3033 4761 sibi
3105 4702 3205 4773 ipsi
3262 4697 3669 4756 eontradiceret,
3733 4681 3819 4754 quia
3857 4685 3895 4725 ει

2451 4798 2738 4870 hypotltesi
2767 4797 2928 4854 vellet
2954 4798 3005 4851 in
3062 4797 3221 4866 epist.
3256 4795 3322 4847 ad
3367 4791 3595 4847 Jubaian.
3641 4779 3792 4870 Africa:
3821 4779 3896 4861 οοιιξ

2450 4866 2788 4949 suetudinem
2813 4902 2931 4963 post
2963 4891 3317 4961 Agrippinum
3340 4903 3449 4942 sua:
3469 4876 3684 4954 opinioni
3701 4866 3897 4931 suifragm.

2450 5004 2503 5049 et
2532 4994 2585 5047 in
2613 4992 2771 5061 epist.
2798 4991 2866 5046 ad
2897 4989 3260 5044 Firmilt'anum
3294 4984 3576 5039 affirmaret
3593 4989 3646 5030 se
3665 4967 3810 5027 Africa:
3826 4967 3899 5061 ωξ·

2449 5053 2784 5141 suetudinem
2811 5083 3133 5152 relinquere.
3164 5080 3227 5134 2ο
3261 5078 3476 5133 Falsum
3495 5053 3900 5152 narrassetAugls'll'

2451 5198 2552 5237 nus
2578 5179 2789 5252 quando
2833 5188 2940 5234 tam
2967 5143 3196 5246 saepius,
3247 5182 3351 5228 tant
3389 5167 3714 5226 confidenter,

2455 5288 2540 5334 tur
2563 5247 3007 5332 consuetudinem
3035 5269 3361 5332 Africanam,
3391 5270 3617 5336 spectato
3657 5252 3782 5309 etiam
3820 5247 3899 5336 lem'

2454 5330 2586 5442 pore
2607 5330 2792 5424 medio
2821 5365 3173 5438 Agrippinum
3201 5330 3435 5416 interet—
3449 5352 3756 5426 Cyprianum,
3784 5330 3901 5392 rebar

2455 5462 2696 5519 tizationi
2729 5461 2894 5516 fuisse
2929 5456 3273 5513 contrariam.

2522 5557 2636 5611 Hoc
2689 5553 2902 5625 quidem
2954 5550 3164 5605 effutire
3215 5547 3282 5602 de
3325 5540 3609 5614 Augustino
3658 5521 3899 5625 veritus

2450 5660 2532 5707 est
2558 5650 2618 5705 P.
2651 5603 2937 5706 Cervasius
2962 5646 3014 5700 in
3042 5659 3134 5700 sua
3162 5655 3321 5715 quam
3351 5636 3547 5695 Gallico
3573 5603 3902 5722 idiomalegp‘iwj'

2451 5759 2528 5801 ca:
2556 5744 2661 5800 luci
2691 5742 2840 5798 dedit
2867 5741 2924 5794 s.
2947 5712 3201 5810 Cypriani
3228 5733 3369 5799 Vita,
3401 5729 3518 5785 ιιιπ.
3542 5741 3590 5791 v,
3616 5730 3740 5810 num:
3766 5720 3806 5810 νς
3833 5712 3899 5810 ut:

2449 5799 2574 5896 38f.
2623 5836 2818 5893 Verum
2865 5799 3295 5905 quis'patienter
3339 5825 3472 5882 ferat
3507 5828 3692 5878 tantum
3713 5799 3901 5886 Ductori!u
