4208 6276
284 243 424 314 1549

1525 237 2340 311 HISTOBICO-DOGMATICA.

3428 239 3564 311 i330

281 373 525 425 omnium
551 369 604 426 in
627 369 731 426 hoc
751 369 1187 443 rebaptizatidnis
1216 369 1432 444 negotio
1452 369 1876 428 versatissimum
1904 355 1954 432 Ᾱ
1983 368 2380 423 sanctissimum
2427 373 2744 440 martyrem,
2779 367 2866 424 vix
2911 368 3051 424 inter
3079 369 3223 439 ipsos
3249 367 3568 427 Calvinistas

281 465 480 534 saepius
511 467 569 518 ‘ut
599 463 882 534 deceptum
907 508 920 532 ,
955 475 1011 520 ut
1041 479 1070 520 a
1121 466 1346 520 veritate
1394 464 1732 521 aberrantem
1756 505 1770 529 ,
1819 469 1878 517 ut

283 550 415 610 falsa
465 553 835 611 oiitrudentem
859 600 873 622 ,
905 567 962 611 ut
995 555 1485 629 malum'Cypriani
1527 556 1876 625 interpretem

283 645 354 703 ab
383 649 484 703 hoc
507 653 724 704 aucture
753 649 955 706 traduci
979 668 992 706 :
1016 645 1095 724 (l)
1124 670 1142 703 ‹
1171 643 1296 708 llzec
1319 652 1543 722 jactare,
1561 669 1579 704 ι
1597 651 1878 706 defunctus

283 733 739 814 adhuc'luquitur
766 742 1112 816 AuguStinus,
1140 757 1158 799 ι
1183 745 1310 817 quid
1335 753 1418 802 est
1445 746 1544 801 nisi
1569 744 1822 801 delirare.
1853 749 1873 796 ι

287 835 466 904 Forte,
521 838 750 908 inquies,
803 840 925 894 talia
975 851 1255 895 censorem
1307 848 1546 896 nostrum
1619 837 1880 910 urgebant

285 941 596 1001 argumenta
622 973 638 998 ,
671 939 729 986 ut
773 931 1127 1002 Augustinum
1169 931 1237 987 ab
1278 930 1345 987 iis
1391 931 1585 988 erratis
1620 937 1880 987 excusare

286 1035 393 1076 non
433 1033 615 1092 posset
650 1023 811 1078 etiam
855 1023 1246 1094 paratissimus.
1297 1025 1340 1079 Α
1387 1008 1655 1095 εειιιιειιιῖ
1682 1029 1879 1079 caetera

286 1116 453 1172 disce.

297 1282 306 1286 ν
366 1209 586 1265 «Mirum
614 1219 721 1265 non
746 1220 884 1276 est,»
906 1208 1076 1282 inquit
1099 1211 1408 1278 Gel-vaSius,
1431 1209 1604 1281 tquod
1628 1209 1880 1282 Augusti-

287 1319 392 1358 nus
421 1315 699 1358 numerum
727 1301 1101 1376 episcoporum
1130 1302 1481 1360 Orientalium
1509 1302 1599 1375 qui
1623 1301 1882 1376 Cypriani

285 1395 606 1450 sententiam
631 1397 1040 1467 propugnabant
1079 1397 1424 1468 ignoraverit,
1449 1412 1569 1451 cum
1589 1409 1874 1450 numerum

284 1488 662 1544 Africanorum
719 1503 821 1546 nec
845 1490 1159 1562 agntiverit;
1187 1491 1525 1561 septuaginta
1565 1489 1706 1545 enim
1735 1487 1881 1560 epis-

281 1595 448 1653 cepos
495 1598 596 1639 nec
655 1585 834 1654 plures
881 1586 934 1640 in
976 1583 1158 1640 Africa
1201 1595 1484 1649 recenset,
1537 1600 1658 1640 cum
1704 1583 1791 1640 vel
1827 1583 1879 1638 in

283 1690 391 1731 uno
431 1675 658 1732 concilio
707 1675 976 1749 octoginta
1002 1686 1209 1747 septem
1238 1683 1641 1732 enumerentur.
1706 1694 1725 1730 ι
1783 1675 1883 1733 Hic

1982 462 2221 530 reperias
2247 461 2494 516 acerbius
2523 462 2868 531 amariusque
2895 463 3240 517 insultantem
3266 463 3529 519 Pontifit'i.

2055 553 2380 622 Stephanus,
2424 551 2470 608 si
2512 553 2614 625 ipsi
2668 551 2820 621 fides,
2860 572 2877 605 ι
2916 550 3137 626 lndigue
3187 557 3398 625 penitus
3446 572 3570 626 erga

1980 645 2309 717 Cyprianum
2365 661 2424 700 se
2473 649 2661 716 gessit.
2698 667 2716 699 ι
2751 647 3054 718 Stephanus
3080 667 3099 701 ι
3135 646 3328 704 fastum
3373 649 3576 708 tumide

1982 749 2044 792 ac
2067 737 2396 793 dominatum
2422 737 2658 795 allectat.
2691 759 2710 792 ι
2741 738 3048 811 Stephanus
3095 761 3113 795 ι
3139 743 3491 812 imperantem
3513 757 3577 799 ac

1983 839 2302 902 tyrannum»
2335 833 2463 904 agit,
2493 833 2919 903 iuhumanitatis,
2939 838 3257 904 vexationis,
3279 839 3578 911 tyrannidis

1984 923 2152 980 Reus.
2202 925 2508 997 Stephanus
2538 924 2799 984 Ecclesize
2847 931 3105 986 unitatem
3143 932 3394 988 scindere
3424 933 3577 990 flocci

1982 1017 2136 1084 facit;
2187 1020 2508 1091 Cyprianum
2541 1021 2835 1078 inauditum
2875 1025 3080 1094 judicat
3109 1036 3164 1081 et
3189 1027 3427 1083 damnat.
3457 1027 3580 1084 Ste-

1987 1105 2194 1185 phanus
2224 1114 2500 1187 Cypriani,
2545 1134 2702 1188 quem
2750 1121 3294 1190 utpseudochristnm
3321 1123 3583 1192 pseudoa-

1987 1208 2280 1278 postoium,
2313 1209 2558 1264 doiosum
2589 1218 2642 1265 et
2674 1206 2934 1281 perfidum
2959 1211 3283 1284 infamabat,
3313 1216 3582 1287 episcopis

1987 1299 2180 1371 legatis
2202 1305 2410 1371 pacem,
2433 1305 2890 1372 communionem,
2918 1306 3336 1377 hospitalitatem
3365 1327 3468 1366 non
3491 1327 3584 1366 ne-

1987 1394 2130 1465 gavit
2151 1389 2322 1450 solum
2345 1389 2440 1452 sed
2465 1397 2764 1469 negandam
2788 1417 3000 1472 quoque
3021 1403 3089 1459 ab
3117 1405 3366 1461 omnibus
3393 1415 3446 1460 et
3469 1406 3585 1460 ubi-

1988 1497 2092 1559 que
2115 1490 2390 1559 praecepit.
2426 1489 2733 1561 Stephanus
2761 1492 2934 1548 zelum
2967 1511 3077 1565 prae
3111 1511 3170 1552 se
3215 1498 3314 1552 fert
3341 1497 3580 1568 quidem,

1987 1579 2082 1634 sed
2097 1577 2160 1634 ad
2176 1581 2349 1635 omnia
2365 1582 2670 1651 promiscue
2684 1583 3016 1640 devastanda
3033 1587 3189 1643 unice
3205 1588 3583 1653 sufficientem,

1989 1670 2077 1726 hic
2103 1671 2364 1741 Stephani
2395 1673 2542 1728 zelus
2573 1673 2956 1743 imperatorem
2991 1680 3156 1736 movit
3186 1679 3251 1734 ad
3284 1679 3585 1737 Ecclesiam

282 1772 635 1841 Augustinum
679 1772 884 1826 numeri
921 1769 1371 1840 rebaptizantium
1412 1783 1478 1825 ex
1506 1769 1684 1825 Africa
1733 1771 1878 1839 epis-

2005 1761 2280 1817 :rudeiiter
2309 1763 2756 1834 persequendam.
2806 1766 3114 1836 Stephanus
3143 1787 3248 1825 non
3302 1787 3470 1828 unum
3500 1773 3587 1829 vel

283 1877 537 1933 coporum
610 1865 850 1934 ignarum
910 1863 1068 1919 nobis
1129 1861 1402 1929 venditat,
1456 1871 1882 1934 praetensamque

292 1957 650 2028 ignorantiam
698 1956 799 2012 hoc
834 1956 1024 2027 probat
1066 1963 1424 2027 argumento;
1476 1956 1600 2026 quia
1659 1955 1878 2026 plures,

290 2048 482 2118 inquit,
497 2050 564 2102 «in
597 2047 772 2104 Africa
801 2048 1191 2119 rebaptizautes
1227 2049 1510 2119 episc0pos
1543 2063 1649 2104 non
1689 2062 1881 2103 recen-

291 2147 374 2197 set
396 2141 454 2198 Β.
491 2139 689 2196 Doctor
717 2153 876 2210 quam
906 2141 1261 2211 septuaginta.
1295 2137 1453 2210 Nigra
1503 2139 1708 2196 falsitas
1737 2150 1791 2195 et
1818 2155 1885 2196 eo

287 2239 456 2308 magis
487 2235 827 2291 intoleranda
856 2278 871 2302 ,
915 2249 1019 2307 quo
1056 2238 1111 2291 et
1155 2236 1392 2290 scienter
1435 2234 1641 2306 prolata
1669 2277 1684 2299 ,
1732 2243 1785 2288 et
1829 2233 1883 2288 in

292 2331 530 2387 dedecus
573 2331 705 2385 tanti
757 2321 1016 2386 Ecclesia
1047 2329 1295 2386 Doctoris
1335 2329 1612 2384 fabricata.
1659 2317 1740 2383 En
1779 2323 1888 2383 Ati-

289 2423 490 2493 gustini
520 2424 680 2478 verba
710 2423 778 2476 ad
807 2423 1069 2489 Crucem,
1102 2421 1238 2478 liber
1265 2431 1345 2488 nt,
1372 2431 1552 2492 caput.
1583 2425 1675 2478 ui:
1711 2442 1730 2475 ι
1750 2421 1886 2477 Pro-

294 2515 421 2570 inde
465 2515 510 2570 si
559 2517 774 2571 omnino
813 2516 1138 2572 credendum
1181 2513 1271 2581 sit,
1301 2513 1371 2572 ΞΟ
1397 2515 1671 2586 episcopis
1693 2515 1884 2570 Orien-

293 2608 488 2663 talibus
515 2607 568 2663 id
595 2622 712 2663 esse
739 2609 934 2673 visum,
973 2608 1114 2679 quod
1166 2607 1235 2665 70
1279 2608 1423 2664 Afris
1445 2653 1457 2674 ,
1489 2609 1572 2664 vel
1609 2609 1885 2680 aliquanto

293 2703 452 2758 etiam
479 2703 720 2772 pluribus
750 2714 936 2758 contra
965 2712 1048 2758 tot
1076 2705 1239 2759 millia
1266 2707 1664 2775 episcoporum,
1714 2717 1820 2760 etc.
1863 2725 1882 2759 ι

294 2793 421 2849 llaec
445 2796 605 2850 verba
649 2814 670 2846 ‹
727 2795 798 2851 70
828 2796 970 2851 Afris
999 2799 1082 2851 vel
1111 2796 1381 2868 aliquanto
1405 2797 1565 2852 etiam
1595 2795 1834 2868 pluribus
1866 2815 1886 2852 ι

296 2896 560 2944 sonantne
578 2887 678 2944 «70
700 2890 842 2943 Afris
861 2904 959 2945 nec
978 2889 1238 2960 pluribus,
1263 2909 1282 2943 ι
1311 2890 1580 2947 ιιῑΑιιειοι
1597 2901 1704 2946 tam
1726 2893 1895 2946 cenii;

299 2978 487 3035 denter
501 2981 759 3035 afﬁrmat?
779 2981 1040 3038 Audiatur
1064 2984 1254 3038 iterum
1271 2985 1602 3056 Augustinus
1623 3002 1635 3037 :
1665 2995 1686 3036 “‹
1699 2984 1742 3040 ν
1757 2986 1891 3041 isum

299 3085 399 3138 est,
435 3091 454 3125 ι
486 3074 677 3143 inquit,
701 3069 796 3129 lib.
837 3076 941 3130 ide
996 3075 1149 3146 Bapt.
1175 3091 1298 3146 cap.
1334 3076 1400 3132 18
1429 3091 1448 3129 ι
1474 3077 1741 3149 Cypriane
1770 3091 1891 3134 cum

1989 1853 2125 1908 duos
2155 1850 2453 1920 dumtaxat,
2496 1855 2588 1910 sed
2620 1865 2730 1910 tres
2767 1871 2980 1915 errores
3029 1860 3150 1916 fidei
3188 1861 3466 1920 catholicae
3493 1864 3589 1919 ad-

1986 1958 2176 2001 versus
2218 1947 2374 2002 docet
2411 1949 2463 2002 in
2501 1961 2601 2002 suo
2646 1953 2931 2020 rescripto.
2982 1951 3222 2008 Tandem
3254 1971 3401 2022 vero,
3435 1957 3588 2026 quasi

1987 2039 2106 2096 haec
2119 2043 2299 2096 omnia
2320 2057 2418 2112 pro
2443 2042 2704 2114 Stephani
2721 2045 2998 2100 demeritis
3017 2048 3237 2104 minime
3255 2050 3584 2120 sufficerent,

1987 2143 2327 2189 contestatur
2360 2135 2653 2192 Gervasius
2680 2153 2741 2192 se
2771 2154 2893 2193 cum
2934 2141 3081 2194 omni
3113 2125 3497 2201 moderatione
3525 2160 3590 2201 ac

1991 2226 2344 2295 temperantia
2381 2227 2629 2297 possibili
2678 2228 2746 2285 de
2774 2229 3051 2300 Stephano
3097 2234 3259 2288 verba
3291 2234 3491 2291 facere.

2061 2319 2200 2374 Coeli
2227 2337 2348 2390 qu:e
2376 2320 2552 2376 video.
2586 2321 2710 2376 llaec
2759 2321 3033 2379 Francus?
3064 2323 3192 2381 Haec
3238 2328 3540 2383 catholicus
3568 2329 3590 2382 ?

1993 2411 2120 2468 Haec
2155 2414 2246 2468 Dei
2275 2414 2531 2471 sacerdos
2556 2416 2579 2469 ἲ
2607 2416 2735 2471 Ηςιιο
2767 2417 2954 2473 filius?
2982 2418 3109 2475 Haec
3138 2421 3206 2477 de
3231 2421 3438 2478 Patre?
3465 2423 3592 2480 Haec

1993 2508 2061 2562 de
2091 2509 2353 2564 Pontiﬁce
2381 2511 2664 2565 maxime?
2692 2509 2823 2567 Haec
2869 2513 2937 2568 de
2967 2513 3276 2571 traditionis
3331 2518 3589 2573 vindice?

1994 2604 2120 2658 Haec
2145 2603 2213 2658 de
2255 2605 2601 2659 sanctissimo
2629 2605 2861 2677 Martyre
2889 2606 2911 2660 ?
2937 2599 2982 2662 Ο
3041 2609 3379 2665 licentiosam
3407 2612 3585 2683 scrip-

1995 2696 2218 2761 tionem,
2263 2696 2485 2751 inultam
2515 2697 2883 2762 nihilominus,
2917 2699 3054 2769 proh
3081 2703 3286 2771 superi,
3319 2712 3374 2758 et
3412 2704 3590 2774 impu-

1996 2793 2187 2847 nitam?
2218 2812 2235 2844 ι
2271 2793 2314 2848 0
2347 2801 2654 2862 portentum
2685 2803 2810 2859 non,
2847 2797 2985 2850 sicut
3015 2797 3351 2868 aitquidam,
3382 2800 3434 2852 in
3466 2799 3593 2854 ulti-

1997 2897 2114 2939 mas
2143 2894 2313 2940 terras
2339 2886 2762 2956 exportantium,
2794 2886 2888 2942 sed
2918 2889 3099 2959 potius
3127 2899 3278 2945 extra
3306 2907 3465 2947 omne
3487 2908 3595 2948 coe-

1999 2976 2109 3030 lum
2141 2989 2195 3030 et
2221 2991 2411 3032 omnes
2435 2989 2610 3034 terras
2637 2980 2683 3034 si
2731 2980 2847 3034 ﬁeri
2878 2981 3048 3050 possit
3070 2981 3390 3052 abigendum
3425 2983 3528 3056 (1).
3571 3007 3590 3039 ι

2000 3070 2126 3125 Ha-c
2143 3071 2415 3142 legentur?
2431 3071 2559 3129 Haec
2577 3069 2886 3129 credentur.
2907 3073 3036 3132 Hec
3051 3077 3279 3145 posteris
3295 3077 3598 3136 tradentur?

301 3162 466 3220 ferme
506 3167 775 3236 octoginta
805 3169 1138 3239 coepiscopis
1159 3170 1270 3224 suis
1320 3166 1692 3226 Africanarum
1725 3172 1899 3227 eccle-
1923 3171 1970 3234 C
2010 3163 2180 3218 verba
2229 3165 2445 3232 desum.
2499 3181 2653 3221 mens
2707 3165 2908 3231 deﬂe“.
2938 3167 3208 3224 bOFPeSCil
3237 3173 3473 3239 animus.
3529 3172 3598 3228 ad

301 3256 502 3312 siarum
532 3273 746 3313 omnem
775 3259 1051 3315 hominem
1090 3261 1186 3330 ’qui
1225 3271 1386 3317 extra
1414 3261 1675 3318 Ecclesia:
1716 3261 1900 3319 catho-

303 3346 420 3403 licae
468 3352 902 3406 communionem
928 3351 1229 3420 baptizatus
1271 3352 1485 3420 fuisset,
1533 3359 1789 3426 oportere
1831 3347 1900 3411 ad

306 3443 600 3500 Ecclesiam
631 3447 934 3502 venientem
961 3446 1139 3503 denuo
1177 3447 1471 3517 baptizari:
1512 3461 1531 3502 ι
1575 3450 1900 3504 Enumerat-

306 3551 373 3591 ne
411 3535 513 3592 hoc
562 3538 693 3592 etin
744 3538 861 3593 loco
919 3537 989 3594 70
1043 3546 1248 3593 tantum
1300 3540 1584 3611 episcopos
1635 3547 1736 3612 pro
1782 3541 1900 3613 Cy-

305 3630 498 3700 priano
523 3630 546 3683 ’ἒ

376 3723 486 3778 Nos
509 3723 760 3790 vidimus,
793 3726 964 3796 inquit
992 3727 1276 3799 Augustini
1301 3737 1522 3795 censor,
1551 3716 1636 3784 vel
1669 3730 1765 3784 uni
1791 3730 1902 3801 Cy-

308 3817 484 3887 priani
529 3818 758 3872 concilio
783 3818 874 3884 87,
909 3817 1192 3876 Africanos
1249 3820 1530 3891 episcopos
1561 3816 1903 3889 interfuisse,

308 3908 453 3979 quod
499 3909 853 3978 Augustinum
886 3911 1071 3979 latuit;
1111 3924 1186 3980 at,
1209 3921 1262 3968 te
1303 3915 1533 3983 ipsomct
1561 3921 1721 3982 reste,
1743 3915 1908 3971 miser

310 4001 605 4057 aristam-lie
644 4005 880 4074 singulas
921 4003 1116 4060 herum
1148 4005 1218 4060 8‘7
1255 4006 1636 4077 episcoporum
1682 4015 1910 4065 senten-

314 4097 415 4150 tias
438 4095 605 4150 refert
632 4112 694 4151 ac
719 4097 971 4168 expendit
1011 4099 1067 4155 S.
1097 4095 1300 4155 Doctor
1323 4101 1378 4153 in
1418 4097 1519 4156 lib.
1551 4109 1603 4155 vi
1633 4105 1689 4157 et
1714 4109 1787 4157 vti
1848 4099 1911 4157 de

312 4187 576 4260 Baptismo
596 4231 611 4255 ,
635 4191 910 4260 quomodo
929 4201 1059 4264 ergo
1084 4193 1240 4248 latuit
1267 4193 1626 4264 Augustinum
1653 4196 1784 4252 huic
1800 4195 1912 4268 ’Cy-

312 4283 494 4353 priani
542 4286 772 4339 concilio
799 4285 868 4340 87
895 4287 1182 4356 epiScopos
1229 4286 1513 4344 Africanos
1558 4285 1911 4345 interfuisse?

315 4374 375 4430 Si
419 4374 578 4443 igitur
622 4376 719 4431 hes
748 4385 938 4432 omnes
963 4379 1236 4450 Cypriane
1265 4382 1468 4434 erranti
1497 4393 1606 4436 neu
1635 4379 1908 4452 adjunxit,

315 4467 371 4522 id
401 4467 531 4536 egit,
563 4469 684 4534 quia
709 4485 808 4539 pro
833 4485 929 4525 sua
958 4483 1064 4525 non
1090 4473 1343 4527 omnibus
1366 4475 1642 4530 communi
1661 4477 1914 4546 wquita't‘e

317 4573 384 4613 ac
410 4558 614 4628 justitia
648 4562 819 4616 noluit
845 4562 1140 4619 catholicas
1165 4564 1551 4621 nonnullorum
1583 4581 1646 4623 ex
1669 4567 1777 4623 illis
1795 4569 1912 4640 epi—
1937 4558 1992 4624 Β

316 4654 500 4724 scopis
543 4657 842 4711 sententias
917 4659 1119 4714 erroris
1169 4673 1468 4727 accusare,
1521 4659 1667 4732 quod
1717 4661 1916 4717 imitari

317 4748 516 4804 melius
558 4750 766 4805 auctori
814 4759 1001 4807 nostro
1027 4753 1305 4821 cessisset,
1339 4767 1500 4824 quam
1555 4756 1611 4809 in
1665 4754 1918 4827 Augusti-

319 4842 451 4898 num
480 4842 694 4914 indigna
725 4845 1009 4901 anhelasse
1036 4848 1297 4902 convicia.

398 4936 526 4994 Haec
567 4948 696 4994 sunt
725 4949 1066 5011 argumenta,
1099 4942 1295 5012 quibus
1345 4951 1572 5014 urgetur
1605 4943 1668 5000 Ρ.
1709 4941 1919 5001 Cerva-

320 5033 440 5088 ‘sins
504 5032 571 5090 ad
630 5035 988 5106 ignorantiam
1044 5035 1329 5108 Augustini
1382 5037 1769 5106 revolandum,
1825 5047 1924 5094 seu

329 5125 514 5180 verius
564 5126 631 5180 ad
684 5141 834 5180 suam
873 5129 1212 5196 apertissime
1269 5127 1713 5184 manifestandam
1755 5147 1768 5192 ;
1823 5130 1922 5184 sed

327 5219 539 5275 utinam
555 5221 885 5290 Augustinus
905 5221 1053 5277 solus
1081 5222 1378 5292 viperinum
1399 5223 1631 5293 hujusce
1643 5221 1925 5293 scriptoris

330 5313 548 5369 dentem
605 5326 863 5384 expertus
891 5315 1103 5371 fuisset.
1136 5316 1362 5372 Domum
1390 5315 1438 5372 si
1467 5321 1586 5387 ejus
1637 5315 1928 5371 auctorita-

327 5415 438 5461 tem
496 5407 597 5462 sibi
653 5409 976 5463 contrariam
1023 5411 1366 5480 contempsit,
1424 5410 1615 5464 saltem
1668 5409 1775 5464 sibi
1821 5408 1926 5462 ali-

324 5501 548 5568 quando
599 5501 866 5558 faventem
923 5513 1211 5559 veneratus
1237 5500 1569 5560 est.Vcrum
1625 5512 1682 5557 ut
1709 5503 1777 5557 de
1804 5499 1926 5556 aliis

325 5603 563 5662 taceam,
601 5607 732 5666 qum
779 5596 1192 5663 contumeliosa,
1222 5599 1354 5666 quot
1391 5595 1552 5660 falsa,
1585 5601 1716 5665 quot
1764 5594 1925 5664 impia

317 5701 438 5746 non
465 5691 707 5748 evomuit
744 5692 803 5746 in
834 5691 1168 5763 Stephanum
1184 5689 1504 5746 Pontificem
1527 5689 1842 5754 maximum,
1869 5695 1928 5744 et

407 5824 491 5898 (l)
530 5827 657 5899 Pag.
712 5828 838 5886 381.
867 5843 1036 5901 usque
1073 5827 1142 5886 ad
1179 5842 1299 5901 pag.
1351 5826 1481 5888 386.
1525 5835 1580 5885 et
1625 5825 1772 5885 alibi.
1849 5891 1852 5894 ,

2009 3256 2237 3325 placida,
2272 3257 2336 3312 ad
2388 3274 2546 3324 vera,
2581 3259 2647 3313 ad
2703 3260 2957 3327 humana,
3001 3263 3067 3316 ad
3119 3263 3203 3332 pia
3231 3273 3288 3319 et
3332 3264 3602 3322 catholica

2005 3357 2364 3406 transeamus.
2415 3349 2723 3408 Redeamus
2773 3351 2840 3408 ad
2895 3367 3013 3409 nos.
3053 3373 3072 3405 ε
3109 3354 3204 3410 llis
3251 3359 3393 3412 enim
3445 3360 3604 3419 malis

2007 3444 2180 3514 magis
2203 3443 2474 3500 debentur
2499 3445 2686 3514 prolixi
2717 3447 2949 3518 gemitus
2979 3463 3139 3520 quam
3181 3451 3378 3522 prolixi
3420 3453 3543 3511 libri
3578 3475 3599 3509 ›

2008 3534 2144 3605 Aug.
2181 3534 2353 3606 Epist.
2385 3550 2520 3591 xm.

2079 3626 2142 3680 All.
2201 3625 2505 3696 Episcopus
2559 3643 2861 3701 anonymns
2913 3629 3184 3702 Cypriane
3232 3650 3448 3692 coaevus
3498 3655 3606 3696 non

2009 3718 2178 3773 semel
2203 3719 2450 3774 laudatus
2476 3719 2577 3775 tria
2607 3721 2676 3777 de
2700 3720 2971 3793 Cypriane
3003 3724 3110 3796 (2),
3133 3727 3357 3798 ejusque
3387 3731 3609 3788 asseclis

2013 3811 2178 3866 tradit
2231 3813 2282 3866 in
2335 3822 2582 3879 tractatu,
2617 3816 2708 3886 qui
2737 3815 2924 3886 incipit
2951 3815 3034 3871 bis
3053 3818 3234 3875 verbis
3265 3839 3280 3876 :
3318 3841 3336 3873 ι
3371 3823 3486 3879 Non
3515 3825 3611 3882 de—

2011 3903 2144 3959 bere
2189 3904 2393 3966 denuo,
2424 3915 2530 3960 etc.
2572 3925 2592 3958 ι
2649 3921 2770 3977 qua:
2826 3908 3266 3968 manifestissime
3315 3918 3612 3973 ostendunt

2013 4005 2201 4050 notum
2231 3996 2446 4052 abunde
2475 3995 2639 4054 fuisse
2681 3999 2740 4055 S.
2782 3999 3000 4056 Doctori
3023 4006 3467 4064 consuetudinem
3500 4011 3612 4066 bre-
3642 3985 3646 3991 Ι

2013 4093 2215 4147 retices
2251 4105 2360 4146 non
2392 4091 2761 4162 rebaptirandi
2796 4093 3162 4153 universalem
3197 4098 3456 4159 Ecclesiae
3489 4114 3615 4162 tunc

2091 4245 2171 4390 (1;
2195 4249 2422 4318 August.
2453 4247 2524 4300 ad
2553 4246 2814 4312 Crescen.,
2860 4249 2894 4304 l.
2919 4265 2995 4314 ιιι,
3029 4267 3080 4306 c.
3109 4252 3168 4310 5.

2091 4322 2146 4390 (‘2
2198 4319 2545 4390 Cyprianum,
2577 4321 2738 4376 tacito
2776 4330 2956 4378 tamen
2983 4324 3101 4390 ejus
3133 4343 3163 4379 ιι

2090 4319 2171 4391 (42)
2198 4319 2545 4395 Cyprianum,
2577 4321 2738 4376 tacito
2776 4324 3101 4395 tamengejus
3133 4327 3369 4395 nomine,
3400 4330 3470 4386 ab
3514 4331 3616 4391 hoc

2019 4397 2240 4445 auctore
2262 4392 2601 4472 potissimum
2625 4393 2922 4472 perstringi
2955 4393 3110 4451 facile
3149 4392 3614 4472 deprehenditur;

2019 4473 2131 4517 tum
2184 4463 2306 4542 quia
2360 4461 2734 4542 adversarium
2785 4461 2940 4542 suum
2995 4461 3269 4540 tamquam
3319 4485 3527 4542 ornate,
3563 4461 3619 4532 ei.

2019 4533 2320 4618 composite
2371 4535 2696 4619 scribent-em
2753 4537 2911 4591 nobis
2957 4533 3218 4619 expetiit,
3259 4546 3396 4619 quod
3426 4533 3615 4619 tanien,

2021 4607 2216 4676 inquit,
2247 4623 2347 4660 non
2379 4605 2524 4659 valde
2559 4606 2714 4683 illum
2749 4617 2976 4662 nostram
3006 4605 3160 4678 ﬁdem
3201 4605 3376 4683 imitat,
3403 4621 3494 4672 sed
3517 4605 3621 4677 neri

2024 4687 2200 4732 ornate
2229 4687 2282 4729 ut
2315 4686 2367 4730 tu
2402 4687 2460 4748 et
2491 4678 2808 4746 composite;
2836 4695 2996 4748 porro
3045 4698 3108 4736 ex
3153 4678 3424 4743 Africanis
3450 4692 3616 4748 alium

2021 4758 2223 4818 printer
2245 4747 2572 4822 Cyprianum
2607 4758 2734 4803 tunc
2777 4747 2875 4822 pro
2901 4752 3328 4822 rebaptizatione
3356 4773 3532 4816 ornate
3572 4747 3621 4821 et

2025 4821 2304 4898 composite
2327 4820 2744 4898 scripsissenon
2774 4820 3066 4898 invenitur.
3099 4825 3232 4881 Tum
3275 4832 3397 4898 quia
3423 4833 3624 4891 refutat

2027 4892 2390 4972 adversarium
2438 4892 2525 4972 qni
2578 4891 2764 4972 plures
2811 4893 3104 4972 Scriptura;
3155 4891 3334 4972 textus
3377 4919 3481 4972 pro
3523 4921 3620 4962 sua

2030 4965 2296 5046 opinione.
2333 4964 2592 5046 retulerat
2623 4980 2634 5016 :
2667 4962 2749 5046 ᾼά
2773 4980 2905 5030 quae,
2937 4963 3128 5046 inquit,
3161 4971 3292 5039 forte
3332 4962 3500 5046 (alqui
3529 4995 3622 5033 na-

2025 5041 2155 5110 pum
2175 5033 2296 5104 quid
2326 5034 2529 5110 inducis
2557 5033 3138 5110 continuerespendeas
3161 5033 3220 5096 ὶιι
3241 5045 3395 5110 soles,
3422 5033 3622 5106 'dimisse

2029 5103 2386 5188 innEvnngelio
2413 5103 2694 5188 puluinum
2719 5107 2820 5188 nisi
2857 5103 2970 5188 quia
3000 5111 3168 5165 denuo
3193 5125 3340 5188 natus
3355 5103 3624 5188 fuerit.

2031 5176 2189 5258 i'nfra,
2217 5193 2306 5229 nec
2331 5177 2527 5258 catinios
2574 5177 2692 5230 huic
2709 5176 2982 5258 tractatui
2991 5186 3306 5258 contrarium
3327 5176 3471 5258 quod
3492 5176 3623 5247 dixit

2031 5246 2286 5328 pommus
2326 5263 2354 5328 :_
2379 5245 2459 5300 Ite
2487 5248 2684 5328 docetis“
2703 5247 2905 5303 Gentes.
2943 5251 3008 5305 Et
3032 5256 3191 5328 paulo
3215 5245 3384 5328 .post':
3418 5262 3525 5318 Sed
3549 5245 3621 5318 ad

1964 5355 1971 5362 η
2033 5320 2128 5372 hoc
2180 5329 2232 5371 ut
2277 5318 2407 5372 soles
2451 5318 2766 5391 contradices
2805 5318 3110 5390 opponendo
3163 5318 3306 5384 nobis
3355 5341 3476 5387 tunc
3506 5352 3624 5391 cum

2033 5391 2408 5468 baptisorentur
2450 5390 2645 5468 integre
2671 5406 2754 5468 _ac
2784 5402 2923 5468 recte
2965 5395 3271 5468 discipulos,
3311 5412 3415 5459 etc.
3451 5390 3624 5464 Porro

2032 5477 2157 5550 cum
2250 5469 2424 5550 textus
2467 5461 2940 5550 anCyprianosplo
2990 5461 3114 5550 tunc
3143 5461 3418 5550 temporis
3465 5461 3623 5550 objé;

2034 5535 2160 5588 ctati
2187 5533 2458 5609 legantur,
2481 5533 2781 5609 Cyprianus
2813 5535 2903 5590 ille
2933 5549 3049 5593 erat
3091 5533 3434 5602 adversarius
3459 5533 3622 5609 quem

2035 5565 2160 5588 uau
2190 5565 2450 5603 ισδσιιιιιι,
2482 5565 2613 5606 υιιιι
2630 5565 2781 5588 uulua
2814 5565 2903 5590 Iuc
2933 5565 3049 5593 (τι-ιιι
3091 5565 3434 5602 uuversanus
3501 5568 3622 5609 "em

2035 5611 2221 5681 auctor
2267 5603 2699 5681 perstringebat;
2741 5616 2911 5681 atque
2959 5609 3029 5663 ita
3076 5616 3315 5670 sentiunt
3360 5636 3424 5675 ex
3456 5565 3623 5681 gallis

2031 5674 2425 5754 Tillemontius.
2446 5673 2590 5754 pisi.
2631 5673 2932 5754 eccles.,_t.
2962 5697 3066 5754 _tv,
3091 5691 3149 5754 p.
3199 5687 3326 5742 152.
3361 5673 3623 5752 ὑέτὲιῖέδῐ-

2031 5746 2413 5831 declarationis
2438 5747 2584 5806 Cleri
2623 5746 3069 5824 Galiicani4682,
3101 5746 3254 5826 “pan.
3285 5774 3343 5831 ιι,
3376 5746 3619 5838 ιιιοξῖιῐ

2029 5836 2084 5890 p.
2113 5816 2217 5875 266
2246 5827 2300 5875 et
2325 5819 2438 5880 alii.

2072 5862 2084 5876 .
2113 5836 2217 5875 200
2246 5836 2300 5875 ει
2325 5836 2438 5880 alii.
