4208 6276
664 283 796 350 1551

2076 288 2528 349 DISSERTATIO

3803 292 3943 351 £553

661 399 919 474 temporis
950 400 1117 457 fuisse
1144 400 1377 472 praxim.
1409 401 1597 458 Tradit
1622 402 1763 458 enim
1799 421 1811 457 :
1840 403 1895 458 l"
1921 403 2247 475 Cyprianum
2274 406 2326 468 A
2352 423 2475 463 nem
2505 406 2789 462 hzcreticos
2836 417 2941 460 non
2996 404 3381 477 rebaptisandi,
3412 404 3772 480 Hieronymus
3814 423 3942 477 pro-

659 495 815 566 eique
845 494 1185 549 adhaerentes
1223 508 1418 548 novam
1456 493 1523 550 de
1549 495 1946 566 rebaptizandis
1977 497 2249 553 haereticis

660 587 969 657 opinionem
1002 574 1311 655 protulisse,
1360 584 1479 655 quia
1536 602 1641 641 non
1696 597 1850 642 erant
1877 590 2117 643 contenti
2161 605 2249 645 ve—

660 675 883 731 nerabili
914 676 1261 732 ecclesiarum
1289 679 1529 732 omnium
1575 680 1913 749 auctoritate,
1944 697 2047 752 qua
2072 692 2250 739 tamen

660 787 758 842 pro
783 770 1085 827 humilitate
1134 772 1439 827 necessaria
1468 776 1705 829 contenti
1747 791 1867 831 esse
1892 776 2205 832 debuissent
2230 796 2248 832 :

666 886 684 918 ι
720 867 779 921 In
803 882 911 937 quo
938 882 1135 937 genere
1160 868 1474 938 quzestionis
1500 888 1517 921 ι
1538 869 1604 923 de
1630 870 1815 940 rebap.
1845 870 2032 926 lueret.
2056 872 2246 942 inquit,

668 978 683 1009 ι
716 958 859 1013 nulla
888 958 1111 1015 omnino
1161 960 1426 1031 potuisset
1474 964 1840 1017 controversia
1870 975 1960 1017 aut
1985 964 2250 1034 discepta-

659 1052 733 1106 tio
762 1066 1067 1123 emergere,
1096 1052 1141 1107 si
1174 1054 1543 1123 unusquiSque
1572 1066 1815 1110 nostrum
1844 1067 2131 1113 contentus
2158 1074 2250 1113 ve-

660 1145 889 1201 nerabili
934 1146 1285 1203 ecclesiarum
1318 1148 1558 1203 omnium
1599 1150 1918 1208 auctoritate
1970 1162 2023 1209 et
2067 1167 2252 1209 neces-

660 1242 797 1296 saria
829 1239 1129 1296 humilitate
1160 1242 1289 1297 nihil
1313 1243 1569 1299 innovare
1594 1246 1833 1315 gestiret.
1871 1264 1889 1296 ›

728 1333 786 1388 2°
814 1332 1141 1405 Cyprianum
1192 1336 1467 1406 redarguit
1506 1337 1646 1407 quod
1674 1338 2001 1407 gloriaretur
2041 1354 2100 1394 se
2125 1354 2248 1394 cor-

661 1426 867 1483 rexisse
896 1426 1025 1481 vitia
1072 1436 1127 1482 et
1177 1443 1391 1483 errores
1434 1429 1809 1484 universarum
1857 1431 2245 1486 ecclesiarum:

666 1540 685 1573 ‹
708 1521 992 1587 Errores,»
1017 1522 1206 1593 inquit,
1237 1541 1256 1575 ι
1280 1533 1332 1579 et
1350 1523 1475 1578 vitia
1506 1524 1877 1581 universarum
1904 1527 2253 1582 ecclesiarum

660 1616 967 1671 correxisse
983 1615 1123 1687 apud
1146 1617 1448 1671 simillimos
1467 1618 1549 1672 sui
1572 1628 1627 1673 et
1640 1633 1920 1689 compares
1936 1619 2213 1691 glorietur.
2227 1637 2246 1671 ι

731 1728 793 1783 5ο
822 1726 1196 1799 Cyprianum,
1251 1728 1613 1801 Cyprianique
1661 1731 1897 1785 asseclas
1950 1730 2170 1786 exhibet
2196 1743 2253 1785 ut

2352 500 2479 554 bare
2506 498 2730 554 intendit
2766 497 3048 554 haereticos
3094 499 3211 554 sine
3242 499 3538 567 Baptismo,
3562 499 3633 554 ab
3663 500 3937 565 Ecclesia,

2351 609 2379 645 a
2410 592 2704 662 majoribus
2748 592 2949 647 nostris
2988 607 3203 662 semper
3247 591 3414 649 fuisse
3441 603 3744 665 susceptos.
3776 593 3947 648 Porro

2352 699 2419 739 ex
2488 700 2555 739 eo
2608 684 2751 754 quod
2801 684 3099 755 Cyprianus
3149 684 3442 739 lacerasset
3493 682 3944 739 consuetudinem

2353 780 2493 836 hanc
2530 779 2848 851 quibusdam
2882 780 3229 850 peculiarem,
3264 779 3519 849 probaret
3569 778 3787 848 quidem
3829 778 3946 831 lue-

2352 874 2548 929 reticos
2587 874 2703 929 sine
2744 874 2939 930 iterato
2988 874 3265 944 Baptismo
3294 874 3363 928 ab
3414 872 3681 944 aliquibus
3727 888 3946 944 semper

2353 968 2523 1024 fuisse
2555 978 2873 1038 susceptos;
2917 978 2971 1021 at
3001 968 3222 1023 minime
3278 967 3533 1038 probaret
3560 982 3656 1023 eos
3700 967 3770 1022 ita
3796 984 3947 1023 sem-

2354 1077 2472 1131 per,
2507 1062 2579 1116 ita
2607 1078 2637 1116 a
2666 1062 2964 1132 majoribus
2990 1062 3193 1117 nostris
3224 1060 3525 1126 indeﬁnite,
3554 1076 3619 1117 ac
3655 1062 3723 1116 ab
3747 1060 3945 1117 Eccle-

2352 1156 2431 1210 sia
2472 1154 2634 1211 luisse
2680 1166 2984 1225 susceptos,
3047 1171 3177 1227 ergo
3221 1155 3439 1226 quando
3467 1155 3525 1211 S.
3587 1154 3945 1226 Hieronymus

2354 1251 2484 1307 dicit
2528 1250 2976 1308 consuetudinem
3018 1267 3049 1306 a
3092 1251 3366 1323 Cypriano
3421 1253 3713 1309 laceratam
3759 1253 3944 1320 luisse,

2351 1346 2712 1402 universalem
2734 1355 2941 1416 spectat
2960 1345 3223 1402 Ecclesia:
3248 1348 3721 1403 consuetudinem.

2365 1494 2368 1498 .
2423 1437 2511 1494 IV.
2543 1438 2599 1495 S.
2634 1441 2982 1511 Augustinus,
3029 1440 3138 1506 cui,
3170 1440 3253 1495 vel
3283 1440 3430 1501 nulli,
3467 1440 3571 1496 hac
3608 1441 3660 1496 in
3715 1457 3778 1497 re
3814 1441 3946 1499 ﬁdes

2355 1533 2678 1605 praestanda,
2706 1535 2911 1589 centies
2960 1531 3195 1587 afﬁrmat
3238 1532 3296 1589 S.
3323 1532 3656 1605 Cyprianum
3702 1535 3949 1606 apprime

2357 1626 2571 1682 novisse
2610 1624 3057 1681 consuetudinem
3088 1624 3348 1680 Ecclesia:
3380 1626 3705 1681 universalis
3741 1627 3843 1681 sibi
3865 1643 3947 1683 re-

2358 1719 2646 1789 baptizauti
2668 1718 2995 1774 adversari.t
3026 1716 3232 1785 Noluit,
3255 1736 3273 1770 ι
3299 1717 3488 1788 inquit,
3511 1716 3608 1773 lib.
3639 1734 3678 1774 ιι
3704 1719 3769 1774 de
3794 1719 3947 1789 Bap.,

658 1821 982 1892 episcopos,
1016 1822 1105 1891 qui
1148 1838 1253 1875 non
1290 1822 1615 1878 verebantur
1659 1823 1913 1894 detegere
1967 1823 2249 1892 turpitudi-

2356 1826 2404 1868 c.
2439 1813 2495 1879 8,
2526 1832 2545 1863 ι
2584 1813 2667 1866 vir
2695 1810 3044 1882 gravissimus
3087 1808 3435 1885 (Cyprianus)
3456 1812 3638 1867 veraci
3665 1825 3951 1869 consuetu-

661 1932 783 1971 uem
827 1916 1013 1971 matris
1041 1915 1314 1981 Ecclesiae,
1350 1918 1395 1970 si
1424 1934 1582 1987 quam
1634 1932 1754 1972 esse
1807 1920 1858 1971 in
1890 1916 1991 1971 hac
2032 1917 2100 1973 de
2128 1918 2254 1988 Bap.

661 2008 821 2063 tismo
848 2008 1147 2077 quaestione
1168 2009 1461 2079 putabant:
1492 2008 1797 2075 «Monstri,»
1829 2010 2019 2080 inquit,
2053 2009 2256 2064 «simile

660 2108 743 2154 est
771 2098 909 2169 ipso,
942 2098 1225 2170 episcopos
1254 2102 1377 2155 talia
1409 2102 1659 2157 scandala
1712 2108 1970 2171 cogitare,
2002 2114 2057 2159 et
2089 2104 2257 2173 turpi-

663 2190 903 2245 tudinem
950 2192 1137 2247 matris
1166 2192 1445 2259 Ecclcsize,
1465 2196 1510 2250 si
1535 2212 1694 2265 quam
1741 2205 1928 2265 putant
1954 2201 2003 2251 in
2031 2197 2131 2251 hoc
2158 2213 2256 2252 ne—

659 2284 805 2354 gotio
830 2299 969 2350 esse,
998 2285 1161 2340 nimis
1197 2286 1561 2342 irreverenter
1591 2304 1695 2343 non
1725 2288 1899 2342 vereri
1924 2288 2196 2359 detegere.
2229 2309 2248 2342 ι

731 2377 904 2433 Porro
931 2379 1019 2448 qui
1048 2397 1066 2429 ‹
1103 2395 1208 2435 non
1240 2391 1363 2435 erat
1409 2390 1696 2438 contentus
1744 2383 2032 2439 venerabili
2081 2384 2253 2440 eccle-

661 2471 864 2526 siarum
893 2472 1131 2527 omnium
1158 2474 1503 2537 auctoritate,
1543 2494 1560 2527 ι
1596 2491 1701 2530 non
1735 2476 1995 2545 Stephani
2024 2487 2250 2544 tantum,

660 2565 755 2621 sed
786 2574 841 2622 et
864 2565 1214 2622 ecclesiarum
1263 2568 1504 2623 omnium
1535 2570 1842 2624 auctoritati
1863 2569 2125 2625 obaudire
2151 2585 2247 2624 no-

662 2658 823 2725 lebat,
871 2674 977 2714 non
1028 2675 1157 2730 ergo
1205 2660 1377 2716 solum
1427 2662 1781 2731 Stephanum,
1812 2663 1905 2717 sed
1948 2673 2002 2717 et
2028 2672 2252 2717 creteras

661 2752 898 2824 undique
926 2754 1181 2811 ecclesias
1227 2765 1453 2811 noverat
1492 2755 1795 2828 Cyprianus
1849 2773 1961 2812 suae
2006 2757 2250 2826 Opinioni

658 2859 722 2899 ac
752 2845 905 2915 praxi
934 2859 1057 2901 esse
1105 2848 1426 2902 contrarias.
1476 2848 1576 2913 Qui
1623 2868 1642 2900 ‹
1675 2848 2008 2919 gloriabatur
2036 2863 2096 2903 se
2131 2864 2252 2903 eor-

664 2939 869 2993 rexisse
919 2954 1136 2996 errores
1190 2942 1583 3007 universarum,
1622 2962 1641 2995 ›
1673 2944 1914 3013 profecto
1958 2959 2062 2999 non
2094 2945 2247 3015 igno-

661 3032 815 3087 rabat
844 3032 1123 3088 universas
1162 3034 1420 3090 ecclesias
1451 3050 1479 3088 a
1512 3051 1571 3091 se
1596 3035 1885 3093 dissentire
1918 3053 1933 3103 ;
1962 3038 2053 3108 qui
2087 3056 2106 3089 r
2144 3054 2248 3094 non

666 3123 952 3179 verebatur
978 3125 1363 3195 turpitudinem
1411 3128 1595 3182 matris
1626 3128 1885 3195 Ecclesiae
1917 3130 2190 3202 detegere,
2224 3150 2241 3183 ι

2359 1906 2469 1961 dini
2498 1906 2763 1962 cedere...
2796 1904 2892 1962 sed
2934 1906 2987 1960 in
3036 1915 3143 1960 tam
3172 1904 3402 1960 obscura
3423 1906 3725 1976 quzestione
3771 1908 3953 1963 turba-

2362 2010 2447 2055 tus
2487 2010 2543 2055 et
2587 1999 2783 2070 ubique
2840 2001 3054 2055 intuens
3108 1998 3509 2063 universalem,
3569 1999 3953 2072 robustamque

2358 2093 2803 2147 consuetudinem
2833 2111 2852 2144 ι
2886 2091 3168 2147 Ιιωιθιίοοε
3190 2090 3403 2146 scilicet
3427 2106 3533 2145 non
3559 2093 3946 2162 rebaptizandi.

2358 2177 2495 2245 Quid
2538 2176 2780 2233 clarius?
2809 2175 3110 2249 Cyprianus
3154 2176 3352 2244 ubique
3391 2177 3685 2232 intuebatur
3717 2180 3945 2233 univer-

2358 2273 2548 2336 salem,
2601 2271 2987 2342 rubustamque
3029 2270 3472 2327 consuetudinem
3506 2270 3777 2327 haereticos
3828 2289 3943 2330 non

2358 2365 2745 2434 rebaptizandi,
2769 2375 2824 2421 et
2848 2381 2899 2420 c.
2918 2367 2951 2421 9
2985 2384 2997 2420 :
3026 2384 3045 2418 ι
3069 2365 3219 2420 Hanc
3245 2375 3426 2422 autem
3448 2364 3725 2437 (Stephani
3752 2367 3821 2423 Β.
3848 2369 3943 2441 P.)

2358 2457 2524 2513 fuisse
2577 2458 3026 2513 consuetudinem
3081 2457 3337 2514 Ecclesia:
3380 2460 3511 2514 satis
3558 2460 3863 2516 ostenditur
3896 2472 3951 2518 ct

2358 2552 2525 2623 ipsius
2553 2553 2614 2607 B.
2638 2552 2891 2624 Cypriani
2925 2554 3123 2609 verbis.
3158 2574 3176 2606 ι
3216 2555 3283 2609 Et
3310 2556 3374 2610 iis
3394 2555 3592 2621 citatis,
3617 2559 3697 2611 sic
3731 2558 3946 2628 pergit:

2361 2663 2380 2695 ‹
2418 2644 2517 2701 Ubi
2548 2655 2695 2701 certe
2737 2646 2865 2717 quid
2917 2646 3034 2703 ﬁeri
3087 2647 3313 2715 soleret,
3342 2658 3397 2704 et
3424 2649 3470 2704 si
3502 2664 3610 2704 non
3643 2649 3761 2705 ﬁeri
3790 2652 3949 2707 vellet

2354 2738 2484 2793 satis
2514 2738 2871 2794 ostendit.....
2919 2749 3106 2808 aperte
3159 2740 3359 2796 indicat
3406 2742 3757 2815 (Cyprianus)
3782 2743 3945 2799 fuisse

2353 2833 2512 2888 aliam
2567 2832 3013 2889 consuetudinem
3072 2834 3353 2901 Ecclesiae,
3384 2844 3439 2891 et
3491 2836 3541 2889 in
3575 2836 3696 2907 ipso
3719 2838 3947 2894 concilio

2358 2927 2693 2999 (Carthagin.
2712 2926 2793 2997 tn)
2814 2928 3087 2983 nonnullae
3117 2929 3401 2984 sententia:
3427 2930 3647 2984 omnino
3670 2930 3952 2987 declarant

2353 3036 2446 3076 eos
2473 3032 2654 3076 contra
2687 3020 2944 3076 Ecclesia:
2972 3020 3418 3076 consuetudinem
3448 3021 3753 3077 decrevisse
3782 3024 3935 3093 quod

2351 3114 2751 3171 decernendum
2800 3130 2921 3171 esse
2966 3115 3207 3171 arbitrati
3257 3124 3401 3169 sunt.
3434 3134 3453 3168 ι
3488 3115 3619 3184 Quid
3675 3115 3929 3170 luculen-

660 3214 836 3286 palam
866 3217 1105 3272 ostendit
1131 3226 1355 3273 matrem
1387 3219 1681 3275 Ecelesiam
1710 3237 1845 3290 suae,
1874 3238 2034 3293 quam
2065 3239 2244 3279 veram

2354 3210 2492 3265 tius?
2526 3228 2545 3261 ι
2601 3209 2776 3265 Verba
2820 3208 2988 3278 ipsius
3028 3209 3087 3264 Β.
3110 3207 3362 3280 Cypriani
3409 3210 3540 3263 satis
3579 3208 3881 3264 ostendunt
3909 3229 3927 3261 ι

665 3306 904 3377 putabat,
927 3308 1167 3377 opinioni
1193 3308 1495 3366 adversari.

732 3398 819 3455 lll.
843 3400 898 3456 S.
938 3401 1296 3471 Hieronymus
1323 3403 1374 3457 in
1415 3403 1556 3458 Dial.
1586 3404 1827 3461 adversus
1886 3405 2076 3472 Lucif.,
2107 3416 2239 3462 tom.

659 3510 730 3557 tv,
762 3504 899 3564 part.
929 3493 985 3560 2,
1016 3510 1135 3566 pag.
1167 3495 1296 3564 505,
1320 3496 1435 3552 haec
1466 3497 1628 3553 habet
1659 3516 1671 3551 :
1710 3518 1728 3551 ι
1760 3499 2004 3555 Ecclesia
2032 3516 2246 3572 semper

658 3588 726 3644 ab
754 3585 1031 3645 haereticis
1058 3588 1389 3659 Baptismum
1420 3593 1715 3662 recepit....
1751 3593 1893 3664 quod
1946 3594 1991 3649 si
2042 3610 2244 3667 negan-

658 3681 783 3736 dum
810 3681 1075 3753 quispiam
1121 3684 1391 3753 putaverit
1438 3684 1722 3741 haereticos
1770 3701 1800 3739 a
1832 3686 2123 3756 majoribus
2150 3704 2246 3743 no-

661 3772 789 3828 stris
815 3788 1029 3844 semper
1059 3774 1227 3831 luisse
1253 3784 1556 3847 susceptos,
1588 3776 1731 3848 legat
1763 3777 1824 3833 B.
1854 3778 2102 3850 Cypriani
2134 3781 2247 3850 epi-

662 3869 852 3933 stolas,
881 3870 934 3925 in
965 3871 1159 3941 quibus
1193 3871 1524 3942 Stephanum
1558 3871 1816 3928 Rontante
1858 3875 2005 3928 urbis
2034 3874 2244 3943 episco-

657 3977 807 4033 pum,
835 3971 890 4018 et
936 3963 1247 4019 inveterata:
1272 3965 1680 4020 consuetudinis
1698 3966 1923 4024 .lacerat
1947 3982 2239 4023 errorem.»

666 4053 781 4109 Duo
811 4053 897 4110 hic
921 4056 1214 4112 ostendunt
1241 4056 1298 4112 S.
1330 4055 1656 4129 Cyprianum
1685 4058 1736 4113 in
1767 4068 1947 4115 mente
1967 4060 2024 4114 S.
2055 4059 2244 4116 Hiero—

663 4148 808 4219 nymi
828 4164 933 4204 non
950 4148 1228 4221 ignorasse
1250 4151 1690 4207 consuetudinem
1714 4152 1970 4208 Ecclesia:
1992 4168 2102 4208 suae
2127 4152 2247 4223 opi-

666 4243 813 4300 nioni
837 4255 892 4299 et
922 4245 1073 4313 praxi
1104 4245 1265 4300 luisse
1310 4245 1636 4301 contrariam
1672 4262 1687 4301 :
1723 4246 1778 4301 l°
1799 4246 1857 4302 S.
1890 4246 2249 4317 Hieronymus

662 4353 727 4393 ex
756 4336 1006 4409 Cypriani
1053 4338 1297 4409 epistolis
1350 4339 1571 4411 colligit,
1602 4350 1656 4395 et
1683 4341 1874 4411 probat
1902 4342 2104 4410 praxim
2133 4339 2248 4395 hic-

660 4433 858 4488 reticos
884 4447 988 4487 non
1016 4432 1722 4511 rebaptizandiperpetuam
1761 4435 2016 4491 Ecclesia:
2038 4451 2101 4491 ac
2130 4451 2246 4491 ma-

660 4525 835 4595 jorum
891 4533 1199 4581 nostrorum
1256 4527 1703 4584 consuetudinem
1755 4528 2061 4596 luisse;ad
2091 4545 2246 4585 meu-

2352 3320 2514 3375 quam
2542 3302 2849 3374 Stephanus
2882 3302 3106 3375 urgebat
3147 3301 3593 3357 consuetudinem
3649 3302 3819 3358 fuisse
3848 3302 3943 3357 Ee-

2347 3401 2526 3457 elesiae
2559 3399 3027 3455 consuetudinem.
3073 3396 3378 3469 Cyprianus
3437 3414 3457 3447 ι
3487 3398 3621 3450 satis
3653 3396 3889 3452 ostendit
3920 3415 3936 3447 ι

2346 3492 2475 3564 quid
2525 3492 2638 3547 ﬁeri
2679 3492 2881 3547 soleret
2906 3499 2963 3545 et
3013 3490 3057 3545 si
3100 3505 3206 3545 non
3240 3488 3360 3545 ﬁeri
3389 3488 3572 3552 vellet,
3607 3489 3826 3545 scilicet
3850 3489 3945 3544 Ec-

2347 3585 2526 3639 clesia:
2570 3583 3014 3640 consuetudinem
3066 3597 3179 3637 sua:
3229 3580 3467 3652 opinioni
3517 3580 3950 3652 adversari.Cy-

2350 3680 2568 3750 prianus
2611 3698 2630 3731 ‹
2664 3687 2849 3750 aperte
2879 3676 3085 3732 indicat
3112 3695 3131 3728 ι
3168 3674 3332 3730 fuisse
3383 3674 3543 3730 aliam
3599 3674 3948 3728 consuetudi-

2350 3790 2471 3829 nem
2501 3773 2782 3829 Erclesite.
2817 3772 2884 3827 Et
2908 3770 3148 3828 Africani
3179 3768 3425 3825 nonnulli
3468 3769 3521 3823 in
3552 3769 3791 3824 concilio
3818 3766 3947 3823 Car-

2350 3867 2499 3940 thag.
2518 3869 2552 3923 5
2570 3886 2589 3919 ‹
2612 3865 2834 3923 omnino
2851 3865 3130 3921 declarant
3151 3882 3171 3915 ι
3197 3878 3257 3919 se
3280 3870 3473 3919 contra
3493 3860 3948 3916 consuetudinem

2351 3960 2611 4016 Ecclesiae
2662 3956 3075 4030 rebaptizandos
3124 3971 3244 4012 esse
3286 3954 3573 4010 haereticos
3613 3952 3947 4009 decrevisse.

2348 4052 2616 4124 Numquid
2665 4067 2793 4123 ergo
2839 4050 3157 4123 ignorabant
3211 4048 3538 4119 Cyprianus,
3595 4045 3949 4114 Africamque

2350 4147 2609 4219 prtesules
2652 4145 3095 4201 consuetudinem
3149 4142 3408 4199 Ecclesiae
3454 4140 3549 4196 sibi
3592 4137 3918 4193 adversari?

2423 4240 2686 4295 Audiatur
2710 4240 2903 4295 iterum
2936 4238 2995 4295 S.
3037 4235 3369 4308 Augustinus
3406 4235 3459 4289 in
3492 4233 3578 4287 lib.
3607 4246 3657 4284 tv
3684 4231 3747 4284 de
3772 4229 3943 4300 Bapt.

2350 4351 2400 4392 c.
2450 4335 2483 4390 6
2518 4354 2529 4390 :
2567 4354 2585 4387 ι
2620 4334 2778 4389 Istam
2833 4331 3277 4389 consuetudinem
3312 4348 3331 4381 ι
3370 4327 3648 4385 haereticos
3692 4341 3801 4379 non
3854 4342 3948 4381 re-

2350 4426 2655 4500 baptizandi
2685 4447 2703 4481 ι
2731 4438 2837 4482 tam
2884 4426 3163 4482 robustam
3203 4432 3257 4479 et
3285 4431 3442 4477 antea
3475 4421 3614 4477 idem
3639 4419 3949 4492 Cyprianus

2353 4522 2579 4589 invenit,
2604 4532 2664 4577 ut
2708 4537 2830 4576 cum
2862 4520 2982 4591 ejus
3030 4517 3302 4575 mutanda:
3348 4514 3728 4570 auctoritatem
3774 4529 3937 4582 quam

662 4628 771 4675 tem
830 4634 960 4691 ergo
1006 4619 1066 4676 S.
1115 4618 1427 4691 Hieronymi
1477 4620 1537 4677 S.
1591 4620 1891 4692 Cyprianus
1936 4622 2670 4692 perpetuamDsequeretur
2716 4614 2797 4668 vir
2848 4622 2993 4668 tanta
3060 4612 3282 4668 scientia
3347 4606 3602 4678 prteditus
3652 4616 3941 4676 quaereret,

671 4717 811 4769 hanc
837 4715 1090 4770 Ecclesia:
1115 4730 1178 4771 ac
1205 4715 1464 4786 majorem
1486 4726 1789 4771 nostrorum
1810 4716 2251 4771 consuetudinem

664 4812 717 4868 in
770 4813 880 4869 suis
907 4813 1150 4883 epistolis
1203 4812 1623 4880 manifestabat;
1668 4812 1807 4869 hanc
1845 4829 1975 4884 ergo
2004 4814 2107 4868 sibi
2157 4813 2252 4868 ad-

664 4922 877 4962 versam
931 4906 1189 4963 Ecelesize
1235 4906 1679 4962 consuetudinem
1710 4921 1815 4961 non
1867 4905 2168 4977 ignorabat.
2193 4904 2251 4958 2°

663 4999 966 5072 Cyprianus
988 4998 1140 5069 juxta
1171 4998 1553 5071 Hieronymum
1586 4998 1789 5054 erroris
1829 4998 2114 5054 accusabat
2144 5014 2251 5054 non

663 5092 829 5148 solius
868 5091 1169 5160 Stephani,
1219 5091 1314 5147 sed
1365 5102 1418 5147 et
1472 5091 1731 5148 Ecclesia:
1784 5093 2248 5160 consuetudinem;

665 5194 889 5243 noverat
914 5200 1044 5258 ergo
1073 5203 1178 5241 non
1206 5186 1376 5242 solius
1404 5188 1681 5258 Stephani,
1717 5187 1813 5244 sed
1844 5187 2100 5244 Ecclesiae
2127 5204 2255 5244 con-

664 5279 1003 5335 suetudinem
1030 5279 1133 5334 sibi
1154 5279 1449 5336 adversari.

738 5375 988 5446 Repones
1018 5372 1253 5431 fortasse
1294 5373 1445 5445 juxta
1491 5374 1875 5447 Hieronymum
1907 5372 2256 5432 consuetudi-

668 5484 789 5523 nem
816 5467 1032 5539 quidem
1056 5483 1086 5521 a
1116 5467 1387 5539 Cypriane
1426 5468 1671 5535 lacerari,
1697 5468 1792 5524 sed
1826 5484 1929 5523 non
1964 5478 2256 5524 consuetu-

668 5562 850 5619 dinem
882 5564 1242 5619 universalem
1292 5564 1587 5628 Ecclesiae;
1630 5573 1682 5617 at
1711 5564 1757 5619 si
1801 5563 2161 5635 Hieronymus
2188 5562 2255 5617 de

668 5656 963 5714 universali
1011 5655 1269 5712 Ecclesiae
1316 5656 1712 5712 consuetudine
1767 5671 1875 5712 non
1921 5657 2254 5727 loqueretur,

669 5765 825 5806 suum
870 5750 1092 5805 minime
1134 5750 1386 5823 probaret
1435 5751 1721 5807 intentum.
1764 5750 2054 5805 Enimvero
2095 5764 2161 5805 ex
2190 5762 2257 5804 eo

674 5843 815 5913 quod
860 5843 1161 5914 Cyprianus
1209 5845 1465 5900 laceravit
1516 5846 1868 5903 inveteratam
1913 5844 2257 5903 consuetudi-

2355 4710 2569 4766 nonnisi
2603 4711 2655 4764 in
2686 4709 2866 4764 Africa
2907 4708 3022 4763 sola
3055 4706 3250 4761 factum
3299 4703 3485 4772 paucis
3533 4712 3663 4757 ante
3702 4716 3763 4756 se
3790 4701 3944 4755 annis

2352 4803 2631 4876 Agrippini
2661 4802 2949 4857 concilium
2977 4801 3264 4873 reperiret,
3288 4795 3431 4867 quod
3463 4811 3584 4851 cum
3621 4794 3723 4849 sibi
3752 4794 3943 4848 adver-

2354 4912 2447 4952 sus
2491 4898 2655 4951 totius
2698 4894 2845 4950 orbis
2886 4909 3090 4950 morem
3127 4906 3231 4947 non
3280 4888 3535 4944 sufﬁcere
3572 4897 3823 4943 cerneret
3847 4886 3943 4939 has

2354 4988 2589 5045 rationes
2619 4987 2864 5059 arripuit.
2903 5005 2922 5039 ι
2954 4981 3539 5054 CernebatCyprianus
3564 4995 3629 5035 eo
3662 4989 3821 5045 teste,
3855 4977 3938 5061 cui

2354 5081 2566 5145 melius,
2589 5096 2747 5153 quam
2777 5080 2998 5151 nuperis
3020 5075 3338 5149 quibusdam
3373 5072 3639 5144 theologis
3664 5073 3941 5144 explorata

2358 5190 2509 5234 erant
2538 5176 2790 5250 Cypriani
2822 5174 2989 5231 verba
3037 5185 3198 5243 atque
3236 5186 3417 5234 sensa,
3451 5168 3725 5240 Agrippini
3756 5177 3941 5221 aucto-

2356 5273 2588 5339 ritatem,
2616 5285 2774 5341 quam
2820 5270 2873 5323 in
2905 5266 3173 5323 lnereticis
3224 5260 3623 5334 rebaptizandis
3678 5260 3945 5329 sequeba-

2356 5376 2462 5434 tur,
2497 5366 2596 5422 sibi
2627 5381 2731 5419 non
2761 5362 3009 5420 sufﬁcere
3054 5361 3316 5415 adversus
3363 5376 3382 5410 ι
3419 5357 3583 5412 t0tius
3634 5356 3785 5410 Orbis
3831 5368 3943 5407 mo-

2356 5476 2491 5525 rem,
2525 5478 2544 5512 ι
2579 5458 2818 5531 profecto
2856 5471 2986 5528 ergo
3015 5453 3222 5511 sciebat
3250 5466 3457 5508 morem
3490 5450 3653 5504 totius
3677 5448 3825 5503 orbis
3855 5462 3941 5500 re-

2358 5553 2698 5627 baptizationi
2727 5550 3104 5606 haereticorum
3133 5562 3254 5601 esse
3279 5543 3634 5600 contrarium.

2427 5651 2632 5706 Rursus
2684 5636 3016 5719 Augustinus
3057 5643 3150 5699 lib.
3197 5657 3253 5697 vi
3293 5642 3355 5693 de
3401 5638 3555 5708 Bapt.
3584 5654 3635 5692 c.
3669 5636 3743 5691 55
3778 5654 3792 5688 :
3830 5654 3849 5685 ‹
3887 5633 3943 5689 Si

2358 5744 2688 5805 consuetudo
2711 5750 2849 5808 erat,
2871 5760 2889 5793 ι
2917 5738 3090 5811 inquit
3114 5780 3129 5805 ,
3160 5755 3178 5788 t
3200 5736 3341 5790 sicut
3367 5733 3482 5789 haec
3504 5732 3773 5787 sententia
3794 5728 3944 5783 testis

2360 5850 2461 5909 est,
2494 5849 2554 5896 ut
2606 5833 2843 5894 lueretici
2889 5832 3167 5889 venientes
3220 5826 3286 5883 ad
3318 5823 3612 5882 Ecrlesiam
3642 5838 3766 5879 cum
3808 5821 3940 5893 Bap-
