4116 6258
297 288 325 345 1
337 289 439 345 555

1550 272 2370 335 IllSTOllICO-DOGMATICA.

3447 269 3585 327 135i

299 401 459 456 tismo
484 396 626 471 quod
656 393 928 452 habebant
973 390 1365 462 reciperentur,
1409 404 1507 446 cur
1551 389 1739 444 orbem
1779 396 1889 443 ter—
1916 397 1963 455 Α
1992 402 2189 456 scopus
2221 385 2493 458 Cypriano
2519 396 2733 439 cotevus
2755 381 2953 453 saepius
2983 381 3232 438 laudatus
3260 383 3326 439 iis
3354 386 3539 441 verbis
3570 405 3583 439 :

296 510 478 549 rarum
530 494 650 563 quia
706 491 784 545 sic
835 488 1170 557 recipiuntur
1212 486 1515 540 accusant?
1558 504 1575 536 ι
1630 483 1885 554 Episcopi

296 588 507 642 scilicet
548 584 765 639 concilii
805 580 1120 651 Carthagin.
1152 580 1207 643 5,
1234 580 1375 634 inter
1396 592 1532 648 quos
1560 575 1885 647 Cyprianus.

295 679 466 737 I‘orro
515 679 606 750 qui
653 684 912 733 accusant
935 678 1123 731 orbem
1155 683 1447 737 terrarum,
1478 670 1621 742 quod
1653 670 1886 725 hairetici

296 774 411 830 sine
436 774 645 827 «iterato
691 771 969 841 Baptismo
1022 768 1433 840 reciperentur,
1486 781 1593 820 non
1637 765 1890 835 ignorant

294 864 539 937 profecto
587 866 654 919 ab
693 865 825 919 orbe
866 875 1129 919 terrarum
1162 862 1449 917 hzereticos
1488 860 1568 914 sic
1613 859 1805 929 recipi,
1835 868 1887 913 et

294 960 385 1016 lib.
409 976 499 1027 vn,
528 976 577 1017 c.
608 959 680 1013 2:
717 977 734 1009 ‹
772 957 906 1013 Eam
933 974 1145 1028 qttoque
1172 954 1337 1010 fuisse
1363 953 1807 1009 consuetudinem
1833 960 1890 1006 ut

292 1054 369 1109 sic
398 1053 772 1123 reciperentur
818 1050 1082 1120 (haeretici
1112 1048 1229 1103 sine
1259 1050 1455 1102 iterato
1484 1046 1804 1113 Baptismo),
1835 1053 1889 1099 et

292 1144 407 1216 ipse
453 1144 757 1217 Cyprianus
809 1143 991 1197 multis
1036 1142 1170 1196 locis
1218 1150 1273 1194 et
1320 1140 1527 1209 aliquot
1568 1138 1808 1209 episcopi
1834 1138 1885 1191 in

294 1237 395 1293 hrc
426 1236 660 1292 concilio
691 1233 969 1305 (Carthag.
999 1232 1057 1304 5)
1089 1231 1478 1294 manifestam;
1514 1230 1655 1285 unde
1699 1239 1888 1300 aparet

264 1364 267 1367 -
292 1332 336 1385 si
362 1330 600 1384 ineretici
632 1346 736 1385 non
759 1328 959 1383 habent
984 1325 1338 1395 Baptismnm,
1362 1324 1662 1380 Ecclesiam
1685 1320 1883 1378 Christi

294 1430 600 1494 temporum
630 1422 847 1476 illorum
900 1419 1409 1491 prmvaricatoribus
1441 1419 1608 1474 fuisse
1649 1418 1883 1487 plenam,

289 1520 378 1591 qui
406 1520 484 1575 eis
513 1516 872 1589 suifragantes
898 1516 976 1570 sic
1005 1516 1356 1585 recipiebant.
1400 1536 1418 1567 ι
1451 1513 1732 1570 Undenam
1760 1527 1885 1582 pro-

290 1611 379 1669 bat
417 1613 474 1667 S.
504 1613 699 1666 Doctor
730 1610 987 1681 viguisse,
1017 1608 1272 1682 Cypriani
1297 1609 1458 1664 etiam
1488 1616 1667 1672 attate,
1698 1604 1886 1661 Eccle-

296 1707 389 1762 sia:
411 1704 876 1770 consuetudinem,
907 1712 965 1757 ut
1008 1702 1244 1757 hmretici
1290 1702 1407 1755 sine
1444 1713 1583 1755 novo
1622 1698 1885 1768 baptismo

1998 500 2016 532 ι
2048 479 2429 536 Animadverte
2461 480 2747 549 qumsitum
2794 476 2933 546 apud
2986 476 3201 541 fratres,
3251 479 3377 549 quid
3412 482 3588 550 potius

1992 577 2267 633 observari
2310 583 2525 646 oportet
2572 575 2626 628 in
2676 588 2963 643 personam
3016 589 3226 639 eorum,
3260 576 3348 643 qui
3395 576 3447 629 in
3480 576 3591 630 hm-

1992 673 2100 726 resi
2139 669 2354 739 quidem
2395 668 2490 723 sed
2519 669 2569 721 in
2618 666 2836 722 nomine
2880 666 3087 720 Domini
3138 666 3229 720 Dei
3260 668 3429 721 nostri
3460 667 3590 723 Jesn

1991 765 2188 821 Christi
2220 764 2390 830 tincti,
2425 762 2766 833 postmodum
2813 759 2938 815 inde
2983 760 3213 831 digressi
3242 770 3295 814 et
3338 762 3591 830 supplici-

1992 869 2074 916 ter
2113 859 2179 915 ad
2216 858 2513 913 Ecclesiam
2570 856 2662 911 Dei
2702 855 3062 922 advolantes,
3096 854 3222 907 totis
3278 855 3591 923 prmcordiis

1994 954 2363 1025 pmnitentiam
2414 961 2668 1023 agerent,
2705 959 2760 1005 et
2788 950 2990 1005 erroris
3046 949 3127 1003 sui
3183 948 3587 1003 damnationem

1992 1062 2133 1102 nunc
2186 1046 2401 1099 demum
2460 1044 2842 1112 intelligentes,
2898 1041 3155 1095 auxilium
3205 1041 3393 1094 salutis
3422 1040 3490 1094 ab
3526 1055 3587 1094 ea

1991 1140 2279 1208 implorent
2309 1147 2485 1192 utrntn
2518 1136 2879 1191 vetustissima
2907 1132 3298 1188 consuetudine
3325 1147 3388 1186 ac
3418 1132 3585 1186 tradi-

1992 1232 2136 1285 tione
2163 1228 2526 1285 ecclesiastica
2559 1238 2679 1297 post
2722 1228 2868 1281 illum
2922 1228 3011 1297 qni
3067 1226 3195 1279 foris
3221 1226 3459 1293 quidem,
3490 1224 3587 1279 sed

1990 1326 2042 1380 in
2069 1324 2285 1379 nomine
2309 1323 2435 1379 Jcsu
2468 1322 2665 1378 Christi
2717 1322 3049 1375 Dominicum
3101 1332 3425 1392 acceperunt
3451 1323 3589 1391 Bap-

1992 1421 2170 1483 tisma,
2206 1417 2576 1473 tantummodo
2609 1416 2811 1485 imponi
2839 1416 2917 1470 eis
2963 1432 3179 1470 manqu
3233 1416 3300 1470 ab
3332 1417 3587 1485 episcopo

1991 1512 2056 1567 ad
2080 1512 2453 1580 accipiendum
2494 1509 2753 1580 Spiritum
2780 1520 3025 1564 sanctum
3055 1509 3348 1577 sufficeret,
3377 1519 3432 1565 et
3472 1512 3589 1565 haec

1990 1618 2183 1657 manus
2236 1602 2508 1670 impositio
2555 1603 2763 1672 signum
2798 1602 2917 1655 fidei
2968 1603 3220 1657 itcratutn
3265 1613 3425 1671 atque
3457 1618 3587 1657 con-

1990 1702 2317 1749 summatum
2366 1696 2445 1748 eis
2501 1702 2812 1763 prteslaret;
2847 1709 2913 1748 an
2960 1710 3087 1748 vero
3118 1696 3279 1749 etiam
3333 1696 3581 1751 iteratum

289 1798 705 1869 reciperentur?
737 1797 811 1851 Ex
861 1798 1000 1867 ipso,
1047 1806 1103 1850 ut
1143 1795 1315 1860 vides,
1354 1784 1542 1848 sancto
1588 1792 1881 1864 Cypriano,
1914 1790 1961 1849 B
1992 1788 2262 1856 Baptisma
2290 1788 2353 1841 iis
2386 1789 2749 1843 net-CSSarium
2795 1799 2942 1843 esset
2969 1800 3239 1859 tamquam
3272 1790 3399 1845 nihil
3436 1792 3586 1846 habi-

287 1894 375 1961 qui
408 1894 589 1947 multis
622 1892 756 1946 locis
789 1890 916 1945 illud
961 1888 1269 1945 manifestat
1298 1905 1313 1953 ;
1341 1904 1450 1942 non
1498 1901 1627 1957 ergo
1668 1884 1887 1955 ignora-

289 1986 381 2042 bat
410 1986 633 2041 antistes
661 1983 1101 2055 Carthagincnsis
1128 1998 1247 2038 eam
1282 1981 1444 2037 fuisse
1478 1979 1737 2035 Ecclesiae
1756 1995 1885 2035 con-

292 2078 651 2134 suetudinem.

359 2171 475 2226 Non
526 2171 705 2242 pigeat
758 2185 942 2239 qumso
994 2168 1347 2239 Augustinum
1410 2165 1586 2221 adhuc
1626 2164 1811 2220 audire
1868 2180 1880 2216 :

291 2282 310 2316 ι
343 2263 767 2333 Talem,iinquit
797 2263 889 2317 lib.
922 2277 1017 2327 \‘ll,
1047 2264 1113 2315 de
1146 2260 1324 2329 Bapt.,
1366 2275 1414 2314 c.
1438 2258 1531 2324 25,
1563 2257 1760 2313 «fuisse
1783 2257 1883 2313 Ec-

288 2356 472 2411 clesia:
527 2354 971 2411 consuetudinem
1022 2353 1332 2424 (haereticos
1376 2350 1581 2404 scilicet
1638 2365 1745 2403 non
1799 2366 1884 2404 rc-

288 2448 639 2519 baptizandi),
667 2450 763 2517 ipsi
804 2449 893 2518 qui
931 2447 1031 2501 hoc
1080 2445 1366 2502 concilium
1399 2442 1712 2513 Carthagiu.
1736 2443 1773 2499 3
1803 2443 1882 2497 fa-

288 2542 441 2598 ciunt
495 2557 639 2611 saepe
683 2550 1129 2595 commemorant.
1172 2559 1189 2591 ι
1217 2536 1447 2593 Noverat
1491 2552 1621 2607 ergo
1664 2535 1884 2607 Cypria-

286 2652 408 2701 nus,
447 2646 709 2690 noveraut
748 2634 983 2690 Afrir-ani
1029 2634 1306 2704 episcopi,
1348 2632 1439 2703 qui
1483 2631 1606 2685 huic
1645 2629 1883 2685 concilio

288 2727 673 2793 interfuerunt,
698 2732 855 2782 talem
886 2727 1071 2793 luisse,
1102 2741 1207 2780 non
1236 2723 1493 2794 Stephani
1528 2733 1758 2789 tantum,
1787 2721 1883 2777 sed

286 2830 341 2877 et
380 2820 637 2875 Ecclesiae
661 2819 1130 2883 consuetudinem,
1172 2826 1226 2872 et
1254 2818 1307 2871 in
1337 2817 1497 2887 epist.
1536 2815 1603 2870 ad
1648 2815 1879 2870 Vincen-

288 2912 417 2969 tium
450 2913 720 2984 Rogatist.
750 2912 852 2974 95.
886 2926 937 2967 c.
989 2912 1058 2966 10
1094 2929 1107 2965 :
1140 2929 1159 2961 ‹
1193 2910 1495 2981 Cyprianus
1540 2919 1718 2964 autem
1758 2923 1885 2963 seu~

286 3007 422 3061 sisse
449 3007 627 3069 aliter,
660 3021 818 3077 quam
849 3003 1020 3059 forma
1067 3012 1123 3058 et
1152 3001 1489 3058 consuetudo
1515 3001 1748 3057 habebat
1780 3000 1883 3057 Ec-

195 3124 203 3131 -
286 3099 487 3167 clesiaa,
520 3115 624 3155 non
658 3100 709 3153 in
734 3096 1011 3153 canonicis
1037 3096 1133 3153 sed
1166 3097 1217 3150 in
1248 3096 1358 3150 suis
1385 3104 1440 3151 et
1464 3096 1516 3149 in
1552 3095 1766 3150 concilii
1799 3095 1883 3149 Iit-

1990 1881 2147 1943 turis,
2184 1882 2227 1933 si
2258 1879 2361 1933 hoc
2409 1894 2622 1950 quoque
2650 1880 2828 1950 adepti
2859 1896 2924 1935 ex
2958 1881 3165 1951 integro
3194 1899 3299 1935 non
3332 1882 3583 1944 fuissent.

1990 1973 2215 2044 perinde
2261 1988 2324 2028 ac
2359 1974 2403 2027 si
2461 1989 2753 2043 numquam
2805 1974 3057 2045 baptizati
3109 1976 3163 2029 in
3211 1978 3428 2032 nomine
3457 1976 3585 2033 Jesu

1986 2066 2187 2122 ChriSti
2238 2067 2454 2130 forent,
2507 2065 2737 2135 ideoque
2792 2068 3048 2121 nonnulla
3102 2083 3263 2138 super
3317 2069 3417 2123 hac
3448 2087 3583 2125 nova

1988 2162 2283 2231 quatstione
2314 2160 2512 2237 scripta
2538 2173 2627 2214 aut
2654 2163 2909 2231 rescripta
2941 2179 3063 2219 esse
3084 2164 3445 2232 jactabantur,
3466 2166 3586 2234 qui-

1988 2258 2089 2313 bus
2116 2272 2340 2330 utraque
2366 2275 2489 2328 pars
2516 2260 2581 2314 ad
2612 2262 2936 2317 destruenda
2964 2265 3135 2318 aliena
3168 2281 3383 2321 summo
3406 2267 3585 2322 studio

1988 2352 2277 2407 nitebatur.
2318 2371 2336 2403 i
2373 2352 2451 2407 En
2479 2365 2650 2408 status
2672 2357 3082 2421 controversim,
3110 2361 3372 2428 quaeritur
3402 2370 3579 2414 utrum

1988 2446 2265 2501 observari
2295 2449 2471 2517 potius
2498 2458 2747 2519 oporteat
2777 2452 3143 2506 vetustissima
3171 2454 3425 2509 Ecclesia:
3454 2472 3585 2511 con-

1987 2540 2305 2597 suetudoac
2354 2542 2568 2597 traditio
2617 2558 2721 2613 qua
2766 2543 2998 2599 haeretici
3046 2546 3112 2601 ad
3164 2548 3461 2605 Ecclesiam
3494 2567 3585 2607 ve-

1988 2633 2199 2688 nientes
2229 2650 2350 2688 cum
2404 2635 2675 2704 Baptismo
2702 2637 2843 2706 quod
2876 2636 3005 2692 foris
3049 2652 3370 2708 acceperant
3412 2643 3584 2698 susci-

1988 2725 2322 2795 piebantur?
2364 2727 2443 2781 Au
2470 2742 2601 2781 vero
2644 2727 2915 2797 Baptisma
2965 2731 3026 2784 iis
3062 2731 3240 2787 adhuc
3286 2733 3357 2788 sit
3397 2750 3584 2790 neces-

1987 2815 2211 2884 sarium,
2244 2820 2369 2891 quia
2409 2820 2537 2874 nihil
2584 2831 2766 2876 essent
2794 2822 3025 2878 habituri
3075 2826 3119 2879 si
3152 2826 3253 2881 hoc
3280 2843 3385 2882 non
3434 2831 3578 2885 acci-

1985 2911 2217 2980 perent?

2060 3005 2155 3060 llic
2182 3020 2344 3076 porro
2367 3009 2683 3077 quaestionis
2709 3019 2880 3064 status
2913 3011 3195 3067 manifeste
3223 3016 3479 3084 supponit
3505 3017 3575 3073 ab

1985 3099 2238 3153 omnibus
2272 3099 2412 3155 ultro
2439 3099 2729 3155 admissam
2774 3101 2939 3158 fuisse
2972 3104 3196 3173 hujusce
3228 3105 3484 3162 Ecclesim
3513 3108 3582 3164 de

289 3194 418 3249 teris
468 3193 761 3247 invenitur.
820 3211 839 3245 ι
875 3191 931 3247 Si
985 3192 1038 3246 in
1068 3191 1323 3263 Cypriani
1370 3190 1563 3246 litteris
1612 3180 1952 3245 inveniturC
1985 3206 2092 3245 non
2124 3191 2519 3261 rebaptizandis
2566 3193 2835 3249 hmreticis
2881 3196 3269 3265 antiquissimae
3301 3213 3582 3256 consuetu-

286 3286 461 3358 ipsum
484 3285 642 3341 aliter
668 3285 737 3340 de
767 3285 1044 3353 Baptismo
1070 3283 1327 3347 sensisse,
1359 3298 1519 3351 quam
1544 3282 1881 3339 consuetudo

285 3377 519 3433 habebat
557 3378 834 3441 Ecclesite,
869 3376 1171 3449 Cyprianus
1198 3375 1439 3446 profecto
1464 3375 1517 3430 in
1549 3376 1661 3430 suis
1692 3376 1880 3431 litteris

287 3473 527 3529 ostendit
550 3472 995 3530 consuetudinem
1029 3471 1288 3529 Ecclesia:
1314 3471 1547 3527 alienam
1575 3486 1697 3527 esse
1725 3487 1756 3526 a
1783 3486 1878 3527 sua

288 3569 575 3625 sententia.

354 3659 491 3726 Quid
513 3660 744 3729 amplius
760 3659 829 3714 ab
845 3660 1144 3730 Augustino
1159 3659 1626 3716 desiderareturin
1648 3660 1876 3731 gratiam

283 3752 599 3808 assertionis
654 3754 897 3806 nostra}?
934 3753 991 3808 S.
1021 3751 1345 3824 Cyprianus,
1388 3760 1525 3807 teste
1554 3752 1876 3822 Augustino,

291 3864 311 3897 ς
348 3846 480 3900 satis
526 3844 792 3910 ostendit,
838 3855 1023 3915 aperte
1074 3844 1305 3911 indicat,
1356 3844 1577 3898 omnino
1619 3844 1875 3909 declarat,

287 3954 432 4009 swpe
457 3946 871 3999 commemorat,
905 3937 1090 3992 multis
1117 3937 1251 3993 locis
1286 3935 1591 3991 manifestat
1622 3950 1729 3990 non
1761 3934 1878 3991 Ste-

282 4033 446 4103 phani
470 4041 696 4097 tantum,
727 4030 820 4085 sed
845 4039 900 4086 et
926 4030 1185 4087 Ecclesize
1225 4029 1671 4086 consuetudinem
1696 4045 1818 4085 esse
1853 4048 1873 4082 ι

283 4136 343 4181 ut
383 4124 621 4181 haeretici
663 4124 941 4180 venientes
986 4124 1051 4178 ad
1096 4124 1390 4180 Ecclesiam
1437 4139 1559 4179 cum
1603 4124 1879 4195 Baptismo

282 4220 422 4288 quod
469 4218 741 4274 habebant
769 4219 1160 4289 reciperentur.
1192 4218 1494 4289 Cyprianus
1525 4217 1872 4272 «accusabat»

282 4328 390 4368 non
422 4313 599 4367 Solum
632 4310 985 4382 Stephanum,
1017 4310 1111 4367 sed
1137 4311 1353 4367 «orbem
1383 4320 1701 4373 terrarumn
1738 4309 1878 4380 quod

283 4405 522 4461 bteretici
559 4407 637 4463 sic
688 4405 1082 4475 reciperentur.
1126 4405 1425 4479 Cyprianus
1472 4404 1785 4461 «cernebat:
1820 4419 1880 4460 se

283 4513 446 4571 agere
482 4518 502 4551 ι
533 4498 793 4555 adversus
846 4499 1011 4554 totius
1062 4498 1209 4553 orbis
1253 4513 1477 4554 morem.
1514 4517 1533 4551 ι
1578 4498 1879 4570 Cyprianus

1984 3284 2126 3339 dinis
2151 3286 2515 3352 exi~tentiam,
2543 3302 2663 3341 cum
2697 3287 2764 3342 de
2809 3303 2869 3343 ea
2903 3299 3176 3359 qua‘ralttr
3209 3294 3582 3349 tantummodo

1986 3390 2161 3436 utrum
2191 3384 2417 3451 servari,
2450 3384 2533 3438 vel
2565 3400 2669 3438 non
2708 3388 2908 3441 servari
2949 3386 3140 3442 debeat
3174 3407 3188 3453 ;
3224 3391 3363 3445 unde
3388 3392 3584 3447 citatus

1982 3485 2191 3539 auctor,
2217 3476 2305 3545 qui
2336 3484 2482 3532 totus
2510 3488 2590 3532 εει
2620 3477 2671 3531 in
2723 3476 3034 3533 refellendis
3060 3481 3309 3551 Cypriani
3358 3484 3581 3539 rationi-

1985 3566 2085 3622 bus
2135 3584 2423 3639 numquam
2451 3570 2517 3624 de
2546 3571 2661 3639 ipso
2708 3573 3073 3643 conqueritur,
3124 3574 3264 3642 quod
3297 3574 3454 3646 hujus
3477 3576 3583 3631 Ec-

1982 3660 2162 3715 clesia:
2191 3662 2603 3717 consuetudinis
2645 3664 2985 3720 existentiam
3016 3667 3066 3719 in
3098 3666 3319 3723 dubium
3352 3685 3578 3726 revoca-

1983 3761 2097 3818 ret;
2148 3763 2201 3807 at
2249 3754 2447 3822 szepius
2499 3755 2596 3823 ipsi
2647 3758 2976 3824 exprobrat,
3011 3768 3068 3812 ut
3112 3774 3270 3829 supra
3325 3762 3575 3831 vidimus,

1983 3844 2124 3914 quod
2156 3845 2324 3900 nollet
2380 3861 2500 3901 esse
2535 3864 2554 3897 ε
2591 3858 2877 3902 contentus
2903 3851 3195 3905 venerabili
3224 3854 3577 3911 ecclesiarum

1984 3939 2223 3992 omnium
2249 3940 2589 4003 auctoritate,
2621 3960 2638 3992 ι
2671 3942 2812 4009 quod
2844 3943 3321 4013 rebaptizationem
3356 3949 3578 4005 haereti-

1983 4044 2170 4085 corum
2204 4032 2423 4086 minime
2451 4032 2750 4101 damnaret,
2770 4052 2927 4104 quam
2953 4039 3416 4109 tamenjudicabat
3442 4057 3575 4097 con-

1984 4122 2201 4176 trariam
2218 4123 2627 4179 solemnissimae
2651 4135 2963 4180 cunctorum
2996 4130 3343 4185 emeritorum
3367 4143 3581 4188 sancto-

1984 4230 2104 4269 rum
2128 4224 2181 4269 et
2212 4215 2447 4271 fidelium
2469 4217 2853 4272 observationi.
2886 4219 2969 4273 «In
2997 4236 3104 4291 quo
3128 4237 3348 4291 genere,
3383 4225 3577 4293 inquit,

1983 4310 2295 4378 qua‘stionis
2340 4308 2430 4384 (de
2480 4312 2739 4381 rebaptis.
2786 4313 3076 4382 haereticis)
3118 4326 3174 4370 ut
3204 4318 3334 4371 mihi
3366 4317 3578 4375 videtur

1984 4401 2130 4457 nulla
2159 4404 2381 4458 omnino
2409 4404 2671 4475 potuisset
2717 4407 3085 4462 controversia
3136 4418 3228 4463 aut
3259 4410 3579 4481 disceptatio

1984 4511 2283 4567 emergere,
2308 4500 2351 4553 si
2377 4500 2740 4570 unusquisque
2764 4510 3006 4556 nostrum
3032 4512 3318 4559 contentus
3345 4520 3579 4561 venerao

290 4611 309 4644 ι
338 4592 535 4663 ubique
590 4590 901 4647 intuebatur
942 4590 1306 4645 universalcm
1349 4600 1404 4645 et
1431 4590 1704 4645 robustam
1750 4604 1878 4645 con-
1904 4575 1957 4635 D
1985 4590 2078 4645 bili
2107 4591 2454 4645 ecclesiarum
2510 4592 2751 4647 omnium
2799 4594 3119 4649 auctoritate
3167 4605 3220 4649 et
3270 4599 3575 4652 necessaria

281 4686 621 4743 suetudinem
654 4706 673 4740 ι
705 4684 991 4741 btereticos
1024 4701 1131 4740 non
1178 4684 1565 4756 rebaptizandi.
1610 4684 1736 4739 Haec
1766 4684 1884 4739 sine

282 4782 597 4853 ambagibus
646 4780 765 4836 sine
819 4779 1109 4835 verborum
1162 4778 1417 4844 circuitu,
1450 4777 1611 4832 nullis
1641 4776 1880 4831 involuta

286 4872 547 4935 tenebris,
580 4872 767 4937 nitida,
808 4871 1081 4926 luculenta
1120 4873 1327 4927 centies
1355 4872 1603 4939 repetita,
1635 4870 1878 4933 firmiter,

284 4979 349 5019 ac
392 4964 676 5019 evidenter
726 4965 1017 5019 ostendunt
1064 4966 1403 5034 exploratum
1450 4964 1722 5035 Cypriano
1763 4964 1880 5017 sine

284 5054 449 5111 duhio
492 5054 658 5111 fuisse
687 5058 1132 5112 consuetudinem
1176 5057 1459 5113 haeretiCos
1490 5073 1596 5112 non
1646 5057 1882 5125 rebapti-

285 5148 440 5204 zandi
490 5158 615 5203 tunc
653 5149 911 5221 temporis
958 5149 1123 5209 fuisse
1153 5150 1600 5206 consuetudinem
1637 5150 1885 5206 «univer-

283 5246 453 5301 salem
501 5244 815 5313 Ecclesiae,»
852 5245 1298 5301 consuetudinem
1357 5246 1533 5301 corbis
1591 5256 1877 5310 terrarum,

284 5340 451 5395 totius
480 5338 630 5394 orbis
658 5354 923 5405 morem,»
957 5353 1115 5407 quem
1152 5338 1382 5408 urbique
1403 5337 1766 5393 intuebatur.»

356 5430 423 5486 V.
456 5430 823 5487 Universalem
883 5430 1144 5487 Ecclesiae
1203 5432 1271 5485 de
1325 5447 1433 5485 non
1481 5429 1881 5499 rebaptizandis

284 5520 560 5579 hmreticis
576 5523 1026 5578 consuetudinem
1060 5538 1161 5577 nec
1186 5538 1214 5576 a
1234 5522 1523 5593 Cypriano,
1544 5535 1644 5575 nec
1672 5520 1740 5573 ab
1762 5520 1879 5591 ejus

284 5618 509 5675 asseclis
550 5618 603 5672 in
647 5616 868 5671 dubium
894 5608 901 5615 ’
928 5627 1232 5672 revocatam
1286 5614 1447 5669 fuisse
1491 5613 1801 5669 manifestat
1827 5624 1882 5669 et

283 5720 458 5766 Status
492 5708 898 5775 controversia},
928 5723 1050 5778 qua:
1098 5707 1427 5780 Cyprianum
1474 5706 1619 5762 inter
1646 5716 1701 5763 et
1742 5706 1879 5764 alios

283 5803 628 5877 agitabatur;
663 5801 807 5857 hunc
849 5798 1086 5856 dilucide
1132 5798 1357 5872 exponit
1406 5813 1710 5870 anonymus
1766 5798 1880 5869 cpi-

730 5896 1006 5958 ΡΑτιιοι.
1041 5894 1150 5956 III.

1988 4684 2291 4739 humilitate
2337 4684 2469 4740 nihil
2516 4686 2773 4740 innovare
2819 4687 3085 4756 gestiret;
3138 4703 3368 4759 namque
3413 4704 3576 4746 omne

1984 4776 2126 4847 quod
2153 4792 2351 4847 anceps
2381 4787 2434 4831 et
2460 4778 2766 4849 ambiguum
2793 4786 2849 4834 et
2876 4778 3110 4834 diversis
3132 4782 3413 4836 sententiis
3444 4798 3573 4854 pru-

1983 4871 2220 4927 dentium
2267 4887 2331 4927 ac
2383 4872 2618 4928 fidelium
2680 4874 2916 4928 virorum
2968 4875 3314 4929 constituttnn
3364 4886 3484 4940 est,
3530 4879 3579 4933 si

1981 4974 2167 5020 cmttra
2202 4966 2432 5034 priscam
2475 4976 2529 5019 et
2571 4966 2974 5021 memorabilem
3014 4977 3332 5021 cunctorum
3381 4968 3577 5023 emeri-

1985 5068 2158 5112 torum
2187 5066 2495 5112 sanctorum
2532 5066 2587 5111 et
2614 5056 2848 5111 ﬁdelium
2900 5058 3350 5113 solemnissimam
3384 5059 3575 5115 obser-

1983 5148 2553 5217 vationemjudicatur,
2585 5148 2826 5202 damnari
2860 5148 3041 5219 utique
3070 5149 3283 5206 debet.)
3306 5150 3576 5222 Cypriano

1984 5240 2311 5310 exprobrat,
2364 5239 2506 5308 quod
2559 5240 2861 5294 auctoritati
2913 5250 2991 5294 tot
3041 5255 3328 5303 annorum.
3388 5252 3572 5312 totque

1984 5334 2333 5389 ecclesiarum
2360 5334 2703 5399 acquiescere
2730 5333 2931 5401 nollet;
2977 5336 3118 5404 qttod
3146 5337 3448 5406 insurgeret
3486 5338 3577 5393 ad«

1984 5440 2169 5481 versus
2196 5424 2619 5480 eet-lesiasucam
2645 5435 2719 5478 tot
2747 5426 3066 5480 saeculorum
3084 5429 3529 5484 consuetudinem
3556 5450 3569 5485 :

1990 5538 2008 5572 ι
2042 5518 2145 5574 Per
2170 5534 2351 5589 quam,
2387 5518 2579 5587 inquit.
2633 5519 2762 5573 utile
2803 5528 2885 5574 est
2916 5520 3157 5586 credere,
3186 5534 3239 5576 et
3282 5530 3361 5577 tot
3406 5538 3575 5578 anno-

1982 5628 2103 5667 rum
2130 5621 2313 5681 totque
2343 5610 2693 5666 ecclesiarum
2721 5612 3027 5667 auctoritati
3051 5629 3172 5669 cum
3204 5614 3339 5669 bona
3369 5616 3577 5672 ratione

1983 5704 2347 5775 acquiescere,
2377 5719 2498 5759 cum
2529 5704 2600 5759 sit
2628 5704 2921 5759 maximum
2953 5704 3349 5762 incommodum
3378 5722 3441 5763 ac
3467 5707 3577 5763 dis-

1984 5796 2238 5869 pendium
2264 5797 2614 5854 sanctissimre
2636 5798 2822 5855 matris
2843 5798 3098 5857 Ecclesiae
3124 5798 3381 5859 adversus
3402 5801 3574 5871 prisca

2899 5890 2995 5953 53.
