4116 6258
527 265 668 326 i555

1514 255 1974 318 DISSERTATIO
2022 250 2836 314 HlSTORICO-DOGMATICA.

3701 251 3855 309 {356

522 381 770 440 consulta
798 384 918 452 post
946 384 1023 433 tot
1051 375 1371 433 saeculorum
1400 374 1596 431 seriem
1628 389 1770 430 nunc
1797 374 2029 445 primunt
2054 387 2117 427 ac
2145 375 2195 434 Λ
2223 387 2327 426 non
2356 370 2725 441 rebaptizandi
2749 367 3220 436 consuetudinem,
3252 367 3622 425 universalem
3646 368 3857 425 Eccle-

529 477 648 530 sinc
679 472 889 527 ratione
940 468 1242 538 insurgere.
1285 485 1302 518 ι
1337 466 1415 521 Ex
1451 465 1645 536 quibus
1677 465 1926 519 omnibus
1963 464 2129 533 liquet

531 565 733 622 nemini
766 560 1208 632 rebaptizantium
1256 567 1380 613 tunc
1426 557 1686 628 temporis
1716 555 1880 612 fuisse
1909 555 2127 610 dubiam

533 659 673 714 hanc
701 657 768 711 tle
812 669 918 710 non
951 651 1348 724 rebaptisandis
1393 651 1660 706 htereticis
1711 649 1970 704 Ecclesia:
2001 663 2130 704 con-

532 749 872 807 suetudinem
903 765 918 812 ;
955 745 1096 801 unde
1129 743 1464 800 Venerabilis
1519 742 1661 797 Beda
1702 741 1980 796 asserebat
2024 739 2131 811 Cy-

533 843 778 910 prianum
805 853 926 892 cum
955 837 1068 892 suis
1100 835 1367 891 Africanis
1396 851 1501 889 non
1533 848 1719 888 contra
1749 832 2009 904 Stephani
2038 831 2123 887 vel

533 935 756 990 alterius
789 932 1017 1004 praxim,
1053 931 1144 986 sed
1182 949 1198 980 ι
1235 939 1422 985 contra
1455 944 1662 984 morem
1688 927 1944 983 Ecclesiae
1977 945 1994 978 ι
2023 933 2133 982 sta-

536 1036 690 1083 tuere
714 1025 951 1081 voluisse
973 1023 1230 1079 haeretico
1263 1037 1386 1078 esse
1415 1021 1832 1092 rebaptizandos
1865 1020 1965 1091 (1).

604 1117 693 1173 Vl.
740 1117 984 1172 Tandem
1027 1113 1354 1187 Cyprianum
1408 1113 1545 1168 hanc
1597 1110 1851 1168 Ecclesia:
1897 1125 2130 1166 consue-

538 1213 777 1269 tudinem
811 1211 1089 1281 ignorasse
1117 1253 1128 1272 ,
1160 1218 1400 1263 veterum
1452 1207 1628 1261 nullus
1675 1206 1757 1262 vel
1789 1206 2018 1261 obscure
2046 1219 2134 1259 se-

539 1308 645 1362 mel
701 1304 983 1368 indicavit,
1018 1301 1158 1356 haud
1187 1302 1386 1362 nesciis
1416 1300 1742 1356 adversariis
1769 1291 1968 1355 nostris
1993 1342 2006 1365 ,
2046 1299 2136 1370 qui

537 1401 604 1456 ad
635 1408 953 1472 przetensam
985 1397 1238 1469 Cypriani
1269 1395 1626 1466 ignorantiam
1657 1394 1996 1462 ﬁrmandam,
2017 1393 2140 1448 nul-

541 1497 650 1549 lutn
695 1494 954 1548 hactenus
997 1490 1225 1560 alicujus
1270 1489 1603 1559 antiquitatis
1657 1487 2023 1543 testimonium
2066 1487 2143 1541 al-

541 1590 681 1644 ferre
725 1593 1034 1656 potuerunt.
1072 1584 1136 1639 Et
1163 1593 1339 1648 certe,
1389 1583 1717 1654 Cyprianum
1761 1581 1982 1652 hujusce
2008 1595 2141 1636 con-

542 1681 842 1737 suetudinis
895 1679 1137 1749 ignarum
1186 1693 1477 1746 numquam
1521 1676 1888 1740 audissemus,
1918 1674 2018 1729 nisi
2048 1691 2144 1729 nu-

2231 464 2324 518 sia:
2375 472 2498 517 tunc
2546 463 2804 530 temporis
2855 459 3022 516 fuisse
3082 460 3566 536 consuetudinem,
3619 460 3746 515 sive
3793 471 3854 514 ut

2234 557 2515 628 Augustini
2546 556 2724 611 verbis
2771 564 2914 624 utar,
2950 575 2969 610 ‹
2995 553 3327 628 Cyprianum
3371 555 3510 611 hanc
3543 566 3856 613 consuetu-

2233 652 2413 707 dinem
2448 649 2646 722 ubique
2672 658 2729 705 et
2749 649 3106 704 universalem
3140 651 3390 706 intuitum
3419 650 3611 706 fuisse.
3658 671 3678 703 ι

2308 745 2548 815 Denique
2575 753 2798 798 noverat
2823 753 2877 798 et
2907 742 3208 816 Cyprianus
3231 744 3369 798 hanc
3388 743 3859 800 consuetudinem

2235 840 2303 894 ab
2326 838 2574 892 omnibus
2606 837 2886 908 Episcopis
2913 838 3241 908 antiquitus,
3288 837 3339 892 id
3381 847 3464 892 est
3492 848 3624 892 ante
3657 839 3862 908 Agrip-

2237 933 2420 1003 pinum
2444 974 2459 998 ,
2501 939 2767 985 servatam
2815 929 3000 985 fuisse.
3035 930 3137 998 Qui
3163 931 3305 986 enim
3327 929 3695 1001 Agrippinum
3725 945 3859 985 cen-

2238 1025 2384 1081 sebat
2419 1023 2648 1092 primum
2697 1020 3140 1092 rebaptizationis
3188 1030 3500 1092 parentem,
3532 1022 3861 1076 necessario

2240 1117 2567 1188 agnoscebat
2597 1116 2866 1170 neminem
2896 1115 3287 1186 Episcoporum
3319 1123 3445 1168 ante
3488 1111 3859 1185 Agrippinum

2241 1211 2624 1282 rebaptizasse,
2674 1217 2727 1263 et
2751 1218 3146 1278 consequenter
3171 1207 3239 1261 ab
3260 1207 3514 1261 omnibus
3567 1207 3861 1276 Episcopis

2241 1315 2508 1361 servatam
2532 1305 2660 1359 olim
2687 1302 2876 1371 fuisse,
2900 1319 3060 1375 quam
3094 1302 3400 1372 Stephanus
3428 1301 3495 1356 Β.
3538 1301 3599 1355 Ρ.
3628 1301 3864 1371 urgebat

2243 1397 2711 1454 consuetudinem.
2745 1397 2919 1452 Porro
2947 1396 3001 1452 S.
3029 1396 3348 1470 Cyprianus,
3373 1404 3429 1449 ut
3455 1411 3626 1468 supra
3657 1394 3862 1464 proba-

2246 1492 2437 1560 vimus,
2473 1489 2822 1562 Agrippinum
2844 1489 3103 1546 censebat
3127 1488 3361 1560 primum
3388 1488 3851 1557 rebaptizationis

2249 1594 2551 1656 parentem.
2916 1583 2917 1586 “

2322 1677 2388 1730 Ει
2418 1690 2547 1732 vero
2578 1687 2816 1731 veterem
2845 1674 2983 1730 hanc
3033 1672 3356 1728 universalis
3412 1673 3679 1728 Ecclesia:
3728 1689 3863 1728 con-

542 1777 688 1848 peris
723 1771 996 1828 nonnullis
1027 1772 1202 1826 aetatis
1231 1779 1429 1824 nostra:
1463 1769 1820 1840 scriptoribus
1856 1768 2144 1840 placuisset
2173 1770 2221 1830 B
2250 1767 2590 1823 suetudinem
2631 1766 2902 1846 Cypriano
2936 1776 3118 1821 notam
3163 1764 3330 1820 fuisse
3377 1773 3603 1819 testatur
3657 1765 3872 1834 sacpius

548 1867 720 1936 magis
749 1878 903 1918 novae
933 1862 1204 1931 opinionis
1235 1862 1625 1916 adinventores
1665 1875 1724 1915 se
1755 1859 1960 1925 videri.
1988 1875 2146 1930 quam

544 1958 820 2028 antiquam
872 1963 949 2010 tot
987 1955 1308 2009 smculorum
1359 1954 1520 2008 ﬁdem
1575 1953 1724 2023 sequi
1774 1968 1834 2009 se
1887 1953 2146 2023 proﬁteri.

552 2048 691 2117 Quid
716 2047 886 2118 ergo?
915 2046 1242 2101 POSthabitis
1263 2087 1276 2110 ,
1305 2045 1610 2116 spretisque
1642 2056 1717 2100 tot
1738 2054 1792 2100 et
1820 2046 1998 2112 tantis,
2031 2061 2150 2116 quas

560 2144 662 2196 huc
710 2155 879 2210 usque
924 2155 992 2194 ex
1034 2138 1291 2208 primarva
1320 2137 1639 2207 antiquitate
1679 2147 1732 2192 et
1764 2137 2032 2207 praecipue
2085 2152 2152 2192 ex

556 2233 857 2304 Augustino
895 2229 1330 2300 deprompsimus
1365 2229 1714 2295 testimoniis,
1753 2238 1930 2298 spreta
1967 2228 2152 2284 itidem

555 2324 827 2380 communi
867 2322 1144 2378 Gallorum
1195 2321 1521 2388 scriptorum
1566 2334 1629 2374 ac
1676 2319 2046 2391 theologorum
2087 2320 2156 2376 de

557 2419 657 2472 hac
683 2431 741 2472 re
776 2415 1042 2472 sententia
1062 2457 1076 2479 ,
1105 2414 1192 2467 vix
1222 2413 1363 2467 natis
1389 2411 1580 2467 horum
1623 2427 1914 2482 paucorum
1946 2413 2158 2482 placitis

558 2508 706 2565 omni
739 2505 1207 2562 verisimilitudine
1232 2505 1394 2560 etiam
1422 2504 1696 2559 destitutis
1721 2503 2160 2560 subscribemus?

561 2601 734 2667 Absit,
757 2601 802 2656 si
832 2598 1079 2655 homines
1109 2612 1318 2662 sumus,
1338 2597 1382 2651 si
1408 2597 1853 2668 qualemcumque
1869 2598 2156 2665 rationem,

563 2697 609 2751 si
640 2709 858 2750 sensum
888 2693 1150 2748 habemus
1173 2693 1486 2746 humanum.

634 2786 896 2857 Equidem
927 2784 1059 2839 satis
1099 2783 1284 2838 mirari
1329 2799 1435 2838 non
1464 2798 1685 2854 possunt
1727 2783 1887 2839 talem
1933 2784 2000 2839 ab
2041 2784 2160 2839 istis

567 2881 962 2939 recentioribus
988 2879 1056 2934 de
1077 2877 1347 2950 Cypriane
1369 2878 1495 2948 litigi
1535 2893 1598 2934 ac
1638 2878 1900 2933 venditari
1928 2878 2165 2947 potuisse

567 2974 960 3044 ignorantiam,
1027 2971 1253 3026 istorum
1315 2969 1458 3025 enim
1516 2985 1677 3025 neruo
1736 2969 2054 3041 profundam
2109 2971 2163 3024 in

570 3065 734 3122 rebus
777 3063 1159 3119 ecclesiasticis
1200 3061 1454 3133 Cypriani
1486 3061 1846 3118 eruditionem
1891 3062 2163 3118 vividiori-

2253 1859 2612 1930 Augustinus:
2655 1878 2674 1911 ‹
2709 1858 3087 1913 Verumtamen
3131 1877 3148 1908 ι
3182 1858 3352 1927 inquit
3384 1857 3480 1911 lib.
3506 1874 3584 1922 tu,
3606 1856 3678 1913 de
3698 1857 3871 1926 Bapt.

2254 1969 2373 2024 cap.
2408 1954 2464 2018 5,
2502 1972 2521 2004 ‹
2555 1969 2671 2020 quae
2695 1953 2894 2007 soleret
2923 1967 3042 2006 esse
3066 1949 3329 2005 Ecclesirc
3357 1951 3708 2005 consuetudo
3738 1949 3872 2006 satis

2257 2047 2398 2101 idem
2423 2045 2727 2118 Cyprianus
2755 2044 3027 2110 ostendit,
3059 2045 3150 2114 qui
3181 2043 3254 2098 ait
3297 2043 3350 2097 in
3401 2046 3756 2112 przeteritum
3806 2044 3872 2098 de

2258 2139 2447 2194 hmresi
2486 2139 2552 2193 ad
2598 2138 2894 2194 Ecclesiam
2943 2137 3221 2193 venientes
3272 2137 3388 2190 sine
3443 2135 3740 2206 Baptismo
3787 2137 3875 2190 ad-

2259 2231 2472 2287 missos.
2509 2251 2525 2282 ι
2557 2231 2622 2285 Et
2666 2230 2758 2286 lib.
2791 2248 2845 2296 v,
2894 2246 3014 2301 cap.
3069 2231 3157 2284 17.
3209 2246 3227 2280 ‹
3259 2229 3537 2301 Cypriano
3564 2232 3750 2284 visum
3795 2239 3877 2285 est

2259 2324 2415 2379 aliter
2468 2323 2840 2394 suscipiendos
2891 2323 2958 2378 ab
3010 2322 3278 2377 haereticis
3338 2322 3670 2388 venientes,
3724 2339 3880 2393 quam

2263 2417 2344 2471 vel
2390 2417 2444 2471 in
2474 2417 2805 2487 pra-teritum
2835 2416 3268 2486 suscipiebantur
3295 2415 3436 2470 sicut
3470 2415 3596 2484 ipse
3624 2425 3881 2486 testatur,

2265 2511 2347 2566 vel
2405 2526 2547 2565 nunc
2591 2511 2962 2580 suscipiuntur
2996 2527 3009 2562 :
3042 2531 3060 2563 ι
3093 2518 3147 2566 et
3166 2524 3287 2579 cap.
3326 2510 3393 2566 l9
3427 2529 3439 2564 :
3479 2529 3500 2564 ι
3552 2522 3610 2567 et
3669 2512 3794 2568 ideo
3838 2514 3885 2566 si

2264 2615 2417 2660 vetus
2444 2604 2560 2661 htec
2587 2615 2702 2660 erat
2731 2605 3070 2661 consuetudo
3091 2648 3105 2671 ,
3151 2614 3208 2659 ut
3237 2605 3304 2659 ab
3333 2603 3612 2660 haereticis
3646 2608 3867 2661 venien-

2268 2707 2349 2752 tes
2381 2698 2434 2751 in
2460 2696 2650 2752 eodem
2681 2695 2882 2751 Christi
2925 2697 3200 2768 Baptismo
3246 2713 3406 2766 quem
3462 2696 3605 2752 foris
3659 2714 3878 2769 accepe-

2269 2801 2390 2846 rant
2429 2791 2865 2862 susciperentur,
2896 2790 3039 2862 quod
3083 2806 3182 2846 nec
3215 2790 3316 2861 ipsi
3345 2791 3437 2861 qui
3460 2802 3660 2845 contra
3707 2792 3879 2848 disse-

2269 2884 2461 2939 rebant
2511 2881 2858 2955 (Cyprianus
2898 2893 2953 2938 et
3006 2883 3148 2952 alii)
3207 2897 3411 2952 negare
3477 2893 3799 2952 potuerunt.
3861 2903 3880 2936 ›

2273 2975 2340 3032 Et
2367 2976 2419 3031 in
2450 2975 2622 3046 Epist.
2657 2975 2725 3030 ad
2768 2974 3108 3030 Vincentium
3142 2974 3475 3045 ltogatistam
3509 2974 3612 3039 93,
3644 2991 3739 3044 cap
3764 2975 3874 3029 i0:

2278 3088 2295 3120 ‹
2331 3069 2373 3123 si
2405 3068 2547 3122 enim
2578 3069 2928 3123 Sacramenta
2978 3082 3099 3123 cum
3146 3067 3526 3137 peccatoribus
3575 3067 3881 3122 communi-

572 3159 671 3213 bus
698 3156 943 3226 depinxit
970 3155 1244 3210 coloribus
1284 3155 1585 3225 majorique
1613 3156 1844 3225 strepitu
1882 3171 1944 3211 ac
1970 3165 2165 3212 conatu
2193 3161 2238 3224 C
2272 3162 2466 3228 cando,
2500 3161 2640 3216 sicut
2672 3163 2892 3234 putatis,
2929 3161 3083 3232 periit
3113 3159 3391 3226 Ecclesia,
3426 3177 3547 3232 qua:
3589 3164 3774 3218 fuerat
3827 3164 3886 3218 in

571 3247 884 3305 ostentavit.
932 3247 1014 3302 Ad
1061 3248 1208 3301 illam
1255 3247 1622 3303 extollendam
1664 3248 1981 3304 inexhausta
2032 3264 2172 3318 pene
2275 3253 2406 3308 orbe
2451 3262 2714 3307 terrarum
2759 3252 2870 3324 jam
2915 3253 3061 3323 prius
3109 3262 3218 3306 tota
3263 3253 3515 3322 perierat,
3563 3267 3692 3307 cum
3744 3255 3900 3309 sicut

573 3343 783 3398 diceres
809 3340 990 3395 omnia
1031 3355 1366 3395 summorum
1409 3341 1763 3407 Pontiﬁcum,
1794 3343 2170 3410 conciliorum,
2278 3354 2406 3408 dicit
2425 3352 2728 3424 Cyprianus
2758 3353 2808 3407 in
2840 3368 2962 3408 eam
2987 3352 3105 3408 sine
3131 3351 3399 3422 Baptismo
3421 3349 3900 3420 admittebantur,

577 3437 677 3495 SS.
707 3437 925 3492 Patrum
949 3476 962 3499 ,
1007 3433 1386 3489 historicorum
1410 3475 1426 3501 ,
1476 3444 1754 3505 poetarum
1784 3446 2174 3504 monumenta;
2279 3462 2342 3502 ac
2373 3449 2449 3502 sic
2475 3461 2576 3501 nec
2607 3447 2722 3517 ipse
2763 3445 3067 3518 Cyprianus
3107 3445 3346 3501 habebat
3385 3445 3436 3499 in
3476 3459 3579 3515 qua
3619 3443 3907 3502 Ecdes‘m

576 3545 789 3585 sacrum
820 3539 874 3584 et
900 3527 1180 3598 profanum
1203 3570 1216 3595 ,
1245 3530 1422 3583 omnia
1453 3528 1690 3600 undique
1735 3530 1954 3602 qumsita
1976 3573 1990 3597 ,
2023 3547 2174 3587 arre-
2282 3552 2618 3597 nasceretur,
2657 3559 2675 3593 ι

581 3633 693 3694 pta,
725 3624 918 3688 citata;
978 3631 1057 3676 tot
1104 3623 1378 3678 laboribus
1407 3623 1474 3679 ad
1504 3624 1875 3681 illustrandam
1917 3636 1971 3682 et
2010 3627 2177 3682 mani-
2356 3635 2649 3703 Prmtcrea,
2675 3645 2732 3689 ut
2754 3650 2913 3705 supra
2940 3635 3190 3700 vidimus,
3211 3633 3516 3708 Cyprianus
3539 3636 3904 3707 agnoscebat,

583 3718 880 3774 festaudam
913 3717 1169 3788 Cypriani
1211 3716 1514 3772 doctrinam
1545 3721 1866 3784 exantlatis,
1910 3721 2031 3791 quis
2060 3735 2180 3777 cre-
2284 3738 2339 3784 et
2364 3727 2722 3784 conﬁtebatur
2751 3743 2870 3797 qua:
2914 3728 3016 3800 ipsi
3043 3728 3421 3799 opponebatur
3456 3726 3731 3782 Ecclesia:
3769 3742 3910 3784 con-

583 3809 772 3863 deret?
816 3807 1143 3879 Cyprianum
1185 3809 1333 3864 illius
1376 3811 1620 3880 ignarum
1675 3814 2022 3881 pronuntiant
2074 3813 2178 3868 Ec-
2286 3821 2645 3880 suetudinem.
2677 3821 2845 3876 Porro
2866 3818 3136 3892 Cypriane
3166 3819 3529 3890 objiciebatur
3556 3835 3670 3874 non
3692 3828 3909 3873 tantum

580 3904 758 3958 clesite
786 3902 1213 3967 consuetudinis,
1238 3920 1357 3973 quae
1386 3905 1513 3974 ipsis
1537 3904 1832 3962 fatentibus
1855 3909 2179 3978 praecipuum
2287 3931 2406 3986 quae
2454 3922 2581 3968 tunc
2625 3913 2887 3984 temporis
2919 3913 3169 3984 vigebat,
3219 3911 3315 3968 sed
3363 3913 3529 3966 etiam
3581 3912 3910 3981 prceterita,

588 3995 710 4050 ﬁdei
743 4004 943 4049 nostra!
973 3995 1164 4066 dogma
1197 3998 1680 4068 complectebatur.
1731 4001 1806 4055 En
1859 4009 1937 4056 tot
1983 4002 2049 4058 de
2078 4001 2182 4075 Cy-
2288 4015 2343 4060 et
2364 4004 2583 4075 antiqua
2607 4003 2863 4059 Ecclesite
2891 4003 3229 4060 consuetudo
3249 4046 3264 4072 ,
3293 4015 3351 4058 ut
3382 4014 3533 4075 patet
3561 4021 3632 4058 ex
3664 4004 3912 4060 lenibus

589 4088 761 4157 priani
789 4087 1035 4142 doctrina
1065 4091 1457 4157 praeconiorum
1499 4091 1834 4162 inexpectata
1866 4095 2180 4152 conclusio:
2290 4099 2497 4162 allatis,
2531 4113 2594 4153 ac
2637 4113 2704 4152 ex
2737 4098 2804 4151 iis
2834 4097 3086 4169 Cypriani
3121 4099 3303 4152 verbis
3334 4096 3399 4151 ad
3446 4095 3714 4152 Jubaian.
3772 4097 3920 4152 scri-

587 4183 884 4253 Cypriauus
917 4182 1199 4251 ignorabat
1247 4183 1505 4239 Ecclesia:
1535 4186 2014 4255 consuetudinem,
2067 4205 2187 4258 qua:

591 4275 917 4344 pr.t-cipttutn
951 4273 1071 4327 ﬁdei
1103 4283 1303 4329 nostrae
1328 4285 1489 4344 caput
1519 4278 1812 4346 spectabat.
1867 4280 1957 4334 Sic
1997 4282 2189 4336 doctus

591 4374 645 4419 et
693 4365 945 4434 ignarus,
1001 4364 1246 4419 oculatus
1286 4378 1342 4420 et
1393 4366 1616 4422 obtusus
1644 4368 1710 4423 ad
1744 4355 1971 4425 istorum
2001 4382 2188 4427 nutum

589 4454 921 4526 Cyprianus,
969 4456 1404 4521 oculatissitnus,
1461 4467 1521 4513 ut
1567 4475 1765 4530 paucos
1795 4462 1896 4516 sibi
1948 4461 2190 4522 faventes

2294 4190 2489 4246 bentis.
2525 4211 2543 4243 ι
2583 4189 2688 4246 Sed
2721 4190 2851 4245 dicit
2879 4191 3072 4261 aliquis
3104 4190 3230 4261 qttid
3260 4205 3390 4261 ergo
3439 4191 3532 4245 ﬁet
3583 4190 3660 4244 de
3709 4189 3779 4245 iis
3825 4192 3921 4262 qui

2294 4283 2346 4336 in
2379 4283 2709 4352 praeteritum
2729 4281 2797 4337 de
2828 4282 3016 4337 haeresi
3040 4281 3105 4336 ad
3133 4280 3432 4336 Ecclesiam
3459 4280 3764 4337 venientes
3799 4283 3924 4338 sine

2295 4374 2568 4444 Baptismo
2597 4375 2817 4430 admissi
2862 4375 3023 4429 sunt?
3073 4374 3273 4429 Potens
3310 4383 3394 4428 est
3431 4373 3705 4429 Dominus
3751 4377 3927 4431 mise-

2297 4465 2529 4521 ricordia
2564 4482 2656 4522 sua
2688 4465 3075 4535 indulgentiam
3103 4464 3256 4533 dare,
3283 4474 3338 4520 et
3366 4481 3459 4520 eos
3489 4466 3583 4536 qui
3614 4467 3692 4522 ad
3723 4466 3926 4523 Eccle-

591 4549 877 4619 episcopos
898 4559 1176 4619 agnoscat,
1205 4550 1587 4607 obtusissimus
1628 4564 1684 4607 ut
1727 4554 2044 4610 innumeros
2088 4558 2191 4613 sibi
2217 4561 2270 4621 Ι)
2298 4559 2430 4614 siam
2455 4561 2776 4631 simpliciter
2806 4561 3028 4617 admissi
3081 4573 3205 4616 sunt
3252 4563 3308 4617 in
3364 4560 3610 4616 Ecclesia
3668 4562 3926 4617 dormie-

593 4639 850 4694 adversos
882 4641 1126 4710 ignoret;
1159 4642 1224 4696 ad
1261 4643 1589 4714 indagandos
1633 4647 1870 4701 asseclas
1924 4649 2194 4720 Cypriane

599 4743 810 4800 tempus
855 4734 1065 4788 abunde
1095 4736 1482 4805 suppeditatur,
1529 4738 1595 4794 ad
1641 4739 1973 4810 detegendos
2015 4754 2192 4798 autem

599 4828 1320 4900 adversariosdecennium,
1373 4849 1480 4904 quo
1525 4834 2001 4906 (Iarthaginensem
2059 4841 2199 4894 rexit

600 4920 895 4976 Ecclesium
922 4922 1171 4979 sufﬁcere
1196 4941 1299 4980 non
1331 4927 1537 4996 potuit;
1567 4929 1646 4982 sic
1671 4930 1882 4983 inanem
1913 4931 2195 5001 caliginem

601 5013 899 5084 perspicuis
951 5016 1114 5071 rebus
1161 5027 1454 5088 aspergunt
1504 5018 1784 5089 homines,
1835 5021 1979 5094 digni
2031 5037 2196 5091 sane,

601 5106 693 5174 qui
715 5110 1064 5176 experiantur
1093 5109 1328 5165 absurda
1379 5127 1607 5184 quaeque
1647 5125 1701 5170 et
1746 5114 1956 5171 ultitna.
1986 5115 2198 5174 Nostris

604 5214 734 5270 ergo
797 5203 987 5257 naenia:
1047 5205 1157 5272 jam
1223 5207 1419 5262 cedant
1471 5212 1830 5281 argumentis,
1890 5213 2200 5283 semotique

605 5305 794 5349 omnes
862 5297 1100 5352 veridico
1163 5313 1259 5354 ore
1322 5300 1564 5358 dicamus
1620 5305 1948 5374 Cyprianum
2034 5310 2202 5377 probe

605 5386 822 5443 novisse
844 5405 1003 5459 qualn
1030 5391 1341 5461 Stephanus
1376 5394 1439 5448 Β.
1469 5395 1528 5450 Ρ.
1562 5397 1866 5453 vindicabat
1919 5399 2204 5458 ltmreticos

677 5567 757 5630 tl)
790 5565 844 5622 In
875 5568 965 5623 lib.
1000 5572 1222 5642 aliquot.
1255 5586 1474 5646 qua-5L,
1510 5587 1546 5632 t.
1576 5593 1667 5640 vn,
1699 5594 1751 5649 p.
1781 5578 1907 5636 289.

2297 4664 2456 4720 runt,
2512 4655 2578 4708 ab
2630 4653 2888 4709 Ecclesia:
2945 4671 3057 4709 sure
3105 4654 3422 4708 muneribus
3472 4669 3580 4708 non
3629 4670 3927 4726 separare.

2298 4747 2416 4802 Non
2446 4759 2624 4804 tamen
2659 4749 2781 4820 quia
2805 4748 3097 4818 aliquando
3126 4757 3367 4804 erratum
3397 4758 3503 4815 est,
3529 4747 3662 4804 ideo
3696 4764 3929 4822 semper

2301 4843 2590 4896 errandum
2622 4854 2725 4896 est.
2768 4862 2786 4894 ι

2376 4935 2451 4990 Ex
2483 4936 2675 5004 quibus
2698 4936 2952 4991 omnibus
2981 4944 3195 4993 constat
3219 4937 3279 4993 S.
3300 4937 3636 5010 Cyprianum
3670 4942 3935 5010 apprime

2305 5027 2516 5080 novisse
2546 5027 2991 5083 consuetudinem
3041 5030 3327 5085 hmreticos
3375 5047 3480 5084 non
3533 5029 3936 5102 rebaptizandi

2304 5127 2416 5172 tum
2451 5118 2562 5172 suis
2583 5161 2597 5183 ,
2633 5128 2742 5173 tttm
2778 5121 3070 5189 praeteritis
3113 5121 3448 5192 temporibus
3479 5120 3657 5178 fuisse
3689 5140 3938 5182 consue-

2307 5211 2542 5266 tudinem
2573 5212 2854 5278 Ecclesim,
2883 5212 3022 5267 haud
3043 5215 3320 5284 ignorasse
3347 5214 3402 5269 S.
3430 5214 3734 5271 Ductorem
3768 5234 3806 5272 a
3825 5220 3942 5276 Ste-

2307 5306 2486 5374 phano
2510 5305 2666 5358 Rom.
2698 5307 2950 5376 pontiﬁce
2984 5317 3038 5362 et
3065 5323 3092 5360 a
3117 5309 3275 5379 longe
3303 5308 3492 5377 majori
3518 5309 3941 5383 Episcoporum

2308 5409 2461 5468 parte
2508 5407 2632 5452 tunc
2677 5401 2938 5469 temporis
2971 5416 3088 5455 eam
3123 5401 3351 5476 servari,
3381 5417 3444 5458 ac
3488 5404 3819 5475 antiquitus
3841 5453 3856 5474 ,
3891 5408 3944 5463 id

2307 5500 2390 5544 est
2409 5500 2535 5545 ante
2559 5492 2913 5561 Agrippinum
2951 5492 3019 5548 ab
3045 5495 3299 5551 omnibus
3325 5494 3613 5567 Episc0pis
3648 5511 3946 5557 servatam

2298 5583 2482 5639 fuisse.
