4208 6276
334 297 474 355 1557

789 440 1653 457 ———-————-—_.—_—-c

381 483 2231 500 .—~——————~_————o—_\——.—-——-“-—m——-_——o
2260 493 2328 500 ι..-

960 485 1345 495 ———-——.——_

1776 490 2246 500 -.—.--—..——-.———.-
2260 493 2328 500 ι..-

816 654 1345 803 ΒΙΝᾸΕ
1444 657 2922 814 DISSERTATION
2931 665 3163 813 ES

1773 302 2162 359 PRIEE‘ATIO.

3497 317 3516 368 1
3532 316 3635 371 558

1529 967 1660 1097 DE
1730 968 2388 1118 FlliMlLlANl).

327 1276 619 1324 AUCTORE
644 1280 706 1323 ιτ.
740 1278 1146 1325 MARCELLINO
1175 1280 1617 1327 MOLxENBUHa
1658 1266 1743 1349 (1)
1778 1288 1838 1331 ο.
1887 1288 1939 1331 s.
1996 1287 2058 1330 F.
2107 1286 2500 1333 STRICTIORIS
2562 1287 3045 1352 oesenvaurm,
3107 1292 3193 1339 ss.
3254 1296 3636 1347 THEOLOGLB

1671 1434 1938 1479 ιεοτοιι.
1971 1434 2304 1482 JUBILATO.

1020 1617 2953 1662 ψ

1473 1840 2499 2013 PR/EFATIO.

412 2129 722 2198 Postquam,
749 2139 891 2180 anno
916 2122 1075 2195 1788,
1107 2122 1175 2178 de
1212 2121 1499 2179 Cathedris
1526 2123 1666 2179 Petri
1692 2124 1933 2182 Romana
1961 2132 2015 2189 A
2040 2129 2297 2184 nonnulla
2326 2144 2487 2199 Opera
2508 2145 2627 2202 quae
2654 2132 2888 2205 antiquis
2908 2135 3213 2194 auctoribus
3239 2136 3641 2208 adscribuntur,

339 2232 394 2281 et
442 2219 839 2289 Anthiochena,
887 2233 949 2272 ac
995 2216 1183 2287 primis
1231 2217 1291 2272 8.
1341 2216 1489 2272 Petri
1538 2219 1942 2273 successoribus

344 2314 496 2369 binas
526 2313 925 2384 publicaveram
954 2309 1386 2377 dissertationes,
1423 2324 1527 2363 non
1559 2310 1763 2364 cessavi
1792 2319 1943 2365 vete-

346 2426 469 2465 rum
498 2408 594 2465 SS.
628 2407 847 2463 Patrum
890 2416 944 2463 et
987 2404 1365 2460 historicorum
1401 2418 1567 2476 opera
1605 2402 1753 2457 horis
1781 2403 1946 2458 inter-

348 2505 495 2573 cisis,
543 2518 673 2574 quas
723 2502 937 2573 negotia
980 2500 1368 2571 permittebant
1401 2499 1598 2558 liberas
1640 2497 1948 2575 diligentius

349 2598 683 2675 pervolvere,
716 2612 778 2650 ac
808 2596 996 2675 critice
1018 2603 1072 2649 et
1100 2596 1356 2650 attentius
1382 2592 1690 2663 expendere
1725 2602 1778 2647 et
1815 2592 1950 2646 ulte-

346 2693 458 2747 rius
502 2689 774 2761 inquirere
818 2674 907 2742 an.
939 2687 1119 2743 forsan
1152 2703 1252 2759 ego
1298 2687 1413 2758 ipse
1453 2695 1640 2742 contra
1685 2692 1949 2740 assertam

348 2800 523 2841 meam
556 2782 865 2853 Opinionem
902 2800 914 2834 :
969 2800 987 2832 ι
1020 2779 1164 2852 quod
1195 2780 1387 2834 Petrus
1427 2793 1718 2851 numquam
1748 2776 1954 2833 sederit

352 2876 649 2935 Antiochiae
672 2873 774 2947 (2),
808 2892 825 2924 ι
861 2872 1065 2943 aliquid
1092 2871 1247 2926 solidi
1270 2870 1525 2943 detegere
1548 2870 1835 2942 potuerim,
1865 2885 1954 2939 pa-

354 2980 521 3037 ratus,
545 2969 589 3023 si
621 2966 962 3033 erravissem,
995 2964 1199 3035 primus
1230 2963 1445 3035 publice
1478 2978 1655 3018 meam
1698 2976 1957 3020 revocare

356 3061 705 3118 sententiam.

429 3156 526 3209 Ast
556 3160 759 3206 tantum
815 3150 968 3205 abest
1016 3156 1072 3203 ut
1111 3147 1400 3220 quidquam
1438 3146 1577 3219 quod
1621 3147 1756 3201 meis
1785 3161 1958 3202 asser-

361 3245 595 3301 tionibus
636 3232 919 3297 advcrsum
960 3250 1127 3310 esset,
1173 3256 1343 3311 usque
1389 3238 1494 3295 huc
1537 3240 1872 3305 detexerim,
1906 3246 1965 3293 ut

361 3340 537 3411 potius
558 3338 610 3393 in
646 3337 780 3392 meis
803 3334 1071 3406 prioribus
1094 3335 1462 3406 Opinionihus,
1498 3335 1659 3390 etiam
1690 3334 1794 3388 illis
1821 3333 1964 3388 circa

360 3430 619 3502 Cepham,
651 3430 792 3485 circa
816 3428 1019 3500 jejunia
1045 3436 1098 3483 et
1122 3428 1491 3495 labstinentias
1531 3428 1582 3482 in
1608 3427 1723 3482 dies
1753 3441 1967 3497 semper

2044 2235 2111 2274 ex
2139 2222 2380 2289 pluribus
2420 2222 2631 2278 indiciis
2657 2227 2999 2296 cognoverim
3040 2244 3161 2285 esse
3188 2235 3488 2302 respective
3519 2250 3654 2306 sup-

2048 2314 2307 2384 posititia,
2341 2318 2423 2371 vel
2459 2318 2641 2372 mutila
2668 2361 2681 2384 ,
2708 2321 2795 2375 vel
2823 2322 3165 2395 interpolata,
3196 2335 3251 2382 et
3275 2328 3493 2399 quidem
3525 2330 3652 2386 talia

2048 2421 2230 2476 opera,
2277 2424 2345 2465 ex
2374 2410 2570 2480 quibus
2605 2414 2942 2483 gravissima:
2980 2426 3034 2472 et
3062 2418 3481 2477 iutricatissimze
3502 2438 3651 2478 con—

2053 2500 2332 2555 troversia:
2374 2500 2525 2557 fuere
2552 2514 2724 2559 enata:
2772 2523 2877 2561 non
2921 2508 3096 2565 minus
3128 2512 3178 2565 in
3224 2511 3492 2584 theologia
3520 2514 3653 2587 dog-

2053 2592 2281 2663 matica,
2316 2610 2475 2665 quam
2523 2596 2743 2653 historia
2782 2609 2835 2654 et
2872 2600 3217 2675 chronologia
3262 2608 3650 2676 ecclesiastica,

2055 2701 2154 2740 nec
2183 2701 2289 2740 non
2329 2688 2624 2759 patrologia
2656 2691 2932 2762 signanter
2958 2703 3189 2764 quatuor
3216 2697 3510 2767 primorum
3535 2716 3659 2771 sae—v

2056 2780 2322 2835 culorum.
2373 2780 2490 2836 Non
2542 2798 2759 2853 possum
2802 2802 2909 2841 non
2958 2802 3106 2849 meas
3153 2789 3206 2845 in
3248 2805 3307 2845 rc
3338 2800 3443 2846 tam
3489 2792 3660 2848 ardua

2058 2873 2413 2942 cogitationes
2442 2876 2632 2947 publici
2651 2878 2788 2947 juris
2813 2878 3008 2936 facere.

2028 3022 2035 3027 ,
2130 2965 2341 3021 Initium
2388 2968 2525 3023 facio
2566 2971 2635 3025 ab
2678 2969 2915 3041 Epistola
2966 2972 3291 3031 Firmiliano
3342 2975 3615 3048 adscripta
3644 3021 3661 3048 ,

2060 3073 2179 3130 quae
2207 3075 2271 3114 ex
2301 3063 2569 3117 universis
2595 3079 2713 3134 quae
2744 3074 2957 3121 exstant
2987 3067 3135 3123 inter
3160 3067 3511 3141 Cyprianicas
3533 3114 3548 3138 ,
3584 3082 3671 3129 est

2062 3152 2300 3233 omnium
2330 3154 2697 3212 celeberrima.
2748 3157 2998 3214 Proximo
3029 3168 3269 3233 tempore
3296 3170 3349 3218 et
3381 3163 3660 3234 Epistolas

2067 3242 2122 3299 8.
2156 3243 2334 3301 Basilii
2383 3246 2452 3301 Μ.
2489 3249 2775 3304 canonicas
2810 3250 3018 3322 aliaque
3042 3252 3160 3322 ejus
3187 3269 3351 3323 opera
3374 3297 3389 3321 ,
3430 3257 3664 3313 concilia

2068 3337 2453 3394 Eliberitanum
2477 3383 2491 3407 ,
2534 3341 2881 3414 Ancyranum
2912 3385 2927 3409 ,
2992 3344 3429 3404 Neocaesariense
3454 3390 3469 3417 ,
3523 3349 3669 3406 Gan-

2068 3445 2294 3500 grense,
2327 3432 2689 3489 Laodicenum
2732 3437 2859 3490 crisi
2892 3437 3191 3509 subjiciam.
3228 3440 3471 3513 Denique
3499 3452 3553 3497 et
3580 3460 3669 3498 os-
3720 3434 3727 3441 ’

364 3525 531 3596 magis
560 3532 617 3579 et
656 3522 827 3592 magis
856 3521 1208 3576 confirmatus
1257 3518 1485 3585 fuerim;
1534 3520 1699 3574 immo
1745 3534 1866 3573 cum
1900 3519 1968 3573 li-
1996 3529 2042 3588 Β
2074 3522 2287 3578 tendam
2314 3525 2529 3582 Eusebii
2556 3525 2907 3583 Caesariensis
2935 3530 3213 3588 historiam
3241 3534 3667 3590 ecclesiasticam

364 3616 494 3672 bros
518 3615 851 3685 antiquiores
890 3613 1118 3669 ulterius
1148 3612 1506 3683 pervolverim
1532 3652 1546 3677 ,
1598 3626 1740 3690 nunc
1769 3619 1962 3682 praeter

367 3708 674 3781 opinionem
705 3720 877 3760 meam
923 3715 978 3761 et
1022 3704 1522 3775 exspectationem,
1555 3716 1621 3757 eo
1670 3700 1872 3758 deveni
1908 3708 1966 3756 ut

444 3845 519 3915 (l)
568 3845 727 3907 Binas
757 3841 1177 3915 Dissertationes
1197 3836 1965 3915 Monasteriij’Vestphalorum

373 3907 609 3975 179όὶιι
665 3915 721 3969 4°
760 3914 929 3969 edidit
979 3914 1058 3966 vir
1115 3910 1449 3966 clarissimus
1505 3908 1566 3965 F.
1627 3907 1969 3963 Marcellinus

372 3986 730 4044 Molkenbuhr
772 3986 978 4039 ordinis
1019 3983 1077 4038 8.
1126 3982 1399 4037 Franclsci
1442 3980 1725 4035 strictioris
1783 3980 1971 4032 obser-

374 4060 566 4117 vantim
608 4058 707 4112 88.
758 4056 1068 4125 Τιιεοιοςὶίιε
1120 4055 1290 4109 lector
1332 4052 1626 4122 jubilatns,
1670 4050 1972 4106 Provincire

373 4131 619 4193 Samnite
649 4130 708 4185 S.
740 4128 931 4183 Crucis
961 4124 1198 4181 Minister
1225 4124 1467 4185 actualis.
1495 4138 1719 4193 quarum
1741 4134 1974 4193 sequens

378 4191 561 4259 titulus
594 4219 605 4254 :
645 4200 790 4255 Bina:
812 4196 1235 4259 Dissertationes;
1256 4196 1309 4259 1,
1342 4194 1418 4249 De
1450 4191 1836 4249 S.’Firmiliani
1865 4191 1974 4246 ϐω-

378 4274 617 4329 sariensis
651 4273 704 4326 in
748 4270 1078 4340 Cappadocia
1118 4268 1354 4340 episcopi
1378 4266 1613 4340 Epistola
1651 4266 1720 4317 ad
1762 4264 1822 4319 S.
1855 4262 1973 4317 Ste-

381 4347 629 4414 phanum,
656 4336 871 4414 aliisqué
898 4343 1007 4414 eius
1036 4336 1299 4414 operibat;
1332 4337 1414 4414 Il,
1448 4336 1527 4414 De
1555 4352 1690 4389 anno
1718 4351 1815 4406 quo
1833 4350 1976 4414 mor-

382 4406 499 4471 iuus
543 4406 691 4483 fuerit
740 4406 1097 4474 Firmilianui,
1127 4426 1216 4465 seu
1260 4408 1456 4483 Paulus
1488 4409 1877 4473 Samosatenus,
1922 4406 1979 4458 in

381 4482 925 4559 syngodo‘Antiocltena
952 4483 1106 4559 fuerit
1134 4482 1518 4559 condemnatus.

455 4557 633 4611 Titulo
662 4547 962 4622 Subjunxit'
985 4557 1037 4608 in
1067 4553 1254 4622 pagina
1292 4551 1462 4605 altera
1484 4593 1497 4617 ,
1530 4567 1594 4603 ex
1630 4548 1871 4619 Epistula
1912 4547 1983 4603 92

384 4594 969 4697 ad‘vixt;.:;:”a‘:.gaz,
987 4594 1515 4701 ’ίίςιςέξῖλιῖεῖῑειῑιῃ
1544 4594 1706 4701 ...υς
1734 4639 1745 4673 ε

459 4718 478 4754 ι
512 4693 862 4769 Quamquam
883 4714 988 4753 non
1017 4696 1194 4769 desint
1219 4696 1309 4765 qui
1341 4700 1442 4769 hoc
1468 4693 1794 4769 Cyprianum
1825 4707 1981 4769 pror-

384 4787 479 4827 sus
503 4763 612 4829 non
651 4763 888 4827 sensisse
929 4763 1291 4834 contendant,
1325 4765 1419 4821 sed
1459 4763 1558 4819 sub
1604 4764 1721 4833 eius
1766 4763 1985 4819 nomine

386 4858 417 4897 a
456 4842 934 4913 prmsumptoribus
979 4850 1139 4911 atque
1196 4836 1547 4893 mendacibus
1590 4834 1756 4891 fuisse
1811 4834 1983 4889 confi-

390 4925 556 4968 ctum.
592 4933 610 4967 ι

462 4985 671 5055 Scopus
708 4980 1466 5055 clarissimi‘auctoris_est_in
1513 4980 1683 5055 prima
1724 4977 1983 5055 disserta-

393 5047 715 5127 tionefpost
744 5056 930 5111 inanes
957 5053 1245 5127 Christiani
1274 5050 1407 5127 Lupi
1437 5058 1499 5127 et_
1522 5047 1985 5127 Baymuﬁudimbfis-

393 5128 522 5182 sorii
547 5118 822 5190 conatus,
864 5126 1041 5179 denuo
1068 5118 1373 5178 verosimile
1407 5118 1637 5177 reddere
1664 5138 1681 5171 ι
1716 5120 1772 5175 8.
1798 5118 1990 5173 Firmi-

396 5200 519 5254 Iiani
553 5199 845 5270 Epistulam
885 5196 949 5270 ad
978 5195 1305 5270 Cyprianum
1335 5193 1687 5270 (probabilius
1716 5201 1797 5270 est
1836 5204 1989 5245 error

398 5262 714 5342 typographi
746 5262 1126 5342 Epistqlauiind
1157 5262 1509 5342 Stephanum,
1539 5262 1677 5316 hanc
1702 5264 1845 5342 enim
1880 5270 1989 5342 tota

397 5331 686 5411 a'n'tiqvuitas
712 5331 942 5411 ign-urat)
978 5358 994 5390 ι
1044 5338 1181 5391 haud
1206 5331 1492 5411 genuinam
1520 5348 1641 5411 esse
1664 5373 1677 5395 ,
1703 5332 1797 5387 sed
1829 5346 1859 5411 a
1885 5331 1990 5411 _Do-

402 5401 595 5469 natiita
635 5401 766 5467 Afro
806 5401 979 5465 eidem
1018 5401 1350 5480 suppositam
1379 5404 1582 5462 saeculo
1608 5420 1660 5470 v,
1692 5413 1747 5458 et
1771 5401 1990 5473 quidem

400 5483 838 5563 postAttgustini
867 5490 1131 5563 tempora.
1168 5480 1407 5563 Laurea.

479 5558 559 5632 (2)
586 5542 815 5632 ριῖιῃίηρ
847 5542 1007 5632 penes
1022 5553 1162 5632 hunc
1176 5560 1445 5630 auctorem
1475 5548 1544 5601 sit
1563 5562 1623 5632 ea
1655 5542 2001 5632 quamprofi:

409 5615 555 5686 tethr’
587 5627 654 5683 de
686 5627 744 5682 8.
780 5615 920 5679 Petri
953 5624 1290 5679 Antiocheno
1319 5624 1627 5689 episcopatu
1656 5620 1863 5689 ioptnio
1913 5615 2000 5670 cui

409 5698 720 5757 adlizerendi
766 5711 866 5753 nec
909 5695 1121 5751 czeteris
1170 5688 1520 5762 scriptoribus
1563 5688 1864 5753 catholicis,
1900 5699 2001 5742 nec

412 5774 567 5831 nobis
595 5772 805 5828 animus
833 5778 934 5825 est.
974 5768 1105 5822 Eoo.

2074 3618 2126 3672 in
2177 3628 2373 3689 puncto
2421 3621 2859 3694 rebaptizatiouis
2900 3632 2955 3679 et
3006 3628 3393 3681 controversiae
3432 3628 3671 3684 celeber-

2067 3709 2218 3765 rimze
2247 3710 2305 3767 S.
2333 3710 2662 3781 Stephanum
2693 3728 2881 3784 papam
2912 3716 3052 3771 inter
3076 3728 3130 3771 et
3159 3717 3217 3770 8.
3253 3716 3650 3787 Firmilianum,

2069 3820 2168 3860 nec
2200 3820 2302 3860 non
2340 3815 2395 3861 et
2422 3808 2689 3877 paschalis
2729 3809 3036 3865 celebrandi
3079 3810 3134 3865 8.
3169 3809 3445 3867 Victorem
3472 3828 3668 3884 papam

2070 3896 2210 3951 inter
2238 3906 2291 3952 et
2322 3897 2657 3968 Polycratem
2699 3915 2761 3954 ac
2809 3900 3070 3954 lrenmum
3110 3916 3232 3957 esse
3270 3903 3672 3972 interpolatam.

2076 3989 2241 4060 llujus
2264 3990 2481 4046 Eusebii
2504 3992 2693 4047 librum
2718 3993 3065 4062 inscriptum:
3094 3992 3207 4047 Vita
3230 3994 3551 4050 Constantini
3570 3996 3674 4062 Μ.,

2076 4082 2239 4137 fuisse
2266 4082 2569 4138 mutilatum
2592 4128 2604 4151 ,
2634 4085 2742 4154 jam
2774 4085 2907 4140 alias
2947 4086 3281 4147 subindicavi
3315 4086 3417 4158 (1).
3450 4088 3679 4144 Mentio-

2078 4192 2198 4231 nem
2270 4192 2482 4247 quoque
2539 4176 2726 4231 faciam
2794 4177 2861 4232 de
2937 4178 3259 4234 orthodoxia
3327 4179 3385 4234 8.
3446 4180 3670 4251 Dionysi

2078 4269 2449 4335 Alexandrini,
2482 4279 2535 4325 et
2561 4271 2702 4341 quod
2734 4272 2777 4325 is
2800 4287 3089 4341 numquam
3120 4274 3310 4329 faverit
3337 4273 3685 4343 rebaptizan-

2083 4363 2251 4429 tibus;
2303 4364 2522 4434 insuper
2548 4363 2691 4435 quod
2735 4364 2834 4419 hac
2865 4365 2917 4418 in
2959 4380 3120 4420 causa
3153 4366 3427 4436 catalogus
3466 4364 3524 4421 8.
3558 4365 3685 4421 Ilie-

2083 4456 2292 4528 ronymi
2318 4455 2386 4513 de
2423 4456 2561 4513 Viris
2582 4458 2885 4513 illustribus
2909 4459 3068 4514 fuerit
3102 4460 3239 4513 male
3267 4467 3575 4530 corruptus.
3607 4460 3684 4514 De

2083 4550 2327 4608 conciliis
2362 4551 2701 4621 Synnadensi
2738 4562 2791 4607 et
2819 4552 3104 4619 leoniensi,
3147 4552 3191 4605 si
3242 4552 3455 4622 negotia
3485 4548 3685 4622 permi;

2086 4650 2275 4715 serint,
2301 4664 2399 4704 suo
2430 4657 2669 4719 tempore
2694 4662 2800 4719 quo
2823 4657 2877 4702 et
2898 4647 3158 4719 epistolas
3188 4647 3245 4703 8.
3270 4646 3524 4719 Cypriani
3554 4663 3684 4703 exa-

2088 4742 2323 4811 minabo,
2372 4750 2765 4813 consequenter
2803 4748 2857 4795 et
2902 4740 3132 4796 concilia
3175 4739 3425 4795 Africana
3473 4757 3592 4811 qua:
3634 4741 3693 4797 in

2089 4853 2245 4893 causa
2276 4835 2714 4907 rcbaptizationis
2736 4842 2925 4890 contra
2953 4834 3321 4890 definitionem
3347 4834 3403 4889 S.
3430 4833 3692 4905 Stephani

2009 4917 2053 4981 (ἶ
2088 4948 2239 5005 papae
2267 4931 2535 4987 celebrata
2569 4930 2733 4985 fuisse
2762 4929 3036 4996 dicuntur,
3062 4925 3423 4998 attingam,et
3444 4928 3691 4996 reliqua;

2089 5040 2310 5095 campus
2348 5023 2714 5093 amplissimus
2746 5021 2981 5092 undique
3018 5022 3187 5091 spinis
3216 5020 3611 5090 circumseptus
3638 5025 3696 5075 et

2094 5122 2354 5176 consitus.

2165 5214 2314 5271 Nunc
2363 5212 2432 5268 de
2480 5212 2591 5267 sola
2640 5212 2697 5268 S.
2752 5209 3051 5266 Firmiliani
3092 5207 3331 5280 Epistula
3385 5206 3488 5280 (ἢ),
3544 5206 3701 5278 cujus

2167 5330 2246 5396 (1)
2284 5328 2390 5383 Sex
2417 5328 2744 5383 assertiones
2772 5325 2838 5380 de
2859 5326 3079 5394 jejuniis
3104 5334 3158 5379 et
3184 5324 3531 5396 abstinentiis
3560 5339 3699 5379 con-

2106 5411 2183 5453 tra
2235 5400 2565 5467 Theologum
2610 5397 2978 5467 Moguntinum
3036 5415 3048 5449 :
3112 5395 3507 5467 Paderbﬁornat,
3554 5409 3705 5467 anno

2106 5472 2266 5535 1785,
2302 5470 2329 5541 §
2362 5470 2431 5523 59
2447 5464 2538 5522 vel
2569 5464 3093 5541 seclisStreitsatze,
3128 5466 3437 5522 vermehrte
3459 5464 3703 5536 Auflagc.

2105 5539 2440 5597 Patierborn.
2474 5539 2685 5609 i786,§
2715 5539 2805 5609 597.

2180 5611 2259 5697 (2)
2277 5613 2455 5697 Sancti
2472 5611 2589 5695 titul
2597 5607 2681 5663 uni
2698 5608 2865 5697 .in‘h‘is
2880 5608 3347 5697 dissertationibus
3360 5624 3503 5697 srepe
3518 5607 3714 5677 saepius

2109 5679 2366 5753 episcopo
2394 5682 2711 5738 Cmsariensi
2746 5681 2951 5746 datum,
2973 5682 3033 5753 ei
3062 5681 3333 5753 concessit
3373 5679 3718 5753 quidettLec-

2107 5748 2266 5811 cl'esia
2280 5748 2463 5812 Graeca
2474 5798 2487 5824 ,
2503 5761 2814 5817 constanter
2827 5766 2957 5807 vero
2973 5751 3213 5807 Romana
3227 5748 3551 5823 abjudicavit
3562 5748 3718 5807 ΕΜ).
