4208 6276
545 295 688 351 1559

1982 263 2380 325 ΡΒᾹΞΕΑΤΙΟ.

3710 241 3863 300 1⁸560

549 413 606 465 8.
657 407 832 464 Patris
876 403 1106 476 elogium
1152 399 1242 455 hic
1288 395 1507 452 omnino
1550 386 1982 463 praemittendum
2034 399 2154 441 esse

2278 370 2610 444 equiparavit
2629 383 2749 424 cum
2773 372 2956 421 nostro
2981 363 3040 420 S.
3068 359 3382 418 Firmiliano
3404 356 3534 414 olim
3561 356 3865 413 Caesarien-

553 517 768 558 CCIISCO.

621 595 688 650 ll.
728 592 882 647 Circa
929 587 1163 644 medium
1192 582 1371 640 saeculi
1401 596 1490 641 ιιι,
1530 578 1636 632 duo
1661 573 1919 647 przecipui
1965 569 2019 625 in
2054 569 2147 624 Ec-

550 687 712 743 clesia
742 685 925 740 Grzuea
964 679 1415 751 resplemluerunt
1453 673 1734 744 Episcopi,
1764 671 1822 727 S.
1861 667 2150 738 Dionysius

549 775 946 835 Alexandrinus
989 775 1040 828 in
1097 771 1348 844 Egypto,
1395 777 1450 825 et
1493 768 1548 824 S.
1591 764 1936 821 Firmilianus
1971 761 2152 814 Cmsa-

549 871 746 928 riensis
787 870 838 923 in
875 863 1370 939 Cappadocia,_qui
1414 861 1672 916 acerrime
1701 868 1755 912 et
1789 855 1988 927 junctis
2032 852 2154 905 viri-

551 966 650 1018 bus
692 968 992 1032 pugnarunt
1027 966 1214 1013 centra
1243 955 1478 1009 haereses
1514 952 1700 1007 Novati
1729 945 2034 1021 presbyteri
2065 961 2154 1001 ro-

553 1059 696 1114 mani
739 1072 767 1109 a
806 1057 864 1110 S.
902 1055 1153 1109 Cornelio
1198 1067 1330 1121 papa
1365 1059 1520 1104 extra
1566 1045 1861 1102 Ecclesiam
1889 1041 2068 1112 ejecti.
2101 1049 2157 1095 et

553 1153 703 1208 Pauli
721 1149 1054 1206 Samosateni
1075 1145 1375 1202 Antiochia:
1394 1141 1628 1211 episcopi
1649 1139 1748 1211 (1).
1771 1137 1952 1193 Sancti
1967 1145 2018 1188 et
2039 1148 2155 1189 ma-

553 1246 644 1318 gni
671 1244 905 1316 Dionysii
939 1237 1286 1296 Alexandrini
1318 1234 1563 1289 encomia
1596 1233 1682 1286 hic
1699 1247 1804 1284 non
1836 1225 2153 1284 reeensebo.

627 1338 972 1394 Firmilianus
1023 1336 1075 1388 in
1119 1331 1362 1387 Ecclesia
1410 1327 1598 1382 Grteea
1643 1323 1839 1379 colitur
1883 1330 2156 1389 tamquam

556 1441 777 1487 sanctus
810 1429 926 1501 (9.),
977 1441 1075 1481 nec
1121 1422 1423 1484 immerito;
1470 1434 1590 1471 nam
1625 1414 1860 1470 maxima
1903 1412 2159 1481 plurimo-

555 1541 676 1580 rum
707 1524 1078 1592 episc0p0rum
1106 1515 1345 1588 synodus
1379 1509 1714 1565 Antiochena
1754 1523 1811 1561 lli
1855 1503 1933 1575 (5)
1974 1512 2161 1557 contra

558 1617 782 1674 Paulum
813 1615 1220 1668 Sainosatenum
1255 1605 1587 1675 temporibus
1612 1598 1884 1656 Aureliani
1921 1597 2159 1666 impera-

561 1712 698 1767 toris
716 1709 892 1762 habita
910 1705 1280 1759 Firmilianum
1299 1700 1389 1752 illo
1415 1709 1658 1766 tempore
1683 1691 1992 1746 defunctum
2010 1688 2163 1742 inlit-

561 1805 694 1860 teris
721 1802 784 1856 ad
810 1799 1124 1856 Pontilicem
1145 1796 1452 1848 llomanum
1479 1799 1533 1843 et
1567 1788 1889 1856 EpiscOputn
1925 1781 2160 1836 Alexan-

562 1896 778 1950 drinum
798 1892 934 1945 datis
951 1896 1105 1942 vocat
1134 1906 1151 1937 ι
1177 1886 1350 1938 virum
1372 1883 1422 1935 in
1452 1881 1676 1934 Domino
1695 1877 1930 1931 beatum.
1964 1891 1982 1922 ι
2011 1872 2164 1924 Insu-

566 2005 681 2060 per,
707 1986 846 2056 quod
868 1984 1038 2051 majus
1053 1991 1129 2036 est
1141 2021 1158 2046 ,
1181 1988 1237 2032 ut
1249 1976 1484 2046 episcopi
1503 1973 1701 2028 ibidem
1721 1983 1916 2039 magno
1941 1980 2165 2020 numero

564 2082 774 2138 collecti
800 2077 910 2133 suis
923 2085 1108 2130 contra
1130 2073 1351 2128 Paulum
1374 2071 1782 2125 Samosatenum
1802 2061 2032 2118 decretis
2049 2077 2168 2131 gra-

565 2176 770 2229 viorem
802 2169 1157 2226 conciliarent
1191 2165 1597 2227 auctoritatem,
1630 2163 2065 2230 provocaverunt
2102 2152 2170 2207 ad

568 2269 869 2324 doctrinam
911 2281 940 2319 a
989 2263 1237 2320 Patribus
1286 2259 1533 2314 traditam
1579 2274 1591 2310 :
1645 2256 1799 2309 binos
1831 2260 2033 2306 tantum
2076 2247 2170 2302 ad-

566 2363 770 2418 duxere
798 2359 1040 2430 proxime
1063 2355 1373 2419 defunctos,
1417 2351 1477 2406 S.
1508 2349 1819 2419 Dionysium
1853 2341 2172 2400 Alexandri-

569 2471 696 2510 ntnn
719 2464 770 2507 et
788 2452 1059 2522 signanter
1076 2446 1463 2502 Firmilianum.
1486 2441 1706 2498 Addunt
1723 2438 1864 2509 quod
1886 2446 1994 2491 tota
2011 2448 2173 2506 syno-

569 2550 693 2614 dus,
728 2558 1012 2615 antequam
1042 2541 1363 2596 sententiam
1393 2534 1749 2606 pronunciare
1771 2531 2024 2594 voluerit,
2055 2527 2173 2581 Fir-

572 2643 850 2697 milianum
870 2655 900 2694 e
921 2635 1251 2708 Cappadocia
1269 2629 1611 2687 advocaverit
1631 2643 1645 2692 ;
1669 2624 1808 2696 quod
1829 2621 2174 2678 Firmilianus

571 2737 638 2790 ad
663 2733 928 2806 synodum
962 2728 1144 2784 venire
1167 2725 1414 2791 voltu-rit,
1434 2732 1508 2789 et,
1537 2722 1663 2775 dum
1690 2719 1736 2773 is
1762 2717 1813 2771 iu
1843 2716 2036 2770 itinere
2063 2714 2175 2766 fue-

571 2837 677 2890 rat,
707 2835 810 2880 tota
840 2822 1076 2895 synodus
1105 2819 1221 2890 ejus
1246 2817 1529 2872 adventum
1553 2809 1976 2882 exspectaverit;
2003 2819 2176 2876 neque

569 2920 684 2974 lucc
708 2919 1001 2971 ultitnatam
1021 2911 1344 2968 sententiam
1369 2907 1613 2979 proferre
1628 2902 1987 2969 voluerit,uisi
2013 2909 2168 2970 post-

574 3029 736 3085 quam
770 3020 1086 3082 prmsentem
1121 3006 1414 3060 audivisset
1452 3001 1863 3061 Firmilianum;
1895 3004 2015 3058 ast,
2049 2993 2177 3048 dum

576 3109 922 3164 Firmilianus
966 3103 1117 3158 Tarsi
1173 3101 1223 3154 in
1276 3097 1459 3154 Cilicia
1513 3097 1726 3150 interim
1777 3092 2004 3151 obierat,
2053 3098 2180 3142 tunc

580 3200 905 3272 prailattdata
946 3194 1183 3268 synodus
1205 3193 1479 3248 decretmn
1510 3187 1697 3254 edidit,
1725 3186 1774 3239 vi
1802 3185 1956 3252 cujus
1981 3181 2179 3235 Paulus

583 3297 968 3352 Samosatenus
995 3290 1062 3343 ab
1092 3286 1329 3342 Ecclesia
1361 3282 1635 3338 Catholica
1665 3294 1784 3349 qua:
1811 3276 1908 3330 sub
1934 3274 2072 3328 cmlo
2097 3281 2182 3326 est

582 3387 834 3442 universa
862 3389 1137 3450 separatus
1164 3377 1282 3432 fuit.
1329 3375 1685 3429 Nihilominus
1714 3368 1957 3440 praedimi
1992 3367 2180 3419 Patres

585 3475 902 3534 Antiocheni
936 3474 988 3527 in
1023 3487 1116 3526 sua
1167 3470 1232 3523 ad
1269 3469 1462 3537 Papam
1509 3463 1742 3535 Epistola
1773 3460 2027 3532 synodica
2059 3473 2181 3527 spe-

585 3572 790 3627 cialiter
834 3568 1034 3623 addttnt
1072 3565 1212 3636 quod
1242 3562 1633 3622 Firmilianum,
1676 3557 1800 3611 dum
1830 3557 2052 3618 viveret,
2089 3553 2181 3606 ha-

583 3661 907 3718 buerintsibi
930 3656 1377 3721 consentientem,
1404 3652 1699 3707 referentes
1727 3667 1738 3701 :
1768 3667 1785 3699 (
1815 3645 2176 3707 Firniilianns,

586 3757 712 3811 dum
762 3756 998 3815 viveret,
1042 3752 1124 3806 bis
1181 3750 1325 3804 venit
1379 3744 1749 3807 Antiochiam,
1799 3751 1853 3796 et
1899 3737 2179 3810 peregrina

586 3850 728 3904 illius
757 3847 926 3918 (Pauli
949 3845 1305 3912 Samosateni)
1334 3840 1578 3910 dogmata
1611 3836 2011 3896 condemnavit,
2041 3832 2183 3886 sicut

588 3943 786 4002 scimus
834 3950 888 3996 et
935 3940 1299 4002 testiﬁcantur,
1345 3937 1435 4006 qui
1471 3931 1774 3996 adfuimus,
1812 3939 1868 3983 et
1912 3927 2001 3980 alii
2031 3924 2183 3980 multi

589 4043 877 4089 DOVCI‘Ulll.
917 4052 935 4084 ι

666 4123 1068 4180 Relicctendum
1119 4121 1258 4193 quod
1305 4122 1470 4175 altum
1519 4125 1732 4173 taceant
1773 4114 1840 4168 de
1901 4111 2054 4166 libris
2100 4112 2184 4166 vel

589 4219 830 4289 epistolis
875 4233 903 4271 a
936 4217 992 4270 S.
1029 4215 1336 4270 Firmiliano
1377 4211 1612 4281 scriptis.
1665 4208 1889 4274 Quanta:
1928 4221 2022 4275 pro
2060 4213 2186 4258 tunc

589 4313 642 4367 in
685 4311 923 4366 Ecclesia
969 4307 1238 4362 Catholica
1289 4307 1386 4360 fuit
1429 4303 1761 4358 auctoritatis
1809 4299 2184 4353 Firmilianus!

592 4407 745 4462 llunc
797 4404 1161 4458 Firmiliauum
1215 4416 1336 4456 cum
1395 4400 1599 4454 Grzecis
1651 4395 1854 4451 vocabo
1918 4393 2184 4459 Sanctum,

2260 469 2396 522 simu
2431 464 2671 520 ecclesia:
2698 465 3034 515 ornamento.

2323 557 2413 614 Ill.
2459 557 2625 612 Porro
2673 569 2794 608 cum
2846 549 3111 606 Eusebius
3160 547 3385 603 Graecus
3433 545 3662 600 sollicite
3712 542 3864 599 refe-

2254 662 2340 706 rat
2383 650 2463 720 (l)
2514 649 2573 706 S.
2612 646 2986 702 Firinilianum
3018 641 3119 696 sub
3171 641 3268 695 88.
3317 637 3606 701 Pontiano,
3652 637 3864 690 Antero

2256 743 2516 803 Fabiano,
2545 737 2797 794 Cornelio
2822 777 2835 800 ,
2868 735 3066 799 Lucio,
3102 730 3400 801 Stephano,
3430 727 3624 800 Xysto,
3657 727 3865 798 Diony-

2256 838 2361 903 sio,
2393 833 2616 889 summis
2643 833 2896 885 Romanae
2925 828 3187 884 Ecclesia:
3215 825 3564 881 Pontitictbus
3591 824 3643 876 in
3673 821 3863 876 Eccle-

2258 931 2334 986 sia
2381 929 2564 984 erca
2621 927 2869 981 ﬂoruisse
2922 925 3140 979 circiter
3187 921 3254 976 ab
3301 935 3445 974 anno
3493 919 3601 974 230
3649 920 3715 972 ad
3759 932 3865 971 an~

2261 1039 2384 1078 num
2410 1023 2550 1085 270;
2590 1021 2957 1076 Firmilianum
2991 1033 3089 1072 ceu
3122 1016 3448 1086 praecipuum
3479 1029 3544 1067 ex
3571 1010 3867 1066 Orientali-

2261 1119 2360 1173 bus
2397 1117 2718 1188 Episcopum
2753 1112 3059 1167 interfuisse
3085 1109 3255 1165 tribus
3285 1108 3526 1162 conciliis
3566 1105 3864 1160 Antioche-

2262 1211 2366 1276 nis,
2416 1213 2589 1278 primo
2627 1215 2812 1262 contra
2859 1205 3154 1269 Novatum,
3184 1203 3395 1258 duobus
3424 1201 3648 1272 reliquis
3675 1209 3870 1254 contra

2264 1303 2482 1358 Paulum
2524 1302 2936 1356 Samosatennm
2972 1297 3279 1359 celebratis,
3325 1312 3446 1350 eum
3497 1309 3527 1348 a
3579 1295 3872 1347 subsecuta

2266 1395 2476 1468 synodo
2506 1411 2559 1449 iv
2587 1394 2922 1449 Antioelicna
2943 1434 2957 1458 ,
2988 1408 3108 1461 quae
3137 1400 3219 1445 est
3252 1405 3305 1444 ιιι
3337 1397 3522 1442 contra
3552 1387 3872 1441 Samosate-

2266 1505 2412 1556 num,
2442 1487 2808 1542 intensissime
2835 1486 3152 1554 expetituro,
3197 1493 3250 1538 et
3278 1482 3590 1536 avidissime
3617 1489 3877 1544 especta-

2269 1593 2377 1636 tum
2409 1581 2603 1643 fuisse,
2650 1578 2707 1634 S.
2758 1578 3127 1633 Firtnilianum
3169 1576 3330 1630 fuisse
3359 1589 3520 1628 unum
3551 1589 3620 1627 ex
3662 1573 3876 1627 duobus

2267 1675 2372 1729 illis
2418 1674 2665 1728 Patribus
2711 1670 3000 1737 defunctis,
3043 1670 3108 1724 ad
3152 1686 3378 1740 quorum
3423 1669 3733 1723 det-trinam
3776 1682 3879 1722 rese

2271 1768 2481 1837 pective
2528 1766 2613 1820 vel
2658 1767 2898 1834 scripto,
2939 1764 3023 1818 vel
3060 1780 3156 1817 ore
3203 1762 3451 1816 traditam
3507 1774 3781 1831 posuema
3829 1769 3880 1815 et

2269 1863 2497 1916 maxima
2521 1858 2757 1932 synodus
2787 1857 3120 1914 Antiochena
3156 1857 3208 1910 in
3248 1857 3461 1924 negotio
3487 1853 3644 1910 Pauli
3680 1855 3875 1908 Samo-

2269 1954 2446 2010 sateni
2499 1953 2906 2022 provocaverit;
2965 1967 3089 2004 cum
3135 1950 3276 2005 idem
3325 1947 3594 2003 Eusebius
3632 1947 3878 2000 omnium

2269 2046 2600 2116 Seriptorum
2661 2047 3161 2101 Ecclesmsticorum
3193 2085 3209 2110 ,
3273 2044 3508 2096 maxime
3557 2041 3878 2096 Graecorum

2271 2155 2436 2210 opera
2465 2140 2548 2195 vel
2579 2139 2847 2209 Epistolas
2874 2151 3164 2207 utcumque
3211 2135 3576 2190 memorabiles
3612 2144 3876 2190 accurate

2274 2237 2606 2290 recensuerit
2626 2277 2640 2299 ,
2675 2235 2741 2290 de
2771 2235 2827 2290 S.
2869 2233 3183 2288 Ftrmiliano
3225 2246 3384 2301 quem
3415 2227 3750 2299 singulariter
3773 2228 3876 2282 de-

2275 2328 2595 2399 predicavit,
2639 2344 2770 2384 vero
2811 2327 3131 2382 altissimum
3163 2327 3316 2381 sileat
3356 2324 3496 2394 quod
3525 2324 3614 2378 ille
3639 2324 3882 2393 aliquam

2275 2424 2568 2493 Epistolam
2613 2423 2868 2492 scriptam
2914 2437 3165 2491 umquam
3209 2419 3522 2489 reliquerit;
3582 2418 3715 2473 hinc
3755 2433 3886 2473 sane

2276 2517 2705 2574 concludemlum
2748 2517 2888 2572 foret
2938 2516 3078 2586 quod
3129 2515 3186 2571 S.
3243 2515 3588 2569 Firmilianus
3628 2529 3729 2568 ore
3750 2514 3889 2582 :qui-

2277 2612 2422 2676 dem,
2451 2625 2501 2667 et
2531 2628 2712 2666 coram
2741 2611 3030 2666 certaverit
3058 2622 3341 2677 strenuus;
3375 2626 3478 2664 non
3503 2625 3636 2665 vero
3673 2609 3889 2679 scriptis

2278 2706 2631 2776 disputaverit
2652 2707 2792 2760 circa
2816 2720 2906 2759 res
2936 2703 3361 2759 Ecclesiasticas.

2352 2801 2477 2855 Haec
2509 2801 2856 2870 praesumptio
2896 2798 3246 2853 conﬁrmatur
3275 2815 3338 2852 ex
3378 2814 3443 2852 eo
3471 2798 3615 2869 quod
3659 2799 3718 2853 S.
3761 2797 3890 2853 Ilie-

2280 2909 2538 2965 ronymus
2569 2893 2755 2947 uullibi
2782 2894 2839 2946 S.
2868 2892 3244 2947 Firtnilianum
3277 2893 3416 2946 inter
3445 2892 3751 2961 Scriptores
3779 2891 3891 2946 Ec-

2279 2988 2612 3045 clesiasticos
2646 2996 2962 3050 recenseat,
3014 2989 3178 3040 immo
3211 2987 3262 3039 in
3309 2985 3630 3054 catalogus.
3684 2984 3890 3037 Hiero-

2284 3082 2429 3154 nynii
2457 3081 2525 3135 de
2554 3081 2690 3134 Viris
2722 3078 3037 3144 illustribus,
3073 3095 3169 3144 per
3193 3078 3330 3132 alios
3356 3090 3596 3157 auctores
3624 3076 3892 3130 subsecu-

2207 3210 2250 3270 Ο
2286 3185 2368 3230 tos
2396 3174 2644 3238 adaucto,
2674 3171 3022 3227 Firmiliauus
3056 3171 3343 3242 nequidem
3368 3182 3664 3242 comparet.

2356 3268 2443 3322 ιν.
2487 3267 2846 3322 Nihilominus
2893 3266 3282 3336 posterioribus
3339 3265 3553 3319 saeculis
3603 3265 3658 3318 in
3716 3264 3893 3319 lucem

2284 3361 2546 3430 producta
2588 3359 2687 3413 fuit
2742 3359 2987 3428 quadam
3049 3359 3252 3413 famosa
3305 3359 3530 3427 epistola
3585 3358 3891 3413 Firmiliaui

2281 3454 2547 3509 Caesarea:
2586 3453 2636 3506 in
2669 3451 3001 3522 Cappadocia
3043 3453 3282 3522 episcopi
3316 3451 3381 3505 ad
3430 3451 3487 3506 S.
3534 3451 3892 3524 Cyprianum,

2283 3564 2402 3618 qua:
2453 3557 2647 3615 praeter
2699 3548 2924 3616 plurima
2971 3547 3173 3602 absona
3211 3547 3264 3600 in
3307 3547 3540 3601 decursu
3588 3548 3896 3603 evolvenda

2286 3645 2554 3712 pra-cipue
2583 3641 2820 3697 defendit
2864 3657 3106 3696 errorem
3156 3642 3633 3710 rebaptizautium.
3670 3642 3889 3708 Fateor,

2283 3735 2526 3805 quisquis
2567 3733 2705 3788 hanc
2740 3733 3020 3804 epistolam
3053 3737 3440 3805 composuerit,
3473 3750 3706 3804 eamque
3732 3733 3902 3789 alicui

2285 3845 2479 3900 magno
2503 3829 2619 3884 viro
2657 3829 2722 3882 ad
2765 3828 3146 3898 acquirendam
3177 3829 3553 3883 auctoritatem
3584 3843 3903 3898 supponere

2285 3924 2543 3992 voluerit;
2596 3925 2679 3978 vix
2719 3925 2984 3993 potuisset
3011 3939 3076 3977 ex
3111 3924 3310 3978 smeulo
3339 3940 3396 3978 ιιι
3438 3923 3753 3992 episcOpum
3784 3923 3895 3976 eli-

2284 4034 2413 4089 gere
2439 4018 2698 4087 majorem
2729 4018 2784 4073 S.
2822 4017 3154 4072 Firmiliano.
3181 4017 3311 4072 Nam
3338 4018 3480 4086 quod
3509 4019 3564 4072 8.
3599 4016 3891 4085 Dionysius

2290 4110 2683 4164 Alexandrinus
2707 4108 2764 4163 S.
2793 4108 3106 4164 Firmiliano
3137 4109 3447 4164 nullatenus
3471 4108 3682 4162 inferior
3720 4107 3891 4176 Papae

2291 4203 2391 4258 fuit
2419 4203 2870 4272 subjeCIissimus,
2916 4219 2980 4256 ex
3033 4202 3189 4271 hujus
3221 4203 3428 4272 scriptis
3462 4201 3694 4269 epistolis
3733 4199 3893 4268 apud

2291 4298 2425 4352 alias
2463 4298 2720 4353 ecclesias
2756 4297 3043 4352 asservatis
3078 4296 3357 4351 evidenter
3381 4293 3583 4350 ostendi
3629 4308 3726 4363 pro
3754 4302 3905 4350 tunc

2292 4391 2588 4460 potuisset;
2638 4400 2722 4445 ast
2765 4388 2833 4443 de
2871 4387 2930 4444 S.
2976 4388 3289 4443 Firmiliano
3332 4389 3536 4442 nullum
3567 4385 3715 4440 aliud
3759 4401 3906 4456 opus

593 4507 707 4552 tum
762 4507 818 4552 ut
873 4511 934 4551 ea
983 4494 1349 4564 adscriptione
1406 4491 1704 4546 evidentius
1752 4487 2106 4556 distinguatur
2160 4499 2188 4536 a
2215 4527 2268 4586 Β
2293 4487 2552 4551 scriptmn
2579 4482 2825 4536 exstabat
2851 4479 2948 4553 (ἒ).
2980 4480 3144 4551 Igitur
3173 4482 3216 4534 si
3244 4480 3446 4534 famosa
3477 4479 3706 4548 epistola
3736 4494 3900 4549 quam

593 4587 868 4660 pseudo-1“
874 4589 1141 4642 irmiliano
1169 4587 1219 4640 in
1247 4585 1594 4656 sequentibus
1622 4577 1820 4651 sarpius
1852 4581 2186 4643 obventuro;

591 4694 705 4737 tum
753 4683 872 4749 quia
917 4697 1020 4735 non
1053 4681 1222 4735 solum
1269 4695 1296 4732 a
1347 4677 1585 4740 Graecis,
1630 4677 1724 4730 sed
1771 4692 1798 4727 a
1852 4673 2088 4737 Latinis,
2137 4682 2194 4725 ut

593 4773 965 4837 Tillemontio,
1016 4783 1147 4839 etc.,
1194 4781 1412 4826 sanctus
1442 4769 1764 4839 appellatur.
1803 4767 1860 4822 S.
1902 4765 2193 4835 Gregorius

594 4867 878 4932 Nissenus,
912 4866 1039 4922 dum
1068 4866 1126 4922 S.
1167 4864 1487 4935 Gregorium
1519 4861 1978 4930 Thaumaturguni
2016 4858 2192 4929 elogio

596 4960 961 5017 cxcellentiori
1015 4972 1279 5016 exornare
1331 4955 1515 5019 voluit,
1567 4954 1708 5008 lnmc
1753 4952 1928 5023 quoad
1969 4954 2192 5007 virtutes

628 5097 745 5225 d((l)
769 5098 1054 5225 _%nsebius
1088 5096 1151 5150 ll.
1184 5095 1273 5158 E.,
1309 5093 1370 5148 L.
1402 5095 1454 5157 6,
1485 5108 1514 5148 a
1543 5108 1592 5147 c.
1625 5093 1714 5156 45,
1747 5102 1800 5147 et
1831 5091 1889 5144 L.
1929 5091 1980 5158 7,
2011 5105 2040 5145 a
2073 5105 2122 5144 c.
2159 5090 2183 5144 1

721 5213 731 5222 .
768 5185 798 5224 ο
846 5211 855 5220 .

593 5172 659 5224 ad
685 5185 731 5224 c.
768 5172 855 5224 50.

666 5243 745 5315 (‘13)
787 5239 1161 5315 Vid._Nalal_is
1208 5236 1513 5315 Alexzinder
1679 5233 1936 5315 SiBEl-llllm
1987 5248 2070 5315 ιιι,
2104 5233 2190 5315 vel

596 5305 1035 5385 Martyrologium
1083 5311 1396 5368 Graecorum
1434 5308 1501 5362 ad
1554 5309 1695 5362 diem
1747 5305 1814 5359 27
1865 5306 2070 5371 octob.,
2103 5305 2188 5359 vel

597 5385 990 5440 'l'illemoutius.

667 5456 747 5527 ('5)
791 5452 1220 5527 Eusebiuquui
1259 5466 1409 5527 suam
1454 5450 1733 5504 historiam
1773 5457 1896 5527 ante
1945 5455 2184 5527 tempora

594 5519 806 5580 concilii
839 5525 1034 5579 Nica-ni
1073 5519 1336 5586 absolvit,
1366 5532 1520 5576 vocat
1548 5537 1665 5576 eam
1698 5521 1985 5574 maximam
2014 5532 2066 5573 et
2100 5519 2182 5572 in-

594 5598 833 5652 timum-is
871 5597 1138 5665 episcopis
1179 5605 1594 5663 congregatam;
1637 5593 1681 5645 si
1728 5591 1925 5665 Ba~ilio
1954 5589 2184 5665 diacono

591 5661 1265 5736 Constantin'opolitanoet
1292 5661 1510 5736 reliquis
1544 5664 1786 5717 habenda
1818 5661 1982 5727 tides,
2017 5663 2185 5715 intor-

590 5742 740 5793 fuere
790 5740 892 5794 180
941 5734 1144 5791 Patres.
1195 5734 1258 5788 V.
1318 5734 1566 5789 Labbeus
1614 5743 1743 5788 tom.
1788 5749 1867 5797 ιιι,
1917 5735 1985 5787 ad
2025 5747 2180 5790 conc.

592 5806 760 5876 Epli.,
787 5809 914 5862 edit.
947 5807 1204 5862 Parisinte
1221 5809 1289 5861 de
1313 5820 1456 5861 anno
1488 5806 1652 5873 1671,
1678 5823 1729 5877 p.
1761 5803 1889 5861 425.

2296 4591 2438 4630 nunc
2459 4572 2907 4640 exaniiuabimus,
2934 4573 3003 4629 sit
3033 4574 3391 4644 supposititia,
3423 4573 3689 4642 impostor
3718 4583 3905 4627 tamen

2297 4671 2588 4739 prudenter
2617 4670 2700 4722 vel
2736 4677 2910 4722 astute
2936 4670 3046 4738 egit
3073 4679 3131 4721 ut
3159 4683 3276 4722 eam
3318 4668 3420 4722 sub
3449 4667 3672 4722 nomine
3701 4666 3906 4721 Firmi-

2295 4762 2421 4816 liani
2463 4761 2826 4831 evu'gaverit,
2867 4770 3129 4830 quatenus
3171 4760 3272 4814 sub
3321 4760 3425 4816 hoc
3467 4761 3692 4815 nomine
3733 4775 3901 4831 quam

2296 4859 2580 4911 maximam
2603 4856 2886 4910 sortiretur
2915 4857 3313 4911 auctoritatem.

3056 4951 3123 5006 Ὗ.

2294 5044 2485 5101 Ιόιίιεες
2520 5050 2679 5117 igitur
2725 5045 2951 5116 epistola
3005 5059 3115 5114 prce
3165 5043 3377 5099 caeteris
3403 5057 3547 5098 nnnc
3579 5043 3910 5099 accuratiori

2369 5162 2446 5232 (ll
2487 5161 2549 5216 L.
2598 5178 2683 5228 vl,
2730 5170 2784 5215 et
2830 5177 2921 5215 vn.
2985 5191 3048 5202 —
3093 5161 3486 5232 iTillemontius
3535 5175 3600 5215 ex
3664 5159 3911 5216 Eusebio

2295 5231 2456 5288 docet
2499 5245 2628 5293 tom.
2673 5248 2752 5293 ιν,
2809 5249 2932 5303 pag.
2981 5235 3036 5294 2.
3081 5231 3137 5287 S.
3177 5231 3549 5286 Firmiliannm
3586 5232 3693 5286 (ΙΙ-ιι
3714 5249 3846 5286 cum
3878 5247 3909 5285 a

2295 5303 2396 5358 ΞΗ
2437 5305 2746 5372 episromtm
2780 5304 2944 5357 fuisse
2983 5305 3060 5358 Ca
3079 5320 3251 5358 s:-.rea.-
3281 5320 3398 5372 quir
3431 5312 3548 5355 erat
3578 5306 3908 5372 metropolis

2295 5375 2684 5442 Cappadm-i:e,
2719 5377 2818 5428 sub
2856 5378 3017 5429 linem
3060 5373 3328 5442 anni369
3364 5373 3530 5427 fuisse
3561 5375 3905 5430 defnnctum.

2291 5446 2416 5500 Mihi
2450 5464 2512 5501 ex
2549 5447 2783 5501 Eusebio
2809 5449 2898 5500 lib.
2932 5463 3025 5510 vn.
3058 5463 3106 5501 c.
3140 5447 3229 5510 5t),
3255 5447 3468 5500 videtur
3491 5460 3620 5499 vero
3643 5447 3906 5509 similrus,

2289 5520 2433 5585 quod
2480 5518 2824 5572 Firtnilianus
2865 5521 3227 5587 supervixerit
3268 5532 3437 5586 usque
3482 5517 3549 5569 ad
3598 5533 3731 5572 ann.
3765 5519 3902 5581 272,

2289 5590 2358 5644 de
2388 5605 2494 5658 quo
2522 5606 2571 5643 a.
2606 5607 2658 5641 ιι.
2692 5588 2800 5650 92.

2361 5661 2441 5743 (ἓ)
2464 5668 2745 5743 Αδδειςιιιιι
2778 5659 2945 5728 aliqui
2989 5661 3365 5743 Firmilianum
3405 5661 3698 5743 scripsisse
3730 5661 3906 5715 libros

2289 5731 2591 5814 dehSpiritu
2617 5733 2708 5814 8..
2732 5747 2934 5814 eosque
2961 5735 3061 5814 sub
3083 5737 3242 5814 tittem
3269 5734 3454 5814 swgtli
3478 5749 3530 5788 tv
3555 5733 3707 5790 visos
3731 5734 3904 5789 luisse

2287 5818 2318 5860 a
2349 5805 2400 5862 S.
2432 5805 2632 5863 Basilio
2660 5803 2730 5864 M.
2767 5802 2966 5864 Verum
2993 5805 3063 5862 de
3082 5804 3166 5866 bis
3191 5823 3242 5864 a.
3276 5822 3332 5866 ιι.
3357 5804 3449 5864 89.
