4208 6276
330 309 466 364 1361

895 310 1346 369 DISSERTATIO
1395 311 1435 380 Ι,
1483 311 1570 367 DE
1611 310 1986 368 FIRMILIANI
2029 311 2118 366 AD
2161 311 2218 368 S.
2257 309 2663 369 GYPRIANUM
2696 309 3050 368 EPISTOLA.
3103 314 3137 331 ’⁸

3496 309 3636 366 1562

327 429 456 485 crisi
484 427 814 499 subjicienda
845 437 947 496 est,
977 439 1161 500 utpote
1188 445 1306 500 qua:
1332 431 1445 485 sola
1477 438 1653 485 exSIat
1682 428 1782 484 sub
1806 426 1927 482 Fir-
1955 429 2007 488 Α
2033 426 2257 499 positiva
2286 427 2722 496 superaddiderit
2749 412 3155 498 comprobantia
3189 441 3306 482 eam
3340 427 3634 498 aliquando

335 522 540 577 miliani
572 522 822 577 nomine.

903 611 1343 672 CONSPECTUS

531 724 828 774 UTRIUSQUE
857 725 1291 766 οιςεειιτΑτιοιιιε
1321 726 1386 765 DE
1415 725 1746 765 FIRMILIANO.

396 803 756 858 Dissen'rnto
783 803 821 857 l.
846 833 918 842 —
943 803 1007 857 Ν.
1036 805 1147 869 l3,
1181 805 1235 868 5,
1265 804 1665 858 l’racmittuutur
1691 803 1809 857 duae
1835 817 1925 858 re-

322 898 460 968 gulae
489 899 708 953 critices
735 914 802 952 ex
833 899 1080 968 Dupiuio.

393 991 689 1060 Propositio
716 1009 752 1047 ι.
783 1023 851 1034 —-
877 991 942 1046 N.
976 993 1026 1057 4,
1066 992 1152 1047 12.
1186 991 1425 1060 Epismla
1451 1007 1568 1062 qua:
1596 991 1695 1045 sub
1726 991 1924 1046 Firmi-

324 1084 449 1140 liaui
480 1088 701 1143 nomine
732 1085 1111 1144 circumfertur
1155 1087 1222 1141 ab
1249 1085 1466 1140 homine
1496 1085 1687 1140 Latino
1713 1085 1924 1140 videtur

322 1180 571 1234 conficta.

396 1270 690 1340 Propositio
733 1289 790 1328 ιι.
820 1303 893 1312 -
919 1271 982 1327 Ν.
1019 1273 1104 1338 15,
1136 1273 1222 1328 17.
1244 1271 1448 1327 Saltem
1481 1272 1538 1328 S.
1569 1271 1920 1327 Firmilianus

321 1377 441 1418 eam
475 1379 578 1417 non
607 1365 932 1432 composuit.

392 1456 435 1510 N
491 1457 576 1523 l8,
607 1458 693 1511 77.
725 1458 843 1528 Ipsa
874 1458 1098 1526 epistola
1154 1458 1384 1513 refertur
1414 1459 1586 1530 quoad
1637 1469 1816 1528 partes
1866 1469 1919 1515 et

318 1546 506 1602 critice
535 1549 904 1614 examinatur;
933 1550 1019 1605 ubi
1051 1567 1104 1603 n.
1143 1551 1223 1605 il.
1252 1551 1336 1606 An
1363 1551 1420 1606 8.
1445 1551 1751 1620 Stephanus
1780 1567 1916 1622 papa

315 1641 553 1696 validum
583 1641 810 1698 edixerit
860 1643 1188 1715 Baptismum
1234 1644 1333 1700 sub
1364 1660 1701 1716 quacumque
1745 1646 1915 1699 forma

314 1735 591 1790 Collatum.

2034 525 2278 580 Graecam
2305 526 2602 590 exstitisse,
2634 527 2716 578 vel
2739 526 2938 594 judicia
2966 525 3252 580 adduxerit
3278 526 3518 580 Graecam
3549 541 3634 580 rc-

2033 619 2268 674 dolentia
2299 619 2587 690 originem.
2624 620 2781 689 Atqui
2814 619 2954 672 nulla
2987 629 3252 672 momenta
3285 619 3508 686 positiva
3539 619 3636 673 ad-

2031 713 2150 768 duci
2197 722 2447 782 poterqu
2487 712 2883 783 subjudicautia
2922 711 3166 767 Gnecam
3218 711 3340 766 fatte
3391 712 3633 781 epistolae

2031 808 2396 871 nativitatem;
2427 821 2557 877 ergo
2587 823 2692 860 non
2721 815 2804 860 est
2833 806 3182 860 asserendum
3218 806 3354 858 hanc
3387 805 3634 862 Latinam

2031 901 2234 968 prolem
2280 915 2344 954 ex
2391 898 2597 954 Grai-cia
2641 914 2761 953 esse
2802 898 3122 961 oriundam;
3170 913 3275 952 non
3319 899 3460 952 enim
3503 914 3638 951 sano

2027 995 2215 1049 critico
2241 995 2371 1048 satis
2397 1003 2516 1059 est;
2553 993 2695 1063 quod
2730 995 2844 1062 ipse
2877 993 3169 1047 fabricator
3204 992 3360 1046 dictae
3392 993 3634 1062 epistola:

2029 1087 2323 1142 Firmiliaui
2366 1104 2559 1141 nomen
2603 1087 3076 1157 superscripserit,
3113 1099 3199 1139 aut
3242 1103 3301 1142 se
3337 1087 3386 1140 iu
3419 1087 3635 1155 Cappa-

2026 1182 2177 1238 docia
2212 1183 2352 1237 inter
2381 1183 2601 1238 Graecos
2638 1184 2950 1252 episcopum
2980 1197 3100 1235 esse
3133 1182 3348 1245 innuat;
3381 1181 3513 1234 alias
3544 1183 3630 1234 iu-

2026 1291 2247 1332 numera
2280 1292 2478 1347 opera,
2523 1293 2643 1347 qua‘
2686 1285 2836 1331 certo
2877 1275 3216 1343 supposititia
3261 1284 3419 1336 sunt,
3465 1290 3630 1344 coge-

2027 1386 2206 1425 remur
2244 1370 2529 1426 admittere
2570 1379 2630 1425 ut
2659 1369 2912 1438 genuina.
2949 1367 3110 1438 Igitur
3140 1367 3361 1439 pratfata
3396 1367 3626 1437 epistola

2024 1460 2215 1518 Latina
2267 1462 2468 1517 tamdiu
2521 1462 2764 1518 habenda
2813 1470 2895 1516 est
2941 1461 3145 1531 origine
3191 1461 3413 1525 Latina,
3456 1461 3632 1517 donec

2025 1555 2280 1624 probetur
2318 1571 2436 1609 eam
2483 1555 2611 1608 olim
2659 1554 2932 1609 ex5titisse
2977 1553 3240 1608 Graecam.
3288 1553 3454 1607 Porro
3497 1553 3626 1607 licet

2022 1647 2342 1716 probaretur
2369 1663 2487 1701 eam
2515 1647 2644 1701 olim
2673 1647 2946 1700 exstitisse
2974 1644 3214 1699 Grmcam
3235 1687 3248 1710 ,
3276 1644 3628 1699 nihilominus

2022 1739 2265 1795 habenda
2309 1750 2577 1809 tamquam
2619 1739 2676 1794 8.
2711 1738 3024 1793 Firmilianu
3057 1739 3418 1808 supposititia,
3453 1749 3508 1792 ut
3540 1737 3625 1792 tli-

386 1826 682 1898 Propositio
712 1846 792 1885 ιιι.
820 1861 889 1870 --
915 1829 979 1884 Ν.
1011 1832 1101 1894 78,
1128 1831 1215 1887 87.
1241 1831 1616 1887 Vcrosimilius
1642 1841 1743 1896 est,
1771 1833 1896 1901 quot

2020 1842 2172 1887 cetur
2198 1847 2224 1884 a
2254 1846 2480 1885 numero
2511 1831 2596 1885 l5.

311 1919 503 1988 aliquis
539 1921 816 1976 Donatista
845 1923 1131 1978 Africanus
1165 1923 1324 1978 fatam
1354 1924 1649 1994 Epistolmt
1681 1923 1911 1978 fabrica—

313 2023 399 2068 tus
433 2013 589 2068 fuerit
623 2025 740 2084 post
771 2032 898 2071 ειυς.
931 2035 1003 2084 ιν,
1037 2018 1123 2071 vel
1153 2018 1287 2074 alius
1315 2018 1622 2072 hmreticus.

380 2109 675 2181 Pr0positio
723 2127 795 2164 tv.
829 2139 900 2150 —-
923 2110 984 2164 N.
1016 2112 1102 2177 88,
1137 2110 1227 2165 9l.
1256 2109 1294 2166 S
1358 2109 1704 2165 Firmilianus
1734 2108 1912 2164 nullos

308 2202 475 2258 libras
501 2204 705 2267 scriptu
735 2203 948 2273 publico
982 2204 1234 2274 vulgavit.

387 2295 744 2351 DISSEBTATIO
775 2295 915 2350 ll.-—
940 2296 1013 2350 De
1039 2295 1094 2351 8.
1118 2295 1410 2350 Firmiliaui
1433 2311 1574 2350 anno
1601 2296 1905 2359 emortuali.

304 2401 412 2456 quo
440 2387 636 2440 Paulus
659 2386 1046 2441 Samosatenus
1090 2385 1185 2441 fuit
1230 2387 1619 2442 condemnatus
1663 2387 1712 2439 iu
1755 2387 1901 2441 cele-

301 2477 539 2533 berrima
565 2478 766 2550 synodo
797 2479 1158 2544 Antiochena,
1216 2479 1396 2552 inqua
1440 2488 1494 2534 et
1539 2495 1638 2533 vox
1689 2479 1904 2532 hontou-

300 2573 414 2628 sion
441 2572 634 2626 dicitur
667 2573 829 2628 fuisse
858 2573 1079 2643 rejeeta.

370 2667 435 2720 N.
467 2665 554 2722 9‘2.
587 2663 912 2735 Chronologi
945 2667 1232 2721 dissident.

370 2757 690 2825 Propositio.
724 2758 788 2813 N.
829 2760 918 2825 95,
960 2759 1083 2815 100.
1125 2757 1218 2814 llla
1264 2768 1389 2813 ante
1431 2773 1626 2813 annum
1659 2757 1767 2812 9.72
1797 2773 1901 2813 non

296 2850 658 2922 contigerunt.

747 2944 1198 3000 DISSERTATIO
1244 2943 1457 2998 PRIMA

299 3035 375 3090 De
397 3035 693 3092 Firmiliaui
714 3038 782 3090 ad
818 3037 879 3092 S.
922 3035 1236 3109 Cyprianum
1279 3035 1512 3109 Epistola
1557 3037 1772 3106 aliisque
1791 3037 1900 3108 ejus

970 3132 1225 3200 operibus.

2091 1923 2145 1976 5.
2193 1921 2456 1976 Probatur
2491 1921 2550 1974 2°
2582 1919 2696 1975 Non
2731 1919 2904 1975 solum
2935 1919 3180 1976 Grmcam
3214 1920 3477 1990 originem
3511 1934 3620 1974 non

2020 2014 2265 2080 redolet,
2317 2014 2408 2068 sed
2459 2013 2582 2067 talia
2631 2012 2799 2067 refert
2839 2012 3126 2080 vocabula,
3169 2028 3287 2084 qua:
3328 2013 3621 2079 suadeant,

2018 2107 2328 2177 primaevam
2369 2107 2632 2176 originem
2675 2104 2840 2159 fuisse
2883 2104 3147 2160 Latinam.
3193 2103 3256 2159 E.
3299 2120 3353 2176 g.
3387 2104 3621 2175 pseudo-

2017 2199 2361 2254 Firmilianus
2383 2199 2489 2253 ait:
2527 2217 2544 2251 ι
2576 2197 2725 2267 Apud
2757 2213 2852 2252 nos
2883 2198 3190 2253 necessario
3214 2197 3272 2252 fit
3297 2207 3354 2252 ut
3379 2199 3624 2254 seniores

2015 2303 2068 2348 et
2111 2294 2379 2363 praepositi
2423 2309 2518 2362 per
2549 2292 2787 2363 singulos
2827 2308 2998 2346 annos
3031 2294 3081 2347 in
3116 2309 3280 2348 unum
3325 2295 3617 2348 convenia-

2014 2401 2162 2452 mns;
2197 2388 2246 2440 in
2279 2387 2503 2442 ecclesia
2539 2388 2830 2456 prmsident
2870 2387 3101 2456 majores
3142 2399 3289 2442 natu.
3326 2408 3344 2440 ι
3391 2387 3614 2445 ϐιωειιε

2012 2486 2199 2534 auctor
2227 2479 2538 2534 Catholicus
2569 2481 2766 2535 smculo
2798 2496 2888 2546 ιιι,
2922 2481 3099 2550 potius
3139 2491 3193 2536 et
3224 2483 3617 2554 significantius

2010 2571 2233 2626 dixisset
2253 2591 2295 2624 τι
2310 2571 2378 2628 Ut
2404 2573 2721 2644 presbyteri,
2742 2583 2794 2626 ct
2812 2573 3049 2642 episeopi
3075 2574 3125 2627 in
3145 2591 3306 2628 unum
3331 2576 3620 2630 convenia-

2011 2682 2128 2719 mus
2166 2687 2184 2718 ι
2213 2677 2357 2731 etc.;
2392 2681 2524 2738 quas
2554 2682 2713 2722 voces
2744 2667 2952 2738 origine
2981 2667 3168 2723 Gra‘ca
3201 2668 3425 2724 Latinus
3449 2669 3616 2724 inter-

2009 2773 2136 2829 pres
2169 2759 2441 2812 immerito
2473 2761 2828 2814 immutasset.
2862 2759 3012 2824 Quod
3045 2775 3172 2813 vero
3204 2760 3439 2828 episcopi
3471 2759 3613 2830 apud

2008 2850 2225 2908 Graecos
2269 2852 2466 2905 srcculo
2508 2867 2598 2917 ιιι,
2643 2851 3070 2906 antonomastice
3112 2851 3368 2920 appellati
3413 2852 3615 2904 fuerint

2013 2961 2031 2994 ι
2071 2945 2380 3013 praepositi»
2416 2935 2620 2997 nullum
2653 2944 2702 2997 iu
2731 2943 2878 2996 libris
2919 2943 3124 2998 Gra-cis
3167 2945 3402 2997 occurrit
3429 2958 3611 2998 exem-

2005 3039 2172 3108 plttm.
2219 3037 2480 3107 Equidem
2523 3037 2592 3092 cl.
2641 3036 2910 3108 Joseplms
2953 3036 3212 3106 Bingltam
3257 3036 3335 3111 (t)
3365 3037 3610 3093 ecclesia:

2005 3133 2311 3202 Anglic-ana:
2363 3132 2594 3202 scriptor
2646 3131 3033 3186 celeberrimus
3079 3131 3272 3184 asserit
3326 3133 3612 3199 episc0pos

371 3225 578 3280 l.Ante
605 3240 766 3295 quam
791 3223 854 3277 ad
879 3225 1022 3296 ipsas
1044 3240 1191 3279 meas
1214 3226 1544 3278 assertiones
1561 3224 1894 3295 progrediar,
1925 3215 1969 3278 C
2005 3228 2055 3282 iu
2087 3226 2324 3280 Ecclesia
2361 3225 2629 3295 primitiva
2663 3225 2957 3279 honoratos
2991 3223 3156 3278 fuisse
3198 3223 3354 3276 titulo
3380 3222 3608 3291 Praepo-

293 3319 564 3388 praunitto
586 3334 649 3372 ex
684 3316 1044 3389 Dupinio(l):
1075 3337 1092 3369 ι
1126 3317 1205 3370 An
1230 3317 1424 3387 aliquis
1457 3317 1589 3372 liber
1619 3316 1898 3373 habendus

291 3411 365 3464 sit
392 3409 784 3479 supposititius,
821 3429 838 3460 ι
877 3409 1009 3462 duas
1046 3418 1250 3462 tantum
1282 3418 1573 3478 sequentes
1605 3408 1817 3478 regulas
1847 3426 1860 3462 :

365 3505 419 3556 2.
454 3502 492 3556 Ι.
539 3501 757 3556 Certum
801 3511 884 3556 est
931 3510 984 3555 et
1029 3501 1281 3556 sufficere
1327 3502 1392 3554 ad
1439 3501 1788 3555 dubitandum
1830 3501 1897 3555 de

289 3611 474 3666 opere,
500 3595 640 3665 quod
680 3595 748 3649 ab
776 3595 1008 3665 antiquis
1035 3611 1139 3649 non
1171 3595 1239 3648 sit
1262 3595 1480 3648 citatum
1509 3638 1521 3659 ,
1552 3595 1778 3664 hincque
1804 3611 1895 3649 ca-

288 3700 529 3744 ractt-res
571 3688 902 3756 antiquitatis
952 3687 1104 3742 valde
1135 3688 1471 3741 authentico.-
1509 3687 1669 3742 debet
1700 3687 1898 3744 habere

287 3792 351 3836 ut
376 3782 444 3836 ab
465 3783 713 3837 omnibus
743 3782 1065 3850 recipiatur:
1099 3797 1232 3834 eum.
1265 3796 1294 3835 e
1338 3781 1609 3834 contrario
1662 3780 1898 3834 minimis

283 3876 614 3944 conjecturis
640 3876 966 3931 contrarium
997 3875 1365 3928 evinceutilms
1383 3889 1483 3927 una
1507 3889 1628 3928 cum
1653 3885 1893 3928 veterum

284 3968 508 4024 silentio
539 3970 722 4038 procul
751 3968 912 4022 dubio
962 3967 1314 4037 snppositium
1357 3965 1656 4020 habendum
1696 3966 1785 4019 sit.

366 4061 419 4114 5.
462 4059 528 4115 Il.
564 4059 645 4113 Fit
673 4075 815 4128 srepe
846 4070 921 4122 ut,
953 4058 1196 4130 quamvis
1228 4073 1561 4128 unaquzeque
1588 4057 1894 4127 conjectura

286 4153 583 4217 separatim
615 4151 952 4206 Considerata
987 4168 1094 4205 non
1127 4151 1370 4205 videatur
1401 4151 1577 4219 magni
1610 4165 1730 4204 esse
1759 4163 1892 4218 pon-

287 4246 456 4309 deris,
484 4259 671 4298 omnes
695 4254 870 4298 tamen
890 4245 1045 4297 simul
1073 4246 1272 4313 junrtie
1299 4243 1674 4298 ccrlitudinem
1705 4259 1890 4313 quam-

286 4339 417 4392 dam
468 4337 721 4392 moralem
771 4336 1022 4391 efficiant.
1082 4336 1318 4405 Reliquae
1365 4335 1567 4406 regula:
1606 4335 1806 4390 criticaa
1841 4335 1892 4388 in

287 4430 528 4485 decursu
555 4429 988 4499 applicabuntur.

893 4536 1204 4577 PROPOSITIO
1244 4538 1276 4575 I.

2003 3321 2227 3377 sitorqu
2257 3319 2359 3391 (2).
2395 3320 2492 3373 Ast
2526 3318 2577 3374 l°
2607 3334 2672 3372 ex
2709 3317 2878 3371 tribus
2921 3317 3107 3386 primis
3147 3316 3359 3370 smculis
3402 3315 3609 3370 nullum

2001 3412 2220 3467 adducit
2247 3422 2556 3476 auctorem,
2602 3409 2704 3464 nisi
2749 3425 2912 3463 unum
2957 3409 3322 3480 Cyprianum,
3372 3407 3464 3478 qui
3507 3407 3610 3463 fuit

2002 3505 2224 3560 Latinus
2255 3505 2306 3560 in
2340 3503 2544 3559 Africa.
2591 3503 2650 3556 2°
2685 3503 2937 3572 Epistolze
2966 3519 3100 3573 quas
3131 3493 3478 3571 Bingltamius
3513 3501 3608 3555 ad-

2001 3599 2148 3653 ducit
2194 3597 2320 3652 mihi
2370 3597 2620 3652 videntur
2667 3597 2724 3651 S.
2773 3595 3041 3668 Cypriane
3085 3597 3248 3650 fuisse
3289 3597 3600 3667 suppusilm.

2003 3691 2210 3745 Titulus
2239 3689 2523 3744 Seniorum
2572 3689 2807 3742 occurrit
2850 3688 2990 3757 apud
3046 3687 3264 3741 Latinos
3317 3689 3368 3742 in
3423 3687 3604 3743 Africa

2001 3785 2288 3852 scriptores
2318 3783 2516 3837 smculo
2545 3797 2638 3848 ιιι,
2669 3781 2805 3851 apud
2833 3780 3220 3836 Tertullianum
3255 3780 3368 3854 (5),
3402 3784 3603 3838 smculo

2003 3890 2074 3942 tv,
2103 3873 2242 3944 apud
2274 3874 2331 3928 S.
2363 3873 2612 3944 Optatum
2645 3874 2728 3944 (4)
2752 3914 2767 3938 ,
2796 3874 2978 3927 seculo
3005 3889 3057 3938 v,
3087 3873 3226 3942 apud
3257 3874 3314 3928 S.
3345 3876 3601 3945 Angusti-

2075 4029 2522 4154 9):}:nggll.5v.01.
2556 4044 2607 4093 ι,
2653 4029 2688 4083 l.
2737 4043 2808 4095 ιι,
2854 4030 2918 4083 de
2955 4019 3258 4094 Antiquitat.
3298 4027 3598 4085 Ecclesiast.

1999 4099 2455 4163 c.2,§l,e15.

2073 4102 2148 4240 ἒ]
2182 4102 2626 4235 ξιιὲἰιξιΒῗιοιμΙιτιιη
2662 4170 2833 4225 innuit
2865 4170 2899 4222 1.
2933 4185 2984 4225 c.
3018 4170 3301 4240 episcopos
3329 4188 3356 4225 a
3391 4171 3598 4228 Latinis

2001 4252 2217 4296 vocatos
2261 4243 2422 4296 fuisse
2468 4241 2759 4305 Praesides;
2800 4256 2919 4294 nam
2963 4241 3322 4294 Tt-rtttllianus
3363 4243 3594 4312 Apolog.

2000 4330 2048 4367 e.
2079 4316 2169 4379 59,
2199 4315 2305 4368 ait:
2346 4313 2630 4366 Pra’sident
2656 4313 2852 4382 probati
2878 4313 3061 4382 quique
3087 4313 3328 4374 seniores.
3355 4317 3597 4368 honorem

1999 4386 2152 4438 istum
2182 4403 2281 4439 non
2314 4386 2505 4454 pretio,
2539 4385 2626 4436 sed
2658 4385 2942 4437 testimonio
2971 4385 3142 4452 adepti
3169 4394 3273 4437 etc.
3310 4387 3408 4440 Ast
3432 4384 3596 4439 simili

2001 4457 2162 4510 modo
2211 4457 2437 4525 probare
2485 4470 2696 4525 possem
2737 4459 3018 4524 episcopos
3061 4456 3427 4525 Antiocltenos
3465 4456 3594 4509 olim

2001 4524 2220 4581 Vocatos
2269 4527 2430 4596 fuisse
2475 4524 2873 4596 gubernatores;
2922 4542 3040 4578 nam
3099 4524 3359 4579 Eusebius
3407 4527 3444 4579 1.
3495 4541 3590 4591 ιιι,

297 4614 432 4669 Vero
464 4615 682 4669 similius
712 4623 783 4667 est
822 4617 957 4684 quod
998 4615 1196 4674 {niuoso
1226 4615 1318 4668 sub
1350 4613 1556 4666 nomine
1598 4612 1896 4668 Firmiliaui

2009 4614 2049 4652 tr.
2095 4598 2166 4650 22
2186 4641 2199 4664 ,
2243 4600 2317 4652 ait
2334 4615 2352 4680 ε
2385 4595 2538 4684 Inter‘
2553 4598 2757 4684 eos_qiii
2789 4596 3072 4684 Antias/tia:
3104 4597 3382 4677 ecclesiam
3411 4597 3594 4668 guber-

365 4710 431 4761 (ιιι
465 4708 523 4763 8.
556 4707 870 4779 Cyprianum
898 4707 1132 4779 Epistola
1161 4726 1261 4762 non
1285 4709 1346 4763 ab
1378 4709 1548 4778 aliqua
1577 4725 1742 4779 grwco
1764 4751 1776 4773 ,
1807 4709 1898 4763 sed

367 4818 397 4853 α
427 4802 586 4854 latino
617 4801 904 4855 tenebrione
933 4801 1088 4867 fuerit
1117 4802 1420 4870 composita.

363 4895 415 4950 4.
444 4893 705 4948 Probatur
731 4894 786 4946 l°
817 4894 1053 4963 Epismla
1079 4893 1190 4946 hwc
1219 4893 1270 4947 in
1300 4894 1550 4947 idiomate
1573 4892 1761 4949 Graeco
1787 4909 1891 4948 non

288 4997 500 5054 exstat;
541 4987 634 5042 sed
677 4987 956 5042 dumtaxat
1001 4989 1165 5042 latine
1207 4985 1386 5041 fuitin
1420 4988 1591 5044 lucem
1636 4990 1893 5059 producta

289 5083 382 5136 diu
426 5094 543 5150 post
587 5093 848 5152 tempora.
894 5083 949 5139 S.
997 5082 1330 5145 Firmiliaui;
1372 5085 1460 5153 qui
1501 5099 1630 5154 ergo
1659 5085 1888 5150 asserit,

288 5178 375 5231 vel
416 5177 622 5240 credit.
661 5192 780 5232 eam
817 5177 1151 5246 originaliter
1193 5177 1356 5232 fuisse
1395 5176 1672 5240 Grecam,
1705 5187 1892 5246 peccat

286 5281 474 5325 contra
507 5271 826 5341 principium
857 5270 1174 5326 sufficientis
1200 5271 1459 5336 rationis;
1490 5272 1589 5326 nisi
1617 5281 1890 5325 moiuenta

365 5385 446 5458 (I)
487 5387 540 5441 lu
585 5387 798 5441 Praefat.
831 5387 895 5439 ad
925 5402 1076 5439 suam
1110 5401 1300 5440 novam
1334 5386 1732 5458 bibliothecam.
1765 5384 1890 5458 Ideo

284 5455 446 5512 citavi
488 5459 798 5528 Dupinium,
833 5458 952 5522 quia
990 5459 1033 5510 is
1065 5457 1299 5509 famosus
1330 5457 1549 5528 criticus
1576 5455 1887 5528 AEpismlam

280 5530 356 5582 de
387 5546 487 5597 qua
531 5525 739 5594 agimus
780 5531 944 5581 refert
976 5536 1031 5581 ut
1057 5529 1342 5597 genuinam
1377 5529 1426 5580 in
1465 5527 1523 5579 V.
1559 5525 1885 5593 Cyprianus;

278 5602 528 5653 addens:
565 5602 766 5653 nullum
812 5610 1018 5668 poterat
1061 5599 1360 5668 Cyprianus
1398 5613 1618 5665 sperare
1659 5612 1882 5662 reSpon-

276 5686 406 5723 sum
456 5671 554 5724 sibi
601 5667 886 5740 gloriosius
931 5686 996 5723 eo
1035 5668 1178 5733 quod
1220 5685 1246 5718 a
1289 5667 1604 5722 Firmiliano
1643 5668 1880 5740 accepit;

274 5738 636 5798 Firmilianus
660 5743 803 5797 enim
829 5749 1012 5810 aperte
1040 5740 1256 5792 damnat
1277 5781 1291 5802 ,
1316 5739 1571 5810 verbisque
1595 5739 1720 5795 satis
1745 5738 1886 5792 duris

272 5811 546 5880 Stephani
573 5829 722 5883 papa:
747 5809 914 5866 actum
937 5854 950 5874 ,
980 5810 1291 5880 Cyprianum
1319 5809 1513 5864 laudat.

2002 4679 2230 4736 narunt,
2265 4669 2460 4738 primus
2493 4667 2716 4721 Evodius
2736 4710 2749 4729 ,
2781 4668 2909 4738 alter
2942 4666 3195 4737 Ignatius.

2073 4740 2150 4810 (5)
2188 4737 2316 4812 \jde
2343 4751 2521 4812 notam
2547 4739 2642 4812 (5)_
2657 4737 3070 4812 praecedentem.

2072 4808 2152 4884 (4⁷)
2196 4811 2374 4881 Optat.
2410 4811 2446 4864 Ι.
2477 4827 2528 4884 ι..
2559 4808 2720 4884 refert
2742 4808 3079 4884 _Meusurium
3113 4809 3424 4880 episeOpnm
3454 4808 3590 4866 Car-

2003 4881 2370 4951 thaginensem
2393 4924 2406 4943 ,
2443 4881 2530 4934 ubi
2562 4881 2844 4934 ecclesiam
2877 4894 3025 4932 suam
3060 4888 3301 4947 tempore
3334 4898 3588 4950 persecu-

2001 4955 2160 5007 tionis
2194 4951 2534 5007 ltiocletianae
2565 4952 2867 5019 relinquere
2896 4961 3113 5003 coaetus
3156 4951 3351 5018 fuerit,
3400 4961 3454 5005 et
3498 4967 3590 5007 ec-

1997 5025 2177 5078 clesia:
2223 5033 2535 5079 ornamenta
2575 5032 2630 5075 et
2670 5037 2795 5075 vasa
2839 5022 3073 5087 ﬁdelibus
3111 5021 3393 5075 senioribus
3432 5036 3586 5076 com-

1997 5094 2301 5148 mendassm
2357 5093 2437 5148 Ad
2484 5094 2682 5146 calcem
2729 5107 2950 5159 opertnu
3094 5091 3271 5161 Optuti
3321 5093 3586 5148 habentur

1995 5167 2235 5230 epistolae
2265 5167 2316 5218 in
2347 5164 2539 5233 quibus
2569 5165 2793 5232 legitur:
2829 5163 3014 5216 Omnes
3040 5179 3124 5216 vos
3151 5164 3407 5232 epismpi,
3440 5181 3583 5226 pres-

1995 5237 2157 5306 byteri
2176 5278 2188 5298 ,
2219 5237 2454 5299 diaconi,
2487 5244 2532 5286 et
2558 5235 2780 5306 seniores
2800 5234 2955 5286 scitis.
2985 5234 3229 5306 Adltibete
3252 5234 3582 5306 conciericos,

1993 5303 2042 5359 ei
2069 5308 2288 5360 seniores
2321 5307 2478 5375 plebis
2507 5304 2867 5375 ecclesiasticos
2895 5306 3049 5375 viros.
3081 5303 3290 5358 Clericis
3319 5314 3365 5358 et
3396 5304 3583 5359 Senio-

1993 5379 2132 5432 ribus
2177 5374 2517 5430 Cirtltensium
2552 5417 2563 5430 .
2600 5415 2614 5428 .
2648 5416 2660 5429 .
2688 5374 2923 5446 salutent.
2964 5374 3052 5446 lbi
3103 5390 3234 5446 ergo
3245 5445 3253 5446 ί
3283 5375 3585 5446 presbyteri

1995 5449 2395 5518 distinguuntur
2421 5465 2446 5498 a
2479 5445 3101 5518 senioribus.__Equidcm
3136 5447 3185 5518 iu
3222 5445 3457 5518 Epistula
3488 5447 3578 5512 l3,

1995 5512 2050 5573 Β.
2080 5512 2385 5588 Ηιιῖῐοιιξιιιὶ
2409 5517 2474 5570 ad
2499 5518 2772 5570 Rusticum
2797 5515 3030 5588 Narbon.
3053 5516 3266 5570 dicitur:
3294 5517 3479 5570 Sextus
3501 5534 3582 5570 se-

1993 5591 2220 5650 niorum,
2251 5585 2376 5642 ordo
2404 5598 2474 5641 est
2499 5589 2583 5654 qui
2615 5585 2974 5658 Sacerdotibus
3005 5588 3176 5658 datur,
3202 5588 3285 5649 qui
3309 5589 3585 5658 presbyteri

1993 5662 2251 5716 dicuntur.
2271 5661 2357 5730 qui
2376 5670 2597 5730 prresunt
2621 5657 2860 5730 Ecclesite
2879 5655 2971 5708 Dei
3000 5657 3197 5711 Verum
3225 5655 3367 5711 illam
3391 5655 3588 5727 episto-

1991 5733 2095 5786 lam
2130 5732 2185 5787 S.
2220 5727 2903 5802 llterottymo-fuissefalse
2932 5730 3288 5802 adscriptam,
3317 5731 3424 5802 jam
3456 5730 3584 5782 olim

1992 5803 2189 5857 sareulo
2217 5818 2302 5858 xvi
2326 5847 2338 5868 ,
2372 5799 2602 5858 advertit
2633 5800 2898 5855 Marianos
2932 5799 3234 5856 Victorianus
3268 5801 3548 5854 Reatinus.
