4116 6258
523 321 663 377 1563

520 534 751 589 ticarum
781 544 876 600 per
899 528 1152 584 Seniorcs
1177 526 1426 581 denotata
1452 523 1631 588 fuerit,
1648 523 1938 578 obscurum
1967 521 2125 576 valde

524 636 642 692 est;
690 621 1132 679 obscurissimum
1190 620 1405 690 quinam
1462 617 1688 672 fuissent
1740 616 2124 685 illiPraapositi

523 727 581 773 et
598 715 850 772 Seniores
879 712 1018 781 apud
1050 712 1294 775 Graecos,
1324 710 1413 781 qui
1446 708 1497 764 in
1528 707 1867 780 Cappadocra
1898 707 2127 777 singulis

523 806 684 861 annis
723 802 1029 859 necessario
1056 802 1343 855 convenire
1372 799 1683 853 debuissent
1722 798 1922 852 swculo
1949 813 2037 863 ιιι,
2073 806 2129 851 ιιι

522 896 593 953 de
624 897 785 951 rebus
814 894 1199 950 ecclesiasticis
1227 891 1614 947 deliberarent.

603 991 655 1043 6.
689 987 807 1042 Dixi
839 988 894 1041 n°
918 989 969 1055 4,
988 1002 1107 1041 eam
1131 1002 1157 1039 a
1181 984 1411 1055 quodam
1437 982 1753 1038 tenebrione
1775 980 1963 1036 Latino
1985 996 2129 1036 com-

527 1082 778 1153 positam.
825 1078 1067 1135 Ulterius
1106 1093 1303 1132 censeo
1342 1092 1458 1130 eam
1500 1076 1665 1129 fuisse
1707 1076 2061 1145 compositam
2102 1089 2130 1128 a

532 1175 723 1230 Latino
754 1172 1089 1240 anabaptista
1122 1169 1407 1233 Africano;
1457 1183 1589 1222 mea:
1628 1168 1867 1221 rationes
1904 1166 2131 1234 sparsim

532 1267 791 1338 patebunt
818 1264 1091 1332 signanter
1117 1278 1145 1315 a
1176 1262 1233 1315 n°
1264 1261 1353 1316 75.
1384 1260 1554 1315 Porro
1582 1267 1829 1314 auctores
1855 1261 1940 1323 qui
1970 1260 2132 1313 fatain

532 1357 849 1427 epistolam,
883 1366 939 1409 ut
968 1355 1169 1424 prolem
1201 1353 1443 1407 Gr:rcam
1464 1396 1478 1418 ,
1512 1360 1857 1416 venerantur,
1889 1352 1933 1405 si
1965 1351 2133 1404 inter-

533 1451 703 1520 rogati
733 1448 959 1512 fuerint,
988 1447 1107 1517 quis
1135 1461 1252 1500 eam
1283 1461 1349 1499 ex
1377 1444 1566 1499 Graeco
1595 1439 1926 1497 transtulerit
1952 1442 2001 1495 in
2032 1440 2135 1493 lin-

534 1557 693 1612 guam
728 1539 1007 1594 Latinam?
1039 1539 1123 1593 vel
1157 1553 1263 1607 quo
1294 1536 1493 1591 sarculo
1526 1535 1785 1590 translata
1818 1531 2013 1588 fuerit?
2054 1533 2137 1587 vel

536 1635 592 1688 iu
624 1634 817 1703 quibus
848 1632 1092 1687 ecclesiis
1124 1630 1286 1686 fuerit
1316 1629 1443 1684 olim
1478 1628 1735 1699 recepta?
1764 1638 1854 1682 aut
1884 1642 1912 1680 a
1944 1626 2139 1698 quibus

537 1726 894 1796 scriptoribus
940 1726 1203 1795 antiquis,
1253 1724 1486 1789 coaevis,
1532 1722 1611 1778 vel
1660 1723 1901 1793 proxime
1945 1724 2140 1777 coxevis

1917 308 2371 367 DISSERT.\'IIO
2413 310 2450 373 I,

524 451 654 493 num
687 434 791 505 (ὅ).
826 434 922 489 Ast
954 445 1201 501 quamam
1234 430 1423 485 classis
1447 443 1800 499 personarum
1827 426 2128 483 Ecclesias-
2160 439 2207 499 Α

3702 308 3852 363 1364

2311 426 2399 481 10.
2451 422 2768 480 Nullatcnus
2831 422 3091 479 satisfacit
3143 424 3413 481 distinctio
3472 424 3711 480 Pamelii
3766 426 3849 494 (ι)

2232 518 2524 572 asserentis
2552 516 2879 587 Cyprianum
2922 526 3043 571 ante
3087 518 3496 573 conversionem
3525 532 3687 573 suam
3715 516 3849 573 fuis-

2227 627 2285 667 se
2340 610 2880 680 eloquentissimum;
2928 620 3047 679 post
3098 610 3506 665 conversionem
3560 626 3700 664 vero
3732 627 3845 679 prae

2230 703 2526 758 humilitate
2567 703 2619 757 in
2658 703 2905 774 plurimis
2934 703 3043 757 suis
3082 702 3334 773 operibus
3378 704 3611 774 elegisse
3639 705 3839 775 stylum

2232 795 2487 850 humilem
2533 804 2587 849 et
2624 796 2990 859 submissum;
3038 794 3173 861 hanc,
3222 796 3472 863 inquam,
3528 795 3842 851 nullatenus

2233 888 2509 943 satisfacil.
2529 886 2663 941 Nam
2684 888 2735 941 l°
2752 888 2911 941 talem
2932 887 3289 943 humilitatem
3304 900 3518 965 veteres
3532 899 3589 943 ut
3603 888 3841 944 Lactan-

2236 980 2341 1035 tius
2379 990 2433 1034 ct
2474 980 2829 1051 Hieronymus
2852 1021 2866 1043 ,
2893 995 2997 1033 non
3027 980 3349 1035 adnotarunt
3372 983 3421 1034 in
3448 980 3728 1052 Cypriano
3755 984 3841 1051 qui

2239 1082 2419 1127 tamen
2469 1074 2654 1143 utique
2693 1072 2758 1127 de
2808 1072 3089 1139 mirandis,
3138 1090 3256 1144 qua:
3312 1074 3367 1129 S.
3398 1072 3711 1145 Cyprianus
3734 1077 3844 1144 jam

2238 1166 2341 1221 ﬁde
2390 1166 2623 1219 imbutus
2678 1167 3040 1235 conscripsit,
3090 1166 3345 1235 Operibus
3396 1167 3735 1235 judicarunt.
3786 1170 3842 1221 Ξ³

2238 1260 2547 1315 Istiusmodi
2599 1260 2877 1315 humilitas
2924 1260 2975 1313 in
3034 1259 3257 1315 doctore
3314 1261 3692 1315 ecclesiastico
3719 1261 3844 1315 fuis-

2240 1364 2323 1410 set
2377 1355 2532 1408 valde
2587 1354 2892 1423 singularis,
2949 1365 3001 1408 et
3062 1354 3242 1408 nescio
3293 1369 3359 1408 an
3392 1354 3669 1409 laudanda
3712 1354 3844 1409 fuis.

2242 1458 2353 1513 set;
2427 1448 2619 1517 reliqui
2667 1448 2763 1503 SS.
2814 1459 2991 1518 patres
3052 1447 3393 1515 Ambrosius,
3456 1448 3847 1521 Hieronymus,

2243 1541 2469 1596 Basilius
2521 1556 2743 1612 magnus
2802 1551 2911 1598 etc.
2971 1556 3087 1595 eam
3135 1542 3325 1595 imita:i
3389 1556 3495 1595 non
3563 1540 3745 1597 fuere.
3798 1544 3850 1597 3“

2244 1634 2385 1689 Sane
2410 1642 2464 1689 et
2502 1635 2613 1703 ipse
2642 1634 2697 1689 S.
2731 1633 3031 1703 Cyprianus
3059 1633 3242 1689 rhetor
3273 1634 3695 1690 facundissimus
3726 1647 3845 1705 post

2244 1733 2646 1782 conversionem
2699 1728 2864 1781 multa
2907 1728 3243 1797 conscripsit,
3300 1742 3406 1781 non
3452 1726 3639 1781 solum
3685 1742 3851 1783 sensu

538 1821 703 1876 fuerit
731 1820 958 1889 primum
987 1817 1154 1872 relata
1173 1860 1187 1883 ,
1216 1817 1303 1871 vel
1330 1815 1547 1885 agnita?
1574 1814 1699 1885 quid
1729 1814 1887 1868 solidi
1916 1830 2139 1885 respon-
2172 1835 2219 1893 Β
2245 1820 2583 1890 gravissima,
2615 1819 2708 1874 sed
2745 1829 2800 1874 et
2824 1819 3006 1874 verbis
3033 1818 3372 1873 ornatissima
3402 1834 3419 1883 ;
3457 1820 3712 1888 exemplo
3755 1821 3863 1874 sint

541 1916 737 1979 deant,
773 1929 878 1967 non
909 1914 1200 1967 invenient.

618 2008 670 2061 7.
717 2005 926 2060 Caveus
956 2006 1031 2059 ait
1063 2004 1178 2076 (t);
1213 2004 1512 2059 Firmiliani
1544 2002 1783 2073 Epistola
1814 2017 1841 2055 a
1876 2002 2146 2074 Cypriane

546 2100 700 2169 cujus
728 2097 923 2169 stylum
958 2098 1117 2167 plane
1147 2098 1317 2167 sapit,
1354 2096 1541 2151 Latine
1563 2137 1577 2162 ,
1622 2106 1677 2150 ut
1719 2096 1949 2162 videtur,
1994 2112 2147 2152 versa

547 2201 649 2246 est.
680 2191 826 2245 Idem
857 2205 922 2245 ex
956 2188 1245 2245 Catholicis
1266 2190 1376 2260 jam
1407 2189 1535 2243 olim
1568 2189 1818 2259 opinatus
1850 2189 2024 2245 fuerat
2051 2188 2151 2244 Pa-

546 2284 742 2340 melius
773 2282 875 2357 (:2).

622 2378 674 2429 8.
720 2376 822 2429 Ast
864 2374 917 2429 1⁰
961 2372 1005 2427 si
1052 2372 1290 2443 Epistula
1337 2372 1636 2426 Firmiliani
1678 2371 1878 2427 saeculo
1923 2388 2013 2439 tu,
2042 2372 2152 2441 jam

551 2466 874 2523 innotuisset
903 2464 1064 2519 latina
1085 2507 1099 2531 ,
1131 2463 1404 2534 quomodo
1436 2464 1550 2519 fieri
1580 2464 1749 2534 potuit
1782 2472 1838 2517 ut
1866 2479 2155 2533 numquam

551 2561 619 2615 ab
641 2556 953 2614 auctoribus
979 2554 1161 2611 sarculi
1185 2572 1271 2623 ut,
1296 2572 1366 2621 tv,
1394 2564 1448 2609 et
1472 2571 1521 2623 v,
1552 2554 1711 2610 fuerit
1738 2555 1932 2609 citata?
1960 2555 2156 2610 Verum

554 2650 623 2706 de
647 2650 747 2704 hoc
772 2649 923 2719 plura
949 2650 1000 2703 in
1028 2662 1333 2717 progressu.
1352 2646 1409 2699 ﬁ"
1428 2644 1482 2701 Si
1503 2645 1741 2716 Epistola
1765 2646 1961 2717 stylum
1985 2646 2159 2716 sapiat

554 2741 845 2813 Cypriani;
880 2756 1007 2811 ergo
1040 2739 1219 2810 prodit
1254 2740 1479 2808 primam
1508 2740 1589 2793 sui
1613 2740 1877 2810 originem
1905 2740 2065 2795 fuisse
2094 2740 2161 2793 Ia-

556 2832 879 2900 tinam,nam
896 2832 1195 2902 Cyprianus
1215 2830 1313 2885 fuit
1335 2832 1612 2886 latinus.5.
1635 2831 1991 2885 Admittamus
2010 2847 2161 2886 eum-

559 2930 681 2985 dem
718 2940 991 2985 auctorem
1012 2929 1102 2999 qui
1126 2928 1381 2997 epistolas
1402 2927 1916 2998 vulgoCyprianicis
1940 2927 2163 2982 fabrica-

560 3032 648 3077 tus
664 3033 766 3089 est,
787 3024 1155 3092 Composuisse
1172 3036 1381 3091 qquue
1400 3021 1692 3089 Epistolam
1710 3019 2159 3087 Firmilianicam;

560 3117 685 3186 quia
725 3119 776 3170 in
819 3128 1057 3184 utrisque
1083 3116 1255 3186 stylus
1282 3126 1362 3171 est
1388 3117 1605 3169 omnino
1631 3116 1790 3181 idem,
1811 3116 1909 3170 nisi
1939 3116 2078 3186 quod
2111 3117 2161 3170 in

2248 1913 2469 1983 epistola
2499 1912 2557 1967 S.
2588 1910 2838 1983 Cypriani
2879 1911 2946 1966 ad
2988 1910 3275 1977 Donatum,
3317 1926 3474 1964 suum
3507 1911 3641 1965 olim
3672 1912 3729 1965 in
3756 1911 3858 1965 Ba-

2249 2008 2502 2077 ptismate
2546 2005 2887 2076 suspicienda
2924 2007 3168 2059 socium:
3200 2003 3441 2073 Epistola
3490 2003 3551 2058 S.
3596 2002 3860 2075 Cypriani

2253 2099 2320 2153 ad
2363 2110 2627 2171 martyres
2653 2096 2756 2171 ('2).
2792 2100 2872 2151 An
2923 2096 3126 2162 forsan,
3171 2095 3295 2151 dum
3329 2096 3427 2151 has
3465 2096 3698 2166 scripsit,
3744 2112 3862 2151 sua:

2257 2191 2573 2246 humilitatis
2598 2189 2915 2244 exercenda:
2944 2188 3113 2245 fuerat
3145 2188 3380 2243 oblitus?

2330 2286 2418 2340 Ii.
2474 2284 2817 2340 Bollandista:
2872 2282 2953 2356 (ὅ)
3004 2283 3295 2354 Epistolam
3352 2282 3661 2349 fFirmiliaui
3727 2298 3858 2353 sup-

2259 2386 2465 2449 ponunt
2490 2376 2891 2440 authenticam;
2922 2376 3018 2431 sed
3074 2385 3249 2430 tamen
3276 2391 3393 2430 eam
3439 2390 3471 2430 a
3499 2375 3560 2430 8.
3596 2376 3872 2448 Cypriane

2261 2485 2290 2524 e
2320 2484 2498 2540 grtnco
2542 2470 2757 2524 latinam
2799 2468 2993 2524 factam
3048 2482 3167 2523 esse
3214 2474 3430 2538 negant,
3483 2469 3613 2537 quia
3642 2482 3751 2522 non
3788 2477 3877 2524 est

2262 2560 2568 2616 verosimile
2614 2562 2666 2613 ιο
2700 2559 2841 2630 quod
2883 2559 2941 2613 8.
2988 2556 3290 2630 Cyprianus
3321 2574 3548 2629 operam
3580 2573 3745 2613 suam
3770 2562 3871 2612 im-

2264 2653 2499 2725 pendere
2527 2653 2755 2707 voluerit
2783 2662 2837 2705 ut
2866 2652 2987 2705 irati
3036 2651 3333 2706 Firmiliani
3373 2653 3425 2705 in
3450 2650 3509 2707 S.
3538 2650 3869 2721 Stephanum

2264 2764 2457 2818 papam
2507 2745 2746 2801 convicia
2804 2746 2968 2800 latine
2996 2745 3201 2801 reddita
3242 2755 3632 2815 spargerentur
3672 2746 3871 2809 latius;

2264 2840 2321 2893 2°
2370 2840 2509 2909 quod
2544 2841 2810 2909 interpres
2856 2839 3015 2893 fuerit
3050 2838 3289 2910 epistola:
3342 2840 3390 2892 in
3444 2854 3549 2909 qua
3599 2850 3877 2910 tamquam

2266 2950 2330 2988 ex
2362 2933 2521 3001 hujus
2566 2942 2746 2987 mente
2794 2947 2855 2986 ac
2900 2933 3168 2986 sententia
3211 2942 3435 3001 negatur
3484 2932 3875 3000 Apostolorum

2270 3029 2599 3097 temporibus
2645 3027 2927 3081 hmreticos
2977 3026 3218 3080 extitisse
3262 3024 3411 3095 (vide
3439 3026 3662 3081 dicenda
3714 3044 3867 3081 num.

2268 3120 2383 3190 '57),
2418 3134 2537 3173 cum
2568 3120 2681 3189 ipse
2734 3120 2784 3172 in
2828 3118 3050 3187 epistola
3080 3117 3145 3171 ad
3192 3116 3505 3186 Pompeium
3536 3118 3871 3172 contrarium

561 3211 923 3268 Firmilianica
952 3226 1044 3267 seu
1073 3212 1255 3265 ultima
1287 3222 1506 3266 cunctas
1532 3226 1664 3280 quas
1697 3212 1777 3265 vel
1802 3226 1981 3264 scurra
2015 3212 2162 3265 inve-
2192 3226 2236 3288 ρ
2270 3211 2610 3277 asseruisset,
2646 3220 2961 3280 tantumque
2984 3210 3207 3263 dixisset
3238 3218 3422 3279 postea
3448 3210 3608 3264 etiam
3634 3211 3880 3265 acriores

563 3306 681 3356 nire
701 3302 896 3371 potuit,
914 3301 1262 3355 contumelias
1284 3301 1453 3368 plenis
1474 3301 1653 3353 buccis
1667 3303 2163 3355 evomueritcontra

569 3395 632 3447 8.
658 3393 994 3461 Stephanum
1022 3408 1229 3462 papam.
1248 3391 1313 3444 At
1335 3407 1459 3445 vero
1485 3392 1830 3460 epistolarum
1850 3436 1863 3459 ,
1888 3394 2043 3461 vulgo
2064 3392 2167 3463 Cy-

567 3486 929 3555 prianicarum
958 3494 1145 3537 auctor
1174 3500 1277 3536 non
1305 3494 1382 3537 est
1413 3481 1450 3538 S
1506 3483 1878 3549 Firmilianus;
1912 3501 2039 3556 ergo
2069 3501 2167 3540 nec

568 3579 613 3632 is
641 3586 723 3631 est
749 3587 932 3630 auctor
957 3575 1194 3644 epistolae
1221 3575 1383 3645 vulgo
1414 3574 1790 3629 Firmilianicm
1819 3576 1922 3646 (5).
1949 3580 2001 3631 4.
2026 3576 2167 3631 Lati-

568 3672 709 3728 nitas
737 3680 787 3725 ct
815 3672 983 3743 slylus
1011 3669 1145 3723 adeo
1170 3668 1332 3741 (quod
1359 3671 1558 3740 patebit
1586 3671 1875 3743 relegenti)
1904 3673 2167 3741 subsidet,

569 3772 630 3818 ut
660 3763 726 3817 sit
757 3762 813 3817 S.
845 3760 1132 3834 Cypriano,
1163 3778 1257 3817 seu
1292 3772 1540 3826 auctore,
1576 3777 1669 3816 seu
1700 3764 1990 3834 interprete
2020 3780 2169 3835 pror-

568 3876 665 3919 sus
694 3860 959 3930 indignus.

646 3953 700 4009 9.
732 3951 1059 4015 Lactantius,
1088 3952 1175 4021 qui
1205 3952 1303 4006 sub
1335 3952 1493 4006 finem
1530 3953 1709 4008 smculi
1744 3969 1797 4007 ιιι
1829 3954 1938 4023 jam
1966 3953 2170 4020 floruit,

576 4048 647 4104 de
686 4047 742 4102 8.
776 4046 1045 4118 Cypriane
1086 4044 1251 4100 refert
1278 4045 1355 4116 (4)
1389 4065 1400 4099 :
1435 4064 1453 4096 ι
1488 4044 1789 4100 Admodum
1833 4047 2000 4102 multa
2039 4062 2173 4101 con-

574 4140 794 4209 scripsit
822 4141 873 4193 in
900 4154 1097 4209 genere
1123 4155 1221 4193 suo
1250 4138 1544 4192 miranda.
1567 4179 1579 4192 .
1603 4151 1745 4193 .erat
1770 4138 1985 4210 ingenio
2005 4138 2173 4208 facili,

579 4247 824 4301 copioso,
858 4232 1042 4305 suavi;
1077 4241 1130 4285 et
1158 4229 1298 4302 (quae
1324 4232 1589 4285 sermonis
1617 4239 1698 4285 est
1727 4233 1957 4286 maxima
1986 4234 2175 4301 virtus)

582 4334 795 4395 aperto,
828 4333 889 4379 ut
916 4324 1225 4379 discernere
1257 4340 1489 4393 nequeas
1519 4337 1696 4380 utrum
1728 4328 1969 4381 ornatior
1999 4328 2050 4381 in
2095 4327 2175 4382 lo-

582 4418 827 4487 quendo,
881 4434 949 4471 an
992 4417 1201 4471 facilior
1240 4418 1291 4470 in
1331 4417 1674 4484 explicando,
1712 4433 1779 4471 an
1822 4419 2092 4488 potentior
2129 4420 2179 4474 in

580 4510 961 4581 persuadendo
988 4510 1269 4581 quisquam
1306 4510 1481 4565 fuerit.
1526 4530 1543 4562 ι
1578 4512 1833 4566 Similiter
1876 4514 2075 4569 smculo
2104 4530 2174 4581 tv,

581 4605 643 4659 8.
686 4604 1047 4675 Hieronymus
1083 4602 1161 4674 (5)
1206 4603 1261 4657 S.
1291 4600 1617 4674 Cyprianum
1657 4603 1952 4660 celebravit
1983 4616 2037 4659 ut
2065 4607 2181 4661 elo-

584 4698 1033 4767 quentissimum;
1081 4706 1136 4751 et
1174 4695 1300 4750 alibi
1340 4695 1421 4766 (6)
1466 4696 1569 4750 ait:
1601 4714 1619 4747 ι
1647 4696 1841 4750 Beatus
1886 4697 2187 4768 Cyprianus

584 4790 759 4843 instar
791 4788 951 4842 fontis
983 4789 1253 4857 purissirui
1286 4787 1458 4843 dulcis
1486 4787 1685 4841 incedit
1716 4789 2063 4860 eﬁplacidus.
2093 4811 2109 4842 ι

770 4900 828 4957 8.
877 4900 1161 4972 Augustin.
1207 4902 1308 4969 Ep.
1340 4904 1491 4973 7157:
1534 4902 1713 4967 (Ilero,
1760 4902 2096 4968 Senioribus,
2141 4914 2189 4960 et

588 4972 838 5028 universa:
888 4974 1021 5041 plebi
1050 4973 1296 5028 Ecclesiw
1328 4972 1675 5043 Hipponensis
1706 4974 1941 5028 salutem.
1980 4975 2185 5031 Videsis

588 5045 852 5115 Bingham
884 5044 997 5117 1.71,
1042 5060 1090 5100 c.
1127 5045 1227 5109 I9,
1275 5044 1302 5114 §
1336 5045 1399 5099 19
1422 5085 1435 5108 ,
1469 5045 1556 5099 ubi
1595 5046 1794 5100 sreculo
1836 5063 1885 5111 v,
1928 5048 2182 5117 praicipui

584 5118 729 5172 inter
751 5116 1053 5171 Donatistas
1079 5127 1336 5170 vocantur
1357 5117 1648 5185 pl'wposiii.

698 5189 747 5255 Ι)
780 5189 917 5243 Cave
949 5190 999 5242 in
1032 5186 1262 5241 Historia
1291 5188 1557 5244 litterario.
1594 5188 1655 5242 V.
1681 5186 2039 5243 Firmilianns.

698 5189 747 5255 Ι)
780 5189 917 5243 Cave
949 5190 999 5242 in
1032 5188 1262 5241 Historia
1291 5188 1557 5244 litterario.
1594 5188 1623 5242 ι

660 5188 742 5329 i2)
778 5259 980 5314 I’atnel.
1012 5259 1063 5312 in
1092 5258 1228 5312 Vita.
1265 5258 1327 5315 S.
1357 5256 1623 5329 Cypriani.

663 5328 742 5402 (5)
779 5331 889 5404 Dici
938 5343 1113 5404 tamen
1144 5340 1345 5404 posset,
1370 5328 1527 5404 quod
1572 5346 1829 5404 sequaces
1875 5348 2064 5388 eorum
2090 5334 2180 5404 qui

590 5399 876 5456 nonnullas
929 5402 1182 5467 epistolas
1220 5399 1566 5474 Cyprianicas
1600 5399 1706 5474 vel
1760 5399 2179 5474 supposuerunt,

588 5474 676 5549 vel
702 5479 1075 5549 corruperunt,
1106 5482 1286 5549 postea
1309 5472 1400 5549 (ob
1422 5472 1645 5549 dicenda
1675 5472 1964 5548 nnm.78.)
1990 5492 2057 5531 ex
2083 5472 2187 5549 cy.

590 5545 842 5612 prianieis
871 5541 1290 5610 composuerint
1335 5542 1780 5610 Firmilianicam;
1833 5541 1954 5601 uani
2000 5548 2053 5601 in
2087 5541 2216 5603 hac°

592 5614 794 5690 ewdem
820 5613 1082 5690 phrases._
1110 5614 1190 5690 vel
1222 5614 1536 5669 barbarismi
1567 5628 1851 5671 recurrunt
1874 5621 1962 5689 qui
1981 5620 2033 5673 in
2063 5621 2184 5690 qui-

590 5682 812 5754 busdam
825 5682 1186 5754 Cyprianicis.

666 5754 745 5822 (4)
774 5752 1017 5830 Lactant.
1041 5756 1090 5805 in
1113 5753 1326 5830 In’rzef‘at.
1347 5752 1382 5830 I_.
1402 5756 1777 5830 v._de_[_nstitnt.
1800 5758 1968 5830 Relig.
1991 5760 2184 5817 Christ.

666 5830 745 5885 to)
780 5824 1089 5887 llieronym.
1133 5824 1183 5873 in
1223 5822 1394 5875 Calai.
1430 5826 1493 5874 de
1531 5824 1638 5879 Vir.
1670 5826 1873 5883 llluatr.

588 5887 609 5947 ι
664 5886 850 5955 (6)1d.
893 5889 947 5941 in
986 5888 1088 5954 Ep.
1108 5890 1185 5955 ad
1213 5890 1512 5945 Paulinum.

2268 3319 2424 3373 quam
2472 3318 2607 3374 quos
2655 3303 2894 3372 Apostoli
2946 3301 3287 3364 damnarunt,
3340 3302 3657 3370 prorupisse.
3740 3301 3885 3366 Quis

2271 3407 2451 3451 autem
2482 3396 2640 3450 fatam
2665 3395 2957 3466 Epistolam
3010 3394 3271 3449 latinitate
3296 3392 3578 3456 donaverit,
3609 3392 3885 3448 divinare

2273 3492 2386 3543 ausi
2422 3506 2523 3543 non
2554 3500 2696 3542 sunt.

2352 3584 2435 3639 1%.
2473 3584 2732 3639 Omnilms
2788 3582 2889 3636 rite
2945 3581 3222 3650 perpensis
3273 3588 3496 3633 restaret
3536 3577 3840 3631 dicendum
3870 3623 3886 3647 ,

2276 3678 2570 3749 Epistulam
2620 3675 3032 3729 Firmilianicam
3084 3689 3189 3727 non
3241 3687 3271 3725 a
3321 3672 3376 3725 S.
3437 3670 3735 3740 Cypriano,
3785 3670 3896 3724 sed

2275 3768 2507 3839 quodam
2551 3768 2731 3837 ignoto
2760 3766 2978 3820 homine
3005 3765 3104 3819 sub
3153 3772 3305 3820 veste
3356 3764 3514 3818 latina
3566 3763 3895 3832 productam

2276 3860 2463 3915 fuisse.
2515 3860 2618 3915 Sed
2678 3876 2784 3929 quo
2835 3858 3111 3928 tempore?
3154 3857 3285 3925 Quis
3332 3857 3535 3926 primus
3581 3871 3704 3909 eam
3761 3871 3903 3925 pro-

2279 3952 2433 4006 tulit?
2479 3952 2649 4020 Quam
2697 3950 2870 4005 Grteci
2910 3951 3178 4017 nesciunt,
3224 3948 3397 4002 Latini
3441 3947 3674 4017 antiqui,
3726 3956 3783 4001 ut
3833 3948 3901 4003 S.

2278 4045 2501 4116 Optatus
2556 4044 2913 4109 Milevitanus,
2964 4042 3342 4114 Hieronymus,
3392 4041 3728 4112 Augustinus
3779 4053 3896 4096 etc.

2282 4142 2629 4214 ignorarunt?
2674 4141 2842 4194 Immo
2876 4140 2926 4193 in
2960 4139 3286 4195 editionibus
3315 4137 3725 4209 typographicis
3753 4139 3903 4191 auti-

2282 4235 2557 4306 quioribus
2584 4250 2687 4289 non
2728 4234 3027 4304 comparuit
3059 4234 3200 4287 inter
3228 4246 3393 4301 opera
3431 4232 3762 4302 Cyprianica
3787 4232 3906 4301 (Δ).

2282 4329 2535 4384 Morellus
2564 4338 2644 4383 est
2676 4328 2897 4397 primus,
2941 4328 3031 4397 qui
3064 4342 3184 4383 eam
3226 4326 3442 4382 Parisiis
3471 4326 3769 4395 publicavit
3805 4346 3910 4381 ,ιιι-

2282 4438 2353 4476 no
2382 4421 2538 4476 1564.
2587 4422 2661 4491 (5)
2693 4438 2753 4476 ea
2777 4436 2873 4475 nec
2901 4422 3120 4492 stylum,
3179 4435 3279 4475 nec
3321 4434 3549 4490 graecam
3588 4419 3914 4477 dictionem

2284 4515 2489 4569 redolet
2520 4516 2620 4586 (i3).
2659 4514 3049 4583 lixpedivisset,
3083 4514 3155 4567 ait
3182 4513 3474 4579 Pamelius,
3505 4521 3563 4565 ut
3588 4529 3907 4584 numquam

2209 4619 2261 4678 D
2396 4613 2440 4687 I)
2472 4615 2677 4670 Panicl.
2710 4617 2762 4669 in
2801 4614 2913 4668 Vita
2947 4615 3009 4669 S.
3043 4612 3312 4684 Cypriani.

2363 4616 2443 4759 Σὲ)
2477 4686 3042 4759 Hujus‘fragmentum
3077 4686 3277 4759 )‘idesis

2477 4686 2641 4757 Hujus
2688 4689 3042 4755 fragmentum
3080 4680 3277 4739 videsis
3312 4686 3362 4757 in
3394 4680 3672 4757 breviario
3710 4682 3855 4737 Hom
3894 4728 3913 4751 ,

2292 4752 2591 4814 de'C'omni.
2629 4752 2825 4829 Martyr
2875 4767 3039 4827 temp.
3076 4757 3287 4820 Pasch.,
3320 4756 3355 4809 2
3391 4756 3580 4809 locoin
3606 4752 3641 4805 2
3672 4767 3906 4809 noctur.

2291 4830 2421 4885 Item
2450 4830 2517 4884 de
2548 4831 2755 4882 Comm.
2790 4829 3013 4898 Virgin.,
3041 4829 3076 4881 2
3109 4829 3245 4882 loco.

2368 4902 2446 4977 (ᾖ)
2478 4902 2884 4977 iectaSanctor.
2914 4900 3083 4977 Sept.)
3110 4910 3235 4953 tom.
3266 4914 3343 4965 tv,
3372 4899 3437 4954 ad
3461 4898 3603 4954 diem
3638 4906 3710 4960 14
3742 4906 3916 4977 Sept.

2296 4975 2347 5027 in
2382 4974 2439 5029 S.
2470 4972 2758 5043 Cypriani),
2795 4988 2939 5024 num.
2972 4971 3098 5025 2:29..

2363 5045 2442 5115 (4)
2484 5039 2637 5113 Apud
2684 5042 2972 5115 Mamilium
3015 5057 3118 5095 non
3161 5039 3404 5115 habetur,
3455 5059 3629 5114 neque
3685 5048 3742 5101 in
3787 5054 3919 5105 edi-

2289 5113 2433 5169 tione
2501 5114 2793 5169 Basileensi
2860 5114 2927 5167 de
2988 5126 3127 5165 anno
3184 5113 3379 5177 1558.,
3438 5113 3600 5182 quam
3658 5118 3921 5175 Fermns

2290 5186 2703 5243 Itotterodamus
2744 5201 2885 5239 anno
2916 5184 3052 5239 1519
3100 5200 3165 5240 ex
3211 5184 3381 5240 tribus
3406 5187 3761 5255 editionibus,
3791 5195 3889 5248 lto
3910 5226 3923 5233 ο

2288 5274 2465 5324 mana,
2515 5258 2764 5320 Badiana,
2814 5266 2866 5309 et
2905 5256 3137 5327 quadam
3166 5256 3269 5308 alia
3301 5254 3496 5327 (cujus
3546 5254 3759 5316 nomen
3808 5280 3923 5319 ex-

2288 5330 2449 5401 cidit)
2500 5346 2563 5383 ac
2623 5328 2996 5382 vetustissimis
3044 5326 3319 5382 codicibus
3365 5328 3733 5388 Jemblacensi
3765 5346 3923 5400 etc.,

2288 5402 2588 5456 adornavit.

2361 5472 2441 5543 (5)
2476 5472 2641 5541 Dupin
2666 5468 3079 5543 Bibliotltinom.
3114 5476 3308 5543 tom.‘|,
3340 5470 3489 5543 verbi.
3517 5469 3782 5543 Cyprian.
3814 5480 3926 5533 ubi

2290 5541 2537 5598 reCenset
2574 5544 2835 5597 editiones
2883 5541 2943 5612 t7
2987 5541 3397 5612 typographicas
3433 5541 3751 5600 Moreliiana
3809 5565 3925 5603 vc-

2292 5617 2547 5689 tnstiores
2569 5616 2620 5668 in
2647 5615 2842 5684 quibus
2874 5611 3114 5681 Epistula
3140 5611 3434 5668 Firntiliani
3467 5618 3708 5671 nondum
3736 5635 3923 5689 appa-

2290 5696 2480 5741 ruerit.

2370 5756 2449 5826 (θ)
2487 5756 2797 5826 Opportune
2841 5757 3107 5826 succurrit
3147 5756 3216 5810 cl.
3253 5756 3558 5813 Dumcsnile
3587 5774 3618 5812 e
3653 5760 3929 5816 celeber»

2293 5828 2430 5883 rima
2460 5825 2715 5883 soeietate
2740 5828 2867 5883 Jesu
2910 5825 3011 5881 hoc
3036 5831 3235 5883 semoto
3282 5844 3413 5884 xvut
3459 5830 3510 5881 in
3541 5830 3933 5887 universitate

2299 5901 2741 5968 Argentoratensi
2775 5898 3050 5955 Catholica
3096 5900 3449 5958 cancellarius
3487 5900 3502 5953 Ι
3531 5912 3635 5973 {vn
3664 5900 3742 5956 de
3774 5904 3935 5958 Doc—
