4116 6258
546 325 685 379 1567

1905 307 2352 368 DlSSEH'l‘ATlO
2397 307 2435 373 Ι,

3718 301 3740 352 1
3755 294 3869 351 568

547 452 649 507 set,
716 455 822 494 non
869 439 1058 493 fuisset
1117 435 1408 491 omittenda
1472 452 1500 490 a
1560 435 1616 490 S.
1681 432 2040 501 Hieronymo,
2091 435 2145 482 et
2173 423 2594 489 AFirmilianus
2621 419 2833 476 tandem
2856 418 3088 474 evaserit
3111 427 3232 487 post
3257 415 3316 471 8.
3347 416 3662 488 Dionysium
3711 415 3864 470 cele-

549 536 718 590 multo
745 536 920 588 minus
955 532 1023 586 ab
1057 533 1306 593 Eusebio,
1365 538 1549 600 utpote
1576 529 1664 598 qui
1705 529 1756 581 in
1788 540 1882 580 sua
1912 522 2142 578 Historia

549 630 616 684 de
663 629 947 698 prmcipnis
977 627 1033 682 S.
1084 625 1376 680 Firmiliani
1414 623 1580 693 gestis
1625 621 1908 675 Sollicitam
1951 618 2146 686 saipius

550 731 772 776 renovat
810 719 1144 772 memoriam.
1211 723 1275 770 .-\t
1306 731 1434 770 vero
1467 713 1731 784 prmdictm
1765 711 2015 780 Epistula:
2047 723 2147 762 nec

550 814 928 883 fragmentum,
980 826 1078 864 nec
1125 808 1378 863 iudicium
1420 806 1697 861 n'iiuimum
1747 803 1979 859 occurrit
2005 800 2144 872 apud

545 907 856 962 Eusebium.

624 1001 712 1056 16.
731 999 998 1053 Probatur
1019 999 1097 1054 5°.
1114 998 1170 1052 In
1195 997 1418 1067 epistola
1439 991 1965 1064 pseudo-Firmiliani
1985 989 2150 1044 conti-

550 1104 770 1155 nentur,
803 1091 1046 1163 quanlam
1103 1090 1355 1145 historica
1413 1089 1645 1142 maxime
1698 1083 1972 1139 notabilia.
2004 1082 2140 1152 Eg.

552 1189 605 1242 1.
642 1186 796 1252 Quod
846 1187 896 1238 in
927 1183 1261 1252 Cappadocia
1321 1191 1561 1250 tempore
1610 1177 1902 1232 Firmiliani
1934 1175 2146 1230 daemon

552 1278 902 1348 baptizaverit
929 1276 980 1329 in
1011 1275 1229 1329 nomine
1263 1273 1437 1328 Patris
1463 1283 1517 1326 et
1548 1271 1649 1326 Flii
1682 1281 1733 1324 et
1759 1268 1993 1338 Spiritus
2020 1281 2147 1320 san-

548 1372 642 1434 cti,
669 1369 1060 1424 Eucharistiam
1091 1365 1408 1426 confecerit,
1441 1373 1548 1418 etc.
1581 1373 1637 1416 ut
1664 1378 1692 1415 a
1724 1349 1870 1416 utim.
1903 1358 1975 1414 56
2005 1359 2150 1414 vide-

553 1464 753 1517 bimus.
778 1461 832 1514 ἓ.
866 1459 1042 1527 Quod,
1071 1461 1194 1529 quia
1225 1460 1365 1512 circa
1399 1472 1597 1510 annum
1634 1453 1772 1518 235,
1805 1454 2025 1522 integra:
2055 1466 2145 1504 ur-

555 1559 652 1613 bes
680 1558 871 1611 fuerint
898 1573 925 1607 a
959 1565 1098 1608 terra
1145 1554 1439 1620 absorptze,
1469 1551 1590 1604 ideo
1635 1550 1814 1619 gravis
1844 1545 2151 1616 persecutio

555 1661 743 1705 contra
787 1658 1024 1701 nostram
1078 1645 1426 1700 Christianam
1470 1643 1823 1711 religionem,
1879 1651 2150 1707 tamquam

553 1743 710 1796 istius
740 1742 862 1795 mali
894 1740 1157 1809 originem
1189 1737 1349 1791 fuerit
1371 1737 1597 1788 excitata
1631 1732 1728 1805 (ιι).
1751 1733 1805 1786 Si
1837 1733 1998 1785 hmca
2030 1729 2149 1784 Fir-

2252 516 2527 572 berrinius
2551 512 2818 585 (Przel'al.,
2844 527 2994 566 num.
3023 509 3084 577 2)
3117 520 3360 580 tempore
3383 518 3560 562 tamen
3592 505 3863 577 Stephani

2252 623 2404 680 pap:e
2457 605 2692 660 nondum
2747 604 2818 658 ita
2876 601 3201 664 excellebat,
3236 610 3294 655 ut
3324 601 3462 654 inter
3503 599 3728 653 Asiatos
3775 597 3864 651 vel

2251 713 2429 765 aetate,
2458 701 2539 754 vel
2561 699 2824 769 dignitate
2852 697 3107 752 Ecclesia:
3139 695 3342 762 primus
3366 692 3549 759 haberi
3573 689 3819 762 potui-iit
3844 706 3860 757 ;

2250 795 2514 867 siquidem
2565 794 2853 864 Dionysius
2903 787 3205 855 patriarcha
3253 785 3656 842 Alexandrinus
3703 784 3851 837 circa

2252 904 2448 944 annum
2480 886 2588 942 253
2612 885 2890 954 Stephano
2919 898 3072 953 papae
3109 879 3424 952 perscripsit
3449 881 3672 932 nomina
3709 876 3864 931 cele-

2253 982 2491 1038 briorqu
2549 995 2645 1051 pro
2693 988 2816 1032 tunc
2849 977 2900 1030 in
2944 977 3071 1031 Asia
3117 975 3535 1043 episcoporum;
3573 975 3720 1024 inter
3761 968 3861 1022 hos

2253 1090 2349 1146 pro
2383 1083 2510 1127 tunc
2561 1071 2739 1126 adhuc
2770 1069 2959 1124 ultimo
3015 1068 3136 1123 loco
3186 1075 3429 1122 recenset
3477 1063 3859 1117 Firmilianum

2251 1167 2336 1221 cui
2393 1165 2668 1234 praemittit
2708 1163 3108 1217 Demetrianum
3139 1158 3441 1213 Antiochia:
3472 1156 3556 1227 (l)
3595 1154 3858 1209 Theocti-

2252 1269 2393 1313 stum
2417 1257 2495 1330 (2)
2527 1255 2789 1311 Czesarea:
2812 1253 2886 1325 (in
2920 1251 3227 1320 Palaestina)
3260 1249 3630 1303 Mezubantem
3668 1246 3856 1301 Hiero-

2253 1348 2775 1424 solymamhlariuum
2803 1346 2952 1417 Tyri,
2977 1343 3321 1398 Heliodorum
3353 1340 3664 1403 Laodiceze,
3701 1337 3862 1392 Hele-

2254 1461 2381 1500 num
2414 1441 2606 1498 Tharsi
2635 1439 2942 1511 episcopos.
2970 1435 3034 1490 Hi
3056 1450 3250 1490 omnes
3279 1432 3547 1503 episcopi,
3569 1431 3630 1486 S.
3655 1430 3859 1503 Diony-

2255 1540 2369 1594 sius
2393 1535 2820 1600 Alexandrinus,
2853 1540 2962 1586 etc.
2991 1530 3252 1600 dignitate
3281 1529 3518 1597 majores
3547 1536 3718 1582 erant
3751 1526 3863 1581 Fir-

2256 1632 2508 1696 miliano;
2540 1639 2695 1686 erant
2721 1627 2991 1699 Cypriane
3017 1625 3340 1687 viciniores;
3365 1637 3486 1676 nam
3512 1621 3872 1692 Cappadocia

2257 1727 2480 1780 multum
2508 1722 2743 1778 distabat
2771 1720 2909 1774 ultra
2939 1717 3227 1782 Tharsum,
3272 1717 3437 1778 immo
3466 1715 3611 1769 ultra
3642 1716 3872 1784 provin-

556 1836 777 1890 miliano
805 1849 934 1887 vere
963 1808 1266 1898 conscripta
1309 1827 1556 1888 fuissent.
1588 1826 1862 1881 moraliter
1895 1823 2150 1894 impossi-
2181 1824 2230 1884 B
2257 1821 2368 1874 cias
2387 1816 2610 1882 Ciliciae,
2642 1816 2694 1868 iu
2730 1828 2832 1884 qua
2865 1810 3105 1866 Tharsus
3133 1819 3212 1864 est
3239 1808 3733 1879 Metropolis.Quis
3760 1809 3871 1877 jam

561 1927 672 1981 bile
703 1925 830 1977 mihi
867 1924 1076 1978 videtur
1107 1921 1248 1992 quod
1291 1936 1355 1977 ea
1397 1921 1462 1974 ab
1495 1919 1726 1974 Eusebio
1753 1918 2067 1972 Carsariensi
2097 1916 2154 1971 in

563 2034 656 2072 sui
691 2017 914 2072 historia
965 2016 1300 2086 prastermitti
1330 2015 1661 2085 potuissent;
1691 2030 1744 2066 at
1773 2027 1900 2066 vero
1930 2020 2153 2081 praeter-

562 2112 727 2165 missa
753 2119 877 2163 sunt
904 2108 972 2162 ab
1001 2109 1257 2173 Eusebio,
1280 2107 1626 2177 Hieronymo,
1654 2104 1978 2176 Epiphanio,
2003 2111 2107 2158 etc.
2136 2117 2150 2155 :

564 2205 748 2275 Igitur.
779 2213 884 2260 etc.

630 2297 922 2360 Caeterum,
954 2294 1093 2364 quod
1119 2293 1176 2348 8.
1213 2292 1560 2347 Firmilianns
1588 2289 2068 2360 rebaptizanlibus,
2100 2296 2160 2342 ut

565 2389 730 2443 habet
769 2389 1072 2442 communis
1091 2386 1328 2440 omnium
1363 2384 1637 2454 persuasio
1663 2382 1950 2453 aliquando
1979 2381 2157 2436 adlue-

564 2485 718 2551 serit,
753 2484 966 2537 interim
1002 2481 1390 2550 praetermitto;
1423 2479 1597 2533 donec
1645 2479 1700 2532 in
1752 2477 1854 2530 alia
1903 2477 2160 2531 disserta-

564 2580 710 2632 tione
742 2577 965 2647 speciali
988 2576 1455 2629 demonstraturus
1481 2574 1582 2628 sim
1614 2570 1892 2625 historiam
1919 2568 2158 2634 Eusebii,

563 2670 739 2740 quoad
798 2670 898 2724 hoc
940 2677 1217 2739 punctum,
1271 2665 1436 2720 fuisse
1489 2663 1866 2734 interpolatam
1920 2662 1987 2717 ab
2017 2660 2162 2715 Ana-

563 2764 832 2833 baptistis.
864 2763 918 2817 Si
949 2779 1074 2817 vero
1097 2759 1510 2816 S.Firmilianus
1539 2760 1589 2812 in
1609 2774 1796 2813 errore
1823 2755 2164 2826 rebaptizan—

565 2861 696 2911 tium
734 2873 1044 2925 numquam,
1072 2866 1129 2910 ut
1175 2856 1303 2909 mihi
1333 2870 1644 2924 persuasum
1691 2853 1884 2916 habeo,
1921 2862 2163 2906 versatus

561 2950 725 3006 fuerit
750 2967 763 3015 ;
789 2960 1044 3018 quantum
1073 2961 1102 3000 a
1127 2963 1253 3002 vero
1292 2946 1513 3002 distabit
1542 2945 1685 3000 hunc
1713 2956 1959 3000 sanctum
1987 2944 2162 2999 virum

562 3041 722 3095 fatam
773 3042 1057 3110 epistolam
1111 3040 1441 3110 scripsisse!
1499 3039 1605 3094 Sed
1661 3038 1760 3091 hoc
1817 3037 2030 3091 interim
2077 3052 2164 3092 sco

559 3134 755 3201 posito.

562 3317 690 3380 llCa,
709 3317 865 3370 simul
890 3316 1097 3370 admitti
1127 3317 1287 3370 debet
1309 3315 1450 3385 quod
1476 3315 1780 3384 Cyprianus
1802 3317 1942 3370 circa
1962 3331 2162 3370 annum

564 3408 671 3462 256
703 3425 765 3462 ex
793 3410 964 3462 Africi
1001 3410 1245 3461 nuntium
1275 3409 1484 3462 miserit
1527 3409 1576 3460 in
1603 3405 2166 3475 Cappadociam,con-

565 3501 668 3553 silii
701 3518 728 3552 a
772 3501 827 3555 S.
863 3500 1174 3554 Firmiiiauo
1203 3500 1449 3570 capiendi
1503 3515 1684 3554 causa.
1718 3501 1767 3554 ls
1793 3517 1967 3566 casus,
2021 3503 2163 3572 quod

565 3594 852 3662 episcopus
884 3592 1108 3647 Latinus
1136 3609 1200 3647 ex
1233 3592 1413 3648 Africa
1437 3593 1769 3647 consuluerit
1791 3594 1841 3646 in
1865 3594 2024 3648 rebus
2040 3593 2164 3650 fidei

567 3685 811 3740 Cra-cum
843 3687 892 3740 in
937 3687 1293 3755 Cappadocia,
1325 3697 1407 3741 est
1433 3687 1654 3740 omnino
1677 3689 2162 3755 extraordinarius,

566 3792 595 3830 a
621 3778 764 3829 millo
806 3778 1060 3831 historico
1090 3781 1306 3841 relatus,
1342 3781 1616 3850 signantcr
1666 3796 1769 3834 non
1802 3780 1869 3833 ab
1927 3780 2164 3837 Eusebio

565 3868 856 3938 Grarcoqui
878 3871 1179 3939 pr:ecipuus
1202 3870 1298 3924 fuit
1329 3872 1377 3924 in
1399 3872 1724 3927 celebrando
1737 3873 1794 3928 8.
1816 3873 2156 3929 Firmiliano.

565 3957 708 4014 Nihil
731 3960 1078 4014 dubitandum
1101 3964 1226 4030 quin
1251 3979 1317 4016 eo
1355 3972 1595 4033 tempore
1624 3977 1819 4035 praeter
1853 3965 1911 4020 8.
1934 3965 2162 4036 Stepha-

566 4067 693 4105 num
729 4068 916 4121 papam
957 4054 1095 4108 iuter
1127 4054 1346 4109 Latinos
1398 4055 1600 4111 fuerint
1644 4058 1882 4124 insignes
1921 4059 2160 4128 episcopi

568 4158 665 4211 per
716 4143 1048 4212 Hispaniam,
1082 4144 1335 4209 Galliam,
1387 4146 1615 4210 Italiam,
1649 4148 1970 4202 Sardiniain.
2000 4151 2054 4203 Si
2104 4149 2161 4206 S.

563 4232 865 4304 Cyprianus
887 4240 920 4288 .\
932 4235 1010 4290 fer
1032 4237 1250 4291 Grmcos
1282 4239 1332 4292 in
1353 4240 1513 4293 rebus
1543 4238 1662 4294 fidei
1679 4241 1962 4297 consulere
1984 4241 2166 4298 volue-

566 4328 632 4381 rit
662 4344 676 4392 ;
709 4344 806 4381 cur
828 4345 934 4382 non
966 4329 1112 4382 misit
1151 4331 1216 4382 ad
1243 4329 1462 4385 Gra-cos
1487 4331 1781 4401 Europaeos
1808 4333 1908 4387 sibi
1934 4334 2164 4402 decuplo

567 4420 875 4485 viciniores,
909 4422 1205 4486 praesertim
1239 4437 1359 4474 cum
1412 4423 1462 4475 in
1497 4439 1646 4477 mora
1696 4424 1995 4493 periculurn
2043 4433 2164 4478 erat

567 4513 1139 4566 excominuuicationis
1191 4512 1565 4568 iucurrendze?
1594 4514 1650 4570 Si
1703 4530 1831 4570 vero
1875 4516 2159 4570 consilium

2259 1920 2342 1966 est
2361 1909 2453 1964 ille
2478 1908 2650 1970 testis,
2680 1905 2770 1976 qui
2793 1902 3014 1969 referat,
3047 1901 3190 1971 quod
3216 1900 3522 1972 Cyprianus
3553 1898 3790 1953 Latinus
3820 1900 3873 1954 in

2259 2016 2321 2058 re
2338 2010 2444 2056 tam
2459 1998 2648 2063 ardua,
2665 1997 2867 2051 omisso
2895 1996 3273 2064 episcoporum
3294 1992 3615 2047 Latinorum
3634 1991 3874 2047 consilio

2260 2094 2326 2148 ad
2351 2094 2585 2163 aliquem
2608 2089 2855 2146 Graecum
2886 2088 2939 2142 in
2959 2085 3297 2157 Cappadocia
3327 2085 3563 2154 positum
3591 2085 3873 2154 appellare

2264 2186 2524 2242 voluerit?
2557 2184 2718 2240 Solus
2764 2180 3348 2253 pseudo-Firmilianus
3378 2180 3595 2242 ass-erit,
3640 2193 3703 2233 se
3730 2193 3867 2234 esse

2265 2281 2415 2335 illum
2441 2277 2712 2339 Graecum,
2741 2276 2809 2330 ad
2841 2289 3000 2344 quem
3035 2273 3208 2328 Latini
3230 2271 3859 2343 appellaverint.—Cre-

2262 2375 2355 2429 dat
2402 2372 2620 2429 Judtetis
2659 2370 2944 2441 Apelta.—
2962 2367 3116 2434 Quod
3148 2365 3404 2420 Ecclesia:
3431 2364 3640 2420 Graecae
3667 2380 3868 2419 consu-

2265 2468 2464 2523 luerint
2491 2466 2729 2528 Latinos,
2774 2463 3000 2533 plurima
3040 2459 3300 2514 habemus
3331 2459 3582 2526 exempla
3613 2472 3643 2510 a
3668 2456 3882 2512 Grzecis

2267 2560 2659 2631 antiquioribus
2690 2558 2853 2613 relata
2881 2573 2895 2621 ;
2930 2553 3072 2625 quod
3104 2553 3391 2622 episeopus
3419 2551 3648 2606 Latinus
3697 2552 3757 2605 iu
3791 2567 3879 2605 re-

2268 2655 2368 2709 bus
2394 2652 2518 2707 fidei
2543 2652 2670 2706 olim
2693 2647 3025 2704 consuluerit
3045 2644 3284 2712 Graacos,
3311 2644 3513 2708 nullus,
3542 2645 3590 2698 si
3613 2644 3685 2698 de
3705 2642 3879 2714 S.Cy—

2269 2747 2474 2816 priano
2501 2742 2716 2798 interim
2746 2741 3170 2812 praescindamns
3193 2777 3207 2802 ,
3256 2735 3384 2790 mihi
3435 2735 3604 2790 modo
3633 2738 3883 2791 occurrit

2265 2852 2443 2894 CilSllS.

2339 2930 2550 2987 Stet:qu
2595 2945 2651 2998 ι,
2684 2927 2946 2984 Corinthii
2993 2926 3190 2992 Graeci,
3242 2928 3457 2980 vivente
3499 2923 3682 2979 adhuc
3737 2924 3881 2980 inter

2270 3022 2490 3079 Grazcos
2512 3021 2720 3078 Joanne
2762 3019 3126 3090 Evangelista,
3156 3033 3281 3072 suas
3308 3032 3505 3072 causas
3533 3017 3774 3072 detulere
3797 3016 3873 3071 ad

2270 3116 2329 3171 8.
2356 3116 2687 3170 Clementem
2708 3113 3020 3182 episcopum
3042 3111 3366 3165 Romanum.
3389 3109 3608 3164 Sa‘culo
3628 3125 3683 3175 ιι,
3703 3123 3875 3164 causa

639 3225 1090 3280 l7.l‘robatur4°.
1115 3225 1181 3280 Ut
1205 3225 1506 3296 epistolas.
1535 3224 1830 3280 Firmitiani
1854 3223 2167 3280 sitaulhen-
2195 3213 2240 3276 C
2273 3206 2580 3296 l’olycralis
2620 3219 2714 3296 seu
2767 3202 2954 3296 potius
2996 3201 3600 3296 quai'ltitlecintnporllm
3638 3217 3716 3296 fe}
3748 3202 3878 3296 As}:

2270 3291 2498 3345 Romam
2549 3289 2750 3344 delata.
2781 3287 2993 3344 Sa'eulo
3051 3303 3151 3355 nt,
3203 3287 3489 3358 Dionysius
3553 3287 3885 3356 patriarcha

2269 3381 2671 3438 Alexandrinus
2719 3381 2771 3434 in
2826 3379 3125 3450 quaestione
3176 3378 3507 3449 Baptismatis
3580 3378 3887 3434 consuluit

2272 3475 2500 3546 Xystuin
2531 3488 2721 3543 papam
2766 3471 3028 3541 Stephani
3068 3485 3458 3526 successorem.
3501 3468 3886 3541 Polycarpus,

2270 3567 2550 3637 Origenes,
2587 3565 2988 3637 Hegesyppush
3014 3564 3068 3619 in
3105 3579 3267 3619 causa
3327 3563 3600 3634 religionis
3628 3562 3884 3618 Romam

2272 3659 2495 3729 profecti
2517 3657 2686 3722 fuere,
2713 3667 2768 3710 ut
2798 3655 2963 3711 refert
2984 3654 3249 3710 Eusebius
3263 3655 3502 3711 Grmcus.

2341 3749 2428 3806 18.
2448 3750 2708 3803 Probatur
2731 3746 2808 3801 5°.
2827 3746 3200 3800 Examiuando
3226 3746 3394 3816 ipsum
3421 3745 3884 3817 epistolam,qu:n

2267 3857 2330 3897 ex
2349 3841 2492 3896 notis
2509 3839 2836 3904 intrinsecis,
2864 3840 2944 3893 vel
2964 3851 3238 3908 suspecta,
3259 3839 3342 3894 vel
3362 3841 3524 3892 etiam
3544 3849 3738 3908 aperte
3753 3855 3888 3910 sup-

2267 3934 2498 4005 posititia
2527 3933 2985 4003 deprehendetur.
3022 3932 3274 3986 Contiuet
3298 3931 3443 3986 enim
3469 3932 3886 4001 quamplurima

2265 4025 2563 4094 respective
2594 4024 2675 4077 vel
2700 4023 2974 4089 lnerctica,
3002 4023 3085 4078 vel
3115 4023 3304 4077 tia-rest
3327 4023 3596 4092 proxima,
3618 4022 3889 4077 historice

2271 4117 2442 4185 falsa,
2492 4133 2612 4172 cum
2661 4115 2987 4186 geugraphia
3044 4127 3098 4169 et
3141 4114 3494 4185 chronologia
3553 4115 3890 4186 incompati-

2269 4215 2419 4281 bilia,
2461 4215 2676 4286 aliaque
2705 4214 3020 4269 Firniiliazto
3053 4212 3290 4282 indigna.

2343 4308 2430 4363 l9.
2467 4307 2542 4362 Ita
2574 4308 2758 4378 incipit
2802 4303 3375 4376 pseudo-Firmilianus
3409 4320 3423 4355 :
3465 4322 3483 4355 ι
3525 4304 3897 4361 Firmiliauus

2265 4400 2538 4472 Cypriano
2569 4401 2814 4455 salutem.
2843 4399 3166 4468 Accepimus
3189 4413 3284 4468 per
3314 4397 3680 4466 Rogatianum
3701 4398 3900 4456 diaco-

2269 4495 2394 4550 num
2423 4511 2452 4549 a
2483 4495 2636 4550 vobis
2657 4493 2903 4559 missum,
2931 4493 3155 4556 litteras,
3185 4507 3320 4563 quas
3345 4492 3410 4546 ad
3440 4507 3542 4546 nos
3574 4491 3760 4547 fecisti
3780 4493 3894 4565 (5),

565 4619 631 4657 ex
665 4605 784 4658 Asia
838 4616 956 4659 erat
1007 4607 1412 4674 reportandum,
1460 4623 1556 4661 cur
1599 4611 1847 4663 nuntium
1899 4610 2157 4679 ablegavit

2273 4586 2439 4643 frater
2463 4586 2850 4642 cliarissiine...
2879 4586 3072 4642 Postea
3106 4585 3278 4657 pergit
3311 4604 3324 4639 :
3355 4585 3463 4640 Nos
3486 4601 3619 4641 vero
3643 4603 3739 4651 ea,
3765 4605 3902 4659 qua:

568 4697 707 4748 ultra
753 4699 936 4750 Asnam
984 4699 1248 4753 minorem
1281 4740 1295 4758 .
1330 4715 1395 4753 ex
1429 4701 1609 4754 Africa
1643 4701 1692 4753 iu
1724 4701 2165 4770 Cappadociam?

563 4787 765 4841 Verum
790 4787 856 4840 de
884 4788 983 4843 hac
1009 4806 1065 4844 re.
1095 4792 1287 4845 iterum
1321 4791 1578 4855 num.2.‘5,
1598 4792 1687 4845 54.
1716 4791 1771 4846 Si
1805 4792 2109 4863 Cyprianus
2131 4809 2164 4850 a

568 4879 834 4933 sententia
865 4880 922 4933 S.
941 4879 1196 4950 Stephani
1230 4897 1380 4951 papae
1401 4883 1675 4951 appellare
1699 4883 1930 4937 voluerit
1954 4884 2020 4938 ad
2043 4886 2164 4955 epi-

568 4985 762 5039 sc0pos
807 4971 1113 5036 Asiaticos;
1150 4972 1476 5041 paradoxum
1513 4983 1691 5028 tamen
1725 4983 1866 5039 erat,
1898 4976 2041 5045 quod
2075 4977 2165 5031 illo

571 5075 813 5135 tempore
830 5065 894 5118 ad
916 5065 1146 5120 tribunal
1163 5064 1524 5121 S.Firmiliani
1546 5067 1864 5138 confugerit;
1883 5044 2168 5126 licetenim

567 5203 792 5277 eruditis
843 5205 1256 5261 communicabo
1295 5203 1349 5260 iu
1403 5207 1623 5277 speciali
1677 5208 2060 5266 dissertatione
2103 5211 2168 5266 de

567 5275 864 5347 Polycrate.

638 5347 718 5419 (1)
741 5349 811 5401 He
829 5348 930 5402 hoc
941 5357 1100 5421 terra:
1117 5358 1265 5404 motu
1284 5348 1453 5404 fusius
1467 5351 1731 5421 agendum
1751 5353 1851 5407 erit
1867 5368 1916 5406 n.
1937 5352 2026 5408 54.
2044 5353 2162 5410 Non

568 5427 782 5474 constat
812 5420 953 5490 quod
984 5421 1053 5476 ob
1082 5429 1240 5476 terra:
1277 5432 1480 5476 motum
1509 5420 1707 5476 contra
1731 5424 2066 5480 Christianos
2093 5426 2162 5481 ab

569 5491 986 5563 imperatoribus
1017 5491 1233 5548 decreta
1277 5491 1438 5548 fuerit
1476 5495 1779 5563 persecutio
1806 5511 1820 5557 ;
1855 5495 1947 5550 sed
1979 5507 2157 5552 tamen

569 5560 766 5630 Pagaui
802 5565 1086 5632 populares
1113 5564 1368 5618 cuntinuo
1393 5560 1576 5618 coutra
1624 5563 1959 5620 Christianos
2008 5567 2156 5623 fren-

569 5632 788 5705 debant,
811 5635 1070 5705 acomnis
1090 5636 1411 5688 calamitatis
1434 5636 1656 5705 publicae
1679 5651 1894 5691 causam
1921 5639 1974 5692 in
2004 5639 2160 5694 Chri-

571 5703 775 5755 stianos
804 5703 1178 5757 refundebaut.
1225 5705 1284 5758 Si
1313 5703 1458 5759 urbes
1488 5717 1635 5762 terra:
1665 5720 1802 5760 motu
1853 5711 2156 5763 concutian-

571 5776 653 5848 ἔρι’
677 5786 697 5848 ;Δ
733 5773 812 5848 si,
845 5774 1300 5848 t_-tc._coucla-mu‘ut
1335 5791 1352 5827 :
1383 5774 1697 5830 Clu't'stiunos
1743 5779 1810 5830 ad
1840 5777 2055 5846 Leones,
2087 5781 2162 5836 τιίι

573 5830 937 5893 Tertullianus
961 5841 1012 5893 in
1032 5841 1289 5908 Apologia
1316 5859 1474 5909 quam
1496 5854 1740 5914 tempore
1765 5830 2161 5914 persectttiotiis

2269 4697 2299 4736 a
2328 4681 2480 4737 vobis
2501 4683 2697 4752 scripta
2723 4690 2869 4749 sunt,
2888 4682 3040 4751 quasi
3066 4691 3247 4736 nostra
3280 4680 3490 4752 prepria
3517 4683 3898 4752 suscipimus,

2270 4789 2372 4830 nec
2401 4775 2452 4828 iu
2483 4784 2793 4828 transcursu
2841 4773 3106 4844 legimus;
3149 4772 3243 4828 sed
3273 4789 3420 4844 smpc
3492 4776 3735 4844 repetita
3769 4791 3900 4832 me-

2273 4867 2459 4922 moria:
2498 4866 2924 4921 mandavimus.)

2339 4962 2430 5015 20.
2477 4959 2613 5014 Hinc
2637 4975 2702 5014 ex
2741 4958 2969 5013 decursu
3011 4957 3180 5028 magis
3204 4956 3428 5026 patebit,
3466 4955 3611 5027 quod
3643 4960 3904 5028 pseudo-

2274 5052 2618 5108 Firinilianus
2663 5052 2991 5124 Cyprianum
3037 5050 3328 5122 aliquando
3381 5050 3433 5105 iu
3466 5049 3762 5120 singulari,
3801 5055 3904 5109 ali-

2270 5146 2485 5217 quando
2515 5145 2567 5199 iu
2597 5143 2783 5215 plurali
2813 5144 3122 5214 alloquatur
3155 5162 3167 5198 :
3203 5161 3222 5196 ι
3265 5159 3293 5196 a
3323 5143 3479 5197 vobis
3499 5144 3738 5199 missum
3782 5163 3801 5210 ;
3841 5158 3903 5203 tu

2269 5239 2336 5293 ad
2359 5252 2458 5293 nos
2486 5238 2676 5293 misisti
2700 5253 2716 5303 ;
2753 5255 2771 5290 ι
2808 5248 2892 5291 ast
2921 5236 2990 5292 de
3019 5253 3078 5292 se
3109 5235 3229 5307 ipso
3249 5245 3561 5292 constanter
3590 5237 3648 5291 in
3685 5239 3905 5308 plurali

2265 5353 2318 5409 in
2361 5351 2537 5408 Africa
2582 5352 2901 5422 conscripsit
2938 5352 3079 5407 circa
3127 5367 3326 5407 annum
3377 5351 3504 5407 202.
3553 5351 3618 5407 ν.
3693 5353 3900 5412 Fleur.

2264 5495 2308 5552 Ε
2339 5423 2416 5549 (tl)
2440 5424 2484 5506 Is
2507 5424 2682 5496 prium
2705 5424 2824 5479 loco
2844 5424 3048 5494 positus
3070 5423 3286 5480 videtur
3301 5423 3372 5479 ob
3404 5425 3736 5495 dignitatem
3771 5445 3902 5484 suae

2311 5512 2370 5549 cc
2397 5512 2543 5550 esue.

2311 5512 2543 5550 CCICSHB.

2335 5567 2419 5639 (Ξ)
2434 5566 2778 5622 Tneoctistus
2803 5565 3064 5636 dignitate
3077 5565 3369 5639 episcopali
3385 5565 3495 5636 jam
3518 5565 3744 5622 functus
3762 5568 3900 5626 fue-

2263 5637 2366 5705 rat,
2401 5647 2686 5710 antequam
2718 5639 2802 5692 vel
2825 5640 3087 5710 Origenes
3117 5637 3295 5694 fuerat
3323 5641 3612 5710 presby\er
3673 5639 3740 5694 ν.
3779 5641 3900 5696 Eu-

2263 5710 2378 5764 seb.
2414 5708 2480 5764 H.
2509 5710 2595 5776 Ε,
2627 5711 2665 5765 1.
2687 5724 2762 5775 γι,
2795 5724 2844 5764 c.
2876 5709 2983 5774 20;
3016 5711 3051 5763 l.
3083 5725 3177 5771 vn.
3199 5725 3249 5764 c.
3275 5711 3329 5766 5.

2338 5779 2419 5853 (ὅ)
2439 5779 2562 5853 ll-ec
2593 5780 2804 5853 phrasis
2831 5781 3025 5835 litteras
3041 5781 3110 5853 ad_
3132 5781 3293 5834 alium
3308 5784 3496 5851 facere,
3514 5782 3820 5840 elsimiles
3839 5785 3897 5840 in

2265 5849 2509 5918 epistolis
2529 5853 2691 5920 vulgo
2722 5849 3057 5921 Cyprianicis
3088 5849 3397 5923 frequentes
3428 5864 3759 5910 occurrunt.
