4208 6276
642 308 775 367 1571

1992 310 2449 369 DISSERTATIO
2491 312 2529 378 l,

3807 304 3832 362 1
3843 307 3947 362 5Ἰῖ

639 438 730 487 tur
751 436 938 485 contra
963 428 1211 498 antiquos
1239 430 1533 500 scriptores
1557 429 1980 498 ecclesiasticos,
2003 446 2231 502 quorum
2259 433 2308 493 Α
2339 428 2561 501 Angelis
2589 429 2659 485 sit
2701 430 2751 485 in
2814 443 2922 485 uno
2962 439 3246 499 peccatore
3296 425 3668 498 paenitentiam
3723 433 3941 496 agente.

644 523 886 580 officium
913 521 1121 587 fuisset,
1139 523 1330 577 saltem
1356 521 1573 592 aliquod
1600 534 1972 594 argumentum
1994 539 2061 579 ex
2090 539 2232 594 prte-

639 617 764 674 fatis
793 617 1006 687 scriptis
1058 631 1360 674 asservare.
1391 617 1591 673 Verum
1622 618 1936 682 Eusebium.
1971 617 2233 689 Hierony-

641 725 808 776 mum,
831 718 938 765 etc.
969 709 1232 765 habemus
1262 710 1362 766 hac
1390 710 1443 765 in
1477 726 1534 766 re
1555 710 1842 777 innocuos,
1871 727 1992 766 enm
2024 720 2079 766 et
2106 712 2234 781 ipsis

641 801 1012 872 Anabaptistis
1062 803 1262 858 saeculo
1292 818 1343 858 tv
1372 811 1427 858 et
1475 802 1565 858 illa
1613 787 2232 859 suarum'conciliorum

642 907 783 964 acta,
814 897 977 952 immo
1007 906 1060 952 et
1082 897 1299 952 nomina
1333 896 1530 952 fuerint
1572 899 1771 967 ignota.
1801 896 1992 952 Omnia
2021 913 2237 952 reman-

641 993 832 1044 serunt
859 989 1122 1060 impressa
1168 990 1441 1045 memoriae
1493 989 1651 1044 unius
1688 989 2230 1060 pseudo-Firmiliani.

641 1080 740 1149 Qui
765 1081 939 1152 pergit
970 1098 983 1136 :

709 1173 803 1228 25.
840 1191 859 1225 ι
896 1173 1110 1230 Gratias
1163 1183 1382 1246 prapter
1411 1175 1514 1231 hoc
1542 1176 1769 1230 Domino
1816 1178 2074 1232 maximas
2117 1177 2232 1248 egi-

641 1283 759 1324 mus
787 1268 929 1339 qnod
957 1269 1261 1339 contigerit,
1297 1278 1354 1324 ut
1381 1271 1469 1340 qui
1496 1285 1724 1340 corpore
1759 1285 2092 1340 separamur,
2121 1271 2234 1340 spi.

640 1362 748 1416 ritu
801 1361 1244 1416 aduuemur...ut
1291 1363 1511 1433 quasi...
1539 1363 1591 1416 in
1635 1362 1822 1418 eadem
1867 1363 2027 1417 domo
2076 1362 2234 1417 simul

641 1453 1024 1521 inhabitantes,
1058 1457 1200 1526 quod
1231 1465 1286 1512 et
1315 1457 1472 1513 decet
1518 1456 1720 1521 dicere,
1769 1459 1892 1528 quia
1941 1459 2235 1528 spiritualis

641 1548 832 1604 damus
865 1550 963 1606 Del
993 1565 1095 1605 una
1126 1561 1240 1617 est;
1275 1551 1378 1608 erit
1398 1552 1540 1608 enim
1573 1552 1626 1607 in
1657 1553 1983 1618 novissimis,
2017 1554 2085 1607 ait
2119 1553 2235 1608 die-

641 1639 808 1696 hus...
837 1642 1029 1698 domus
1079 1644 1170 1699 Dei
1213 1659 1376 1714 super
1415 1646 1646 1700 vertices
1705 1647 2036 1701 montium...
2070 1646 2135 1700 Et
2182 1646 2233 1700 in

639 1725 856 1789 Psalmo
899 1735 1201 1804 postulatur
1222 1753 1250 1791 a
1277 1737 1504 1792 Domino
1531 1738 1828 1793 inhabitare
1857 1739 1906 1792 in
1947 1737 2110 1793 domo
2143 1738 2233 1794 Dei

2339 523 2640 579 Prtetnissis
2669 524 2775 578 illis
2807 539 2900 592 per
2918 523 2975 579 S.
3012 522 3344 592 Scripturam
3374 517 3780 591 evagationibus
3806 532 3935 572 con-

2339 617 2582 686 queritur
2623 625 2812 670 contra
2841 613 3173 684 Stephanum
3200 626 3413 682 papam.

2409 706 2500 760 24.
2531 705 2720 770 tQuod
2753 720 2849 775 per
2878 703 3038 774 hujus
3072 702 3514 757 inhumanitatem
3535 715 3677 755 nunc
3693 698 3942 754 effectum

2337 800 2428 865 sit,
2458 809 2518 854 ut
2566 815 2666 856 nec
2702 798 3068 854 confabulatio
3094 797 3205 868 jam
3238 796 3411 867 possit
3438 809 3580 861 esse,
3617 809 3717 849 nec
3765 809 3941 848 sermo

2337 894 2660 950 communis.
2699 911 2718 945 ι

2409 987 2448 1041 l.
2501 985 2642 1055 Erga
2666 985 2926 1040 sententia
2962 982 3219 1054 Stephani
3246 997 3396 1055 papae
3415 981 3705 1036 maximam
3738 981 3788 1034 in
3820 980 3937 1034 ani-

2337 1078 2441 1133 mis
2490 1078 2897 1148 Episcoporum.
2951 1076 3109 1131 etiam
3161 1075 3536 1138 Orientalium,
3590 1073 3772 1128 fecerit
3843 1073 3940 1126 im-

2339 1172 2696 1244 pressionem,
2726 1186 2949 1226 necesse
2975 1177 3076 1232 est,
3131 1184 3254 1224 cum
3307 1167 3431 1222 inde
3457 1167 3705 1222 effectum
3762 1165 3936 1233 fuerit,

2340 1276 2395 1320 ut
2425 1266 2602 1322 nullus
2630 1281 2750 1320 eum
2781 1265 3094 1322 Firmiliano
3124 1263 3456 1319 confabulari
3496 1263 3731 1331 amplius
3760 1263 3937 1318 volne-

2338 1361 2430 1425 rit,
2465 1375 2564 1416 nec
2591 1360 2704 1429 ipse
2732 1373 3038 1414 sermonem
3075 1357 3272 1412 habere
3305 1355 3541 1426 potuerit
3579 1370 3937 1412 communem.

2338 1451 2618 1520 Quomodo
2671 1452 2788 1507 hzee
2831 1450 3105 1505 cohaerent
3157 1464 3279 1504 cum
3331 1454 3534 1503 asserta
3590 1447 3805 1519 synodo
3863 1464 3938 1516 per

2339 1544 2708 1601 Firmilianum
2741 1545 2793 1599 in
2821 1544 3059 1600 favorem
3089 1543 3126 1599 S
3148 1543 3402 1616 Cypriani
3432 1542 3743 1596 celebrata?
3766 1541 3831 1596 Ν.
3862 1542 3934 1596 21.

2340 1638 2608 1694 Caeterum
2637 1640 2828 1694 lubens
2857 1638 3081 1692 admitto
3118 1636 3259 1704 quod
3301 1636 3345 1690 si
3376 1634 3728 1690 Firmilianus
3757 1653 3783 1686 a
3822 1651 3936 1704 papa

2341 1749 2469 1790 vere
2491 1733 2682 1789 fuisset
2699 1732 3220 1795 excommunicatus,
3255 1730 3300 1784 is
3332 1729 3399 1784 ad
3451 1719 3934 1784 confabulationem

639 1841 738 1898 per
759 1842 950 1883 onmes
996 1829 1111 1884 dies
1144 1830 1286 1884 vitae.
1350 1830 1413 1884 Et
1435 1830 1488 1884 in
1527 1831 1634 1884 alio
1668 1830 1822 1887 loco:
1858 1831 1996 1886 Ecce
2044 1832 2236 1902 inquit,
2268 1831 2316 1890 B
2344 1842 2463 1882 cum
2489 1825 2768 1882 catholicis
2793 1825 3058 1880 admissus
3091 1839 3196 1876 non
3227 1820 3437 1877 fuisset.

639 1936 798 1992 quant
829 1921 1026 1976 bonum
1059 1933 1110 1977 et
1129 1923 1442 1993 voluptihile
1467 1933 1570 1987 est,
1606 1932 1664 1978 ιιι
1695 1924 1930 1980 habitent
1966 1923 2160 1980 fratres
2187 1927 2237 1980 in

640 2029 878 2070 unum...
915 2015 1021 2070 Sed
1050 2025 1106 2072 et
1139 2017 1357 2087 Angelis
1406 2017 1734 2087 voluptatem
1787 2019 2072 2073 maximam
2100 2034 2239 2089 prae-

639 2120 791 2165 Stat:
833 2111 1029 2181 quibus
1063 2125 1241 2166 sermo
1298 2111 1508 2166 divinus
1557 2125 1680 2167 esse
1728 2112 1981 2182 gaudium
2033 2113 2086 2168 in
2136 2127 2241 2168 una

641 2209 922 2271 peccatore
947 2202 1314 2272 ptenitentiam
1341 2213 1534 2274 agente
1553 2213 1606 2259 et
1633 2203 1698 2259 ad
1723 2205 1940 2261 unitatis
1972 2205 2238 2260 vinculum

641 2304 964 2353 revertente.
976 2336 988 2351 .
1027 2316 1047 2350 1

713 2387 752 2445 l.
789 2389 985 2445 Verum
1009 2395 1112 2459 est,
1136 2390 1233 2446 SS.
1256 2391 1599 2447 Firmilianus
1621 2400 1675 2448 et
1689 2391 1990 2464 Cyprianus
2010 2407 2242 2463 corpore

641 2479 871 2538 maxime
887 2484 1294 2554 separabantur;
1328 2484 1590 2554 siquidem
1615 2485 1673 2540 S.
1696 2484 2000 2557 Cyprianus
2025 2486 2243 2540 Cartha-

641 2577 764 2646 gine
792 2577 842 2630 in
875 2575 1078 2643 Africa,
1111 2577 1200 2631 ubi
1237 2593 1378 2632 nunc
1399 2577 1691 2644 Tuuetum,
1715 2579 1999 2649 episcopus
2020 2591 2156 2645 erat,
2189 2589 2246 2636 et

643 2665 702 2721 S.
725 2666 1139 2723 Firmilianusin
1167 2669 1292 2725 Asia
1323 2671 1510 2740 majori
1537 2670 2243 2742 habitabatepiscopusCaa-

643 2775 811 2816 sarete
841 2761 892 2815 in
914 2760 1275 2833 Cappadocia,
1293 2778 1412 2833 qua:
1432 2764 1579 2835 regio
1607 2763 1819 2835 adjaeet
1843 2766 2132 2832 Armeniae,
2159 2765 2243 2821 vel

645 2853 805 2908 etiam
835 2853 992 2924 hujus
1020 2869 1142 2924 pars
1187 2865 1466 2925 reputatur
1490 2856 1559 2911 ab
1596 2856 1715 2911 aliis
1744 2855 1847 2929 (1).

643 2976 645 2980 -
714 2947 820 3004 Sed
848 2961 915 3002 an
961 2948 1210 3018 scriptori
1263 2947 1546 3004 Catholica
1591 2949 1756 3004 videri
1811 2950 2076 3020 potuisset
2115 2950 2242 3022 quid

643 3039 914 3110 singulare
960 3041 1047 3096 vel
1090 3042 1602 3110 eXtraordinarium,
1661 3043 1804 3113 quod
1856 3043 2142 3114 contigerit
2185 3053 2244 3099 ut

644 3133 752 3189 duo
774 3135 828 3188 in
873 3134 1063 3189 eodem
1097 3135 1343 3190 Romano
1397 3137 1626 3206 imperio
1670 3138 1932 3207 episcopi,
1977 3138 2065 3208 qui
2121 3152 2240 3192 eor-

2415 1921 2478 1976 ΙΙ.
2510 1921 2608 1976 Ast
2638 1920 2825 1975 falsum
2857 1928 2939 1975 est
2969 1917 3111 1988 quod
3135 1914 3519 1972 commercium
3551 1911 3790 1968 Orientis
3821 1929 3928 1968 eum

2343 2012 2618 2082 Stephano
2678 2027 2812 2081 papa
2859 2010 3018 2065 fuerit
3069 2010 3451 2076 interruptum,
3484 2005 3567 2060 vel
3595 2005 3933 2061 Orientalium

2343 2100 2484 2159 inter
2511 2105 2571 2159 se
2601 2112 2868 2168 mutuum,
2929 2109 2985 2154 ιιι
3035 2099 3248 2154 abunde
3293 2109 3438 2169 patet
3479 2112 3544 2152 ex
3592 2097 3780 2151 litteris
3829 2097 3939 2151 Dio-

2341 2199 2480 2270 nysii
2510 2196 2860 2252 Alexandrini
2882 2194 2947 2250 ad
2977 2194 3333 2264 Stephanum,
3364 2191 3618 2262 hujusque
3653 2204 3929 2244 successo-

2343 2305 2427 2345 res
2459 2289 2561 2358 (l).
2598 2285 2886 2344 Fabulator
2914 2287 3106 2358 pergit,
3141 2300 3203 2340 ac

2415 2383 2504 2437 25.
2544 2401 2562 2434 ι
2601 2381 2928 2452 Stephanum
2963 2394 3152 2450 papam
3183 2376 3334 2432 .lude
3365 2375 3623 2447 proditori
3656 2374 3936 2447 (indirecte

2342 2473 2667 2547 Cyprianum
2693 2471 2926 2543 Christo)
2949 2485 3262 2539 comparare
3283 2468 3561 2539 praesumit
3580 2468 3933 2538 subjungens:

2343 2567 2448 2624 Sed
2472 2567 2587 2622 hace
2617 2566 2829 2621 interim
2858 2578 2980 2634 quae
3016 2577 3045 2616 a
3078 2561 3353 2631 Stephano
3382 2570 3534 2631 gesta
3588 2569 3716 2615 sunt
3761 2568 3937 2630 praete-

2343 2670 2567 2717 reantur
2595 2675 2678 2724 ne,
2716 2658 2842 2712 dum
2873 2656 3112 2711 audacite
3141 2666 3194 2709 et
3223 2654 3523 2710 insolentia:
3555 2655 3674 2723 ejus
3706 2651 3938 2708 memini-

2344 2771 2484 2822 mus,
2518 2754 2585 2809 de
2613 2753 2774 2809 rebus
2803 2752 2870 2806 ab
2898 2766 2963 2806 ea
2989 2749 3235 2820 improbe
3274 2749 3441 2818 gestis
3479 2749 3778 2817 longiorem
3821 2762 3940 2802 mte-

2343 2849 2546 2906 stitiam
2578 2847 2730 2901 nobis
2761 2844 3075 2900 inferamus.
3113 2863 3130 2895 ι

2415 2941 2544 3010 Quae
2573 2951 2698 2997 sunt
2723 2941 2838 2996 haec
2864 2939 3108 3010 improbe
3133 2946 3305 3009 gesta,
3339 2937 3409 2992 ab
3431 2952 3548 3007 quae
3568 2937 3625 2992 S.
3645 2953 3778 3009 papa
3800 2937 3945 2992 Iuda:

2345 3033 2604 3105 proditori
2638 3031 2718 3106 (2)
2752 3031 2988 3103 potuerit
3018 3029 3343 3085 assimilari?
3367 3030 3511 3096 Quos
3548 3039 3707 3084 testes
3741 3031 3942 3098 produ-

2343 3127 2417 3181 cit
2446 3123 3047 3195 psendo-Firmilianus?
3072 3121 3279 3187 Nullas,
3304 3131 3582 3176 contentus
3604 3121 3744 3175 nuda
3765 3137 3944 3177 asser-

645 3243 775 3298 pore
796 3237 1136 3298 separantur,
1168 3231 1357 3299 spiritu
1391 3229 1740 3286 adtinentur?
1777 3230 1835 3286 In
1866 3248 1973 3302 qua
1999 3233 2243 3288 consistit

2353 3219 2497 3274 tione
2513 3218 2747 3288 propria.
2767 3216 2879 3271 Sub
2894 3216 3058 3286 figura
3083 3214 3448 3285 prieteritonis
3465 3215 3677 3268 simulat
3689 3215 3947 3284 impostar

646 3321 734 3378 illa
764 3321 1122 3391 depraedicata
1153 3323 1496 3388 caadunatio,
1542 3324 1612 3379 ob
1641 3340 1822 3395 quam,
1863 3334 1922 3380 ut
1961 3340 2015 3378 η.
2046 3324 2135 3388 26,
2165 3325 2247 3378 vi-

645 3415 915 3480 debimus,
949 3430 1070 3470 cum
1116 3431 1306 3486 magna
1337 3415 1519 3470 lautitia
1565 3417 1920 3472 exultaverit?
1951 3419 2030 3472 An
2075 3420 2128 3472 in
2180 3433 2246 3473 eo

643 3505 785 3577 quod
810 3505 1074 3560 Novatum
1103 3507 1416 3562 hmreticum
1460 3509 1769 3578 nuperrime
1809 3518 2079 3573 exortum,
2099 3523 2248 3565 como

643 3600 791 3654 muni
821 3613 1088 3655 consensu
1118 3601 1185 3655 ah
1217 3601 1453 3657 Ecclesia
1485 3600 1812 3673 eiecissent?
1834 3603 1890 3658 Id
1913 3604 1967 3660 S.
1989 3605 2248 3660 Firmilia-

644 3706 744 3747 nus
773 3694 861 3762 qui
894 3692 947 3747 in
1000 3690 1191 3748 haeresi
1223 3692 1411 3748 Novati
1459 3695 1527 3751 ab
1585 3695 1838 3751 Ecclesiis
1879 3696 2244 3754 Orientalibus

643 3773 901 3855 ejicienda
916 3795 1165 3841 strenuus
1197 3788 1534 3842 laboraverat
1565 3788 1662 3860 (2).
1693 3799 1872 3846 tacere
1896 3806 2000 3845 non
2026 3792 2243 3848 debuis-

642 3886 742 3943 set,
777 3893 884 3932 non
919 3879 1247 3948 potuissset;
1273 3887 1356 3934 ast
1395 3880 1464 3934 ob
1489 3881 1816 3936 eliminatam
1851 3882 2098 3938 haeresim
2134 3883 2240 3937 No-

643 3971 750 4024 vati
780 3969 953 4024 nullas
978 3971 1086 4026 Deo
1116 3973 1316 4042 gratias
1343 3974 1596 4044 scripsit;
1627 3989 1785 4045 quam
1812 3990 1942 4045 ergo
1993 3976 2063 4030 ob
2111 3991 2238 4030 cau-

643 4075 758 4116 sam
790 4060 899 4130 egit
941 4063 1246 4118 maximas?
1295 4064 1446 4132 Quod
1482 4067 1765 4120 eoaduuati
1812 4065 2010 4120 fuerint
2055 4079 2241 4122 contra

643 4154 842 4225 Papam
867 4155 1249 4225 defendentem
1286 4160 1603 4216 traditiones
1649 4161 1917 4232 antiquas,
1942 4162 2081 4232 quod
2115 4177 2244 4218 con-

643 4251 912 4305 senserint
941 4252 992 4305 in
1023 4253 1317 4308 tolerandis
1345 4255 1489 4310 circa
1536 4255 1867 4326 Baptismum
1892 4257 2244 4314 dissensioni-

644 4341 764 4396 bus.
815 4340 1015 4400 Contra
1058 4345 1268 4400 Patrcm
1313 4346 1734 4415 debacchantur,
1780 4349 1848 4404 de
1888 4348 2246 4406 haeresiareha

644 4433 850 4490 Novato
876 4436 1056 4493 silent.

717 4525 781 4582 ll.
809 4529 1012 4585 Textus
1029 4531 1086 4586 S.
1115 4529 1413 4602 Scriptura:
1439 4535 1615 4589 minus
1640 4550 1876 4607 congrue
1899 4536 2124 4592 adhibiti
2160 4538 2242 4592 vi-
2268 4572 2322 4633 Β

648 4624 872 4691 dentur;
916 4639 1015 4680 nec
1065 4627 1203 4698 sapit
1232 4627 1365 4683 illud
1409 4629 1725 4700 voluptibile
1777 4629 2050 4701 gaudium,
2099 4629 2242 4702 quod

722 4776 796 4848 (1)
824 4777 1081 4851 Yideatur
1101 4780 1412 4851 Calepinus,
1441 4800 1472 4840 θ
1514 4786 1789 4841 veteribus
1817 4787 2022 4842 Plinius
2051 4803 2246 4844 secun-

650 4847 784 4931 dus:
817 4847 1467 4931 Ctesartea‘tjappatlocite
1512 4856 1639 4911 olim
1694 4857 1978 4931 dicebatur,
2013 4859 2240 4931 Mazaca.

649 4917 748 4974 Via
779 4920 1047 4976 ordinaria
1077 4917 1398 4994 Carthagine
1429 4927 1730 4982 Cteeaream
1781 4930 1983 4984 institui
2037 4929 2243 4986 debue-

650 5002 734 5070 rat
789 5007 882 5070 per
929 5009 1129 5070 .mare_
1174 4995 1620 5070 Mediterraneum
1673 5014 1859 5055 versus
1938 5001 2240 5070 Ephesum;

651 5063 896 5139 distantia
927 5063 1072 5139 inter:
1091 5066 1358 5134 Ephesum
1389 5079 1444 5123 et
1477 5068 1854 5139 Carthaginem
1882 5063 1994 5126 erit
2022 5063 2239 5128 circiter

652 5135 864 5214 eadem,
895 5151 1014 5205 qua:
1047 5136 1271 5214 [tantam
1303 5141 1440 5193 inter
1465 5151 1519 5194 et
1553 5135 1843 5214 Ephesum.
1872 5142 1979 5198 lter
2002 5145 2250 5214 pedestre

655 5205 871 5274 Epheso
902 5223 1089 5262 versus
1113 5209 1399 5272 Mazacam,
1446 5227 1538 5266 seu
1565 5205 1867 5269 Caesaream
1920 5205 2056 5270 tes-te
2101 5215 2251 5270 Stra-

654 5279 816 5355 bone,
844 5279 874 5334 I.
931 5294 1038 5355 xzv,
1079 5290 1215 5355 sunt
1246 5281 1412 5346 5820,
1443 5284 1652 5349 Stadia;
1710 5301 1836 5355 ergo
1856 5286 1961 5340 475
2006 5286 2248 5340 milliaria

655 5349 928 5423 Romana,
958 5349 1040 5423 vel
1070 5350 1140 5423 (si
1167 5351 1201 5406 5
1227 5355 1469 5408 milliaria
1501 5356 1742 5410 Rmnana
1772 5349 2152 5423 computentur
2183 5355 2249 5412 ad

657 5435 820 5475 unum
853 5421 1506 5498 miltiareﬁermanicum)
1532 5426 1602 5482 95
1630 5423 1877 5482 milliaria
1906 5421 2248 5498 Germanica,

657 5508 884 5569 quorum
1013 5492 1252 5569 efficiunt
1279 5497 1301 5549 ιι
1323 5492 1929 5569 gradumu—Bingham
1961 5516 2011 5552 v.
2047 5501 2101 5565 '5,
2135 5492 2254 5554 An;

659 5563 1037 5650 tiqq.._Ee.cles.
1068 5563 1480 5650 Carthaginem.
1514 5563 1798 5650 collocavit
1839 5571 1904 5650 ἰιι⁵
1943 5563 2110 5650 gradu
2164 5572 2254 5650 ξιξ,

658 5634 1085 5712 longitttdinisﬁet
1107 5635 1194 5712 35,
1221 5634 1532 5712 latitudinis.
1564 5642 1863 5696 Cmsaream
1894 5634 2134 5712 invgtadu
2164 5634 2256 5707 68,

661 5706 850 5784 longit.
883 5718 934 5760 et
964 5706 1032 5762 40
1059 5707 1194 5763 latit.
1230 5709 1438 5764 Distant
1460 5727 1586 5782 ergo
1666 5713 1922 5784 gradibus
1941 5706 2076 5770 latit.
2111 5724 2165 5770 ct
2192 5706 2259 5772 52

661 5777 971 5912 lo"(git/id.
1007 5849 1233 5919 Eusel»,
1268 5850 1305 5904 Ι.
1338 5867 1406 5916 vt,
1442 5868 1558 5923 cap.
1587 5845 1832 5924 ult.,lilt.
1865 5872 1958 5922 vn,
1980 5871 2095 5926 cap.
2131 5857 2185 5914 Β.

2346 3325 2406 3366 se
2433 3325 2496 3364 ea
2525 3309 2715 3380 quies.
2741 3323 2874 3379 papa
2900 3307 3207 3376 Stephanus
3237 3306 3399 3375 impie
3420 3305 3654 3374 gesserit
3681 3315 3786 3358 non
3811 3321 3946 3359 cam-

2347 3411 2792 3469 memoraturum,
2838 3416 2904 3455 ne
2961 3400 3169 3468 longior
3220 3398 3485 3452 inferatur
3533 3399 3828 3460 maestitia;
3873 3405 3946 3449 ast

2348 3495 2486 3550 hanc
2513 3492 2895 3564 praeteritianis
2941 3493 3164 3561 figuram
3212 3490 3408 3559 saepius
3451 3488 3739 3544 audiemus
3779 3504 3950 3545 recur-

2348 3599 2579 3651 rentem,
2604 3597 2658 3641 et
2686 3584 3036 3640 nihilominus
3069 3582 3284 3636 tandem
3309 3581 3677 3652 subsequetur
3709 3589 3945 3636 accurata

2346 3678 2790 3734 commemoratio
2821 3691 3007 3731 eorum
3036 3691 3155 3744 qua:
3176 3673 3234 3728 S.
3253 3674 3563 3744 Stephanus
3586 3674 3755 3746 impie
3775 3689 3952 3746 gesse-

2345 3771 2434 3836 rit,
2469 3784 2590 3840 qute
2617 3769 2912 3840 longiorem
2943 3767 3254 3822 mmstitiam
3279 3766 3491 3820 illatura
3520 3767 3652 3820 sint.

2414 3864 2506 3919 26.
2537 3860 3137 3925 Pseuda-Firtnilianus,
3185 3871 3468 3930 postquam
3494 3859 3835 3929 S.Slephani
3865 3860 3959 3913 im-

2345 3956 2664 4027 probitatem
2687 3954 2783 4008 hae
2804 3954 2974 4024 prima
2993 3953 3106 4006 vice
3126 3949 3558 4022 prattereundam
3580 3965 3700 4006 esse
3725 3951 3959 4012 dixerat,

2344 4063 2415 4103 ne
2445 4045 2758 4103 maestitiam
2785 4043 3005 4107 inferat,
3034 4043 3315 4097 exsultans
3340 4041 3642 4106 revertitur,
3678 4039 3825 4094 unde
3849 4053 3964 4093 cm—

2346 4147 2524 4211 perat,
2549 4139 2734 4193 dicens
2760 4154 2775 4193 :

2424 4250 2443 4283 ι
2478 4229 2608 4285 Cum
2650 4245 2840 4299 magna
2883 4227 3066 4283 ltetitia
3095 4225 3483 4290 exultavimus,
3510 4237 3562 4280 et
3593 4224 3706 4280 Dea
3756 4223 3970 4295 gratias

2346 4325 2576 4394 egimus,
2608 4323 2696 4393 qui
2723 4323 3028 4378 invenimus
3059 4321 3111 4375 in
3137 4320 3394 4375 fratribus
3415 4328 3524 4374 tam
3557 4319 3721 4390 longe
3779 4319 3971 4389 positis

2347 4426 2548 4472 tantam
2579 4417 2857 4472 nobiseum
2899 4414 3023 4471 fidei
3073 4424 3127 4469 et
3172 4414 3416 4468 veritatis
3471 4413 3971 4478 unanimitate")...

2349 4519 2408 4566 ut
2434 4525 2530 4565 vos
2549 4513 2638 4580 qui
2677 4506 3003 4578 longissimis
3054 4505 3369 4577 regionibus
3419 4519 3445 4556 a
3483 4504 3674 4571 _nobis
3737 4505 3973 4575 separati

2347 4605 2497 4668 estis,
2530 4618 2693 4659 sensu
2722 4611 2777 4658 et
2817 4602 3009 4672 spiritu
3041 4600 3324 4671 copulatas
3352 4611 3474 4669 .vos
3497 4613 3622 4653 esse
3686 4601 3977 4655 nobiseum

2348 4697 2675 4770 probaretis.
2711 4713 2730 4746 ο

2421 4789 2462 4844 Ι.
2497 4788 2866 4860 Deprzedicata
2900 4787 2990 4842 illa
3048 4787 3196 4851 fidei,
3247 4794 3301 4841 et
3353 4783 3500 4840 unita
3541 4785 3827 4850 veritatis,
3880 4800 3979 4856 qua

2348 4883 2423 4938 illi
2466 4882 2827 4951 Anabaptistze
2857 4895 2916 4936 se
2945 4895 3106 4935 sensu
3135 4890 3190 4934 et
3219 4879 3407 4948 spiritu
3448 4879 3748 4947 copulatas
3780 4879 3976 4948 proba-

2347 4985 2556 5042 verant,
2585 4975 2956 5030 cansistebant
2985 4975 3037 5028 in
3064 4988 3130 5028 ea
3179 4972 3322 5042 quod
3353 4979 3541 5027 contra
3595 4971 3978 5027 definitionem

2354 5083 2507 5137 papae
2561 5066 2896 5122 manifestam
2954 5064 3182 5120 ltazresin
3230 5066 3472 5119 animose
3501 5073 3976 5136 propugnassent.

2356 5157 2481 5214 hinc
2518 5158 2821 5213 exultantes
2873 5158 2980 5212 Deo
3027 5157 3290 5211 maximas
3335 5164 3558 5227 egerunt
3612 5159 3855 5226 gratias.
3885 5152 3981 5210 Sed

2354 5253 2421 5307 ad
2452 5252 2576 5323 quid
2611 5251 2726 5307 hare
2756 5252 3024 5322 repetitio,
3047 5266 3168 5305 eum
3200 5249 3389 5305 eadem
3415 5250 3525 5318 jam
3545 5263 3724 5319 supra
3751 5251 3974 5306 dixerat.

2353 5345 2418 5401 N.
2447 5345 2539 5403 25.
2575 5346 2639 5400 Et
2676 5344 2778 5401 sibi
2821 5353 3052 5415 tempus,
3083 5352 3144 5398 ut
3195 5341 3552 5414 quaestionem
3615 5343 3977 5415 principalem

2435 5568 2515 5697 (ll)
2549 5569 2801 5626 Videatnr
2831 5571 3113 5637 Eusebius,
3139 5569 3175 5625 l.
3211 5585 3303 5635 vn,
3330 5585 3358 5624 a
3385 5582 3502 5638 cap.
3528 5567 3582 5633 7,
3622 5568 3698 5623 ad
3738 5587 3818 5636 rt;
3865 5571 3976 5624 item

2361 5643 2478 5699 Prae
2507 5654 2604 5699 ιιι..
2634 5661 2685 5696 ιι.
2717 5643 2772 5697 2.

2849 5714 3048 5769 smculo
3080 5731 3130 5789 Υ)
3155 5715 3318 5789 etiam
3336 5712 3393 5768 S.
3428 5711 3814 5789 Augustinum
3845 5709 3975 5768 Iuda:

2363 5784 2619 5856 proditori
2648 5797 3048 5854 compararunt.
3080 5785 3144 5842 γ.
3182 5785 3239 5840 S.
3281 5785 3585 5857 Augustia,
3617 5784 3662 5838 Ι.
3727 5802 3788 5854 ιι,
3844 5793 3973 5841 eant.

2361 5857 2440 5913 lit.
2476 5858 2630 5914 Petit.
2657 5874 2704 5914 c.
2738 5859 2791 5913 8.
