4208 6276
288 320 433 378 1575

1236 324 1326 381 DE
1365 325 1741 384 FIRMILIANI
1781 327 1874 384 AD
1928 329 1984 385 S.
2043 329 2438 387 CYPRIANUM
2481 329 2841 388 EPISTOLA.

3434 335 3598 419 .1574

278 441 471 499 debite
500 451 828 512 pertractare
869 442 1143 514 valuisset,
1174 445 1364 504 deesse
1391 457 1717 520 conquestus
1755 447 1886 504 fuis-
1912 451 1966 514 Α
1993 449 2080 504 uni
2105 447 2312 520 (utique
2345 448 2915 521 pseudo-Firmiliano)
2957 449 3155 520 aliquid
3195 449 3359 506 fuerit
3386 451 3598 506 revela-

285 536 409 590 set?
435 534 500 590 N.
534 535 604 590 st
631 535 730 606 (Ι).

359 628 453 682 27.
490 627 641 682 Tunc
678 627 875 682 iterum
909 628 1173 686 immiscet
1210 633 1456 702 exempla
1497 633 1887 704 scripturistica

290 738 417 795 quae
461 720 644 776 nullus
673 731 1033 790 expectasset.
1078 723 1140 778 E.
1180 740 1262 795 gr.
1299 725 1587 796 Postquam
1629 726 1889 782 inutiliter

284 814 597 886 repetiisset
627 814 936 870 distantiam
970 817 1230 882 locorum,
1264 819 1597 889 ineptissime
1622 829 1889 891 transgre-

284 909 434 966 ditur
459 911 528 965 ad
561 911 874 967 distantiam
909 920 1228 981 temporum.

364 1021 383 1055 ι
422 1004 729 1058 Secundum
759 1003 901 1071 quod
931 1013 982 1058 et
1003 1004 1129 1060 olim
1157 1005 1444 1060 intervallo
1474 1013 1773 1076 temporum
1803 1023 1888 1063 se-

285 1104 505 1167 parates
525 1097 594 1151 ab
620 1095 724 1152 Job
745 1105 803 1152 et
825 1095 937 1151 Noe
959 1097 1045 1166 qui
1079 1097 1130 1151 in
1159 1097 1348 1168 primis
1376 1097 1606 1164 fuerant,
1633 1099 1887 1154 Ezechie-

287 1190 392 1245 lem
420 1199 474 1244 et
515 1189 786 1245 Danielem
829 1191 1156 1260 posteriores
1210 1200 1368 1244 relate
1405 1190 1471 1246 ad
1502 1190 1720 1245 unitatis
1772 1192 1890 1246 vin-

285 1284 468 1339 culum
496 1285 664 1338 virtus
680 1283 860 1338 divina
880 1283 1156 1353 conjunxit
1179 1293 1259 1350 ut,
1284 1285 1529 1354 quamvis
1559 1287 1889 1354 temporibus

285 1375 447 1446 longe
472 1376 690 1432 discreti
725 1386 898 1442 erant,
927 1377 1112 1431 eadem
1134 1387 1312 1432 tamen
1335 1377 1513 1432 divina
1541 1377 1890 1449 inspiratione

283 1477 573 1531 sentirent.
616 1494 634 1528 ι
695 1475 855 1530 Addit
904 1475 1028 1529 huic
1077 1475 1197 1529 loco
1244 1474 1422 1530 minus
1477 1477 1887 1532 convenientem

286 1578 518 1635 textum,
552 1584 744 1639 nempe
792 1584 855 1622 ex
889 1569 978 1623 Ps.
1017 1584 1167 1623 xvm.
1205 1588 1224 1619 ι
1254 1569 1311 1624 1η
1354 1571 1658 1625 universam
1689 1579 1887 1626 terram

291 1664 466 1719 exivit
493 1678 661 1718 sonus
711 1663 1076 1733 eorum...qui
1127 1663 1331 1718 unitate
1377 1663 1597 1732 spiritus
1647 1664 1890 1719 voticiter

282 1765 590 1822 currentes,
617 1763 723 1810 etc.
765 1773 784 1806 ι

1993 548 2128 604 tum,
2161 539 2297 595 alter
2331 548 2510 596 tacere
2537 541 2717 596 debet.
2751 539 2830 595 En
2864 541 2980 611 ejus
3002 541 3198 597 verba:
3237 560 3255 593 ι

2063 633 2154 689 50.
2187 652 2205 685 ε
2242 635 2425 705 Neque
2447 636 2601 690 obest
2637 635 2853 690 utilitati
2887 635 3134 702 salutari,
3167 645 3260 690 aut
3289 635 3476 691 eadem
3510 652 3598 692 re.

1992 735 2176 783 texere
2207 728 2270 782 ad
2300 729 2722 783 confirmandam
2763 731 3044 784 veritatem
3068 773 3081 797 ,
3112 738 3203 784 aut
3231 729 3475 800 qutedant
3505 729 3602 804 ad-

1991 821 2121 877 dere
2136 821 2200 876 ad
2223 821 2600 877 cumulandam
2621 821 3014 892 probationem.
3040 822 3092 878 Si
3120 822 3246 893 quid
3265 831 3446 876 autem
3462 838 3489 875 a
3507 839 3601 876 no-

1991 913 2074 970 bis
2088 914 2326 970 additum
2344 914 2525 980 fuerit,
2547 931 2652 970 non
2678 916 2756 970 sic
2774 915 2988 970 additur
3009 917 3159 985 quasi
3180 931 3204 968 a
3222 915 3376 969 vobis
3397 915 3598 985 aliquid

1991 1008 2171 1062 minus
2199 1009 2400 1063 dictum
2428 1009 2518 1075 sit,
2548 1009 2643 1063 sed
2669 1009 2922 1079 quoniam
2957 1024 3137 1062 sermo
3166 1008 3380 1063 divinus
3413 1008 3602 1063 huma-

1992 1117 2115 1156 nam
2144 1112 2388 1157 naturam
2413 1102 2837 1173 supergreditur,
2867 1118 2964 1158 nec
2993 1112 3170 1174 potest
3208 1112 3375 1158 totum
3406 1112 3459 1158 et
3481 1119 3600 1174 per-

1991 1193 2186 1272 fectum
2210 1197 2384 1249 anima
2408 1195 2995 1266 concipere.—Idcirco
3025 1206 3077 1250 et
3103 1205 3284 1251 tantus
3312 1205 3394 1252 est
3422 1214 3601 1253 nume-

1992 1301 2086 1342 rus
2114 1286 2529 1357 Prophetarum,
2561 1299 2617 1342 ut
2649 1289 2929 1358 multiplex
2958 1288 3135 1343 divina
3189 1290 3449 1359 sapientia
3504 1306 3601 1358 per

1993 1382 2191 1437 multos
2207 1381 2590 1448 distribuatur;
2621 1383 2762 1438 unde
2793 1393 2846 1436 et
2875 1392 3052 1438 tacere
3089 1383 3398 1454 pra‘cipitur
3426 1387 3600 1453 primo

1992 1475 2045 1531 in
2074 1477 2354 1547 prophetia
2385 1475 2643 1547 loquenti,
2703 1479 2746 1532 si
2806 1476 3043 1532 secundo
3083 1475 3241 1531 fuerit
3282 1477 3596 1532 revelatum.

1992 1568 2106 1636 Qua
2137 1585 2200 1624 ex
2234 1583 2393 1623 causa
2429 1570 2735 1623 necessarie
2763 1568 2836 1633 lit,
2881 1577 3011 1635 etc.,
3044 1575 3102 1621 ut
3130 1584 3184 1622 n.
3212 1583 3328 1636 seq.
3366 1587 3384 1620 ι

2064 1661 2269 1717 Omitto
2295 1661 2368 1716 1°.
2404 1661 2547 1714 illam
2582 1661 2866 1716 utilitatem
2909 1661 3199 1716 salutarem
3232 1661 3318 1716 cui
3345 1662 3602 1732 repetitor
3670 1685 3677 1693 -

1993 1771 2053 1812 sc
2095 1772 2201 1810 non
2235 1755 2543 1811 obfuturum
2594 1765 2866 1820 causatur,
2923 1755 3049 1809 dum
3111 1755 3298 1809 eadem
3353 1755 3606 1813 rescribit

357 1807 628 1902 Pamelius
680 1846 772 1918 qui
824 1847 1109 1918 plurimum
1157 1845 1422 1900 laboravit
1449 1846 1501 1900 in
1552 1845 1883 1901 illustrandis
1916 1859 1961 1918 Β
1989 1849 2046 1906 S.
2067 1850 2336 1921 Cypriane
2367 1864 2486 1918 quze
2518 1847 2586 1903 ab
2614 1849 2716 1902 hoc
2747 1807 3049 1918 acceperat.
3080 1848 3258 1903 Taceo
3283 1848 3363 1902 2°.
3389 1849 3458 1904 de
3486 1866 3600 1903 ma-

285 1939 548 2009 epistelis.
573 1938 672 1995 SS.
697 1939 968 2010 Cypriane
993 1949 1044 1992 et
1079 1937 1393 1993 Firmiliane
1425 1938 1714 2004 attributis,
1745 1939 1889 1993 circa

287 2031 562 2103 prmiatam
587 2031 896 2101 periocham
927 2021 1140 2086 tandem
1175 2030 1349 2085 fassus
1388 2040 1508 2086 est:
1540 2050 1557 2082 ι
1596 2032 1704 2098 Qua
1752 2031 1803 2084 in
1833 2045 1892 2086 re

288 2126 431 2182 idem
461 2129 731 2182 senserint
763 2126 874 2182 Noe
895 2135 950 2181 et
985 2126 1168 2181 Daniel
1223 2143 1326 2180 non
1374 2126 1518 2196 potui
1575 2125 1887 2180 invenire...

286 2219 389 2277 Job
414 2230 621 2288 autem,
647 2231 703 2277 et
729 2220 980 2275 Ezechiel
1023 2219 1090 2274 de
1138 2219 1502 2277 resurectione
1548 2219 1725 2273 carnis
1753 2218 1890 2272 idem

288 2312 698 2384 prophetarum,
726 2313 819 2368 ille
842 2328 960 2381 cap.
997 2313 1084 2380 l9,
1117 2312 1203 2368 hic
1231 2328 1358 2367 vero
1381 2313 1472 2367 57.
1510 2331 1529 2364 ι

363 2404 472 2461 Sed
518 2406 628 2475 jam
671 2406 792 2462 dico
821 2416 876 2460 et
930 2405 1263 2475 Stephanum
1322 2420 1442 2459 cum
1469 2402 1608 2460 Jebo
1653 2411 1708 2458 et
1759 2402 1895 2459 Eze-

290 2497 490 2561 chiele,
530 2499 693 2552 immo
744 2509 941 2554 etcum
998 2498 1312 2552 Firmiliano
1358 2507 1412 2552 et
1461 2496 1731 2568 Cypriane
1788 2514 1806 2548 ι
1841 2496 1892 2550 in

296 2591 505 2645 unitate
555 2589 784 2660 Spiritus
828 2589 1084 2644 velociter
1131 2591 1456 2645 cucurrisse.
1497 2609 1515 2641 ι
1577 2588 1705 2657 Quis
1750 2589 1892 2644 enim

291 2679 555 2736 dubitavit
595 2681 652 2738 S.
679 2681 1012 2751 Stephanum
1042 2697 1194 2751 atque
1237 2697 1300 2736 ac
1327 2681 1701 2748 Frmilianum,
1761 2693 1893 2748 etc.,

292 2774 587 2830 credidisse
619 2793 637 2828 ι
668 2777 845 2830 carnis
875 2777 1372 2831 resurrectionem?
1401 2795 1421 2828 ι

367 2868 458 2925 28.
479 2869 829 2940 Prosequitur
849 2885 914 2924 ex
937 2868 994 2925 S.
1011 2870 1288 2939 Scriptura
1314 2870 1542 2940 probare
1566 2870 1706 2940 quod
1735 2885 1897 2926 econ-

293 2962 461 3016 trario
498 2961 832 3034 nihil-prosit
882 2962 1256 3034 prepinquitas
1299 2978 1612 3034 corporum,
1664 2965 1708 3018 si
1759 2965 1898 3020 desit

292 3054 602 3124 conjunctio
629 3055 954 3110 animorum.

365 3146 497 3202 Nam
549 3148 602 3202 in
662 3149 938 3217 Scriptura
981 3148 1218 3218 legitur:
1270 3149 1402 3204 Ecce
1446 3151 1531 3222 qui
1572 3151 1808 3222 etongant
1846 3168 1901 3206 se

1991 1958 2097 2015 gne
2122 1941 2512 2011 Prophetarum
2545 1955 2792 1996 nmnero.
2820 1939 3058 1995 Admitte
3089 1940 3167 1996 5°.
3203 1940 3343 2010 quod
3373 1940 3606 2011 pseudo—

1992 2037 2362 2099 Firmilianus,
2393 2036 2569 2091 llceta
2602 2036 2845 2090 conciliis
2878 2035 3017 2090 Asiae
3057 2034 3274 2106 adjutus
3328 2034 3508 2100 fuerit,
3546 2043 3606 2090 ut

1994 2147 2049 2185 n.
2079 2131 2150 2186 20
2171 2132 2453 2197 asseritur,
2489 2131 2618 2185 nihil
2648 2132 2770 2184 novi
2795 2129 3025 2184 solidum
3078 2131 3129 2184 in
3184 2130 3422 2185 favorem
3465 2146 3600 2185 ana-

1995 2224 2249 2293 baptismi
2295 2223 2666 2300 superaddere
2693 2225 2928 2295 potuerit
2959 2223 3072 2296 (1);
3103 2239 3208 2278 non
3259 2239 3478 2294 pessum
3527 2233 3607 2280 ta-

1996 2331 2120 2370 men
2161 2330 2268 2368 nen
2302 2314 2556 2370 admirari
2583 2315 2658 2370 4⁸.
2711 2320 3018 2382 rationem,
3055 2332 3212 2386 quam
3267 2316 3603 2388 allegaverit,

1997 2421 2096 2461 cur
2123 2406 2310 2461 eadem
2337 2408 2698 2474 recensuerit,
2733 2406 2984 2461 nimirum
3016 2425 3028 2459 :
3067 2425 3085 2458 ε
3122 2407 3388 2475 Quoniam
3427 2422 3608 2463 sermo

1998 2499 2209 2554 divinus
2237 2498 2526 2554 humanam
2552 2510 2796 2554 naturam
2821 2499 3247 2571 supergreditur,
3298 2517 3396 2557 nec
3430 2511 3608 2572 potest

1999 2599 2194 2658 totum,
2250 2600 2303 2645 et
2360 2590 2660 2661 perfectum
2707 2591 2884 2646 anima
2940 2594 3310 2662 concipere.»
3377 2592 3482 2648 Sed
3525 2593 3605 2651 5°.

1998 2685 2239 2738 maxime
2284 2692 2533 2753 suspecta
2582 2682 2714 2737 mihi
2756 2694 2838 2738 est
2893 2683 2979 2738 illa
3032 2684 3150 2739 laus
3208 2688 3444 2756 propria,
3502 2703 3606 2758 qua

1999 2786 2186 2832 auctor
2225 2793 2286 2833 se
2329 2778 2503 2848 ipsum
2562 2778 2816 2843 insinuat,
2849 2787 3118 2848 tamquam
3166 2778 3346 2832 divina
3387 2781 3605 2849 sapien-

1999 2873 2071 2927 tia
2107 2872 2402 2942 repletum,
2430 2880 2700 2942 tamquam
2732 2871 3057 2942 Pmphetam
3096 2871 3334 2926 secundo
3379 2873 3606 2944 loquen-

2002 2973 2140 3031 tem,
2176 2981 2332 3035 quem
2382 2965 2440 3020 S.
2476 2965 2777 3037 Cyprianus
2819 2980 2940 3019 cum
2989 2965 3100 3020 suis
3145 2966 3414 3035 episcopis
3460 2965 3607 3022 Afri-

2000 3060 2182 3125 canis,
2236 3068 2289 3112 et
2349 3074 2448 3113 nes
2491 3075 2610 3113 cum
2674 3058 2779 3113 illis
2827 3059 3133 3114 auscultare
3191 3059 3504 3116 debeamus.
3538 3092 3608 3101 —

2003 3149 2382 3205 Auscultemus
2427 3166 2556 3222 ergo
2599 3150 2741 3206 hunc
2788 3151 3347 3222 pseudo-prephetam
3402 3155 3490 3222 qui
3541 3169 3606 3208 ex

292 3242 382 3296 abs
426 3251 495 3305 te,
528 3243 784 3312 peribunt.
836 3243 964 3297 Item
998 3261 1008 3293 :
1048 3242 1224 3311 Pater,
1273 3245 1359 3310 da,
1395 3255 1448 3297 ut
1495 3245 1748 3314 quomodo
1802 3262 1893 3317 ego
1921 3253 1966 3316 ρ
2001 3241 2223 3312 [πωῆὶιο
2239 3243 2391 3296 Pauli
2420 3254 2565 3298 textu
2598 3243 2675 3314 (Ξ)
2710 3244 3044 3315 ineptissime
3085 3261 3281 3299 novam
3325 3255 3610 3318 extorquet

291 3347 340 3390 et
372 3345 427 3390 tu
453 3353 609 3390 unum
637 3353 832 3404 sumus,
863 3338 936 3391 sic
965 3347 1010 3390 et
1040 3337 1091 3390 lii
1118 3338 1170 3390 in
1197 3339 1340 3392 nobis
1368 3355 1523 3392 unum
1549 3339 1670 3392 sint.

364 3427 406 3482 Ι.
452 3426 664 3482 Primus
709 3437 886 3483 textus
917 3430 1154 3499 loquitur
1177 3429 1246 3485 de
1277 3431 1474 3485 unione
1499 3431 1730 3486 hominis
1772 3445 1896 3486 cum

291 3526 441 3589 Deo;
471 3525 740 3580 secundus
763 3526 950 3582 nuilibi
982 3528 1032 3580 in
1069 3529 1124 3583 S.
1158 3528 1435 3596 Scriptura
1481 3531 1748 3599 reperitur
1795 3530 1895 3583 sub

290 3619 400 3673 illis
458 3617 794 3687 formalibus.
853 3620 1078 3674 Joannis
1128 3636 1279 3686 xvn,
1330 3621 1398 3674 ita
1445 3621 1636 3689 legitur
1681 3638 1693 3674 :
1748 3620 1894 3692 Rogo

291 3727 390 3782 pro
417 3711 556 3766 eis...
585 3723 640 3765 ut
661 3729 818 3766 unum
849 3713 968 3776 sint,
1007 3715 1135 3767 sicut
1166 3723 1218 3765 tu
1247 3711 1406 3766 Pater
1439 3713 1492 3766 in
1532 3730 1611 3767 tne
1645 3723 1691 3767 et
1720 3730 1810 3784 ego
1840 3715 1892 3768 in

289 3815 360 3870 te,
395 3816 448 3859 ut
474 3817 520 3860 et
548 3807 647 3876 ipsi
667 3808 719 3860 in
744 3807 886 3862 nobis
914 3823 1070 3860 unum
1090 3807 1188 3860 sint
1217 3805 1318 3877 (2).

367 3899 431 3953 ll.
463 3899 590 3954 Dein
621 3900 685 3953 ad
715 3900 840 3970 quid
863 3916 1044 3970 qumso
1073 3899 1178 3953 ίιιω
1200 3901 1507 3971 incongrua:
1529 3903 1892 3971 cvagationes,

288 4007 414 4064 qua:
471 3993 618 4048 nullo
667 3993 829 4048 modo
888 4003 1085 4047 statum
1137 3994 1453 4063 qumstionis
1505 3999 1897 4052 concernunt.?

287 4086 372 4142 Ex
402 4086 640 4156 Epistela
673 4101 844 4156 usque
864 4089 967 4142 huc
1000 4088 1139 4142 lecta
1165 4088 1392 4142 necdum
1419 4087 1660 4144 divinare
1687 4090 1890 4159 licebit,

286 4177 436 4248 quod
466 4178 627 4234 fuerit
653 4179 920 4248 obiectum
949 4180 1336 4235 controversi-.e
1360 4181 1498 4236 inter
1526 4181 1626 4236 SS.
1664 4182 1894 4252 Stepha-

285 4285 420 4327 num
450 4280 504 4326 et
527 4271 853 4341 Cyprianum
894 4273 1130 4342 agitatae,
1161 4283 1266 4328 eta
1318 4273 1582 4340 conciliis,
1618 4285 1674 4330 ut
1700 4276 1894 4332 asseri-

288 4374 403 4428 tur,
434 4364 743 4421 solemniter
795 4365 1011 4421 decisa}.
1046 4367 1266 4421 Multum
1304 4367 1456 4423 abest
1487 4377 1544 4423 ut
1574 4370 1713 4426 hanc
1770 4386 1894 4426 mox

285 4454 540 4525 attingat.
575 4465 629 4509 ut
661 4458 836 4526 potius
859 4459 1049 4512 iterum
1079 4459 1183 4512 alio
1210 4469 1488 4530 evagetur.

364 4547 454 4603 29.
487 4545 678 4617 Incipit
724 4549 942 4605 laudare
986 4551 1267 4619 epistolam
1299 4552 1357 4606 S.
1386 4551 1640 4622 Cypriani
1667 4553 1891 4609 dicens:

296 4657 317 4690 ι
356 4637 463 4694 Nos
487 4653 618 4694 vero
641 4655 726 4705 ea,
757 4651 867 4696 etc.
899 4661 919 4694 ›
946 4652 1181 4712 utsupra
1210 4659 1266 4696 n.
1298 4643 1384 4710 i9,

365 4730 528 4786 Addit
557 4749 570 4786 :
625 4731 695 4787 Se
723 4733 926 4802 aliqind
955 4750 1019 4789 ex
1058 4735 1148 4789 illa
1173 4749 1294 4790 esse
1340 4737 1720 4807 repetiturum,
1771 4753 1894 4794 cum

292 4823 410 4878 haec
464 4823 712 4894 repetitio
753 4840 859 4880 non
883 4827 1026 4881 obsit
1069 4826 1283 4881 utilitati
1311 4829 1551 4895 salutari,
1586 4841 1639 4884 et
1694 4830 1894 4900 aliquid

293 4917 418 4972 novi
447 4917 917 4987 superadditurum
937 4919 1002 4973 ad
1026 4919 1465 4974 accumulandam
1499 4924 1892 4991 probationem;

292 5011 390 5067 sed
427 5012 640 5068 interim
671 5027 770 5066 nec
795 5014 1148 5082 quaestionem
1184 5015 1455 5084 proponit,
1487 5030 1587 5071 nec
1638 5018 1754 5071 illas
1795 5033 1894 5072 no-

293 5118 389 5157 vas
418 5105 760 5174 probationes
811 5104 1064 5168 adducit;
1114 5106 1242 5174 quin
1295 5121 1390 5176 per
1422 5122 1594 5162 noras
1640 5109 1896 5178 ambages

294 5196 538 5265 sequitur
563 5197 860 5262 excusatio,
893 5212 991 5251 cur
1016 5199 1128 5268 ipse
1160 5201 1512 5268 qtuestionem
1544 5217 1704 5271 quam
1738 5201 1894 5258 dixe-

295 5298 379 5342 rat
407 5287 862 5343 suflicientissime
883 5303 912 5342 a
929 5288 1198 5359 Cypriane
1227 5290 1386 5344 modo
1410 5293 1685 5359 probatam
1707 5291 1893 5356 fuisse,

297 5380 451 5434 nevis
477 5380 883 5450 probationibus
907 5384 1333 5437 communiturus
1373 5383 1462 5450 sit,
1495 5399 1686 5454 nempe
1736 5383 1894 5439 ideo:

304 5491 322 5524 ι
351 5472 484 5539 Quia
515 5473 566 5526 in
594 5473 837 5529 Ecclesia
868 5473 1066 5529 Christi
1092 5484 1216 5528 sunt
1248 5473 1523 5545 prepheta:
1555 5475 1729 5540 multi,
1752 5483 1819 5533 ,et
1850 5477 1893 5534 si

369 5628 734 5699 (-l)lmpostor
779 5629 844 5684 de
893 5631 957 5700 ea
985 5645 1143 5699 quam
1192 5629 1484 5686 fabricatus
1534 5640 1617 5687 est
1663 5631 1889 5700 epistola

297 5700 639 5767 singulariter
665 5702 880 5770 gavisus
907 5699 1070 5755 fuisse
1099 5700 1329 5755 videtur.

369 5772 450 5840 (“2.)
481 5771 553 5824 Ita
583 5789 794 5843 quoque
823 5780 1077 5826 recttatnr
1106 5788 1132 5823 a
1165 5772 1221 5826 S.
1253 5771 1522 5842 Cypriane
1551 5771 1614 5826 de
1644 5772 1890 5828 Oratione

301 5841 593 5910 Dominica,
621 5841 761 5912 quod
791 5858 926 5913 opus
957 5843 1197 5900 laudatur
1225 5859 1255 5901 a
1288 5841 1346 5901 S.
1379 5843 1581 5903 llilario
1610 5843 1664 5902 in
1695 5843 1882 5901 Matth.

1997 3334 2303 3399 falsitatem.
2336 3353 2529 3406 nempe
2556 3338 2918 3392 necessarium
2943 3353 3064 3392 esse
3101 3349 3154 3391 ut
3182 3338 3407 3406 singulis
3444 3340 3607 3394 annis

1999 3433 2225 3487 concilia
2254 3444 2683 3504 congregemur;
2717 3448 2838 3487 nam
2864 3433 3202 3487 lmmediater
3227 3425 3566 3503 prosequitur
3591 3449 3604 3498 ;

2071 3526 2192 3580 51.«
2213 3526 2325 3594 Qua
2353 3542 2416 3581 ex
2432 3541 2594 3581 causa
2618 3525 2755 3595 apud
2774 3540 2870 3579 nos
2885 3527 2974 3589 sit,
2994 3535 3049 3579 ut
3069 3541 3161 3595 per
3176 3525 3417 3596 singulos
3436 3541 3608 3580 annos

1999 3619 2243 3674 seniores
2274 3628 2326 3674 et
2353 3619 2624 3690 praepositi
2659 3621 2710 3672 in
2745 3635 2908 3673 unum
2948 3621 3335 3674 conveniamus
3384 3619 3450 3673 ad
3493 3619 3605 3673 dis.

2004 3710 2316 3780 ponendum
2345 3727 2407 3765 ea
2433 3728 2552 3780 quae
2580 3727 2724 3766 curm
2748 3723 2945 3765 nostrae
2974 3712 3317 3766 commmissa
3351 3721 3495 3780 sunt,
3529 3721 3605 3777 ut,

2007 3804 2051 3856 si
2085 3819 2202 3873 quae
2225 3805 2468 3873 graviora
2497 3814 2638 3869 sunt,
2674 3804 2947 3858 comtmmi
2995 3804 3226 3860 conslllo
3280 3805 3604 3878 dirigantur,

2000 3895 2165 3964 lapsis
2183 3911 2396 3964 quoque
2418 3905 2524 3950 etc.
2553 3907 2608 3949 ut
2631 3913 2682 3949 η.
2709 3911 2825 3964 seq.
2867 3915 2885 3947 ι
2933 3902 2940 3910 “

2071 3987 2111 4041 1.
2139 3988 2276 4054 Quid
2298 4005 2389 4057 per
2415 3989 2732 4058 przepesitos
2774 4003 2910 4058 quos
2940 3989 3244 4044 senioribus
3277 3991 3601 4060 pestpesuit,

1997 4079 2332 4135 intellexerit
2370 4089 2554 4134 noster
2603 4080 3123 4150 pseudo-prepbeta,
3166 4080 3452 4135 obscurum
3503 4094 3604 4149 est,

1997 4187 2050 4226 ν.
2078 4187 2239 4241 supra
2269 4189 2321 4227 n.
2357 4173 2410 4228 5.
2447 4172 2666 4228 Videtur
2697 4172 2862 4228 fuisse
2886 4174 3001 4243 ipse
3025 4189 3160 4229 unus
3184 4192 3249 4230 ex
3276 4175 3603 4245 senioribus,

1998 4268 2083 4323 vel
2120 4269 2444 4339 praepositis,
2500 4276 2708 4322 amator
2751 4269 3102 4324 conciliorum
3153 4286 3330 4325 annue
3374 4285 3606 4340 Congre-

1997 4363 2312 4434 gandorum,
2347 4363 2540 4434 quibus
2581 4363 2845 4418 interesse
2888 4365 3094 4434 gestlit,
3125 4366 3211 4419 vel
3244 4364 3486 4419 assidere
3512 4381 3606 4419 cu-

2000 4457 2095 4526 piit
2124 4457 2230 4527 ('5),
2262 4471 2383 4511 cum
2415 4467 2468 4511 et
2493 4457 2629 4510 hanc
2657 4456 2996 4525 disciplinam
3027 4474 3092 4513 ex
3122 4473 3273 4512 sacra
3299 4459 3601 4527 Scriptura,

2003 4564 2193 4618 nempe
2219 4565 2283 4604 ex
2308 4549 2326 4603 l
2353 4549 2482 4605 Cor.
2515 4565 2623 4614 xiv,
2656 4550 2888 4619 probare
2911 4551 3161 4604 voluerit.

2060 4641 2125 4698 ll.
2146 4642 2258 4698 Lex
2281 4643 2346 4698 de
2360 4643 2579 4715 synodis
2603 4659 2779 4697 annue
2793 4642 3134 4698 celebrandis
3152 4651 3393 4699 estmere
3417 4643 3604 4699 huma-

2075 4779 2154 4854 (l)
2209 4781 2480 4854 Praecipua
2527 4788 2844 4851 argumenta
2890 4779 2972 4854 vel
3021 4795 3086 4854 ex
3145 4780 3350 4854 ratione
3386 4780 3467 4834 vel
3535 4796 3602 4836 ex

2002 4849 2276 4921 Scriptura
2303 4849 2612 4920 desumpta,
2635 4867 2755 4922 qum
2785 4849 3363 4919 pseudo-Firmiliaqus
3405 4868 3599 4922 suppe-

2000 4923 2302 4978 raddidisse
2349 4923 2629 4992 gloriatur,
2682 4923 2860 4976 onmia
2933 4923 3196 4977 habentur
3244 4923 3294 4975 in
3357 4925 3600 4992 epistolis

2000 4993 2602 5066 Cyprianeadscriptis.

2077 5066 2153 5134 (2)
2186 5065 2224 5118 I.
2257 5065 2381 5118 Cor.
2425 5080 2535 5118 xw.

2077 5067 2132 5134 (2
2186 5067 2224 5118 1.
2257 5067 2381 5118 Cor.
2425 5080 2535 5118 xw.

2074 5067 2153 5208 (δὲ
2179 5136 2272 5190 Illa
2306 5135 2517 5205 phrasis
2543 5153 2554 5188 :
2582 5136 2852 5208 praepositi
2882 5138 3121 5208 occurrit
3141 5144 3194 5188 et
3223 5135 3275 5189 in
3315 5132 3599 5207 Cypriani-

2000 5207 2097 5272 cis,
2131 5217 2321 5260 octava
2349 5208 2448 5260 sub
2478 5207 2630 5260 titulo
2658 5209 2786 5261 cleri
2815 5208 3036 5260 Romani
3061 5207 3125 5259 ad
3153 5207 3503 5278 Cyprianum,
3544 5209 3593 5261 iu

1999 5295 2101 5349 qua
2130 5279 2308 5349 clerus
2339 5278 2608 5334 liontantts
2629 5279 2702 5331 ait
2727 5295 2738 5329 :
2782 5278 2881 5342 Qui
2911 5279 3137 5329 uidemur
3183 5279 3442 5349 μηνί)οεὶιί
3466 5294 3593 5342 esse,

2001 5348 2047 5403 et
2070 5351 2176 5404 vico
2207 5348 2436 5404 Pastoris
2465 5349 2718 5402 custodire
2748 5364 2970 5418 gregem.
3007 5349 3151 5418 ltetn,
3183 5351 3232 5401 in
3272 5348 3371 5414 Ep.
3418 5349 3470 5411 7,
3510 5349 3592 5416 Η,

2004 5421 2092 5485 15,
2127 5419 2438 5484 15,215.27,
2469 5428 2523 5472 et
2576 5420 2640 5472 ad
2688 5417 2931 5486 Magnum
2976 5418 3080 5473 76:
3128 5417 3338 5472 Nemini
3380 5421 3596 5485 prescri-

2001 5491 2192 5558 bentes,
2239 5507 2340 5561 quo
2389 5491 2555 5542 minus
2608 5499 2802 5544 statuat
2866 5490 3208 5557 unusquisque
3262 5492 3590 5559 praepositus.

2000 5562 2360 5617 Tertulliamts
2392 5561 2706 5614 Montanista
2739 5561 2805 5614 de
2837 5561 3042 5614 Corona
3086 5561 3264 5614 Militis
3293 5576 3341 5614 c.
3373 5563 3442 5616 ὃς
3480 5561 3590 5614 Eu-

1997 5633 2290 5686 clmristiam
2319 5632 2502 5686 nonde
2531 5632 2750 5684 aliorum
2796 5648 2967 5693 manu,
3008 5648 3159 5700 quam
3209 5633 3592 5702 pra’sidentittnt

1996 5705 2261 5758 sumimus.
2281 5704 2392 5764 Non
2423 5717 2636 5769 possum
2665 5703 3006 5758 subscribere
3023 5702 3327 5771 Sellraggio
3343 5719 3592 5757 asseren-

1996 5775 2054 5837 ti,
2085 5776 2118 5832 Ι.
2153 5791 2190 5842 l,
2222 5789 2270 5832 c.
2299 5777 2385 5843 1'2,
2420 5776 2446 5844 ᾗ
2473 5776 2527 5833 4.
2564 5775 2752 5831 titulos
2779 5775 3182 5844 pralpositorum
3216 5786 3268 5826 et
3296 5791 3407 5843 przu
3431 5794 3473 5825 -ιε
3501 5791 3596 5827 ett-

1993 5847 2125 5902 tium
2151 5848 2400 5917 proprios
2427 5847 2594 5907 fuisse
2614 5846 2892 5917 episcopis
2922 5845 2976 5901 iu
3007 5845 3250 5902 Ecclesia
3296 5846 3600 5914 primitira-
