4208 6276
589 239 730 299 1575

1909 240 2357 298 DlSSERTATIO
2395 241 2435 308 l,

3760 247 3877 302 157

591 361 1075 427 no—ecclesiastiea,
1097 361 1324 432 primam
1358 361 1563 418 habens
1588 362 1846 432 originem
1869 377 1932 417 ex
1951 362 2190 417 Concilio
2217 365 2267 424 Α
2299 369 2474 416 tamen
2537 359 2891 432 subjiciebant
2944 361 3286 431 rigidioribus
3311 404 3324 427 ,
3367 372 3421 418 et
3461 373 3722 434 praeterea
3791 366 3914 424 Deo

590 454 809 512 Nicmno
831 471 869 518 l,
898 454 1038 524 quod
1063 469 1206 508 anno
1233 454 1338 511 5‘25
1366 455 1630 526 (adeoque
1679 455 1769 509 diu
1811 465 1928 525 post
1960 467 2187 509 tuorlent

594 548 654 606 S.
694 548 1016 619 Firmiliani)
1053 550 1280 618 primum
1319 551 1559 604 decrevit
1599 565 1720 605 can.
1765 551 1834 606 5:
1862 571 1879 603 ι
1918 551 2190 605 Habeatur

593 643 763 698 semcl
789 642 1074 698 concilium
1106 654 1230 698 ante
1254 643 1369 697 dies
1402 644 1842 715 quadragesimae.
1883 662 1901 696 ι
1936 644 1990 698 1η
2021 643 2190 698 histo-

597 735 675 792 ria
706 735 926 790 Eusebii
956 737 1173 789 ineunte
1202 737 1402 791 ειυριιιιι
1424 753 1496 804 ιν,
1514 739 1821 806 conscripta
1850 736 2079 793 necdum
2103 751 2192 791 oc-

601 830 771 885 currit
791 830 873 884 vel
897 831 1175 884 minimum
1199 829 1475 897 iudicium,
1493 832 1634 902 quod
1661 833 1884 903 singulis
1898 833 2054 887 annis
2075 834 2193 904 epi-

597 924 776 996 scopis
805 924 856 977 in
888 941 1048 977 unum
1073 925 1429 992 convenirint,
1460 929 1541 982 vel
1571 928 1875 983 necessario
1904 929 2194 982 convenire

597 1019 904 1075 debuerint.
936 1014 1196 1091 Equidem
1225 1023 1485 1094 Dupiuius
1506 1022 1586 1094 (l)
1610 1022 1943 1077 confidenter
1963 1023 2191 1077 asserit:

605 1129 624 1162 ι
663 1109 922 1166 Solebant
951 1113 1191 1169 Africani
1221 1116 1418 1170 saaculo
1446 1131 1521 1181 ιιι,
1555 1115 1663 1168 duo
1693 1117 1981 1185 quotannis
2002 1131 2197 1185 cogere

600 1204 848 1272 c0ncilia,
881 1221 1042 1260 unum
1071 1206 1228 1272 Vere,
1262 1208 1490 1262 alterum
1523 1207 1810 1262 Autumno.
1855 1228 1874 1260 ι
1912 1210 2007 1263 Ast
2061 1209 2198 1263 hanc

601 1311 752 1350 suam
812 1299 1166 1354 assertionem
1212 1300 1440 1369 probare
1493 1301 1694 1355 omisit.
1754 1300 1962 1354 Adduci
2017 1299 2196 1356 forsan

605 1397 787 1458 posset
827 1391 1028 1444 Auctor
1076 1392 1424 1462 epistolarum
1474 1392 1933 1464 Cyprianicarum,
1989 1394 2078 1463 qui
2133 1393 2200 1450 de

606 1481 748 1535 nulla
792 1500 848 1537 re
875 1481 1209 1554 frequentius
1231 1485 1466 1555 loquitur
1489 1502 1646 1555 quam
1671 1485 1738 1540 de
1765 1485 2016 1541 conciliis
2047 1487 2200 1556 quasi

605 1575 845 1645 quotidie
876 1578 1158 1633 celebratis
1183 1595 1197 1642 ;
1227 1595 1412 1634 verum
1472 1596 1576 1634 non
1622 1590 1831 1635 constat
1860 1581 1978 1635 illas
2002 1583 2203 1650 episto-

606 1667 684 1722 las
711 1683 831 1723 esse
861 1672 1223 1736 authenticas,
1255 1671 1420 1745 immo
1446 1672 1549 1727 alia
1593 1673 1707 1728 vice
1731 1683 2042 1728 ostensurus
2084 1688 2200 1728 sum

606 1776 717 1826 eas,
743 1762 916 1832 quoad
945 1765 1229 1818 maximam
1265 1775 1490 1835 partem,
1520 1781 1640 1820 esse
1672 1767 2057 1836 supposititias.

680 1855 765 1910 Ill.
799 1854 1066 1911 Craterum
1091 1859 1176 1911 illa
1205 1859 1272 1913 de
1301 1859 1542 1914 conciliis
1575 1859 1881 1930 frequenter
1919 1861 2201 1916 celebran-

606 1949 689 2004 dis
714 1949 978 2018 doctrina,
998 1953 1110 2008 sive
1131 1953 1417 2023 originem,
1435 1954 1550 2010 sive
1580 1957 1736 2009 linem
1756 1957 2199 2025 spectaverimus,

606 2042 695 2098 hic
737 2045 956 2099 omnino
1011 2045 1361 2115 impertinens
1387 2056 1524 2112 erat,
1582 2048 1714 2101 nihil
1755 2049 2090 2104 conducebat
2137 2049 2203 2104 ad

606 2146 804 2192 statmn
832 2137 1175 2207 quaestionis;
1207 2137 1272 2192 ad
1301 2139 1426 2209 quid
1458 2154 1588 2209 ergo
1616 2140 1718 2194 illa:
1739 2141 2080 2210 evagationes
2103 2141 2200 2194 ho-

607 2231 767 2286 minis
794 2234 1051 2289 velociter
1076 2236 1383 2303 scribentis,
1412 2235 1536 2290 dum
1560 2234 1734 2289 adhuc
1763 2235 1922 2288 aliam
1959 2249 2200 2302 causam,

609 2340 703 2381 cur
733 2327 956 2382 concilia
985 2329 1209 2399 singulis
1234 2330 1390 2384 annis
1421 2329 1528 2382 sint
1556 2327 1902 2392 celebranda,
1933 2327 2203 2400 Cypriane

609 2419 915 2488 prescribit,
949 2419 1106 2474 simul
1146 2436 1338 2476 novam
1385 2420 1693 2491 opinionem
1725 2419 2006 2486 admiscet,
2056 2436 2202 2475 eam-

610 2525 713 2581 que
744 2511 1069 2567 hwreticam.
1103 2515 1191 2569 Ait
1223 2533 1236 2570 :

682 2605 774 2660 52.
810 2625 828 2658 ι
864 2606 929 2662 Ut
961 2608 1120 2676 lapsis
1169 2627 1385 2680 quoque
1410 2610 1663 2666 fratribus
1696 2619 1750 2664 et
1783 2619 1904 2678 post
1931 2611 2204 2666 lavacrum

611 2697 844 2752 salutare
870 2715 898 2751 a
929 2700 1144 2756 diabolo
1173 2703 1488 2770 vulneratis,
1543 2718 1636 2772 per
1667 2702 2037 2773 paenitentiam
2088 2718 2203 2757 me-

613 2791 732 2846 dela
762 2805 1050 2862 qumralur,
1083 2810 1185 2849 non
1211 2798 1360 2866 quasi
1384 2811 1413 2850 a
1444 2797 1596 2850 nobis
1621 2796 1993 2852 remissionem
2024 2811 2207 2864 pecca-

616 2894 792 2941 torum
834 2899 1250 2959 consequantur,
1309 2889 1402 2944 scd
1438 2902 1494 2943 ιιι
1531 2905 1627 2960 per
1653 2904 1751 2943 nos
1801 2888 1865 2942 ad
1902 2889 2206 2957 intelligen-

612 2978 739 3033 tiam
772 2979 1090 3034 delictormn
1112 2997 1330 3037 suormn
1350 2992 1755 3051 convertantur,
1784 2991 1839 3037 et
1867 2983 1974 3038 Deo
1998 2981 2209 3053 plenius

612 3069 926 3126 satisfacere
951 3082 1230 3142 cogantur.
1271 3092 1290 3125 ι

2233 1768 2280 1827 Β

2297 456 2682 526 permittendus
2707 472 2826 512 esse
2849 456 3118 512 volebant.

2371 550 2656 604 Doiiatista:
2707 550 2904 606 saeculo
2956 565 3031 615 Iv,
3081 551 3224 604 circa
3276 565 3471 604 annum
3531 552 3674 614 5H,
3713 553 3910 608 exorti

2298 642 2548 712 praefatos
2595 641 2780 696 Novati
2827 658 3040 697 errores
3069 642 3301 712 amplexi
3334 651 3459 696 sunt
3499 642 3602 714 (l).
3665 643 3912 713 Insuper

2295 737 2614 791 addiderunt
2646 737 2784 806 quod
2819 746 3128 807 peccatores
3151 735 3341 790 Saltem
3369 737 3644 805 graviores
3699 747 3761 791 et
3811 752 3912 806 pu-

2297 831 2418 886 blici
2453 830 2556 900 (‘2),
2587 847 2690 885 non
2725 840 2944 901 possent
2974 829 3146 883 valide
3178 829 3511 898 Baptismuin
3552 830 3636 884 vel
3675 830 3785 883 alia
3820 845 3914 883 sa—

2298 936 2570 978 cramenta
2612 922 2878 978 conferre.
2929 922 3123 978 Noster
3153 921 3743 993 pseudo—Firmiliamis
3793 923 3912 976 vult

2299 1033 2474 1070 annue
2538 1016 2776 1088 synodos
2833 1030 2953 1071 esse
3008 1015 3382 1079 celebrandas,
3432 1016 3481 1068 in
3533 1017 3718 1085 quibus
3773 1032 3913 1085 pec-

2299 1120 2511 1164 catores
2552 1126 2656 1163 non
2707 1109 2922 1179 quidem
2953 1124 2980 1162 a
3012 1108 3317 1164 senioribus
3345 1109 3698 1162 absolvantur
3725 1109 3909 1163 mise-

2301 1202 2605 1266 ricorditer,
2641 1203 2732 1257 sed
2762 1203 2794 1255 ii
2817 1201 2913 1271 qui
2942 1216 2970 1254 a
3008 1200 3229 1254 Diabolo
3273 1198 3534 1254 vulnerati
3563 1210 3711 1265 sunt,
3739 1216 3908 1255 seve-

2302 1299 2412 1353 rius
2439 1300 2786 1368 castigentur,
2815 1312 2930 1364 seu,
2961 1309 3017 1352 ιιι
3040 1298 3154 1366 ipse
3186 1298 3296 1352 ait:
3337 1316 3356 1349 ι
3394 1298 3459 1352 ad
3489 1298 3907 1367 intelligentiam

2303 1408 2521 1447 suorum
2583 1394 2902 1448 delictorum
2973 1403 3359 1448 convertantur
3407 1409 3468 1448 ac
3520 1394 3632 1450 Deo
3691 1396 3906 1464 plenius

2306 1485 2655 1539 satisfaciant.
2701 1503 2720 1537 ι

2379 1577 2475 1631 llic
2495 1578 2641 1647 rigor
2671 1591 2886 1646 semper
2911 1577 3118 1631 alienus
3142 1575 3242 1632 fuit
3261 1576 3328 1630 ab
3357 1577 3593 1632 Ecclesia
3630 1578 3907 1634 Romano-

2305 1669 2604 1732 Catbolica,
2632 1671 2880 1740 proprius
2909 1669 3219 1724 Novatianis
3249 1680 3300 1724 et
3334 1669 3651 1725 Donatistis.

2382 1764 2469 1818 55.
2496 1763 2736 1818 Tandem
2790 1762 3077 1833 aliquando
3120 1761 3725 1831 pseudo-Firmilianus,
3763 1775 3908 1834 post-

2308 1871 2469 1926 quam
2521 1868 2625 1910 tam
2675 1858 2819 1911 varia
2873 1858 2938 1912 ad
2988 1866 3184 1910 statum
3236 1857 3551 1927 qua‘stionis
3598 1859 3909 1913 nullatenus

2307 1951 2650 2021 pertinentia,
2681 1952 2901 2020 insuper
2927 1950 3078 2016 falsa,
3107 1952 3188 2006 vel
3223 1951 3452 2006 hrcresin
3479 1953 3740 2022 sapientia
3762 1969 3907 2022 pra:-

2309 2045 2542 2098 misisset
2567 2061 2594 2098 a
2625 2062 2677 2099 ιι.
2719 2045 2801 2112 l8,
2831 2045 2897 2099 ad
2928 2044 3017 2111 52,
3072 2059 3214 2100 nunc
3252 2045 3440 2114 incipit
3467 2061 3521 2100 se
3543 2046 3910 2101 accomodare

2309 2138 2392 2202 iis,
2449 2139 2516 2192 de
2542 2140 2734 2208 quibus
2764 2153 2823 2193 se
2848 2155 2877 2193 a
2909 2138 2968 2193 S.
3001 2137 3271 2209 Cypriane
3304 2139 3675 2208 interrogatum
3727 2138 3911 2196 fuisse

2308 2229 2547 2296 simulat,
2595 2245 2788 2300 nempe
2814 2273 2826 2296 ,
3404 2298 3408 2300 _

2387 2339 2404 2372 ι
2436 2322 2519 2375 An
2563 2321 2863 2391 Baptismns
2909 2322 3028 2376 ideo
3075 2322 3296 2393 pI‘IBClse
3325 2324 3396 2378 sit
3440 2309 3740 2390 invalidus,
3783 2325 3905 2396 quia

2310 2413 2588 2484 baptizans
2628 2414 2725 2469 fuit
2772 2415 3105 2471 haereticus?
3139 2437 3157 2469 ι

2382 2506 2619 2576 Negabat
2650 2507 2790 2577 Papa
2832 2510 3102 2563 traditioni
3135 2511 3441 2580 apostolica:
3469 2511 3690 2566 innixus
3710 2555 3725 2578 ,
3753 2522 3907 2583 negat

2311 2600 2560 2654 universa
2597 2603 2831 2656 Ecclesia
2875 2601 3175 2659 Catholica.
3230 2605 3287 2660 S.
3339 2604 3643 2677 Cyprianus
3672 2619 3724 2662 et
3768 2608 3907 2662 Afri-

2313 2695 2431 2748 cani
2461 2695 2708 2765 Episcopi
2740 2696 2805 2750 de
2828 2699 3051 2752 veritate
3067 2697 3328 2768 dogmatis
3344 2697 3612 2755 Catholici
3637 2701 3907 2757 dubitasse

2313 2788 2583 2848 dicuntur.
2603 2789 2690 2858 qui
2708 2789 2865 2859 igitur
2877 2805 2940 2844 ex
2964 2788 3302 2861 Cappadocia
3318 2793 3601 2846 consilium
3623 2796 3905 2862 quaesiere.

2313 2871 2895 2951 pscudo-Firmilianus
2943 2883 3222 2938 affirmat:
3266 2885 3360 2939 scd
3409 2900 3526 2939 cum
3568 2887 3757 2947 timere
3805 2888 3910 2942 de-

2315 2974 2492 3029 buerit
2550 2975 2650 3029 sibi
2708 2975 2957 3030 defutura
3006 2992 3127 3032 esse
3191 2989 3496 3048 argumenta
3547 2979 3900 3046 sufficientia,

2313 3067 2507 3138 quibus
2560 3068 2900 3123 traditionem
2949 3071 3298 3139 apostolicam
3347 3087 3649 3142 expugnare
3692 3073 3913 3142 potuis-

684 3163 764 3218 Ex
813 3165 987 3218 causis
1039 3166 1377 3234 gravioribus
1415 3166 1484 3220 ob
1535 3181 1666 3237 quas
1715 3165 2209 3236 pseudo-Firmilia-
2236 3165 2280 3226 C
2316 3172 2419 3227 set,
2467 3164 2679 3227 iterum,
2703 3175 2988 3234 antequam
3017 3164 3364 3234 quazstionem
3395 3169 3657 3237 attingere
3685 3169 3903 3233 audeat,

615 3269 714 3310 nus
763 3257 987 3328 singulis
1018 3258 1175 3311 annis
1223 3257 1472 3330 Synodos
1525 3263 1830 3315 necessario
1869 3273 1922 3336 et
1957 3278 2022 3316 ex
2055 3262 2205 3316 Pauli

614 3350 930 3420 praescripto
968 3352 986 3420 (
1013 3365 1067 3404 ιι.
1100 3351 1187 3405 51.
1218 3353 1235 3420 )
1279 3351 1630 3406 celebrandas
1687 3367 1806 3408 esse
1835 3365 2040 3417 censet,
2075 3371 2206 3408 non-

612 3441 715 3496 nisi
749 3443 956 3496 uniCam
1002 3443 1270 3510 nominat,
1303 3458 1498 3512 nempe
1529 3456 1583 3496 ut
1624 3443 1780 3513 lapsi,
1830 3454 1885 3498 et
1940 3447 2204 3516 paeniten-

615 3545 696 3592 tes
748 3537 958 3605 publice
1001 3537 1430 3604 discrucientur;
1467 3537 1580 3591 haec
1601 3551 1728 3589 vero
1769 3541 1905 3594 ratio
1947 3541 2077 3594 mihi
2125 3542 2202 3593 vi-

617 3629 775 3686 detur
799 3631 955 3686 valde
985 3639 1253 3698 suspecta.
1292 3631 1427 3686 llinc
1475 3633 1704 3702 conjicio
1731 3643 2009 3687 auctorqu
2043 3633 2206 3689 fuisse

614 3725 697 3780 vel
731 3724 1080 3779 Novatianum
1112 3724 1196 3780 vel
1240 3725 1595 3794 Donatistam,
1645 3728 1998 3797 posteriorem
2029 3736 2210 3781 tamen

614 3820 947 3889 temporibus
979 3821 1035 3876 S.
1066 3822 1365 3892 Augustini,
1400 3821 1565 3876 immo
1613 3831 1667 3877 et
1694 3823 1928 3878 Socratis
1959 3834 2012 3878 et
2044 3823 2212 3880 Sozo-

615 3914 756 3968 meni
804 3913 1218 3969 Novatianorum
1261 3913 1366 3988 (2),
1420 3923 1604 3985 utpote
1649 3917 1738 3986 qui
1772 3916 1970 3970 nullam
2002 3915 2070 3972 de
2099 3916 2204 3973 fata

614 4007 854 4078 Epistola
887 4009 1248 4064 Firmilianica
1273 4015 1598 4066 mentionem
1625 4011 1843 4064 faciunt.

687 4101 876 4156 Novati
928 4102 1150 4158 ha‘resis
1195 4105 1357 4173 empit
1386 4105 1529 4158 circa
1581 4121 1777 4158 annum
1828 4103 1976 4168 250;
2023 4114 2210 4160 contra

615 4195 756 4251 hanc
785 4197 1017 4251 maxime
1063 4198 1335 4266 ipugnavit
1381 4198 1436 4253 S.
1471 4198 1834 4263 Firmiiianus,
1865 4209 1919 4255 et
1951 4209 2125 4254 tamen
2157 4199 2208 4253 in

617 4306 678 4346 ea
706 4306 864 4360 quam
895 4290 1265 4346 examinamus
1290 4293 1514 4361 epistola
1547 4293 1865 4348 altissimum
1893 4293 2212 4348 observatur

616 4384 886 4438 silentium
939 4384 1006 4438 de
1048 4383 1272 4449 Novato,
1327 4386 1410 4439 vel
1466 4385 1620 4455 hujus
1653 4386 1867 4454 haeresi,
1903 4389 2066 4440 immo
2096 4386 2210 4442 haec

616 4473 944 4530 defenditur.
1013 4475 1144 4529 Nam
1196 4492 1407 4531 errores
1465 4476 1878 4532 Novatianorum
1943 4480 2209 4550 praecipue

616 4565 849 4632 fuerant;
878 4569 1124 4624 Primus:
1156 4566 1308 4634 Quod
1341 4569 1787 4637 rebaptizavcrint
1813 4585 1908 4624 eos
1938 4571 2026 4640 qui
2057 4580 2209 4624 extra

617 4675 769 4714 suam
803 4661 1096 4715 Ecclesiam
1132 4663 1337 4716 fuerant
1369 4663 1554 4727 lincti;
1585 4663 1862 4717 Secundus
1900 4683 1910 4717 :
1944 4665 2084 4732 quod
2113 4665 2209 4719 do-

617 4753 826 4808 cuerint
875 4755 1169 4809 Ecclesiam
1202 4755 1504 4810 nullatenus
1534 4771 1691 4825 posse
1720 4757 1960 4826 graviora
1996 4767 2210 4826 peccata

618 4849 898 4905 remittere
932 4849 1097 4921 lapsis
1144 4850 1267 4904 licet
1293 4849 1537 4905 cmitt'itis
1566 4858 1619 4905 et
1648 4851 2030 4918 pmuitenttbus
2063 4869 2075 4915 ;
2113 4853 2211 4907 hos

618 4956 747 5012 ergo
798 4941 864 4997 ad
900 4944 1247 4998 Sacramenta
1295 4957 1403 4996 non
1451 4941 1826 5012 admittebant,
1877 4943 2212 5012 preiiitentiis

691 5079 773 5149 (1)
805 5078 860 5133 lu
889 5079 1210 5133 bibliotheca
1243 5095 1400 5144 nova,
1427 5079 1592 5133 verbo
1620 5078 1930 5149 Cyprianus.

695 5151 777 5221 (ἓ)
809 5151 1150 5219 Scripserunt
1177 5151 1232 5205 S.
1269 5150 1599 5220 Augustinus
1621 5167 1762 5204 anno
1790 5151 1914 5216 .120,
1963 5152 2216 5208 Socrates

621 5232 676 5276 et
703 5225 1035 5278 Sozmneuus
1062 5222 1191 5283 440,
1221 5238 1327 5292 quo
1359 5222 1546 5276 ultimo
1565 5233 1807 5290 tempore
1832 5221 2115 5278 Novatiani
2147 5240 2217 5280 ex

621 5295 907 5362 rigorismo
959 5294 1009 5347 in
1055 5293 1343 5347 laxismnm
1387 5294 1496 5362 jam
1541 5293 1962 5360 dt'Cilllth‘rilnl,
1994 5306 2220 5350 conten-

622 5364 836 5437 dentes,
884 5364 1202 5435 cnicumque
1258 5367 1514 5420 Ecclesia}
1559 5363 1865 5437 particulari
1898 5380 2068 5437 suam
2099 5384 2217 5437 qua:

626 5435 974 5505 praeplaceret
1026 5438 1362 5504 disciplinain
1421 5451 1542 5491 esse
1585 5435 1999 5502 permittendum
2051 5435 2211 5505 iu'jeo

617 5508 823 5576 juniis.
893 5507 943 5559 in
1004 5507 1288 5574 ca-libatn,
1358 5509 1409 5562 in
1486 5507 1845 5561 celebratione
1913 5509 2213 5574 fcstovum,

623 5579 899 5647 signanter
960 5579 1236 5633 Paschalis
1272 5623 1285 5645 ,
1361 5580 1410 5632 in
1465 5587 1801 5633 sacramento
1864 5580 2217 5634 Confessiouis

625 5649 762 5714 apml
811 5651 1145 5704 Sacerdotem
1197 5651 1550 5717 thpOtIelltl:_l‘,
1594 5650 1675 5703 vel
1715 5665 1818 5701 non
1862 5649 2215 5718 deponeudm.

625 5718 990 5789 Revideantur
1046 5718 1297 5776 Socrates
1327 5722 1363 5774 Ι.
1417 5738 1472 5784 v,
1517 5736 1637 5789 cap.
1691 5720 1755 5774 l9
1803 5731 1857 5773 et
1905 5720 2218 5784 22;Sozo~

631 5801 773 5839 men.
802 5787 838 5839 Ι.
871 5803 963 5855 vn,
997 5807 1116 5858 cap.
1145 5794 1256 5866 16.,
1289 5798 1378 5866 qui
1403 5787 1629 5878 uterque
1651 5792 1980 5856 Novatianus
1999 5789 2116 5849 fuit.

2237 4520 2290 4580 D

2311 3269 2626 3326 sequentem
2675 3261 2947 3327 praemittit
2989 3261 3408 3322 excusationem,
3468 3279 3665 3332 nempe
3721 3281 3734 3316 :
3801 3265 3906 3319 sibi

2313 3349 2503 3404 deesse
2549 3366 2752 3403 moram
2788 3352 3066 3421 temporis,
3126 3361 3182 3406 ut
3223 3352 3402 3408 debite
3452 3355 3782 3424 respondere
3809 3372 3906 3426 po-

2315 3443 2511 3507 tuerit;
2542 3443 2616 3496 ait
2644 3445 2787 3498 enim
2820 3462 2833 3498 :

2383 3534 2472 3587 54.
2522 3552 2540 3584 ι
2580 3535 2840 3602 Quoniam
2867 3536 3069 3607 legatus
3105 3553 3235 3593 vero
3251 3538 3348 3594 iste
3370 3541 3570 3594 avobis
3604 3543 3794 3597 missus
3822 3560 3910 3599 re-

2312 3626 2462 3696 gredi
2496 3626 2797 3690 festinabat,
2829 3639 2883 3683 et
2909 3641 3116 3699 tempus
3143 3631 3439 3703 hybernum
3473 3637 3715 3704 urgebat,
3737 3653 3913 3706 quan-

2317 3729 2426 3773 tum
2486 3723 2778 3790 potuimus,
2835 3723 2902 3777 ad
2950 3725 3146 3794 scripta
3203 3737 3382 3780 vestra
3425 3730 3809 3799 rescripsimus
3860 3742 3918 3786 et

2316 3815 2602 3886 quidem...
2646 3836 2665 3868 ι

2389 3913 2427 3967 l.
2457 3912 2668 3968 Siccine
2694 3913 2780 3968 ille
2810 3913 3072 3968 diaconus
3102 3915 3306 3986 legatus
3337 3917 3386 3970 in
3418 3933 3575 3972 causa
3607 3928 3709 3972 tam
3738 3921 3913 3975 ardua

2317 4007 2618 4061 universam
2648 4019 3010 4062 concerncnte
3058 4007 3355 4063 Ecclesium
3386 4010 3476 4080 qui
3521 4012 3761 4065 maximis
3808 4028 3915 4067 ec-

2317 4103 2499 4158 clesia:
2543 4117 2653 4156 sum
2708 4102 3012 4171 sumptibus
3064 4103 3214 4172 plura
3241 4113 3493 4170 Centena,
3529 4107 3685 4159 immo
3743 4107 3920 4162 millia

2319 4194 2569 4249 milliaria
2637 4195 2961 4264 Carthagine
3028 4210 3200 4265 usque
3230 4196 3312 4248 .in
3360 4197 3752 4266 Cappadociam
3800 4200 3919 4268 jam

2318 4290 2645 4351 absolverat,
2679 4305 2709 4343 e
2751 4288 3045 4357 longinquo
3078 4289 3244 4341 immo
3273 4303 3336 4342 ex
3382 4288 3712 4358 longissimis
3740 4294 3924 4363 regio—

2319 4384 2476 4437 nibus
2505 4392 2748 4448 venerat,
2775 4382 2864 4452 qui
2900 4382 3053 4435 titulo
3080 4383 3459 4450 hospitalitatis
3481 4383 3539 4437 S.
3574 4385 3919 4455 Firmiliano,

2316 4492 2345 4529 a
2377 4493 2484 4546 quo
2516 4492 2724 4530 summa
2758 4494 2878 4530 cum
2932 4476 3112 4529 lil'llll-l
3146 4489 3404 4546 exceptus
3445 4477 3612 4533 fuisse
3653 4486 3917 4553 supponi~

2321 4579 2404 4624 tur
2438 4570 2528 4641 (ιι.
2559 4570 2650 4632 23,
2699 4569 2828 4637 26..)
2872 4579 3145 4638 gratanter
3193 4571 3244 4622 in
3296 4569 3635 4638 Cappadocia
3666 4589 3766 4643 per
3815 4577 3921 4631 ali-

2318 4663 2462 4733 quod
2509 4673 2720 4730 tempus
2771 4670 3100 4716 sustentatus
3151 4661 3370 4725 fuisset;
3424 4664 3511 4716 hic
3574 4666 3921 4733 importunus

2320 4757 2537 4812 nuntius
2593 4757 2762 4811 noluit
2807 4766 3089 4824 expectare
3135 4771 3230 4823 per
3277 4758 3480 4824 aliquot
3549 4758 3922 4817 hebdomadas

2319 4851 2403 4905 vel
2431 4849 2567 4915 dies,
2610 4860 2665 4903 ιιι
2723 4847 3304 4916 pseudo-Firmiliauus
3335 4863 3485 4901 suam
3529 4850 3581 4903 in
3611 4867 3775 4906 causa
3807 4863 3918 4907 tam

2319 4943 2485 4998 ardua
2534 4941 2942 5010 I‘CSpthlOIICIII
2984 4939 3161 4994 debita
3190 4955 3310 4992 cuin
3341 4956 3488 4993 mora
3513 4942 3798 4998 absolvere
3830 4961 3923 5014 po-

2322 5036 2522 5092 tuerit?
2572 5035 2770 5090 Verum
2823 5049 2990 5104 apage
3049 5035 3254 5101 nugas!
3301 5032 3920 5092 Psemlo-Firmilianus

2395 5152 2473 5222 (Ι)
2525 5151 2581 5205 S.
2632 5150 2956 5222 Augustinus
2999 5146 3064 5199 de
3107 5145 3300 5200 Verbis
3347 5145 3551 5222 Domini
3605 5147 3655 5199 in
3712 5145 3915 5222 Evang.

2323 5219 2745 5278 Ma'tthariserm.
2798 5237 2855 5282 ιι,
2910 5220 3182 5286 impugnat
3214 5233 3330 5281 eos,
3376 5219 3462 5285 qui
3525 5233 3619 5282 pro
3652 5227 3784 5270 tunc
3820 5221 3920 5272 do-

2323 5296 2514 5350 cebant
2564 5293 2840 5359 sequentia
2894 5290 3082 5342 saltem
3150 5298 3362 5356 peccata
3411 5289 3461 5340 l"
3495 5287 3798 5359 homicidii,
3862 5291 3914 5342 *3"

2323 5366 2595 5422 adulterii.
2629 5362 2686 5416 5°
2710 5363 2992 5431 apostasia:
3020 5375 3048 5412 a
3082 5360 3183 5413 fide
3231 5359 3338 5429 (vel
3366 5374 3394 5412 a
3424 5375 3518 5412 sua
3549 5358 3776 5430 lueresi)
3801 5375 3920 5414 esse

2323 5435 2736 5492 irremissibilia.

2397 5509 2477 5580 (2)
2527 5507 2654 5572 Qua:
2713 5515 2921 5580 peccata
2958 5503 3274 5580 ministrum
3336 5503 3571 5580 laceri-nt
3620 5501 3919 5580 inhabilem

2321 5573 2772 5632 ad'sacrameuta
2831 5575 3004 5627 valide
3061 5573 3408 5635 conferenda,
3467 5592 3572 5626 non
3618 5577 3759 5628 satis
3795 5589 3924 5628 coa-

2321 5651 2632 5704 venichant.
2689 5648 2744 5703 Si
2797 5647 3073 5714 baptizans
3129 5645 3269 5698 foret
3321 5656 3574 5713 peccator
3636 5647 3920 5709 occultus,

2326 5721 2730 5846 tumdAnge‘lgm
2767 5707 3049 5774 vcl'Dcum
3079 5707 3332 5786 supplere
3376 5717 3686 5783 docebant;
3739 5733 3794 5772 v.
3851 5707 3928 5773 dio

2326 5808 2422 5846 cen
2466 5807 2494 5845 a
2521 5809 2574 5846 ιι.
2684 5831 2696 5843 .

2325 5807 2494 5847 cenaa
2521 5809 2574 5846 ιι.
2605 5807 2696 5844 λιν.
