4116 6258
648 302 787 367 1579

2046 292 2498 357 DlSSEliTATlO
2537 298 2576 361 l,

3804 290 3910 347 138i

715 426 775 481 2°
815 424 1054 482 Necdum
1100 421 1319 493 aliquod
1364 422 1645 486 indicium,
1677 419 1761 475 vel
1793 417 2124 475 levissimum
2172 418 2240 473 de
2269 418 2316 477 Α
2348 416 2522 486 lymis,
2556 421 2608 467 ct
2635 410 2981 467 Theotecnus
3019 407 3376 464 Caesariensis
3407 422 3473 463 ex
3499 406 3800 473 Palaestina,
3827 407 3915 461 Μει-

646 529 834 575 sanclo
877 516 1191 573 Firmiliano
1222 515 1302 569 vel
1329 515 1449 569 aliis
1477 512 1844 567 Orientalibus
1871 512 2245 581 anabaptismo

650 612 1021 684 patrocinatis,
1057 608 1149 664 sed
1185 619 1362 663 tamen
1396 607 1634 661 unanimi
1684 605 1934 659 Afrorum
1976 619 2246 659 consensu

648 716 834 762 contra
857 703 1226 760 deﬁnitionem
1253 702 1446 756 summi
1465 698 1741 754 Pontilicls
1761 696 2039 752 decretum
2051 694 2243 766 ;fuerit.

719 799 776 853 5⁸
809 799 1032 853 Decreta
1066 793 1225 863 hujus
1266 792 1484 846 concilii
1520 806 1615 860 per
1644 790 1931 859 episcopos
1966 787 2249 842 Africanos

650 889 968 944 deferuntur
990 886 1216 943 Romam
1250 893 1304 939 et
1333 882 1609 954 Stephano
1634 896 1786 952 papre
1816 886 2246 950 prmsentantur;

650 990 736 1037 ast
760 995 889 1050 papa
912 980 1164 1049 praefatos
1186 978 1470 1047 episcopos
1489 991 1594 1030 non
1618 973 1830 1029 admisit
1850 973 1915 1027 ad
1933 973 2248 1043 alloquium,

653 1076 819 1128 immo
848 1072 1142 1143 prohibuit,
1174 1086 1241 1127 ne
1272 1070 1339 1125 ab
1369 1070 1549 1139 aliquo
1580 1068 1630 1123 in
1663 1066 1883 1122 domum
1916 1066 2000 1121 vel
2030 1066 2131 1121 sub
2170 1074 2253 1121 te-

652 1176 795 1222 ctum
824 1166 1215 1235 reciperentur.

722 1260 780 1314 4"
815 1260 1103 1328 Postquam
1136 1256 1192 1311 lii
1248 1254 1498 1324 Episcopi
1537 1254 1706 1309 Roma
1751 1251 2130 1322 Carthaginem
2160 1264 2252 1305 re-

653 1354 799 1408 versi
833 1352 1084 1416 fuerant;
1128 1348 1433 1419 Cyprianus
1475 1362 1632 1402 suum
1661 1345 1948 1399 diaconum
1979 1342 2046 1397 ad
2075 1350 2256 1397 extre-

655 1459 773 1499 mos
822 1443 1052 1498 Romani
1103 1440 1313 1511 imperii
1364 1440 1521 1505 ﬁnes,
1552 1451 1748 1507 nempe
1776 1436 1828 1490 in
1859 1432 2255 1504 Cappadociam

657 1552 826 1607 usque
851 1535 997 1591 illico
1026 1533 1299 1603 ablegavit
1325 1530 1392 1587 ad
1417 1529 1810 1593 Firmilianum,
1844 1541 1949 1597 quo
1982 1533 2037 1581 et
2076 1523 2258 1583 diaco-

658 1647 757 1687 nus
787 1631 877 1687 ille
907 1629 1097 1685 eodem
1134 1637 1394 1683 autumno
1426 1624 1666 1695 ejusdem
1697 1621 1822 1678 anni
1856 1619 2120 1691 pervenit.

730 1724 785 1781 5°
817 1722 1167 1780 Firmilianus
1195 1719 1487 1793 (celebrata
1518 1718 1687 1788 prius,
1731 1715 1815 1770 vel
1847 1730 1954 1769 non
1983 1711 2258 1768 celebrata

2351 510 2527 563 ximus
2557 505 2861 561 Bostrensis
2893 520 2959 559 ex
2989 504 3208 559 Arabia.
3254 502 3525 557 lnnumeri
3557 503 3777 570 insuper
3798 517 3915 569 pres-

2354 602 2547 674 byteri,
2601 611 2656 657 et
2703 600 2936 665 diaconi,
2993 598 3335 655 Antiochiam
3382 597 3834 652 acceleraverant.
3874 596 3917 650 la

2355 695 2457 749 hoc
2489 707 2779 749 numeroso
2810 692 3067 757 concilio,
3120 692 3207 746 cui
3238 700 3291 745 et
3319 690 3668 744 Firmilianus
3697 688 3776 742 vel
3806 704 3915 757 pra-

2353 788 2511 851 sedit,
2567 788 2646 842 vel
2699 786 2942 841 interfuit
2990 786 3321 856 praecipuus,
3368 784 3514 838 nulla
3542 781 3609 836 ﬁt
3636 783 3829 837 mentio
3855 796 3917 836 re-

2355 880 2730 951 baptizationis
2760 881 2896 933 inter
2930 878 3239 934 Catholicos
3288 879 3518 932 usitataa.
3566 878 3656 929 An
3704 875 3919 945 possibile

2357 974 2546 1029 luisset
2595 984 2651 1027 ut
2695 973 2747 1026 in
2794 973 2887 1026 illo
2929 981 3044 1026 toto
3097 972 3334 1027 concilio
3381 972 3455 1027 nil
3490 970 3773 1026 definitum
3816 970 3921 1023 fuis-

2356 1077 2440 1123 set
2468 1067 2709 1138 ianausa
2742 1066 3139 1137 Anahaptismi,
3172 1067 3216 1121 si
3248 1067 3389 1120 hunc
3416 1064 3472 1121 S.
3502 1063 3840 1119 Firmilianus
3865 1065 3921 1119 ab

2357 1179 2501 1219 anno
2550 1162 2658 1219 956
2704 1176 2872 1231 usque
2919 1160 3047 1219 dum
3095 1160 3488 1215 contumaciter
3531 1159 3921 1230 propugnasset?

2358 1263 2529 1318 Immo
2558 1257 2600 1311 si
2636 1254 2983 1309 Firmilianus
3008 1251 3388 1309 acerbissimas
3412 1251 3480 1306 de
3500 1251 3708 1322 quibus
3732 1253 3915 1322 agimus,

2360 1360 2589 1424 litteras,
2619 1366 2806 1411 contra
2837 1352 3132 1408 Ecclesiam
3167 1352 3462 1407 Romanam
3495 1350 3841 1421 scripsisset?

2432 1452 2585 1507 Nunc
2611 1449 2995 1521 percipiamus,
3024 1446 3149 1517 quid
3182 1445 3247 1499 ad
3275 1444 3551 1516 praefatum
3574 1460 3645 1500 ex
3681 1445 3917 1501 traditione

2360 1553 2735 1616 argumentum
2763 1541 3089 1613 respondeat
3117 1538 3740 1610 pseudo-Firmilianus!
3784 1540 3917 1595 Audet

2363 1638 2547 1693 dicere
2574 1652 2587 1689 :

2432 1729 2524 1784 56.
2572 1747 2591 1780 ι
2630 1727 2952 1784 Plenissime
2980 1740 3079 1780 νος
3109 1725 3489 1797 respondistis,
3523 1725 3797 1781 neminem
3830 1740 3920 1782 esse

659 1818 869 1890 synodo
899 1816 1130 1886 plurium
1157 1816 1557 1883 epise0pornm,
1577 1810 1645 1865 de
1667 1824 1774 1879 quo
1804 1822 1965 1877 supra
1987 1822 2039 1860 a.
2074 1821 2131 1860 ιι.
2162 1802 2257 1875 20)

2389 1839 2474 1877 am
2524 1823 2772 1888 stultum,
2801 1821 2894 1894 qui
2940 1821 3043 1878 hoc
3083 1819 3269 1877 credat
3304 1820 3596 1891 Apostolos
3656 1819 3916 1888 tradidisse,

656 1925 720 1964 se
751 1909 985 1979 accingit
1013 1907 1077 1963 ad
1111 1903 1569 1975 respondendum,
1618 1901 1714 1957 sed
1753 1901 2092 1970 importunus
2121 1912 2260 1951 nun-

665 2001 767 2056 tius
797 2008 986 2057 sancto
1016 1998 1330 2055 Firmiliano
1360 1995 1721 2053 sufficientem
1753 2008 1981 2060 moram,
2012 2000 2072 2047 ut
2100 1990 2145 2046 is
2167 1988 2262 2045 de-

666 2093 774 2147 bite
800 2092 1133 2164 respondere
1164 2092 1449 2162 potuisset,
1483 2089 1685 2145 renuit.

737 2184 792 2239 6°
824 2184 1051 2241 Nuntius
1098 2185 1242 2238 enim
1276 2182 1592 2237 imminente
1623 2180 1817 2251 hyeme
1859 2192 1888 2232 e
1925 2174 2261 2246 Cappadocia

674 2276 907 2330 Africam
941 2275 1151 2345 regredi
1183 2274 1503 2339 Iestinabat;
1546 2272 1851 2328 caiculante
1872 2270 2058 2339 Pagio,
2093 2269 2145 2323 in
2170 2267 2266 2323 de-

669 2370 873 2425 cembri
896 2368 1278 2439 Carthaginem
1307 2383 1562 2425 reversus
1580 2367 1698 2422 fuit.
1723 2366 1960 2422 Ulterius
1988 2380 2051 2420 ex
2080 2378 2268 2419 neces-

672 2462 832 2517 sitate
860 2472 1226 2531 consequente
1244 2470 1517 2527 asserunt,

747 2556 803 2610 7°
841 2556 995 2625 Quod
1026 2556 1228 2628 Xystus
1258 2555 1514 2626 Stephani
1542 2568 1828 2611 successor
1852 2553 1962 2623 jam
1994 2566 2137 2607 anno
2162 2550 2270 2605 258

675 2652 990 2721 martyrium
1018 2650 1265 2714 subierit,
1292 2658 1347 2705 et

746 2740 803 2795 8°
834 2741 889 2797 S.
939 2742 1223 2813 Dionysius
1248 2756 1383 2811 papa
1414 2740 1605 2796 eodem
1634 2755 1777 2795 anno
1803 2736 1911 2795 εὶδὸ
1928 2734 2270 2801 successerit,

676 2849 797 2903 qua}
826 2834 1009 2889 itidem
1041 2833 1173 2889 falsa
1216 2842 1362 2899 sunt,
1389 2844 1443 2887 ut
1473 2842 1618 2902 patet
1661 2848 1729 2887 ex
1768 2831 1885 2886 solo
1918 2829 2151 2885 Eusebio
2178 2828 2276 2882 do-

678 2936 834 2981 cente
860 2926 1085 2997 Xystum
1116 2940 1304 2995 papam
1336 2923 1543 2980 sedisse
1570 2939 1605 2978 ιι
1633 2922 1812 2978 annis.
1846 2920 2043 2976 Verum
2075 2919 2143 2974 de
2174 2918 2277 2973 hoc

682 3022 825 3076 nodo
869 3019 1288 3088 Chronologico,
1337 3034 1498 3088 quem
1548 3020 1598 3075 in
1630 3018 1857 3077 Dissert.
1892 3015 1960 3071 de
2004 3013 2276 3069 cathedris

684 3112 985 3167 dissolvere
1011 3112 1237 3166 necdum
1272 3111 1441 3180 potui,
1473 3109 1692 3167 uberius
1714 3124 1867 3179 agam
1887 3108 1989 3163 alia
2013 3106 2151 3173 vice,
2183 3104 2280 3159 de-

682 3204 936 3260 fensurus
966 3204 1194 3277 Xystum
1224 3205 1429 3261 sedisse
1460 3205 1616 3259 annis
1642 3204 1858 3259 circiter
1878 3218 1937 3256 ιι.

758 3299 869 3368 Ego
899 3299 1087 3352 oculos
1114 3299 1331 3367 requiro
1356 3297 1769 3368 geograplticos,
1795 3303 1851 3348 ut
1890 3291 2127 3357 videant,
2153 3305 2283 3344 con-

686 3390 1036 3445 tortissitnarn
1084 3390 1288 3459 praelati
1343 3388 1653 3459 systematis
1693 3384 2052 3443 clironotaxin
2103 3385 2285 3438 consi-

664 3490 830 3535 stere
862 3495 967 3537 non
1004 3496 1183 3550 posse,
1236 3481 1450 3539 etiamsi
1500 3494 1690 3535 omnes
1731 3479 1898 3543 ipsius
1935 3491 2149 3531 errores
2190 3492 2286 3545 pro

691 3575 910 3629 totidem
944 3573 1311 3629 fundamentis
1344 3588 1740 3644 supponamus;
1779 3573 1893 3641 ipsa
1924 3571 2068 3626 enim
2103 3569 2285 3624 multi-

690 3668 817 3721 tudo
838 3683 1019 3722 rerum
1043 3678 1315 3739 gestarum
1338 3667 1551 3725 abunde
1574 3667 1833 3733 insinuat,
1860 3665 2137 3721 historiam
2163 3679 2284 3721 esse

690 3760 1014 3816 fabulosam.
1996 3774 2003 3779 ί

760 3856 850 3910 55.
921 3854 1552 3910 Pseudo-Firmilianus
1598 3854 1884 3925 capitalem
1932 3852 2285 3925 qumstionem

693 3965 837 4005 nunc
869 3950 1085 4005 tandem
1113 3950 1474 4008 dissoluturus
1504 3949 1710 4019 incipit.
1736 3964 1785 4003 c.
1818 3948 1887 4004 2:
1924 3965 1943 3999 ί
1976 3947 2044 4001 Et
2069 3945 2286 4017 quidem

696 4053 954 4115 quantum
987 4043 1055 4097 ad
1087 4043 1139 4099 id
1180 4045 1429 4113 pertinet,
1464 4043 1607 4112 quod
1655 4042 1965 4112 Stephanus
2008 4039 2163 4105 dixit,
2195 4053 2292 4093 ex-

695 4149 840 4193 stare
871 4137 1211 4192 traditionem
1240 4137 1309 4191 ab
1336 4136 1611 4206 Apostoiis
1640 4136 1743 4206 (l),
1795 4136 2072 4205 signanter
2115 4131 2296 4199 Petro,

696 4246 749 4287 et
780 4233 946 4287 Paulo
991 4241 1291 4302 acceptam,
1334 4231 1486 4303 juxta
1533 4245 1693 4302 quam
1727 4230 1761 4285 ii
1791 4228 1880 4298 qui
1920 4227 1988 4283 ab
2030 4224 2300 4281 haereticis

699 4327 917 4383 fuerunt
946 4327 1194 4397 baptizati
1230 4340 1339 4380 non
1380 4323 1582 4382 debent
1632 4320 1958 4391 rebaptizari
1990 4317 2302 4389 plenissime

702 4435 796 4475 vos
822 4420 1199 4488 reSpondistis.
1232 4437 1250 4469 ι

774 4514 887 4568 Hoc
939 4510 1196 4582 Stephani
1243 4517 1616 4580 argumentum
1647 4523 1711 4562 ex
1757 4504 2050 4561 traditione
2087 4503 2302 4561 desum-

705 4619 851 4676 ptum
885 4617 999 4661 erat
1029 4620 1158 4660 sane
1185 4603 1600 4670 validissimum,
1633 4612 1686 4657 et
1719 4600 1877 4670 plene
1914 4597 2298 4669 apodicticum,
2324 4574 2379 4634 Ῑ)
2409 4570 2560 4676 θῗδβ

703 4701 813 4765 cui,
845 4698 1237 4769 quamprimum
1261 4712 1289 4750 a
1314 4696 1587 4766 Stephano
1608 4694 1827 4747 allatum
1852 4693 2043 4756 fuerat,
2076 4689 2303 4759 Cypria-

706 4810 835 4848 num
866 4802 918 4847 et
947 4793 1313 4846 Firmilianum
1344 4789 1419 4862 (si
1450 4790 1494 4842 is
1524 4785 1809 4857 aliquando
1849 4780 2303 4854 rebaptizantibus

707 4883 1061 4957 adhmsisset)
1104 4886 1322 4941 omnino
1364 4880 1702 4955 acquievisse
1743 4878 1925 4935 nullus
1967 4876 2175 4933 dubito.
2224 4875 2303 4929 En

708 5000 857 5041 meas
888 4982 1128 5038 rationes
1154 4996 1167 5032 :

779 5077 935 5131 Circa
967 5089 1167 5128 annum
1193 5071 1321 5138 266,
1375 5067 1661 5143 Dionysius
1692 5063 2087 5120 Alexandrinus
2115 5059 2311 5114 indixit

709 5171 974 5245 synodum
1011 5166 1403 5223 Antiochenam
1434 5172 1622 5220 contra
1646 5160 1870 5217 Paulum
1896 5158 2309 5215 Samosatenum

710 5264 1013 5325 Antiochia:
1043 5262 1356 5332 episeOpum
1391 5276 1405 5326 ;
1458 5257 1523 5312 ad
1565 5271 1725 5327 quam
1770 5258 2143 5308 convenerunt
2191 5248 2310 5319 epi-

710 5359 858 5429 scopi
901 5354 1137 5428 plurimi.
1170 5352 1315 5408 lnter
1343 5351 1643 5421 praecipuos
1676 5357 1803 5403 tunc
1844 5346 2014 5416 primo
2062 5344 2179 5397 loco
2223 5356 2313 5396 re-

712 5461 965 5507 censetur
983 5457 1167 5502 noster
1188 5444 1558 5510 Firmilianus,
1583 5441 1707 5496 dein
1735 5438 2046 5513 Gregorius,
2069 5443 2124 5491 et
2140 5432 2312 5489 Athe-

712 5546 951 5601 nodorus
992 5558 1058 5599 ex
1112 5540 1309 5607 Ponto,
1375 5538 1610 5593 llelenus
1656 5532 1939 5590 Tarsensis
1985 5546 2051 5584 ex
2104 5527 2313 5589 Cilicia,

714 5638 964 5693 Nicomas
988 5634 1290 5690 lconiensis
1306 5647 1373 5685 ex
1394 5628 1647 5701 Phrygia,
1670 5626 1995 5697 Hymenaeus
2016 5636 2083 5676 ex
2109 5619 2321 5675 Jeroso-

788 5767 866 5832 (t)
896 5766 1006 5818 Hac
1024 5764 1227 5829 pseudo
1254 5761 1552 5832 Firmiliani
1578 5758 1843 5813 sententia
1871 5769 2000 5832 usus
2033 5762 2118 5809 est
2140 5749 2322 5821 Rigal-

722 5825 824 5884 tius
848 5825 912 5884 ad
941 5825 1323 5898 expugnandas
1348 5830 1744 5882 Cathoiieorum
1775 5825 2107 5880 traditiones.

2365 1918 2579 1990 quando
2604 1919 2838 1974 etiam...
2871 1937 2889 1969 ι

2436 2012 2603 2084 Igitur
2627 2012 2952 2083 Cyprianus,
2984 2020 3039 2066 et
3069 2009 3261 2081 reliqui
3296 2009 3553 2080 Episcopi
3579 2007 3808 2064 Africani
3833 2021 3923 2062 res-

2368 2104 2681 2178 pondissent
2724 2118 2937 2159 summo
2968 2102 3260 2157 Pontifici:
3301 2119 3320 2152 σ
3357 2101 3629 2155 Neminem
3677 2115 3786 2155 esse
3831 2110 3925 2154 tam

2369 2200 2621 2262 stultum,
2656 2196 2747 2267 qui
2788 2211 3002 2251 summo
3043 2195 3294 2251 Pontifici
3344 2195 3567 2250 credat?
3600 2213 3617 2245 ι
3653 2194 3785 2247 lianc
3822 2208 3927 2247 res-

2372 2296 2684 2367 ponsionem
2705 2294 3015 2348 laudassent
3037 2292 3382 2347 Firmilianus
3412 2292 3659 2363 Origenis
3675 2290 3927 2363 discipulus

2372 2402 2477 2446 ctc.
2511 2390 2769 2447 Asiatici?
2792 2389 3004 2457 Quanta
3032 2389 3362 2460 impudentia
3387 2390 3398 2442 !
3431 2389 3702 2459 Episc0po
3720 2388 3931 2442 Romano

2373 2501 2585 2542 summo
2613 2486 2855 2541 Pontiilci
2878 2486 3152 2542 attestanti
3179 2486 3246 2541 de
3277 2485 3438 2548 facto,
3471 2484 3541 2539 de
3574 2483 3935 2540 consuetudine

2373 2601 2485 2639 sum
2508 2581 2762 2638 Ecclesia:
2794 2581 3053 2636 Romanae
3080 2597 3183 2635 non
3214 2590 3299 2635 est
3336 2582 3650 2638 adhibenda
3680 2584 3833 2639 ﬁdes?
3855 2582 3935 2650 Qui

2378 2677 2536 2731 fidem
2568 2674 2818 2729 adhibeat
2855 2674 3076 2727 Stultum
3130 2689 3270 2739 esse,
3323 2676 3489 2729 immo
3541 2679 3803 2733 neminem
3839 2691 3938 2732 esse

2380 2781 2485 2826 tam
2518 2770 2739 2825 stultum
2780 2769 2867 2838 qui
2909 2767 3176 2838 Episcopo
3204 2769 3446 2822 Romano
3495 2771 3662 2825 ﬁdem
3700 2772 3938 2833 adhibeat;

2382 2880 2480 2936 pro
2508 2872 2706 2934 quanta
2738 2861 3097 2931 impudentia!
3124 2861 3190 2915 Et
3212 2861 3325 2917 hrec
3351 2871 3426 2918 tot
3449 2876 3670 2921 sanctos
3692 2867 3946 2937 EpiSCOpOS

2381 2956 2654 3011 infecisset
2700 2955 2899 3009 saeculo
2932 2970 3011 3021 ιιι,
3043 2970 3149 3023 quo
3197 2956 3459 3027 Origenes
3500 2959 3791 3016 devotionis
3816 2978 3944 3031 ergo,

2382 3059 2441 3105 ut
2479 3050 2909 3120 antiquissimam
2940 3061 3289 3105 veneraretur
3318 3052 3641 3121 Ecclesiam,
3674 3071 3733 3110 ex
3751 3054 3954 3110 Oriente

2384 3145 2609 3200 Romam
2643 3144 2917 3214 profectus
2949 3143 3085 3199 fuit?
3110 3144 3227 3213 Quo
3253 3146 3539 3217 Origenes,
3570 3150 3724 3203 totius
3745 3148 3955 3203 Orientis

2306 3222 2351 3284 (ἶ
2385 3242 2662 3296 oraculum
2692 3254 2842 3294 suam
2878 3238 3001 3293 fidei
3047 3238 3436 3310 professionem
3487 3241 3546 3297 S.
3601 3241 3829 3297 Fabiano
3853 3241 3958 3311 Epi-

2388 3352 2552 3407 scopo
2574 3334 2819 3389 Romauo
2845 3333 3131 3388 submisit?
3152 3332 3310 3388 Absit
3332 3343 3388 3388 ut
3409 3336 3617 3388 credam
3637 3336 3728 3388 uni
3740 3334 3960 3403 pseudo-

2390 3430 2706 3486 Firmiliano
2752 3444 2903 3483 suam
2955 3428 3344 3499 impudentiam
3389 3429 3666 3484 conﬁtenti.
3708 3430 3971 3485 Craterum

2390 3523 2635 3579 extitisse
2666 3520 2943 3592 praefatam
2987 3521 3333 3576 traditionem
3375 3522 3713 3592 apostolicam
3771 3523 3968 3577 aliunde

2391 3616 2609 3688 probari
2636 3616 2768 3671 satis
2798 3615 3085 3686 potuisset.
3115 3615 3192 3669 Γ.
3224 3615 3357 3681 Quia
3388 3631 3486 3685 per
3516 3616 3796 3671 universas
3827 3629 3971 3686 usque

2388 3712 2515 3767 dum
2540 3719 2748 3767 servata
2769 3708 2942 3765 fuerat
2968 3708 3261 3764 Ecclesias.
3294 3708 3371 3762 2°.
3401 3708 3541 3777 Quia
3582 3724 3691 3764 non
3723 3708 3975 3765 constabat

2392 3809 2444 3863 in
2476 3823 2582 3877 quo
2610 3804 2839 3861 concilio
2867 3803 3057 3858 fuisset
3080 3805 3324 3858 instituta
3351 3803 3454 3877 (l).

2443 3902 2531 3957 5⁸7.
2550 3900 2623 3955 [m
2633 3908 2833 3970 poster,
2856 3908 2911 3953 ιιι
2927 3897 3269 3969 persuadeat,
3289 3898 3637 3953 traditionem
3652 3900 3726 3953 ab
3743 3896 3979 3968 Apostolis

2396 4010 2503 4051 non
2554 3994 2921 4060 descendisse,
2969 4008 3161 4049 novatn
3208 3992 3522 4057 falsitatem,
3577 4008 3817 4064 eamque
3848 4006 3979 4048 enor-

2401 4090 2697 4149 missimam
2728 4086 2917 4151 allert;
2948 4094 3108 4157 negat
3131 4086 3275 4142 enim
3316 4085 3391 4152 id,
3422 4085 3568 4156 quod
3601 4102 3677 4141 ex
3708 4086 3808 4143 SS.
3838 4083 3981 4139 Patri-

2402 4185 2524 4252 bus,
2553 4199 2614 4239 ac
2642 4199 2707 4237 ex
2740 4184 2851 4253 ipsa
2881 4183 2939 4238 S.
2968 4181 3248 4250 Scriptura
3280 4190 3363 4235 est
3396 4181 3776 4245 notissimum,
3825 4191 3983 4246 nempe

2403 4290 2582 4351 negat,
2618 4289 2861 4348 tempore
2882 4276 3262 4349 Apostolorum
3292 4274 3454 4330 modo
3478 4274 3737 4333 haereses
3760 4275 3987 4332 extitisse.

2402 4375 2481 4429 En
2511 4374 2655 4429 illius
2686 4370 2931 4428 formalia
2962 4386 2976 4423 :

2483 4487 2501 4519 ι
2536 4464 2765 4535 Quando
2816 4465 2978 4518 etiam
3038 4462 3272 4517 hzereses
3315 4470 3601 4516 constet...
3652 4472 3845 4531 postea
3884 4458 3992 4512 exti-

2595 4575 2716 4615 cum
2749 4568 2803 4614 et
2834 4557 3072 4612 Marcion
3099 4554 3364 4611 Cerdonis
3384 4554 3703 4624 discipulus
3731 4553 3993 4611 inveniam:
4054 4556 4055 4601 1

2406 4672 2530 4713 sero
2560 4665 2683 4727 post
2710 4654 3000 4725 Apostolos
3034 4663 3091 4709 et
3122 4662 3245 4722 post
3288 4652 3356 4705 ab
3376 4651 3456 4706 eis
3493 4660 3760 4719 tempora
3816 4646 3994 4704 sacrile—

2407 4768 2527 4825 gam
2553 4751 2811 4804 adversus
2841 4747 3008 4802 Deum
3057 4744 3399 4799 traditionem
3458 4741 3779 4798 induxisse.
3827 4736 3996 4810 Apelles

2408 4860 2691 4917 quoque...
2725 4842 2817 4897 sed
2846 4850 2900 4896 et
2924 4839 3190 4895 Valentini
3226 4846 3282 4893 et
3308 4834 3557 4891 Basilidis
3600 4846 3829 4907 tempus
3866 4846 4001 4886 mant-

2412 4938 2603 4994 festum
2625 4947 2727 5004 est,
2751 4935 2896 5007 quod
2914 4945 2969 4989 et
2990 4942 3113 5005 post
3138 4931 3431 5001 Apostolos
3463 4931 3564 4999 ipsi
3588 4945 3826 5001 quoque
3843 4936 3895 4982 et
3919 4930 4001 4995 pos

2411 5030 2627 5101 longam
2678 5038 2963 5083 tetatem...
2992 5037 3217 5083 caeteros
3243 5039 3456 5095 quoque
3488 5022 3803 5079 haereticos
3840 5026 4005 5078 consul

2415 5139 2608 5197 pravas
2638 5138 2763 5179 suas
2794 5131 3041 5191 sectas..,
3072 5131 3259 5192 postea
3286 5118 3583 5174 induxisse.
3625 5137 3646 5171 ι

2488 5245 2568 5319 (1)
2598 5242 3096 5319 Bebaptizationem
3130 5253 3345 5319 semper
3376 5237 3427 5290 in
3476 5235 3751 5319 universa
3813 5232 4007 5319 Ere-tesi;

2416 5305 2881 5382 obiinuissefnec
2919 5310 3213 5366 adversarii
3255 5305 3509 5382 asserere
3540 5308 3687 5382 ansi_
3722 5318 3876 5382 sunt.
3906 5305 4006 5358 libri

2418 5390 2624 5443 initium
2668 5378 3203 5456 ps'eudo—(Iyprianus
3236 5380 3398 5434 refert
3428 5378 3493 5431 ad
3516 5449 3528 5456 _
3549 5380 3926 5456 Agrippinum
3949 5384 4010 5456 res

2423 5442 2548 5514 tunc
2576 5442 2700 5513 ante
2725 5456 2797 5512 20
2828 5442 3003 5509 annos.
3025 5462 3332 5513 mortuum;
3364 5442 4007 5519 pseudooFir'n'ailianussi

2420 5531 2643 5588 concilia
2676 5529 2970 5586 lconiense.
2995 5537 3050 5580 et
3085 5524 3400 5596 Synadense
3429 5537 3525 5596 pro
3577 5528 3723 5596 tunc
3780 5525 3890 5596 jam
3937 5530 4008 5585 βπ·

2423 5603 2545 5659 dem
2577 5601 2847 5657 celebrata
2870 5590 3145 5662 :6‘ueutra'
3174 5602 3407 5649 exstant.
3436 5590 3739 5647 Omnium
3782 5590 4011 5663 prima“.
4054 5590 4055 5663 ᾗ

2424 5675 2513 5745 qui
2544 5660 3207 5745 rebaptizaverit,__censeo
3223 5666 3423 5745 fuisse.
3459 5662 3745 5745 Novatum
3780 5660 3815 5718 ἁ
3843 5665 3899 5745 Ss
4054 5660 4055 5703 ἒ

2429 5734 2572 5801 nclio
2600 5734 2734 5815 papa
2756 5740 3056 5815 annogﬁal,
3103 5754 3169 5794 ex
3201 5737 3459 5815 _Ecc_lesia
3486 5734 3766 5815 ejectum,
3804 5737 3896 5807 qui
3918 5734 4016 5788 om

2430 5807 2629 5872 annum
2656 5807 2784 5870 253.
2807 5811 3113 5869 Catholieos
3138 5808 3468 5879 rebaptizare
3496 5807 3809 5877 inceperit.
