4116 6258
650 230 795 288 1585

2036 238 2488 297 DISSERTATIO
2527 240 2567 305 l,

3831 245 3951 303 1385

650 352 957 422 exemplum
999 351 1220 407 adducit
1259 367 1364 424 quo
1385 353 1747 424 'persuadeat,
1781 364 1836 410 et
1865 356 2241 427 rebaptizatio-
2275 360 2322 420 Α
2351 390 2423 399 -
2452 358 2546 413 Hae
2593 372 2740 429 vagae
2781 357 3108 414 assertiones
3131 398 3145 424 ,
3197 357 3397 414 nullam
3442 368 3730 418 merentur
3774 361 3943 428 ﬁdem,

650 462 747 501 nes
781 449 939 517 (quas
969 445 1206 500 Ecclesia
1254 446 1491 500 Romana
1515 489 1528 511 ,
1574 447 1737 500 immo
1777 449 1950 502 omnis
1986 449 2252 502 Romana-

647 539 926 595 Catholica
967 540 1280 608 damnabat)
1328 555 1450 594 esse
1478 540 1808 603 tolerandas;
1856 549 1911 594 et
1950 557 2067 610 quia
2100 544 2246 611 plura

647 645 849 704 praeter
903 634 1032 687 illud
1084 634 1296 689 uuicmn
1351 623 1596 703 exempla
1646 633 2045 688 dofortnitattun
2093 636 2246 704 igno-

644 743 794 782 rasse
820 727 1064 793 videtur;
1096 727 1219 782 hinc
1248 727 1383 782 dixit
1412 745 1534 783 esse
1570 728 1731 782 multa
1773 730 1873 782 alia
1905 740 2244 784 sacramenta

641 821 844 876 divina.
878 822 983 878 Sed
1022 837 1141 889 quae
1182 831 1306 875 sunt
1337 822 1424 876 illa
1469 822 1628 874 tnulta
1660 821 1796 874 alia?
1826 821 1889 875 Et
1917 821 2128 891 qttidem
2159 823 2242 876 di-

641 916 778 970 vina:
815 917 891 970 rei
919 917 1304 970 sacramenta?
1347 914 1536 970 Omnia
1587 917 1823 985 praeterit
1866 931 2015 970 more
2063 916 2239 982 solito,

644 1009 786 1062 forte
816 1007 941 1078 quia
975 1008 1160 1080 byetns
1187 1009 1428 1078 urgebat,
1451 1009 1694 1078 ——longe
1724 1009 1884 1064 aliter
1912 1009 1977 1063 de
2002 1009 2240 1064 Ecclesia

639 1101 878 1156 Rmnana
909 1101 964 1157 S.
1003 1103 1233 1156 Ire-naeus
1253 1144 1268 1169 ,
1299 1103 1386 1170 qui
1415 1102 1599 1156 Roma:
1646 1101 1758 1167 fuit,
1786 1112 2119 1156 contcstatus
2149 1112 2237 1156 cst

637 1195 823 1249 dicens
853 1213 867 1249 :
904 1213 922 1246 ‹
951 1195 1002 1249 in
1042 1211 1142 1264 qua
1171 1210 1385 1264 semper
1415 1205 1732 1250 conservata
1765 1205 1845 1249 est
1875 1210 1933 1250 ea
1958 1237 1973 1262 ,
2015 1211 2134 1264 quae
2169 1195 2237 1250 ab

637 1287 912 1357 Apostolis
936 1297 1038 1353 est,
1072 1287 1303 1342 traditio.
1354 1307 1372 1340 ι

708 1379 772 1434 ll.
817 1381 921 1435 Sed
967 1391 1020 1435 et
1065 1381 1258 1435 iterum
1303 1381 1562 1436 historice
1605 1381 1774 1435 fasum
1817 1391 1926 1445 est,
1971 1379 2112 1450 quod
2152 1379 2232 1433 vel

634 1473 774 1528 circa
816 1473 1018 1529 Pascha
1050 1477 1436 1530 celebrandum
1467 1476 1667 1530 smculo
1701 1492 1756 1529 ιιι
1797 1475 2108 1529 dissiderint
2136 1475 2234 1528 Ec-

632 1568 810 1623 clesi:c
859 1567 1097 1622 Romana
1139 1578 1193 1623 et
1236 1568 1686 1640 Jerosolytnitana
1720 1570 1820 1638 (l).
1867 1568 2132 1623 Eusebius
2178 1568 2229 1621 in

632 1659 912 1715 Palmstina
939 1664 1222 1730 episcopus
1251 1660 1599 1715 Cmsaricasis
1630 1662 1665 1714 l.
1700 1677 1778 1726 lll,
1803 1676 1920 1727 cap.
1946 1661 2037 1722 25.
2063 1674 2228 1727 agens

2357 452 2413 506 S.
2444 451 2758 505 Firmiliano
2787 451 3020 518 indigna:
3050 460 3197 506 sunt.

2425 546 2492 601 ll.
2536 545 2786 602 Secundo
2816 545 2956 614 quod
3002 545 3060 601 S.
3106 545 3411 616 Stephanus
3436 562 3563 603 cum
3595 548 3656 604 S.
3688 547 3949 621 Cypriane

2351 645 2408 691 et
2450 636 2715 691 Africanis
2745 652 2932 707 pacem
2975 639 3182 707 ruperit
3231 638 3419 693 falsum
3447 648 3561 708 est,
3608 649 3670 694 ut
3724 641 3820 694 vix
3861 657 3947 696 non

2349 743 2540 786 omnes
2568 731 2798 784 fatentur
2825 729 2904 801 (l)
2925 772 2937 793 ,
2967 746 3090 785 cum
3130 732 3370 800 insuper,
3402 741 3459 786 ut
3487 732 3615 786 alibi
3643 733 3945 798 ostendam,

2347 819 2649 892 Cyprianus
2678 822 2954 890 Stephano
2983 838 3044 878 sc
3075 823 3161 877 vel
3191 839 3483 893 numquam
3507 826 3861 895 opposuerit,
3882 828 3947 881 vel

2346 915 2583 968 monitus
2606 915 2786 968 statim
2814 915 3146 972 submiserit.

2415 1006 2503 1061 lll.
2548 1008 2716 1074 Quam
2763 1009 2996 1064 absurda
3038 1011 3320 1078 expressio
3362 1029 3376 1065 :
3414 1030 3433 1062 ι
3473 1012 3801 1082 Stephanus
3829 1028 3945 1084 papa

2342 1099 2564 1154 infamat
2598 1099 2816 1154 Petrum
2849 1110 2901 1156 el
2949 1101 3173 1156 Paulum
3207 1100 3306 1174 (2),
3355 1103 3646 1159 ltzrreticos
3675 1107 3891 1160 asserit.
3924 1126 3939 1158 ι

2341 1192 2422 1246 Αιι
2453 1192 2572 1247 ideo
2603 1194 2693 1262 qui
2724 1195 3072 1260 asseruisset,
3108 1195 3441 1251 defendisset
3471 1196 3676 1251 Judatn
3708 1197 3941 1267 prodito-

2339 1302 2479 1350 rem,
2509 1288 2784 1343 Simonem
2813 1287 3021 1359 Magum
3043 1330 3058 1356 ,
3089 1287 3462 1356 Menandrum,
3491 1301 3622 1356 etc.,
3657 1291 3800 1362 quia
3829 1291 3941 1363 Bap—

2340 1382 2495 1436 tisma
2520 1381 2587 1434 ab
2618 1381 2723 1434 illis
2751 1383 3005 1437 collatum
3040 1381 3316 1438 habuisset
3343 1382 3618 1437 validum?

2408 1474 2496 1528 IV.
2538 1475 2709 1542 Quam
2755 1475 2967 1530 inﬁrma
3018 1476 3187 1531 lllatio
3230 1495 3244 1531 :
3306 1494 3326 1528 ‹
3363 1477 3607 1548 Apostoli
3662 1477 3937 1534 hmreticos

2335 1578 2565 1621 aversati
2598 1577 2741 1630 sunt,
2768 1583 2900 1638 ergo
2929 1568 3199 1638 Baptisma
3221 1583 3406 1624 eorum
3432 1582 3771 1626 censuerunt
3802 1573 3935 1626 inva-

2333 1661 2533 1716 lidum!
2573 1681 2591 1714 ι
2642 1661 2842 1716 Paulus
2885 1662 3134 1732 equidem
3172 1678 3330 1734 quam
3383 1664 3620 1718 maxime
3662 1675 3933 1721 aversatus

632 1764 818 1809 contra
865 1755 1416 1822 Quarto-Deeitnanos
1465 1765 1702 1824 tempore
1728 1756 1785 1808 S.
1820 1755 2047 1808 Victoris
2076 1770 2225 1824 papa:
2256 1755 2304 1815 B
2333 1763 2416 1806 est
2467 1753 3015 1824 pseudo—apostolos;
3063 1754 3497 1824 praedicationem
3542 1765 3728 1811 tamen
3762 1757 3932 1812 Eii-ano

629 1858 866 1910 exertos,
902 1847 1126 1915 positive
1153 1846 1340 1900 asserit
1366 1847 1507 1916 quod
1549 1862 1641 1914 per
1668 1855 1830 1899 totam
1861 1846 2222 1910 Palmstinatn,

627 1939 870 2008 adeoque
900 1949 952 1992 et
979 1938 1360 2010 Jerosolymis,
1395 1940 1597 1994 Pascha
1643 1952 1910 2010 tamquam
1958 1956 2024 1994 ex
2059 1941 2222 1994 tradi-

629 2031 772 2085 tione
823 2033 1116 2100 apostolica
1165 2033 1492 2086 celebratum
1527 2032 1685 2087 fuerit
1721 2032 1910 2087 eodem
1965 2033 2072 2098 die,
2114 2048 2220 2102 quo

624 2128 850 2195 Rotnaa;
885 2145 1079 2200 nempe
1113 2131 1393 2185 Dotninico
1416 2171 1430 2196 ,
1479 2132 1602 2199 quia
1643 2139 1696 2185 et
1731 2130 1943 2184 nonnisi
1983 2129 2071 2184 die
2116 2129 2219 2183 Rc-

623 2225 973 2278 surrectionis
1017 2225 1308 2278 Dnminicae
1351 2224 1556 2293 jejuoia
1611 2226 2009 2294 antepascbalia
2061 2224 2216 2296 (qua-

622 2315 1131 2388 dragesitnmnuxta
1165 2316 1512 2371 traditionem
1547 2316 1900 2385 apostolicam
1929 2326 2084 2370 erant
2109 2317 2216 2371 sol-

620 2410 816 2465 venda.
847 2411 1008 2465 Addit
1034 2411 1296 2464 Eusebius
1325 2426 1422 2464 suo
1454 2427 1560 2480 quo
1587 2410 1769 2464 videat
1799 2419 2062 2478 tempore,
2098 2418 2213 2463 acta

619 2503 809 2574 synodi
866 2503 1165 2556 Palmstitue
1213 2502 1333 2572 (cui
1377 2502 1711 2573 TheOphiltts
1759 2503 2108 2556 Cteeriensis
2162 2512 2215 2556 et

615 2596 896 2651 Narcissus
971 2595 1456 2666 Jerosolymitanus
1526 2595 1762 2666 episcopi
1839 2595 2209 2666 praesederint)

613 2691 786 2746 adhuc
835 2691 1105 2754 extiti~se;
1162 2691 1212 2743 in
1260 2691 1367 2745 illis
1407 2690 1654 2745 doctrina
1698 2706 1884 2745 eorum
1914 2691 2000 2759 qui
2043 2705 2073 2744 a
2105 2690 2213 2744 Ro-

611 2801 772 2840 mano
804 2786 906 2840 ritu
938 2785 1306 2852 dissidebant,
1344 2786 1542 2840 dicitur
1590 2801 1818 2840 crronea
1848 2828 1861 2853 ,
1910 2786 2208 2840 animarum

610 2881 882 2936 seductiva
915 2880 1018 2953 (‘2).

682 2975 824 3045 Ergo
857 2975 1050 3029 falsum
1080 2982 1193 3038 est,
1228 2973 1369 3043 quod
1400 2974 1639 3028 Ecclesia
1672 2972 2124 3044 Jerosolymitana
2157 2980 2213 3026 et

607 3069 849 3126 Romana
880 3069 1192 3127 dissideriut
1227 3071 1280 3124 in
1320 3070 1601 3140 disciplina
1635 3070 1775 3124 circa
1805 3069 1946 3123 diem
1972 3067 2206 3123 Pascha-

607 3165 697 3219 tis.
731 3164 942 3232 Pergit:

675 3256 765 3311 59.
800 3275 818 3308 ι
855 3255 1161 3310 Secundum
1195 3253 1335 3324 quod
1367 3263 1419 3309 et
1448 3253 1502 3307 in
1536 3254 1778 3322 pluribus
1809 3267 2021 3322 quoque
2073 3268 2198 3321 pro-

602 3348 794 3402 vinciis
825 3348 988 3401 multa
1022 3363 1117 3416 pro
1139 3358 1192 3401 et
1217 3347 1495 3401 hominum
1523 3362 1738 3416 quoque
1768 3346 2075 3400 diversitate
2104 3362 2196 3399 va-

601 3441 830 3506 riantur,
856 3457 955 3495 nec
981 3450 1156 3494 tamen
1179 3449 1397 3510 propter
1421 3439 1522 3492 hoc
1545 3439 1611 3494 ab
1631 3439 1884 3494 Ecclesia:
1905 3438 2197 3494 Catholicae

602 3549 735 3604 pace
781 3543 940 3602 atque
989 3533 1193 3586 unitate
1241 3533 1528 3602 aliquando
1569 3532 1837 3586 dicessntn
1885 3543 2002 3598 est,
2054 3533 2198 3602 quod

599 3642 740 3682 nunc
769 3625 1068 3695 Stephanus
1095 3641 1254 3679 ausus
1291 3634 1373 3680 est
1397 3624 1572 3679 facere
1591 3667 1605 3688 ,
1648 3641 1902 3695 rumpens
1931 3625 2190 3682 adversus

597 3734 692 3772 vos
743 3734 950 3789 pacem,
995 3734 1152 3787 quam
1194 3734 1408 3789 semper
1447 3729 1819 3774 antecessores
1858 3721 1973 3789 ejus
2014 3720 2194 3775 Vobis-

596 3827 788 3867 cum...
817 3811 1216 3876 custodierunt,
1247 3812 1424 3866 adhuc
1453 3813 1614 3866 etiam
1650 3813 1915 3867 infamaus
1943 3814 2185 3880 Petrum,

594 3915 647 3959 et
679 3903 896 3958 Pattlnm
946 3903 1131 3959 beatos
1180 3905 1470 3974 Apostolos
1494 3946 1509 3969 ,
1541 3906 1694 3976 quasi
1728 3907 1828 3960 hoc
1869 3906 2189 3962 tradiderint

592 3995 692 4066 ipsi
717 4036 730 4059 ,
754 3995 844 4067 qui
875 3996 924 4049 in
962 3996 1218 4066 Epistolis
1243 3999 1355 4052 suis
1382 3996 1661 4052 ha-rcticos
1683 3999 1919 4053 execrati
1947 4007 2098 4061 sunt,
2133 4007 2187 4053 et

591 4098 650 4144 ut
675 4105 770 4144 cos
798 4091 1092 4154 evitemus,
1137 4102 1492 4159 monuerunt;
1521 4077 1662 4148 unde
1688 4103 1910 4164 apparet
1946 4093 2187 4149 tradilio-

589 4197 710 4237 nem
745 4184 880 4238 hanc
907 4183 1194 4238 humanam
1223 4201 1343 4241 esse
1365 4228 1378 4249 ,
1407 4202 1526 4256 quae
1559 4187 1846 4243 haereticos
1870 4189 2099 4256 asserit,
2135 4199 2189 4244 et

588 4273 856 4344 Baptisma
884 4291 978 4331 eos
1003 4275 1200 4332 habere
1226 4277 1482 4334 defendit.
1520 4299 1538 4331 ι
2007 4279 2016 4281 ’

659 4370 698 4423 l.
741 4371 870 4440 Qua:
899 4381 1020 4426 sunt
1051 4372 1139 4426 illa
1174 4374 1380 4428 multa?
1405 4375 1624 4443 —Qurc
1657 4376 1764 4431 iliac
1797 4377 2040 4447 plurima:
2064 4394 2187 4448 pro-

584 4464 808 4520 vinciaa?
848 4496 918 4504 ——
971 4464 1102 4532 Quae
1138 4466 1227 4521 illa
1275 4467 1391 4523 loca
1430 4476 1484 4523 et
1525 4470 1614 4538 qui
1661 4468 1740 4524 illi
1773 4471 2048 4535 homines,
2085 4487 2180 4541 pro
2204 4499 2258 4559 D

583 4571 806 4624 quorum
827 4557 1138 4613 diversitate
1152 4559 1316 4614 multa
1335 4561 1681 4615 variabantur
1701 4563 1789 4617 illo
1811 4573 2050 4631 tempore
2073 4563 2173 4634 (5),

584 4665 703 4719 qua:
749 4651 813 4704 ad
849 4661 1165 4720 praesentem
1213 4655 1566 4724 quaastionem
1617 4657 1888 4726 pertinere
1927 4657 2174 4725 possint?

653 4761 734 4834 (1)
774 4761 928 4837 Cirt'a
971 4765 1128 4819 ﬁnem
1162 4769 1342 4821 smculi
1367 4767 1668 4824 Iv'hteresis
1691 4769 2174 4837 Quarto-Decima-

575 4849 767 4960 Egrum
792 4835 1018 4891 invaluit
1037 4837 1386 4910 Jerosolymis
1413 4850 1545 4896 teste
1571 4835 1858 4895 Phila—strio
1880 4843 1999 4916 (59)
2030 4850 2170 4916 apud

656 4923 765 4960 7.2;].

620 4921 742 4961 oua
753 4947 765 4958 .

647 4979 728 5046 (9.)
767 4978 938 5048 Hujus
974 4981 1241 5036 haereseos
1267 4990 1540 5037 auctorem
1582 4998 1684 5038 n0n
1718 4984 1880 5040 fuisse
1917 4986 1971 5042 S.
1998 4987 2164 5045 Joan-

573 5065 694 5104 nem
747 5050 1183 5130 Evangelistam,
1239 5062 1294 5108 ut
1327 5053 1868 5126 pseudo-Polycrates
1911 5063 2163 5130 asseruit,

570 5122 851 5177 ostendam
881 5123 982 5178 alia
1015 5125 1146 5177 vice.

643 5193 720 5266 (5)
761 5193 1328 5267 Quodposterioribus
1355 5197 1686 5267 temporibus
1726 5201 1887 5254 multa
1918 5201 1971 5256 in
2001 5203 2161 5260 disci-

567 5264 863 5339 plinaribus
911 5264 1107 5339 fuerint
1150 5279 1347 5322 mutata
1385 5264 1481 5339 pro
1511 5271 1747 5324 locorum
1789 5284 1836 5325 et
1880 5273 2154 5331 hominum

566 5335 914 5417 diversitate,
943 5337 1219 5417 indubiutn
1256 5353 1336 5417 est
1362 5335 1397 5405 ς’
1423 5351 1503 5417 ast
1534 5345 1732 5417 seculo
1755 5359 1807 5396 ιιι
1838 5361 1994 5417 quam
2029 5347 2156 5417 rigi-

565 5407 787 5463 dissime
811 5409 1160 5465 insistebatur
1199 5412 1546 5466 unifortnitati
1577 5407 1982 5472 conservandai.
2021 5407 2152 5473 ὓιῖιη

564 5475 844 5546 Philippus
895 5481 1187 5546 imperator
1224 5481 1559 5537 Christianus
1601 5486 1684 5539 Vel
1725 5486 2154 5545 Catechumenus

559 5549 764 5631 pltimis
788 5551 981 5631 vigiliis
1008 5551 1357 5631 Paschalibus
1387 5555 1648 5631 interesse
1674 5557 1862 5621 voluit,
1892 5574 1919 5611 a
1944 5570 2154 5616 ret-tore

553 5625 737 5698 jussus
787 5632 870 5698 est
920 5625 1056 5698 inter
1103 5628 1422 5692 pmnitentes
1459 5630 1785 5692 consistere,
1817 5645 1882 5685 eo
1911 5632 2052 5698 quod
2100 5636 2150 5686 in

555 5691 743 5811 pégltils
777 5692 1059 5813 culpalli‘l‘is
1083 5706 1258 5760 esset;
1291 5710 1354 5750 ac
1387 5708 1630 5768 prompte
1655 5698 1907 5754 ohedivit.
1928 5691 2001 5756 'V.
2037 5701 2150 5757 Eu-

659 5790 673 5807 .
723 5793 735 5806 .
767 5773 838 5813 rt.
870 5775 916 5811 c.
950 5779 983 5812 ο
1026 5797 1037 5810 .

587 5762 673 5807 et).
697 5762 735 5811 ι.
767 5773 838 5823 v1,
870 5775 916 5811 c.
950 5762 1037 5813 54.

2334 1846 2455 1915 gelii
2481 1889 2494 1912 ,
2525 1851 2566 1900 si
2610 1847 2734 1900 huic
2764 1864 2868 1901 non
2900 1848 3268 1916 insperserant
3291 1863 3534 1903 errorem
3555 1891 3569 1915 ,
3594 1864 3703 1904 non
3734 1849 3932 1922 impro-

2332 1935 2510 2002 bavit;
2547 1938 2792 2007 adeoque
2814 1950 2862 1992 ct
2888 1937 3220 2008 Baptismutn
3247 1940 3316 1994 ab
3347 1939 3430 1994 bis
3456 1940 3715 1995 collatum
3749 1942 3932 1996 habuit

2329 2029 2594 2093 Validum,
2627 2039 2683 2083 ut
2713 2029 3024 2086 ostenderet
3049 2030 3298 2085 eﬂ‘ectum
3327 2033 3649 2087 sacramenti
3675 2049 3705 2087 a
3747 2036 3934 2090 minis-

2343 2120 2605 2175 trantibus
2634 2137 2739 2174 non
2771 2121 3100 2191 dependere.
3129 2125 3301 2192 carpit
3324 2139 3421 2180 eos
3450 2125 3538 2196 qui
3556 2126 3828 2195 iactabant
3860 2143 3931 2185 se

2328 2231 2356 2268 a
2392 2216 2554 2270 Paulo
2585 2215 2668 2268 vel
2689 2213 2869 2284 Cepha
2899 2231 3018 2270 esse
3050 2215 3363 2284 baptizatos.

2396 2309 2460 2363 V.
2502 2309 2671 2375 Quam
2722 2307 3004 2363 manifesta
3038 2310 3435 2366 contradictio:
3473 2330 3492 2363 ι
3529 2313 3780 2382 Apostoli
3808 2314 3917 2371 ha:-

2327 2403 2525 2459 reticos
2563 2404 2795 2459 execrati
2839 2413 3000 2469 sunt;
3035 2419 3130 2460 eos
3159 2421 3280 2461 esse
3321 2406 3573 2462 vitandos
3602 2408 3923 2466 docuerunt.

2325 2496 2397 2552 Ut
2425 2497 2509 2550 hic
2532 2511 2657 2551 vere
2681 2497 2958 2562 asseritur,
2993 2512 3055 2551 ac
3079 2497 3146 2551 ah
3173 2495 3452 2567 Apostolis
3478 2503 3717 2569 quaestio
3744 2502 3814 2558 de
3842 2518 3924 2557 ra-

2321 2588 2435 2644 lot'e
2461 2589 2806 2658 Baptismatis
2836 2589 3210 2645 hzereticorum
3234 2607 3340 2645 non
3375 2593 3547 2661 potuit
3571 2608 3698 2649 esse
3725 2594 3919 2662 decisa,

2317 2698 2384 2737 eo
2412 2682 2553 2751 quod
2585 2694 2827 2752 tempore
2856 2683 3237 2750 Apostolorum
3263 2685 3505 2740 nondum
3539 2687 3921 2746 lueriuthazre-

2318 2777 2430 2844 tici,
2473 2797 2492 2830 ι
2529 2787 2586 2832 ιιι
2607 2793 2767 2848 supra
2797 2795 2850 2832 n.
2884 2779 2952 2833 37
2978 2789 3242 2834 assertum
3274 2779 3396 2834 fuit.

2390 2871 2476 2927 40.
2546 2870 2767 2943 Affingit
2793 2871 2848 2927 S.
2884 2871 3160 2941 Stephano
3187 2888 3381 2929 novam
3411 2874 3709 2933 absurdam
3740 2895 3917 2937 asser-

2318 2965 2550 3029 tionem,
2575 2966 2828 3035 supponit
2850 2980 3044 3036 nempe
3065 2967 3204 3037 quod
3237 2966 3379 3036 Papa
3407 2967 3690 3026 docuerit:

2394 3075 2412 3106 ‹
2449 3056 2740 3112 Ηιιξιριὶροε
2766 3072 2978 3127 quoque
3021 3058 3166 3128 ipsos
3194 3058 3246 3113 in
3280 3059 3557 3130 Baptist
3583 3066 3916 3135 convenire’,

2233 3152 2278 3215 C
2312 3165 2378 3206 eo
2407 3151 2547 3221 quod
2588 3150 2654 3205 ad
2684 3151 3002 3206 alterutrum
3035 3153 3313 3209 venientes
3345 3170 3452 3210 non
3476 3156 3787 3226 baptizent;
3819 3162 3918 3217 sed

2303 3245 2703 3300 communicent
2746 3256 2985 3312 tantum,
3031 3247 3186 3318 quasi
3217 3257 3273 3303 et
3313 3263 3410 3304 nos
3457 3250 3557 3305 hoc
3597 3251 3788 3310 facere
3816 3255 3914 3311 de-

2303 3339 2546 3394 beamus.
2578 3338 2695 3407 Quo
2728 3340 2780 3394 in
2812 3340 2961 3407 loco,
3002 3342 3100 3396 etsi
3137 3340 3245 3396 'vos
3276 3342 3383 3412 jam
3422 3345 3688 3412 probastis
3730 3351 3909 3416 satis,

2301 3429 2580 3484 ridiculum
2623 3438 2802 3498 esset,
2861 3443 2918 3486 ut
2963 3432 3084 3502 quis
3135 3444 3388 3504 sequatur
3431 3444 3707 3502 errantes;
3759 3438 3922 3497 illud

2300 3528 2548 3576 tamen...
2584 3540 2604 3574 ι

2372 3613 2546 3669 Locus
2585 3623 2668 3670 est
2711 3614 2994 3671 notabilis:
3035 3617 3106 3673 ob
3138 3615 3281 3673 hunc
3330 3619 3472 3674 enim
3515 3628 3572 3675 et
3597 3619 3910 3691 Epistolam

2293 3705 2663 3778 Cypriauicam
2686 3707 2754 3762 74
2783 3706 2983 3764 acriter
3010 3716 3067 3764 et
3091 3708 3379 3780 plurimum
3404 3711 3687 3782 disputant
3711 3713 3908 3772 Theo-

2294 3799 2399 3871 logi
2433 3799 2535 3871 (5).

2364 3897 2485 3951 .tl.t
2511 3894 2592 3949 An
2623 3892 2926 3966 Stephanus
2958 3893 3191 3950 validum
3213 3896 3541 3966 judicaverit
3568 3900 3910 3972 Baptismum

2363 3988 2463 4041 sub
2491 4003 2822 4057 quacumque
2852 3987 3043 4050 forma,
3068 3990 3227 4045 etiam
3258 4007 3365 4046 non
3401 3993 3651 4050 invocato
3671 3999 3911 4054 sanctis—

2366 4080 2516 4135 sinite
2547 4080 2824 4136 Trinitatis
2851 4084 3108 4154 mysterio
3134 4084 3432 4139 collatum?
3459 4105 3476 4139 ι

2364 4171 2570 4242 Negant
2610 4173 2793 4243 plures
2828 4174 2899 4229 ob
2946 4175 3171 4231 dicenda
3199 4193 3254 4230 ιι.
3285 4175 3386 4231 5‘2.
3427 4176 3720 4235 Afﬁrmant
3766 4197 3909 4238 non-

2290 4265 2422 4319 nulli
2449 4265 2538 4336 qui
2566 4281 2758 4337 papam
2787 4268 2839 4322 in
2863 4268 3110 4324 haeresim
3142 4269 3350 4338 lapsum
3380 4269 3545 4326 fuisse
3563 4272 3781 4328 volunt.
3813 4274 3906 4330 lno

2291 4367 2371 4413 tcr
2393 4359 2489 4413 hos
2514 4359 2845 4426 Blondellus,
2881 4360 3122 4429 Vossius,
3154 4361 3467 4432 Basnagius,
3487 4362 3700 4420 Marcus
3716 4365 3903 4422 Anto-

2289 4453 2409 4506 nius
2436 4451 2503 4507 de
2534 4452 2794 4520 Dominis,
2818 4453 3054 4509 Joannes
3074 4454 3421 4518 Cestriensis,
3451 4455 3730 4514 Lauttoius
3761 4470 3902 4516 tom.

2284 4559 2343 4608 ιι,
2375 4559 2492 4614 pag.
2525 4543 2579 4597 2.
2613 4543 2693 4598 Eo
2722 4553 2774 4600 et
2808 4545 3027 4600 inclinat
3061 4545 3318 4616 Dupinius
3361 4548 3553 4604 doctor
3581 4550 3903 4612 Sorbonius

2279 4637 2370 4707 qui
2399 4647 2453 4691 ut
2481 4653 2634 4692 suum
2662 4639 2921 4693 intentum
2954 4640 3121 4710 magis
3148 4641 3361 4713 probet,
3385 4644 3578 4698 asserit
3601 4642 3744 4716 (4)::
3767 4648 3900 4702 nul-

2275 4730 2358 4786 los
2387 4731 2494 4788 fere
2522 4741 2646 4787 tunc
2675 4731 2840 4789 fuisse
2865 4733 3168 4802 haereticos,
3195 4734 3286 4806 qui
3315 4737 3366 4790 in
3398 4740 3622 4792 nomine
3646 4741 3900 4796 sanctis-

2351 4846 2426 4922 (ι)
2471 4846 2521 4899 1.
2549 4844 2680 4922 Quia
2705 4845 2849 4916 quod
2873 4863 3008 4918 papa
3047 4849 3104 4903 S.
3135 4847 3462 4922 Cyprianum
3505 4861 3558 4906 et
3589 4853 3899 4912 universos

2275 4916 2468 4971 Africae
2518 4919 2800 4984 episc0pos
2846 4916 2967 4973 actu
3021 4916 3609 4990 excommunicaverit,
3657 4925 3901 4984 aliunde

2273 4991 2500 5062 probare
2532 4990 2733 5062 nequit.
2775 4991 2828 5043 2.
2875 4991 3007 5057 Quia
3045 4991 3102 5062 S.
3134 4991 3386 5062 Cypriani
3427 5009 3624 5049 nomen
3651 4993 3883 5053 Canoui

2271 5058 2499 5133 Missalis
2534 5059 2760 5115 Romani
2791 5063 3045 5117 insertum
3078 5058 3550 5127 fuit-,nullatenus
3580 5069 3890 5133 credibile.

2268 5132 2410 5201 quod
2435 5131 2675 5187 [{«noana
2703 5133 2932 5188 Ecclesia
2965 5148 3158 5188 nomen
3183 5133 3417 5190 hominis
3442 5151 3471 5189 a
3499 5153 3725 5192 summo
3749 5131 3897 5196 Pen;

2268 5206 2410 5257 tilice
2463 5205 2914 5258 excommunieati
2963 5213 3017 5258 et
3075 5206 3229 5273 primi
3275 5210 3894 5269 excomtnunicatoru

2264 5275 2594 5345 antesignani
2620 5275 2671 5328 in
2693 5273 2968 5330 Canonem
2998 5277 3078 5330 sui
3109 5277 3335 5333 Missalis
3357 5279 3633 5336 retulis~et
3651 5281 3676 5333 ?

2335 5347 2413 5421 (3)
2458 5347 2545 5421 Illa
2579 5346 2790 5421 phrasis
2809 5349 3062 5421 infamare
3079 5349 3372 5417 Apostolos,
3396 5366 3611 5421 quoque
3632 5358 3896 5412 occurrit

2259 5415 2312 5471 in
2342 5419 2438 5485 Ep.
2463 5415 2898 5490 Cyprianicajtl'.

2332 5490 2411 5561 ('5)
2459 5488 2748 5564 Videatth
2777 5488 2980 5564 Natalis
3029 5490 3332 5564 Alexander
3369 5494 3434 5546 ad
3474 5495 3751 5551 sa~culum
3797 5515 3890 5564 tu.

2259 5560 2481 5637 DiSsert.
2532 5562 2618 5616 Η.
2670 5560 2994 5637 Tournelius
3036 5562 3111 5637 de
3149 5564 3515 5637 sacramentis
3562 5566 3616 5619 in
3660 5560 3892 5637 genere

2257 5635 2484 5713 quaistip
2536 5648 2629 5687 vn.
2681 5631 2892 5713 Ee‘rtius
2919 5633 2987 5688 de
3036 5632 3294 5706 Theolog.
3330 5635 3521 5707 discip.
3569 5631 3693 5693 lib:
3711 5655 3889 5713 xxxx,

2254 5718 2375 5772 cap.
2405 5705 2493 5770 l3,
2518 5721 2664 5758 num.
2694 5703 2781 5759 l6.

2331 5774 2411 5845 (-l)
2435 5775 2490 5830 lu
2521 5790 2614 5831 sua
2639 5775 2984 5834 bibliotheca.
3014 5775 3080 5832 V.
3099 5776 3420 5849 Cyprianus.
