4208 6276
312 202 478 261 Δ’1585

1119 232 1124 240 -
1212 201 1302 259 DE
1340 198 1721 260 FIRMILIANI
1757 200 1851 259 AD
1890 199 1948 259 S.
1990 197 2393 259 CYPRIANUM
2432 198 2785 260 EPISTOLA.

3398 201 3414 267 ἕ
3505 204 3648 264 1586

329 316 483 372 simae
537 315 815 373 Trinitatis
863 315 1273 386 baptizaverint.
1307 336 1326 370 ι
1380 319 1479 374 Ast
1530 318 1632 375 hoc
1678 319 1922 375 ultimum
1951 321 2363 389 Aconseqnens
2389 328 2472 375 est
2517 334 2611 374 eos
2637 314 2946 374 consentire
2974 313 3026 371 in
3056 312 3318 389 Baptismi
3369 320 3451 374 Sui
3496 322 3651 376 vani-

329 422 598 469 assertum
626 410 917 467 sufficienti
961 410 1273 467 destituitur
1310 413 1538 469 ratione.
1587 413 1776 483 Maiori
1810 413 1931 482 jure

329 504 577 569 dixisset,
606 518 803 575 paucos
829 501 905 575 (Ι)
927 512 1053 559 tunc
1076 504 1239 560 fuisse
1289 505 1591 569 htereticos,
1621 506 1709 577 qui
1752 505 1926 576 legiti-

329 616 475 656 mam
508 598 732 654 formam
765 612 871 653 non
899 598 1274 655 adhibuerim:
1303 618 1321 653 ι
1348 600 1540 655 saltem
1566 599 1642 653 illi
1667 583 1929 665 lia-retiei,

330 692 423 764 qui
477 691 568 745 illn
601 699 845 762 tempore
891 690 1189 747 Ecclesiam
1239 691 1473 746 maxime
1528 692 1928 760 perturbarunt,

326 782 787 841 erattthvatiani
818 800 831 837 :
864 783 919 839 hi
965 799 1093 840 vero
1122 783 1349 839 formam
1386 783 1730 853 Baptismatis
1780 797 1936 838 num-

326 893 489 949 quam
537 884 919 947 corruperunt.
991 876 1335 932 Paulianista:
1380 883 1435 931 et
1486 874 1777 931 Sabelliani
1816 883 1938 944 post

330 979 575 1039 tempora
600 968 658 1025 S.
700 968 963 1037 Stephani
1006 976 1411 1039 proruperunt;
1468 982 1650 1022 verum
1693 967 1781 1022 illa
1808 982 1939 1022 con-

331 1061 597 1117 troversia
624 1061 693 1117 de
720 1060 916 1117 haeresi
944 1059 1204 1132 Stephani
1240 1075 1392 1131 papte
1420 1059 1473 1116 in
1509 1070 1784 1131 posterum
1811 1074 1934 1116 ces—

329 1171 456 1211 sare
487 1154 683 1225 poterit
703 1172 717 1223 ;
751 1171 874 1211 nam

403 1247 441 1302 l.
478 1247 609 1316 Quis
641 1248 775 1303 ultra
832 1248 935 1303 erit
962 1288 980 1316 ,
1021 1247 1111 1319 qui
1155 1256 1343 1304 nostro
1388 1245 1939 1318 pseudo-Firmiliano

336 1342 418 1416 (Ξ)
436 1342 623 1398 credat
643 1343 903 1399 asserenti
931 1359 944 1395 :
977 1361 996 1393 ‹
1036 1342 1094 1399 S.
1129 1342 1464 1413 Stephanum
1503 1356 1693 1411 papam
1720 1338 1940 1395 definis-

330 1449 396 1491 se
429 1477 441 1489 .
476 1434 807 1506 Baptismum
858 1449 965 1489 non
1017 1450 1139 1490 esse
1168 1435 1519 1504 repetendum
1551 1433 1672 1488 ideo
1719 1432 1842 1502 quia
1873 1431 1941 1486 ab

334 1527 605 1583 harreticis
636 1528 977 1599 cognoscitur
1003 1527 1215 1582 validus
1242 1528 1265 1581 ?
1292 1527 1443 1582 Tunc
1488 1526 1671 1596 utique
1713 1523 1941 1595 Stepha-

331 1638 437 1678 nus
466 1637 571 1676 non
594 1620 965 1677 Firmilianum
994 1620 1275 1675 dumtaxat
1303 1662 1318 1687 ,
1356 1619 1452 1675 sed
1475 1619 1756 1673 universos
1781 1618 1943 1672 totius

2034 420 2163 466 tale.
2204 428 2223 462 ι

2104 502 2195 556 44.
2224 499 2438 555 Falsum
2471 508 2555 556 est
2597 501 2740 571 quod
2769 515 2959 557 omnes
2982 501 3224 557 haeretici
3273 505 3655 561 consenserint

2034 592 2177 649 circa
2200 593 2683 664 blasphemandum
2708 594 3019 651 Creatorem
3042 613 3055 661 ;
3077 611 3198 650 nam
3223 596 3505 653 Novatiani
3538 607 3653 653 tum

2038 689 2270 743 maxime
2292 687 2780 759 nOti;(l)sinceram
2804 688 2871 743 de
2902 688 3013 743 Deo
3026 698 3081 744 et
3107 690 3445 744 sanctissima
3473 690 3655 745 Trini-

2038 786 2148 834 tate
2168 778 2492 844 doctrinam,
2511 795 2670 848 quam
2697 781 2748 835 In
2779 780 3020 835 Ecclesia
3046 780 3311 836 catholica
3331 782 3654 848 didicerant,

2040 870 2359 927 invariatam
2384 872 2675 939 retinuere,
2713 883 2769 926 ut
2794 888 2982 928 eorum
3010 874 3168 927 simul
3192 881 3247 927 et
3270 873 3499 928 aliorum
3532 876 3656 945 plu-

2039 966 2179 1021 rium
2210 966 2516 1037 Baptismus
2548 968 2600 1020 in
2627 967 2860 1021 c0ncilio
2886 966 3105 1021 Nicaano
3133 982 3276 1020 anno
3301 966 3407 1023 525
3437 970 3656 1038 agnitus

2040 1057 2221 1126 fuerit,
2266 1072 2326 1115 ut
2352 1061 2639 1132 legitimus.
2671 1062 2745 1116 De
2768 1060 3107 1115 Montanistis
3139 1059 3230 1113 illo
3259 1060 3378 1129 ipso
3410 1068 3655 1131 tempore

2041 1152 2098 1209 S.
2118 1154 2461 1209 Firmililtani
2489 1154 2712 1210 famosis
2737 1154 2969 1218 dicetur,
3006 1171 3061 1208 n.
3095 1154 3184 1209 46.

2114 1249 2204 1304 45.
2228 1248 2344 1303 Non
2364 1264 2579 1319 possunt
2610 1250 2712 1305 hac
2751 1249 3037 1304 occasione
3055 1264 3160 1302 non
3183 1263 3464 1319 opponere
3482 1264 3654 1317 meas,

2046 1357 2166 1413 qum
2191 1342 2473 1397 subierunt
2502 1343 2881 1414 cogitationes.
2905 1341 3034 1397 Post
3065 1352 3305 1411 tempora
3338 1342 3394 1397 S.
3430 1342 3660 1411 Stepha-

2045 1439 2098 1492 ni
2125 1452 2274 1508 papte
2301 1448 2354 1493 et
2378 1438 2632 1509 Cypriani
2662 1436 3021 1492 celeberrima
3060 1436 3329 1491 celebrata
3360 1435 3508 1491 fuere
3530 1450 3661 1490 con-

2045 1531 2166 1586 cilia
2193 1572 2208 1598 ,
2240 1530 2347 1585 duo
2378 1532 2459 1585 vel
2497 1531 2594 1584 tria
2627 1528 2965 1583 Antiochena
2996 1528 3064 1582 ab
3115 1544 3255 1583 anno
3304 1528 3411 1583 265
3439 1529 3506 1582 ad
3558 1543 3659 1582 an-

2047 1639 2175 1678 num
2222 1622 2349 1676 272.
2379 1620 2538 1676 Aliud
2593 1621 2914 1676 Arelatense
2958 1635 3100 1674 anno
3130 1620 3254 1675 5M.
3293 1620 3485 1675 Postea
3516 1636 3661 1677 anno

333 1715 521 1771 mtmdi
545 1714 829 1785 episcopos
858 1724 913 1769 et
943 1713 1109 1770 laicos
1132 1724 1319 1769 contra
1341 1727 1399 1768 se
1421 1712 1746 1769 concitasset
1775 1752 1791 1778 ,
1816 1726 1938 1766 cum
1969 1721 2017 1780 Β
2045 1714 2151 1771 525
2178 1712 2453 1767 Nicaenum
2482 1712 2735 1782 generale
2760 1730 2774 1777 ;
2804 1713 2857 1765 in
2886 1711 3099 1767 duobus
3130 1713 3333 1767 ultimis
3354 1753 3369 1779 ,
3402 1714 3524 1783 quia
3556 1716 3661 1769 Do-

333 1813 512 1863 tamen
542 1817 651 1861 tota
677 1805 868 1861 saltem
896 1805 1110 1875 Europa
1148 1816 1402 1861 constans
1431 1804 1724 1859 adhaeserit
1754 1803 1934 1873 Papze.

404 1900 466 1954 ll.
497 1899 714 1953 Falsum
732 1899 945 1954 videtur
969 1897 1111 1968 quod
1143 1897 1382 1953 haeretici
1410 1897 1504 1952 illo
1527 1906 1771 1966 tempore
1802 1896 1938 1950 vali-

334 1991 403 2047 da
456 1991 743 2046 habuerint
780 1990 1107 2061 Baptismata
1133 2000 1289 2044 extra
1329 2004 1456 2043 suas
1505 1997 1681 2044 sectas
1721 1987 1935 2042 collata.

330 2083 409 2138 De
435 2082 730 2138 Menandro
756 2081 1002 2138 videatur
1033 2081 1090 2137 S.
1114 2080 1373 2147 Irenteus,
1407 2089 1467 2135 ut
1491 2091 1694 2135 taceam
1724 2079 1793 2135 de
1809 2078 1939 2133 Ter-

331 2174 639 2229 tullianistis
692 2173 792 2245 (5).
849 2174 924 2228 De
950 2172 1158 2228 Novato
1208 2182 1361 2226 extra
1415 2171 1637 2225 dubium
1686 2170 1936 2228 videtur:

330 2266 477 2338 quod
504 2268 648 2322 enim
676 2265 959 2321 Novatiani
1006 2264 1316 2320 Catholicos
1352 2262 1740 2333 rebaptizarint
1766 2303 1780 2328 ,
1810 2276 1942 2317 con-

334 2365 561 2413 testatur
589 2360 646 2414 S.
674 2355 1017 2412 Innocentius
1047 2356 1149 2428 (4).
1175 2355 1231 2411 S.
1267 2354 1628 2425 Hieronymus
1672 2352 1891 2407 tradidit
1921 2392 1938 2419 ,

332 2450 478 2522 quod
508 2452 564 2508 S.
589 2451 888 2523 Cyprianus
901 2450 1230 2520 Baptismata
1244 2447 1665 2503 Nuvatianorum
1687 2445 1809 2500 ideo
1839 2458 1943 2500 cm.

334 2548 475 2617 perit
504 2544 703 2600 habere
733 2554 789 2599 ut
820 2542 1074 2611 invalida,
1116 2543 1238 2613 quia
1270 2540 1549 2596 Novatiani
1580 2582 1595 2609 ,
1638 2538 1942 2595 Catholico-

330 2654 450 2695 rum
480 2638 748 2709 Baptisma
772 2636 1075 2691 habuerant
1101 2644 1159 2690 ut
1198 2634 1563 2705 illegitimum.
1599 2632 1839 2702 Denique
1879 2628 1938 2685 S.

332 2732 617 2805 Dionysius
643 2730 1041 2787 Alexandrinus
1068 2728 1257 2784 Novati
1288 2743 1503 2783 coaevus
1529 2728 1597 2784 de
1654 2729 1757 2784 hoc
1799 2734 1944 2782 retu-

332 2828 396 2884 lit
413 2828 492 2899 (5)
512 2830 690 2900 Papae,
705 2846 723 2880 ς
746 2827 891 2899 quod
909 2827 965 2882 S.
981 2826 1279 2880 Lavacrum
1298 2824 1563 2895 respuerit
1586 2832 1672 2877 aut
1687 2822 1804 2893 ipse
1818 2836 1944 2877 nos-

334 2930 475 2978 trum
507 2922 944 2986 Catholicorum;
1013 2934 1136 2974 nam
1201 2917 1482 2973 Novatiani
1531 2917 1941 2972 Sacramentum

328 3014 673 3085 baptismatis
701 3029 807 3070 non
840 3013 1169 3083 abrogarunt
1206 3009 1311 3084 (6).

2041 1808 2254 1863 natistze
2304 1807 2415 1876 jam
2457 1806 2831 1871 invaluerant,
2890 1803 3164 1875 negotium
3213 1805 3661 1873 rebaptizationis

2040 1900 2141 1957 fuit
2168 1908 2577 1970 pertractatum.
2626 1900 2681 1954 Si
2714 1900 2765 1953 in
2795 1898 2974 1954 Africa
3006 1898 3107 1952 sub
3134 1898 3430 1968 Agrippino
3455 1907 3510 1953 et
3532 1914 3660 1969 pos-

2043 2004 2125 2051 tea
2153 1997 2206 2050 in
2249 1995 2421 2049 tribus
2451 1993 2756 2048 numerosis
2805 1991 3209 2048 Catholicorum
3259 1991 3501 2048 conciliis
3555 1992 3656 2047 sub

2041 2086 2411 2157 S.Cypriano;
2443 2086 2569 2141 item
2590 2086 2642 2139 in
2663 2084 2787 2139 Asia
2814 2085 2867 2139 in
2898 2086 3121 2155 synodis
3146 2084 3408 2139 lconiensi
3438 2096 3493 2140 et
3517 2084 3660 2157 Syn-

2042 2178 2265 2234 nadensi
2287 2179 2566 2234 delinitum
2593 2178 2779 2232 fuisset
2805 2189 2991 2231 contra
3018 2176 3313 2231 Ecclesiam
3337 2177 3657 2247 Romanam,

2049 2291 2068 2324 ‹
2105 2273 2248 2343 quod
2299 2272 2477 2327 nullus
2527 2272 2816 2326 haereticus
2845 2270 3024 2325 valide
3077 2271 3351 2341 baptizare
3382 2282 3583 2341 queat,
3635 2290 3655 2324 ι

2043 2364 2313 2437 quomodo
2346 2364 2601 2435 possibile
2641 2362 2743 2417 fuit
2773 2404 2787 2429 ,
2820 2362 2963 2433 quod
2994 2365 3047 2418 in
3080 2362 3326 2418 conciliis
3352 2363 3659 2421 Arelatensi

2045 2470 2101 2515 et
2147 2460 2368 2515 Nicteno
2408 2459 2553 2513 nulla
2582 2457 2722 2512 facta
2764 2457 2930 2513 fuerit
2959 2458 3163 2512 mentio
3190 2457 3257 2512 de
3292 2458 3659 2513 retractandis

2044 2555 2290 2610 conciliis
2318 2552 2779 2623 prwcedentibus,
2818 2551 3114 2620 quemlibet
3153 2550 3442 2621 cujuslibet
3486 2553 3661 2607 haere-

2046 2648 2137 2703 tici
2190 2646 2524 2717 Baptismum
2579 2645 2964 2699 delinientibus
3021 2659 3142 2699 esse
3194 2645 3536 2700 invalidum?
3589 2673 3663 2689 -ι

2044 2741 2197 2797 Hunc
2225 2740 2424 2795 nodum
2466 2739 2680 2794 solvere
2708 2754 2815 2792 non
2846 2752 3063 2807 possum
3087 2777 3100 2800 ,
3134 2737 3235 2791 nisi
3267 2738 3539 2793 dicendo:
3572 2738 3661 2791 illa

2046 2834 2243 2889 Africae
2264 2842 2320 2888 et
2344 2834 2485 2887 Asia:
2509 2832 2986 2901 Anabaptistarum
3016 2830 3243 2885 concilia
3276 2830 3353 2902 (2)
3381 2842 3504 2884 sunt
3533 2846 3661 2900 sup-

2046 2929 2304 3000 positilia.
2348 2925 2405 2979 In
2438 2925 2740 2981 Arelatensi
2771 2933 2959 2979 contra
2993 2923 3303 2978 Donatistas
3357 2921 3657 2978 delinieba-

2045 3033 2131 3079 tur
2157 3023 2336 3077 nullos
2360 3062 2376 3087 ,
2405 3020 2497 3092 qui
2538 3020 2591 3073 in
2620 3017 2792 3073 forma
2822 3033 2869 3074 s.
2901 3017 3184 3072 Trinitatis
3231 3017 3383 3071 tincti
3415 3017 3656 3085 fuerint,

404 3107 496 3164 45.
516 3108 795 3161 ι’τωῆιςιιιη
814 3104 999 3160 falsam
1016 3104 1371 3161 assertionem
1391 3121 1403 3157 :
1421 3103 1562 3175 quod
1583 3103 1634 3158 in
1652 3110 1944 3176 systemate

2049 3133 2169 3176 esse
2198 3116 2635 3188 rebaptizandos.
2667 3115 2859 3170 Postea
2906 3115 2958 3169 in
2987 3114 3206 3169 Nicaeuo
3236 3114 3660 3170 recensebantur

329 3213 669 3273 quarumque
680 3197 956 3253 haereseon
973 3197 1366 3252 consectarium
1385 3196 1484 3251 fuit
1502 3213 1547 3260 ς(
1573 3210 1841 3266 quemque
1854 3208 1946 3250 va-

334 3294 448 3351 lere
495 3295 843 3365 Baptismum,
885 3310 904 3343 ι
938 3291 1125 3347 nititur
1165 3291 1626 3347 demonstratione
1673 3290 1940 3361 sequenti.

412 3408 432 3441 ‹
472 3388 811 3444 llreretici....
838 3388 892 3441 in
919 3401 986 3442 eo
1034 3400 1200 3441 unum
1228 3394 1283 3440 et
1326 3384 1578 3440 eumdem
1613 3397 1939 3439 consensum

336 3493 522 3543 tenent
545 3524 564 3551 ,
589 3494 646 3539 ut
665 3483 1039 3554 blaSphement
1060 3479 1370 3535 Creatorem
1398 3520 1413 3547 ,
1444 3479 1693 3550 quaedam
1728 3478 1937 3533 somnia

333 3581 436 3640 sibi
466 3623 483 3649 ,
524 3590 579 3637 et
614 3579 986 3651 phantasmata
1014 3576 1183 3647 ignoti
1228 3574 1324 3629 Dei
1369 3574 1777 3644 contingentes:
1810 3587 1939 3643 ergo

411 3763 489 3835 (l)
514 3761 623 3818 llos
646 3761 771 3818 vide
804 3759 954 3835 apud
996 3758 1256 3835 Irenaeum
1286 3756 1411 3835 l_._t_,
1440 3756 1576 3835 c.__8.
1622 3754 1699 3812 De
1722 3754 1934 3835 Monta-

330 3828 493 3891 nis'tis
521 3849 673 3902 agam
703 3836 756 3888 in
786 3828 1163 3887 diSsertatione
1205 3829 1268 3882 de
1293 3828 1540 3898 Epistolis
1579 3828 1835 3882 canonicis
1875 3829 1930 3885 S.

336 3905 517 3963 Basilii
546 3906 616 3960 Μ.

328 4000 333 4005 ·
410 3978 487 4051 (2)
517 3974 725 4033 Censeo
749 3971 1355 4051 pseudo-Finniliamtm
1385 3969 1548 4051 fuisse
1576 3968 1819 4051 ejusdem
1830 3985 1922 4051 se-

335 4042 647 4118 cta2,'cnjus
668 4042 784 4103 erat
808 4057 994 4100 auctor
1037 4043 1386 4118 quarumdam
1410 4042 1794 4118 _epistolarum_
1824 4042 1932 4113 Cy-

337 4112 736 4194 pria-mearum;
788 4134 907 4171 nam
944 4112 1544 4194 _textt_ts_scrip_turistici
1593 4113 1647 4167 in
1683 4112 1933 4194 .utristhe

336 4182 580 4263 epistolis
604 4182 793 4246 eodem
821 4186 961 4257 apud
983 4186 1288 4263 Catholicos
1316 4185 1536 4263 incitato
1575 4182 1734 4237 modo
1759 4183 1930 4263 citan:

336 4255 446 4319 tur.
475 4265 531 4317 E.
577 4278 628 4333 g.
662 4255 903 4333 tempore
933 4257 1211 4333 Augustini
1246 4255 1926 4333 Donatistzeargumentari

336 4326 677 4391 solebant'ex
701 4326 914 4386 Psalmo
939 4326 1037 4384 CL.
1082 4327 1263 4383 Oleum
1293 4326 1571 4397 peccatoris
1590 4342 1721 4397 Anon
1770 4334 1927 4397 ungat

334 4413 490 4475 caput
519 4421 681 4458 meum
698 4419 719 4467 ;
738 4419 866 4471 ergo
893 4402 952 4456 S.
979 4399 1250 4475 Unctionis
1272 4407 1340 4475 et
1352 4396 1550 4475 reliqua
1582 4395 1924 4475 Sacramenta

336 4496 365 4531 a
391 4462 673 4548 peccatore
696 4462 888 4548 collina
923 4487 1027 4548 non
1067 4472 1263 4548 valent.
1300 4462 1501 4548 Eodem
1546 4467 1929 4548 modo‘legitur
1953 4462 2006 4522 D

336 4538 723 4619 iit-Cyprianica
748 4544 988 4619 76.—S._
1005 4539 1461 4619 augustinuslgtt
1484 4580 1498 4604 ,
1526 4548 1661 4619 cont.
1691 4538 1928 4619 cresco».

337 4635 388 4677 e.
421 4610 512 4674 εῑιί
547 4628 601 4673 et
629 4618 664 4672 Ι.
695 4633 747 4671 tv
771 4659 786 4684 ,
817 4632 934 4686 cap.
968 4614 1055 4669 15.
1088 4610 1363 4682 respondit
1388 4610 1700 4686 Donatistis,
1733 4610 1785 4664 1.
1819 4621 1931 4664 tex—

339 4701 452 4746 tum
473 4691 652 4760 inepte
682 4681 847 4742 fuisse
872 4681 1199 4760 adductum;
1228 4698 1348 4760 eum
1383 4692 1505 4760 agat
1542 4681 1611 4735 de
1652 4692 1932 4750 peccatore

338 4753 612 4817 adulante.
637 4760 693 4814 2.
727 4760 951 4814 Textum
994 4772 1023 4810 a
1068 4754 1356 4809 Donatistis
1378 4753 1543 4806 fuisse
1580 4760 1930 4819 corruptum;

339 4850 461 4889 cun;
495 4832 776 4903 legendum
804 4832 873 4903 sit
902 4846 917 4883 :
946 4847 965 4879 ί
1000 4827 1114 4903 Non
1147 4825 1550 4903 itnpinguetvel
1581 4823 1933 4903 impinguabit

338 4914 499 4973 caput
524 4893 725 4958 meum.
764 4919 783 4953 ι
820 4902 960 4973 Ecce
986 4898 1186 4973 Anon!
1207 4896 1641 4973 Cyprianiearum
1665 4895 1721 4950 S.
1747 4893 1929 4963 Scrip—

341 4966 513 5029 tttram
535 4976 741 5033 citavit,
761 4981 920 5043 prout
936 4971 1116 5043 leuca
1143 4966 1443 5043 Donatistis
1461 4970 1633 5043 fuerat
1657 4972 1930 5043 corrupta.

413 5047 495 5117 (3)
534 5034 1033 5117 Tertullianttsjam
1061 5039 1386 5117 Montattista
1421 5036 1591 5091 factus
1621 5037 1656 5090 Ι.
1685 5036 1749 5090 de
1766 5034 1938 5117 Pudi-

338 5106 461 5172 citia
477 5106 662 5172 'docuit
690 5132 804 5175 eos.
833 5106 1022 5184 qui'ab
1060 5109 1253 5165 hteresi
1283 5119 1543 5165 venerunt
1574 5148 1590 5176 ,
1618 5122 1738 5163 esse
1763 5106 1941 5177 bapti-

338 5188 541 5246 zattdOs
566 5189 704 5243 sicut
723 5186 988 5243 ethnicos.

441 5260 473 5314 4
532 5260 698 5328 Epist.
735 5275 769 5313 ιι
794 5256 862 5311 ad
900 5254 1214 5319 Victricium,
1242 5267 1360 5324 cap.
1384 5252 1463 5321 8.)

414 5259 497 5400 (5i
524 5330 807 5385 Eusebius.
839 5328 875 5383 l.
903 5342 998 5400 vlt.
1030 5341 1147 5400 cap.
1173 5326 1227 5400 8.
1291 5395 1305 5400 Δ

443 5326 497 5394 5)
524 5326 807 5385 Eusebius.
839 5328 875 5383 l.
903 5342 998 5385 vtt.
1030 5341 1147 5394 cap.
1173 5326 1227 5379 8.

556 5402 740 5457 Patet:
788 5402 907 5471 quia
938 5390 1577 5471 Novatianiadnostram
1631 5390 1928 5471 Ecclesiam

340 5462 656 5535 venientes,
688 5462 1241 5541 non'baptizabantur.
1278 5467 1489 5541 Yidesis
1527 5465 1813 5541 concilium
1844 5462 1934 5541 Ni-

343 5558 575 5601 cwnum.
610 5531 677 5599 At
716 5559 843 5599 \ero
872 5531 1172 5596 Catlmlicos
1195 5580 1210 5604 ,
1244 5538 1329 5592 vel
1381 5535 1684 5590 Donatistas
1706 5531 1938 5602 rebapti-

341 5617 534 5672 zabant
552 5660 568 5683 ,
591 5626 652 5671 ut
674 5612 1204 5684 Pseudo-Cyprianus
1217 5624 1411 5684 verum
1423 5606 1660 5684 _t_hxer_it,
1685 5604 1811 5659 dum

342 5687 435 5753 75,
468 5672 731 5743 Jubaiano
756 5672 1005 5741 scribit-z'
1033 5679 1367 5753 Novatiettses
1398 5677 1743 5753 (Novatianos
1772 5690 1803 5729 a
1830 5672 1939 5730 No-

341 5750 492 5835 yato)
533 5759 849 5830 rebaptizare
877 5771 962 5810 eos
990 5767 1115 5823 quos
1140 5770 1172 5806 α
1195 5752 1337 5808 nobis
1362 5750 1660 5807 sollicitant.

826 5850 1102 5919 ΡΑτιιοι.
1149 5846 1256 5912 ΙΙΙ.

2047 3214 2264 3285 quinam
2296 3222 2478 3269 essent
2504 3208 2872 3280 rebaptizandi
2901 3249 2916 3275 ,
2946 3217 3001 3263 et
3020 3208 3238 3279 quinam
3271 3224 3395 3262 non.

2117 3309 2206 3364 46.
2238 3308 2427 3375 Porro,
2445 3322 2566 3363 cum
2595 3304 3170 3376 pseudo-Firmilianus
3197 3304 3425 3375 probare
3455 3304 3659 3363 debue-

2044 3401 2131 3465 rit,
2159 3400 2302 3472 quod
2330 3416 2519 3455 omnes
2550 3398 2790 3453 haeretici
2819 3397 2960 3453 circa
2994 3399 3209 3451 Patrem
3239 3398 3564 3463 erraverint,
3598 3398 3654 3453 id

2045 3492 2146 3547 sub
2161 3492 2328 3564 figura
2342 3491 2731 3562 praeteritionis
2752 3504 2895 3544 nunc
2908 3487 3242 3559 aggreditur,
3267 3488 3543 3544 adducens
3564 3504 3654 3544 so-

2041 3584 2124 3640 los
2140 3584 2509 3649 Montanistas,
2529 3584 2750 3639 dicens:
2780 3601 2798 3633 ι
2824 3582 3089 3650 Quoniam
3108 3582 3324 3651 longum
3351 3581 3521 3636 estad
3544 3582 3656 3638 sin-

2038 3678 2158 3750 gula
2187 3692 2373 3732 eorum
2404 3673 2822 3748 (hiereticorum)
2860 3672 3217 3743 respondere,
3251 3673 3383 3727 satis
3410 3682 3496 3729 est
3521 3672 3652 3728 illud

2034 3770 2271 3827 breviter
2295 3771 2347 3823 in
2370 3768 2692 3839 compendio
2713 3767 2895 3822 dicere
2920 3782 3014 3822 cos
3039 3767 3128 3836 qui
3174 3782 3283 3821 non
3309 3778 3532 3824 teneant
3557 3784 3652 3825 ve-

2035 3878 2153 3917 rum
2199 3862 2481 3917 Dominum
2514 3860 2758 3923 Patrem,
2793 3866 2977 3913 tenere
3026 3873 3132 3911 non
3190 3874 3349 3928 posse
3396 3876 3497 3916 nec
3528 3861 3652 3915 Filii

2036 3972 2136 4013 nec
2157 3956 2388 4025 Spiritus
2425 3955 2595 4009 sancti
2625 3954 2930 4016 veritatem;
2955 3952 3251 4007 secundum
3279 3953 3422 4021 quod
3453 3954 3531 4007 illi
3561 3955 3651 4023 qui

2040 4070 2365 4125 καταφρνγας
2395 4046 2475 4117 (id
2522 4054 2608 4101 est
2657 4042 3023 4112 montanisue)
3075 4042 3369 4097 secundum
3402 4043 3651 4115 Phrygas

2036 4145 2116 4215 (5)
2142 4143 2510 4213 appellantur,
2539 4149 2593 4194 ct
2615 4152 2783 4215 novas
2815 4136 3125 4207 proplietias
3157 4150 3418 4206 usurpare
3444 4151 3647 4192 conan-

2035 4214 2142 4303 tur,
2167 4251 2266 4291 nec
2291 4236 2502 4289 Patrem
2536 4214 2760 4303 possunt
2786 4230 2988 4286 habere
3018 4245 3117 4286 nec
3144 4230 3362 4295 Filium,
3393 4246 3493 4285 nec
3523 4231 3647 4300 Spi-

2032 4333 2192 4388 ritum
2231 4340 2511 4395 sanctum;
2544 4343 2573 4382 a
2600 4327 2817 4399 quibus,
2852 4325 2897 4379 si
2926 4339 3232 4396 quaeramus
3274 4339 3432 4394 quem
3458 4323 3644 4380 Chris-

2031 4421 2143 4478 lum
2168 4422 2481 4494 praedicent,
2522 4418 2926 4489 respondebunt
2951 4432 3073 4470 eum
3095 4430 3155 4470 se
3183 4414 3479 4486 praedicare
3505 4458 3521 4482 ,
3553 4414 3644 4484 qui

2035 4516 2245 4573 miserit
2292 4514 2548 4585 Spiritum
2601 4527 2696 4583 per
2740 4510 3052 4566 Montanum
3101 4516 3158 4562 et
3201 4507 3439 4561 Priscam
3497 4506 3647 4561 locu-

2108 4674 2189 4748 (Ι)
2222 4674 2415 4748 contra
2439 4670 2699 4748 Novatum
2730 4666 2966 4722 maxime
2990 4669 3321 4748 pugnaverat
3364 4661 3421 4717 S.
3446 4660 3642 4716 Firmi-

2036 4734 2230 4803 liainis.
2262 4745 2456 4800 Paulus
2503 4743 2887 4798 Samosatcnus
2930 4738 3019 4806 qui
3060 4734 3391 4806 divinitatem
3444 4748 3642 4806 negare

2034 4819 2201 4889 coepit
2227 4815 2543 4889 tempores.
2575 4809 2892 4889 Eirtttiliatti,
2918 4803 3039 4876 post
3066 4815 3293 4889 mortem
3327 4803 3384 4858 S.
3412 4805 3641 4883 Stepha-

2037 4906 2089 4945 m
2114 4876 2169 4945 ἐι
2198 4876 2445 4959 Cypria“!
2471 4879 2882 4959 i..!9|uii:_Quiis
2913 4892 3043 4959 ergo
3066 4876 3350 4957 haereticos
3375 4879 3642 4959 perstrin-

2039 4942 2167 5029 gere
2219 4942 2387 5013 voluit
2511 4942 2887 5029 ‘Firmilia—ntts,
2918 4942 3045 5029 dum
3077 4948 3218 5000 circa
3260 4942 3638 5029 ειιιιιιιιιιηᾷξςὶ2

2039 5013 2550 5103 ἕξοι-ἰθιιιιβειῇρείι
2586 5022 2727 5094 quod
2763 5021 2863 5075 sibi
2916 5019 3292 5089 phantasmata
3344 5013 3511 5083 ignoti
3549 5015 3646 5069 Dei

2040 5097 2440 5159 cotilittxerint?
2606 5164 2619 5167 Α
2781 5161 2791 5167 _
2981 5159 3012 5167 __
3036 5157 3070 5167 η
3376 5157 3405 5167 ν,

2113 5173 2193 5245 (2)
2224 5171 2445 5245 Unicum
2481 5164 2623 5245 quod
2650 5161 2883 5245 speciem
2915 5157 3071 5215 solidi
3094 5155 3644 5245 Δειιπξςιιῐιιῖεξιιιὶ.Ιθιειξιθηε

2042 5228 2240 5314 opponi
2268 5240 2397 5294 mihi
2449 5228 2656 5314 poterit
2675 5228 2758 5288 est
2781 5246 3014 5313 sequens
3035 5228 3235 5314 :Apu‘d
3263 5228 3553 5314 Eusebium
3566 5228 3641 5314 ΑΗ.

2043 5261 2074 5299 0
2119 5259 2240 5314 pom
2268 5259 2397 5294 mlltt
2449 5259 2648 5308 putent.
2675 5259 2758 5288 est
2781 5259 3014 5301 acqucua
3036 5259 3048 5283 ι
3080 5259 3235 5309 apud
3263 5259 3553 5309 υυδξςυιυιιι
3574 5259 3641 5281 ιι.

2043 5259 2113 5372 Eii
2137 5314 2231 5368 lib.
2257 5326 2369 5374 vttt,
2394 5324 2514 5380 cap.
2542 5310 2597 5374 5,
2627 5306 2909 5380 litmentio
2929 5301 3071 5372 qttod
3093 5301 3462 5380 _S_._.Dtonys_tns
3484 5300 3646 5380 filex-

2037 5368 2295 5440 aitdrittus
2343 5368 2543 5447 aliquid
2575 5368 2835 5447 audiverit
2854 5373 2923 5427 de
2947 5368 3205 5447 'CUttciliis
3234 5368 3498 5447 Iconiensi
3524 5410 3538 5433 ,
3590 5379 3647 5447 et

2041 5438 2652 5529 Synnadensi."Yerum
2713 5444 2838 5525 alibi
2884 5442 3211 5529 specialiter
3252 5440 3532 5529 gstentlam

2212 5522 2426 5579 Eusebii
2470 5524 2641 5574 locum
2674 5531 2796 5571 esse
2824 5508 3228 5589 interpolatum.
3252 5509 3312 5562 2°
3355 5510 3527 5563 Locus
3560 5508 3650 5589 ille

2044 5580 2397 5655 itaobscurus
2422 5602 2506 5648 est
2534 5632 2548 5657 ,
2580 5602 2637 5643 ut
2665 5589 2734 5643 de
2762 5600 2891 5640 vero
2921 5580 3211 5638 verborum
3259 5596 3422 5635 sensu
3450 5580 3652 5634 eruditi

2046 5684 2216 5740 usque
2247 5668 2351 5740 huc
2376 5681 2482 5740 non
2519 5658 2894 5740 convenerint.
3125 5725 3159 5740 μ
3298 5722 3309 5734 .
3444 5730 3550 5740 ,Μ
3602 5719 3613 5740 2

2125 5725 2204 5817 (ὅ)
2246 5738 2581 5797 Montanistae
2609 5734 2713 5790 sub
2742 5728 2953 5788 initium
2982 5725 3164 5817 saeculi
3192 5740 3251 5780 ιιι
3295 5725 3406 5796 iam
3444 5730 3555 5779 tres
3602 5725 3663 5785 in

3097 5815 3173 5881 Mt
