4208 6276
619 288 760 350 458³1

2023 281 2481 344 DlSSERTATlO
2511 281 2551 351 l,

3778 277 3927 340 {388

612 421 724 480 tum
739 410 838 484 (l).
865 409 923 465 ln
954 408 1168 480 quibus,
1186 421 1308 462 cum
1327 404 1818 461 animadvertamus
1843 419 1952 460 non
1967 405 2210 461 veritatis
2237 407 2290 467 Α
2316 403 2372 460 8ἰ
2393 403 2476 458 vel
2497 401 2846 460 Orthodoxus
2873 401 2926 457 in
2947 399 3272 473 baptizando
3296 397 3491 471 aquam
3519 412 3627 454 non
3649 397 3927 454 adhibue-

611 503 858 574 spiritum
884 544 900 570 ,
929 501 1024 558 sed
1063 502 1265 556 erroris
1296 499 1456 556 fuisse
1482 519 1496 563 ;
1540 500 1916 571 cognoscimus
1945 513 2040 555 eos
2063 540 2078 565 ,
2119 500 2210 569 qui

616 597 804 651 falsam
835 595 1048 649 illorum
1079 592 1416 663 prophetiam
1445 601 1630 647 contra
1658 590 1856 647 Christi
1885 590 2043 645 tidem
2091 588 2204 644 vin-

611 686 1097 752 dicant,Christum
1124 683 1321 740 habere
1348 698 1454 738 non
1485 697 1663 755 posse.
1684 681 1791 738 Sed
1815 697 1920 736 non
1945 690 2001 737 et
2028 678 2213 736 cteteri

614 781 813 853 quique
839 778 1100 834 hzeretici.
1143 797 1161 831 ι

683 875 724 930 l.
755 874 1160 944 Argumentatio
1200 872 1508 944 perinﬁrma
1537 877 1657 935 est;
1708 871 1829 926 licet
1860 870 2003 925 enim
2047 866 2211 938 aliqui

608 987 662 1026 c.
705 986 761 1042 g.
789 967 1079 1024 Lutherani
1111 966 1469 1022 credidissent
1497 964 1788 1019 Lutherum
1821 962 1987 1017 fuisse
2039 961 2210 1030 reple-

611 1071 723 1116 tum
745 1059 948 1130 Spiritu
967 1067 1172 1122 sancto,
1190 1074 1216 1110 a
1239 1058 1348 1112 Deo
1372 1057 1618 1121 missum,
1639 1055 1761 1110 ideo
1773 1068 1876 1109 non
1895 1061 2212 1124 sequeretur

610 1171 704 1211 eos
734 1168 947 1209 errasse
977 1153 1117 1207 circa
1149 1149 1546 1207 sanctissimam
1579 1149 1922 1203 Trinitatem.

683 1249 742 1304 ll.
773 1247 1006 1303 Evidens
1033 1257 1112 1301 est
1143 1246 1317 1315 primo
1351 1259 1415 1299 ex
1443 1244 1562 1314 ipso
1588 1241 1924 1297 Tertulliano
1947 1241 2029 1313 (2)
2056 1239 2208 1294 Mon-

605 1342 924 1396 tanistarum
953 1337 1226 1409 praecipuo
1251 1380 1266 1404 ,
1312 1337 1402 1407 qui
1453 1335 1749 1405 supervixit
1779 1349 1946 1404 usque
1971 1333 2037 1387 ad
2068 1343 2208 1388 tem-

613 1449 742 1503 pora
782 1431 841 1488 S.
873 1429 1167 1484 Firmiliani
1201 1471 1214 1492 ,
1242 1429 1383 1498 quod
1415 1426 1754 1482 Montanistm
1777 1441 1952 1495 usque
1973 1425 2038 1479 ad
2063 1425 2208 1484 illam

609 1536 824 1583 :etatem
852 1524 1149 1596 generatim
1179 1538 1283 1576 non
1311 1521 1614 1577 erraverint
1641 1520 1785 1576 circa
1811 1517 2209 1580 sanctissimam

607 1621 947 1677 Trinitatem.
974 1615 1115 1670 201d
1145 1616 1316 1685 ipsum
1339 1613 1629 1669 confitetur
1657 1612 1714 1666 S.
1737 1611 2069 1681 Epiphanius
2099 1609 2212 1663 ha:-

609 1714 716 1769 resi
740 1713 827 1767 48.
865 1709 927 1764 ὄσ
972 1707 1259 1772 Eusebius,
1291 1706 1379 1775 qui
1411 1721 1515 1758 non
1548 1703 1678 1756 nihil
1708 1703 1979 1772 antiquior
2008 1701 2207 1755 lliero-

2313 501 2422 562 rit,
2455 499 2540 554 vel
2587 499 2814 554 formam
2871 496 3270 561 immutaverit;
3301 503 3429 551 tunc
3475 494 3613 549 ritus
3665 493 3759 548 ille
3813 507 3927 548 non

2313 589 2407 642 fuit
2435 590 2740 660 Baptismus
2763 588 2986 653 Christi,
3017 603 3124 643 non
3152 587 3333 652 valet;
3363 586 3459 644 sed
3489 601 3598 640 non
3625 584 3881 655 sequitur
3903 599 3924 642 :

2313 696 2442 752 ergo
2469 681 2776 738 Catholicus
2803 697 2908 736 non
2937 689 3111 750 potettt
3131 679 3306 735 valide
3333 679 3626 749 baptizare.

2385 775 2473 827 47.
2499 773 2671 844 Pergit
2690 791 2736 827 τι
2762 774 2868 831 Sed
2889 783 2946 829 et
2969 774 3153 829 caeteri
3173 773 3371 844 quique
3388 771 3630 826 haeretici
3643 782 3808 827 extra
3824 770 3929 828 Ec-

2312 869 2529 922 clesiam
2561 867 2836 922 constituti
2877 867 3009 922 nihil
3056 867 3255 922 habere
3289 865 3569 936 potestatis
3607 875 3703 920 aut
3725 868 3924 937 gratia:

2314 970 2602 1030 possunt...
2648 960 2705 1014 In
2750 959 2992 1016 Ecclesia
3034 959 3326 1030 praesident
3357 958 3592 1028 majores
3619 970 3744 1013 natu
3776 1001 3797 1024 ,
3831 960 3924 1030 qui

2312 1063 2366 1109 et
2390 1054 2713 1126 baptizandi,
2744 1064 2797 1109 et
2815 1068 3030 1109 manum
3054 1052 3464 1124 imponendi,et
3488 1053 3763 1108 ordinandi
3789 1069 3922 1124 pose

2311 1146 2486 1202 sident
2522 1155 2864 1216 potestatem.
2903 1166 2922 1198 ι
2955 1145 3202 1204 Haeretici
3229 1147 3468 1202 enim....
3509 1145 3614 1212 Qui
3636 1146 3709 1200 illi
3736 1147 3921 1216 majo-

2313 1253 2398 1292 res
2429 1248 2579 1306 natu,
2609 1238 2698 1308 qui
2727 1239 2777 1292 iu
2797 1237 3036 1294 Ecclesia
3060 1238 3353 1308 prmsident
3379 1239 3403 1292 ?
3426 1239 3538 1293 Cur
3559 1253 3757 1294 nomen
3784 1241 3925 1310 epis-

2311 1345 2568 1401 c0porum
2599 1341 2654 1386 et
2675 1330 3111 1402 presbyterorum
3147 1329 3353 1392 Graecis
3389 1329 3720 1386 Orthodoxis
3751 1332 3922 1386 usita-

2313 1423 2577 1478 tissimum
2630 1425 2717 1478 hic
2765 1423 2956 1479 iterum
2995 1423 3297 1480 omittitur?
3338 1422 3471 1478 Vide
3497 1438 3666 1493 supra
3718 1440 3780 1480 ιι.
3831 1425 3920 1481 51.

2309 1513 2605 1572 Ordinandi
2636 1525 2957 1586 potestatem
3002 1515 3283 1586 possident
3323 1516 3425 1571 soli
3460 1517 3746 1588 episcopi;
3803 1533 3924 1574 eam

2309 1609 2544 1678 majores
2571 1618 2698 1664 natu
2716 1651 2731 1676 ,
2755 1624 2850 1664 seu
2881 1608 3182 1680 presbyteri
3205 1623 3313 1663 non
3336 1608 3556 1668 habent.

2383 1703 2471 1758 48.
2492 1702 2844 1774 Prosequitur
2867 1702 2997 1757 satis
3013 1703 3258 1770 imperite
3276 1720 3286 1753 :
3301 1719 3320 1752 ι
3341 1701 3611 1758 llaeretico
3621 1704 3765 1758 sicut
3779 1704 3922 1759 ordi-

610 1817 795 1875 nymo,
823 1801 917 1855 lib.
935 1815 986 1853 IV
1005 1808 1137 1862 etv,
1156 1811 1369 1851 errores
1395 1796 1797 1864 Cataphrygum
1814 1801 2208 1847 commemorat
2236 1798 2283 1856 Β
2309 1809 2443 1849 nare
2474 1810 2579 1850 non
2608 1795 2754 1861 licet,
2790 1809 2889 1850 nec
2917 1809 3136 1849 manum
3164 1797 3442 1864 imponere
3472 1836 3489 1861 ,
3519 1797 3592 1851 ita
3617 1811 3722 1852 nec
3743 1797 3921 1868 bapti-

609 1895 838 1965 stepius;
865 1891 1007 1962 quod
1043 1900 1220 1944 autem
1265 1889 1410 1942 circa
1438 1886 1834 1942 sanctissimam
1889 1885 2208 1940 Trinitatem

607 1987 858 2048 crrarint,
892 1982 981 2053 qui
1009 1997 1164 2038 error
1193 1981 1379 2034 luisset
1398 1979 1630 2032 maxime
1657 1977 1924 2040 notabilis,
1957 1986 2116 2032 tacet.
2147 1977 2204 2030 4.

607 2081 720 2136 Sub
739 2079 945 2134 initium
966 2075 1146 2132 sa‘culi
1163 2091 1214 2129 tv
1231 2073 1468 2127 nondum
1489 2071 1988 2127 innotuerantinter
2010 2071 2206 2124 Monta-

607 2176 794 2236 nistas,
827 2173 914 2241 qui
943 2168 1286 2239 Baptismatis
1319 2166 1546 2220 formam
1577 2173 1966 2233 corruperant;
1996 2177 2117 2216 nam
2151 2161 2205 2216 in

603 2260 837 2325 concilio
863 2265 1079 2320 Nictcno
1103 2263 1445 2316 Paulzanistae
1473 2260 1728 2330 jubentur
1751 2257 2069 2329 rebaptizari
2093 2273 2109 2321 ;
2134 2256 2206 2312 de

605 2355 942 2414 Montanistis
968 2352 1354 2422 silentium(5).
1377 2351 1432 2406 lu
1459 2352 1690 2406 concilio
1714 2349 2206 2419 Constantinopoli-

604 2466 731 2508 tano
763 2464 962 2516 t,anno
990 2449 1118 2513 581,
1151 2462 1358 2502 canone
1385 2447 1438 2508 7,
1469 2445 1667 2499 dicitur
1694 2463 1706 2498 :
1735 2443 2093 2508 Montanistzr,
2115 2441 2205 2510 qui

597 2546 685 2600 hic
697 2545 939 2615 Phryges
955 2541 1226 2604 dicuntur,
1243 2554 1364 2593 cum
1386 2535 1796 2592 Eunominianis
1813 2545 1864 2590 et
1883 2533 2204 2589 Sabellianis

598 2637 1020 2706 rebaptizentur,
1053 2634 1193 2688 sicut
1227 2641 1282 2686 et
1307 2630 1399 2684 alii
1431 2629 1664 2683 ltmretici
1691 2670 1706 2693 ,
1743 2627 2040 2698 praesertim
2065 2627 2114 2681 si
2136 2641 2201 2680 ex

597 2729 806 2785 Galatia
836 2725 1080 2781 venerint
1103 2724 1206 2796 (t).
1232 2723 1287 2778 Si
1314 2721 1372 2776 8.
1393 2721 1751 2792 Hieronymus
1777 2719 1999 2774 timente
2029 2733 2199 2773 sarcu-

595 2826 648 2881 lo
675 2842 747 2890 tv,
781 2823 1157 2878 Theodoretus
1176 2819 1376 2874 Saeculo
1405 2833 1458 2882 v,
1488 2826 1543 2872 et
1574 2817 1630 2872 S.
1661 2815 1957 2886 Gregorius
1984 2814 2203 2882 Magnus

597 2917 798 2974 saeculo
825 2932 897 2971 vr.
925 2921 1323 2974 contestentur,
1349 2926 1377 2964 a
1403 2907 1765 2972 Montanisds,
1791 2907 1984 2961 saltem
2009 2904 2204 2975 aliqui-

597 3010 717 3074 bus,
735 3006 1080 3077 Baptismatis
1099 3005 1323 3069 lormam
1341 3002 1364 3054 l
1364 3002 1505 3055 uisse
1521 3009 1854 3069 corruptam,
1871 2996 2201 3068 intelligendi

597 3115 724 3160 sunt
749 3104 815 3156 de
847 3100 1185 3156 Montanistis
1211 3113 1312 3152 suo
1337 3106 1579 3164 tempore
1602 3095 1958 3151 existentibus
1995 3095 2094 3165 (5).
2123 3093 2201 3150 Ex

2314 1903 2508 1942 zare...
2536 1888 2752 1959 quando
2781 1905 2879 1944 ι...
2901 1888 3044 1958 Ergo
3067 1903 3172 1944 nec
3195 1887 3510 1944 Catholicus
3533 1890 3725 1956 laicus,
3753 1892 3921 1946 immo

2311 1995 2409 2036 nec
2439 1980 2696 2036 diaconus
2721 2021 2736 2045 ,
2763 1983 2844 2036 vel
2877 1982 3154 2052 presbyter
3185 1981 3456 2051 baptizare
3485 1984 3701 2052 fpoterit
3730 2024 3748 2050 ,
3780 1985 3907 2054 quia

2309 2089 2416 2127 non
2441 2084 2619 2144 poteSt
2645 2075 2965 2131 ordinare...
3002 2076 3101 2129 Ast
3120 2075 3385 2144 sequitur.

2387 2167 2469 2222 i9.
2485 2185 2502 2218 ι
2529 2167 2757 2236 Quando
2773 2167 3068 2222 Haereticus
3086 2167 3297 2221 alienus
3308 2169 3379 2222 sit
3399 2183 3429 2222 a
3449 2168 3743 2234 sanctitate,
3763 2168 3911 2238 quod

2307 2268 2552 2316 totum...
2591 2279 2610 2312 ι
2648 2261 2789 2331 Ergo
2818 2277 2916 2316 nec
2946 2261 3259 2316 Catholicus
3285 2263 3597 2332 cpiscopus,
3627 2263 3673 2316 si
3695 2262 3750 2316 in
3779 2277 3912 2332 pec-

2308 2366 2428 2409 cato
2461 2356 2618 2410 fuerit
2645 2398 2658 2418 ,
2703 2354 2878 2410 valide
2930 2355 3203 2424 baptizare
3248 2355 3468 2424 poterit.
3511 2355 3637 2412 Htee
3684 2370 3911 2412 erronea

2307 2448 2572 2511 doctrina,
2613 2447 2758 2518 quod
2788 2455 3041 2517 peccator
3061 2462 3168 2501 non
3209 2449 3380 2515 possit
3409 2448 3763 2503 Sacramenta
3789 2463 3916 2504 cou-

2308 2538 2491 2602 licerc,
2522 2539 2762 2608 pluribus
2791 2538 3084 2604 haereticis,
3114 2539 3392 2610 signanter
3411 2550 3595 2595 tamen
3623 2541 3918 2598 Donatistis

2306 2632 2350 2700 (l
2371 2634 2387 2701 )
2415 2645 2529 2687 erat
2553 2634 2792 2703 propria.

2351 2725 2356 2730 ’
2381 2725 2643 2780 Provocat
2672 2726 2738 2780 ad
2765 2736 2882 2780 acta
2909 2725 3123 2780 concilii
3168 2725 3446 2796 cujusdam
3477 2741 3508 2780 a
3549 2726 3771 2786 nemine
3802 2727 3910 2782 visa

2305 2818 2526 2873 dicens:
2565 2838 2584 2870 ‹
2613 2820 2767 2888 Quod
2793 2831 2968 2874 totum
2998 2834 3096 2876 nos
3130 2821 3242 2889 jam
3274 2819 3479 2890 pridem
3510 2821 3565 2875 in
3591 2821 3796 2885 (conio,
3818 2820 3908 2892 qui

2307 2910 2551 2981 Phrygia:
2579 2911 2730 2966 locus
2753 2922 2832 2966 est
2863 2954 2878 2978 ,
2902 2913 3115 2968 collecti
3145 2914 3196 2966 in
3221 2928 3388 2967 unum
3420 2954 3434 2976 ,
3463 2915 3915 2972 convenientibus

2303 3017 2370 3055 ex
2412 3001 2617 3057 Galatia
2649 3012 2702 3059 et
2731 3003 2914 3058 Cilicia
2945 3013 3001 3059 et
3038 3007 3250 3060 caeteris
3299 3006 3562 3075 proximis
3599 3005 3911 3076 regionibus

2303 3096 2819 3151 confirmavimus...
2853 3097 2986 3156 Cum
3017 3113 3045 3153 a
3077 3097 3403 3168 quibusdam
3431 3098 3497 3154 de
3537 3099 3630 3152 ista
3653 3112 3716 3153 re
3741 3098 3908 3154 dubi.-

591 3196 676 3250 his
719 3194 944 3264 aliisque
966 3191 1197 3260 eonjieio
1226 3188 1826 3258 pseudo—Firmilianum
1852 3187 2063 3244 venisse
2089 3185 2179 3242 diu
2207 3187 2252 3248 C
2288 3195 2507 3241 teretur.
2537 3188 2802 3264 Quoniam
2836 3189 3209 3258 Stephanus...
3228 3209 3248 3244 ι

595 3298 718 3361 post
747 3295 991 3342 exortam
1018 3283 1256 3340 Montani
1287 3281 1518 3337 lneresin
1552 3290 1666 3350 post
1697 3280 1954 3336 szeculum
1994 3295 2068 3336 tv.

663 3384 752 3438 lll.
775 3383 834 3437 Si
859 3379 1197 3435 Montanisttc
1225 3375 1526 3431 secundum
1549 3375 1789 3445 Phrygas
1810 3373 2067 3442 Baptismi
2093 3373 2200 3426 lor-

601 3491 740 3530 mam
771 3471 1130 3540 corruperint,
1163 3468 1405 3537 adeoque
1427 3466 1746 3536 rebaptizari
1778 3465 2090 3530 debuerint,
2121 3465 2201 3518 in-

597 3567 664 3620 de
693 3564 821 3620 nihil
864 3561 1130 3617 evincitur
1157 3574 1255 3629 pro
1299 3556 1850 3628 pseudo-Firmiliano
1881 3565 2160 3614 asserente
2179 3573 2199 3609 .:

595 3662 801 3717 nullum
817 3657 1128 3712 haereticum
1151 3669 1312 3725 posse
1325 3651 1558 3706 validum
1579 3651 1909 3719 Baptismum
1927 3651 2197 3708 couinno.

593 3825 770 3873 sectas
798 3815 951 3870 divisi
987 3811 1215 3866 fuerant.
1241 3810 1292 3864 l.
1323 3807 1629 3879 Secundum
1676 3807 1936 3879 Phrygas.
1989 3808 2042 3861 ‘2.
2100 3808 2195 3863 Se-

593 3889 827 3943 cundum
857 3884 1124 3938 Proclum.
1159 3883 1212 3935 5.
1241 3880 1541 3934 Secundum
1575 3878 1908 3933 {EschinmL
1948 3879 2198 3932 \‘itleatur

599 3968 782 4013 noster
824 3956 1141 4010 Laurentius
1169 3951 1338 4006 Cozza
1365 3994 1378 4012 ,
1428 3959 1612 4018 postea
1645 3949 1964 4012 Cardinalis,
2011 3951 2064 4002 in
2104 3967 2196 4003 suo

591 4027 972 4084 Commentario
1023 4021 1610 4089 Historico-Dognmtico
1658 4020 1723 4073 de
1741 4021 2033 4084 lieresibns,
2062 4036 2190 4080 artu.

599 4103 759 4160 l7l7.
792 4099 975 4152 Boni-.1:
1005 4097 1150 4152 edito
1175 4095 1364 4148 haeresi
1389 4091 1482 4159 26,
1518 4091 1586 4146 de
1613 4090 2060 4160 Cataphrygibus.

669 4173 746 4244 (ιι)
772 4169 941 4226 Unius
969 4167 1257 4244 dumtang
1283 4166 1474 4244 Prisca:
1507 4165 1564 4214 lit
1595 4163 1838 4244 mentio-1
1861 4177 1980 4216 Cttm
2014 4173 2191 4244 tamen

599 4231 880 4298 Nonianus
900 4238 1190 4293 secundum
1215 4235 1602 4289 Tertullianum
1629 4243 1771 4286 secta
1793 4231 2194 4298 Montanistam,

597 4315 839 4382 aliosque
873 4309 1212 4382 Catholicos,
1246 4306 1656 4382 Ηίθνψιγιξιιιηι.
1689 4301 1983 4382 Eusebium
2003 4345 2034 4382 ο,
2067 4305 2195 4382 Ε,Ρῇ-

593 4374 854 4454 ριιιιιιίὐηι
871 4393 978 4454 etc.
1007 4379 1214 4454 duabus
1242 4390 1368 4454 usus
1396 4375 1551 4454 fuerit
1575 4374 1925 4454 prophetissis
1948 4375 2192 4454 Priscilla

593 4444 649 4510 et
667 4453 901 4510 Maxilla.
923 4449 1237 4504 Philastrius
1263 4449 1352 4501 lib.
1383 4447 1451 4500 de
1481 4444 1781 4500 llzercsibus
1808 4444 2192 4516 :Catapltryges

598 4526 806 4579 Patrem
837 4533 882 4576 et
909 4517 954 4574 F
958 4522 1128 4581 ilium,
1156 4528 1202 4571 et
1241 4519 1495 4584 Spiritum
1522 4517 1825 4584 conﬁtentur
1847 4558 1859 4580 ,
1891 4516 2192 4569 Montanum

2374 3277 2461 3333 50.
2482 3277 2523 3332 1.
2547 3279 2689 3348 Ergo
2707 3279 2836 3332 illud
2851 3288 3022 3334 totum
3039 3282 3063 3335 l
3078 3291 3101 3316 ο
3116 3281 3270 3348 Quod
3287 3290 3413 3337 natu
3427 3282 3666 3352 ntajores
3679 3281 3912 3339 habeant

2298 3380 2620 3439 potestatem
2648 3371 2932 3427 ordinandi
2961 3390 2977 3440 ;
3010 3373 3072 3427 2°
3096 3375 3249 3441 Quod
3277 3377 3368 3445 qui
3398 3375 3656 3431 ordinare
3671 3391 3778 3431 non
3809 3390 3904 3446 po-

2301 3474 2427 3530 test,
2455 3481 2554 3520 nec
2597 3467 2769 3521 valeat
2807 3467 3100 3537 baptizare.
3131 3471 3195 3524 3°
3226 3471 3380 3538 Quod
3414 3472 3507 3541 qui
3533 3472 3752 3527 alienus
3779 3482 3907 3528 esta

2303 3561 2590 3613 sanctitate
2614 3598 2629 3624 ,
2659 3560 2821 3614 etiam
2851 3561 3058 3615 alienus
3083 3563 3154 3616 sit
3201 3578 3231 3615 a
3261 3572 3532 3632 potestate
3553 3564 3862 3635 baptizandi
3890 3581 3908 3620 ε

2305 3649 2441 3714 lucc,
2475 3650 2716 3719 inquam,
2735 3652 2913 3705 omnia
2938 3653 3066 3707 olim
3092 3655 3161 3708 ab
3181 3653 3513 3712 Orthodoxis
3537 3657 3907 3730 Cappadociae,

2305 3745 2570 3816 Phrygiae,
2596 3745 2840 3810 Galatiae,
2865 3746 3085 3812 Cicilim,
3117 3759 3169 3802 et
3191 3759 3509 3804 cmterarum
3544 3751 3906 3820 proximarum

2303 3840 2578 3909 regionum
2634 3840 2905 3909 episcopis
2959 3840 3176 3896 definita
3227 3840 3464 3897 fuerant.
3519 3843 3738 3911 Quare?
3793 3844 3912 3912 Quo

2300 3948 2442 3987 anno
2467 3934 2490 3986 ’ἓ
2520 3932 2636 3988 Jam
2667 3935 2872 4004 pridem
2909 3949 3028 3988 cum
3068 3951 3095 3988 a
3123 3936 3444 4005 quibusdam
3495 3937 3564 3992 de
3589 3939 3688 3994 ista
3717 3953 3779 3993 re
3814 3937 3917 3994 du-

2302 4027 2581 4082 bitaretur.
2611 4027 2837 4093 Quinam
2870 4027 3016 4084 fuere
3047 4030 3124 4084 illi
3152 4029 3508 4092 dubitantes?
3535 4031 3650 4092 Non
3671 4040 3910 4098 constat,

2301 4119 2400 4174 nisi
2434 4129 2568 4175 unus
2595 4121 3200 4191 pseudo-Firmilianus,
3233 4137 3419 4194 utpote
3456 4127 3547 4195 qui
3589 4127 3696 4180 ait:
3731 4143 3753 4175 ι
3789 4123 3910 4182 Nos

2294 4213 2402 4281 jam
2431 4211 2640 4282 pridem
2674 4215 3130 4270 conﬁrmavimus.
3174 4235 3192 4267 ι

2368 4306 2432 4360 ll.
2467 4309 2565 4361 Ast
2597 4307 2788 4378 Pagius
2827 4307 2961 4364 .dutn
2991 4308 3056 4364 ad
3087 4327 3289 4366 annum
3321 4309 3427 4368 255
3458 4353 3471 4377 ,
3506 4327 3558 4372 Il.
3614 4309 3700 4374 15,
3731 4308 3911 4367 latam

2297 4401 2579 4470 epistolam
2611 4403 3033 4459 Firmilianicam
3059 4406 3297 4464 admittit
3324 4416 3382 4461 ut
3411 4405 3720 4474 germinant,
3743 4405 3917 4462 simul

2300 4494 2496 4550 fatetur
2521 4507 2792 4552 auctorem
2832 4498 2970 4554 data:
2999 4500 3246 4570 epistolae
3277 4501 3360 4554 isti
3387 4498 3619 4554 concilio
3657 4499 3770 4570 jam
3803 4503 3917 4569 pri-

596 4559 979 4656 ;tugriiieillam,
1005 4601 1049 4664 et
1076 4559 1418 4664 θίατὺιιὶῖιαηι
1444 4559 2196 4664 alimoniam._lilirtuiisi_tem-
2221 4559 2272 4618 D
2300 4588 2421 4664 dem
2446 4589 2523 4658 (2)
2557 4589 2826 4654 celebrato
2853 4606 2958 4654 non
2986 4593 3313 4647 interfuisse.
3348 4591 3487 4662 Ecce
3513 4606 3646 4664 ergo
3671 4602 3917 4662 prmten-

598 4683 725 4735 pore
755 4666 811 4719 S.
845 4662 1448 4735 Firtnilianievenisset,
1485 4657 1846 4735 utMaximilla
1881 4659 1932 4735 in
1965 4659 2194 4713 oblivio-

591 4728 718 4791 nem
757 4735 964 4788 venerit
991 4776 1005 4794 ,
1037 4747 1100 4787 ac
1128 4730 1365 4787 Priscilla
1395 4745 1462 4785 ex
1492 4743 1678 4784 errore
1717 4731 1776 4782 .in
1812 4728 2050 4785 Priscam
2077 4745 2195 4785 mo-

593 4808 664 4862 do
690 4808 968 4861 immutata
991 4804 1176 4857 fuerit.

692 4877 746 4931 2)
771 4875 891 4930 Vid.
921 4875 1024 4930 loc.
1058 4875 1152 4928 cit.
1174 4890 1202 4926 a
1233 4889 1380 4928 num.
1417 4872 1506 4926 7i.

692 4878 726 4931 2
771 4877 891 4930 Vid.
921 4877 1024 4930 loc.
1058 4877 1152 4928 cit.
1174 4890 1202 4926 a
1233 4889 1380 4928 num.
1417 4877 1506 4926 72.

665 4877 746 5022 (ὅ)
769 4949 983 5022 Septem
1007 4946 1263 5022 diversas
1297 4943 1777 5022 editioneshrevidi
1799 4943 1938 5012 apud
1970 4943 2197 5022 liardui-

595 5013 754 5087 num;
781 5013 970 5073 in'una
1005 5016 1191 5070 lsidori
1219 5016 1531 5071 Herc-attn-is
1549 5013 1960 5087 Cathapbryges
1988 5015 2197 5072 Paulia-

587 5086 752 5146 nistis
794 5088 1122 5159 superadditi
1153 5089 1400 5157 leguntur
1425 5128 1439 5151 ,
1477 5087 1571 5142 sed
1595 5086 1748 5142 illam
1773 5100 1930 5148 unam
1959 5087 2195 5156 interpo-

593 5164 753 5218 latam
781 5176 899 5217 esse
926 5174 1141 5213 censeo.

663 5231 742 5304 (4)
765 5233 821 5288 1η
843 5231 1146 5304 Laodieeuo
1167 5227 1328 5284 etiam
1351 5226 1716 5304 Cataphryges
1739 5237 2092 5304 recensentur
2107 5229 2195 5284 λη-

589 5299 1130 5373 ιθιίτὸῑιειριίιειιιιιιιδς
1159 5308 1241 5354 ast
1268 5316 1374 5355 non
1403 5301 1534 5354 satis
1559 5309 1770 5373 constat
1789 5299 2157 5373 Laodicenum
2175 5340 2191 5366 ,

574 5377 646 5432 1°
665 5393 731 5428 an
757 5371 1170 5441 sit’genuinum;
1193 5373 1250 5425 3"
1271 5388 1376 5441 quo
1401 5381 1642 5440 tempore
1663 5371 1824 5434 fuerit
1840 5372 2192 5440 celebratum.

663 5449 745 5520 (5)
925 5445 1284 5520 Hieronymus
1305 5452 1360 5498 et
1385 5443 1676 5520 Gregorius
1713 5442 2003 5520 loquuntur
2055 5441 2198 5496 indc-

592 5511 770 5576 linite:
816 5511 1191 5570 'l‘heotloretits
1239 5516 1356 5567 ait:
1411 5513 1706 5568 Nonnullos
1739 5511 2188 5567 Montanistnrum.

587 5589 838 5662 Synodus
859 5585 1460 5662 constantinopolitana
1498 5583 1647 5638 addit
1665 5602 1678 5662 ξ
1703 5583 1995 5662 lfrwsertim
2024 5588 2080 5662 Isi
2114 5584 2193 5636 illi

585 5653 810 5715 luisretici
835 5675 898 5713 ex
923 5657 1130 5710 Galatia
1175 5653 1395 5711 venerint
1424 5697 1436 5718 ,
1469 5671 1586 5725 qua:
1615 5653 1818 5710 additio
1841 5654 2150 5724 subjudicat
2171 5695 2186 5721 ,

585 5733 810 5786 t‘ormam
849 5730 914 5786 ab
953 5728 1202 5784 onmibus
1244 5728 1350 5782 illis
1379 5725 1645 5782 haereticis
1677 5741 1782 5780 non
1811 5725 1974 5782 fuisse
2013 5735 2188 5782 muta-

580 5810 708 5858 tam.

2299 4697 2417 4738 sunt
2447 4680 2730 4738 concilium
2763 4682 3042 4740 lconiense
3088 4685 3348 4746 Ecclesia:
3399 4675 3664 4742 Romana:
3691 4689 3922 4756 opposi-

2365 4799 2451 4868 .(-l)
2477 4800 2628 4871 Apud
2676 4801 2775 4855 hos
2813 4802 2865 4856 iu
2892 4816 3018 4858 casu
3061 4803 3357 4871 peccatoris
3385 4803 3581 4870 occulti
3617 4803 3791 4870 Deus,
3825 4805 3918 4860 vel

2301 4871 2488 4942 saltem
2519 4871 2752 4942 Angelus
2774 4871 2911 4926 clam
2941 4875 3246 4943 supplebat.
3277 4871 3331 4929 S.
3362 4875 3715 4942 Augustinus,
3769 4873 3917 4931 libro

2305 4959 2412 5004 xxi.
2444 4953 2629 5008 contra
2661 4943 3006 4998 Cresconium
3037 4963 3084 4998 c.
3115 4947 3201 5010 l8,
3226 4954 3277 4999 et
3311 4949 3360 5000 in
3383 4945 3657 5010 exhortat,
3688 4945 3754 5000 ad
3777 4961 3921 5002 con-

2301 5015 2562 5084 cordiam,
2589 5013 2684 5081 Ep.
2711 5013 2823 5080 66.,
2848 5017 2934 5084 qui
2958 5015 3528 5072 subinfcrcbatcoutra
3560 5017 3874 5072 Douatistas
3899 5039 3914 5074 :

2302 5083 2442 5156 Ergo
2485 5086 2772 5154 optabilius
2813 5083 2916 5139 erit
2957 5087 3216 5154 baptizari
3257 5103 3285 5140 a
3325 5098 3607 5156 peccatore
3647 5091 3909 5155 occulto,

2291 5173 2456 5225 quam
2489 5158 2704 5230 Innnine
2735 5159 2892 5211 etiam
2919 5170 3142 5224 sancto;
3171 5159 3290 5229 quia
3311 5161 3361 5212 in
3385 5160 3553 5230 primo
3579 5175 3702 5212 casu
3738 5162 3913 5230 bapti-

2297 5239 2471 5280 zarent
2491 5225 2651 5292 Dens,
2673 5230 2746 5280 vel
2763 5230 3006 5298 Angelus,
3026 5232 3076 5282 in
3097 5225 3313 5283 secundo
3336 5225 3459 5284 casu
3477 5231 3703 5284 ablueret
3732 5225 3908 5296 homo.

2299 5299 2445 5352 idem
2479 5300 2615 5351 l'oret
2647 5301 2697 5352 in
2731 5300 2850 5356 aliis
2876 5300 3264 5356 Sacramentis.

2371 5369 2450 5436 (2)
2479 5369 2744 5445 Labheus,
2777 5371 3025 5424 Petavius
3047 5374 3315 5445 synodum
3341 5371 3678 5436 lennieuscm
3709 5375 3907 5445 alliga-

2297 5452 2592 5512 runtauno
2638 5441 2765 5506 258,
2814 5457 2918 5510 quo
2969 5451 3025 5497 et
3058 5441 3536 5512 Carthaginiensem
3590 5461 3644 5499 ιιι
3696 5441 3903 5501 sub-5.

2295 5512 2563 5590 ily-primm
2613 5513 2937 5590 celebratam
2982 5514 3142 5568 fuisse
3166 5514 3556 5590 grediderunt;
3601 5513 3908 5590 liarduinus

2297 5584 2438 5660 illam
2470 5584 2880 5660 amandavirad
2928 5600 3126 5660 auuum
3159 5587 3304 5660 851,
3348 5602 3466 5656 cap.
3503 5585 3539 5650 2
3594 5587 3754 5660 (mihi
3783 5584 3907 5660 pag.

2298 5654 2444 5725 l5t)..)
2468 5653 2530 5712 ad
2555 5669 2751 5728 annum
2767 5649 3126 5728 1l75_t:ircite_r.
3159 5658 3268 5728 Ego
3287 5649 3478 5727 repeto
3497 5649 3611 5728 tam
3625 5649 3908 5726 loeutiieii.

2293 5721 2434 5790 sent,
2453 5721 3110 5797 quamCartbaginensrm
3137 5721 3384 5800 Sy'nodos
3399 5742 3524 5794 esse
3552 5721 3798 5786 (ictitias.
3818 5721 3907 5792 Via

2291 5795 2357 5851 de
2379 5811 2560 5853 sunra.
2581 5811 2634 5853 ιι.
2667 5795 2757 5853 21.

2328 5812 2357 5851 e
2379 5811 2560 5868 supra,
2581 5811 2634 5853 n.
2667 5811 2757 5853 2.1.
