4208 6276
337 173 473 234 1589

1319 173 1407 232 ne
1445 169 1816 234 FlBMlLIANl
1859 173 1950 252 an
1986 152 2389 254 cvrnIA'NUM
2417 175 2768 238 EPISTULA.
2859 174 2871 184 ‘

3518 184 3540 246 ί
3553 183 3657 243 590

333 304 448 346 tum
475 329 490 356 ,
537 288 608 358 de
654 300 762 360 quo
792 301 891 358 nec
925 295 1041 356 acta
1091 298 1381 359 supersunt
1403 332 1418 356 ,
1467 306 1567 348 nec
1597 296 1806 346 constat
1837 303 1942 359 quo
1970 299 2018 360 Α
2050 288 2163 344 hmc
2192 291 2466 348 nominum
2509 292 2652 347 nuda
2699 288 2932 367 sufficiat
2959 289 3028 348 ad
3054 291 3428 350 remissionem
3462 307 3658 363 pecca-

331 398 478 448 anno
505 381 671 454 fuerit
716 380 1046 450 celebratum
1075 382 1158 436 vel
1205 382 1323 449 quis
1349 383 1434 438 vel
1463 397 1601 442 unus
1625 380 1939 443 nominatim

335 473 646 544 interfuerit
691 482 882 544 eontra
931 487 1093 543 quem
1124 473 1210 540 vel
1235 489 1401 540 unum
1432 473 1749 548 nominatim
1777 470 1940 530 luerit

306 575 760 642 congregatum;
815 579 882 622 ex
937 579 1047 638 quo
1101 565 1376 642 archivio,
1430 582 1499 622 ex
1568 582 1674 638 quo
1721 575 1942 626 auctore

330 656 918 731 pseudo—Firmilianus
950 657 1127 726 hausit
1167 658 1288 735 illas
1314 657 1656 734 deﬁnitiones
1691 657 1800 727 jam
1837 657 1944 727 pri-

330 752 454 822 dem
479 750 645 815 lconii
667 749 880 822 editas?
910 749 967 806 Si
989 749 1148 819 editae
1187 749 1412 825 fuissent
1435 792 1450 817 ,
1480 750 1696 820 cederet
1733 750 1782 810 in
1816 764 1942 820 per-

331 850 547 913 petuam
575 841 855 914 infamiam
882 841 1256 921 episcOpornm
1301 842 1702 908 Catholicorum
1734 842 1944 918 Cappa-

332 932 522 1002 dociae,
555 932 798 1000 Galatiae,
831 930 1074 1013 Ciliciae,
1115 941 1173 1000 et
1219 941 1536 1002 ceterarum
1585 931 1940 1010 adjacentimn

333 1026 636 1096 regionum.
663 1026 761 1079 Ast
791 1038 993 1080 censeo
1013 1039 1303 1094 numquam
1331 1024 1507 1079 editas
1549 1023 1734 1082 fuisse.

309 1176 312 1177 ν
405 1121 494 1182 51.
532 1120 774 1196 Denique
797 1134 865 1173 ex
899 1133 1053 1176 sacra
1083 1118 1360 1190 Scriptura
1405 1119 1636 1190 probare
1677 1120 1867 1196 nititur
1890 1128 1946 1176 et

335 1214 528 1286 dogma
577 1211 900 1276 catholicum
941 1213 1155 1288 penitus
1204 1212 1529 1284 convellere,
1563 1212 1690 1282 dum
1725 1227 1844 1282 cap.
1884 1214 1942 1276 4.

331 1304 512 1378 quoad
543 1320 656 1380 rem
682 1305 752 1360 ita
779 1312 1263 1375 argumentaturex
1279 1305 1428 1361 Actis
1447 1321 1568 1374 vix:
1597 1322 1616 1356 ι
1656 1304 1713 1361 S.
1746 1292 1947 1376 Paulus

338 1414 435 1455 eos
451 1399 540 1474 qui
576 1399 906 1467 Baptismate
933 1397 1180 1472 Joannis,
1214 1407 1503 1472 antequam
1535 1397 1734 1466 Spiritu
1760 1405 1947 1460 sancto

341 1493 545 1546 missus
596 1491 787 1558 fuerat,
823 1492 974 1545 tincti
1019 1490 1171 1546 fuere
1195 1533 1210 1557 ,
1249 1491 1424 1547 denuo
1460 1491 1588 1546 lavit
1622 1491 1946 1561 Baptismate

336 1584 567 1651 Christi;
591 1600 719 1658 ergo
741 1585 900 1649 etiam
923 1584 1014 1654 qui
1034 1583 1102 1646 ab
1125 1583 1426 1654 haereticis;
1451 1601 1473 1652 ρ
1498 1583 1639 1662 apud
1661 1598 1795 1652 quos
1816 1582 1945 1660 Spi-

2044 389 2220 436 torum
2276 391 2330 438 et
2357 383 2615 453 Baptismi
2645 382 3162 440 sanctiﬁcationem?
3190 425 3202 436 .
3233 421 3246 435 .
3272 422 3285 436 .
3319 383 3436 438 Non
3464 399 3656 440 omnes

2046 480 2226 543 autem
2261 473 2354 542 qui
2382 488 2576 530 nomen
2605 471 2804 530 Christi
2830 473 3101 540 invocant,
3135 473 3305 528 audiri
3353 483 3405 528 et
3431 475 3657 542 invoca-

2048 563 2247 632 tionem
2271 576 2424 618 suam
2446 565 2703 638 consequi
2730 563 2928 634 aliquid
2955 563 3142 638 gratiae
3165 573 3368 644 posset,
3392 565 3657 624 Dominus

2045 655 2160 728 ipse
2215 657 2522 714 manifestat
2579 657 2814 720 dicens:
2857 657 3004 714 Multi
3061 657 3277 714 venient
3326 646 3378 728 in
3433 660 3657 716 nomine

2045 762 2168 804 meo
2219 747 2514 822 dicentes:
2554 749 2666 824 Ego
2719 766 2836 812 sum
2883 748 3152 817 Christus,
3196 760 3251 806 et
3305 751 3504 818 mnltos
3554 752 3661 807 fal-

2047 839 2158 894 lent
2199 841 2295 911 (l).
2340 862 2359 896 ›
2408 842 2538 920 Quis
2581 844 2684 898 erit
2730 844 2804 900 ita
2864 844 3154 914 insipiens,
3212 853 3270 898 ut
3337 846 3439 914 hoc
3497 846 3660 912 modo

2047 933 2389 988 concludat:
2442 935 2909 992 Pseudo-Christi
2979 937 3177 992 multos
3247 939 3472 1012 fallent;
3530 954 3660 1011 ergo

2048 1023 2354 1094 Baptismus
2398 1026 2597 1084 Christi
2655 1027 2724 1083 ab
2780 1029 3034 1098 haeretica
3084 1029 3318 1088 collatus
3373 1039 3456 1087 est
3510 1031 3664 1086 inva-

2047 1113 2221 1174 “dus?

2258 1210 2546 1290 Postquam
2577 1223 2760 1274 noster
2787 1212 3092 1290 Theologus
3117 1215 3478 1281 concluserat,
3511 1217 3661 1274 illico

2049 1315 2305 1374 evagatur
2345 1305 2623 1374 aliorsum,
2656 1322 2720 1364 ac
2749 1322 2868 1378 cap.
2907 1307 2961 1372 5.
2992 1316 3054 1366 ιιι
3097 1309 3367 1368 curiosum
3397 1309 3661 1375 lectorem

2049 1395 2463 1467 obsmpel‘aciat,
2497 1396 2750 1454 historias
2771 1398 3040 1456 immiscet
3067 1398 3135 1453 ad
3156 1410 3477 1470 praesentem
3508 1417 3666 1472 quac-

2050 1486 2279 1566 stionem
2313 1489 2620 1546 nullatenus
2649 1491 2981 1560 pertinentes
3010 1506 3027 1556 ;
3079 1499 3163 1546 ast
3201 1491 3361 1548 simul
3414 1492 3665 1548 incautus

2055 1581 2276 1653 impegit
2301 1584 2592 1638 enormiter
2629 1592 2817 1638 contra
2850 1582 3257 1654 chronologiam
3293 1603 3307 1640 :
3342 1603 3360 1636 ι
3403 1585 3532 1641 Volo
3557 1600 3662 1641 au-
3763 1647 3770 1656 ,

336 1679 474 1734 ritus
497 1688 716 1748 sanctus
735 1692 842 1733 non
863 1685 968 1748 est,
994 1675 1245 1746 baptizati
1275 1676 1445 1744 fuere,
1477 1675 1654 1734 denuo
1684 1673 1944 1742 baptizari
1974 1689 2022 1748 Β
2051 1680 2156 1738 tem
2196 1672 2348 1727 vobis
2374 1681 2427 1728 et
2453 1672 2520 1728 de
2542 1672 2765 1728 historia
2811 1688 2928 1742 quae
2959 1673 3096 1744 apud
3127 1690 3224 1730 nos
3260 1674 3399 1730 facta
3421 1685 3524 1744 est,
3557 1692 3654 1732 ex-

336 1769 553 1836 debent.
575 1767 742 1839 Igitur
761 1778 943 1824 errant
974 1767 1282 1852 Stephanus
1300 1776 1352 1826 et
1373 1761 1554 1824 caeteri
1585 1765 1825 1834 episcopi
1854 1763 1947 1836 qui

337 1863 495 1932 Papae
515 1862 880 1930 consentiunt,
901 1861 1290 1932 contendentes
1311 1861 1676 1931 dimissionem
1699 1868 1948 1928 peccato-

337 1971 456 2022 rum
473 1964 527 2010 et
545 1953 837 2010 secundam
859 1953 1192 2026 nativitatem
1210 1953 1262 2022 in
1283 1951 1660 2020 hmreticorum
1675 1950 1746 2005 Ba
1756 1951 1950 2018 ptismo

332 2063 498 2124 posse
525 2047 845 2128 procedere.
874 2045 1072 2120 Paulus
1091 2061 1199 2120 non
1225 2045 1402 2128 potuit
1431 2044 1483 2122 in
1505 2057 1632 2110 casu
1662 2041 1950 2112 praemisso
1989 2086 1992 2088 .

339 2123 595 2212 Spiritum
625 2151 869 2196 sanctum
891 2125 1044 2206 dare,
1070 2140 1168 2194 nisi
1198 2123 1502 2208 pernovum
1523 2133 1950 2208 Christi'Baptis-

332 2249 482 2309 nium
506 2248 521 2306 ;
577 2247 644 2287 an
673 2232 871 2306 Paulus
900 2232 1077 2299 minor
1107 2230 1211 2300 illis
1239 2228 1552 2316 episcopis?
1606 2225 1682 2298 ita
1711 2223 1945 2296 pseudo-

341 2325 713 2386 Firmilianus.

419 2416 463 2471 Ι.
517 2417 657 2488 Ergo
693 2415 937 2488 dimissio
969 2423 1312 2488 peccatorum
1347 2421 1400 2480 et
1434 2411 1670 2488 secunda
1699 2409 1950 2482 nativitas

340 2525 442 2566 nec
477 2509 770 2582 procedere
799 2517 973 2580 potest
997 2507 1055 2580 in
1082 2507 1412 2584 Baptismate
1431 2506 1827 2578 catholicorum
1851 2501 1948 2566 ad-

333 2604 760 2678 Oministrantium
811 2603 870 2682 in
915 2611 1056 2672 statu
1109 2601 1383 2673 disgratiac
1418 2603 1765 2676 positorum;
1824 2597 1949 2670 quia

335 2696 478 2770 apud
508 2697 606 2751 hos
643 2695 873 2770 Spiritus
903 2703 1124 2764 sanctus
1151 2709 1262 2768 non
1309 2701 1412 2747 est.

410 2790 867 2864 "Argumentum
895 2787 997 2858 hoc
1012 2787 1154 2860 quod
1167 2796 1220 2860 et
1234 2783 1775 2862 pseudo-Cyprianus
1796 2781 1949 2837 adhi-

340 2883 450 2960 bet,
481 2884 533 2938 in
559 2881 652 2954 ep.
682 2884 753 2938 75
781 2881 847 2960 ad
869 2880 1218 2956 Jubaiannm,
1247 2879 1462 2958 laborat
1490 2877 1774 2954 multiplici
1796 2891 1948 2950 erro-

335 2953 442 3046 tneo.
461 2976 760 3049 supposito.

413 3071 491 3125 1ο.
524 3070 677 3138 Quod
705 3068 952 3139 discipuli
1001 3066 1223 3140 Joannis
1275 3066 1532 3142 Baptista:
1584 3079 1688 3138 non
1748 3063 2018 3136 fuerintc

337 3163 395 3236 in
447 3171 588 3230 statu
628 3161 854 3236 gratiae,
903 3161 1068 3216 immo
1114 3174 1219 3228 nec
1257 3160 1537 3244 potuerint
1584 3158 1750 3228 fuisse
1790 3149 1976 3228 justi.‘

341 3253 439 3311 Vel
493 3253 574 3307 2°.
624 3252 778 3323 Quod
818 3252 1118 3323 baptismus
1163 3251 1389 3330 Joannis
1426 3251 1553 3326 ideo
1592 3250 1947 3320 suscipientes

337 3345 680 3424 (sanctificare
695 3360 801 3401 non
815 3346 1070 3416 potuerit,
1085 3346 1209 3422 quia
1227 3345 1459 3416 Spiritus
1477 3355 1695 3412 sanctus
1710 3343 1948 3406 nondum

343 3443 516 3499 fuerat
534 3442 778 3520 missus;
810 3440 935 3497 hinc
978 3451 1294 3514 sequeretur
1325 3439 1465 3510 quod
1499 3440 1543 3495 si
1567 3449 1692 3514 post
1719 3440 1948 3508 primam

295 3522 302 3525 ’
341 3534 766 3608 Christianorum
798 3535 1174 3613 Pentecosten,
1234 3533 1286 3602 in
1316 3548 1419 3604 qua
1445 3532 1679 3610 Spiritus
1716 3521 1944 3596 descen-

337 3628 525 3700 derat,
590 3628 778 3682 fuisset
852 3627 1113 3692 collatus,
1178 3625 1559 3694 suscipientem
1630 3636 1948 3693 regenerare

342 3722 627 3786 valuisset;
679 3721 802 3791 quia
856 3731 982 3774 tunc
1038 3719 1268 3793 Spiritus
1319 3718 1429 3787 jam
1488 3716 1661 3770 fuerat
1729 3717 1946 3770 missus.

346 3814 428 3869 '5".
478 3813 630 3882 Quod
687 3813 804 3886 ipse
849 3812 1155 3882 Baptismus
1197 3809 1396 3865 Christi
1424 3823 1574 3864 suam
1619 3809 1947 3878 justiticandi

344 3910 594 3983 virtutem
615 3917 739 3962 ante
765 3906 910 3960 illam
937 3906 1308 3960 Pentecostem
1325 3903 1568 3973 nondum
1592 3889 1944 3973 habuerit(l).

341 4016 356 4053 ιν
417 4000 503 4076 Ill.
533 3999 746 4074 Pseudo
775 3998 1121 4053 Firmilianus
1141 3997 1362 4074 omnino
1388 4006 1539 4051 extra
1569 3995 1799 4050 orbitam
1820 4009 1950 4050 eva-

343 4103 522 4166 gatur.
579 4093 922 4148 Probandum
955 4092 1143 4146 luisset
1185 4090 1326 4161 quod
1359 4089 1668 4160 Baptismus
1695 4087 1889 4143 Christi
1917 4103 1948 4142 a

341 4179 567 4267 Simone
588 4202 763 4259 mago,
792 4186 874 4240 vel
906 4186 974 4240 ab
1002 4185 1106 4239 alio
1125 4184 1380 4239 hreretico
1402 4183 1630 4238 collatus
1656 4182 1823 4251 repeti
1851 4180 1948 4235 de-

343 4280 523 4335 buerit
552 4296 616 4335 ex
649 4286 916 4349 praecepto
943 4278 1343 4346 Apostolorum.
1394 4275 1702 4344 Baptismus
1727 4272 1951 4341 Joannis

349 4372 512 4426 etiam
542 4387 568 4424 a
591 4371 648 4427 S.
691 4371 900 4426 Andrea
921 4369 1165 4439 apostolo
1198 4368 1278 4422 vel
1309 4368 1364 4424 S.
1395 4367 1554 4423 Petro
1595 4365 1821 4422 collatus
1843 4377 1950 4420 non

339 4461 651 4534 adliciebat
675 4463 726 4516 in
749 4463 874 4530 lege
888 4475 1052 4516 nova.

417 4555 513 4611 ΠΙ.
531 4555 805 4624 Quidquid
829 4556 937 4621 sit,
965 4570 1031 4610 ex
1052 4555 1163 4624 jam
1185 4552 1427 4615 dicendis
1457 4551 1677 4608 evidens
1703 4551 1782 4617 lit,
1813 4549 1955 4622 quod

352 4650 412 4706 S.
445 4646 753 4718 Stephanus
780 4645 1017 4702 nonnisi
1061 4645 1395 4715 Baptisnnum
1417 4642 1619 4698 Christi
1660 4659 1866 4708 verum,
1902 4640 1956 4697 id

349 4751 457 4809 eat,
479 4742 575 4813 qui
601 4741 704 4798 sub
735 4741 970 4812 legitima
993 4739 1167 4796 Jorma
1195 4754 1224 4792 a
1251 4738 1475 4794 Christo
1497 4739 1809 4808 praescripta
1839 4737 1954 4793 col-

347 4835 491 4898 latus
517 4834 730 4898 fuisset,
753 4833 1033 4904 agnoverit
1063 4831 1300 4894 validum
1325 4848 1344 4896 ;
1375 4846 1497 4886 nam
1524 4827 1954 4901 pseudo-Firmi-

355 4925 529 4981 lianus
578 4928 750 4997 pergit
775 4942 840 4981 ex
884 4923 1082 4980 Christi
1129 4924 1306 4979 verbis
1347 4925 1660 4996 impugnare
1710 4932 1956 4990 nostrum

353 5017 571 5088 dogma,
600 5017 742 5088 quod
771 5017 1059 5078 absurdum
1091 5016 1489 5072 vocatdicens:
1522 5035 1540 5067 ‹
1582 5016 1713 5071 Illud
1744 5029 1959 5094 quoque

359 5113 674 5178 absurdum,
714 5112 858 5183 quod
889 5128 994 5167 non
1024 5119 1230 5182 putant,
1279 5111 1636 5182 querendum
1668 5126 1808 5172 esse,
1837 5110 1959 5180 quis

343 5207 429 5264 sit
466 5207 560 5275 ille
593 5209 683 5278 qui
729 5206 1102 5277 baptizaverit,
1147 5204 1374 5274 eoquod
1405 5206 1493 5273 qui
1537 5203 1842 5274 baptizatus
1864 5203 1956 5282 sit,

341 5300 585 5369 ‘gmiam
617 5300 875 5370 consequi
924 5299 1162 5370 poluerit
1187 5293 1430 5352 invocata
1477 5296 1740 5351 Trinitate
1774 5294 1958 5372 nomi-

301 5398 310 5404 '
365 5408 491 5450 num
529 5392 743 5465 Patris,
763 5400 817 5448 et
845 5391 988 5456 Filii,
1015 5401 1070 5446 et
1093 5391 1326 5473 Spiritus
1357 5389 1598 5446 sancti...
1644 5387 1713 5443 At
1740 5386 1859 5456 quis
1880 5392 1964 5439 est

350 5481 597 5554 sapiens,
623 5477 723 5555 ,ριιί
745 5485 846 5552 hoc
877 5481 1150 5547 defendat,
1175 5490 1273 5542 aut
1292 5479 1497 5546 credat,
1526 5478 1670 5566 quod
1697 5477 1964 5533 invocatio

438 5643 516 5715 (i)
558 5644 707 5702 lianc
751 5644 1062 5717 opinionem
1107 5642 1469 5716 Tertullianus
1523 5639 1707 5716 docuit
1751 5637 1857 5702 lib.
1904 5637 1968 5692 de

363 5713 647 5771 Bantiamo.

409 5732 647 5791 apmmo.

1977 4413 2030 4474 D

2057 1779 2260 1833 ponere
2287 1764 2355 1820 ad
2383 1764 2484 1820 hoc
2514 1764 2689 1835 ipsum
2720 1765 3045 1836 pertinente.
3077 1768 3214 1824 Ante
3236 1767 3418 1836 viginti
3441 1769 3584 1822 enim
3607 1777 3666 1826 et;

2051 1856 2188 1912 duos
2223 1857 2335 1914 fere
2361 1871 2531 1914 annos
2563 1856 2893 1926 temporibus
2933 1865 3054 1926 post
3091 1857 3453 1914 Alexandrum
3483 1859 3662 1928 impe-

2054 1959 2290 2005 ratorem
2337 1949 2522 2004 multae
2558 1948 3005 2013 conﬂictationes,
3049 1955 3104 2003 et
3138 1963 3407 2018 pressurze
3449 1951 3665 2008 accide-

2050 2052 2195 2108 runt,
2229 2042 2308 2096 vel
2350 2041 2402 2114 in
2431 2040 2705 2096 communi
2732 2039 2982 2108 omnibus
3011 2039 3338 2106 hominibus,
3368 2041 3454 2096 vel
3483 2042 3666 2114 priva-

2053 2137 2147 2192 tim
2176 2131 2518 2204 Christianis.
2542 2131 2724 2204 Terrae
2746 2132 2908 2192 etiam
2938 2139 3136 2204 motus.
3169 2150 3189 2200 ρ

2124 2227 2165 2284 l.
2218 2226 2278 2284 S.
2324 2201 2671 2298 Firmilianns
2702 2223 2801 2286 sub
2845 2201 3153 2294 Alexandro
3189 2224 3535 2294 imperatore,
3569 2227 3665 2298 qui

2051 2332 2194 2374 auirio
2243 2316 2374 2383 235,
2424 2316 2477 2372 in
2531 2315 2690 2384 aprili
2743 2314 2907 2379 obiit,
2952 2315 3062 2394 jam
3118 2315 3220 2380 fuit
3269 2316 3324 2382 in
3380 2316 3666 2390 Cappado-

2049 2410 2132 2482 cia
2189 2408 2473 2478 episcopus
2516 2406 2630 2479 (2);
2679 2421 2810 2477 ergo
2867 2407 2962 2470 fuit
3003 2407 3289 2479 episcopus
3313 2425 3379 2466 eo
3419 2422 3664 2483 tempore

2051 2519 2157 2574 quo
2188 2502 2278 2558 illa
2309 2500 2529 2564 historia
2568 2500 2710 2571 apud
2740 2499 3086 2572 Cappadoces
3122 2503 3414 2574 contigisse
3443 2504 3663 2560 dicitur.

2054 2594 2111 2650 S.
2141 2591 2487 2648 Firmilianus
2512 2591 2690 2662 igitur,
2723 2591 2966 2647 siauctor
2997 2593 3360 2664 luissethujus
3389 2596 3666 2666 epistolzr,

2052 2685 2434 2757 imperatorem
2481 2685 2834 2756 nominasset,
2860 2699 2911 2736 v.
2934 2698 2988 2756 g.
3021 2682 3391 2756 Maximinum,
3426 2688 3526 2744 sub
3549 2703 3664 2758 quo

2051 2776 2157 2833 illae
2192 2775 2622 2831 conﬂictationes
2645 2773 2953 2829 acciderant
2998 2775 3080 2829 vel
3107 2775 3162 2830 in
3189 2790 3544 2834 commune...
3577 2778 3669 2836 vel

2051 2871 2336 2944 privatim;
2391 2885 2501 2926 non
2555 2884 2684 2925 vero
2740 2867 2963 2932 dixisset
3005 2885 3018 2922 :
3063 2885 3084 2932 ρ
3137 2867 3496 2939 Temporibus
3539 2878 3665 2940 post

2051 2964 2415 3032 Alexandrum
2447 2962 2549 3048 (5).
2592 2982 2611 3016 ι
3665 2982 3672 3028 ι

2122 3057 2186 3115 ll.
2242 3057 2368 3114 llaec
2397 3070 2526 3126 vaga
2566 3056 2888 3126 expressio:
2920 3073 2939 3106 ‹
2977 3054 3329 3132 Temporibus
3369 3067 3494 3128 post
3533 3059 3666 3115 Ale-

2051 3151 2336 3215 xandrum,
2364 3169 2387 3208 ›
2411 3149 2635 3217 denotat
2665 3146 2862 3210 factum
2892 3147 3184 3218 contigisse
3213 3149 3393 3220 aliquo
3421 3158 3667 3220 tempore

2050 3253 2174 3316 post
2211 3251 2441 3306 mortem
2486 3239 2796 3298 Alexandri.
2825 3239 2892 3294 Et
2917 3254 3108 3296 revera
3134 3239 3240 3294 illze
3269 3255 3566 3310 pressum,
3601 3248 3665 3306 nt

2052 3355 2106 3406 ῃ.
2137 3354 2255 3409 seq.
2289 3336 2592 3400 audiemus,
2627 3349 2733 3398 non
2771 3335 3077 3406 (contigere,
3131 3334 3234 3388 nisi
3263 3334 3470 3405 aliquot
3504 3335 3665 3390 annis

2050 3441 2175 3506 post
2227 3440 2456 3494 mortem
2533 3428 2849 3486 Alexandri.
2912 3429 2980 3482 At
3023 3443 3151 3486 vero
3214 3429 3305 3483 illa
3361 3428 3664 3486 Firmiliani

2051 3524 2278 3596 epistola
2307 3536 2451 3578 anno
2486 3521 2594 3576 256
2618 3519 2814 3589 scripta
2847 3519 3008 3578 fuisse
3027 3519 3264 3587 dicitur;
3309 3524 3467 3579 ecce!
3516 3521 3663 3594 Ergo

2053 3616 2150 3671 has
2171 3627 2453 3686 pressuras
2493 3614 2650 3676 inter,
2685 3620 2741 3666 et
2780 3620 2990 3680 tempus
3031 3611 3247 3681 scriptae
3273 3613 3514 3682 epistolae
3549 3627 3662 3668 non

2052 3707 2375 3778 interiacent
2409 3705 2480 3759 22
2529 3704 2677 3772 anni.
2737 3703 2934 3758 Verum
2967 3703 3134 3772 gratis
3171 3703 3517 3774 admittamus
3543 3707 3663 3762 illas

2053 3816 2332 3873 pressuras
2359 3798 2623 3866 incepisse
2653 3796 2844 3858 eodem
2873 3811 3013 3854 anno
3041 3795 3169 3868 235,
3200 3813 3307 3867 quo
3349 3799 3660 3857 Alexander

2052 3897 2218 3959 obiit,
2256 3905 2311 3952 et
2335 3891 2552 3963 quidem
2581 3889 2894 3948 immediate
2921 3898 3042 3959 post
3071 3889 3231 3958 huius
3261 3902 3522 3958 mortem;
3565 3894 3662 3950 ad-

2051 3987 2362 4056 mittamns,
2413 3998 2582 4039 annos
2623 3982 2743 4038 illos
2779 3981 2852 4037 22
2895 3989 3230 4052 computatos
3273 3997 3398 4039 esse
3423 3999 3453 4038 a
3480 3986 3659 4055 primo

2053 4081 2207 4136 initio
2237 4080 2317 4151 (4)
2352 4079 2565 4142 illarum
2605 4076 3002 4142 calamitatum;
3025 4084 3209 4144 tamen
3237 4092 3346 4150 non
3375 4088 3532 4136 erunt
3552 4060 3663 4138 nisi

2052 4172 2123 4229 20
2155 4173 2280 4240 anni
2305 4171 2582 4241 completi.

2131 4284 2208 4356 (Ι)
2239 4283 2550 4356 lnvulgata
2586 4281 2781 4356 legitur
2819 4281 3004 4356 (Marc.
3036 4298 3152 4356 χιιι,
3183 4283 3316 4356 21):
3350 4283 3418 4340 Et
3444 4295 3583 4349 tunc,
3615 4288 3666 4342 si

2055 4349 2166 4425 quis
2189 4349 2352 4410 'vobis
2393 4349 2577 4408 dixerit
2606 4349 2779 4407 :Ecce
2828 4349 2915 4407 'Iu'c
2952 4363 3027 4410 est
3067 4349 3320 4422 Christus,
3378 4373 3489 4410 ecce
3527 4357 3657 4424 illic,

2057 4445 2119 4481 ne
2148 4425 2479 4480 credideritis.
2529 4425 2644 4493 Qua
2671 4425 2912 4480 editione
2936 4434 3123 4492 auctor
3151 4440 3278 4480 usus
3314 4425 3495 4490 fuerit,
3526 4430 3662 4485 mihi

2056 4503 2162 4576 non
2211 4505 2422 4576 constat
2444 4497 2627 4576 ;_il-lu_c
2659 4495 3054 4576 advertendum
3087 4496 3247 4576 duxi,
3281 4499 3423 4576 quod
3457 4499 3509 4552 in
3555 4499 3662 4576 Cy—

2057 4569 2295 4638 prianica
2326 4568 2396 4622 72
2426 4567 2492 4622 ad
2519 4566 2840 4623 Jubaianum
2869 4575 3048 4638 textus
3074 4566 3175 4620 sub
3213 4567 3405 4623 iisdem
3433 4566 3659 4626 omnino

2058 4636 2371 4694 formalibus
2400 4638 2463 4691 ad
2500 4638 2748 4693 eumdem
2777 4639 2940 4690 linem
2966 4636 3305 4704 adhibeatur.
3357 4639 3543 4705 Multi,
3579 4641 3662 4696 in-

2059 4711 2191 4779 quit,
2221 4709 2416 4766 venient
2443 4709 2499 4762 in
2548 4709 2748 4780 nomine
2778 4724 2891 4780 meo
2915 4709 3186 4780 dicentes:
3215 4706 3339 4780 Ego
3363 4727 3476 4766 sum
3508 4712 3660 4768 Chri-

2058 4777 2183 4848 stus,
2211 4791 2256 4834 et
2284 4781 2471 4834 multos
2495 4780 2697 4850 fallent.
2723 4779 2851 4832 Item
2883 4779 2932 4830 in
2957 4778 3184 4850 liibro_de
3216 4777 3446 4850 Unitate.

2137 4852 2214 4924 (2)
2243 4847 2528 4916 Eusebius,
2557 4849 2663 4903 vid.
2805 4847 3069 4924 v1_,__c.26,
3098 4847 3189 4924 251.ἶ
3217 4849 3313 4924 Ubi
3340 4852 3406 4924 dc
3434 4853 3551 4921 ipso
3577 4870 3663 4910 re-

2060 4917 2163 4979 feri
2190 4917 2332 4994 quod
2373 4923 2672 4992 praecipuos
2704 4917 3004 4994 Firmiliani
3035 4919 3434 4994 condiscipulos
3455 4917 3660 4994 cogno-

2058 4989 2225 5056 verit,
2242 4989 2561 5064 Gregorium
2593 5001 2649 5046 et
2688 4989 3118 5064 Athenodorum,
3162 4991 3316 5062 Ponti
3346 4989 3655 5063 episcopos,

2061 5083 2158 5121 suo
2179 5061 2423 5130 tempore
2453 5063 2627 5130 adhuc
2657 5061 2997 5130 superstites.

2132 5135 2211 5208 (5)
2267 5135 2395 5208 Hoc_
2419 5144 2793 5208 argumentum
2834 5133 3312 5208 maximepremit,
3352 5133 3395 5187 si
3418 5135 3661 5208 epistola

2060 5203 2280 5269 nomine
2305 5205 2465 5276 totius
2483 5203 2717 5268 concilii,
2748 5213 2805 5255 ut
2829 5203 3009 5276 plures
3040 5203 3334 5276 affirmant,
3361 5203 3520 5276 miSSa
3548 5204 3661 5262 fue-

2060 5281 2131 5333 rit
2156 5275 2220 5336 ad
2253 5278 2310 5332 S.
2339 5275 2697 5348 Cyprianum;
2731 5290 2798 5327 an
2825 5273 3000 5348 nullus
3036 5274 3412 5348 episcoporum
3441 5275 3656 5348 illorum

2065 5361 2273 5416 tempus
2327 5344 2687 5400 determinare
2737 5344 2942 5414 potuit,
2995 5360 3102 5416 quo
3143 5345 3230 5399 illa
3277 5347 3660 5410 recentissima

2065 5415 2202 5476 facta
2259 5415 2651 5486 contigissent?

2137 5489 2214 5564 (At)
2261 5489 2518 5564 Dicuntur
2565 5488 2728 5542 fuisse
2766 5499 2998 5564 noluero
3016 5486 3228 5564 multae,
3275 5496 3333 5542 at
3386 5503 3526 5558 quae,
3577 5489 3664 5546 vel

2065 5549 2515 5634 qualesl'uerint,
2565 5574 2670 5612 non
2718 5549 2949 5634 additur.
3284 5549 3440 5634 terra:
3469 5549 3660 5634 motus

2070 5618 2284 5704 plurimi
2315 5618 3166 5704 etfrequentes.”_Fleurius',lib:
3193 5618 3332 5704 ῥὶς
3359 5619 3436 5704 ἰς
3469 5629 3666 5704 Pagius

2071 5699 2191 5761 illos
2246 5713 2404 5760 terra:
2446 5710 2625 5758 motus
2681 5700 2969 5771 alligarunt
3011 5713 3153 5754 anno
3188 5699 3323 5767 255,
3374 5700 3676 5758 innitentes
