4116 6258
612 258 743 322 1591

1985 249 2436 313 DISSERTATIO
2476 248 2520 320 Ι,

3778 244 3906 305 1592

678 376 819 447 Quid
876 376 943 431 ad
998 373 1113 431 haec
1163 371 1398 444 Pagius?
1453 372 1578 430 Ait:
1615 372 1799 429 Annos
1844 370 2029 443 viginti
2079 371 2215 426 duos
2242 372 2295 433 Α
2319 378 2458 426 tates
2500 367 2660 423 etiam
2694 372 2852 423 terrze
2878 364 3027 421 hiatu
3054 376 3179 421 cum
3206 361 3415 434 populis
3443 360 3768 434 deperirent
3798 380 3812 416 :
3838 362 3907 419 Oli

613 471 889 539 utrimque
936 464 1111 537 quoad
1160 464 1418 535 primum,
1469 473 1522 521 et
1575 464 1817 518 ultimum
1866 461 2219 531 incompletos

616 578 739 620 esse
789 558 1198 630 computandas.
1254 559 1353 614 Ast
1382 558 1458 614 l".
1494 558 1593 613 hac
1618 557 1799 629 phrasi
1835 556 1884 611 id
1921 554 2062 626 quiod
2098 562 2221 609 ante

615 657 688 711 15
731 668 944 709 menses
990 652 1233 722 contigit,
1271 662 1398 705 ante
1439 662 1547 706 tres
1594 651 1704 705 fere
1749 663 1919 704 annos
1964 646 2222 702 accidisse

613 746 721 802 dici
749 744 978 817 poterit;
1019 758 1213 813 nempe
1241 742 1447 813 primus
1472 753 1524 797 et
1555 741 1775 796 ultimus
1801 755 1973 795 annus
2000 752 2222 793 suman-

613 848 706 895 tur
755 836 1104 906 incomplete.
1162 834 1242 889 2°.
1275 833 1568 905 Nequidem
1611 834 1682 890 20
1726 833 1851 887 anni
1895 847 1924 885 a
1984 841 2224 899 tempore

616 942 779 988 terra:
809 941 1053 987 motuum
1100 943 1270 1001 usque
1299 928 1366 983 ad
1391 943 1589 983 annum
1636 926 1743 982 258
1773 924 2117 988 efﬂuxcrunt,
2148 921 2223 977 uti

613 1025 726 1094 jam
759 1024 1081 1079 videbimus.

698 1120 787 1174 55.
824 1116 1004 1187 Pergit
1034 1133 1046 1168 :
1084 1134 1103 1167 ι
1133 1114 1314 1170 Terrte
1342 1121 1521 1169 motus
1561 1112 1721 1168 etiam
1755 1111 1992 1181 plurimi,
2040 1116 2094 1164 et
2116 1108 2227 1163 fre-

620 1217 849 1281 quentes
893 1208 1191 1262 extiterunt
1233 1206 1449 1275 (nempe
1502 1212 1625 1258 ante
1664 1202 1735 1256 22
1775 1216 1946 1256 annos
1973 1198 2227 1271 tempori-

616 1304 718 1359 bus
741 1310 861 1374 post
887 1300 1274 1369 Alexandrum)
1299 1307 1355 1353 ut
1381 1313 1475 1368 per
1497 1296 1889 1367 Cappadociam
1914 1304 1967 1350 et
1997 1294 2225 1348 Pontum

617 1396 784 1450 multa
824 1394 1173 1457 subruerent;
1215 1391 1457 1463 qumdam
1501 1389 1661 1446 etiam
1706 1388 1951 1445 civitates
1987 1388 2040 1442 in
2094 1400 2226 1457 pro-

616 1488 847 1543 fundum
878 1496 1108 1557 recepta:
1139 1484 1339 1554 dirupti
1371 1484 1471 1537 soli
1523 1482 1667 1535 hiatu
1713 1480 2125 1543 devorarentur,
2171 1484 2230 1531 ut

623 1596 692 1637 ex
738 1580 841 1636 hoc
883 1578 1187 1651 persecutio
1228 1576 1407 1648 gravis
1448 1573 1734 1630 adversum
1768 1588 1866 1628 nos
1891 1571 2228 1627 Christianos

619 1672 797 1729 fieret.
842 1692 862 1725 ι

2324 478 2443 532 qua:
2470 462 2728 517 sacriﬁcia
2755 476 2852 531 per
2872 470 3039 515 totam
3067 458 3275 521 urbem,
3309 466 3588 527 totumque
3607 454 3799 511 orbem
3826 464 3908 511 ter-

2327 570 2506 609 rarum
2536 554 2767 625 ingentia
2794 552 3063 609 celebrata
3086 559 3207 607 sunt
3225 550 3542 623 (l).Sedato
3565 559 3734 605 terra:
3755 558 3907 615 motu,

2325 646 2669 711 Prtetextato,
2720 656 2773 700 et
2818 645 2995 701 Attico
3023 642 3357 706 consulibus.
3381 641 3694 697 Gordianus
3722 642 3909 710 profec-

2327 748 2413 793 tus
2434 750 2515 794 est
2543 747 2728 794 contra
2756 737 3019 793 Persas...
3051 736 3111 791 ln
3140 735 3375 791 Persidis
3422 734 3620 789 ﬁnibus
3650 734 3861 789 occisus
3886 749 3910 791 ι

2328 830 2575 901 Philippo
2617 844 2952 886 successore.
2990 848 3009 881 ι
3036 859 3108 870 --
3134 830 3205 883 At
3234 843 3362 884 vero
3404 826 3669 883 secundus
3701 825 3913 882 Gordia-

2329 925 2383 979 ni
2413 924 2724 979 consulatus
2753 931 2879 977 ante
2908 936 3109 977 annum
3130 921 3230 976 2H
3263 921 3390 991 poni
3419 934 3527 975 non
3556 918 3769 989 poterit;
3789 934 3911 989 ergo

2330 1017 2469 1073 inter
2496 1025 2656 1072 terra:
2684 1025 2889 1071 motum
2918 1025 2974 1071 et
3001 1028 3201 1070 annum
3227 1012 3334 1070 256
3360 1029 3467 1069 non
3496 1012 3773 1069 [luxerunt
3799 1013 3911 1067 anni

2328 1110 2402 1165 22
2441 1110 2772 1180 incompleti.

2403 1201 2493 1257 Ν.
2562 1202 2695 1258 Cum
2748 1202 3351 1273 pseudo-Firmiliauus
3420 1216 3572 1257 suam
3644 1202 3907 1272 epistolam

2330 1296 2402 1351 22
2451 1296 2606 1351 annis
2632 1306 2755 1367 post
2782 1304 2938 1351 terra:
2969 1305 3147 1352 motus
3189 1296 3439 1365 scriptam
3471 1296 3637 1350 fuisse
3688 1306 3906 1363 asserat;

2332 1402 2553 1444 necesse
2596 1397 2714 1454 est,
2779 1403 2897 1443 eam
2963 1388 3165 1444 editam
3219 1388 3382 1442 fuisse
3431 1402 3573 1441 anno
3625 1387 3778 1452 233,
3826 1404 3908 1458 qua

2334 1491 2576 1552 tempore
2616 1479 2712 1538 SS.
2773 1481 3078 1553 Stephanus
3127 1490 3185 1537 et
3232 1480 3534 1552 Cyprianus
3573 1480 3698 1551 jam
3731 1480 3908 1538 fuerant

2333 1577 2551 1631 mortui.

2414 1667 2503 1723 54.
2537 1685 2556 1718 ι
2594 1666 2723 1735 Quae
2771 1669 3075 1739 persecutio
3132 1677 3254 1739 post
3299 1667 3510 1735 longam
3557 1677 3715 1725 retro
3766 1668 3907 1724 aetatis

696 1767 736 1819 l.
768 1767 1024 1834 Quaenam
1078 1766 1167 1820 illa
1214 1764 1380 1818 multa
1422 1778 1541 1832 quae
1577 1762 1930 1817 subrucrint?
1972 1760 2226 1827 Quaenam
2257 1769 2306 1829 B
2333 1766 2521 1834 pacem
2591 1770 2817 1832 repente
2878 1762 3068 1817 oborta
3123 1761 3191 1817 de
3246 1762 3521 1834 inOpinato
3565 1771 3625 1817 et
3678 1772 3909 1817 consueto

625 1860 737 1915 illa:
787 1858 1032 1911 civitates
1082 1853 1135 1909 in
1178 1853 1515 1924 Cappadocia
1558 1864 1611 1909 et
1640 1854 1853 1909 Ponto?
1897 1852 2059 1907 Miror
2087 1853 2229 1922 quod

624 1956 814 2002 auctor
843 1944 1041 1999 nullam
1078 1944 1134 1998 S.
1165 1942 1435 2015 Cypriane
1473 1945 1528 2000 in
1574 1944 1660 1999 illa
1700 1944 1925 2015 epistola
1954 1945 2034 2012 (l)
2060 1945 2231 1999 nomi-

622 2040 857 2094 naverit.

696 2128 761 2184 ll.
821 2127 1084 2185 Eusebius
1137 2142 1351 2183 causam
1389 2129 1547 2199 longe
1592 2128 1775 2193 aliam,
1826 2142 1922 2183 cur
1976 2126 2253 2198 tempori-‘

622 2223 727 2279 bus
749 2232 867 2292 post
885 2220 1248 2278 Alexandrum
1277 2221 1596 2277 Maximinus
1628 2222 1679 2276 in
1709 2219 2047 2276 Christianos
2077 2221 2232 2276 saevi-

623 2332 686 2374 re
706 2317 952 2387 casperit,
988 2316 1245 2387 assignat,
1288 2330 1482 2386 nempe
1517 2314 1699 2371 odium
1741 2315 2015 2371 Maximini
2042 2315 2233 2371 adver.

625 2424 719 2465 sus
790 2408 1153 2464 Alexandrum
1221 2416 1619 2465 antecessorem
1694 2422 1888 2472 suum;
1936 2407 2231 2463 Alexandri

624 2504 825 2573 quippe
875 2502 1068 2556 domus
1133 2502 1439 2571 complures
1500 2500 1817 2556 numerabat
1872 2498 2227 2556 Christianos.

625 2594 778 2648 Hanc
806 2593 1025 2649 domum
1054 2602 1111 2648 ut
1141 2593 1455 2663 extirparet,
1490 2592 1542 2647 in
1573 2590 2001 2648 Christianorum
2033 2607 2229 2648 nomen

626 2687 815 2742 smvire
845 2686 1084 2741 decrevit
1111 2685 1215 2757 (2).
1870 2760 1875 2761 γ

700 2776 788 2833 lll.
836 2777 1032 2832 Verum
1066 2786 1149 2832 est
1178 2777 1319 2848 quod
1353 2778 1683 2849 temporibus
1715 2788 1836 2849 post
1865 2780 2230 2836 Alexandrum

627 2869 743 2925 dira
784 2870 1091 2939 persecutio
1120 2878 1174 2924 et
1210 2878 1368 2925 terrm
1416 2880 1592 2926 motus
1640 2873 1818 2943 magni
1866 2872 2090 2937 fuerint;
2136 2875 2231 2930 scd

627 2962 709 3016 1⁸.
739 2960 792 3015 hi
823 2960 1255 3031 persecutionem
1304 2960 1579 3016 subsecuti
1628 2974 1772 3016 sunt.
1805 2961 1884 3016 2°.
1915 2963 2091 3019 Fuere
2136 2979 2233 3019 no-

625 3055 795 3110 tiores
843 3055 1135 3125 Cypriano,
1167 3068 1326 3123 quam
1370 3064 1430 3108 ut
1480 3054 1605 3108 huic
1650 3069 1715 3109 ex
1746 3054 2081 3125 Cappadocia
2112 3065 2236 3127 post

2334 1854 2476 1909 malo
2529 1852 2595 1908 ad
2653 1853 2977 1909 turbandam
3033 1854 3286 1924 populum
3339 1864 3581 1909 nostrum
3641 1854 3908 1910 terribilior

2333 1948 2525 2005 effecta
2556 1955 2660 2014 est,
2717 1963 2839 2019 quae
2879 1957 3057 2003 tamen
3092 1948 3278 2004 localis
3323 1956 3526 2003 tantum
3561 1947 3742 2014 fuerit,
3778 1958 3909 2004 extra

2333 2044 2471 2099 fines
2518 2040 2874 2114 Cappadociae
2903 2058 3011 2098 non
3049 2053 3277 2099 extensa
3298 2081 3313 2095 .
3333 2082 3378 2096 ..
3411 2041 3663 2097 Serianus
3687 2053 3805 2095 tunc
3826 2040 3911 2095 fuit

2333 2136 2387 2190 iu
2436 2147 2620 2192 nostra
2676 2135 2948 2207 provincia
3000 2150 3201 2207 praeses
3254 2134 3484 2192 acerbus
3528 2145 3575 2190 et
3620 2134 3766 2189 dirus
3796 2149 3912 2204 per-

2333 2238 2569 2286 SBCUlOl‘.
2603 2249 2623 2282 ι

2405 2321 2449 2377 Ι.
2505 2322 2715 2378 Saeculo
2775 2338 2833 2378 ut
2900 2322 3116 2379 fuerunt
3168 2323 3575 2394 persecutiones
3634 2320 3911 2394 generales.

2335 2415 2411 2470 1°.
2464 2414 2574 2471 Sub
2623 2416 2824 2472 Severo
2862 2416 3175 2488 gravissima
3208 2416 3285 2489 (2)
3326 2433 3423 2487 per
3466 2418 3762 2488 Europam,
3794 2416 3914 2470 Afri-

2334 2520 2451 2561 cam
2488 2516 2541 2561 et
2582 2506 2765 2562 Asiam
2796 2506 2863 2561 ad
2904 2524 3103 2562 annttm
3133 2507 3231 2562 2H
3264 2517 3318 2562 et
3347 2509 3517 2574 ultra;
3549 2519 3611 2562 ut
3643 2520 3839 2563 taceam
3861 2506 3914 2561 de

2336 2598 2667 2669 temporibus
2717 2598 3030 2656 Alexandri.
3072 2599 3152 2654 2°.
3204 2598 3327 2655 Fuit
3376 2600 3476 2655 sub
3532 2601 3817 2655 Maximino
3860 2601 3914 2655 ab

2335 2706 2477 2745 anno
2504 2690 2631 2757 255,
2664 2706 2770 2762 quo
2791 2700 3033 2763 tempore
3059 2691 3324 2762 Origenes
3352 2708 3383 2748 e
3403 2692 3695 2748 Palaestina
3728 2693 3775 2747 in
3798 2689 3917 2761 Cap-

2337 2786 2613 2856 padociam
2652 2787 2916 2842 secesisse
2948 2786 3206 2842 creditur.
3253 2786 3334 2842 3°.
3367 2786 3514 2843 Decii
3543 2788 3615 2842 ab
3645 2802 3783 2842 anno
3804 2786 3915 2852 250,

2335 2890 2440 2935 etc.
2498 2878 2597 2935 Ubi
2619 2878 2730 2950 jam
2764 2879 2849 2934 illa
2879 2879 3127 2935 diuturna
3150 2888 3282 2934 aetas
3325 2881 3551 2949 pacifica
3584 2880 3685 2951 (5).

2407 2973 2471 3028 ll.
2527 2972 2743 3028 Falsum
2789 2983 2892 3040 est,
2946 2973 3089 3046 quod
3130 2973 3434 3044 persecutio
3483 2959 3747 3029 Maximini
3786 2975 3922 3029 circa

2335 3082 2536 3121 annum
2591 3066 2700 3122 255
2739 3067 2992 3133 excitata,
3042 3066 3208 3122 fuerit
3257 3066 3538 3122 dumtaxat
3586 3067 3755 3123 localis
3784 3066 3926 3122 intra

632 3147 707 3202 22
762 3162 933 3202 annos
985 3147 1279 3202 renuntiari
1330 3146 1637 3202 debuerint.
1706 3147 2015 3204 Persecutio
2069 3150 2304 3225 cmpitc
2337 3156 2690 3228 Cappadocia:
2739 3157 2875 3213 fines
2926 3160 3209 3225 restricta;
3254 3174 3375 3214 cum
3426 3159 3732 3214 universalis
3773 3159 3927 3213 fuerit

627 3242 732 3297 sub
783 3242 1071 3297 Maximino
1111 3242 1178 3297 ab
1205 3255 1347 3295 anno
1386 3240 1515 3296 235.
1567 3241 1750 3295 Tcrrm
1779 3250 1957 3297 motus
1988 3252 2112 3298 ante
2140 3260 2237 3299 an-

631 3352 765 3393 num
797 3336 900 3391 241
938 3351 1043 3390 non
1075 3334 1438 3389 invaluerunt.
1488 3333 1751 3389 Audiatur
1802 3334 1977 3390 Julius
2017 3336 2238 3406 Capito-

630 3431 799 3495 linus,
830 3430 1059 3500 scriptor
1092 3428 1363 3495 ethnicus,
1389 3428 1480 3497 qui
1520 3427 1653 3482 vixit
1678 3428 1819 3483 circa
1851 3430 2012 3484 linem
2054 3430 2239 3485 srcculi

631 3537 713 3591 tu,
765 3532 818 3579 et
866 3522 1076 3577 initium
1107 3537 1159 3576 tv
1190 3538 1203 3575 :
1240 3539 1258 3572 ι
1289 3520 1561 3575 Gordiano
1606 3520 1800 3575 iterum
1849 3529 1904 3575 et
1944 3520 2238 3591 Papiniano

631 3617 944 3674 consulibus
972 3616 1172 3671 bellum
1215 3614 1490 3670 Persicum
1531 3622 1713 3669 natum
1746 3623 1849 3668 cst.
1871 3656 1922 3669 ..
1955 3612 2056 3669 fuit
2082 3624 2239 3671 teme

633 3720 815 3766 motus
856 3726 920 3765 eo
948 3724 1117 3780 usque
1137 3709 1336 3779 gravis,
1371 3707 1669 3777 imperante
1697 3706 1990 3773 Gordiano,
2024 3715 2076 3762 ut
2108 3708 2239 3763 civi-

633 3821 1213 3906 pseudo-Firmiliano;
1238 3820 1541 3903 Selvagius,
1570 3821 1662 3904 lib.
1688 3837 1723 3883 r,
1760 3821 1894 3905 c.-9,
1926 3820 1953 3946 ξ
1984 3821 2038 3885 9,
2070 3822 2236 3879 addu-

633 3897 708 3946 cit
753 3906 1115 3946 tcstimunium
1158 3892 1406 3946 Origenis
1453 3892 1649 3945 Homtl.
1681 3892 1774 3946 28.
1822 3908 1875 3946 tn
1903 3893 2234 3946 llattlueum.

632 3892 708 3952 cit
753 3894 1115 3949 testimonium
1158 3892 1406 3962 Origenis
1453 3892 1649 3945 Homil.
1681 3892 1774 3959 28,
1822 3893 1875 3946 in
1903 3892 2234 3950 Matthmum.

634 3968 735 4023 Ast
760 3966 826 4020 19
850 3965 951 4019 illa:
977 3963 1213 4018 homilim
1237 3971 1361 4017 sunt
1388 3963 1739 4033 probabiliter
1763 3964 2071 4032 suppositite
2102 3976 2236 4021 teste

631 4036 981 4093 Bellarmino.
1007 4035 1085 4088 2°.
1122 4035 1333 4089 Pseudo
1361 4034 1618 4103 Origenes
1649 4035 1725 4087 ait
1762 4035 2035 4089 dumtaxat
2072 4053 2084 4088 :
2119 4037 2237 4091 Sci-

634 4125 748 4162 mus
772 4109 913 4177 apud
954 4122 1045 4159 nos
1071 4116 1219 4177 ten‘g:
1264 4114 1453 4157 motum
1490 4120 1601 4177 esse
1625 4108 1859 4177 factum}
1895 4114 1979 4160 ast
2001 4105 2089 4160 ubi
2127 4122 2235 4177 quo

631 4174 937 4239 anuo,'uon
968 4177 1149 4230 addit.
1170 4176 1338 4229 Porro
1364 4174 1505 4244 quod
1535 4184 1774 4243 tempore
1804 4176 2048 4246 Origenis
2079 4174 2238 4234 terra:

632 4260 814 4304 motus
838 4248 1035 4301 fuerint
1055 4246 1299 4311 admitto,
1330 4260 1523 4313 nempe
1541 4246 1681 4299 circa
1711 4260 1912 4300 annum
1940 4247 2069 4302 242.
2102 4248 2235 4303 ltem

634 4321 776 4375 circa
809 4316 1181 4388 annum202.
1215 4332 1322 4388 quo
1351 4317 1709 4388 ultimoanuo
1738 4316 1999 4388 Origenes
2041 4318 2236 4375 florere

635 4392 823 4458 carpit.
854 4390 977 4445 Vid.
1004 4387 1256 4458 Fleurius
1279 4387 1368 4440 lib.
1403 4402 1456 4451 v,
1482 4386 1507 4456 ἕ
1532 4387 1622 4458 20.

709 4456 791 4531 (1)
823 4459 981 4515 Aliud
1006 4458 1221 4531 foretiu
1247 4456 1503 4531 historico
1528 4457 1616 4531 qui
1645 4459 1841 4514 multas
1868 4474 1956 4514 res
1981 4470 2161 4531 gestas
2182 4464 2235 4519 in

632 4527 1012 4601 compendium
1054 4527 1268 4601 redigit,
1294 4527 1377 4582 vel
1421 4529 1477 4601 in
1506 4528 1825 4601 primaApost
1852 4527 2008 4585 terra}
2033 4544 2236 4589 motum

632 4599 1069 4725 Borlist‘ernationc
1102 4600 1392 4654 infortunia
1427 4599 1515 4653 illa
1543 4601 1595 4652 in
1624 4599 1860 4655 Africam
1884 4604 2239 4661 renuntianda

679 4688 706 4725 a
730 4682 935 4725 inisset.

679 4673 935 4727 ahuisset.

709 4741 789 4814 (2)
815 4741 1077 4814 Eusebius
1104 4741 1197 4814 lib.
1228 4757 1302 4807 vr,
1333 4756 1381 4795 c.
1407 4740 1509 4814 28ἱ
1534 4739 1669 4814 Huic
1705 4742 1880 4814 (magis
1908 4744 2235 4814 credendum

629 4811 792 4882 quam
820 4811 1213 4884 Selvagio,lib.
1246 4828 1283 4875 ι,
1316 4829 1361 4868 c.
1400 4814 1455 4871 9,
1489 4811 1594 4882 §9,
1629 4813 2238 4884 opinantizlmpruden-

628 4885 760 4939 tiam
805 4883 959 4937 unius
992 4882 1187 4938 militis
1207 4884 1498 4937 Christiani
1537 4898 1791 4938 coronam
1824 4882 2109 4943 militarem
2141 4906 2235 4943 ca-

630 4955 741 5024 pite
770 4964 982 5026 gestare
1021 4955 1297 5026 retinentis
1348 4955 1752 5026 luissecausam
1800 4956 1943 5010 illius
1980 4974 2230 5024 persecu-

627 5023 1065 5091 tionis.—Quod
1121 5024 1424 5078 Alexander
1469 5023 1787 5081 Christianis
1840 5023 2051 5093 faverit,
2101 5045 2231 5086 con-

625 5105 854 5151 testatur
891 5096 1067 5150 Elius
1096 5095 1432 5162 Lampridius
1463 5097 1692 5164 scriptor
1723 5097 1969 5152 ethnicus
1997 5099 2079 5155 his
2110 5118 2231 5157 ver-

620 5165 706 5222 bis
736 5182 750 5219 :
783 5167 1073 5220 Alexander
1115 5165 1431 5220 Christianos
1462 5184 1641 5235 passus
1663 5178 1753 5221 est.
1778 5211 1791 5223 .
1815 5209 1827 5221 .
1860 5166 2060 5224 Christo
2102 5182 2228 5228 tem-

622 5240 765 5307 plum
789 5241 955 5309 facere
984 5237 1162 5309 voluit,
1199 5253 1408 5307 eumque
1428 5239 1559 5292 inter
1586 5239 1705 5292 deos
1735 5241 2045 5307 νεοίμην..
2076 5242 2225 5299 Chri-

620 5310 804 5362 stianis
834 5309 1057 5375 permisit
1087 5308 1249 5360 Deum
1274 5325 1423 5362 suum
1451 5310 1648 5375 publica
1678 5312 1844 5365 colere
1868 5330 1887 5374 ;
1927 5331 1958 5365 a
1979 5312 2222 5370 Christia-

618 5381 721 5441 nis,
747 5380 821 5433 vel
847 5379 1047 5451 Judmis
1077 5379 1327 5451 didicerat
1358 5399 1371 5434 :
1408 5379 1557 5446 Quod
1580 5381 1668 5433 tibi
1696 5398 1796 5435 non
1831 5384 1903 5435 vis
1931 5384 2047 5451 ﬁeri
2067 5386 2217 5441 alteri

615 5466 684 5504 ne
706 5452 901 5518 feceris.
941 5449 1477 5523 lluenotrobstante
1514 5449 2005 5519 jurisconsulti,'nt
2039 5455 2221 5523 Ulpia-

615 5535 743 5585 nus,
772 5532 959 5575 contra
1010 5519 1345 5574 Christianos
1393 5523 1617 5587 grassati
1678 5523 1856 5589 fuere,
1914 5534 1970 5577 ut
2024 5519 2220 5582 nihilo-

615 5594 796 5664 minus
828 5591 983 5664 multi
999 5602 1272 5664 martyres
1292 5591 1391 5646 sub
1404 5591 1713 5648 Alexandro
1735 5595 2059 5664 imperatore
2076 5600 2223 5654 occi-

610 5662 659 5743 si
707 5661 922 5779 fuerint.
998 5660 1123 5717 Hinc
1153 5660 1439 5718 ‘subnexui
1494 5664 1561 5719 ad
1611 5660 2062 5736 praeoccupandas
2117 5670 2217 5728 ob-

611 5742 898 5779 ICCIOHBS.

610 5742 898 5799 jccuones.

2339 3261 2523 3305 contra
2554 3250 2884 3305 sacerdotes.
2948 3250 3336 3307 Vehementius
3369 3252 3537 3306 szeviit
3560 3253 3611 3305 in
3646 3251 3928 3307 Palaestina

2341 3352 2479 3398 teste
2526 3342 2759 3398 Eusebio
2801 3342 2903 3413 (4).
2964 3342 3021 3397 In
3076 3342 3227 3397 Italia
3278 3343 3336 3399 S.
3378 3343 3672 3398 Pontianum
3722 3359 3929 3412 papam

2340 3438 2575 3502 sustulit,
2627 3447 2685 3493 ut
2734 3438 2930 3493 fatetur
2973 3440 3088 3509 ipse
3135 3438 3334 3509 Pagius
3364 3438 3709 3494 Firmilianicte
3730 3448 3929 3509 patro-

2329 3545 2444 3586 .nus
2492 3529 2596 3603 (5),
2628 3534 2718 3600 qui
2751 3530 2914 3587 etiam
2944 3532 3176 3587 admittit
3212 3548 3332 3588 eam
3367 3534 3415 3588 in
3442 3532 3625 3601 lllirico
3664 3542 3723 3588 et
3758 3532 3939 3587 Thra-

2344 3625 2425 3681 cia
2473 3635 2769 3697 grassatam
2818 3625 3001 3681 fuisse.
3052 3628 3131 3681 An
3178 3626 3422 3682 dicemus
3475 3627 3533 3683 S.
3568 3626 3939 3683 Firmilianum

2345 3716 2462 3773 hmc
2490 3717 2622 3773 falsa
2643 3734 2710 3773 ex
2737 3718 2830 3774 irae
2857 3719 3059 3789 impetu
3086 3719 3366 3786 ell'utiisse,
3399 3730 3460 3775 ut
3487 3736 3643 3791 supra
3666 3737 3818 3775 num.
3842 3720 3942 3775 3‘1?

2416 3831 2503 3885 Ill.
2548 3831 2719 3887 Durus
2762 3841 2815 3887 et
2840 3833 3065 3889 acerbus
3106 3833 3198 3889 illo
3238 3844 3483 3903 tempore
3509 3847 3830 3907 persecutor
3856 3835 3948 3891 iuit

2344 3923 2662 3979 Maximinus
2677 3925 2746 3978 im
2756 3935 2986 3995 perator,
3006 3927 3105 3982 sub
3116 3942 3222 3998 quo
3238 3937 3491 3998 parentes
3505 3931 3564 3985 S.
3586 3929 3773 3985 Basilii
3788 3929 3947 4000 Magni

2344 4014 2397 4069 in
2428 4015 2593 4085 sylvis
2617 4014 2852 4072 Ponticis
2873 4017 2964 4073 diu
2994 4018 3292 4085 lalitarunt,
3324 4030 3380 4074 ut
3401 4035 3472 4076 ex
3498 4021 3774 4093 Gregorio
3795 4022 3950 4078 Nam.

2341 4114 2582 4170 constat;
2624 4116 2679 4161 et
2728 4108 2909 4163 nescio
2946 4124 3015 4163 an
3059 4108 3394 4180 Cappadocia
3429 4128 3528 4182 pro
3556 4124 3690 4170 tunc
3721 4115 3955 4170 habuerit

2341 4197 2631 4267 specialem
2650 4201 2954 4270 praesidem,
2973 4203 3189 4259 nomine
3209 4204 3510 4261 Seriauum.
3538 4207 3777 4264 Interim
3791 4208 3958 4271 id.ch

2342 4293 2470 4347 nolo
2499 4293 2793 4363 immorari,
2839 4312 2903 4353 ex
2936 4297 3290 4369 scriptoribus
3324 4301 3567 4371 profanis
3593 4304 3959 4376 colligendum

2342 4384 2500 4443 foret.

2262 4505 2315 4564 D
2415 4500 2503 4555 ιν.
2549 4500 2682 4558 Cum
2727 4505 3307 4575 pseudo-Firmilianus
3351 4521 3627 4582 supponat
3664 4515 3831 4572 illam
3860 4532 3964 4588 pcr-

2346 4592 2678 4651 secutionem
2708 4595 2766 4651 S.
2801 4596 3068 4669 Cypriano
3109 4600 3274 4658 fuisse
3300 4602 3561 4675 ignotam,
3593 4618 3663 4662 et
3691 4609 3835 4667 ideo
3859 4610 3969 4664 huic

2346 4687 2588 4743 eamdem
2619 4692 2889 4747 renuntiet
2920 4703 3040 4763 post
3064 4695 3134 4749 22
3174 4711 3366 4765 annos,
3394 4700 3728 4759 mirandum
3793 4705 3852 4761 1⁸
3882 4704 3971 4759 Cur

2345 4780 2544 4837 nullius
2586 4787 2838 4858 martyris
2872 4804 3068 4845 nomen
3099 4791 3387 4861 addiderit,
3424 4796 3507 4850 vel
3542 4801 3851 4867 passionis
3876 4814 3977 4857 mo-

2344 4874 2506 4930 dum?
2545 4877 2603 4931 2°
2643 4878 2751 4935 Cur
2802 4882 3023 4940 alterius
3050 4888 3478 4957 persecutionem
3508 4899 3871 4954 recentior-is
3890 4898 3977 4953 sub
4050 4904 4051 4957 i

2410 5032 2490 5107 (l)
2511 5034 2648 5091 Vero
2670 5038 2904 5116 similius
2921 5053 3003 5097 eSt
3029 5053 3083 5099 et
3103 5044 3423 5103 Christianis
3455 5048 3801 5114 libertatem
3830 5060 3981 5116 fuisse

2333 5118 2649 5162 c0ncessam
2681 5125 2836 5163 suum
2878 5111 3043 5168 Deum
3074 5119 3355 5174 exorandi.

2406 5178 2486 5253 (2)
2508 5180 2729 5253 Euseb”
2830 5198 2899 5249 vt,
2935 5183 3005 5239 Η.
3030 5184 3120 5253 E.,
3146 5203 3195 5243 c.
3229 5189 3285 5245 6.

2401 5249 3026 5332 (Z’r)_Pseud_u_!.actanlii
3065 5249 3201 5332 liber
3256 5263 3355 5318 hac
3416 5265 3467 5321 in
3514 5282 3577 5324 re
3634 5288 3772 5330 non
3823 5291 3985 5332 mere-

2328 5320 2630 5444 ;t’tgtrtiidem.
2691 5322 2901 5381 Videsis
2934 5343 3081 5384 meas
3122 5320 3533 5395 dissertationes
3552 5320 3986 5403 ’σιξ-ἀξυῖὲξῶ

2400 5460 2719 5560 (ἐξὲξ.Ἱὶῗέ
2750 5466 2908 5560 ¹,;Υὲξ,
2934 5484 3056 5560 car:
3075 5472 3177 5560 2⁸·
3198 5474 3485 5560 Flemina
3502 5482 3539 5536 ι·
3580 5499 3709 5560 νιο,
3733 5489 3770 5560 s
3806 5492 3867 5551 3.
3901 5506 3989 5559 ρειρ

2326 5535 2721 5617 tatOrigeuem
2764 5549 2909 5617 metu
2963 5535 3354 5617 persecutionis
3410 5535 3993 5617 illius
4050 5550 4051 5555 η

2324 5601 2556 5705 ἓξὲξ.εὲξῖ
2574 5608 2638 5705 ἱξὶ
2646 5601 3189 5705 ηθέηέἕξὲξὲῖιξξξηεξά
3222 5601 3571 5681 εοῗίέίιῖίῖεὶ
3581 5601 3992 5705 animiin:

2324 5672 2544 5731 biennio
2574 5672 2967 5737 commuratum
2998 5684 3183 5743 fuisse.
3240 5672 3247 5674 ⁷
3329 5672 3352 5675 _
3376 5672 3777 5699 "um-“uua.

2324 5810 2332 5817 _
2396 5746 2477 5821 (5)
2506 5748 2701 5820 Pagius
2726 5751 2795 5808 ad
2816 5766 3014 5812 annum
3041 5758 3171 5829 255,
3202 5775 3255 5817 n.
3289 5763 3342 5820 ‘5.

4049 5258 4051 5401 l
