4208 6276
313 243 459 302 1595

1106 244 1114 267 ⁸
1170 247 1260 305 DE
1301 249 1681 309 FIRMILIANI
1717 254 1808 311 Af)
1846 255 1902 313 S.
1947 256 2349 319 CYPRIANUM
2388 263 2742 323 EPISTOLA.
2802 302 2813 313 -

3485 278 3626 336 1594

312 354 480 412 Decio
513 354 568 413 in
604 352 940 428 Cappadocia
972 355 1051 429 (t)
1081 358 1149 415 ab
1191 375 1333 418 anno
1357 362 1464 421 250
1503 375 1759 438 grassata:
1795 384 1902 426 non
1928 370 1981 432 Α
2006 360 2177 427 malus
2227 376 2446 445 spiritus
2483 377 2582 433 fuit
2623 379 2937 448 revinctus;
2991 398 3055 439 ac
3106 386 3483 459 presbyterum
3534 392 3620 447 illi

312 450 641 507 meminerit.

384 544 549 601 Addit
612 544 768 599 aliam
832 544 1112 627 historiam
1185 550 1342 608 valde
1398 554 1723 625 paradoxam
1777 560 1911 633 (2),

312 653 508 710 nempe
546 638 849 694 dzemonem
898 640 951 694 in
1004 639 1372 713 Cappadocia,
1416 662 1511 702 seu
1554 650 1833 707 mulierem
1883 670 1915 710 a

311 730 557 787 dannone
581 731 882 801 obsessam,
908 746 1277 805 consecrasse,
1296 737 1597 811 baptizasse
1617 744 1715 800 sub
1746 745 1915 802 forma

312 824 554 897 legitima
575 842 590 880 :

386 939 405 975 ι
440 920 509 979 Ut
538 919 671 977 nihil
692 921 1001 994 discrepare
1020 926 1089 982 ab
1116 927 1478 985 ecclesiastica
1499 931 1685 1001 regula
1706 932 1916 989 videre-

310 1022 413 1071 tur.
459 1012 598 1083 Quid
624 1015 785 1084 igitur
815 1015 883 1072 de
916 1017 1073 1087 hujus
1093 1018 1362 1089 baptismo
1402 1021 1663 1089 dicemus,
1688 1040 1794 1095 quo
1823 1041 1917 1083 ne-

308 1107 599 1177 quissimus
648 1106 858 1163 daemon
906 1124 1005 1181 per
1046 1112 1323 1167 mulierem
1374 1114 1702 1185 baptizavit?
1748 1117 1916 1173 Num-

308 1197 440 1270 quid
468 1209 521 1254 et
553 1197 656 1254 hoc
700 1199 987 1270 baptisma,
1017 1210 1073 1258 et
1109 1204 1198 1274 qui
1232 1206 1307 1260 illi
1340 1206 1661 1281 (Stephano)
1690 1224 1917 1268 consen-

308 1290 468 1358 tiunt,
499 1294 901 1363 comprobant?.
925 1334 937 1347 .
958 1335 972 1348 .
1003 1294 1186 1352 Potest
1210 1298 1355 1353 credi
1388 1300 1634 1356 remissio
1665 1313 1916 1371 peccato-

307 1398 427 1440 rum
492 1384 740 1441 data....
783 1386 872 1441 ubi
917 1388 1130 1455 omnia,
1197 1392 1441 1461 quamvis
1495 1392 1562 1448 ad
1626 1395 1915 1466 imaginem

306 1477 569 1546 veritatis,
612 1486 792 1534 tamen
828 1495 924 1551 per
963 1480 1261 1538 daemonem
1301 1493 1451 1555 gesta
1476 1497 1623 1554 sunt,
1664 1489 1765 1544 nisi
1790 1491 1832 1545 si
1862 1486 1916 1546 ei

306 1569 609 1626 daemonem
638 1571 690 1627 in
722 1586 939 1629 nomine
965 1572 1141 1631 Patris
1167 1584 1221 1630 et
1246 1575 1369 1632 Filii
1398 1589 1451 1634 et
1484 1579 1714 1650 Spiritus
1742 1585 1914 1639 sancti

304 1663 534 1735 gratiam
572 1663 828 1735 Baptismi
869 1666 1084 1723 dedisse
1124 1670 1479 1739 contendunt,
1511 1673 1602 1743 qui
1632 1674 1915 1732 hasretico-

305 1773 424 1812 rum
462 1756 734 1828 Baptisma
756 1757 1074 1816 defendunt.
1106 1780 1124 1814 ι
1168 1761 1339 1819 Porro
1367 1765 1732 1823 narrationem
1760 1768 1908 1825 ince-

305 1846 384 1924 pit
421 1851 505 1907 his
537 1852 714 1908 verbis
739 1870 753 1908 :

383 1960 401 1994 ι
436 1944 663 1999 Emersit
718 1943 837 2000 istic
866 1946 1045 2001 subito
1072 1948 1315 2020 (quando
1362 1951 1553 2009 ﬁdeles
1597 1963 1744 2010 metu
1774 1971 1903 2026 per-

306 2035 599 2091 secutionis
621 2035 812 2091 localis
842 2053 873 2093 e
896 2037 1233 2108 Cappadocia
1263 2042 1317 2096 in
1368 2042 1504 2098 aliis
1543 2044 1796 2115 regiones
1824 2047 1908 2103 fu-

311 2127 556 2199 giebant)
608 2129 855 2200 quasdam
885 2130 1082 2186 mulier
1103 2131 1204 2203 (5),
1241 2147 1359 2202 qua:
1389 2135 1763 2205 principalium
1793 2137 1905 2194 dac-

309 2225 617 2281 moniorum
648 2225 853 2297 impetu
899 2226 1188 2295 ferebatur,
1219 2237 1279 2283 ut
1328 2244 1424 2299 per
1450 2230 1666 2301 longum
1697 2240 1907 2303 tempus

309 2320 645 2388 sollicitaret,
676 2330 732 2377 et
782 2323 1061 2391 deciperet
1102 2322 1494 2381 fraternitatem
1551 2335 1606 2381 et
1646 2327 1822 2382 facere
1848 2343 1909 2384 se

310 2421 512 2470 terram
540 2416 744 2471 moveri
760 2416 1124 2486 polliceretur.
1150 2416 1357 2487 Quibus
1371 2420 1673 2477 mendaciis
1694 2421 1907 2479 daemon

312 2507 602 2579 subegerat
628 2519 841 2565 mentes
886 2509 1217 2581 singulorum
1269 2522 1328 2566 ut
1374 2512 1477 2568 sibi
1526 2513 1911 2583 obedirent,et

312 2615 655 2672 quocumque
684 2605 1006 2674 praeciperet
1036 2614 1092 2659 et
1144 2603 1387 2670 duceret,
1422 2616 1796 2677 sequerentur.
1830 2608 1912 2663 Di-

313 2707 463 2751 ceret
504 2698 669 2752 etiam
697 2698 913 2765 mulier,
937 2714 997 2754 se
1027 2699 1079 2753 in
1106 2698 1347 2755 Judaeum
1378 2712 1432 2756 et
1459 2702 1816 2772 Jerosylmam
1840 2701 1910 2759 fe-

313 2788 520 2845 stinare
550 2790 776 2860 fingens.
800 2800 1071 2861 tamquam
1102 2790 1225 2846 inde
1247 2792 1503 2847 venisset.
1541 2792 1637 2848 llic
1664 2803 1713 2848 et
1745 2810 1908 2850 unum

313 2879 383 2935 de
432 2883 768 2954 presbyterio
797 2881 1101 2951 Rusticum,
1144 2883 1272 2937 item
1319 2893 1373 2938 et
1426 2884 1588 2939 alium
1621 2885 1910 2943 diaconum

312 2974 522 3045 fefellit,
541 2989 599 3035 ut
619 2977 795 3034 eidem
826 2978 1039 3034 mulieri
1066 2980 1573 3049 commiscerentur,
1588 2982 1729 3051 quod
1752 2983 1908 3053 paulo

310 3079 436 3143 post
464 3070 735 3127 detectum
762 3080 846 3127 est
872 3089 887 3139 ;
916 3088 1037 3127 nam
1086 3072 1264 3127 subito
1291 3075 1539 3144 apparuit
1562 3090 1700 3130 unus
1724 3075 1791 3130 de
1807 3091 1905 3131 ex-

309 3164 551 3219 orcistis.
598 3164 743 3219 Inter
788 3174 985 3220 caetera
1040 3165 1234 3234 quibus
1286 3167 1545 3237 plurimos
1594 3168 1905 3241 deceperat,
1935 3169 1978 3231 C
2085 3169 2376 3242 Postquam
2429 3186 2494 3227 ex
2547 3169 2651 3227 illis
2700 3172 2853 3228 Pauli
2911 3175 3093 3229 verbis
3154 3194 3168 3231 :

311 3258 474 3315 etiam
519 3258 621 3314 hoc
666 3258 978 3330 frequenter
1002 3275 1130 3315 ausa
1164 3270 1268 3327 est,
1312 3270 1369 3315 ut
1410 3261 1808 3319 Eucharistiam
1831 3263 1909 3319 fa-

312 3367 438 3409 cere
466 3353 765 3420 simularet,
813 3362 867 3409 et
905 3353 1227 3409 sacrificium
1282 3354 1509 3412 Domino
1560 3358 1676 3413 sine
1730 3372 1909 3414 sacra-

313 3456 497 3503 mento
523 3448 697 3503 solitae
727 3446 1128 3517 prmdicationts
1171 3448 1411 3515 offerret,
1454 3450 1751 3520 baptizaret
1774 3467 1908 3521 quo-

311 3554 419 3609 que
470 3540 668 3594 multos
714 3539 930 3604 usitata,
974 3548 1029 3594 et
1063 3539 1298 3610 legitima
1346 3540 1507 3594 verba
1556 3556 1822 3613 usurpans
1849 3552 1908 3599 ut

310 3634 445 3689 nihil
473 3633 783 3706 discrepare
805 3634 1097 3699 videretur,
1119 3644 1248 3702 etc.,
1279 3645 1336 3691 ut
1365 3650 1543 3705 supra.
1560 3657 1579 3689 ›

386 3726 427 3780 l.
460 3725 586 3781 Haec
614 3746 632 3779 ι
673 3727 812 3793 istic,
845 3745 864 3780 ι
901 3726 953 3781 id
982 3736 1065 3782 est
1108 3728 1160 3781 in
1190 3727 1524 3798 Cappadocia
1562 3747 1581 3780 ‹
1618 3740 1742 3785 ante
1782 3732 1853 3786 22
1882 3754 1901 3785 ι

318 3817 436 3873 fere
473 3833 645 3873 annos
694 3819 987 3890 contigisse
1032 3819 1307 3875 renuntiat
1334 3820 1908 3890 pseudo-Firmilianus

310 3911 616 3984 Cypriano;
648 3926 745 3968 cur
788 3926 893 3967 non
924 3914 1001 3967 ait
1045 3931 1057 3967 :
1094 3932 1112 3964 ι
1148 3912 1257 3977 hic,
1290 3912 1430 3982 apud
1462 3929 1580 3977 nos,
1614 3930 1735 3971 meo
1767 3926 1906 3972 tem-

310 4008 858 4081 poreicontigerunt?
880 4007 1154 4077 Siquidem
1168 4006 1579 4064 S.Firmilianus
1604 4025 1749 4065 anno
1772 4011 1903 4077 235,

310 4100 473 4157 modo
513 4102 686 4156 fuerat
740 4101 1029 4171 epiSCOpus
1084 4100 1136 4153 in
1166 4100 1526 4170 Cappadocia.
1563 4101 1718 4157 Ratio
1748 4104 1905 4160 facile

309 4204 493 4266 patet:
521 4203 707 4250 noster
738 4192 1003 4249 fabulator
1025 4209 1131 4248 non
1166 4193 1425 4248 habitavit
1448 4195 1499 4249 in
1529 4194 1902 4267 Cappadocia;

310 4296 368 4344 et
405 4288 736 4358 impossibile
779 4296 862 4344 est
891 4287 1205 4344 mendacem
1256 4287 1360 4344 sibi
1405 4302 1623 4360 semper
1648 4305 1769 4349 esse
1794 4308 1908 4350 me-

310 4397 542 4439 morem.
568 4382 633 4437 ν.
666 4399 718 4438 ιι.
751 4384 841 4449 54,
872 4383 933 4438 ll.

384 4475 449 4531 ll.
480 4477 698 4531 Ancum
727 4476 920 4531 mulier
948 4475 1037 4530 illa
1069 4484 1188 4547 post
1218 4476 1474 4548 «longum
1506 4487 1718 4550 tempus
1746 4501 1764 4535 ‹
1794 4484 1906 4539 sol-

313 4571 598 4629 licitaverit
652 4571 1044 4628 fraternitatem
1076 4617 1090 4639 ,
1161 4590 1179 4624 ι
1224 4573 1423 4629 nmltos
1452 4593 1469 4626 ι
1530 4573 1901 4645 baptizaverit,

320 4666 638 4736 «plurimos»
667 4666 830 4720 immo
865 4665 1166 4736 «singulos:
1202 4664 1516 4735 deceperit,
1575 4667 1906 4738 singulorum

314 4771 523 4818 mentes
549 4761 847 4832 subegerit,
878 4769 1006 4823 etc.,
1036 4759 1213 4815 nullus
1240 4769 1399 4815 tanta:
1426 4758 1564 4815 cladi
1602 4760 1656 4815 in
1695 4760 1906 4833 Cappa-

313 4856 466 4914 docia
499 4871 558 4913 se
601 4854 893 4927 Opposuit?
921 4854 1175 4911 Omnino.
1230 4853 1508 4926 Siquidem
1545 4855 1787 4912 «statim»
1818 4856 1909 4913 ille

383 5064 462 5137 (l)
496 5063 742 5145 Flettrius
766 5059 931 5145 refert
944 5060 1005 5145 in
1036 5059 1153 5145 hac.
1176 5059 1239 5142 S.
1260 5057 1575 5145 Mercurium
1611 5060 1788 5145 virum.
1812 5063 1907 5117 mi—

312 5130 520 5192 litarem
549 5136 811 5190 Cazsareze
846 5133 899 5189 in
940 5130 1273 5204 Cappadocia
1304 5131 1617 5203 martyrium
1655 5134 1901 5190 subiisse.

312 5210 350 5357 Ἴ.
626 5207 1235 5357 :iingnlarefactumnsure
1254 5274 1506 5357 Historiae
1532 5274 1907 5357 ecclesiastica:

312 5344 661 5407 inseruerunt
705 5344 1053 5403 recentiores.
1093 5345 1334 5401 Fleurius
1360 5347 1399 5400 l.
1438 5362 1513 5408 vr,
1547 5344 1575 5416 §
1607 5347 1660 5400 4.
1716 5347 1909 5413 Pagius

313 5424 380 5479 ad
405 5436 602 5476 annum
627 5420 754 5476 255.
786 5417 1044 5472 Baronins
1070 5416 1133 5470 ad
1165 5434 1362 5472 annum
1393 5416 1519 5473 237.
1574 5416 1697 5470 Mihi
1730 5416 1909 5472 fabula

314 5495 548 5558 \idetur,
575 5493 627 5546 in
656 5498 927 5562 posterum
961 5504 1027 5545 ex
1058 5487 1297 5544 historiis
1339 5486 1723 5544 ecclesiasticis
1742 5487 1911 5544 elimi-

315 5567 858 5714 na:‘1';_I)a’l‘ill_et_nonti_us
871 5632 969 5688 fuit
988 5633 1211 5689 miratus
1226 5634 1365 5688 hanc
1383 5630 1660 5714 historiam
1677 5646 1703 5685 a
1723 5630 1780 5686 S.
1797 5631 1909 5714 Au-

315 5708 532 5779 gustino
578 5706 743 5761 fuisse
784 5706 1117 5779 ignoratam;
1154 5706 1626 5779 egononAmiror,
1677 5717 1801 5760 cum
1841 5706 1905 5763 sit

307 5774 488 5837 fabula
508 5789 629 5849 post
652 5774 882 5835 mortem
906 5777 963 5835 S.
992 5774 1269 5849 Augustini
1291 5774 1537 5833 conficta.

2017 468 2227 525 mulieri
2249 468 2413 527 fuisse
2438 473 2786 542 permixtum,
2815 490 2921 532 non
2950 478 3055 534 nisi
3083 493 3147 534 ex
3178 490 3300 550 post
3329 482 3605 540 detectum

2018 559 2120 617 fuit
2152 577 2167 627 ;
2200 563 2471 632 quomodo
2515 564 2649 621 illud
2684 567 2932 639 «longum
2962 576 3203 641 tempus»
3237 573 3616 643 explicandum

2017 654 2110 723 sit,
2133 656 2500 715 viderintalii.

2096 765 2115 798 ι
2145 746 2278 804 Nam
2325 751 2508 807 subito
2544 756 2794 824 apparuit
2845 756 2924 813 illi
2952 772 3091 813 unus
3118 757 3185 815 de
3229 762 3512 817 exorcislis
3538 764 3618 819 vir

2018 840 2442 914 probatus;qui
2499 846 2875 905 exhortatione
2928 866 3142 923 quoque
3199 854 3421 911 fratrum
3459 857 3620 927 pluri-

2019 945 2252 1001 morum,
2281 935 2370 1005 qui
2413 944 2467 991 et
2515 938 2614 1007 ipsi
2644 938 2833 1009 fortes,
2861 950 2914 997 et
2942 943 3235 1001 laudabiles
3272 947 3324 1001 in
3359 947 3461 1004 fide
3500 949 3623 1006 ade-

2020 1034 2164 1093 rant,
2195 1028 2460 1085 excitatus
2513 1033 2687 1089 erexit
2725 1050 2786 1091 se
2830 1048 3018 1093 contra
3059 1040 3207 1095 illum
3245 1042 3490 1112 spiritum
3521 1060 3620 1101 nc-

2019 1135 2177 1190 quam
2217 1126 2633 1184 revinceudum.
2664 1149 2683 1183 ι

2091 1211 2131 1266 Ι.
2157 1213 2326 1285 Hujus
2353 1220 2636 1275 exorcistre
2668 1239 2863 1280 nomen
2919 1227 3031 1298 (qui
3065 1229 3483 1289 dormitantibus
3512 1237 3620 1305 cpi-

2018 1305 2216 1374 scopis.
2242 1309 2580 1381 presbyteris
2615 1323 2669 1369 et
2692 1315 3009 1374 diaconibus
3047 1332 3197 1390 «post
3236 1324 3454 1395 longum
3484 1316 3621 1382 tem-

2018 1410 2120 1466 pus
2148 1398 2613 1472 subitorapparuil
2640 1407 2852 1463 mulieri
2874 1425 2993 1477 quae
3025 1412 3143 1466 istic
3170 1413 3349 1470 subito
3375 1432 3621 1474 emerse-

2017 1492 2122 1565 rat)
2149 1495 2367 1567 dignum
2396 1497 2585 1557 fuisset
2606 1510 2664 1557 ut
2683 1502 3019 1575 S.Cypriano
3048 1507 3235 1564 fuisset
3260 1512 3619 1582 perscriptum

2018 1586 2137 1641 loco
2163 1588 2373 1645 Rustici
2400 1590 2566 1663 (quod
2598 1604 2683 1651 est
2710 1612 2906 1653 nomen
2935 1598 3185 1657 Latinum
3214 1620 3319 1658 non
3344 1604 3617 1677 Graecum)

2018 1679 2342 1751 presbyteri,
2375 1686 2466 1753 qui
2504 1686 2717 1742 mulieri
2749 1688 3099 1749 daemoniacaz
3128 1697 3422 1763 permixtus
3450 1698 3618 1755 fuisse

1936 1773 1984 1833 B
2012 1770 2258 1827 studiose
2297 1773 2551 1830 refertur.
2595 1777 2701 1833 Sed
2728 1794 2908 1837 nonne
2935 1783 3024 1837 illa
3075 1788 3348 1842 enarratio
3388 1789 3533 1845 cedit
3560 1792 3614 1846 in

2009 1864 2351 1922 manifestam
2383 1867 2440 1925 S.
2467 1868 2763 1927 Firmiliaui
2792 1875 3053 1945 episcopi,
3103 1879 3370 1949 totiusque
3426 1882 3620 1951 reliqui

2008 1959 2141 2016 cieri
2169 1960 2433 2019 Catholici
2457 1965 2731 2021 infamiam
2756 1969 2779 2020 ?
2800 1968 3183 2042 Presbyterum
3215 1981 3270 2028 et
3296 1973 3608 2043 diaconum,

2009 2068 2146 2124 quos
2200 2056 2411 2113 mulieri
2446 2060 2749 2129 permixtos
2775 2059 2943 2117 fuisse
2989 2064 3148 2133 paulo
3189 2074 3308 2135 post
3333 2066 3608 2123 detectum

2011 2158 2115 2213 est,
2142 2148 2405 2206 habemus
2432 2166 2448 2215 ;
2473 2153 2650 2209 nullus
2681 2156 2769 2223 qui
2797 2170 2857 2210 se
2895 2156 3109 2213 mulieri
3153 2160 3511 2229 opposuisset,
3546 2178 3612 2218 ex
3663 2157 3668 2161 ’

2012 2241 2302 2311 episcopis,
2323 2244 2673 2317 presbyteris,
2693 2248 2774 2301 vel
2797 2247 3118 2306 diacouibus
3141 2260 3442 2323 comparet.
3462 2252 3611 2310 Unus

2012 2340 2403 2393 exorcistarum
2430 2353 2734 2411 anonymus
2756 2356 2813 2397 se
2839 2344 3032 2399 erexit.
3063 2346 3179 2400 Ast.

2086 2428 2150 2483 Il.
2181 2429 2389 2486 Sreculo
2414 2448 2470 2487 ιιι
2498 2434 2638 2503 apud
2681 2433 2900 2492 Graecos
2926 2437 3165 2493 nondum
3194 2438 3415 2496 fuerunt
3463 2456 3617 2497 exor—

2014 2523 2163 2578 cista:
2182 2524 2283 2596 (1),
2317 2526 2407 2595 qui
2440 2528 2727 2596 specialem
2775 2531 2913 2585 inter
2942 2530 3170 2587 clericos
3200 2534 3440 2590 minores
3461 2535 3611 2591 ordi-

2014 2632 2137 2672 nem
2187 2618 2489 2675 habuerint.
2520 2620 2637 2675 Vid.
2682 2621 2966 2693 Bingham,
3000 2626 3033 2679 l.
3068 2642 3146 2692 Ill,
3179 2642 3229 2681 c.
3262 2628 3317 2693 4,
3348 2627 3375 2699 §
3406 2631 3431 2684 1
3468 2638 3523 2684 et
3551 2629 3609 2683 2.

2014 2707 2248 2775 Quilibet
2290 2710 2615 2765 christianus
2644 2711 2736 2767 illo
2778 2722 3019 2784 tempore
3048 2716 3298 2786 ejiciebat
3336 2718 3616 2777 daemones

2013 2800 2220 2868 obvios,
2257 2816 2363 2857 non
2413 2803 2588 2858 solum
2619 2820 2685 2859 ex
2741 2806 3069 2871 hominibus,
3099 2809 3193 2864 sed
3234 2825 3299 2865 ex
3333 2810 3524 2875 brutis,
3558 2822 3615 2867 et

2010 2891 2145 2948 locis
2172 2893 2388 2949 diabolo
2414 2894 2627 2960 dicatis,
2653 2906 2709 2951 ut
2736 2905 2961 2953 testatur
2987 2899 3247 2971 Origenes
3275 2902 3311 2955 l.
3332 2919 3401 2957 vu
3427 2912 3617 2959 contra

2013 2982 2229 3040 Celsum
2272 2986 2416 3041 circa
2463 3002 2663 3042 annum
2684 2988 2794 3045 Q55
2814 2990 2977 3046 edito.
3013 2991 3295 3048 Consentit
3313 2993 3371 3053 S.
3393 2993 3615 3066 Cypria-

2014 3091 2133 3142 nus,
2162 3077 2393 3147 epistola
2419 3078 2486 3133 ad
2517 3079 2806 3145 Donatum,
2838 3097 2957 3151 quae
2990 3092 3075 3137 est
3099 3085 3352 3154 genuina,
3386 3101 3436 3140 c.
3465 3086 3521 3141 6.

3242 3176 3503 3246 Quotquot
3556 3178 3610 3232 in

2014 3258 2216 3317 Christo
2266 3264 2409 3316 tincti
2441 3266 2577 3329 estis,
2627 3262 2886 3319 Christum
2943 3266 3205 3333 iuduistt’s,
3260 3277 3451 3322 contra
3494 3268 3616 3323 Steo

2014 3354 2247 3423 phanum
2276 3364 2686 3425 argumentatus
2716 3356 2910 3423 fuerat,
2940 3357 3120 3412 subdit
3154 3372 3168 3411 :
3196 3376 3213 3409 ‹
3251 3359 3614 3415 Decurramus

2013 3462 2143 3502 vero
2166 3447 2401 3503 breviter
2418 3459 2469 3504 et
2491 3462 2706 3515 caetera,
2723 3464 2841 3519 qua:
2861 3465 2892 3504 a
2911 3450 3063 3505 vobis
3076 3452 3295 3521 copiose
3323 3461 3377 3507 et
3405 3453 3609 3522 plenis-

2012 3539 2147 3594 sime
2169 3539 2310 3595 dicta
2342 3550 2488 3607 sunt,
2518 3540 2806 3597 festinante
2831 3541 2918 3596 vel
2949 3543 3182 3596 maxime
3208 3543 3273 3597 ad
3302 3558 3397 3598 vos
3426 3544 3609 3616 Roga-

2014 3632 2162 3687 tiono
2191 3632 2513 3689 charissimo
2534 3634 2765 3689 diacono
2790 3645 3030 3688 nostro.»
3055 3633 3206 3689 Tunc
3230 3647 3487 3706 evagatur
3514 3652 3613 3707 per

2015 3723 2259 3778 Psalmos
2285 3734 2339 3778 et
2360 3723 2577 3779 Cantica
2605 3724 3049 3802 Canticorum,ut
3073 3724 3199 3779 inde
3229 3741 3364 3780 nova
3390 3742 3486 3797 pro
3508 3742 3609 3783 suo

2014 3814 2384 3884 anabaptismo
2415 3814 2631 3884 colligat
2649 3826 2985 3886 argumenta,
3016 3830 3112 3871 seu
3152 3826 3361 3885 repetat
3399 3833 3461 3873 ea
3488 3835 3610 3890 qua:

2012 3906 2080 3961 ab
2107 3907 2248 3960 Afris
2282 3906 2530 3977 «copiose
2554 3916 2609 3963 et
2654 3908 2995 3978 plenissime»
3024 3909 3136 3977 jam
3177 3908 3316 3963 dicta
3348 3913 3516 3967 fuisse
3546 3915 3616 3968 si-

2013 3999 2125 4054 mul
2150 3998 2364 4053 asserit.
2405 3998 2591 4054 Taedet
2634 4000 2808 4070 sequi,
2846 4014 2967 4054 cum
3018 3998 3164 4053 illam
3199 4002 3606 4059 excusationem

2011 4108 2078 4148 ex
2106 4092 2515 4163 importunitate
2546 4092 2851 4147 festinantis
2880 4092 3053 4148 nuntii
3081 4092 3418 4164 desumptam
3448 4110 3610 4167 supra

2002 4186 2134 4241 satis
2162 4185 2595 4256 expenderimus,
2618 4202 2672 4239 ιι.
2702 4185 2790 4242 54.

2083 4277 2212 4349 Cap.
2246 4280 2297 4333 7.
2330 4278 2387 4333 In
2416 4288 2622 4348 petram
2646 4279 2895 4350 impingit
2921 4280 3106 4336 iratus.
3131 4278 3395 4337 Catholici
3418 4282 3499 4352 (ut
3523 4298 3611 4354 pa-

2002 4379 2083 4427 tet
2123 4386 2190 4427 ex
2219 4373 2277 4428 S.
2297 4372 2620 4443 Augustino)
2646 4372 2962 4440 Donatistis,
2984 4373 3212 4445 aliisque
3239 4374 3609 4445 Anabaptistis

2010 4473 2322 4521 constanter
2369 4475 2740 4536 opposuerunt
2808 4466 3150 4521 traditionem
3196 4467 3452 4523 Ecclesia:
3502 4468 3613 4524 Ro-

2012 4574 2208 4615 manae.
2226 4557 2538 4627 Videamus,
2569 4558 2840 4631 quomodo
2862 4558 2965 4613 hoc
2990 4569 3365 4630 argumentum
3402 4561 3617 4616 convel-

2012 4652 2125 4707 lere
2181 4652 2366 4707 enisus
2426 4652 2586 4707 fuerit
2638 4650 3250 4722 pseudo-Firmilianus!
3317 4652 3387 4710 Se
3436 4654 3612 4725 ipsum

2013 4748 2194 4817 erigit,
2225 4755 2282 4802 et
2304 4747 2522 4801 nomine
2538 4746 2914 4816 episcoporum
2946 4745 3393 4815 rebaptizantium
3424 4755 3616 4803 contra

2013 4836 2324 4895 Catholicos
2350 4838 2702 4893 conviciando
2749 4838 2821 4892 ita
2864 4837 3238 4908 proloquitur:
3280 4858 3299 4891 ι
3332 4840 3516 4906 Qualis
3532 4854 3619 4895 er-

2013 4948 2124 5001 ror,
2158 4943 2211 4988 et
2240 4941 2435 5004 quanta
2472 4933 2688 4987 czecitas
2730 4932 2868 5002 ejus,
2898 4932 2988 5003 qui
3017 4932 3393 4988 remissionem
3424 4946 3609 5002 pecca-

2010 5036 2186 5083 turum
2214 5024 2499 5096 dicitapud
2528 5040 2829 5097 synagogas
2870 5024 3247 5080 haereticorum
3274 5024 3391 5080 dari
3424 5040 3611 5096 posse,

2010 5135 2114 5177 nec
2146 5109 2426 5190 permanet
2456 5121 2509 5175 in
2525 5119 2877 5175 fundamento
2900 5119 3057 5175 unius
3074 5119 3357 5186 Ecclesiae,
3382 5134 3501 5189 qua:
3524 5136 3617 5176 se-

2009 5215 2122 5269 mel
2172 5229 2203 5269 a
2232 5212 2447 5269 Christo
2498 5228 2657 5283 supra
2687 5221 2892 5282 petram
2941 5211 3169 5268 solidata
3226 5221 3329 5268 est.
3360 5211 3614 5270 Potestas

2011 5322 2136 5378 erga
2162 5316 2501 5377 peccatorum
2524 5303 2970 5360 remittendorum
2990 5303 3266 5373 Apostolis
3286 5302 3409 5359 data
3436 5313 3539 5370 est,
3561 5314 3619 5362 et

2014 5399 2292 5466 Ecclesiis,
2326 5415 2461 5471 quas
2485 5399 2561 5454 illi
2588 5413 2620 5454 a
2661 5397 2880 5454 Christo
2909 5397 3063 5453 missi
3110 5397 3531 5464 constituerunt,
3560 5406 3619 5455 et

2087 5557 2167 5629 (1)
2198 5556 2351 5635 Apud
2377 5555 2603 5635 Latinos
2626 5554 2895 5635 Romanos
2922 5561 3097 5635 tamen
3125 5553 3296 5635 prima
3322 5552 3619 5634 exorcista-

2013 5624 2365 5683 ruminentio
2393 5627 2632 5682 occurrit
2664 5626 2718 5680 in
2764 5624 2989 5693 epistola
3036 5625 3264 5680 Cornelii
3301 5640 3447 5694 papae
3476 5624 3623 5680 circa

2013 5715 2216 5828 anzgm
2244 5698 2623 5773 251,scripta;
2653 5708 2710 5757 et
2737 5697 2907 5756 relata
2937 5697 3075 5771 apud
3108 5695 3427 5766 Eusebium,
3455 5694 3494 5751 1.
3526 5709 3626 5765 vu,

2013 5786 2056 5828 ε.
2166 5813 2175 5824 .

2010 5786 2056 5829 C.
2090 5786 2175 5828 40.
