4116 6258
581 346 723 402 1595

1951 321 2488 413 inssEniATdir

3757 327 3878 409 i396

588 461 862 532 episcopis
880 458 1455 530 quiejusordinatione
1479 458 1674 512 vicaria
1694 459 2188 530 Successerunttl).
2219 467 2268 528 Α
2298 471 2577 530 tenentes,
2621 461 2764 533 quod
2805 476 2835 517 a
2874 462 3097 518 Christo
3123 471 3179 518 et
3213 445 3280 517 ab
3321 441 3603 533 Apostolis
3649 439 3878 522 traditum

585 551 902 608 Adversarii
932 550 1123 614 nostri,
1150 547 1282 618 quid
1311 548 1456 602 aliud
1483 557 1627 614 sunt,
1657 557 1816 618 quam
1847 549 2049 617 Chore,
2084 550 2189 605 Da-

583 644 744 708 than,
778 652 834 698 et
861 641 1063 695 Abiron
1094 640 1367 710 sacrilegi,
1388 637 1631 704 easdem,
1663 647 1798 710 quas
1829 647 1882 695 et
1899 641 1975 695 illi
2006 642 2194 711 poenas

587 736 807 794 daturi?
829 736 1006 805 Atque
1030 749 1129 804 ego
1161 735 1212 787 in
1245 734 1342 787 hac
1362 744 1511 802 parte
1533 733 1678 802 juste
1705 733 1953 805 indignor
1975 735 2042 790 ad
2062 735 2197 792 hanc

586 841 702 885 tam
732 837 978 898 apertam
995 835 1050 881 et
1065 825 1401 881 manifestam
1418 825 1682 895 Stephani
1705 826 2008 894 stultitiam,
2028 829 2193 898 quod,

591 921 688 993 qui
715 920 794 976 sic
821 919 890 975 de
913 920 1258 989 episcopatus
1284 921 1366 973 sui
1396 919 1515 974 loco
1543 919 1802 989 gloriatur
1826 926 1881 972 et
1904 923 1964 974 s'e
1991 925 2199 976 succes-

595 1017 806 1073 sionem
839 1013 985 1068 Petri
1034 1012 1311 1068 contendit
1344 1021 1549 1076 tenere,
1603 1025 1767 1080 super
1817 1027 1977 1080 quem
2012 1012 2202 1068 funda-

596 1116 782 1163 menta
828 1104 1090 1160 Ecclesia:
1128 1105 1391 1158 collocata
1437 1112 1580 1168 sunl,
1612 1104 1807 1157 multas
1863 1104 1992 1157 alias
2021 1109 2202 1174 petras

598 1199 843 1262 inducat,
879 1205 933 1251 et
960 1197 1311 1251 ecclesiarum
1338 1195 1630 1249 multarum
1658 1209 1794 1249 nova
1823 1195 2046 1250 aedilicia
2068 1203 2203 1250 cen-

598 1293 810 1358 sutuat,
835 1291 965 1346 dum
995 1305 1118 1346 esse
1166 1290 1277 1345 illic
1309 1290 1582 1359 Baptisma
1634 1287 1728 1344 sua
1756 1282 2080 1345 auctoritate
2109 1279 2205 1345 de-

601 1382 809 1439 fendat.
845 1402 864 1434 )

672 1474 715 1529 l.
747 1473 846 1529 Cui
876 1472 1136 1544 Apostolo
1159 1474 1502 1538 successerit,
1538 1473 1752 1528 reticuit
1778 1471 1856 1545 (2)
1885 1481 2075 1527 auctor
2092 1473 2209 1542 epi-

602 1567 868 1624 stularum
896 1566 1158 1638 Cypriani
1185 1579 1238 1622 et
1284 1566 1606 1628 Firmiliani,
1641 1566 1733 1634 qui
1781 1567 1832 1619 in‘
1867 1565 1954 1620 illa
1993 1575 2214 1635 Compa-

603 1660 818 1716 ratione
849 1675 952 1729 qua
981 1674 1110 1714 suos
1145 1659 1487 1714 adversarios
1513 1659 1751 1728 appellat
1785 1655 1984 1722 Chore,
2008 1655 2213 1712 Dathan

605 1764 660 1809 et
705 1753 906 1807 Abiron
931 1791 945 1816 ,
1001 1751 1106 1806 sibi
1139 1751 1276 1806 adeo
1307 1751 1656 1821 complacuit,
1687 1760 1743 1804 ut
1769 1765 1888 1804 eam
1929 1750 2214 1820 quinquies

2297 565 2411 620 est;
2458 570 2558 611 nec
2600 557 2978 622 meminimus,
3012 557 3115 612 hoc
3147 556 3284 627 apud
3330 571 3425 612 nos
3456 541 3753 627 aliquando
3787 575 3878 614 c02-

2299 650 2472 720 pisse,
2503 645 2624 704 cum
2665 661 2880 720 semper
2906 650 3028 705 istic
3070 648 3149 721 (l)
3186 649 3522 704 observatum
3569 645 3682 717 sit,
3723 650 3875 705 ut...»

2300 735 2592 810 lmpe‘ritus
2614 740 2879 810 impostor
2906 740 3332 811 pertinacissime
3355 737 3737 805 contenderat,
3766 743 3882 810 quod

2302 833 2393 887 illa
2418 827 2644 905 quaestio
2663 851 2706 886 ;‹
2733 833 2816 888 An
2844 834 3022 890 valeat
3045 825 3340 904 baptismus
3359 833 3883 900 licerelicorumpnon

2304 929 2542 996 potuerit
2558 926 2740 982 decisa
2763 927 2928 982 fuisse
2950 937 3197 998 tempore
3219 927 3600 996 Apostolorum
3625 945 3638 981 :
3666 942 3721 981 γ.
3745 925 3879 995 £1.35,

2305 1016 2376 1076 56
2398 1062 2410 1075 .
2442 1021 2532 1084 47,
2566 1031 2706 1075 nunc
2759 1021 2954 1076 asserit
2990 1021 3108 1075 ea'm
3137 1021 3203 1075 ab
3230 1007 3530 1089 ApOstolis,
3585 1019 3756 1074 immo
3794 1022 3884 1090 ipso

2306 1111 2524 1168 Christo
2569 1113 2732 1167 fuisse
2763 1107 3004 1167 deciSarit
3047 1111 3100 1166 in
3144 1112 3380 1167 favorem
3424 1111 3885 1183 rebaptizantium;

2311 1197 2507 1274 quanta
2536 1205 2926 1260 contradicﬁo!
3487 1206 3493 1212 ’

2385 1291 2605 1364 Repetit
2635 1295 2701 1351 de
2740 1309 2836 1351 sua
2879 1285 3090 1368 synodo
3130 1295 3430 1364 lconiensi,
3472 1295 3540 1351 de
3583 1301 3698 1365 qua
3735 1313 3783 1350 n.
3809 1296 3885 1356 l9.

2309 1389 2422 1460 jam‘
2452 1388 2692 1455 dixerat;
2735 1401 2878 1444 nunc
2905 1387 3152 1446 incautus
3181 1391 3378 1460 adjecit
3407 1403 3628 1444 causam
3656 1431 3673 1455 ,
3714 1403 3800 1442 cur
3824 1390 3885 1442 illa

2314 1485 2583 1560 celebrata
2611 1485 2772 1540 fuerit
2798 1482 2812 1541 ἑ
2846 1487 2864 1535 1
2899 1485 3085 1550 Plane,
3110 1485 3360 1554 quoniam
3388 1483 3609 1554 quidam
3643 1483 3717 1537 de
3740 1498 3886 1538 eorum

2315 1571 2644 1648 Baptismate
2697 1575 3050 1644 dubitabant,
3081 1577 3169 1647 qui
3210 1587 3264 1631 et
3308 1577 3352 1630 si
3402 1575 3572 1630 novos
3633 1575 3887 1645 prupbetas

2321 1669 2628 1740 recipiunt,
2675 1669 2866 1724 eadem
2922 1676 3100 1723 tamen
3151 1659 3366 1723 Patrem
3416 1676 3472 1722 et
3517 1665 3720 1722 Filium
3764 1683 3890 1722 nosse

2320 1759 2601 1817 nobiscum
2644 1757 2925 1827 videntur;
2974 1761 3186 1831 plurimi
3233 1760 3395 1815 simul
3441 1755 3818 1814 convenientes
3853 1763 3894 1814 in

601 1842 909 1898 adhibuerit
929 1841 1032 1913 (5).
1053 1841 1205 1896 Nunc
1237 1841 1449 1895 tandem
1482 1849 1537 1894 et
1565 1840 1616 1893 in‘
1641 1839 1897 1909 singulari
1932 1841 2208 1910 proloqui-

2338 1856 2495 1912 conio
2522 1849 2934 1925 diligentissime
2964 1845 3335 1916 tractavimus,
3364 1861 3422 1908 ct
3442 1849 3887 1916 conﬁrmavimus,

611 1944 702 1987 tur
747 1948 998 1987 asserens
1029 1947 1042 1986 :
1080 1951 1098 1983 1
1131 1932 1242 2000 Ego
1265 1933 1410 1999 jUste
1442 1931 1690 2000 indignor
1734 1931 1801 1985 ad
1831 1940 1936 1986 tam
1969 1942 2209 2002 apertam

603 2034 660 2080 et
685 2023 1024 2079 manifestam
1056 2023 1216 2092 Papa:
1246 2023 1552 2077 stultitiam.
1581 2042 1600 2075 1

681 2117 743 2170 ll.
766 2115 892 2170 Vult
927 2117 1014 2171 uni
1053 2125 1220 2186 petra:
1258 2115 1631 2170 inlimrendum
1683 2130 1836 2180 esse,
1883 2117 2028 2171 nulla
2075 2132 2211 2171 nova

608 2210 832 2266 :edilicia
861 2224 984 2265 esse
1036 2209 1417 2264 consunenda.
1451 2209 1589 2277 Quid
1643 2225 1773 2280 ergo
1813 2210 2212 2280 disponendum

606 2304 748 2356 circa
783 2321 801 2353 1
829 2303 1104 2371 antiquam
1139 2319 1157 2352 1
1187 2300 1448 2356 Ecclesia:
1475 2301 1732 2356 Romana:
1763 2301 2104 2374 disciplinam
2147 2302 2216 2357 de

607 2408 720 2447 non
751 2392 1152 2462 rebaptizandis
1176 2391 1484 2446 haereticis?
1507 2391 1675 2459 Hanc,
1691 2393 1786 2454 ait,
1811 2408 1932 2448 esse
1953 2395 2218 2464 abrogan-

612 2489 761 2552 dam,
787 2495 862 2539 ut.
891 2501 948 2540 n.
978 2500 1094 2554 seq.
1137 2485 1440 2542 audiemus.

684 2580 975 2649 Postquam
1015 2578 1265 2633 dixerat:
1300 2596 1318 2628 ι
1355 2578 1558 2633 Judeos
1599 2579 1901 2648 ignorantia
1933 2589 1988 2634 et
2013 2581 2218 2650 gravis-

615 2681 758 2735 simo
790 2678 1028 2734 facinore
1068 2679 1393 2732 constrictos
1434 2692 1589 2743 esse,
1619 2677 1770 2732 addit
1801 2696 1814 2732 :
1850 2677 2219 2746 Stephanum,-

614 2776 704 2843 qui
735 2772 1133 2828 successionem
1165 2772 1216 2824 in
1257 2769 1568 2825 cathedram
1599 2769 1742 2825 Petri
1769 2785 1828 2825 se
1853 2770 2052 2826 habere
2081 2786 2219 2840 pra:-

613 2865 795 2933 dicat,
834 2884 853 2918 1
901 2879 1022 2919 esse
1071 2862 1308 2933 pejoreni
1361 2861 1467 2916 illis
1513 2862 1797 2916 obstinatis
1847 2861 2048 2916 Judaais
2098 2859 2219 2932 (4),

616 2971 735 3025 cap.
768 2957 820 3011 8.
855 2954 930 3010 Ita
970 2955 1203 3024 incipit:
1244 2971 1264 3004 1
1304 2953 1457 3021 Quod
1489 2961 1664 3008 autem
1710 2953 1946 3022 pertinet
1988 2953 2052 3006 ad
2093 2967 2221 3008 con-

617 3051 959 3106 suetudinem
1013 3047 1475 3103 refutandam.....
1525 3048 1647 3115 quis
1691 3055 1800 3100 tam
1841 3061 2009 3100 vanus
2051 3047 2120 3100 sit
2166 3049 2224 3101 u'l

618 3143 830 3196 veritati
854 3139 1298 3194 consuetudinem
1331 3140 1684 3208 prmlerat?...
1714 3137 1826 3193 Nisi
1853 3139 1898 3192 si
1927 3149 1980 3193 et
2007 3139 2225 3194 Judaeos

2318 1947 2707 2018 repudiandum
2751 1961 2872 2001 esse
2911 1961 3073 2000 omne
3106 1946 3331 1999 omnino
3362 1934 3637 2014 BaptiSma
3671 1933 3804 2012 quod
3838 1944 3893 1996 sit

2316 2039 2468 2094 extra
2500 2035 2798 2093 Ecclesiam‘
2837 2026 3204 2091 consulatum.
3240 2053 3258 2085 ι
3296 2033 3438 2090 Ecce
3466 2051 3592 2105 ergo
3631 2045 3768 2090 nunc
3794 2053 3886 2090 nie-

2319 2133 2471 2187 minit
2513 2131 2537 2186 1
2625 2129 2780 2198 Quod
2824 2128 2987 2185 Iconii
3033 2138 3152 2200 post
3199 2128 3659 2199 diligentissimam
3692 2125 3890 2197 inquisi-

2328 2208 2812 2296 tionem'primum
2864 2225 2950 2280 lex
2999 2225 3213 2280 condita
3266 2223 3428 2279 fuerit
3479 2225 3543 2279 de
3588 2223 3886 2294 repudianda

2320 2319 2469 2373 omni
2517 2317 2882 2388 Baptismate,
2913 2327 3074 2388 quam
3117 2333 3170 2371 n.
3208 2317 3369 2384 prmo.
3414 2332 3442 2370 a
3472 2309 3686 2370 Christo
3707 2313 3890 2368 deriva-

2321 2413 2471 2466 verat
2514 2415 2731 2480 Semper
2760 2405 3127 2464 observatam.
3177 2405 3240 2461 2°
3297 2405 3448 2462 Nune
3493 2407 3729 2461 admittit
3768 2407 3897 2460 Cata-

2324 2503 2558 2573 pliryges
2603 2501 2883 2556 nobiseum
2935 2499 3096 2556 nosse
3143 2497 3357 2556 Patrem
3402 2492 3456 2553 et
3505 2495 3738 2562 Filium,
3782 2483 3901 2567 quod

2324 2594 2484 2669 supia'
2514 2599 2567 2652 ti.
2596 2598 2667 2653 46
2694 2606 3003 2669 negaverat.

2404 2709 2422 2742 1
2459 2687 2567 2746 Nos
2607 2691 2772 2746 etiam
2814 2691 2934 2744 illOs
2973 2691 3109 2760 Quos
3150 2679 3233 2754 iii,
3278 2685 3367 2759 qui
3402 2683 3554 2761 prius
3597 2689 3653 2745 111
3693 2679 3900 2745 Ecclesia

2324 2783 2588 2838 cathblica
2635 2783 2873 2852 episcopi
2923 2782 3169 2848 fuerant,
3210 2783 3263 2837 et
3303 2779 3650 2852 posdn'o‘dnm
3694 2781 3789 2838 sibi
3825 2797 3901 2851 pu-

2287 2915 2295 2923 .
2330 2879 2576 2930 testalem
2608 2875 2820 2930 clericae
2860 2874 3216 2930 ordinationis
3260 2873 3339 2947 (2i
3371 2879 3718 2931 aSsu'mentes
3756 2873 3905 2944 bapti-

2328 2973 2615 3033 taverant,
2652 2983 2747 3038 pro
2777 2985 2882 3021 non
2927 2967 3215 3036 haptizatis
3244 2963 3527 3023 habendos
3552 2957 3906 3038 indicavimus.

2330 3059 2396 3115 Et
2432 3059 2536 3115 hoc
2571 3060 2711 3130 apud
2755 3057 2854 3113 nos
2894 3059 3214 3114 observatur
3254 3067 3304 3113 ut
3327 3101 3341 3124 ,
3371 3059 3690 3129 quicitmque
3716 3059 3778 3112 ab
3808 3057 3908 3110 illis

2329 3151 2479 3206 tincti
2508 3151 2572 3204 ad
2605 3167 2702 3205 nos
2729 3153 2953 3206 veniunt
2984 3153 3251 3221 tamquam
3279 3149 3442 3205 alieni
3474 3161 3528 3206 et
3567 3149 3694 3205 nihil
3733 3161 3911 3204 euase-

621 3232 842 3288 Christo
868 3233 1226 3296 adventante,
1260 3230 1310 3285 id
1345 3241 1459 3294 est,-
1489 3221 1749 3294 verita'ie,
1779 3230 1997 3300 adjuvat
2026 3230 2078 3284 in
2121 3232 2217 3284 ali-

2333 3243 2461 3308 ctrtl,
2513 3243 2670 3297 unico
2717 3249 2772 3297 et
2825 3245 2954 3297 verd
3000 3243 3260 3297 Ecclesiae
3316 3243 3598 3298 catholica:
3652 3242 3914 3311 Baptisma

621 3339 729 3394 quo
759 3323 1129 3394 antiquiSsima
1161 3321 1531 3384 consuetudo,
1571 3322 1712 3391 quod
1755 3322 1940 3376 relicta
1969 3338 2103 3376 nova
2136 3327 2226 3378 ve-

621 3417 795 3468 ritatis
837 3415 920 3468 via
964 3415 1015 3467 in
1046 3423 1313 3467 vetustate
1357 3415 1771 3480 permanserint.
1815 3413 1967 3478 Quod
2007 3414 2223 3483 quidem

623 3506 883 3559 adversus
903 3505 1238 3573 Stephanum
1269 3519 1364 3556 vos
1389 3504 1569 3558 dicere
1597 3502 1712 3557 Afri
1749 3507 2004 3573 potestis,
2039 3511 2227 3576 cogni-

624 3607 675 3650 ta
725 3598 952 3651 veritate
1001 3611 1244 3650 errorem
1287 3609 1386 3650 vos
1429 3596 1834 3650 consuetudinis
1865 3599 2167 3668 reliquisse.
2203 3619 2220 3650 1

624 3689 890 3743 Caeterum
932 3704 1051 3754 nos,
1079 3697 1234 3743 etc...

699 3781 740 3834 Ι.
784 3778 951 3850 Igitur
986 3782 1030 3832 l.
1069 3778 1250 3849 Usque
1276 3779 1342 3833 ad
1375 3779 1611 3834 medium
1642 3781 1824 3836 szccnli
1852 3797 1909 3837 111
1951 3798 2044 3852 per
2074 3782 2220 3838 Afri-

628 3880 746 3929 cam
777 3874 948 3928 fuerat
971 3873 1304 3928 consuetudo
1331 3889 1436 3927 non
1467 3873 1854 3943 rebaptizandi.
1883 3874 1938 3929 2.
1971 3875 2226 3932 Ecclesia:

629 3968 897 4022 Africanae
929 3981 1096 4036 usque
1122 3966 1249 4020 dum
1276 3980 1397 4020 cum
1430 3965 1672 4019 Romana
1705 3965 1758 4020 in
1789 3981 1977 4022 errore
2003 3977 2226 4022 versata:

630 4059 849 4114 fuerunt
894 4059 1036 4113 circa
1078 4057 1317 4112 valerem
1349 4057 1630 4126 Baptismi.
1674 4058 1724 4112 5.
1791 4058 1942 4112 Illum
1985 4075 2226 4115 errorem

635 4159 764 4205 tunc
819 4150 1056 4216 tandem,
1099 4150 1311 4218 cognita
1354 4149 1620 4214 veritate,
1671 4148 2040 4219 deposuerunt
2079 4152 2229 4219 Afri;

636 4252 832 4314 quanta
855 4242 1165 4297 accusatio?
1191 4240 1436 4311 Insuper.

711 4335 778 4389 ll.
817 4334 1001 4402 Qualis
1040 4333 1241 4402 paritas
1268 4351 1284 4387 ς
1313 4330 1555 4388 Christus
1593 4333 1872 4404 abrogavit
1909 4336 2081 4406 legem
2113 4336 2227 4390 Mo-

637 4428 876 4494 saicam;
909 4441 1038 4497 ergo
1067 4426 1307 4480 Ecclesia
1343 4425 1506 4480 debet
1531 4426 1796 4498 abrogare
1829 4443 1956 4494 eas,
1997 4439 2131 4498 quas
2168 4429 2238 4485 ab

641 4523 863 4592 antiquo
910 4519 1158 4589 accepit,
1214 4517 1568 4573 traditiones!
1618 4549 1689 4558 -——
1737 4538 1756 4570 1
1809 4518 2080 4574 Caeterum
2139 4536 2238 4578 nos

2333 3334 2471 3404 apud
2504 3347 2600 3388 llos
2631 3335 3084 3403 baptizentnr...”
3118 3333 3185 3388 Et
3216 3333 3396 3388 lallteli
3441 3334 3654 3388 lliiillum'
3689 3335 3917 3385 interest

2335 3430 2475 3480 inter
2513 3434 2635 3481 eum
2676 3427 2765 3495 qui
2812 3426 3040 3490 invitus,
3085 3432 3140 3480 et
3181 3429 3492 3481 necessitate
3529 3424 3916 3493 persecutionis

2335 3527 2552 3574 coactus
2593 3519 2905 3580 succubuit;
2939 3527 2992 3573 et
3032 3519 3180 3572 illum
3223 3521 3313 3589 qui
3361 3519 3605 3587 sacrilega
3641 3518 3923 3571 voluntate

2335 3619 2521 3664 eontra
2550 3610 2847 3665 Ecclesium
2873 3611 3043 3666 audax
3076 3611 3296 3667 rebedat
3317 3651 3330 3675 ,
3359 3611 3510 3666 vel...
3538 3610 3603 3664 Et
3632 3624 3740 3664 non
3771 3609 3926 3680 pudet

2336 3701 2689 3771 Stephanum.
2725 3717 2744 3754 1

2400 3795 2605 3850 Sensus
2633 3805 2713 3850 est
2741 3797 3137 3864 perobscurus;
3171 3803 3238 3850 an
3267 3796 3453 3851 dicere
3483 3797 3655 3850 voluit
3686 3817 3700 3850 :
3734 3797 3835 3864 Qui
3864 3795 3923 3848 ab

2330 3887 2598 3959 episcopis
2656 3885 3211 3942 Romano-catholicis
3271 3889 3420 3942 tincti
3483 3887 3741 3954 fuerunt,
3789 3891 3832 3941 si
3877 3891 3934 3941 ad

2333 3993 2432 4032 nos
2462 3977 2738 4043 venerint,
2772 3993 2900 4034 vero
2928 3977 3188 4033 Ecclesitc
3215 3978 3500 4033 catholica:
3549 3979 3834 4049 Baptisma
3870 3980 3935 4031 la-

2336 4070 2492 4125 vandi
2542 4070 2705 4125 sunt?
2753 4073 2833 4124 An
2883 4089 2896 4125 :
2943 4072 3210 4141 cpiscOpis
3266 4070 3559 4125 catholicis
3614 4073 3691 4125 ad
3746 4081 3941 4125 nostra!

2337 4171 2519 4232 partes
2563 4162 2915 4232 transgressis
2962 4177 3070 4216 non
3112 4162 3476 4232 permittimus
3516 4161 3844 4232 baptizare?
3874 4165 3942 4215 An

2337 4267 2467 4312 vero
2496 4275 2509 4310 :
2543 4256 2842 4326 Episcopus
2873 4256 3042 4310 semel
3085 4255 3300 4324 lapsus,
3345 4254 3472 4309 licet
3508 4269 3579 4308 ex
3619 4269 3824 4320 metu,
3856 4271 3948 4309 non

2341 4357 2523 4420 potest
2568 4347 2744 4404 valide
2796 4347 3113 4417 baptizare?
3161 4346 3367 4401 Tantus
3414 4344 3614 4416 ubique
3673 4363 3860 4412 error,
3906 4354 3951 4398 ut

2341 4444 2568 4498 nimium
2596 4441 2776 4511 injurii
2808 4439 2987 4495 forent
3015 4442 3066 4494 in
3098 4440 3153 4494 S.
3199 4439 3606 4502 Firntllia‘num,
3660 4441 3818 4510 siqui
3851 4442 3956 4493 huic

2343 4538 2695 4606 imposterum
2724 4533 2888 4588 fatain
2916 4531 3198 4601 epistolam
3231 4531 3409 4586 adhuc
3437 4531 3850 4589 attribuerent.

643 4613 1060 4682 (Firmilianus,
1101 4609 1244 4680 etc.)
1287 4610 1666 4665 consuetudini
1707 4610 2071 4666 Romanorum
2111 4627 2240 4666 con-
2264 4595 2316 4655 D
2416 4595 2548 4698 ξιτψ,
2584 4627 2637 4683 9,
2687 4644 2706 4678 ι
2742 4626 2810 4679 Ει
2841 4595 2965 4680 ..ου’
2993 4623 3151 4694 pudet
3190 4621 3526 4692 Stephanum
3570 4620 3694 4679 hoc
3727 4635 3964 4679 assem:

645 4703 1118 4771 suetudinemgsed
1137 4702 1398 4766 veritatis,
1434 4703 1790 4773 opponimus,
1833 4703 1903 4759 ab
1942 4703 2095 4759 initio
2138 4704 2240 4761 hoc

722 4904 1008 4980 (“Auctor
1033 4904 1683 4980 Cyprianicarunieodem
1712 4904 1871 4980 modo
1903 4903 2137 4980 loquitur
2153 4921 2240 4975 ep.

652 4974 798 5036 cxvt.
832 4974 1142 5046 l’rwpositos
1167 4974 1528 5046 quiApostolis
1558 4976 1878 5042 ordinatione
1905 4977 2094 5046 vicaria
2123 4974 2242 5030 suc-

655 5051 860 5105 cedunt.
906 5044 960 5102 In
996 5046 1198 5117 pseudo
1232 5044 1440 5118 synodo
1459 5044 1884 5116 Carthagine-nsi,
1916 5045 2005 5112 87,
2037 5048 2241 5115 episco-

655 5127 844 5191 porum
869 5118 1312 5191 rebaptizantium
1339 5135 1352 5169 :
1384 5118 1652 5191 Apostolos
1670 5118 1848 5187 quibus
1871 5129 1961 5170 nos
1988 5119 2236 5171 successi;

656 5187 948 5260 inumApud
963 5191 1100 5243 alios
1116 5187 1215 5244 SS.
1238 5189 1429 5260 Patres
1443 5189 1548 5242 illae
1567 5189 1791 5260 phrases
1805 5203 1910 5260 non
1927 5199 2238 5260 occurrunt.

658 5263 790 5318 Vide
817 5257 992 5316 tamen
1019 5261 1277 5331 Bingliain
1308 5260 1372 5313 de
1404 5257 1721 5331 Originibus,
1743 5276 1830 5314 seu
1859 5258 2031 5328 Antiq.
2063 5259 2241 5320 Eccle—

657 5334 896 5398 siasticis,
928 5333 1041 5397 Lit,
1074 5329 1209 5403 0.:‘2,
1247 5329 1274 5402 §
1304 5332 1376 5396 2;
1405 5329 1726 5403 _Salvagiuin
1784 5331 1846 5384 de
1889 5331 2061 5403 Antiq.
2095 5332 2244 5387 Chri-

658 5403 856 5470 stianis,
882 5403 914 5456 l.
950 5407 988 5470 l,
1009 5415 1056 5456 c.
1085 5401 1373 5474 12,547,7n.
1395 5401 1450 5474 2.

734 5476 814 5544 (2)
843 5469 1145 5544 1111111618
1173 5469 1234 5525 (te
1261 5473 1528 5527 Cuthedris
1551 5511 1566 5536 ,
1598 5489 1654 5526 n.
1687 5469 1812 5537 120,
1848 5473 1937 5526 ubi
1969 5473 2242 5539 admonui,

660 5543 804 5616 quod
832 5560 899 5598 ex
933 5543 999 5598 12
1026 5543 1297 5616 Apostolis
1324 5546 1469 5596 solus
1511 5544 1703 5599 Petrus
1747 5544 2058 5598 cathedram
2085 5545 2243 5601 lixam

661 5615 905 5686 elegerit,
938 5625 1162 5686 eantque
1183 5615 1510 5686 Romanam.

642 5683 1269 5804 κάεῗξιξὲἓὶθΰὲἓῇῗέὧὸ,
1286 5686 1374 5748 '15,
1390 5683 1483 5750 76;
1506 5694 1564 5740 ut
1589 5684 1764 5740 adhuc
1792 5685 2032 5742 omittam
2052 5686 2244 5743 librum

737 5817 816 5880 (ι)
860 5818 1102 5869 Durioria
1127 5832 1418 5886 sequentur
1441 5839 1469 5875 a
1497 5839 1550 5877 n.
1581 5822 1671 5876 6-1.

2347 4732 2405 4777 111
2434 4735 2528 4790 per
2556 4732 2679 4786 eos,
2711 4718 2802 4787 qui
2834 4718 2932 4786 ipsi
2967 4717 3020 4769 in
3051 4715 3302 4769 omnibus
3332 4715 3566 4784 peccatis
3591 4727 3750 4770 sunt
3779 4718 3964 4770 consti-

2348 4815 2474 4891 tuti,
2518 4812 2664 4867 dicat
2701 4820 2858 4880 pOSse
2898 4808 3273 4864 remissionem
3317 4818 3680 4878 peccatorum
3731 4810 3967 4864 dari.....

2345 4905 2466 4961 Tibi
2504 4919 2633 4974 ergo
2671 4905 2803 4966 erit,
2828 4902 2973 4973 quod
3013 4902 3272 4971 scriptum
3305 4911 3390 4956 est
3422 4918 3435 4954 :
3465 4901 3550 4955 Ab
3588 4917 3758 4972 aqua
3805 4905 3970 4958 alien:
4047 4907 4049 4996 4

2345 4997 2554 5053 abstine
2581 5009 2661 5061 te,
2691 5007 2742 5050 et
2771 5010 2801 5049 a
2831 4997 2977 5049 l'onle
3002 4995 3178 5048 alieno
3205 5008 3274 5046 ne.
3303 4992 3506 5046 biberis
3537 4994 3648 5064 (ὅ).
3696 5015 3720 5048 ι

2416 5091 2456 5146 l.
2499 5087 2728 5144 Necesse
2769 5096 2939 5142 estut
2983 5084 3587 5156 pseudo—Firmilianus
3626 5100 3976 5158 potestatem
4047 5085 4049 5182 Α

2422 5336 2499 5405 (1)
2540 5333 2682 5395 istic,
2708 5333 2759 5388 id
2782 5337 2884 5400 esl,
2910 5332 3048 5403 a’pud
3077 5348 3176 5405 nos
3204 5332 3254 5386 in
3281 5330 3650 5405 Cappadocia.
3692 5333 3772 5389 Υ.
3815 5353 3876 5391 n.
3909 5337 3984 5390 513.
4047 5313 4049 5368 ⁴

2423 5403 2499 5478 (ἓ)
2545 5405 2675 5478 Hice
2712 5406 2962 5478 phrasis:
2996 5404 3181 5458 elei-ica
3211 5403 3500 5467 ordinatio,
3542 5404 3732 5459 etiam
3785 5421 3990 5465 occurri

2351 5479 2402 5533 ill
2427 5475 2739 5547 Cyprialiica
2771 5477 2859 5530 66.

2423 5545 2520 5618 (3—),
2545 5549 2640 5601 llic
2670 5556 2846 5601 textus
2881 5563 2894 5600 :
2924 5547 2987 5599 ab
3016 5561 3150 5614 aqua
3179 5545 3378 5618 aliena,
3421 5553 3561 5618 etc._.
3581 5617 3588 5618 ί
3609 5547 3806 5605 abest
3849 5567 3886 5606 ε
3917 5566 3994 5606 ω.

2349 5615 2557 5675 dieibus
2581 5618 2819 5672 llebrmis
2843 5627 2896 5672 et
2919 5634 2948 5671 a
2977 5618 3190 5686 vulgato
3219 5616 3412 5680 latino;
3463 5615 3780 5676 adhibitus
3816 5636 3993 5676 tamen

2350 5693 2448 5745 fuit
2487 5701 2516 5744 a
2544 5689 2875 5744 Tertiilliano
2914 5689 2950 5742 l.
2987 5704 3003 5742 1
3039 5691 3163 5743 adv.
3195 5688 3550 5751 Marcianem,
3591 5700 3650 5742 et
3697 5705 3740 5744 a
3793 5693 3994 5748 Num»

2349 5765 2505 5835 [iano
2530 5762 2611 5814 ins
2631 5760 3041 5831 pendo-synodo
3065 5759 3472 5827 Carthaginensi
3504 5773 3560 5813 111
3589 5761 3710 5816 sub
3746 5769 3996 5835 μδοωυ.

2349 5831 2634 5900 Cypriane.
