4116 6258
277 295 417 358 i597

1114 300 1202 356 DE
1242 299 1620 358 FIRMILIANI
1664 299 1756 355 AD
1796 297 1852 356 S.
1893 298 2298 375 CYPRIANUM
2339 301 2697 360 EPISTOLA.

3442 302 3582 360 1598

277 431 438 489 quam
470 431 573 488 qua
604 413 856 472 sacerdds
897 413 1120 483 habuit,-
1151 415 1466 472 reitiittendl
1497 425 1713 485 peccata
1758 416 1882 487 prb~
1911 419 1958 478 Α
1989 425 2150 481 tatur,
2198 417 2342 488 quod
2392 419 2657 474 universae
2705 415 2942 474 Orientis
2987 418 3245 474 Ecclesia
3294 420 3348 474 in
3396 433 3581 488 pacem

279 511 413 581 priae
439 524 551 565 suae
581 509 850 577 personali
878 509 1148 564 sanctitati
1179 509 1546 579 adscripserit.

349 601 418 656 ll.
441 601 644 657 Textus
659 601 855 655 citatus
875 599 1088 655 videtur
1107 599 1428 670 desumptus
1452 616 1516 655 ex
1541 600 1705 656 Prov.
1727 601 1876 655 v.ubi

280 694 474 749 dicitur
503 710 516 746 :
549 691 676 746 Bibe
703 708 889 763 aquam
929 693 991 744 de
1019 692 1237 745 cisterna
1271 702 1388 756 tua,
1427 701 1473 746 et
1510 693 1704 760 ﬂuenta
1741 693 1881 762 putei

287 787 384 839 tui.
408 786 579 852 Quam
614 799 800 855 parum
830 784 876 838 is
903 783 1083 838 favent
1111 783 1588 854 rebaptizantibus,
1617 783 1878 854 relegenti

279 878 504 949 patebit.

349 971 594 1027 Tandem
637 972 877 1027 annectit
929 970 1296 1040 IongiSsimam
1332 969 1554 1043 (utique
1582 970 1705 1040 qttia
1737 979 1875 1024 nun-

278 1067 388 1122 tius’
425 1064 661 1120 maxime
703 1062 1022 1133 festinabat)
1053 1070 1106 1118 et
1135 1064 1480 1119 durissimum
1522 1071 1712 1118 contra
1756 1060 1879 1118 Ste-

282 1159 518 1230 phanum
548 1159 889 1222 invectivam,
916 1157 1254 1221 declamans,
1288 1167 1345 1212 ut
1372 1159 1616 1226 sequitur
1648 1175 1662 1211 :

363 1269 383 1304 r
429 1250 726 1306 Ecclesiam
760 1250 1019 1319 polluis...
1055 1249 1329 1320 Stephane
1357 1251 1527 1320 papa!
1559 1263 1656 1304 nec
1683 1249 1879 1305 metuis

276 1343 540 1416 judicium
567 1341 660 1397 Dei
687 1340 956 1396 haereticis
980 1341 1344 1397 testimonium
1371 1351 1556 1398 contra
1581 1341 1878 1396 Ecclesiam

278 1438 594 1508 perhibetis,
627 1450 749 1491 cum
779 1438 1040 1506 scripturn
1079 1436 1150 1490 sit
1183 1455 1194 1490 :
1229 1435 1417 1492 Falsus
1463 1438 1604 1492 testis
1642 1453 1744 1491 non
1785 1436 1881 1490 erit

277 1527 580 1596 impunitus.
601 1525 911 1595 Quinimmo
933 1536 985 1581 tu
1017 1527 1284 1588 haereticis
1302 1528 1552 1582 omnibus
1573 1527 1727 1597 pejor
1747 1541 1879 1582 es...

283 1616 582 1674 Obscurato
637 1617 838 1673 lumine
889 1619 1132 1674 veritatis
1190 1619 1595 1686 ecclesiastica),
1633 1620 1882 1674 tenebras

275 1707 542 1764 hteretica:
582 1710 756 1764 noctis
787 1709 1216 1765 accumulas.....
1247 1726 1349 1766 nec
1386 1711 1640 1781 intelligis
1668 1711 1881 1766 animas

1983 513 2283 567 eoalucrint
2324 513 2643 567 concordes.
2698 512 2774 566 Ex
2827 513 2911 567 his
2963 513 3264 582 praecipuos
3306 511 3586 582 Stephano

1983 604 2295 659 renuntiare
2311 603 2517 667 volens,
2542 605 2818 674 signanter
2842 604 3085 658 nominat
3105 603 3161 658 S.
3185 602 3584 662 Firmilianum.

1983 694 2197 763 Excipit
2244 695 2454 749 Bertius
2501 692 2614 767 (l),
2662 694 2960 749 concordes
3001 694 3168 749 fuisse
3213 695 3371 750 unice
3409 695 3586 764 quoad

1985 786 2247 842 Novatum
2283 785 2664 856 rejieiendunt,
2705 798 2933 855 excepto
2972 794 3174 855 puncto
3213 785 3586 854 rebaptizatio-

1986 881 2092 934 nis.
2126 880 2222 932 Ast
2247 879 2407 932 nimis
2433 885 2568 932 torta
2591 886 2675 933 est
2701 876 2818 932 haec
2842 878 3143 932 restrictiva
3175 877 3585 946 interpretatio;

1987 987 2110 1026 nam
2141 973 2192 1026 l.
2229 971 2471 1026 Novatus
2514 981 2630 1026 erat
2675 971 2977 1040 praecipuus
3017 979 3207 1026 auctor
3249 970 3582 1040 rebaptizan-

1987 1065 2140 1117 tium.
2194 1062 2249 1118 Si
2305 1077 2434 1132 ergo
2482 1063 2721 1131 episcopi
2771 1061 3011 1116 Orientis
3061 1061 3353 1131 rejecerint
3394 1061 3586 1118 Novati

1987 1153 2253 1220 hazresin,
2286 1167 2509 1208 necesse
2539 1163 2620 1206 est
2648 1161 2705 1206 ut
2733 1152 2891 1221 hujus
2936 1168 3132 1206 novum
3161 1151 3354 1222 dogma
3397 1153 3591 1224 rebapa

1986 1247 2259 1302 tizationis
2287 1248 2522 1300 aversati
2558 1246 2776 1301 fuerint.
2805 1245 2861 1300 2.
2889 1245 3156 1300 Eusebius
3189 1245 3322 1300 nihil
3348 1247 3594 1302 meminit

1985 1342 2054 1396 de
2081 1340 2244 1395 variis
2273 1339 2604 1408 Stephanum
2636 1341 2777 1394 inter
2799 1349 2850 1394 et
2874 1339 3245 1393 Firmiliauum
3269 1338 3591 1405 discordiis;

1987 1435 2124 1491 nihil
2149 1435 2218 1489 dc
2245 1435 2516 1504 episcopis
2542 1433 2703 1489 totius
2744 1432 2950 1500 mundi,
2980 1433 3069 1504 qui
3099 1447 3311 1488 summo
3341 1433 3592 1489 Pontilici

1986 1543 2048 1584 se
2079 1529 2479 1598 opposuissent.

2068 1642 2086 1674 ι
2125 1622 2281 1678 Modo
2329 1639 2452 1678 eum
2496 1621 2892 1687 Orientalibus,
2940 1619 3084 1691 quod
3131 1633 3230 1675 nec
3275 1634 3374 1676 vos
3420 1620 3592 1676 latere

1987 1720 2344 1783 centidii'nus;
2379 1715 2540 1772 modo
2572 1714 2874 1778 vobiscum,
2905 1713 2995 1782 qui
3026 1713 3076 1766 in
3108 1710 3334 1767 meridie
3363 1713 3526 1773 estis,
3561 1727 3590 1764 a

289 1815 477 1856 eorum
513 1802 604 1871 qui
647 1801 715 1855 ab
760 1799 952 1856 haeresi
1002 1805 1281 1858 venientes
1327 1819 1434 1856 non
1480 1802 1884 1871 rebaptizantur
1914 1813 1962 1872 Β
1991 1812 2254 1883 quibus...
2288 1828 2306 1860 ι

289 1894 356 1950 de
386 1910 550 1949 manu
588 1894 946 1965 tua'exquiri,
976 1909 1100 1950 cum
1131 1895 1244 1951 dies
1275 1897 1444 1966 judici
1482 1897 1881 1951 advenerit.....

277 1985 348 2042 Et
386 1988 606 2056 insuper
656 1987 994 2056 indignaris?
1038 1987 1174 2042 Vide
1221 2003 1324 2058 qua
1371 1988 1640 2057 imperitia
1689 2003 1878 2058 repre-

275 2079 516 2135 hendere
545 2095 640 2136 eos
667 2081 871 2134 audeas
901 2066 1356 2150 (Anabaptistas),
1391 2082 1480 2150 qui
1509 2065 1700 2136 contra
1732 2096 1886 2136 men-

272 2171 486 2226 dacium
527 2188 624 2242 pro
660 2172 889 2226 veritate
920 2173 1233 2226 nituntur...
1267 2171 1380 2226 Nisi
1412 2172 1554 2241 quod
1600 2173 1884 2241 imperitos

273 2266 436 2320 etiam
465 2264 931 2333 animosos,atque
955 2263 1243 2317 iracundos
1267 2278 1388 2318 esse
1413 2263 1756 2319 manifestum
1772 2276 1876 2333 est,

273 2358 401 2411 dum
430 2371 528 2426 per
558 2356 793 2428 inopiam
823 2355 1035 2410 consilii
1071 2365 1124 2409 et
1151 2355 1421 2410 sermonis
1447 2356 1513 2410 ad
1545 2356 1881 2414 iracundiam

274 2447 433 2502 facile
463 2456 767 2515 vertuntur,
811 2457 867 2501 ut
897 2448 965 2502 de
999 2447 1150 2501 nullo
1181 2447 1289 2502 alio
1323 2449 1490 2517 magis
1521 2465 1679 2518 quam
1721 2450 1788 2505 de
1830 2465 1882 2507 te

274 2541 418 2595 dicat
462 2539 739 2610 Scriptura
789 2540 1013 2595 divina:
1065 2539 1233 2593 Homo
1283 2541 1541 2596 animosus
1589 2544 1724 2611 parit
1765 2545 1881 2600 lites

273 2641 322 2685 et
365 2632 442 2685 vir
485 2631 763 2685 iracundus
811 2640 1084 2702 exaggerat
1130 2640 1337 2701 peccata
1371 2629 1484 2702 (l);
1515 2631 1637 2689 lites
1679 2635 1876 2702 etiam,

272 2731 325 2777 et
353 2722 754 2792 dissensiones,
786 2733 1016 2795 quantas
1049 2724 1248 2793 parasti
1289 2737 1383 2792 per
1409 2722 1681 2779 Ecclesias
1716 2728 1879 2784 totius

272 2819 496 2873 mundi?
526 2818 811 2875 Peccatum
849 2835 980 2875 vero
1006 2834 1175 2893 quam
1209 2833 1460 2888 magnum
1503 2819 1595 2873 tibi
1638 2834 1873 2890 exagge-

272 2912 434 2978 rasti,
481 2913 698 2981 quando
742 2922 793 2967 te
832 2928 860 2966 a
911 2923 987 2967 tot
1028 2913 1283 2982 gregibus
1327 2912 1571 2968 scidisti?
1613 2913 1870 2971 Excidisti

271 3006 414 3059 enim
445 3014 495 3060 tc
525 3008 699 3074 ipsum
719 3047 734 3072 ,
764 3006 874 3060 noli
907 3014 959 3060 te
983 3005 1202 3071 fallere;
1231 3006 1494 3077 siquidem
1522 3007 1609 3062 ille
1636 3017 1720 3063 est
1745 3024 1873 3065 vere

271 3099 684 3163 schismaticus,
737 3100 824 3170 qui
872 3115 931 3154 se
975 3115 1003 3154 a
1061 3101 1440 3156 communione
1489 3102 1872 3156 ecclesiastica:

2068 1901 2248 1956 Mirari
2289 1899 2408 1969 quis
2453 1904 2670 1967 posset,
2714 1893 2760 1948 si
2805 1893 2862 1950 S.
2915 1893 3260 1950 Firmilianus
3309 1894 3424 1949 haec
3467 1909 3595 1950 vere

1993 1997 2293 2067 scripserit,
2324 2004 2379 2050 et
2406 2007 2536 2050 suos
2559 1991 2907 2062 Cappadoces
2931 2005 3126 2046 vocare
3153 1989 3384 2045 voluerit
3407 1990 3598 2047 Orien-

1994 2091 2166 2155 tales;
2199 2103 2297 2144 cur
2319 2101 2426 2142 non
2449 2085 2648 2140 dixerit
2682 2104 2693 2138 :
2726 2083 2886 2140 modo
2905 2083 3182 2138 nobiscum
3199 2081 3590 2151 Orientalibus,

1992 2182 2156 2236 modo
2187 2180 2462 2234 vobiscum
2491 2174 2963 2233 Occidentalibus?
2995 2173 3128 2228 Nam
3157 2172 3338 2229 Africa
3367 2171 3593 2229 Cartha-

1991 2275 2231 2348 ginensis
2272 2288 2372 2328 nec
2410 2271 2688 2335 absolute,
2721 2284 2821 2324 nec
2863 2268 3163 2337 respective
3203 2267 3374 2337 posita
3415 2274 3500 2321 est
3537 2267 3589 2322 in

1991 2369 2218 2424 meridie
2259 2385 2270 2420 :
2315 2381 2420 2419 non
2467 2364 2739 2429 absolute;
2785 2362 2906 2431 quia
2953 2376 3058 2415 non
3101 2369 3185 2414 est
3225 2361 3398 2430 posita
3446 2359 3584 2414 intra

1991 2460 2226 2528 tropicos
2254 2475 2267 2512 :
2293 2472 2396 2511 non
2427 2455 2725 2524 respectivc
2763 2453 2829 2506 ad
2857 2452 3270 2522 Cappadociam,
3302 2453 3426 2522 quia
3453 2449 3584 2506 Car-

1991 2551 2151 2620 thago
2201 2546 2608 2619 Cappadocibus
2655 2555 2740 2599 est
2794 2543 3188 2608 occidentalis,
3247 2543 3386 2598 sicut
3435 2543 3591 2598 nobis

1988 2641 2320 2709 Westphalis
2363 2655 2421 2693 ν.
2454 2653 2507 2707 g.
2541 2636 2910 2706 Philadelphia
2955 2637 3219 2691 America:
3263 2638 3590 2705 septentrio-

1987 2733 2127 2787 nalis
2156 2741 2239 2786 est
2269 2731 2444 2800 posita
2471 2744 2661 2783 versus
2689 2742 2961 2784 occasum.
2997 2726 3051 2780 Si
3081 2725 3455 2795 Philadelphia
3485 2742 3588 2782 no-

1986 2824 2070 2879 bis
2097 2839 2202 2878 non
2236 2823 2306 2876 sit
2335 2819 2724 2882 meridionalis,
2754 2833 2855 2873 nec
2881 2817 3152 2886 Carthago
3178 2816 3587 2886 Cappadocibus

1987 2927 2176 2970 versus
2206 2912 2485 2968 meridiem
2515 2911 2686 2982 posita
2713 2919 2816 2964 est.
2849 2908 3171 2964 Consulatur
3195 2909 3544 2980 geographia.

2061 3007 2353 3060 Donatistae
2426 3002 2667 3059 Africani
2745 3001 2963 3072 gloriari
3019 3001 3266 3056 solebant
3339 3012 3583 3071 tempore

1985 3099 2044 3154 S.
2070 3097 2376 3166 Augustini,
2395 3110 2456 3151 se
2487 3095 2536 3148 in
2569 3092 2794 3148 meridie
2823 3093 3028 3163 positos
3057 3107 3200 3158 esse,
3224 3100 3284 3147 ut
3305 3109 3358 3147 n.
3379 3093 3468 3148 8i.
3489 3095 3585 3150 Se-

273 3190 498 3245 unitatis
527 3201 826 3261 apostatam
861 3191 1076 3256 fecerit;
1107 3192 1233 3246 dum
1275 3192 1417 3246 enim
1455 3203 1647 3262 putas,
1690 3209 1880 3248 omnes
1907 3197 1950 3258 C
1987 3191 2170 3260 quitur
2211 3189 2382 3244 ironia
2421 3187 2503 3244 2:
2543 3206 2560 3238 ι
2597 3189 2637 3241 Α
2679 3185 2874 3256 quibus
2920 3177 3121 3256 legatos
3162 3186 3447 3256 episcopos
3492 3203 3587 3257 pa-

271 3294 304 3334 a
324 3288 374 3336 te
388 3280 663 3337 abstinere
681 3297 862 3352 posse,
885 3283 1058 3338 solum
1083 3294 1134 3338 te
1151 3284 1219 3337 ab
1239 3284 1489 3338 omnibus
1512 3283 1836 3339 abstinuisti.
1855 3305 1873 3337 ι

271 3394 276 3421 ε
344 3371 487 3428 Ecce
517 3375 607 3444 qui
641 3374 698 3429 S.
733 3374 1036 3445 Stephanus
1081 3375 1423 3430 traditionem
1466 3391 1577 3428 sua:
1623 3375 1880 3430 Ecclesiae

274 3471 531 3526 Romana:
571 3469 931 3538 defenderat,
965 3471 1165 3526 dicitur
1197 3473 1349 3526 testis
1393 3472 1577 3539 falsus,
1613 3471 1878 3527 schisma-

274 3565 444 3628 ticus,
475 3573 750 3634 apostata,
786 3575 1132 3633 peccatorum
1161 3566 1454 3632 maximus,
1491 3566 1740 3620 omnibus
1770 3549 1875 3620 im;-

272 3657 460 3712 reticis
509 3657 680 3725 pejor.
732 3654 914 3711 Proh!
963 3667 1162 3726 quanta
1208 3665 1292 3710 est
1336 3656 1873 3727 pseudo-Firmiliani

274 3747 593 3818 petulantia!

350 3839 624 3896 lmmiscet
669 3841 828 3895 verba
873 3841 1025 3895 Pauli
1073 3841 1302 3895 dicentis
1344 3859 1357 3895 :
1408 3859 1425 3892 ι
1481 3840 1700 3895 Obsecro
1753 3858 1872 3913 ergo

275 3947 364 3986 vos
395 3948 486 4004 ego
516 3933 708 3986 vinctus
735 3932 788 3986 in
817 3931 1038 3986 Domino
1059 3975 1073 3999 ,
1107 3933 1259 4002 digne
1285 3933 1548 3988 ambulare
1574 3936 1836 3988 vocatione
1855 3975 1870 3999 ,

275 4042 378 4097 qua
401 4027 564 4080 vocati
586 4027 722 4095 estis,
753 4043 869 4080 cum
893 4027 1032 4080 omni
1056 4027 1343 4080 humilitate
1363 4044 1559 4094 sensus,
1575 4039 1621 4081 et
1640 4029 1872 4092 lenitate,

276 4139 394 4176 cum
431 4122 675 4192 patientia
718 4123 1018 4176 sustinentes
1063 4122 1277 4176 invicem
1316 4122 1368 4174 in
1407 4123 1707 4188 diiectione,
1750 4126 1876 4178 satis

276 4225 484 4286 agentes
504 4230 703 4270 servare
722 4215 969 4268 unitatem
988 4215 1201 4284 spiritus
1222 4215 1274 4266 in
1296 4215 1655 4284 conjunctione
1677 4215 1834 4284 pacis.
1853 4235 1871 4267 ι

350 4308 502 4363 Tunc
544 4314 886 4378 prosequitur
933 4323 1026 4377 per
1067 4307 1269 4361 ironias
1316 4317 1421 4360 tam
1471 4307 1664 4374 falsas,
1712 4323 1876 4378 quam

281 4415 496 4455 amaras
574 4402 742 4470 prima
775 4419 788 4454 :
823 4400 947 4454 llaec
976 4397 1222 4469 Apostoli
1261 4399 1512 4454 mandata
1553 4416 1712 4470 quam
1757 4402 1877 4456 dili-

277 4502 474 4565 genter
508 4492 810 4562 Stephanus
851 4491 1120 4561 implevit,
1165 4491 1519 4546 humilitatem
1559 4508 1778 4560 sensus,
1821 4505 1876 4551 et

281 4587 562 4644 lenitatem
602 4587 777 4658 primo
808 4586 859 4640 itt
891 4587 1009 4640 loco
1039 4588 1286 4641 servans!
1331 4586 1468 4654 Quid
1509 4587 1652 4641 cnim
1695 4587 1873 4642 humi-

279 4679 417 4747 lius,
447 4688 543 4734 aut
579 4680 788 4744 lenius,
844 4694 1001 4747 qttam
1057 4693 1176 4733 cum
1223 4688 1299 4733 tot
1352 4679 1620 4749 episcopis
1663 4695 1758 4750 per
1799 4689 1878 4758 t9-

284 4781 396 4824 tunt
431 4770 687 4824 mundum
715 4770 1060 4829 dissensisse.
1091 4785 1276 4838 pacem
1306 4787 1428 4824 cum
1459 4772 1684 4841 singulis
1729 4772 1879 4827 vario

283 4863 571 4918 discordia:
597 4878 794 4933 genere
821 4862 1095 4932 rumpere?
1131 4884 1148 4914 ι
1181 4862 1405 4918 Modo...

358 4953 413 5007 Si
459 4953 1004 5023 pseudo-Firtuiliano
1035 4953 1168 5008 fides
1210 4953 1487 5019 habenda,
1531 4955 1769 5023 episcopi
1804 4964 1882 5008 to-

286 5049 396 5103 tius
419 5047 600 5102 mundi
627 5063 684 5101 se
707 5048 861 5116 Papa:
883 5058 1269 5116 Opposuerunt.
1295 5047 1514 5118 Magnus
1537 5062 1667 5102 sane
1693 5049 1849 5102 trittm
1866 5077 1880 5088 -

286 5141 447 5213 phus,
473 5141 615 5210 quod
644 5141 784 5209 Papa
811 5152 998 5195 contra
1025 5143 1186 5195 totius
1216 5141 1394 5195 utundi
1426 5143 1707 5210 ονίδεομοε
1732 5142 1879 5196 solus

288 5236 569 5290 victoriam
603 5233 980 5303 reportaverit.
1011 5233 1115 5287 Sed
1149 5250 1267 5303 qua:
1297 5243 1425 5287 sunt
1454 5234 1540 5287 illa
1584 5234 1726 5287 varia
1767 5233 1881 5287 dis-

288 5330 593 5386 cordiarum
641 5328 882 5399 genera?
930 5325 987 5383 S.
1041 5327 1328 5400 Dionysius
1378 5326 1771 5382 Alexandrinus
1832 5327 1882 5380 iit

289 5423 518 5496 epistola
559 5421 832 5492 Stephano
863 5434 1013 5490 papae
1056 5419 1370 5473 transntissa
1411 5419 1613 5474 diserte
1656 5417 1736 5488 (2)
1780 5429 1888 5473 tes-

367 5604 447 5674 (1)
487 5601 542 5656 In
576 5609 756 5655 nostra
789 5599 1028 5674 vulgata,
1060 5599 1230 5674 Prov.
1278 5616 1425 5674 xxix.
1472 5601 1584 5674 Yiri
1606 5601 1893 5658 iracundus

293 5669 550 5748 prevocat
575 5674 742 5748 rixas,
770 5679 823 5724 et
849 5669 938 5748 qui
956 5670 1031 5748 _ad
1060 5671 1442 5741 indignandunt
1469 5671 1639 5729 facilis
1664 5684 1766 5740 eat,
1795 5674 1898 5730 erit

293 5740 360 5803 ad
391 5743 718 5812 peccandum
749 5740 1020 5812 proclivis.

367 5817 447 5889 (2)
489 5815 642 5888 Apud
676 5811 995 5883 Eusebium,
1029 5812 1158 5884 l.vt,
1189 5828 1236 5876 c.

1902 4536 1953 4595 D

1985 3285 2187 3338 tienter
2216 3283 2346 3336 satis
2385 3291 2441 3336 et
2481 3279 2676 3336 leniter
2705 3279 2965 3349 suscepit,
2998 3288 3056 3332 ut
3091 3293 3186 3333 eos
3224 3294 3325 3333 nec
3363 3279 3428 3334 ad
3471 3295 3585 3334 ser-

1985 3391 2202 3432 monem
2226 3375 2416 3430 saltem
2441 3373 2693 3443 colloquii
2717 3371 3022 3428 communis
3039 3370 3368 3427 admitteret.
3396 3355 3585 3428 Adhuc

1986 3471 2207 3540 insuper
2236 3469 2516 3524 charitatis
2552 3477 2608 3522 ct
2646 3465 2954 3521 dilectionis
2991 3464 3309 3535 praeciperet
3339 3464 3582 3520 fraterni-

1987 3565 2112 3619 tatis
2134 3564 2420 3629 universae,
2446 3576 2514 3618 ne
2537 3561 2658 3632 quis
2679 3573 2774 3615 eos
2797 3560 2848 3612 in
2874 3558 3093 3613 domum
3118 3572 3269 3612 suam
3293 3557 3582 3626 reciperet,

1985 3669 2042 3712 ut
2071 3655 2410 3710 venientibus
2443 3670 2548 3708 tton
2579 3653 2752 3707 solum
2788 3667 2888 3720 pax
2922 3662 2978 3705 et
3012 3649 3352 3715 communio,
3396 3649 3490 3705 sed
3530 3659 3585 3704 et

1983 3755 2184 3804 tectum
2212 3757 2268 3802 et
2293 3745 2582 3814 hospitium
2615 3752 2922 3812 negaretur.
2960 3761 2978 3795 ι

2055 3839 2284 3904 Totum,
2313 3835 2455 3907 quod
2489 3836 2575 3890 hic
2601 3844 2909 3890 enarratum
2941 3833 3059 3902 fttit,
3088 3835 3216 3889 mihi
3247 3834 3460 3892 videtur
3487 3833 3581 3889 lic-

1983 3935 2190 3997 titium,
2243 3941 2362 4000 post
2392 3939 2634 4000 tempora
2695 3928 2946 3994 Eusebii,
3013 3927 3356 4000 Hieronymi,
3415 3930 3582 3983 immo

1982 4026 2040 4080 S.
2063 4023 2344 4093 Augustini
2377 4023 2763 4092 excogitatum.
2792 4019 2988 4075 Notum
3016 4029 3094 4074 est
3124 4019 3265 4089 quod
3291 4020 3582 4074 Donatista:

1981 4115 2222 4172 Africani
2248 4114 2478 4185 plurima
2516 4112 2795 4168 mendacia
2817 4112 2868 4166 in
2921 4111 3210 4166 Historiam
3242 4110 3581 4167 Ecclesiasti-

1983 4226 2100 4266 cant
2132 4207 2507 4277 inSperserint,
2537 4205 2816 4276 signanter
2839 4214 3026 4260 contra
3056 4205 3337 4274 episcopos
3381 4203 3583 4259 Roma-

1986 4317 2104 4356 nos.
2141 4300 2410 4368 Tempore
2455 4299 2512 4354 S.
2551 4296 2829 4368 Augustini
2856 4297 2966 4366 jam
3005 4297 3296 4352 commenti
3338 4297 3582 4364 fuerant,

1983 4393 2128 4464 quod
2165 4391 2220 4448 S.
2256 4391 2598 4446 Marcellinus
2636 4405 2774 4461 papa
2818 4391 2919 4445 sub
2956 4391 3164 4444 initium
3197 4391 3379 4445 smculi
3413 4404 3490 4456 tv,
3525 4390 3577 4444 in

1986 4483 2708 4560 persecutione,DioCletiani
2747 4482 2906 4539 idolis
2945 4483 3066 4539 thus
3104 4483 3432 4539 adolevisset
3473 4480 3573 4554 (2i.

2053 4646 2135 4718 (l)
2176 4645 2236 4701 L.
2273 4661 2440 4712 XXXI,
2472 4643 2580 4699 c.i
2637 4685 2652 4708 ,
2685 4659 2737 4697 n.
2767 4640 2859 4698 24.

2057 4737 2136 4811 (2)
2177 4737 2232 4792 S.
2265 4738 2398 4806 Aug.
2429 4737 2492 4788 de
2520 4735 2663 4811 Unit.
2695 4733 2850 4803 Bapt.
2879 4741 3014 4811 con_t_.
3041 4731 3378 4811 Betilienum,
3408 4749 3458 4789 c.
3488 4735 3575 4790 16.

1983 4805 2122 4879 Quid
2164 4823 2299 4878 opus
2334 4805 2418 4879 est
2459 4816 2518 4879 ut
2563 4805 3226 4879 episcoporumEcclesia:
3282 4806 3575 4879 humanae,

1985 4876 2120 4950 quos
2167 4876 2904 4950 incredibilibuscalumniis
2954 4876 3245 4950 insectatur
3279 4877 3582 4950 Petilianus

1989 4945 2286 5013 Donatista,
2316 4949 2524 5015 objecta
2553 4948 2620 5002 ab
2647 4960 2714 5000 eo
2741 4945 2963 5000 crimina
2993 4945 3298 5000 diluamus?
3322 4945 3586 5004 Mareelli-

1983 5038 2082 5078 nus
2112 5031 2166 5075 et
2192 5020 2488 5089 presbyteri
2519 5021 2636 5086 ejus
2667 5032 2765 5089 pro
2798 5027 2942 5081 tunc,
2975 5027 3157 5085 postea
3189 5017 3384 5071 summi
3423 5017 3579 5089 Pon-

1987 5094 2190 5154 tiﬁces,
2231 5088 2555 5142 Muleltiades
2599 5097 2653 5142 et
2690 5088 2964 5158 Sylvester
2992 5089 3292 5142 traditionis
3333 5088 3580 5143 codicum

1985 5164 2286 5218 divinorum
2312 5169 2366 5212 et
2387 5157 2798 5213 thuriﬁeationis
2824 5159 2891 5212 ab
2917 5173 2983 5212 eo
3007 5158 3233 5213 crimine
3257 5161 3576 5228 arguuntur.

1987 5234 2092 5289 Sed
2127 5231 2383 5300 numquid
2425 5230 2548 5283 ideo
2578 5233 2738 5284 etiam
2775 5231 3186 5292 convincuntur,
3219 5239 3312 5283 aut
3346 5230 3581 5300 convicti

1987 5305 2165 5374 aliqua
2215 5299 2664 5374 documentorum
2711 5299 2963 5374 lirmitate
3007 5301 3412 5374 monstrantur?
3455 5299 3578 5368 Ipse

1988 5369 2282 5430 sceleratos
2323 5381 2377 5425 et
2406 5371 2696 5441 sacrilegos
2723 5369 2888 5424 fuisse
2916 5371 3046 5424 dicit.
3078 5387 3090 5422 :
3119 5372 3577 5440 ego_innocentes

1991 5446 2155 5500 fuisse
2181 5442 2500 5510 respondeo.
2532 5440 2668 5508 Quid
2695 5442 2929 5495 laborem
2956 5441 3185 5510 probare
3211 5440 3578 5498 defensionem

1996 5531 2202 5578 meam,
2231 5529 2350 5566 eunt
2385 5513 2474 5566 ille
2504 5527 2602 5567 nec
2631 5513 2861 5574 tenuiter
2891 5513 3116 5580 probare
3144 5526 3368 5576 conatus
3394 5513 3463 5567 sit
3489 5528 3580 5568 ac-

1997 5587 2330 5642 cusationem
2369 5585 2556 5637 suam?
2600 5584 2656 5638 Si
2698 5591 2782 5638 cst
2828 5583 2933 5636 ulla
2977 5582 3281 5648 humanitas
3319 5584 3375 5638 in
3419 5584 3580 5640 rebus

2001 5655 2283 5724 humanis,
2358 5665 2484 5721 puto
2542 5670 2640 5710 nos
2677 5653 2874 5724 jtiStius
2923 5668 3081 5723 posse
3126 5654 3483 5720 reprehendi.
3532 5655 3578 5708 si

2003 5731 2215 5797 ignotos
2233 5723 2494 5789 homines,
2515 5742 2647 5797 quos
2663 5725 3013 5797 criminantur
3031 5725 3250 5791 inimici,
3275 5741 3372 5782 nec
3392 5739 3580 5780 eorum

2014 5793 2214 5855 crimen
2248 5798 2352 5851 ulla
2385 5793 2750 5855 testiﬁcatione
2778 5795 3176 5864 demonstrant,
3210 5805 3462 5855 nocentes
3492 5810 3588 5867 po-
