4116 6258
596 309 738 369 1599
1939 293 2218 352 DISSER'I

2327 290 2393 348 ΙΟ
2430 291 2473 359 Ι,
3768 282 3877 339 “00

588 424 779 497 Quoad
825 422 1220 493 rebaptizantes
1262 434 1329 475 eo
1372 418 1482 488 jam
1529 416 1799 490 progressi
1842 414 2087 480 fuerant,
2131 420 2192 467 ut
2218 412 2271 473 Α
2295 407 2445 464 biora
2478 415 2774 478 sequentur
2807 406 2865 459 n‘
2894 404 2987 459 τι.
3011 431 3081 443 -—
3104 401 3318 458 Bertius
3347 400 3459 471 (t),
3493 408 3552 455 ut
3582 398 3878 470 persuadeat

590 493 828 577 dixerint
860 518 962 586 (an
1004 530 1164 577 vere,
1206 514 1291 569 vel
1338 512 1503 579 falso,
1551 512 1678 567 nolo
1718 509 1806 563 hic
1845 503 2195 575 examinare)
2300 520 2420 560 esse
2446 502 2721 574 propriam
2744 494 3521 562 Firmilianivocem,asserit:
3548 493 3707 547 «Dari
3733 508 3877 550 exem-

596 616 656 671 S.
690 612 1016 684 Cyprianum
1054 607 1447 677 rebaptizasse;
1487 603 1836 659 nihilominus
1873 601 1931 657 S.
1970 600 2200 669 Stepha-
2303 600 2387 669 pla
2410 606 2669 653 sexcenta
2691 598 2745 651 in
2768 595 2963 667 quibus
2984 593 3159 649 sancti
3184 592 3369 647 Patres
3397 591 3470 645 ita
3498 598 3687 645 mutuo
3710 602 3875 646 excan-

597 723 727 763 num
761 719 953 774 papam
983 702 1158 755 adhuc
1191 699 1545 754 recensebant
1584 698 1725 752 inter
1752 711 1847 751 eos
1876 695 1965 764 qui
1991 693 2201 762 episco-
2304 688 2576 745 duerint.»

597 810 778 870 patum
813 795 1110 867 gessissent
1143 792 1444 855 illibatum;
1480 805 1600 845 nam
1641 789 1953 859 episcopum
2006 785 2202 838 lloma—
2376 785 2475 839 Ast
2503 797 2605 854 ego
2629 796 2829 838 censeo
2854 782 2970 837 dari
3000 781 3209 836 nullum
3237 775 3543 835 istiusmodi
3568 775 3875 845 exemplum.

602 869 730 948 num
760 890 811 943 in
843 904 949 959 quo
974 901 1070 941 ceu
1102 893 1384 955 peccatore
1412 881 1684 937 successio
1713 879 1860 934 Petri
1886 875 2202 941 defecisset,
2308 878 2517 933 Bertius
2543 875 2762 931 adducit
2786 875 2945 939 duos,
2970 876 3311 946 Polycratem
3339 881 3395 927 et
3422 869 3879 941 S.lren:eum,qui

600 984 831 1055 primum
883 978 1193 1035 statuebant
1237 974 1625 1030 Marcellinum.
1673 971 1792 1026 Jam
1845 970 2202 1023 subsummo:
2308 971 2615 1041 pertinaces
2645 972 2958 1025 restiterant
2983 968 3043 1024 S.
3075 967 3278 1022 Victori
3310 981 3484 1036 papae.

600 1078 644 1132 si
690 1076 780 1128 illo
815 1073 873 1127 S.
917 1069 1195 1140 Augustini
1244 1078 1487 1136 tempore
1554 1064 1793 1135 Episwla
1843 1060 2205 1116 Firmilianica
2384 1061 2582 1116 Verum
2610 1062 2889 1116 enimvero
2922 1060 3014 1115 1°:
3047 1059 3111 1113 Hi
3141 1060 3248 1114 duo
3277 1074 3384 1114 non
3411 1066 3537 1112 sunt
3565 1057 3814 1113 sexcenti.
3835 1056 3878 1110 2⁸

601 1166 765 1221 modo
798 1162 1142 1227 innotnisset,
1174 1159 1258 1214 vel
1286 1160 1329 1213 si
1356 1158 1667 1226 Stephanus
1703 1154 1986 1209 Africanos
2017 1152 2210 1221 rebap-
2310 1154 2393 1208 llli
2424 1153 2532 1209 duo
2563 1154 2837 1224 pertinent
2865 1152 2932 1207 ad
2965 1167 3131 1206 unum
3165 1161 3218 1206 et
3250 1150 3391 1206 idem
3432 1150 3746 1218 exemplum
3780 1164 3877 1203 con-

603 1258 881 1315 tizantium
917 1256 1123 1325 legatos
1164 1254 1451 1323 episcopos
1483 1260 1588 1304 tam
1619 1248 1882 1303 inurbane
1910 1245 2206 1307 habuisset,
2315 1247 2594 1303 troversim
2615 1247 2759 1301 circa
2773 1244 2979 1299 Pascha
3003 1243 3412 1318 celebrandum.
3436 1242 3493 1297 5°
3511 1240 3724 1296 Neuter
3740 1255 3876 1296 eorum

608 1354 694 1408 vel
746 1353 789 1407 si
840 1351 899 1406 S.
946 1348 1220 1421 Cypriane
1271 1344 1885 1401 excommunicationem
1936 1340 2213 1394 dumtaxat
2316 1355 2531 1395 summo
2561 1339 2810 1394 Pontitici
2851 1337 3188 1393 conviciatus
3229 1337 3344 1390 fuit.
3388 1333 3446 1389 S.
3490 1333 3741 1388 frena-us
3774 1334 3880 1403 epis-

617 1445 978 1500 comminatus
1011 1442 1235 1503 fuisset;
1264 1453 1330 1492 an
1357 1437 1648 1491 Donatista:
1677 1436 1733 1487 S.
1765 1432 2037 1501 Stephano
2062 1446 2213 1501 papae
2316 1453 2486 1510 copus
2513 1437 2734 1494 nomine
2764 1436 2988 1491 fratrum
3018 1450 3112 1505 per
3136 1434 3365 1490 Galliam
3385 1475 3400 1499 ,
3430 1431 3627 1503 quibus
3663 1442 3876 1500 praeerat,

606 1546 815 1590 tantum
848 1533 1067 1586 honoris
1097 1529 1508 1600 permisissent?
1536 1528 1617 1581 An
1662 1540 1768 1580 non
1803 1525 1980 1594 potius
2017 1522 2215 1577 docere
2245 1520 2293 1579 B
2321 1532 2569 1602 scripsit,
2600 1538 2655 1585 et
2682 1529 2883 1600 Papam
2916 1528 3243 1599 deprecatus
3274 1536 3377 1592 est,
3407 1540 3478 1580 ne
3507 1523 3754 1595 episc0pi
3777 1524 3879 1580 Asia

608 1629 929 1684 debuissent
957 1624 1292 1694 Stephanum
1324 1621 1487 1676 fuisse.
1520 1619 1748 1689 primum
1767 1659 1781 1683 ,
1815 1617 1867 1670 in
1895 1630 2002 1686 quo
2032 1624 2216 1668 aucto-

609 1723 740 1778 ritas
771 1719 919 1776 Petri
951 1722 1111 1773 linem
1150 1715 1464 1770 habuisset?
1491 1712 1632 1769 Sane
1664 1712 1823 1782 igitur
1857 1707 2076 1778 praefata
2104 1707 2216 1762 dic-

610 1815 742 1871 teria
776 1822 965 1869 contra
1006 1811 1063 1865 S.
1100 1808 1433 1878 Stephanum
1470 1806 1674 1875 prolata
1719 1802 1933 1856 interitu
1967 1799 2215 1855 habenda

611 1915 741 1962 sunt
766 1915 1038 1973 tamquam
1068 1900 1248 1972 putida
1276 1898 1579 1961 mendacia,
1606 1895 1781 1951 donec
1809 1893 2029 1949 aliunde
2053 1908 2217 1963 quam

608 2012 677 2053 ex
702 1993 1256 2066 pseudo-Firmiliano
1289 1992 1603 2060 probentur.
1628 1989 1958 2044 Testimonia
1992 1987 2215 2055 Fleurii,

609 2087 940 2152 Alexandri,
976 2086 1187 2156 Dupinii
1210 2128 1225 2153 ,
1253 2084 1414 2138 Cavei
1447 2084 1579 2137 nihil
1607 2082 1829 2151 juvant;
1867 2096 1991 2136 nam
2027 2095 2218 2136 omnes

613 2180 1167 2253 pseudo-Firtniliano
1188 2178 1490 2233 credidere.
1515 2176 1737 2231 Frustra
1767 2175 2080 2231 laborarunt
2116 2175 2219 2230 Ba-

612 2276 831 2337 ronius,
866 2281 974 2329 etc.
996 2315 1010 2339 ,
1045 2280 1101 2326 ut
1137 2270 1471 2341 Stephanum
1504 2278 1857 2334 excusarent;
1894 2283 2017 2323 nam
2046 2276 2217 2324 totum

617 2377 704 2423 est
735 2367 1005 2421 ftctitium.

682 2460 857 2516 lronia
888 2459 967 2526 3°,
1000 2469 1188 2514 contra
1219 2471 1489 2511 summum
1521 2456 1837 2511 Pontificem
1878 2455 1979 2529 (1).

689 2574 708 2607 ‹
744 2556 857 2611 Hoc
892 2564 976 2611 est
1010 2568 1258 2609 servasse
1296 2552 1556 2608 unitatem
1578 2594 1591 2606 .
1619 2592 1632 2605 .
1657 2593 1670 2606 .
1710 2553 2044 2609 Abscindere
2084 2568 2143 2609 se
2188 2569 2216 2607 a

613 2647 879 2704 cbaritate
901 2689 917 2715 ,
950 2655 1005 2702 et
1034 2647 1267 2700 alienum
1300 2661 1359 2700 se
1391 2661 1488 2715 per
1517 2646 1698 2699 omnia
1731 2643 1985 2700 fratribus
2014 2644 2215 2712 facere,

613 2748 670 2794 et
708 2747 895 2795 centra
936 2747 1331 2792 sacramentum
1372 2747 1429 2793 et
1470 2736 1627 2791 fidem
1668 2740 1999 2792 contumacis
2042 2738 2221 2794 furore

615 2831 905 2886 discordiae
949 2830 1230 2885 rebellare.
1275 2830 1429 2899 Apud
1472 2832 1633 2885 talem
1678 2839 1853 2900 potest
1893 2846 2014 2885 esse
2054 2847 2216 2886 unum

614 2942 846 2995 corpus,
894 2935 948 2981 et
989 2940 1124 2981 unus
1164 2924 1421 2994 spiritus,
1465 2923 1605 2993 apud
1647 2938 1805 2993 quem
1847 2924 2075 2979 fortasse
2106 2925 2219 2993 ipsa
2247 2914 2291 2976 C

613 3024 790 3076 anima
824 3037 926 3075 una
957 3035 1061 3075 non
1092 3030 1209 3085 est;
1240 3023 1318 3074 sic
1347 3019 1553 3073 lubrica
1576 3059 1590 3083 ,
1634 3018 1849 3073 mobilis
1886 3028 1937 3073 et
1981 3019 2222 3074 incerta?

619 3115 727 3170 Sed
758 3124 1015 3182 quantum
1048 3116 1283 3182 pertinet
1312 3111 1379 3166 ad
1412 3112 1561 3166 illum
1584 3154 1597 3175 ,
1633 3112 2018 3180 relinquamus.
2053 3132 2071 3163 ι

691 3209 729 3263 Ι.
760 3208 899 3262 Ecce
919 3250 934 3274 ,
961 3207 1049 3273 qui
1072 3222 1135 3261 ex
1164 3207 1503 3261 institutione
1526 3204 1707 3260 divina
1730 3215 1813 3261 est
1836 3216 2077 3261 centrum
2106 3206 2225 3261 uni-

619 3303 773 3369 tatis,
829 3300 1133 3355 declaratur
1176 3306 1231 3352 ut
1269 3299 1538 3353 abscissus
1576 3298 1643 3351 ab
1683 3299 1921 3363 unitate,
1971 3296 2225 3355 fratribus

623 3410 719 3463 per
759 3392 940 3449 omnia
991 3392 1237 3455 alienus,
1286 3400 1472 3444 contra
1519 3402 1917 3444 sacramentum
1964 3402 2017 3446 et
2064 3391 2221 3445 fidem

619 3494 944 3549 contumax,
982 3480 1334 3545 furibundus,
1375 3479 1613 3543 discors,
1649 3480 1900 3546 rebellis,
1946 3482 2217 3548 lubricus,

620 3576 867 3643 mobilis,
898 3577 1156 3638 incertus,
1190 3583 1244 3628 et
1266 3590 1388 3629 cum
1440 3575 1553 3628 haec
1578 3571 1830 3629 'convicia
1856 3575 2075 3630 sedulus
2095 3590 2223 3631 con-

621 3680 895 3737 gesserat,
920 3678 975 3724 et
995 3670 1173 3723 omnia
1195 3666 1465 3723 effutierat
1491 3675 1676 3722 contra
1704 3666 2067 3738 Stephanum;
2099 3681 2223 3725 tunc

625 3762 844 3816 demum
890 3761 1130 3815 decernit
1176 3760 1557 3816 abstinendum
1599 3776 1721 3816 esse
1765 3761 1835 3816 ab
1875 3761 2224 3817 ulterioribus

623 3855 916 3919 conviciis,
949 3869 1013 3909 ac
1043 3855 1397 3926 quaestionem
1431 3855 1785 3927 principalem
1828 3856 2005 3926 potius
2043 3856 2223 3912 discu-

629 3947 868 4003 tiendam
900 3963 1039 4003 esse.

698 4042 761 4096 ll.
805 4042 938 4109 Quis
978 4040 1166 4097 credat
1206 4041 1345 4096 hanc
1375 4041 1544 4098 fuisse
1574 4056 1763 4098 vocem
1795 4042 2023 4112 alicujus
2052 4044 2226 4098 sancti

623 4137 863 4208 episcopi
906 4136 974 4193 de
1002 4136 1145 4207 Papa
1175 4151 1272 4192 suo
1300 4137 1585 4206 superiore
1614 4135 2035 4209 conquerentis?
2063 4137 2226 4193 Acer-

2320 1624 2922 1679 excommunicarentur
2963 1621 3068 1691 (2).

2392 1719 2545 1775 Nunc
2570 1717 2930 1774 conviciando
2968 1717 3123 1787 quasi
3170 1716 3404 1771 lassatus
3431 1724 3487 1769 et
3511 1713 3794 1769 exhaustus
3815 1714 3884 1769 de-

2322 1828 2429 1868 nuo
2467 1821 2699 1868 attentat
2736 1827 2889 1867 suam
2931 1810 3241 1865 btereticam
3283 1810 3597 1879 opinionem
3632 1824 3699 1863 ex
3740 1810 3877 1863 sacris

2323 1907 2681 1978 scriptoribus
2709 1905 2981 1976 probare:
3020 1924 3039 1958 r
3064 1903 3171 1960 Sed
3201 1914 3461 1975 quantum
3488 1903 3555 1957 ad
3583 1902 3725 1957 illum
3750 1903 3881 1971 (Ste-

2323 1998 2604 2071 phanum)
2645 2000 2915 2070 pertinet,
2948 1998 3351 2068 relinquamus:
3384 1996 3714 2052 excutiamus
3736 1998 3880 2065 potius

2322 2095 2376 2150 id
2407 2094 2476 2150 de
2502 2110 2611 2164 quo
2638 2092 2872 2148 maxima
2902 2100 2988 2147 est
3010 2092 3260 2161 quaestio.
3295 2110 3314 2142 ι

2394 2189 2548 2245 Tunc
2587 2188 2835 2255 sequenti
2878 2186 3048 2241 utitur
3084 2185 3291 2240 sorite:
3330 2203 3348 2235 ι
3375 2183 3543 2240 Nobis
3567 2192 3616 2238 et
3636 2181 3868 2236 haereticis

2323 2298 2432 2338 non
2469 2290 2555 2337 est
2594 2295 2734 2335 unus
2774 2280 2915 2335 Deus
2952 2288 3007 2334 et
3047 2278 3341 2342 Dominus,
3382 2288 3439 2332 et
3478 2276 3640 2339 fides,
3676 2276 3870 2344 alioquin

2324 2390 2430 2429 non
2463 2373 2737 2438 bteretici,
2770 2371 2865 2426 sed
2898 2371 3223 2434 Christiani;
3253 2384 3384 2439 ergo
3415 2384 3517 2423 nec
3550 2368 3687 2422 idem
3704 2367 3879 2431 Baptis~

2324 2484 2476 2533 mus;
2505 2482 2629 2522 nam
2652 2465 2720 2520 ad
2742 2463 3090 2520 concordiam
3113 2462 3411 2517 exhortans
3436 2460 3635 2516 Paulus
3652 2461 3745 2515 ait:
3771 2458 3887 2514 Cum

2324 2562 2597 2625 Dominus,
2627 2575 2731 2613 una
2759 2556 2908 2625 ﬁdes,
2938 2572 3095 2609 unum
3125 2554 3413 2624 Baptisma,
3446 2568 3584 2606 unus
3605 2550 3756 2606 Deut.
3788 2572 3806 2603 ι

2395 2655 2566 2713 Nemo
2612 2669 2721 2709 non
2767 2654 2916 2707 videt
2960 2665 3082 2707 esse
3127 2647 3434 2718 sophisma;
3478 2662 3604 2701 nam
3647 2646 3810 2708 nobis,
3843 2655 3887 2698 et

2324 2752 2703 2809 haereticorum
2738 2748 2985 2820 plurimis
3014 2755 3096 2801 est
3121 2758 3292 2809 unus,
3321 2742 3574 2811 idemque
3602 2741 3761 2807 Deus,
3780 2740 3884 2792 sicut

2325 2847 2503 2913 nobis,
2537 2855 2589 2901 et
2622 2860 2675 2898 v.
2709 2859 2762 2913 g.
2797 2839 3123 2897 Lutheranis
3152 2846 3235 2893 est
3263 2852 3405 2891 unus
3438 2833 3689 2905 idemque
3714 2833 3885 2904 Baptis-

2326 2956 2445 2995 mns
2469 2956 2498 2994 a
2524 2938 2743 2993 Christo
2777 2935 3030 2991 traditus.

2401 3034 2640 3103 Denique
2667 3047 2810 3087 novo
2843 3030 3045 3099 impetu
3068 3036 3256 3082 contra
3282 3025 3339 3081 S.
3372 3024 3695 3092 Stephanum
3719 3023 3882 3077 iterum

2326 3126 2722 3189 dcbacchatur;
2754 3132 2809 3178 et
2848 3121 2975 3176 dum
3020 3128 3231 3188 tempus
3282 3116 3384 3186 ipsi
3418 3114 3589 3169 defuit
3632 3126 3889 3182 congruam

2324 3219 2597 3276 scribendi
2627 3216 2913 3288 epistolam
2933 3257 2948 3282 ,
2979 3213 3179 3283 repetit
3208 3228 3269 3267 ea
3302 3226 3424 3281 qua:
3452 3210 3694 3279 superius
3724 3208 3777 3262 n‘
3802 3206 3859 3260 6i
3879 3249 3891 3271 ,

2325 3313 2416 3380 '59,
2437 3313 2547 3382 jam
2580 3306 3090 3380 scripserat.--—tEt
3118 3321 3225 3360 non
3258 3302 3425 3373 pudet
3452 3300 3767 3370 Stephanum
3793 3298 3897 3351 ba:-

2326 3405 2509 3461 reticis
2538 3404 2801 3459 adversus
2833 3400 3130 3457 Ecclesium
3163 3397 3504 3468 patrocinium
3534 3400 3805 3461 praestare,
3834 3400 3889 3445 et

2327 3508 2548 3569 propter
2574 3495 2862 3552 haereticos
2886 3490 3211 3549 asserendos
3238 3486 3611 3544 fraternitatem
3634 3482 3897 3547 scindere,

2327 3591 2570 3662 insuper,
2602 3601 2707 3645 etc.
2723 3610 2740 3642 ι

2398 3684 2702 3751 Stephanus
2749 3683 3024 3738 haereticis
3070 3680 3277 3736 nullum
3324 3678 3583 3733 adversus
3624 3675 3901 3732 Ecclesiam

2327 3778 2682 3850 patrocinium
2725 3777 3005 3845 praestitit;
3049 3774 3318 3844 siquidem
3361 3788 3551 3827 eorum
3595 3770 3907 3841 Baptisnnnn

2328 3888 2450 3928 cum
2490 3872 2769 3942 Apostolis
2795 3881 2850 3926 et
2881 3871 3130 3924 universa
3162 3866 3405 3921 Ecclesia
3433 3873 3733 3920 veneratus
3758 3874 3835 3919 est
3870 3873 3915 3915 ut

2329 3966 2597 4032 validum,
2627 3979 2731 4019 non
2758 3974 2979 4035 propter
3003 3960 3341 4025 ministrum,
3370 3958 3453 4012 vel
3483 3957 3650 4026 hujus
3679 3954 3909 4015 heresin,

2330 4058 2425 4114 sed
2466 4066 2684 4128 propter
2714 4056 2992 4110 materiam
3024 4061 3080 4108 et
3107 4051 3331 4106 formam
3366 4067 3395 4103 a
3424 4051 3653 4105 Christo
3688 4049 3913 4104 traditas.

2329 4152 2467 4207 Male
2487 4150 2793 4206 traducerer
2832 4155 2890 4201 ut
2928 4145 3104 4200 fautor
3140 4144 3603 4209 Lutheranorum,
3655 4143 3746 4198 vel
3768 4140 3921 4195 Calvi-

2331 4248 2623 4309 nistarum,
2653 4243 2780 4297 licet
2816 4239 3158 4295 admitterem
3191 4246 3419 4308 quatuor
3447 4237 3761 4306 Evangelia
3793 4251 3821 4288 a
3849 4250 3926 4287 no-

626 4320 733 4401 tius
776 4336 935 4403 quam
982 4320 1297 4403 innocentes
1326 4319 1738 4403 crediderimus.
1781 4319 1855 4402 Ita
1896 4319 2126 4403 Sang.
2179 4320 2215 4374 1.

2332 4339 2414 4395 bis
2443 4334 2736 4392 Catholicis
2764 4342 2983 4402 accepta
3020 4328 3161 4399 apud
3194 4329 3313 4383 illos
3346 4327 3621 4382 mansisse
3654 4328 3862 4394 integra
3886 4336 3928 4377 ct

627 4392 743 4449 cit..
770 4369 857 4459 qui
884 4393 921 4445 Ι.
947 4406 1001 4445 ιιι
1030 4400 1171 4444 eont.
1201 4389 1457 4444 Crescon.
1486 4369 2218 4446 multaalia-factaltistgriea
2244 4369 2297 4428 Ῑ)
2333 4369 2414 4395 ωδ
2443 4369 2736 4440 Ϋωηωωῖδ
2756 4369 2983 4454 ,υῖωξνιῗ
3015 4369 3161 4447 ῘΨωξ
3194 4369 3313 4383 mw
3346 4369 3803 4450 "mmw‘tf'm"

628 4472 872 4503 manantem
901 4479 926 4503 τι
955 4462 1442 4503 Πηιιειιίςιίςρηιιινεδ
1469 4461 1749 4503 ρηίςνηηης
1765 4459 2072 4503 Czttlinlimic
2093 4478 2222 4503 ann-
2323 4444 2576 4503 genumar
2596 4443 2663 4481 cx
2694 4426 2799 4481 Iul”
2827 4426 3029 4479 haunn
3060 4436 3217 4492 po°se
3244 4436 3426 4474 Sanam
3456 4418 3608 4474 doc"
3628 4434 3806 4474 'nam‘

2562 4470 2576 4495 9

627 4472 876 4517 recenset
901 4479 927 4514 a
955 4462 1244 4516 Donatistis
1259 4470 1443 4515 centra
1469 4461 1749 4530 episcopos
1765 4459 2073 4516 Catholicos
2093 4478 2222 4517 con-

627 4510 2220 4600 adibiiaa'niigu’gimit-iiMiilliiﬁnitﬁiii;iacias
2397 4521 2568 4576 Porro
2610 4534 2732 4574 cum
2779 4514 3149 4571 sanctissimus
3199 4519 3353 4581 pater
3399 4518 3591 4565 noster
3630 4510 3932 4579 Stephanus

627 4604 1139 4687 Τεξθνίιηςοιιίὶςιυεχ
1175 4604 1245 4687 ρει
1283 4603 1725 4687 gangliis-"affligi
1768 4603 2111 4658 Βοηθιιάὶείίιε
2154 4605 2224 4659 ad
2326 4631 2461 4687 papa
2514 4614 2585 4668 ita
2634 4612 2850 4681 indigne
2890 4607 3137 4678 vapulet,
3181 4619 3281 4659 nos
3319 4604 3501 4659 cuncti
3547 4606 3655 4676 qui
3703 4605 3936 4661 eamdem

892 4685 1053 4745 sept.,
1090 4684 1148 4728 ut
1176 4673 1383 4729 Berttus
1410 4674 1750 4730 Bollaudistis
1777 4688 2055 4732 assensum
2085 4691 2224 4748 prae-
2323 4673 2642 4778 ίηδηιθηιω.
2680 4673 2837 4756 mg“,
2860 4742 2874 4769 ’
2907 4673 2972 4756 in‘
2994 4697 3183 4754 [aciem
3215 4694 3505 4762 “edimur,
3539 4673 3602 4752 ei
3639 4712 3767 4753 non
3806 4694 3931 4752 indi,

626 4743 872 4889 ὺυῗῧιῇη
906 4815 1007 4884 Ep,
1036 4813 1472 4887 Cypriauicarum
1500 4817 1589 4889 69.
1622 4816 1924 4874 Florentius
1953 4820 2218 4889 Pupianus

2327 4743 2590 4778 μιν.........

2327 4798 2590 4871 gnatnur?

2388 4890 2586 4947 Ultima
2625 4903 2766 4944 nunc
2803 4896 3122 4958 sequuntur,
3163 4900 3334 4957 eaque
3372 4884 3721 4955 gravissima
3772 4895 3946 4941 contra

624 4887 911 4971 episcopus
953 4889 1333 4971 introducitur,
1361 4890 1502 4971 quod
1590 4889 1799 4971 Pseudo
1825 4890 1844 4962 )
1884 4887 2209 4971 Cyprianum

623 4960 899 5049 vocaverit
931 4960 1291 5049 .supelrbnmg
1324 4964 1480 5049 igitur
1524 4960 1835 5049 Cyprianus
1894 4960 2123 5049 pi‘ttbal._
2151 4978 2211 5019 se
2315 4983 2715 5041 sanctissimum
2750 4980 2971 5049 Papam,
3002 4987 3060 5033 ut
3086 4977 3379 5033 vilissimus
3406 4991 3600 5031 scurra
3639 4977 3883 5034 duriora
3908 4989 3953 5032 ct

2315 5074 2592 5133 acerbiora
2623 5082 2916 5129 scommata
2947 5085 3198 5126 evomere
3227 5086 3333 5124 non
3368 5070 3683 5139 potuisset.
3726 5076 3795 5127 S.
3834 5072 3948 5127 Ste-

624 5046 748 5103 esse
777 5048 903 5085 vere
931 5030 1214 5094 lnnnilem,
1242 5039 1297 5084 et
1325 5030 1597 5086 Florentio
1615 5030 1849 5103 regerit:
1882 5030 1962 5089 An
1993 5044 2045 5088 tu
2076 5034 2212 5091 thu-

625 5102 802 5175 milis)
830 5105 919 5172 qni
955 5112 1004 5155 te
1034 5103 1342 5169 episeopum
1373 5104 1641 5173 episeopi,
1675 5102 1727 5160 et
1752 5106 1989 5173 judicem
2017 5106 2213 5175 judicis

2316 5172 2550 5243 phanum
2576 5167 2805 5224 traducit
2828 5175 3097 5236 tamquam
3119 5163 3365 5219 dolosum
3387 5164 3733 5231 operarium
3759 5209 3777 5231 ,
3807 5182 3957 5238 pseu-

2319 5262 2764 5333 do-apostolum,
2806 5260 2970 5314 immo
3013 5255 3549 5328 pseudo—Christum.
3585 5257 3952 5330 Ambagibus

623 5188 654 5227 a
690 5174 797 5227 Deo
829 5175 969 5227 docti
1002 5176 1318 5238 constituis,
1350 5188 1469 5227 cum
1507 5175 1761 5231 Dominus
1795 5180 1844 5231 in
1881 5174 2213 5233 Dz-uti-rouo-

624 5246 734 5298 mio
764 5245 938 5299 tiiCot:
974 5242 1041 5319 E__t
1077 5243 1268 5309 homo,
1294 5247 1627 5319 quicumque
1658 5248 1812 5302 fuerit
1843 5249 1894 5303 in
1924 5250 2172 5318 superbia
2193 5293 2210 5319 ,

2316 5358 2482 5414 utitur
2525 5356 2616 5413 ille
2659 5355 2887 5413 festinus
2932 5353 3195 5423 scriptor;
3247 5360 3304 5408 et
3349 5366 3548 5407 novum
3610 5355 3949 5414 accumulat

622 5327 680 5390 ut
709 5316 1091 5390 non_ex:_t_tn_tiat
1122 5316 1452 5390 sacerdmctu
1484 5327 1575 5371 aut
1600 5319 1830 5383 jndicem
1850 5362 1863 5384 ,
1895 5316 2216 5390 quicumque

620 5385 784 5441 fuerit
815 5388 865 5440 in
897 5386 1088 5441 diebus
1126 5387 1226 5440 illis
1246 5428 1261 5452 ,
1306 5388 1564 5442 morietur
1595 5390 1754 5443 hortm
1783 5392 1887 5445 ille.
1912 5385 2216 5447 Adducitur

622 5458 681 5513 S.
716 5458 943 5517 Paulus;
974 5458 1060 5524 qui
1093 5457 1143 5510 in
1172 5456 1321 5511 falsis
1350 5469 1405 5513 et
1430 5460 1673 5527 Spoliatis
1699 5461 2069 5517 sacerdotibus
2096 5480 2213 5519 unt-

618 5528 771 5583 bram
806 5538 982 5582 tamen
1026 5529 1192 5596 ip~ant
1228 5530 1435 5583 inanem
1469 5531 1815 5587 sacerdotalis
1855 5534 2086 5587 nominis
2115 5552 2211 5591 ve-

619 5600 1125 5678 neratus-uixerat:
1163 5599 1515 5678 Nes_0teli:t_ot_,
1546 5601 1739 5657 fratres
1759 5646 1775 5667 ,
1815 5605 1936 5673 quia
1960 5604 2208 5661 Pontifex

617 5678 735 5742 est}
765 5670 1019 5742 scriptum
1066 5681 1147 5742 est
1190 5672 1367 5742 enim:
1414 5670 1719 5740 Principem
1767 5670 1942 5742 populi
1986 5677 2057 5730 tui
2100 5694 2205 5731 non

622 5734 1564 5821 gnto-leg‘icges:Pseudo‘Firmilianus
1600 5734 1675 5799 'se
1722 5734 1956 5813 judicetn
2010 5748 2206 5805 summi

619 5794 895 5854 Pontificis
925 5805 1221 5860 constituit.

2390 5538 2468 5608 (ιι)
2496 5537 2562 5593 L.
2596 5553 2773 5603 xxxi,
2803 5537 2993 5602 c.13,
3030 5534 3172 5608 n°g5_.

2388 5605 2466 5679 (2)
2501 5609 2783 5683 Eusebius.
2811 5624 2862 5669 v,
2888 5608 2981 5661 lib.
3011 5623 3059 5662 c.
3090 5605 3455 5683 att—Immo
3475 5615 3531 5660 et
3551 5605 3668 5662 illa
3698 5610 3962 5683 Polycra-

2312 5681 2380 5755 t_is
2401 5723 2417 5746 ,
2444 5690 2503 5755 et
2524 5682 2706 5755 |rentei
2737 5682 2870 5755 facta
2905 5687 3164 5755 non_sunt
3188 5679 3409 5755 omnino
3438 5688 3586 5731 certa
3619 5695 3639 5742 ;
3706 5679 3963 5755 sthbicm

2311 5751 2598 5806 Eusebium
2624 5751 2785 5806 fuisse
2805 5751 3178 5822 interpolatum
3196 5758 3302 5803 tam
3323 5749 3373 5801 in
3401 5763 3555 5806 causa
3593 5749 3965 5822 quandue.

2307 5823 2675 5892 cimanorum,
2715 5838 2876 5894 quam
2906 5821 3397 5892 Auabaptistarum.
