4208 6276
325 257 462 317 ΗΜ

1191 257 1278 314 DE
1318 255 1692 314 FIRMILIANI
1732 256 1823 313 AD
1866 256 1924 313 S.
1964 253 2362 314 CYPRIANUM
2401 254 2758 314 EPISTOLA.

3493 258 3635 318 1402

320 377 663 435 mendacium
684 420 698 444 ,
723 392 917 448 nempe
944 377 1068 434 talia
1095 388 1390 435 scommata
1417 394 1485 436 ex
1511 394 1606 435 ore
1633 377 1915 449 ipsiusmet
1944 378 1993 439 Λ
2017 377 2216 449 gustini
2257 378 2486 449 primum
2530 377 2854 444 innotuerit,
2897 375 3021 433 inde
3065 376 3335 452 conjicio:
3382 377 3439 434 1⁸
3485 377 3622 448 Quia

318 471 518 528 summi
541 471 818 527 Pontiﬁcis
836 471 1066 542 primum
1102 472 1440 543 proﬂuxisse.
1463 473 1542 527 Ειι
1565 472 1706 528 illius
1733 472 1914 527 verba.

398 583 417 616 ‹
447 563 778 634 Stephanum
833 579 940 620 non
994 565 1201 634 pudet.
1237 607 1250 621 .
1284 606 1297 620 .
1329 569 1546 637 insuper
1596 566 1918 638 Cyprianum

318 655 836 728 pseudo-Christum
875 667 928 712 et
968 658 1543 728 pseudo-apostolum,
1591 668 1646 713 et
1685 657 1918 728 pseudo-

318 749 625 818 Operarium
659 749 738 819 (l)
773 750 994 807 dicere?
1034 752 1133 818 Qui
1163 754 1342 820 omnia
1371 752 1513 808 inter
1541 769 1601 809 se
1630 769 1752 810 esse
1789 768 1919 808 con-

320 839 466 895 scius
487 841 779 910 praevenit,
805 851 864 896 ut
885 841 1040 898 alteri
1061 857 1123 898 ea
1156 858 1250 914 per
1278 845 1614 900 mendacium
1637 845 1916 915 objiceret,

319 947 438 1002 quae
478 933 591 1002 ipse
630 948 697 989 ex
738 935 932 989 merito
969 935 1157 991 audire
1194 936 1437 992 deberet.
1470 938 1615 993 Bene
1645 947 1698 993 te
1737 939 1919 996 valere

316 1033 420 1088 etc.
444 1055 516 1064 —-
535 1024 668 1092 Quis
691 1025 876 1080 credat
899 1027 1040 1096 quod
1069 1028 1127 1084 S.
1149 1027 1453 1099 Stephanus
1487 1031 1543 1084 S.
1565 1029 1915 1102 Cyprianum,

315 1115 472 1186 cujus
502 1133 698 1172 nomen
731 1117 972 1173 Ecclesia
1004 1118 1244 1176 Romana
1275 1136 1372 1175 suo
1403 1121 1582 1176 missae
1611 1123 1804 1177 canoni
1839 1123 1918 1178 in-

315 1209 488 1265 seruit
536 1210 605 1265 ab
656 1212 908 1281 antiquo,
960 1213 1278 1270 vocitaverit
1333 1215 1911 1286 pseudo-apostolum,

316 1301 870 1371 pseudo-Christum?
909 1304 976 1362 Et
1025 1304 1141 1362 haec
1191 1299 1330 1379 Papa
1383 1323 1450 1365 ex
1500 1306 1694 1366 merito
1731 1312 1918 1369 audire

324 1395 548 1453 debuit?

386 1490 665 1548 Recordor
701 1493 845 1564 quod
875 1494 1034 1548 etiam
1067 1493 1337 1553 Lutberus
1369 1497 1440 1569 (2)
1475 1513 1668 1568 papam
1705 1499 1912 1555 vocitao

310 1581 455 1637 verit
511 1583 936 1651 Antichristum;
989 1586 1084 1641 sed
1142 1589 1358 1655 nescio,
1416 1591 1535 1659 quis
1593 1590 1917 1661 petulantior

310 1677 473 1733 luerit
509 1688 696 1734 contra
735 1694 1046 1749 supremum
1090 1683 1252 1737 tOtius
1306 1682 1616 1739 christiana:
1655 1685 1916 1742 Ecclesiae

2024 484 2192 539 usque
2218 469 2284 532 ad
2311 477 2525 523 aetatem
2551 469 2609 524 S.
2635 468 2921 539 Augustini
2942 484 2973 523 a
2997 467 3146 524 nullo
3171 470 3436 540 scriptore
3462 469 3634 531 relata

2022 562 2137 617 fuit.
2171 563 2228 616 2°
2251 563 2384 630 Quia
2408 578 2474 618 ne
2494 561 2710 634 quidem
2729 561 2782 619 S.
2804 562 3104 632 Augustino
3125 578 3155 617 a
3182 563 3473 618 Donatistis
3493 563 3633 620 Afri-

2021 657 2169 710 canis
2194 655 2401 724 objecta
2435 655 2598 710 fuisse
2625 655 2818 725 legitur
2845 655 2949 727 (l).
2981 654 3115 709 Cum
3144 669 3323 710 tamen
3367 655 3496 726 ipsis
3521 672 3635 713 ma-

2020 748 2165 804 xime
2187 748 2497 804 favorabilis
2522 747 2730 816 l‘nisset,
2759 763 2820 802 ac
2850 765 2945 820 pro
2974 757 3121 814 tunc,
3149 763 3344 819 nempe
3370 749 3511 804 circa
3535 750 3636 805 ini-

2023 843 2153 898 tium
2175 843 2361 900 saeculi
2382 859 2434 911 v,
2453 859 2614 898 causa
2642 842 3080 914 rebaptizationis
3105 857 3199 914 per
3217 841 3452 899 Africam
3471 857 3633 915 quam

2021 937 2390 994 fervidissime
2418 939 2735 1009 agitaretur.

2093 1033 2146 1087 5.
2199 1031 2329 1101 Quia
2365 1032 2657 1086 Donatistae
2683 1041 2922 1103 tempore
2954 1031 3126 1087 sancti
3154 1030 3441 1102 Augustini
3473 1045 3633 1087 sanc-

2022 1131 2133 1179 tum
2161 1124 2495 1194 Stephanum
2527 1139 2718 1194 papam
2746 1123 3050 1178 adhncdutn
3084 1123 3447 1178 recensebant
3491 1122 3632 1180 inter

2021 1231 2118 1272 eos
2166 1217 2446 1286 pontiﬁces
2489 1217 2578 1287 qui
2611 1219 2983 1288 episcopatum
3013 1216 3310 1271 Romanum
3347 1224 3632 1286 gesserunt

2019 1309 2309 1365 illibatum.
2369 1311 2438 1365 At
2494 1311 2796 1380 verojuxta
2848 1309 3271 1364 Firmiliantcam
3323 1307 3631 1380 Stephanus

2019 1405 2212 1462 fuisset
2256 1405 2584 1478 sacrilegus,
2637 1404 3176 1476 pseudo-Christus,
3217 1411 3356 1468 etc.;
3411 1412 3466 1458 et
3510 1401 3631 1456 idco

2018 1497 2260 1568 quidem,
2304 1497 2447 1568 quod
2480 1499 2533 1552 in
2563 1501 2852 1569 episcopos
2902 1494 3184 1551 Africanos
3234 1494 3628 1567 rebaptizantcs

2019 1603 2320 1662 peccasset,
2347 1608 2400 1644 η.
2435 1592 2524 1656 75,
2557 1607 2613 1646 ιι.
2636 1593 2726 1649 65.

2019 1701 2030 1713 δ
2093 1685 2302 1755 Excipit
2342 1685 2555 1740 Bertius
2590 1684 2690 1756 (ει),
2741 1684 2901 1739 etiam
2952 1683 3183 1738 Basilius
3218 1683 3437 1753 Magnus
3481 1684 3626 1740 circa

311 1779 509 1841 caput,
557 1786 624 1826 an
671 1771 969 1841 Lutherus,
1016 1789 1083 1828 an
1127 1789 1258 1830 vero
1299 1775 1915 1845 pseudo-Firmilianus?
1945 1776 1993 1835 B
2021 1791 2218 1831 annum
2242 1777 2369 1840 5'75,
2395 1777 2639 1848 adeoque
2665 1778 2954 1841 sacculonv,
2979 1777 3198 1831 docuit:
3236 1795 3254 1827 ι
3291 1777 3625 1846 Baptismum

312 1863 618 1934 Pamelius,
650 1864 914 1937 Rigaltius
936 1907 952 1935 ,
986 1866 1220 1934 Fellius,
1254 1867 1576 1926 Pearsonius
1596 1912 1612 1938 ,
1643 1869 1910 1937 Baluzius,

313 1955 688 2012 Tillemontius
729 1959 912 2024 aiunt,
963 1957 1334 2015 Firmilianum
1381 1976 1501 2018 esse
1545 1965 1912 2021 excusandum

313 2048 384 2104 ob
430 2059 620 2105 aestum
668 2049 1068 2118 disputationis.
1100 2049 1297 2106 Verum
1349 2063 1475 2108 tunc
1520 2064 1574 2108 et
1619 2054 1911 2112 Lutherum

312 2156 578 2199 excusare
609 2141 922 2200 debebimus
951 2153 1006 2200 et
1029 2144 1119 2199 vix
1149 2158 1254 2199 non
1283 2152 1506 2200 cunctos
1529 2145 1910 2217 sycophantas.

313 2233 616 2293 Concludit.

391 2348 412 2383 ι
446 2330 589 2386 Bene
615 2340 668 2386 te
695 2331 875 2388 valere
899 2331 1148 2386 omnibus
1177 2329 1334 2386 nobis
1359 2347 1480 2386 cum
1509 2333 1797 2400 universis,
1821 2336 1912 2406 qui

313 2424 370 2481 in
409 2423 588 2480 Africa
624 2433 784 2491 sunt,
815 2425 1085 2496 episcopis
1115 2434 1170 2480 et
1198 2426 1407 2481 cunctis
1439 2425 1652 2481 clericis
1682 2437 1737 2483 et
1763 2430 1914 2485 omni

312 2518 647 2576 fraternitate
673 2519 911 2575 universi
937 2528 1184 2590 optamus
1204 2561 1220 2586 ,
1247 2529 1304 2575 ut
1330 2529 1587 2590 perpetuo
1609 2523 1909 2592 unanimes,

314 2623 371 2670 et
415 2630 577 2670 unum
630 2615 926 2672 sentientes
971 2615 1262 2671 habeamus
1306 2614 1590 2671 nobiscum
1638 2617 1800 2674 etiam
1843 2617 1912 2673 de

315 2705 608 2778 longinquo
646 2708 929 2763 adunatos.
965 2728 984 2761 ι

385 2799 513 2856 llaec
549 2810 630 2856 est
665 2800 868 2856 famosa
899 2801 1041 2857 inter
1069 2800 1419 2873 Cyprianicas
1465 2803 1690 2874 epistola
1722 2803 1913 2861 ordine

312 2891 417 2959 75,
451 2894 552 2949 sub
580 2893 800 2949 nomine
839 2893 1135 2950 Firmiliani
1176 2894 1476 2965 publicata,
1514 2912 1633 2966 qua:
1671 2898 1910 2953 omnium

315 2984 651 3042 eruditorum
682 2973 895 3057 ingenia
925 3001 1097 3058 usque
1127 2987 1233 3043 huc
1265 2989 1458 3044 mirum
1489 2989 1541 3044 iu
1573 2989 1790 3046 modum
1821 3005 1911 3046 ve-

314 3079 484 3133 xavit.

2021 1871 2398 1927 haereticorum
2422 1887 2528 1927 non
2554 1871 2752 1935 valere,
2810 1871 3025 1927 interim
3065 1870 3460 1926 observandum
3505 1887 3628 1927 esse

2018 1979 2225 2021 morem
2273 1964 2562 2033 cujuslibet
2589 1965 2827 2034 regionis
2847 2005 2860 2029 ,
2898 1983 2918 2016 ι
2955 1973 3010 2019 et
3041 1972 3219 2018 tamen
3248 1979 3348 2018 nec
3370 1963 3437 2018 ad
3469 1963 3628 2034 hujus

2017 2059 2187 2113 sancti
2221 2058 2404 2113 Basilii
2436 2059 2714 2128 epistolas,
2757 2057 2958 2112 sarculo
3012 2073 3065 2112 tv
3092 2059 3447 2128 conscriptas,
3497 2055 3625 2127 pro-

2017 2161 2275 2206 vocarent
2312 2150 2606 2205 Donatistae
2647 2149 2849 2205 saeculo
2876 2165 2911 2204 v
2941 2167 2954 2203 :
2984 2164 3114 2220 ergo
3140 2159 3520 2220 argumentum
3558 2164 3627 2206 ex

2017 2245 2418 2301 Donatistarum
2450 2245 2665 2301 silentio
2693 2245 3034 2316 desumptum
3069 2261 3174 2301 non
3206 2245 3444 2316 stringit.

2088 2337 2153 2393 R.
2191 2340 2242 2395 l.
2270 2337 2418 2407 Nego
2444 2347 2497 2394 et
2541 2337 2660 2392 illas
2683 2337 2940 2409 epistolas
2962 2378 2976 2401 ,
3010 2352 3128 2406 qua
3176 2336 3440 2408 theologis
3490 2335 3624 2408 dog-

2018 2432 2232 2488 maticis
2260 2432 2537 2488 molestias
2565 2448 2734 2503 usque
2778 2431 2882 2486 huc
2914 2430 3306 2500 insuperabiles
3343 2439 3618 2498 crearunt,

2017 2541 2138 2582 esse
2176 2525 2465 2596 genuinum
2514 2525 2686 2580 sancti
2737 2524 2918 2578 Basilii
2979 2523 3162 2578 foetum
3223 2521 3323 2594 (5).
3382 2521 3458 2578 De
3515 2521 3622 2578 illis

2015 2633 2197 2674 sermo
2229 2626 2495 2679 recurret.
2526 2634 2582 2672 ιι.
2604 2617 2693 2674 90.
2721 2616 2878 2673 Modo
2906 2631 3234 2687 occupentur
3253 2615 3394 2672 circa
3424 2615 3624 2687 episto-

2015 2712 2120 2767 lam
2152 2711 2593 2767 Firmilianicam.
2624 2709 2788 2780 Igitur
2821 2731 2833 2765 :

2086 2804 2152 2858 Β.
2180 2803 2234 2858 2.
2266 2803 2528 2859 'l'ranseat
2563 2801 2921 2869 antecedens,
2956 2817 3112 2874 (nego
3148 2801 3616 2872 consequentiam.

2016 2897 2272 2968 Epistolae
2309 2896 2415 2950 illa:
2443 2895 2756 2961 canonicae,
2817 2895 2861 2948 si
2915 2894 3166 2964 genuinae
3209 2894 3348 2960 sint,
3406 2892 3621 2949 fuerunt

2013 2988 2205 3043 litterae
2228 2989 2482 3058 privatae,
2518 3003 2650 3058 quas
2697 2987 2926 3060 Basilius
2971 2986 3037 3041 ad
3088 2993 3335 3041 sanetum
3389 2985 3617 3056 Amphi-

2014 3081 2231 3137 lochum
2287 3081 2339 3134 in
2395 3081 2614 3135 Oriente
2667 3080 2980 3150 episcopum
3039 3080 3286 3134 exaravit
3330 3097 3344 3133 :
3391 3079 3615 3148 epistola

384 3170 520 3227 Cum
557 3187 675 3228 eam
714 3189 836 3230 esse
888 3177 1322 3246 supposititiam,
1365 3186 1416 3257 et
1459 3193 1590 3233 vero
1629 3175 1908 3235 Catholico
1934 3170 1978 3233 C
2013 3174 2376 3232 Firmilianica
2419 3173 2518 3228 fuit
2570 3173 2813 3243 publica,
2866 3171 3021 3243 quasi
3075 3171 3353 3244 synodica,
3409 3171 3619 3228 duobus

308 3265 526 3336 penitus
551 3265 820 3337 indignam
841 3307 857 3333 ,
883 3267 1095 3325 abunde
1119 3269 1522 3326 demonstrasse
1543 3271 1672 3328 mihi
1703 3272 1906 3338 videar,

309 3358 536 3414 ulterius
577 3359 1022 3430 progrediendum
1053 3376 1178 3418 reor
1207 3362 1656 3434 investigaturus,
1697 3364 1908 3419 cuinam

309 3461 472 3506 sectae
501 3451 779 3520 addictus,
811 3462 867 3510 et
894 3470 1001 3525 quo
1031 3454 1246 3509 circiter
1277 3465 1548 3527 tempore,
1581 3467 1637 3512 et
1665 3455 1784 3514 loco
1814 3472 1909 3513 au-

309 3551 427 3598 ctor
455 3543 611 3614 hujus
640 3543 864 3600 famosa:
893 3545 1134 3616 epistolae
1161 3547 1374 3603 vixerit.

379 3636 758 3707 Deprehensus
783 3638 1064 3708 aliquoties
1087 3638 1147 3694 ιι⁰
1173 3639 1500 3694 ’25-26-
1519 3641 1617 3707 76,
1647 3641 1741 3696 fuit
1758 3684 1771 3708 ,
1799 3641 1907 3697 sin-

305 3733 562 3805 gulariter
586 3744 640 3789 et
665 3733 1092 3789 extraordinarie
1118 3734 1360 3804 gravisus
1385 3750 1449 3789 ex
1477 3749 1562 3800 eo,
1593 3735 1734 3803 quod
1762 3735 1908 3791 inve-

305 3828 449 3883 nerit
473 3827 524 3882 in
552 3827 843 3899 longinquo
864 3847 882 3880 ι
902 3827 1244 3882 Coaduuatos
1270 3837 1344 3890 ,et
1361 3844 1524 3882 unum
1548 3831 1900 3884 sentientes.»

306 3918 538 3976 tholicus
564 3921 852 3990 episcopus
884 3935 988 3975 non
1020 3918 1157 3976 adeo
1190 3921 1537 3990 tripudiasset
1559 3938 1624 3976 ex
1657 3923 1903 3993 eo.quod

305 4011 593 4068 audivisset
634 4011 957 4082 Carthagine
996 4012 1048 4066 in
1081 4011 1259 4067 Africa
1298 4013 1411 4068 dari
1453 4014 1762 4086 episcopum
1802 4016 1903 4072 sibi

305 4105 480 4176 quoad
525 4105 774 4178 dogmata
831 4106 1285 4162 consentientem.
1341 4105 1610 4178 Carthago
1663 4123 1760 4178 pro
1817 4109 1908 4165 illo

306 4210 549 4269 tempore
564 4199 793 4270 spectari
819 4208 1029 4269 poterat
1049 4215 1143 4254 seu
1170 4202 1337 4269 posita
1360 4201 1511 4270 quasi
1535 4201 1586 4255 in
1613 4200 1906 4256 meditullio

304 4291 517 4362 imperii
540 4291 796 4356 Romani,
822 4291 964 4361 quod
987 4290 1279 4346 Catholicis
1303 4291 1634 4346 redundabat
1657 4310 1670 4358 ;
1697 4291 1906 4363 Cappa-

303 4385 460 4442 docia
487 4396 600 4441 erat
624 4401 727 4441 una
753 4401 816 4441 ex
844 4386 1082 4456 ejusdem
1107 4385 1331 4441 Romani
1353 4386 1558 4454 imperii
1593 4386 1901 4455 provinciis.

374 4479 431 4535 S.
477 4480 826 4548 Augustinus,
881 4479 981 4533 sub
1033 4479 1238 4534 initiutn
1269 4478 1452 4534 saeculi
1503 4494 1560 4544 v,
1605 4479 1896 4536 Donatistis

299 4572 753 4644 rebaptizantibus
789 4573 1089 4642 objecerat,
1134 4584 1185 4629 et
1224 4573 1520 4642 saepissime
1561 4574 1888 4644 repetierat,

302 4681 487 4723 eorum
519 4664 802 4722 ecclesiam
832 4681 932 4721 nec
963 4675 1074 4721 toto
1104 4667 1235 4722 orbe
1270 4664 1549 4732 dill'nsam,
1582 4667 1677 4722 sed
1709 4682 1808 4722 nec
1839 4669 1892 4722 in

302 4760 592 4833 longinquo
629 4761 954 4817 cnadunatos
996 4762 1224 4827 habere;
1270 4761 1393 4831 quid
1433 4777 1561 4832 ergo
1592 4760 1814 4826 mirum,
1847 4763 1894 4819 si

303 4852 424 4924 quis
464 4852 738 4908 Donatista
780 4853 994 4909 tandem
1038 4852 1348 4924 procuderit
1383 4852 1658 4922 praefatam
1694 4855 1894 4926 episto-

299 4943 427 5016 lam,
459 4959 580 5004 cum
612 4946 715 5002 hoc
739 4955 795 5002 et
824 4946 1216 5002 Donatistarum
1250 4946 1478 5002 haeresin
1506 4948 1715 5018 sapiat?

353 5031 356 5034 ’
879 5055 1188 5098 Pnoeosrrto
1225 5056 1302 5095 ιιι.

305 5154 656 5213 Verosimilius
683 5166 754 5211 est
780 5157 915 5228 quod
939 5156 1123 5224 aliquis
1149 5154 1416 5208 Donatista
1433 5153 1705 5224 Africanus
1735 5159 1896 5225 [alam

369 5253 632 5323 epistolam
662 5251 1030 5322 composuerit,
1060 5249 1148 5305 sed
1188 5258 1302 5318 post
1341 5257 1567 5318 tempora
1602 5248 1766 5301 sancti
1795 5251 1895 5302 Au-

367 5346 575 5416 gustini.

366 5466 455 5522 55.
489 5466 529 5522 1.
562 5466 717 5522 Pars.
748 5466 812 5522 Et
841 5465 1076 5538 quidem,
1109 5465 1248 5536 quod
1283 5473 1402 5535 post
1424 5474 1663 5535 tempora
1690 5462 1745 5518 S.
1775 5463 1887 5518 Λιι-

364 5600 442 5671 (-l)
471 5601 552 5657 0b
597 5601 685 5655 illa
731 5602 828 5656 tria
873 5601 1070 5656 verba:
1114 5598 1612 5671 pseudo-Christus,
1645 5608 1748 5652 etc.
1774 5597 1884 5667 jam

289 5669 418 5727 olim
447 5671 787 5727 Christianus
815 5673 996 5739 Lupus
1024 5669 1164 5739 apud
1191 5670 1494 5726 Missorium
1522 5669 1784 5726 dubitavit
1814 5685 1880 5726 an

292 5745 517 5815 epistola
552 5743 845 5798 Firtniliani
886 5744 957 5798 sit
985 5758 1127 5800 vera.

370 5814 450 5886 (2)
476 5815 531 5871 In
559 5815 937 5888 Symposiacis.

1992 5522 2250 5582 Tnitrneli
2289 5525 2356 5579 de
2383 5522 2746 5579 Sacr-amentis
2801 5523 2851 5574 in
2911 5533 3126 5588 genere,
3166 5533 3220 5586 (ι.

1990 5598 2089 5654 Vel
2135 5597 2275 5664 apud
2323 5595 2564 5650 Natalem
2620 5595 2683 5664 ad
2741 5587 2995 5646 saeculum
3039 5605 3119 5651 ιιι,
3155 5588 3238 5642 vel
3315 5587 3588 5664 Eleurium

1988 5669 2128 5796 Illi’st.
2164 5659 2330 5734 Eccl.,
2359 5667 2454 5723 lib.
2491 5681 2618 5735 xvn,
2641 5663 2667 5736 ξ
2690 5664 2781 5734 la,
2809 5664 2898 5736 qui
2919 5676 3010 5718 eas
3034 5673 3153 5717 esse
3177 5659 3441 5732 genuinas
3466 5674 3587 5717 cre-

1988 5758 2056 5796 ιι(
2079 5756 2190 5796 ere.

1983 5756 2190 5796 (ΙΙίΙΘΓΘ.

2013 3267 2257 3324 conciliis
2283 3265 2549 3322 Iconiensi
2578 3275 2633 3322 et
2656 3264 2996 3338 Synodensi,
3045 3275 3102 3318 ut
3149 3264 3361 3330 dicitur,
3409 3264 3613 3332 innixa,

2014 3362 2216 3418 directa
2249 3361 2316 3416 ad
2349 3361 2631 3416 universos
2659 3359 2855 3415 Africae
2887 3360 3170 3428 episcopos
3195 3359 3614 3428 rebaptizantes,

2015 3456 2159 3512 edita
2183 3456 2326 3512 circa
2349 3457 2583 3511 medium
2613 3453 2796 3510 saeculi
2839 3469 2918 3508 ιιι.
2949 3453 3075 3508 Haec
3102 3452 3263 3523 igitur
3289 3453 3334 3508 si
3365 3469 3616 3521 umquam

2013 3564 2142 3606 vere
2191 3548 2458 3615 extiterit,
2533 3549 2676 3604 circa
2727 3547 2936 3602 initium
2995 3546 3176 3602 saeculi
3233 3562 3290 3614 γ,
3347 3546 3616 3603 Africanis

2014 3643 2192 3715 ignota
2225 3659 2346 3700 esse
2374 3659 2482 3698 non
2513 3643 2798 3713 potuisset.

2087 3735 2155 3792 Ut
2204 3736 2285 3790 vis
2335 3734 2638 3804 argumenti
2693 3732 2923 3803 negativi
2972 3731 3271 3788 evidentior
3321 3743 3612 3804 appareat,

2009 3837 2181 3882 status
2200 3825 2608 3890 controversiae,
2637 3832 2898 3895 quantum
2930 3823 3034 3878 huc
3066 3823 3320 3894 pertinet,
3348 3824 3415 3879 ad
3455 3840 3611 3881 men’

2009 3931 2115 3976 tem
2147 3919 2486 3975 revocandus
2513 3926 2616 3973 est.

2081 4015 2310 4068 Sanctus
2361 4012 2688 4082 Augustinus
2737 4011 3034 4066 Donatistis
3067 4022 3428 4080 opposuerat,
3463 4025 3611 4066 asse-

2012 4106 2180 4163 rendo
2213 4122 2227 4159 :
2254 4105 2394 4176 quod
2425 4113 2503 4158 tot
2533 4103 2699 4159 millia
2743 4103 3121 4174 episcoporum
3146 4144 3161 4169 ,
3213 4103 3372 4159 etiam
3419 4103 3612 4158 Orien-

2011 4200 2172 4265 tales,
2224 4197 2594 4253 consentirent
2621 4198 2766 4252 circa
2795 4196 3034 4252 valorem
3068 4195 3329 4267 Baptismi
3375 4195 3445 4250 ab
3498 4196 3610 4252 hac-

2008 4293 2189 4348 reticis
2210 4291 2412 4354 collati,
2443 4289 2587 4362 quod
2620 4305 2746 4344 vera
2775 4289 3019 4345 Ecclesia
3053 4290 3122 4343 sit
3152 4289 3472 4344 universalis
3512 4304 3610 4360 per

2008 4395 2178 4440 totum
2224 4385 2413 4440 orbem
2467 4383 2690 4447 dill'nsa,
2744 4381 2887 4453 quod
2951 4381 3051 4437 soli
3112 4381 3403 4437 Donatista:
3465 4382 3606 4437 intra

2005 4477 2240 4532 Africam
2291 4476 2529 4531 conclusi
2587 4484 2770 4530 contra
2824 4475 3088 4544 reliquam
3148 4476 3452 4527 universam
3503 4471 3606 4527 Ec-

1997 4570 2217 4626 clesiam
2243 4569 2523 4636 docerent,
2558 4568 2718 4624 talem
2742 4567 3074 4637 Baptistnum
3116 4580 3238 4620 esse
3283 4564 3599 4619 invalidum.

2069 4660 2391 4718 Cresconius
2445 4662 2663 4716 nomine
2719 4661 3122 4715 Donatistarum
3173 4659 3402 4724 fatetur;
3456 4658 3600 4730 quod

1997 4754 2296 4811 Orientales
2353 4753 2660 4826 (Catholici)
2717 4751 2819 4822 (4),
2873 4765 2970 4822 pro
3020 4760 3146 4807 tunc
3189 4751 3406 4822 quidem
3444 4752 3600 4808 nobis

2073 4958 2150 5029 (l)
2178 4955 2310 5012 Cum
2337 4955 2404 5010 de
2430 4953 2663 5029 concilio
2690 4949 3120 5029 Sinttessanolli‘n
3149 4963 3255 5029 quo
3285 4946 3345 5002 S.
3373 4946 3597 5029 hlarcel-

2005 5019 2144 5085 lin‘us'
2173 5044 2306 5100 papa
2337 5043 2490 5100 suum
2543 5027 2746 5094 lapsum
2786 5038 2972 5100 coram
3009 5022 3114 5100 590
3153 5019 3422 5100 episcopis
3462 5033 3595 5100 c_on-

2001 5088 2362 5155 lessns'fn'isse
2403 5088 2616 5164 dicitur,
2661 5105 2900 5166 tempore
2940 5091 3323 5166 S.A.‘_\_ugnstini
3367 5088 3593 5143 necdum

1999 5173 2179 5237 aliqua
2207 5171 2410 5225 mentio
2437 5171 2570 5222 facta
2603 5159 2802 5220 l‘uerita
2837 5159 3162 5237 Donatistis}
3191 5159 3594 5237 meritoncenset

1997 5230 2275 5298 Missorius
2317 5241 2445 5294 illud
2473 5250 2656 5302 postea
2685 5253 2714 5290 a
2750 5235 3042 5291 Donatistis
3073 5232 3240 5287 fuisse
3277 5230 3589 5286 conﬁctum.

1998 5314 2323 5371 Revideatur
2349 5312 2406 5364 ιι⁰
2433 5312 2520 5366 09.

2068 5386 2151 5452 (‘2)
2179 5383 2344 5447 Berti,
2373 5382 2408 5436 I.
2432 5398 2584 5443 XXXI,
2610 5397 2662 5435 c.
2693 5382 2782 5444 l5,
2829 5393 2982 5448 prop.
3001 5392 3084 5452 ιιι,
3119 5391 3177 5452 ιι.
3206 5374 3258 5428 6.

2071 5447 2147 5528 (5)
2179 5455 2432 5521 Quaedam
2452 5469 2516 5509 ex
2561 5454 2663 5506 illis
2693 5447 2942 5520 excerpta
2966 5448 3130 5500 videri
3162 5454 3419 5515 poterunt
3448 5447 3591 5516 apud

2076 5527 2250 5572 nrneli
2289 5522 2746 5572 (losum-amentis
2801 5523 2851 5572 in
2911 5533 3126 5572 acuere.
3166 5533 3220 5572 t1.
3271 5517 3325 5572 7.
3373 5528 3476 5571 art.
3529 5522 3586 5572 Ξ,

3312 5558 3325 5580 ,
3373 5528 3476 5571 art.
3529 5528 3586 5573 Ξ.

2058 5811 2134 5884 (.t)
2169 5813 2243 5870 De
2275 5811 2571 5870 Catholicis
2599 5825 2784 5870 sermo
2812 5819 2926 5867 erat
2953 5823 2967 5873 ;
3000 5805 3186 5878 puduit
3231 5805 3382 5866 enim
3413 5803 3594 5859 Dona-
