4208 6276
587 335 725 393 1407

1977 332 2432 391 DISSERTATIO
2464 336 2504 404 |_,

3746 342 3770 394 1
3781 339 3899 399 408

586 454 735 512 fuere
758 453 960 525 plures,
987 461 1042 509 et
1070 452 1269 509 diversi
1298 451 1541 509 hmretici
1569 495 1582 517 ,
1624 454 1675 507 in
1708 468 1861 525 quos,
1898 455 2041 525 quod
2088 456 2164 510 fa-
2190 451 2244 511 Λ
2270 460 2457 506 neutra
2490 460 2661 521 parte.
2690 453 2831 509 Ecce
2862 454 2930 509 ad
2967 452 3344 510 declinandam
3392 454 3541 510 illam
3592 455 3776 525 legum
3809 471 3898 511 se-

589 558 697 605 taut
730 548 1015 620 epistolam
1040 547 1094 603 in
1145 546 1229 603 sui
1258 546 1501 603 favorem
1548 549 1977 618 composuerint,
2009 552 2183 620 suspi-

586 645 673 705 cio
703 644 897 699 cadere
933 644 1139 715 possit;
1174 644 1270 701 sed
1303 660 1364 699 ea
1413 645 1583 716 magis
1622 645 1840 699 fundata
1878 644 2009 699 mihi
2036 645 2185 700 vidc-

586 746 673 793 tur
720 751 842 805 quas
887 736 1123 809 aliquem
1168 736 1503 796 Donatistam
1532 737 1844 797 Africanum
1872 748 2060 796 censet
2088 754 2183 795 au-

586 837 815 885 ctorem.

586 942 921 1017 Argumenta.
954 945 1038 1018 (II.
1097 948 1250 1015 Quod
1305 957 1482 1005 auctor
1532 949 1761 1021 epistola:
1810 949 2187 1005 Fimtt‘lianica:

1082 1056 1183 1095 non
1211 1042 1366 1111 fuerit
1393 1040 1686 1097 Donatista.

660 1177 716 1234 Si
748 1177 940 1234 fuisset
970 1180 1271 1246 Donatista,
1306 1182 1351 1236 is
1381 1197 1489 1237 non
1530 1182 1820 1239 docuisset
1846 1185 2187 1255 rebaptizan-

598 1278 681 1327 tcs
711 1286 832 1327 cum
864 1288 970 1327 non
1014 1273 1474 1345 rebaptizantibus
1502 1274 1552 1330 in
1573 1291 1676 1330 una
1708 1285 1758 1331 et
1788 1277 1975 1333 eadem
2002 1278 2191 1335 Eccle-

588 1369 668 1424 sia
698 1369 1006 1424 tolerandos
1036 1386 1157 1425 esse
1186 1387 1201 1437 ;
1234 1372 1331 1426 hos
1356 1387 1487 1426 vero
1510 1371 1673 1426 simul
1705 1372 2015 1427 tolerandos
2044 1387 2187 1437 esse,

588 1461 956 1517 voluitauctor
974 1461 1348 1517 Firutilianieze
1367 1462 1471 1535 (i),
1493 1472 1547 1517 ut
1570 1462 1929 1518 abundantius
1953 1473 2100 1534 patet
2124 1480 2191 1519 ex

593 1555 885 1612 collatione
930 1556 1281 1626 epistolarum
1314 1554 1758 1627 Cyprianicarum
1787 1565 1842 1610 et
1862 1556 2191 1627 synodorum

597 1649 667 1705 ab
713 1647 859 1703 Afris
889 1648 943 1702 in
977 1662 1139 1703 causa
1168 1648 1631 1719 rebaptizationis,
1664 1656 1721 1703 ut
1748 1649 2028 1711 asscritur.
2050 1649 2192 1704 cele-

589 1741 891 1797 bratarum.
923 1739 1210 1809 Quomodo
1242 1748 1419 1795 autem
1477 1739 1756 1794 Donatista
1783 1740 1947 1794 salvis
1969 1754 2080 1795 sua:
2107 1756 2192 1796 se-

2288 546 2587 611 veritatem,
2622 554 2678 601 et
2723 547 2991 617 episcopis
3024 562 3121 618 pro
3154 555 3284 602 tunc
3309 545 3605 604 Catholicis
3625 548 3897 605 invidiam

2287 639 2621 695 conflandam
2648 642 2867 711 praefata
2901 642 3125 710 epistola
3156 641 3374 697 videtur
3392 642 3713 714 composita.

2360 734 2512 801 Quod
2536 730 2831 789 Donatistae
2859 733 3002 803 apud
3034 749 3133 789 nos
3163 733 3474 789 Catholicos
3499 749 3606 789 non
3636 734 3901 804 rebapti-

2289 834 2564 891 zaretttur.
2596 826 2781 897 utique
2833 827 2964 896 ipsis
3009 827 3061 881 in
3114 826 3280 882 corde
3311 836 3617 899 pergratum
3646 842 3768 883 esse
3798 827 3903 883 de-

2291 917 2448 973 bebat
2478 934 2491 982 ;
2521 918 2741 987 insuper
2771 927 2952 973 autem
3004 916 3257 973 volebant
3311 918 3412 973 sibi
3473 919 3898 989 permittendum

2288 1022 2431 1076 esse,
2466 1019 2521 1064 ut
2548 1010 2648 1080 ipsi
2679 1009 2991 1065 Catholicos
3020 1010 3359 1080 rebaptizare
3391 1010 3628 1066 valeant.
3662 1011 3802 1075 Hoc,
3837 1019 3903 1068 ut

2291 1118 2391 1173 ego
2436 1103 2665 1173 opinor,
2742 1114 2859 1158 erat
2918 1103 3214 1175 principale
3271 1103 3539 1158 intentum
3609 1105 3900 1162 tolerantis

2292 1194 2845 1265 pseudo—Firmiliani.
2885 1196 3015 1251 dum
3042 1197 3293 1252 evincere
3319 1197 3511 1261 voluit,
3548 1207 3656 1251 tam
3686 1197 3899 1253 Catho-

2295 1285 2430 1352 licis,
2461 1302 2622 1357 quam
2668 1287 3035 1357 Auabaptistis
3074 1287 3418 1359 (Donatistis)
3472 1304 3630 1343 suum
3686 1306 3902 1346 morem

2294 1393 2416 1434 esse
2467 1380 2918 1450 relinquendum;
2951 1396 3071 1450 qua:
3098 1381 3391 1436 concordia
3440 1381 3483 1435 si
3516 1380 3711 1436 fuisset
3742 1384 3900 1451 inita,

2297 1469 2592 1525 Donatistae
2642 1472 2858 1541 plenum
2932 1487 3129 1529 canere
3198 1473 3501 1543 potuissent
3558 1474 3903 1545 triumphum

2297 1579 2491 1633 nempe
2524 1580 2536 1619 :
2571 1584 2588 1615 ‹
2628 1565 2935 1635 Baptismus
2956 1566 3361 1621 Donatistarum
3396 1567 3576 1623 valeat
3621 1569 3765 1639 apud
3793 1570 3901 1625 Ca-

2299 1658 2564 1725 tholicos;
2598 1660 2907 1730 Baptismus
2952 1658 3358 1717 Catholicorum
3390 1677 3497 1717 non
3543 1663 3728 1719 valeat
3757 1664 3903 1735 apud

2298 1750 2625 1808 Donatistas.
2670 1772 2689 1805 ι
2724 1753 2887 1823 Ecce,
2922 1770 3081 1826 quam
3125 1755 3265 1810 belle
3311 1755 3905 1825 pseudo-Firmilianus

589 1844 693 1890 σιω
723 1834 1000 1904 principiis
1021 1833 1217 1889 docere
1247 1834 1422 1903 potuit
1448 1833 1871 1887 controversiam
1894 1832 1962 1887 de
1993 1833 2189 1905 rebap—
2220 1863 2267 1923 Β
2296 1860 2447 1902 suam
2480 1847 2881 1905 Donatistarum
2909 1850 3081 1921 egeri;
3106 1864 3349 1904 causam,

591 1927 848 1981 tizatione
874 1940 995 1980 esse
1020 1924 1373 1997 quaestionem
1408 1939 1559 1981 mere
1580 1924 2005 1997 disciplinarem,
2040 1928 2188 1984 salva

588 2034 723 2091 pace
756 2019 1088 2076 tolerandam
1112 2020 1135 2073 ἱ)

681 2113 748 2169 R.
775 2114 828 2168 1.
859 2112 1029 2183 Captu
1063 2112 1218 2181 longe
1246 2110 1524 2167 difficilius
1551 2120 1631 2167 est
1677 2112 1819 2183 quod
1848 2111 2192 2167 Firmilianus

590 2209 645 2256 et
667 2199 860 2270 reliqui
893 2199 1134 2269 episcopi
1163 2196 1458 2267 Catholici,
1494 2200 1582 2269 qui
1607 2199 1875 2263 conciliis,
1911 2207 1968 2252 ut
1994 2199 2192 2254 asseri-

592 2302 703 2357 tur,
725 2293 781 2348 in
809 2292 990 2349 Africa
1028 2301 1083 2347 et
1104 2291 1230 2347 Asia
1252 2292 1541 2348 celebratis
1568 2291 1883 2348 interfuisse
1911 2292 2185 2359 dicuntur,

590 2387 793 2442 saeculo
825 2402 881 2441 ιιι
921 2386 1235 2456 apostolicis
1266 2385 1600 2457 temporibus
1622 2389 1861 2441 maxime
1888 2386 2066 2442 vicino
2096 2386 2190 2442 de-

590 2494 817 2536 cernere
845 2480 996 2537 salva
1038 2479 1371 2535 conscientia
1418 2480 1711 2549 potuerint,
1750 2499 1768 2531 ι
1805 2481 2189 2552 Anabaptistas

591 2575 646 2630 in
668 2590 771 2629 una
813 2573 1111 2646 eademque
1156 2572 1395 2629 Ecclesia
1426 2587 1549 2627 cum
1577 2572 1875 2629 Catholicis
1902 2588 2024 2629 esse
2054 2573 2187 2630 tole-

594 2666 845 2723 randos?
883 2686 902 2719 ι
958 2666 1252 2723 Βοηιιιὶδιω
1310 2666 1433 2722 talia
1473 2665 1726 2733 docuere,
1774 2676 1832 2722 ut
1887 2666 2189 2724 videbimus

590 2773 736 2831 resp.
756 2762 813 2818 4.

665 2855 803 2910 R3.
842 2855 1136 2911 Donatista:
1162 2865 1217 2912 et
1244 2856 1382 2911 inter
1405 2871 1464 2912 se
1493 2856 1782 2926 plurimum
1813 2854 2147 2913 dissidebant
2171 2874 2186 2923 ;

592 2946 718 3006 hinc
749 2951 929 3020 plures
953 2952 1352 3008 Donatistarum
1382 2962 1543 3008 sectae
1575 2953 1831 3023 (quatuor
1863 2954 2016 3008 nobis
2049 2962 2189 3009 noue

590 3055 719 3101 sunt
742 3061 812 3101 ex
839 3048 1137 3115 Augustino
1158 3047 1262 3120 (Ξ),
1283 3050 1448 3102 immo
1468 3049 1760 3104 Petilianus
1773 3057 1826 3103 et
1842 3047 2188 3115 Cresconius,

590 3137 681 3207 qui
701 3136 948 3193 videntur
969 3138 1135 3196 fuisse
1156 3140 1314 3195 unius
1341 3150 1395 3195 et
1413 3140 1658 3210 ejusdem
1673 3151 1971 3207 secuemon
1995 3157 2187 3198 conve-
2252 3164 2258 3173 ·

592 3229 815 3285 aiebant
843 3230 988 3286 inter
1014 3247 1110 3287 se:
1150 3251 1168 3284 ‹
1211 3235 1291 3286 An
1324 3232 1501 3289 valeat
1528 3231 1954 3301 Sacramentum,
1991 3234 2035 3289 si
2060 3250 2188 3305 pec-
2216 3261 2260 3324 Β

592 3330 746 3378 calor
766 3323 1007 3378 occultus
1035 3323 1404 3394 baptizaverit.
1444 3343 1463 3377 ι

665 3415 731 3473 Β.
757 3417 811 3471 5.
834 3415 918 3471 Nil
941 3416 1275 3487 frequentius
1296 3433 1455 3487 quam
1478 3418 1621 3487 quod
1650 3417 1812 3473 homo
1836 3418 2065 3473 mendax
2086 3418 2189 3474 sibi

591 3510 691 3581 ipsi
724 3510 1077 3577 contradicat;
1101 3526 1232 3567 sane
1260 3512 1317 3568 S.
1343 3512 1673 3582 Augustinus
1702 3512 2056 3568 Cresconium
2084 3513 2188 3568 Do-

590 3606 843 3662 natistam
872 3621 939 3661 ex
964 3603 1256 3661 Cresconio
1276 3606 1535 3661 continuo
1563 3614 1856 3677 ettpugnat;
1879 3606 2183 3660 Donatista.

589 3713 709 3753 rum
743 3713 867 3769 pars
890 3714 992 3752 una
1020 3698 1156 3752 alios
1186 3697 1637 3753 Maximianenses
1662 3698 2017 3752 damnaverat
2044 3706 2185 3752 tam-

590 3805 752 3861 quam
782 3791 1070 3846 haereticos
1104 3808 1119 3855 ;
1154 3789 1345 3846 horum
1376 3800 1555 3845 tamen
1587 3790 1860 3860 Baptisma
1890 3790 2187 3846 veneraba-

590 3890 678 3937 tur
704 3881 957 3948 validum,
994 3884 1158 3937 immo
1206 3882 1438 3939 clericos
1497 3882 2001 3937 Maximianensium
2043 3882 2186 3937 reci-

589 3974 853 4047 piebatin
899 3975 1090 4031 eodem
1145 3976 1199 4031 in
1250 3990 1358 4046 quo
1415 3976 1694 4031 constituti
1745 3975 1959 4031 fuerant
1996 3976 2185 4045 gradu,

589 4068 717 4138 quin
760 4083 857 4124 eos
881 4069 1060 4124 denuo
1090 4070 1406 4134 ordinaret;
1438 4068 1751 4124 Catholicos
1782 4084 1911 4123 vero
1952 4070 2190 4140 rebapti-

590 4161 765 4216 zabat.
798 4161 936 4229 Quid
969 4177 1099 4232 ergo
1132 4165 1326 4216 mirum
1357 4162 1402 4216 si
1435 4160 2017 4231 pseudo-Firmilianus
2071 4178 2185 4218 sua:

591 4249 991 4308 Donatistarum
1023 4253 1287 4308 doctrinas
1330 4267 1735 4323 nonnumquam
1763 4252 2029 4310 indirecte
2055 4269 2189 4310 con-

591 4345 913 4400 tradixerit?
942 4346 1164 4401 Verum.

665 4436 733 4492 R.
762 4438 817 4493 4.
853 4438 963 4494 Suo
990 4438 1254 4509 principio
1278 4439 1515 4510 generali
1540 4455 1646 4495 non
1674 4439 2030 4505 contradixit;
2064 4456 2187 4496 nam

591 4532 858 4603 prteripua
906 4533 1306 4588 Donatistarum
1359 4531 1581 4603 querela
1636 4531 1753 4586 haec
1808 4542 1944 4599 erat,
1985 4533 2128 4603 quod
2161 4549 2189 4587 a

590 4626 886 4683 Catholicis
912 4628 1146 4697 iniquam
1175 4638 1487 4698 paterentur
1519 4626 1974 4697 persecutionem,
2007 4642 2069 4682 ac
2097 4643 2192 4697 per

592 4718 738 4789 leges
766 4728 871 4774 tam
899 4720 1276 4790 imperatorias
1306 4720 1410 4790 (5),
1446 4736 1605 4788 quam
1636 4718 2032 4774 ecclesiasticas
2083 4728 2192 4774 tra-

591 4821 868 4868 ctarentur
890 4822 948 4867 ιιι
991 4812 1251 4879 lnerctici,
1288 4828 1411 4867 cum
1451 4821 1649 4867 tamen.
1678 4811 1958 4866 nobiscum
1986 4811 2209 4867 Catlto-'

592 4904 713 4961 licis
741 4904 1045 4961 adhucdum
1096 4918 1280 4961 essent
1326 4905 1379 4959 in
1430 4919 1534 4959 una
1578 4903 1874 4974 eademque
1907 4904 2187 4968 Ecclesia;

588 4999 827 5055 schisma
855 4999 1072 5072 quidem
1117 5014 1240 5056 esse
1288 4998 1429 5054 inter
1455 5012 1557 5055 nos
1597 5006 1653 5055 et
1685 4997 1831 5067 illos,
1860 4995 2090 5054 hmresin
2122 5013 2191 5053 ex

663 5113 744 5180 (1)
770 5113 815 5169 γ
867 5128 1008 5180 sup.,
1043 5131 1099 5169 ιι.
1129 5115 1218 5170 39.

663 5114 711 5179 (1
770 5113 815 5169 γ
867 5128 1008 5180 sup.,

687 5186 721 5239 Ξ
767 5185 831 5240 ν.
858 5202 913 5240 ιι.
944 5185 1034 5241 82.

662 5113 744 5328 ἓὸξ
769 5256 1034 5312 Gravissin

769 5256 1114 5312 Gravissima:
1142 5272 1315 5324 poenae
1340 5257 1527 5312 civiles
1554 5257 1622 5310 ab
1644 5256 2059 5326 imperatoribus
2084 5272 2187 5312 sae-

590 5330 712 5383 culo
740 5344 791 5383 tv
822 5337 927 5384 etv
957 5329 1078 5383 latae
1106 5328 1323 5383 fut-runt
1344 5339 1529 5382 contra
1556 5328 1961 5397 Anabaptistas.
1994 5344 2187 5394 nempe

590 5400 635 5454 si
668 5416 783 5463 cos,
812 5402 902 5470 qui
933 5416 960 5453 a
994 5400 1281 5454 Catholicis
1308 5400 1561 5469 baptizati
1590 5400 1821 5465 fuerant,
1852 5400 2187 5469 rebaptizare

590 5472 704 5525 ausi
739 5472 955 5527 fuerint.
987 5472 1064 5526 De
1095 5472 1178 5526 his
1200 5472 1485 5527 videantur
1516 5471 1729 5526 Bertius
1753 5471 1790 5525 l.
1820 5486 1976 5533 χχιιι,
2006 5486 2056 5525 e.
2092 5472 2182 5535 15,

589 5543 733 5597 circa
780 5544 939 5598 finem
971 5544 1226 5611 Bingltatu
1258 5545 1294 5598 l.
1332 5560 1428 5609 xu,
1458 5558 1506 5597 c.
1543 5542 2069 5609 5.-—S.Attgustinus
2095 5544 2185 5612 qui

591 5622 730 5669 teste
754 5614 1094 5674 Possidonio.
1115 5632 1163 5670 c.
1194 5616 1258 5669 M
1282 5632 1308 5669 a
1331 5615 1470 5670 Sede
1497 5616 1791 5681 apoSIolica
1821 5628 1916 5667 seu
1944 5614 2187 5668 Romana

593 5695 865 5756 tamquam
916 5686 962 5739 le
1006 5698 1123 5739 atus
1151 5687 1249 5741 fuit
1280 5688 1334 5741 in
1373 5685 1739 5741 Mauritaniam
1784 5686 2000 5748 missus,
2035 5685 2187 5739 lucu-

593 5754 767 5810 lenter
796 5702 1035 5810 ostettgit
1066 5758 1590 5810 illasitnneratorum
1611 5756 2013 5810 Catltolicurum
2044 5756 2187 5810 leges

593 5754 767 5829 lenter
796 5754 1035 5813 ostendit
1066 5758 1590 5829 illasitnperatorum
1611 5756 2013 5829 Catltolicorum
2044 5756 2191 5829 leges

595 5838 717 5902 esse
743 5828 936 5902 justas.
966 5831 1094 5902 Ast,
1141 5832 1184 5884 si
1233 5828 1783 5902 pseudo—Firmiliano
1834 5827 2191 5900 credendum,

599 5892 827 5950 fuissent
853 5897 1225 5966 iniquissima.

2366 1940 2657 2006 Ceterum,
2691 1942 2734 1997 si
2763 1944 2882 2014 quis
2932 1944 3203 1999 mordicus
3237 1945 3580 2002 contenderit
3607 1949 3901 2017 epistolam

2293 2032 2363 2087 ab
2386 2032 2565 2103 aliquo
2584 2032 2929 2103 Arianorum,
2951 2036 3033 2091 vel
3058 2037 3519 2093 Eunomianorum
3535 2040 3631 2111 (i),
3660 2041 3744 2095 vel
3765 2058 3904 2110 quo-

2293 2142 2525 2196 cumque
2544 2129 2650 2183 alio
2672 2129 2932 2184 hazretico
2949 2128 3114 2185 fuisse
3136 2129 3448 2185 confidam.
3470 2132 3595 2185 ultra
3624 2148 3729 2186 non
3757 2147 3898 2187 con-

2295 2219 2576 2282 tradicam,
2626 2218 2923 2275 dummodo
2972 2219 3101 2276 mihi
3146 2235 3467 2277 concessum
3510 2220 3661 2277 fuerit
3700 2238 3822 2277 eam
3855 2238 3891 2278 a

2292 2322 2479 2369 sancto
2512 2311 2825 2369 Firmiliano
2866 2327 2975 2369 non
3017 2312 3186 2370 fuisse
3210 2314 3583 2385 compositam,
3604 2314 3744 2386 quod
3770 2324 3895 2372 erat

2292 2406 2795 2464 demonstrandum.

2304 2546 2309 2549 Α
2365 2501 2444 2555 Ex
2474 2499 2630 2555 dictis
2656 2499 2768 2569 jam
2798 2500 3011 2557 abunde
3064 2512 3208 2572 patet
3237 2513 3481 2559 sanctum
3513 2502 3899 2562 Firmilianum

2291 2595 2571 2657 fatnoSam,
2626 2610 2743 2665 qua:
2772 2611 2917 2651 nunc
2962 2595 3365 2661 circumfertur,
3410 2594 3476 2650 ad
3507 2604 3759 2651 sanctum
3786 2596 3898 2667 Cy-

2294 2692 2536 2760 prianum
2559 2692 2850 2762 Epistolam
2874 2706 3003 2746 vere
3018 2690 3327 2746 Itazreticam
3350 2704 3455 2745 non
3475 2691 3895 2759 conscripsiSse.

2292 2785 2498 2851 ReSIat,
2530 2802 2595 2841 an
2642 2793 2861 2841 sanctus
2899 2784 3246 2841 Firmilianus
3289 2782 3536 2855 quaedam
3581 2784 3690 2840 alia
3730 2798 3896 2854 opera

2290 2880 2659 2950 publicaverit.
2689 2878 2951 2948 Quocirca
2979 2879 3070 2935 sit.
3094 2918 3101 2943 .

2885 3052 3190 3095 PROPOSITIO
3217 3054 3268 3094 l\'
3277 3077 3293 3093 .

2297 3198 2421 3254 Non
2466 3209 2538 3254 est
2569 3198 2855 3254 verosimile
2884 3199 3020 3270 quod
3048 3209 3255 3254 sanctus
3307 3199 3646 3256 Firmilianus
3692 3200 3899 3273 aliquos

2650 3315 2809 3370 libros
2832 3316 3025 3387 scripto
3048 3315 3251 3386 publica
3267 3316 3536 3388 evulgartt.

2364 3476 2456 3531 56.
2474 3476 2735 3531 Probatur
2754 3477 2829 3531 1⁸.
2849 3476 3116 3553 Eusebius
3127 3476 3476 3533 Caesariensis
3496 3476 3596 3533 fuit
3611 3479 3893 3535 studiosis-

2291 3568 2459 3623 simus
2478 3569 2529 3622 in
2546 3569 2911 3623 memorandis
2925 3569 3247 3638 scriptorum
3263 3571 3763 3627 ecclesiasticorum
3786 3587 3898 3625 mo-

2292 3662 2582 3716 numentis.
2609 3662 2816 3731 Smpius
2846 3661 3083 3717 laudavit
3112 3672 3353 3718 sanctum
3372 3663 3772 3729 Firmilianunt,
3795 3666 3890 3721 sed

2288 3769 2358 3809 ne
2379 3754 2463 3809 vel
2492 3755 2769 3808 minimum
2795 3752 3151 3824 fragmentum
3172 3756 3239 3811 ab
3258 3771 3326 3810 eo
3348 3758 3613 3827 scriptum
3633 3758 3892 3830 prodidit.

2292 3877 2364 3887 —
2383 3846 2492 3901 Nec
2521 3847 2572 3900 itt
2602 3845 2857 3915 Catalego
2888 3847 3056 3901 sancti
3080 3846 3394 3919 Hieronymi
3417 3848 3485 3903 de
3522 3848 3661 3905 Viris
3678 3852 3901 3907 illustri-

2294 3939 2413 4003 bus,
2448 3948 2631 4006 postea
2662 3939 2912 4005 adaucto,
2939 3949 3219 4009 eotnparet
3239 3951 3458 3996 sanctus
3488 3941 3861 4001 Firmihanus.

2364 4031 2630 4087 Probatur
2658 4032 2740 4085 2".
2771 4031 3024 4103 Synodus
3048 4031 3381 4087 Antioclteua
3412 4035 3571 4102 paulo
3598 4047 3713 4105 post
3741 4053 3894 4092 mor-

2296 4133 2403 4178 tem
2434 4134 2744 4178 sanctorum
2771 4123 3066 4178 Firmiliani
3098 4133 3152 4179 et
3177 4124 3418 4197 Dionysii
3439 4126 3775 4181 Alexandrini
3797 4144 3891 4183 ce~

2290 4216 2495 4274 lebrata
2526 4220 2667 4275 circa
2696 4235 2897 4273 annum
2923 4219 3030 4274 2το
3061 4221 3381 4290 provocavit
3407 4220 3471 4275 ad
3512 4223 3784 4290 utriusque
3816 4223 3888 4276 il-

2290 4310 2467 4366 lorum
2496 4320 2801 4367 sanctorum
2831 4313 3211 4383 episcoporum
3255 4312 3584 4378 doctrinam;
3612 4312 3679 4366 ad
3711 4315 3896 4369 sancti

2292 4405 2532 4478 Dionysii
2581 4407 2795 4477 quidem
2850 4408 3050 4477 scripta
3102 4423 3203 4462 ceu
3235 4409 3497 4463 exstantia
3551 4410 3901 4477 provocavit;

2294 4498 2437 4570 quod
2459 4515 2585 4554 vero
2601 4501 2794 4555 attinet
2813 4499 2877 4555 ad
2893 4511 3137 4555 sanctum
3157 4500 3524 4555 Firmilianum
3545 4500 3709 4571 hujus
3730 4503 3903 4572 scrip-

2216 4585 2268 4645 D
2297 4600 2347 4645 ta
2380 4606 2484 4645 non
2515 4590 2857 4647 adduxerunt
2887 4592 3075 4647 Patres
3119 4593 3433 4661 cnttscripti,
3464 4592 3561 4647 Sed
3592 4594 3905 4664 allegabant

2294 4681 2519 4738 idoneos
2564 4694 2750 4752 testes,
2793 4685 2881 4754 qui
2912 4695 3154 4739 sanctum
3196 4686 3572 4741 Firntilianum
3596 4688 3665 4742 de
3686 4705 3782 4744 ore
3806 4706 3908 4744 au-

2294 4775 2537 4831 diverant
2572 4778 2721 4833 olim.
2757 4777 3010 4834 Videntur
3053 4780 3301 4835 Praefatio
3328 4798 3475 4836 num.
3510 4798 3569 4848 tt,
3604 4799 3681 4849 ιιι,
3723 4794 3776 4838 et
3818 4800 3905 4841 tv.

2294 4868 2410 4925 Hoc
2440 4880 2589 4925 certe
2609 4872 2868 4941 judicium
2902 4884 3111 4927 estnon
3141 4874 3450 4941 obscurum,
3477 4876 3623 4930 nulla
3647 4892 3746 4947 pro
3771 4886 3911 4935 tunc

2293 4964 2493 5035 scripta
2525 4962 2625 5019 sub
2655 4966 2827 5020 sancti
2857 4965 3152 5021 Firmiliani
3181 4968 3400 5024 nomine
3428 4970 3751 5027 innotuisse.

2399 5104 2713 5174 Argumenta
2741 5106 3003 5159 contraria
3030 5122 3092 5159 ex
3120 5115 3297 5161 sancto
3326 5104 3522 5162 Basilio
3564 5107 3784 5181 Magno.

2362 5241 2401 5295 l.
2444 5242 2544 5307 Qui
2574 5252 2750 5298 tamen
2783 5252 3025 5298 sanctum
3061 5244 3433 5299 Firmilianum
3467 5246 3609 5301 inter
3659 5249 3913 5319 scripto.

2290 5347 2378 5387 res
2424 5332 2819 5390 ceclesiasticos
2866 5336 3139 5391 collocare
3188 5336 3508 5405 allaborant,
3538 5354 3779 5402 sequens
3828 5344 3916 5397 iro

2290 5427 2631 5499 refragabilc,
2665 5440 2723 5485 ut
2746 5430 2912 5485 videri
2949 5443 3150 5501 posset,
3180 5443 3557 5501 argumentum
3585 5434 3916 5493 cﬂ'ormant.

2290 5520 2515 5575 Sanctus
2538 5521 2766 5576 Basilius
2790 5522 3013 5591 Magnus
3043 5522 3141 5577 fuit
3166 5526 3337 5579 sancti
3363 5524 3658 5580 Firmiliani
3684 5527 3738 5581 ιιι
3766 5529 3916 5586 sede

2292 5615 2585 5685 episcopali
2612 5615 2937 5672 Caesariensi
2966 5633 3279 5682 successor;
3305 5629 3358 5674 et
3384 5620 3627 5691 quamvis
3655 5637 3766 5676 non
3788 5621 3920 5680 fue—

2294 5708 2363 5764 rit
2394 5710 2753 5778 imntedialus,
2787 5710 2879 5765 sed
2905 5721 3122 5767 centum
3156 5712 3311 5768 annis
3339 5714 3635 5783 posterior;
3670 5729 3743 5769 ex
3765 5718 3919 5771 scri-

2296 5803 2400 5858 niis
2421 5819 2532 5859 sute
2555 5804 2811 5861 ECClGSiiB
2832 5806 3183 5863 Caesariensis
3201 5805 3450 5863 facillime
3470 5807 3677 5863 rescire
3703 5812 3914 5880 potuit,

2296 5910 2363 5952 an
2405 5905 2459 5953 et
2488 5898 2674 5967 quales
2704 5898 2823 5957 libri
2864 5915 2892 5954 a
2945 5909 3133 5957 sancto
3181 5900 3490 5957 Firmiliano
3535 5902 3664 5957 olim
3700 5900 3913 5958 fuerint
