4208 6276
313 283 454 343 1409
480 283 491 353 ἶ
518 285 534 353 j

1198 288 1289 349 DE
1329 287 1723 354 FlBMlLIANiI
1749 295 1841 353 AD
1878 296 1934 354 S.
1968 290 2367 360 CVPRIANUM
2407 302 2765 366 EPISTULA.

3479 318 3621 380 {MO

312 403 632 475 compositi;
665 403 801 460 adeo
824 411 884 461 ut
903 414 1123 465 sanctus
1156 410 1381 468 Basilius
1413 415 1630 485 Magnus
1659 416 1833 472 hacin
1863 432 1922 472 re
1948 416 1999 475 A
2027 417 2189 472 modo
2213 429 2296 475 cst
2326 424 2552 491 quaestio
2580 425 2867 496 prmcipua,
2894 428 3132 487 nondum
3168 429 3240 489 ita
3268 431 3334 491 de
3374 433 3466 492 illo
3492 455 3505 491 :
3534 438 3620 497 An

306 503 466 557 testis
509 501 742 571 reputari
770 500 963 557 debeat
1003 504 1149 558 omni
1179 509 1493 576 exceptione
1516 510 1703 580 major.

385 595 456 649 At
476 608 605 649 vero
626 602 846 649 sanctus
869 593 1095 649 Basilius
1119 597 1339 669 Magnus
1362 601 1413 654 in
1440 600 1594 663 libro,
1620 618 1778 672 quem
1808 604 1859 657 in
1883 605 1917 659 5

312 686 488 757 capita
519 685 863 741 distributum
897 685 963 742 de
983 686 1184 757 Spiritu
1215 701 1403 747 sancto
1424 693 1639 762 scripsit
1666 693 1731 748 ad
1760 710 1917 749 sanc-

311 787 423 833 tum
445 778 907 849 Amphilochium,
931 789 1116 849 aperte
1137 790 1469 839 contestalus
1490 784 1585 839 fuit
1615 785 1681 841 de
1710 786 1859 842 libris
1882 802 1912 841 a

308 879 498 925 sancto
547 869 868 926 Firmiliano
908 873 1253 942 centpositis;
1306 890 1429 931 nam
1479 878 1653 947 capite
1678 878 1750 934 29
1802 884 1909 934 ait:

315 978 335 1014 ι
371 960 520 1017 Hanc
551 961 711 1018 ﬁdem
745 964 928 1033 (quam
961 966 1205 1034 exposui,
1258 966 1327 1021 de
1357 968 1557 1038 Spiritu
1609 970 1823 1043 sancto)
1858 980 1913 1027 et

308 1053 627 1110 Firmiliano
671 1065 857 1112 nostro
886 1057 1069 1124 fuisse,
1117 1069 1377 1117 testantur
1407 1061 1550 1119 illius
1587 1063 1731 1129 libri,
1776 1081 1911 1134 quos

307 1150 556 1218 reliquit;
588 1170 607 1202 ›
642 1165 771 1222 ergo
799 1152 917 1207 sine
958 1168 1164 1210 summa
1198 1157 1526 1227 impudentia
1569 1161 1752 1231 negari
1801 1177 1907 1216 non

308 1240 511 1310 poterit
536 1250 780 1298 sanctum
806 1241 1173 1300 Firmilianum
1204 1247 1414 1319 aliquos
1442 1250 1631 1318 libros,
1660 1252 1908 1322 qt.icum-

309 1349 415 1404 que
469 1334 687 1404 fuerint,
715 1338 1122 1407 conscripsisse,
1175 1356 1377 1414 eosque
1415 1360 1442 1397 a
1476 1354 1664 1400 sancto
1709 1346 1908 1402 Basilio

307 1424 497 1497 Magna
526 1428 673 1485 visos
713 1429 879 1487 fuisse
909 1440 965 1486 et
1006 1432 1194 1489 lectos.
1226 1434 1453 1505 Oportet
1481 1453 1629 1508 ergo,
1663 1446 1722 1493 ut
1747 1454 1907 1511 argu-

306 1528 491 1573 menta
522 1522 768 1591 negativa
806 1522 1056 1591 superius
1085 1524 1243 1580 allata
1276 1527 1470 1584 cedant
1520 1529 1643 1585 huic
1674 1531 1905 1601 positivo

305 1612 480 1669 sancti
522 1611 700 1669 Basilii
747 1616 1068 1673 testimonio.

383 1704 580 1762 Verum
612 1710 913 1779 respondeo
945 1728 959 1764 :
1013 1711 1418 1771 lubentissimus
1463 1719 1702 1775 concedo
1732 1698 1903 1790 majo-

304 1816 451 1866 rem;
483 1802 577 1857 sed
602 1818 738 1875 nego
766 1807 1100 1876 suppositum
1123 1810 1368 1877 minoris,
1394 1827 1487 1867 seu
1511 1814 1651 1884 quod
1681 1824 1900 1871 sanctus
1930 1812 1977 1873 B

305 1892 533 1949 Basilius
554 1894 772 1966 Magnus
788 1897 936 1954 illum
959 1900 1150 1955 librum
1168 1901 1237 1957 de
1256 1902 1455 1972 Spiritu
1485 1914 1673 1961 sancto
1690 1906 1757 1962 ad
1774 1907 1904 1963 Am-

305 1985 655 2057 philochium,
673 2005 800 2047 vere
823 1993 1235 2063 conscripserit;
1260 1996 1522 2065 siquidem
1543 1998 1595 2053 l°
1610 2008 1666 2054 et
1691 2010 1901 2057 veteres

305 2077 448 2134 hunc
470 2081 640 2136 sancti
669 2081 849 2138 Basilii
888 2083 1082 2139 librum
1114 2085 1450 2156 ignorarunt.
1487 2088 1547 2143 Υ
1582 2090 1764 2162 Stylus
1795 2108 1901 2148 non

302 2181 388 2229 est
434 2174 632 2230 Basilii.
663 2176 719 2232 3°
750 2177 1047 2234 Sententia:
1102 2191 1226 2236 sunt
1255 2192 1443 2237 sancto
1472 2182 1672 2239 Basilio
1712 2185 1902 2256 Magno

305 2265 557 2337 indigna},
580 2276 635 2324 ut
650 2270 761 2338 jam
778 2271 905 2325 olim
920 2271 1226 2327 observavit
1246 2274 1503 2331 Erasmus
1516 2276 1897 2335 Boterdamus.

304 2359 412 2415 Has
452 2376 599 2417 meas
649 2364 1061 2422 observationes
1088 2366 1258 2422 fusius
1304 2368 1635 2425 deducturus
1684 2386 1802 2425 sum
1846 2372 1898 2427 in

304 2454 526 2523 spetiali
557 2454 937 2514 dissertatione
972 2460 1040 2515 de
1069 2460 1389 2531 quibusdam
1429 2462 1683 2531 operibus
1714 2472 1902 2519 sancto

306 2545 503 2602 Basilio
518 2548 707 2620 Magno
721 2553 1033 2622 suppositis,
1059 2555 1303 2625 proxime
1335 2557 1476 2633 typis
1493 2556 1721 2611 edenda.
1742 2557 1902 2614 Modo

304 2641 530 2697 sufficiat
552 2643 702 2698 illum
727 2645 907 2701 Basilii
930 2647 1125 2703 librum
1144 2664 1265 2703 esse
1287 2648 1463 2704 dubiae
1484 2650 1629 2718 fidei,
1653 2667 1760 2722 quo
1782 2657 1901 2707 solo

306 2732 482 2803 posito
507 2736 725 2793 allatum
756 2749 1131 2809 argumentum
1154 2756 1248 2797 sua
1277 2741 1533 2798 ﬁrmitate
1564 2744 1897 2802 destituitur.

304 2824 493 2881 Restat
522 2832 574 2883 in
607 2830 705 2884 hac
732 2834 955 2887 materia
1002 2834 1271 2901 ultimum,
1300 2835 1367 2891 de
1398 2851 1503 2905 quo
1535 2852 1687 2891 num.
1732 2837 1820 2895 79.

374 2922 463 2977 57.
493 2922 554 2977 Il.
589 2923 802 2979 Bertius
823 2925 903 2997 (ί)
927 2936 985 2981 ιιι
1009 2928 1222 2982 evincat
1247 2943 1410 2998 supra
1439 2930 1571 2985 satis
1600 2930 1899 2987 discussam

301 3016 582 3086 epistolam
605 3032 734 3073 vere
757 3034 787 3074 a
813 3029 999 3075 sancto
1017 3020 1331 3077 Firmiliano
1355 3022 1520 3080 fuisse
1543 3027 1896 3096 compositam

299 3108 435 3163 ctad
459 3120 700 3166 sanctum
724 3110 1056 3184 Cyprianum
1077 3114 1361 3183 directam,
1382 3118 1452 3172 ita
1482 3117 1708 3174 ulterius
1733 3134 1897 3191 argu-

297 3212 573 3259 mentatur
610 3224 621 3260 :
657 3225 676 3259 ‹
700 3207 923 3264 Cninam
954 3209 1021 3265 de
1060 3221 1239 3267 mente
1269 3211 1567 3269 Firmiliani
1612 3229 1894 3274 assensum
1920 3204 1965 3268 (ἶ

301 3299 484 3368 petitis
504 3300 1034 3374 prmbeamus,quam
1062 3304 1254 3377 Magno
1269 3306 1721 3379 Basilioejusdem
1751 3313 1899 3369 urbis

300 3389 559 3460 episcopo
582 3434 598 3459 ,
643 3408 706 3448 ac
756 3403 899 3449 tanta
932 3396 1231 3453 litterarum
1274 3400 1444 3470 gloria
1474 3404 1813 3471 percelebri?
1847 3406 1898 3461 Is

301 3482 796 3553 quidcmepistolat
823 3491 1081 3546 canonica
1110 3491 1175 3545 ad
1207 3492 1716 3563 Amphilochium...
1748 3508 1898 3569 post-

300 3591 458 3645 quam
511 3580 823 3650 scripserat,
874 3583 1288 3653 rebaptizandos
1337 3591 1575 3643 omnium
1630 3593 1897 3647 sententia

274 3666 725 3729 Montanistas...
761 3674 871 3729 ait:
906 3674 1089 3731 Videri
1128 3677 1230 3732 sibi
1263 3680 1673 3749 rebaptizandos
1703 3700 1895 3742 omnes

301 3764 606 3832 promiscue
636 3764 941 3836 hmrelicos,
967 3776 1027 3823 ut
1047 3768 1216 3824 visum
1240 3770 1368 3825 olim
1396 3772 1667 3844 Cypriano
1694 3791 1757 3832 ac
1780 3776 1896 3831 Fir-

297 3856 541 3915 miliano.
579 3878 598 3913 ι
636 3860 833 3917 Verum
861 3863 1006 3917 enim
1034 3878 1187 3932 vero,
1240 3865 1413 3936 inquit
1442 3866 1695 3935 Basilius,
1751 3872 1895 3925 anti-

302 3950 425 4018 quis
455 3951 627 4006 visum
658 3963 765 4019 est,
804 3954 1076 4025 Cypriane
1102 3956 1243 4023 dico,
1277 3968 1332 4012 et
1362 3968 1547 4015 nostro
1576 3960 1895 4017 Firmiliano

300 4057 394 4098 eos
419 4044 753 4117 (haereticos)
783 4063 973 4103 omnes
1000 4048 1092 4103 uni
1119 4050 1328 4105 calculo
1372 4052 1671 4123 subjicere,
1699 4053 1896 4110 Catha-

299 4152 394 4194 ros
423 4150 476 4193 et
503 4139 827 4207 Encratitas,
859 4151 914 4197 et
947 4141 1400 4215 llydroparastas.
1430 4146 1561 4202 Cum
1587 4164 1655 4203 ex
1689 4158 1794 4203 tam
1823 4150 1890 4204 il-

298 4228 456 4284 luStri
500 4232 809 4288 testimonio
859 4235 1149 4290 accedente
1195 4238 1354 4292 etiam
1386 4240 1613 4309 epistola
1656 4243 1896 4315 Dionysii

296 4332 531 4387 constet,
558 4323 926 4381 Firmilianum
958 4327 1395 4401 Cyprianumqne
1429 4333 1480 4387 in
1513 4333 1764 4405 dogmate
1808 4353 1895 4394 re-

298 4416 686 4487 baptizantium
714 4422 1129 4491 conspirasse...
1166 4441 1325 4481 nemo
1348 4426 1417 4482 ob
1444 4427 1661 4484 frivolas
1686 4432 1894 4503 conjec-

297 4519 471 4579 turas,
493 4516 834 4584 quantumvis
868 4532 1059 4589 pompa
1085 4521 1374 4576 verborum
1397 4530 1453 4578 et
1482 4524 1756 4583 rethorico
1780 4529 1893 4601 pig-

297 4618 484 4661 mento
507 4605 587 4679 (2)
614 4607 775 4663 illitas
791 4618 1128 4668 vetustorum
1147 4614 1392 4669 codicum
1416 4614 1681 4687 (epistola:
1707 4619 1899 4677 Firmi-

298 4695 556 4771 lianicm),
586 4716 723 4772 quos
770 4704 927 4760 tineis
965 4705 1256 4779 blattisquc
1305 4713 1548 4767 excussis
1589 4715 1898 4783 pervoluta-

298 4802 428 4847 rttnt
452 4794 552 4848 viri
603 4795 845 4852 laborum
893 4801 1272 4869 patientissimi
1306 4806 1409 4877 (3),
1443 4806 1705 4878 despiciet
1736 4812 1897 4869 fidem

299 4899 363 4939 ac
386 4884 610 4943 deludet
635 4892 1027 4948 auctoritatem.
1052 4895 1127 4951 Ita
1156 4896 1323 4951 Berti.

374 4977 699 5049 Respondeo
729 4983 767 5035 Ι.
810 4984 1042 5041 Basilius
1070 4987 1157 5043 vel
1190 4990 1653 5058 pseudo-Basilius
1680 4997 1800 5055 loco
1821 5000 1899 5056 ci-

299 5079 413 5126 tato
434 5073 650 5143 quidem
675 5076 833 5132 docet
865 5076 1233 5137 Firmilianum
1257 5093 1311 5139 et
1335 5084 1660 5157 Cyprianum
1692 5093 1742 5147 in
1767 5094 1902 5166 dog-

298 5173 445 5220 mate
496 5168 943 5239 rebaptizantium
992 5176 1357 5246 conspirasse,
1405 5189 1491 5235 ast
1538 5186 1689 5239 nullo
1732 5189 1901 5245 verbo

298 5273 695 5320 commemorat
726 5266 1097 5325 Firmilianum
1122 5270 1294 5328 hacin
1323 5288 1485 5331 causa
1509 5285 1615 5332 tam
1641 5278 1898 5339 famosam

298 5355 585 5426 scripsisse
637 5361 951 5431 epistolam;
1009 5364 1076 5421 de
1128 5366 1287 5439 hujus
1335 5372 1577 5441 epistolae
1622 5376 1899 5435 authentia

478 5581 647 5668 Berti,
682 5585 777 5642 lib.
809 5600 960 5668 x391,
993 5590 1164 5668 c._l'5,
1187 5609 1363 5668 _prop.
1394 5613 1472 5663 ιιι,
1504 5598 1658 5668 prob.
1690 5602 1725 5657 4
1754 5612 1808 5659 et
1840 5605 1895 5660 5.

488 5655 804 5732 Elegantem
832 5650 1066 5716 Missorii
1094 5650 1677 5732 stylttnt

376 5722 459 5793 (3)
500 5722 784 5806 Morellius
811 5741 888 5806 _et
925 5722 1290 5805 Hieronymus
1336 5722 1713 5801 psoriasis.
1762 5745 1895 5806 Vidc

299 5806 464 5865 supra
504 5812 558 5853 ιι.
596 5798 662 5855 12
682 5810 737 5857 et
764 5803 850 5859 M.

2022 506 2369 566 Firmilianus
2418 514 2861 612 rebaptizaverit’.

2093 600 2418 674 Respondeo
2446 607 2501 662 2.
2545 608 2603 663 In
2645 600 3038 683 Firmil'ianica,
3075 618 3143 675 de
3173 632 3275 690 qua
3323 623 3613 695 quaeritur,

2020 694 2167 750 nulla
2218 696 2414 766 legitur
2460 705 2663 755 mentio
2694 702 2832 761 facta
2860 706 2929 762 de
2953 708 3205 767 Catharis
3229 714 3516 772 Encratitis
3565 694 3623 774 et

2018 785 2454 857 Ilydroparastis,
2490 808 2626 862 quos
2652 795 2997 855 Firmilianus
3028 802 3119 856 uni
3170 804 3456 878 eidemque
3504 810 3619 865 cal-

2017 879 2142 934 culo
2190 881 2489 952 sulijecisse
2528 884 2724 943 dicitur
2763 905 2793 944 a
2835 890 3000 946 citato
3045 892 3263 951 Basilio.
3299 896 3430 953 Item
3458 914 3529 955 an
3564 900 3617 957 hi

2016 973 2124 1027 sint
2155 972 2393 1031 hmretici
2425 992 2633 1047 omnes,
2657 993 2713 1036 ut
2743 993 2941 1052 praeter
2971 986 3092 1042 illos
3117 989 3248 1043 nulli
3274 991 3403 1046 alii?

2088 1069 2414 1142 Respondco
2428 1074 2519 1129 III.
2542 1075 2611 1132 Ut
2627 1094 2678 1131 ιι.
2697 1093 2861 1148 prmc.
2878 1080 3102 1151 singula:
3119 1083 3297 1140 Basilii
3312 1085 3483 1158 Magni
3503 1089 3617 1161 epi-

2013 1162 2167 1216 stolae
2193 1164 2261 1218 ad
2292 1175 2536 1221 sanctum
2570 1171 3009 1241 Amphilochium
3035 1178 3308 1233 canonica:
3340 1191 3465 1237 sunt
3488 1198 3613 1255 sup-

2012 1255 2286 1324 positilire.
2317 1258 2428 1314 Mea
2463 1262 2720 1318 ulteriora
2752 1279 3067 1336 argumenta
3100 1271 3284 1327 critica
3316 1290 3615 1346 proponam

2009 1346 2064 1401 in
2094 1348 2348 1421 singulari
2390 1353 2772 1413 dissertatione
2801 1360 3047 1429 proxime
3084 1363 3312 1421 edenda.

2408 1492 2863 1555 DISSERTATIO
2897 1498 3232 1561 SECUNDA.

2007 1599 2086 1657 De
2138 1603 2435 1661 Firmiliani
2470 1627 2606 1665 anno
2633 1616 2922 1681 emortuali,
2970 1633 3071 1686 quo
3115 1618 3316 1677 Paulus
3363 1622 3615 1682 Samosa-

2078 1706 2221 1753 tenus
2272 1702 2370 1772 fuit
2407 1703 2687 1774 depositus,
2721 1724 2781 1761 ac
2810 1711 3040 1780 synodus
3069 1712 3387 1772 Antiochena
3418 1734 3498 1789 ιιι,
3523 1738 3614 1778 seu

2078 1792 2405 1849 celeberrima
2430 1807 2609 1851 contra
2644 1798 2875 1854 Paulum
2907 1804 3179 1861 celebrata.

2078 1907 2170 1961 58.
2201 1908 2355 1964 Circa
2382 1910 2519 1967 hanc
2545 1915 2833 1984 epocham,
2884 1919 2951 1975 de
2998 1936 3101 1991 qua
3128 1924 3348 1980 memini
3374 1925 3426 1981 in
3455 1929 3608 1997 prazf.

2005 2016 2156 2057 nam.
2178 2018 2258 2070 ιιι,
2278 2005 2561 2075 plurimum
2582 2009 2850 2067 dissident
2865 2013 3476 2089 chronologi.Baronius
3490 2038 3611 2080 eam

2006 2096 2317 2167 alligaverat
2346 2115 2491 2156 anno
2520 2102 2647 2157 272.
2674 2105 2965 2181 Pagius(l)
2986 2125 3143 2177 quem
3173 2115 3417 2184 sequitur
3446 2116 3609 2173 Fleu-

2004 2190 2137 2256 rius,
2158 2200 2263 2248 etc.
2286 2208 2404 2249 eam
2432 2195 2744 2253 detrusitad
2778 2200 2939 2257 linem
2968 2218 3091 2258 anrn
3116 2205 3246 2264 269.
3280 2208 3406 2264 Haac
3420 2210 3610 2269 estilla

2007 2279 2211 2338 famosa
2246 2287 2489 2356 synodus
2512 2328 2527 2353 ,
2559 2305 2679 2359 qua:
2708 2293 2909 2347 saeculo
2938 2310 2994 2349 ιιι
3027 2311 3213 2353 vocem
3276 2299 3608 2359 Homousion

2008 2371 2262 2442 rejeeisse
2306 2376 2540 2443 dicitur,
2578 2381 2716 2437 falso
2776 2394 2952 2441 tamen
2982 2387 3179 2445 dicitur
3215 2393 3289 2446 uti
3341 2394 3442 2449 alia
3485 2396 3604 2453 vice

2004 2468 2305 2523 ostendam.
2343 2471 2474 2527 Cum
2518 2474 2680 2541 igitur
2715 2477 2783 2534 de
2814 2480 2900 2533 illa
2927 2482 3135 2552 synodo
3172 2484 3507 2557 frequentior
3554 2489 3605 2546 in

2004 2561 2380 2619 subsecuturis
2407 2564 2879 2625 dissertationibus
2908 2587 3088 2628 sermo
3117 2575 3477 2636 instituendus
3502 2580 3605 2648 sit;

2004 2650 2131 2708 hinc
2144 2668 2206 2709 ex
2214 2655 2333 2725 pedi
2341 2672 2398 2712 re
2419 2669 2701 2728 ccnseo,nt
2721 2661 2810 2715 illa
2824 2664 3026 2732 epocha
3042 2668 3225 2735 paucis
3238 2672 3597 2729 examinetur.

2638 2809 2963 2854 PROPOSITIO.

2004 2896 2344 2955 Celeberrima
2419 2905 2647 2975 synodus
2712 2910 3068 2980 Amice/aena,
3129 2914 3181 2969 in
3243 2934 3342 2987 qua
3397 2916 3603 2978 Paulus

2077 2991 2444 3052 Samosalcnus
2478 3000 2577 3068 fuit
2608 3000 2902 3075 depositus],
2943 3006 3193 3062 celebrata
3223 3026 3326 3065 non
3352 3013 3468 3083 gfuit
3492 3024 3610 3071 ante

2002 3119 2005 3123 ‹
2076 3102 2268 3140 annum
2296 3088 2426 3143 272.

2071 3201 2159 3257 59.
2184 3203 2465 3263 Probatur.
2492 3208 2755 3269 Eusebius
2774 3214 2923 3272 testis
2937 3217 3084 3273 omni
3101 3222 3419 3293 exceptione
3436 3225 3611 3296 major

2002 3295 2204 3353 diserte
2270 3301 2476 3369 tradit,
2520 3306 2665 3374 quod
2712 3307 2802 3363 illa
2856 3312 3097 3382 synodus
3141 3315 3409 3372 celebrata
3452 3295 3609 3374 fuerit

2002 3389 2101 3445 sub
2162 3392 2452 3451 Aureliano
2510 3396 2841 3466 imperatore
2909 3402 3008 3476 (l).
3061 3406 3171 3479 (Ita
3228 3410 3305 3463 ait
3354 3427 3369 3463 :
3428 3429 3449 3463 ‹
3495 3412 3607 3468 Sub

2001 3498 2106 3552 quo
2146 3486 2482 3561 (Aureliano)
2527 3501 2800 3561 postrema
2840 3494 2944 3569 (9.),
2981 3508 3033 3552 et
3074 3500 3314 3555 maxima
3340 3502 3603 3572 plurimo-

2000 3589 2121 3630 rum
2161 3578 2535 3647 episcoliorum
2576 3584 2803 3641 collecta
2854 3590 3063 3658 synodo
3093 3591 3466 3662 deprehensus
3496 3606 3599 3663 est,

1999 3680 2063 3722 ac
2108 3667 2176 3722 ab
2206 3670 2457 3725 omnibus
2493 3672 2605 3741 jam
2655 3677 2938 3746 perspicue
2979 3682 3369 3739 condemnatus
3420 3699 3608 3745 auctor

2000 3756 2092 3812 ille
2141 3758 2446 3827 haereseos,
2493 3773 2547 3818 et
2583 3768 2883 3836 peregrina:
2918 3769 3178 3828 doctrinm
3217 3775 3603 3850 Samosatzcus,

2000 3862 2061 3904 ac
2087 3851 2242 3905 simul
2269 3868 2297 3906 a
2320 3854 2596 3912 Catholica
2625 3859 2888 3928 Ecclesia,
2918 3879 3037 3933 quas
3062 3866 3164 3921 sub
3188 3870 3330 3926 coelo
3356 3882 3458 3939 est,
3488 3875 3608 3929 uni-

1997 3955 2153 3996 versa
2182 3955 2483 4013 separatus,
2515 3960 2569 4003 ct
2596 3956 3125 4014 cxcommunicatus.
3170 3960 3399 4021 Maxime
3424 3977 3605 4025 autem

2004 4033 2153 4088 illum
2176 4034 2228 4088 in
2261 4036 2553 4094 reddendis
2579 4042 2878 4099 rationibus
2906 4045 3191 4115 lubricum,
3225 4061 3280 4106 et
3311 4054 3602 4114 obscurum

2003 4122 2277 4194 redarguit
2309 4128 2646 4187 Malchion...
2692 4134 3046 4194 Antiochena:
3088 4140 3289 4197 schola:
3319 4144 3371 4201 in
3400 4147 3606 4207 Gnecis

2002 4214 2304 4286 disciplinis
2332 4220 2712 4279 moderator...
2746 4227 2999 4297 Ejusdem
3033 4232 3292 4292 Paroecire
3326 4242 3608 4316 presbyte-

2002 4308 2083 4363 rio
2105 4309 2411 4367 decoratus.
2460 4314 2560 4371 Hic
2598 4316 3009 4391 Samosatzeum,
3043 4330 3267 4383 notariis
3303 4308 3607 4392 omnia'ex-

2001 4400 2324 4471 cipientibus
2350 4446 2363 4470 ,
2406 4412 2795 4477 ψιωειιοιιίιιιιε
2839 4415 2952 4470 suis
2980 4419 3113 4474 ursit
3134 4462 3147 4485 ,
3182 4437 3317 4492 quas
3347 4426 3507 4481 etiam
3536 4429 3604 4484 ad

1996 4499 2179 4547 nostra
2203 4510 2373 4567 usque
2396 4505 2636 4569 tempora
2663 4500 2743 4575 (5)
2772 4516 2992 4565 exstare
3014 4511 3284 4568 scimus...
3307 4514 3479 4573 Unam
3504 4521 3607 4576 ita-

1927 4582 1980 4642 D
2004 4599 2110 4655 que
2150 4603 2217 4643 ex
2255 4593 2525 4647 communi
2568 4598 2856 4665 sententia,
2900 4602 2990 4671 qui
3019 4610 3127 4658 tum
3157 4604 3208 4659 in
3251 4622 3415 4664 unum
3445 4623 3602 4669 erant

2005 4683 2359 4752 congregati,
2392 4694 2633 4755 pastores
2676 4688 2745 4743 ad
2786 4705 3046 4760 personas
3074 4695 3313 4769 Dionysii
3351 4701 3603 4774 Romani,

2005 4783 2061 4829 et
2134 4773 2350 4831 Maximi
2422 4776 2770 4835 Alexandrini
2826 4782 3214 4856 Episcoporum
3270 4773 3607 4866 scripserunt

2005 4866 2330 4937 Epistolam,
2363 4870 2622 4943 illamque
2656 4873 2721 4928 ad
2746 4886 2969 4933 cunctas
2993 4883 3294 4947 provincias
3319 4887 3601 4956 miserunt,

2006 4960 2060 5016 in
2089 4977 2261 5032 qua...
2308 4978 2612 5033 perversam
2652 4966 2805 5022 Pauli
2851 4969 3290 5042 ileterodoxiam,
3336 4977 3605 5037 Elenchos

2008 5063 2063 5109 et
2082 5056 2428 5125 quaestiones,
2470 5073 2604 5128 quas
2647 5070 2832 5115 contra
2860 5078 2982 5118 eum
3015 5078 3324 5136 moverunt,
3348 5072 3523 5129 adhuc
3552 5084 3607 5131 et

2007 5156 2255 5203 cunctam
2288 5148 2431 5203 illius
2462 5151 2623 5206 vitam
2645 5193 2661 5219 ,
2690 5162 2746 5208 et
2792 5154 3063 5225 ingenium
3094 5173 3437 5231 exponunt...
3482 5166 3606 5223 Fir-

2008 5239 2259 5295 milianus
2306 5240 2387 5295 bis
2438 5243 2587 5298 venit
2627 5245 2989 5318 Antiochiam,
3038 5260 3093 5307 et
3142 5257 3421 5327 peregrina
3463 5258 3606 5315 illius

2006 5330 2202 5406 (Pauli)
2229 5333 2478 5406 dogmata
2500 5337 2949 5401 condemnavit...
2978 5343 3111 5402 Erat
3137 5358 3315 5406 autem
3337 5350 3448 5421 jam
3472 5369 3609 5425 quo-

2110 5468 2127 5519 l
2180 5467 2378 5523 Euseb.
2406 5469 2470 5523 Η.
2505 5470 2567 5526 Ε.
2593 5473 2629 5527 l.
2655 5488 2749 5537 vn,
2774 5489 2823 5530 c.
2852 5476 2943 5533 29.

2078 5469 2155 5609 ἓιζ
2209 5539 2262 5593 ln
2306 5542 2734 5608 prmeedentibus
2784 5561 2943 5609 congr

2209 5539 2262 5621 In
2306 5542 2734 5621 praecedentibus
2784 5552 3167 5619 congressibus
3215 5558 3412 5615 Paulus
3452 5576 3605 5621 suam

2003 5610 2325 5696 sententiam
2350 5612 2824 5696 obvelarenadhuc,
2855 5610 2918 5675 et
2951 5610 3609 5696 obtegere—meiitbsnfue:

2001 5688 2105 5735 rat.
2132 5680 2191 5751 γ.
2225 5680 2446 5751 Euseb.,
2476 5699 2525 5739 c.
2558 5685 2649 5742 28.

2075 5742 2618 5835 t5)Quod_Euseb_ius
2640 5742 2782 5818 hanc
2807 5777 2959 5819 suam
3003 5765 3283 5829 historiam
3314 5777 3623 5835 absolverit

2001 5830 2127 5881 ante
2151 5824 2446 5887 concilium
2475 5827 2781 5908 Nicaenum,
2832 5846 2958 5895 autc
2985 5824 3417 5924 annum-"5.23.:
3432 5824 3630 5923 gitti-{tis
