  <div class='ocr_page' id='page_1' title='image "/cluster/home/n/w/nwhite01/storage/ocr_20150623/3/hvd.32044054086798/757.png"; bbox 0 0 4208 6276; ppageno 0'>
   <div class='ocr_carea' id='block_1_1' title="bbox 677 324 818 387">
    <p class='ocr_par' dir='ltr' id='par_1_1' title="bbox 677 324 818 387">
     <span class='ocr_line' id='line_1_1' title="bbox 677 324 818 387; baseline -0.021 0"><span class='ocrx_word' id='word_1_1' title='bbox 677 324 818 387; x_wconf 68' lang='grc'><strong>1415</strong></span> 
     </span>
    </p>
   </div>
   <div class='ocr_carea' id='block_1_2' title="bbox 2072 300 2622 372">
    <p class='ocr_par' dir='ltr' id='par_1_2' title="bbox 2072 300 2622 372">
     <span class='ocr_line' id='line_1_2' title="bbox 2072 300 2622 372; baseline -0.018 -2"><span class='ocrx_word' id='word_1_2' title='bbox 2072 300 2526 369; x_wconf 81' lang='lat' dir='ltr'><strong>DISSERTATIO</strong></span> <span class='ocrx_word' id='word_1_3' title='bbox 2557 305 2622 372; x_wconf 89' lang='lat' dir='ltr'><strong>Il,</strong></span> 
     </span>
    </p>
   </div>
   <div class='ocr_carea' id='block_1_3' title="bbox 3854 296 4002 352">
    <p class='ocr_par' dir='ltr' id='par_1_3' title="bbox 3854 296 4002 352">
     <span class='ocr_line' id='line_1_3' title="bbox 3854 296 4002 352; baseline 0 -1"><span class='ocrx_word' id='word_1_4' title='bbox 3854 296 4002 352; x_wconf 65' lang='lat' dir='ltr'><strong>1M6</strong></span> 
     </span>
    </p>
   </div>
   <div class='ocr_carea' id='block_1_4' title="bbox 677 402 3997 515">
    <p class='ocr_par' dir='ltr' id='par_1_4' title="bbox 677 402 3997 515">
     <span class='ocr_line' id='line_1_4' title="bbox 677 402 3997 515; baseline -0.01 -16"><span class='ocrx_word' id='word_1_5' title='bbox 677 440 904 515; x_wconf 87' lang='lat' dir='ltr'><strong>epistola</strong></span> <span class='ocrx_word' id='word_1_6' title='bbox 944 435 1311 496; x_wconf 89' lang='lat' dir='ltr'><strong>Firmilianica</strong></span> <span class='ocrx_word' id='word_1_7' title='bbox 1341 433 1409 490; x_wconf 91' lang='lat' dir='ltr'><strong>de</strong></span> <span class='ocrx_word' id='word_1_8' title='bbox 1435 445 1663 490; x_wconf 88' lang='lat' dir='ltr'><strong>numero</strong></span> <span class='ocrx_word' id='word_1_9' title='bbox 1705 429 1961 498; x_wconf 78' lang='lat' dir='ltr'><strong>singulari</strong></span> <span class='ocrx_word' id='word_1_10' title='bbox 1993 437 2047 484; x_wconf 90' lang='lat' dir='ltr'><strong>et</strong></span> <span class='ocrx_word' id='word_1_11' title='bbox 2077 427 2267 498; x_wconf 76' lang='lat' dir='ltr'><strong>plurali</strong></span> <span class='ocrx_word' id='word_1_12' title='bbox 2298 429 2345 487; x_wconf 79' lang='grc' dir='ltr'>Α</span> <span class='ocrx_word' id='word_1_13' title='bbox 2378 422 2437 477; x_wconf 88' lang='lat' dir='ltr'><strong>S.</strong></span> <span class='ocrx_word' id='word_1_14' title='bbox 2462 402 2819 489; x_wconf 31' lang='lat' dir='ltr'><strong>&#39;Augustinus</strong></span> <span class='ocrx_word' id='word_1_15' title='bbox 2851 415 2931 488; x_wconf 91' lang='grc'><strong>(1)</strong></span> <span class='ocrx_word' id='word_1_16' title='bbox 2974 415 3043 471; x_wconf 89' lang='lat' dir='ltr'><strong>de</strong></span> <span class='ocrx_word' id='word_1_17' title='bbox 3088 413 3155 470; x_wconf 91' lang='lat' dir='ltr'><strong>iis</strong></span> <span class='ocrx_word' id='word_1_18' title='bbox 3188 412 3525 468; x_wconf 80' lang='lat' dir='ltr'><strong>mentionem</strong></span> <span class='ocrx_word' id='word_1_19' title='bbox 3584 408 3811 466; x_wconf 80' lang='lat' dir='ltr'><strong>faciam.</strong></span> <span class='ocrx_word' id='word_1_20' title='bbox 3872 410 3997 465; x_wconf 75' lang='lat' dir='ltr'><strong>lam</strong></span> 
     </span>
    </p>
   </div>
   <div class='ocr_carea' id='block_1_5' title="bbox 677 520 2272 601">
    <p class='ocr_par' dir='ltr' id='par_1_5' title="bbox 677 520 2272 601">
     <span class='ocr_line' id='line_1_5' title="bbox 677 520 2272 601; baseline -0.012 -10"><span class='ocrx_word' id='word_1_21' title='bbox 677 543 933 601; x_wconf 85' lang='lat' dir='ltr'><strong>annotat,</strong></span> <span class='ocrx_word' id='word_1_22' title='bbox 964 533 1104 588; x_wconf 92' lang='lat' dir='ltr'><strong>sicut</strong></span> <span class='ocrx_word' id='word_1_23' title='bbox 1143 539 1197 585; x_wconf 89' lang='lat' dir='ltr'><strong>et</strong></span> <span class='ocrx_word' id='word_1_24' title='bbox 1229 529 1313 584; x_wconf 88' lang='lat' dir='ltr'><strong>illa</strong></span> <span class='ocrx_word' id='word_1_25' title='bbox 1351 527 1578 598; x_wconf 73' lang='lat' dir='ltr'><strong>qumstio</strong></span> <span class='ocrx_word' id='word_1_26' title='bbox 1607 540 1829 580; x_wconf 89' lang='lat' dir='ltr'><strong>numero</strong></span> <span class='ocrx_word' id='word_1_27' title='bbox 1854 523 1945 588; x_wconf 88' lang='grc'>20,</span> <span class='ocrx_word' id='word_1_28' title='bbox 1978 520 2272 593; x_wconf 81' lang='lat' dir='ltr'><strong>proposita,</strong></span> 
     </span>
    </p>
   </div>
   <div class='ocr_carea' id='block_1_6' title="bbox 678 612 2275 687">
    <p class='ocr_par' dir='ltr' id='par_1_6' title="bbox 678 612 2275 687">
     <span class='ocr_line' id='line_1_6' title="bbox 678 612 2275 687; baseline -0.012 -3"><span class='ocrx_word' id='word_1_29' title='bbox 678 644 748 685; x_wconf 91' lang='lat' dir='ltr'><strong>an</strong></span> <span class='ocrx_word' id='word_1_30' title='bbox 800 626 1009 681; x_wconf 79' lang='lat' dir='ltr'><strong>scilicet</strong></span> <span class='ocrx_word' id='word_1_31' title='bbox 1050 622 1401 678; x_wconf 89' lang='lat' dir='ltr'><strong>Firmilianns</strong></span> <span class='ocrx_word' id='word_1_32' title='bbox 1448 619 1718 674; x_wconf 82' lang='lat' dir='ltr'><strong>celebrata</strong></span> <span class='ocrx_word' id='word_1_33' title='bbox 1770 614 2001 687; x_wconf 83' lang='lat' dir='ltr'><strong>synodo,</strong></span> <span class='ocrx_word' id='word_1_34' title='bbox 2051 612 2275 682; x_wconf 80' lang='lat' dir='ltr'><strong>ejusque</strong></span> 
     </span>
    </p>
   </div>
   <div class='ocr_carea' id='block_1_7' title="bbox 680 703 2277 785">
    <p class='ocr_par' dir='ltr' id='par_1_7' title="bbox 680 703 2277 785">
     <span class='ocr_line' id='line_1_7' title="bbox 680 703 2277 785; baseline -0.011 -9"><span class='ocrx_word' id='word_1_35' title='bbox 680 720 901 777; x_wconf 87' lang='lat' dir='ltr'><strong>nomine</strong></span> <span class='ocrx_word' id='word_1_36' title='bbox 931 716 1203 772; x_wconf 76' lang='lat' dir='ltr'><strong>laudatam</strong></span> <span class='ocrx_word' id='word_1_37' title='bbox 1226 703 1516 785; x_wconf 78' lang='lat' dir='ltr'><strong>epistolam</strong></span> <span class='ocrx_word' id='word_1_38' title='bbox 1543 710 1839 781; x_wconf 88' lang='lat' dir='ltr'><strong>scripserit,</strong></span> <span class='ocrx_word' id='word_1_39' title='bbox 1873 722 1991 763; x_wconf 92' lang='lat' dir='ltr'><strong>mea</strong></span> <span class='ocrx_word' id='word_1_40' title='bbox 2021 706 2277 777; x_wconf 88' lang='lat' dir='ltr'><strong>opini0ne</strong></span> 
     </span>
    </p>
   </div>
   <div class='ocr_carea' id='block_1_8' title="bbox 678 800 2278 880">
    <p class='ocr_par' dir='ltr' id='par_1_8' title="bbox 678 800 2278 880">
     <span class='ocr_line' id='line_1_8' title="bbox 678 800 2278 880; baseline -0.012 -11"><span class='ocrx_word' id='word_1_41' title='bbox 678 813 822 869; x_wconf 89' lang='lat' dir='ltr'><strong>haud</strong></span> <span class='ocrx_word' id='word_1_42' title='bbox 868 812 1094 867; x_wconf 91' lang='lat' dir='ltr'><strong>multum</strong></span> <span class='ocrx_word' id='word_1_43' title='bbox 1132 810 1351 880; x_wconf 90' lang='lat' dir='ltr'><strong>probat;</strong></span> <span class='ocrx_word' id='word_1_44' title='bbox 1403 805 1668 877; x_wconf 88' lang='lat' dir='ltr'><strong>siquidem</strong></span> <span class='ocrx_word' id='word_1_45' title='bbox 1734 800 2048 873; x_wconf 88' lang='lat' dir='ltr'><strong>responderi</strong></span> <span class='ocrx_word' id='word_1_46' title='bbox 2099 804 2278 869; x_wconf 89' lang='lat' dir='ltr'><strong>potest</strong></span> 
     </span>
    </p>
   </div>
   <div class='ocr_carea' id='block_1_9' title="bbox 677 890 2275 974">
    <p class='ocr_par' dir='ltr' id='par_1_9' title="bbox 677 890 2275 974">
     <span class='ocr_line' id='line_1_9' title="bbox 677 890 2275 974; baseline -0.013 -10"><span class='ocrx_word' id='word_1_47' title='bbox 677 911 733 965; x_wconf 89' lang='lat' dir='ltr'><strong>S.</strong></span> <span class='ocrx_word' id='word_1_48' title='bbox 768 906 1137 963; x_wconf 87' lang='lat' dir='ltr'><strong>Firmiliannm</strong></span> <span class='ocrx_word' id='word_1_49' title='bbox 1176 900 1576 974; x_wconf 86' lang='lat' dir='ltr'><strong>responsoriam</strong></span> <span class='ocrx_word' id='word_1_50' title='bbox 1605 910 1858 953; x_wconf 85' lang='lat' dir='ltr'><strong>exarasse</strong></span> <span class='ocrx_word' id='word_1_51' title='bbox 1894 892 2142 949; x_wconf 84' lang='lat' dir='ltr'><strong>consulto</strong></span> <span class='ocrx_word' id='word_1_52' title='bbox 2170 890 2275 945; x_wconf 86' lang='lat' dir='ltr'><strong>Ec-</strong></span> 
     </span>
    </p>
   </div>
   <div class='ocr_carea' id='block_1_10' title="bbox 676 985 2275 1064">
    <p class='ocr_par' dir='ltr' id='par_1_10' title="bbox 676 985 2275 1064">
     <span class='ocr_line' id='line_1_10' title="bbox 676 985 2275 1064; baseline -0.014 -3"><span class='ocrx_word' id='word_1_53' title='bbox 676 1006 858 1061; x_wconf 60' lang='lat' dir='ltr'><strong>clesiae</strong></span> <span class='ocrx_word' id='word_1_54' title='bbox 887 1017 997 1057; x_wconf 73' lang='lat' dir='ltr'><strong>sua:</strong></span> <span class='ocrx_word' id='word_1_55' title='bbox 1035 1002 1203 1064; x_wconf 89' lang='lat' dir='ltr'><strong>clero,</strong></span> <span class='ocrx_word' id='word_1_56' title='bbox 1257 999 1396 1052; x_wconf 90' lang='lat' dir='ltr'><strong>unde</strong></span> <span class='ocrx_word' id='word_1_57' title='bbox 1442 994 1603 1051; x_wconf 92' lang='lat' dir='ltr'><strong>modo</strong></span> <span class='ocrx_word' id='word_1_58' title='bbox 1649 994 1699 1047; x_wconf 91' lang='lat' dir='ltr'><strong>in</strong></span> <span class='ocrx_word' id='word_1_59' title='bbox 1752 989 1965 1062; x_wconf 82' lang='lat' dir='ltr'><strong>plurali,</strong></span> <span class='ocrx_word' id='word_1_60' title='bbox 2017 985 2177 1041; x_wconf 90' lang='lat' dir='ltr'><strong>modo</strong></span> <span class='ocrx_word' id='word_1_61' title='bbox 2221 985 2275 1039; x_wconf 94' lang='lat' dir='ltr'><strong>in</strong></span> 
     </span>
    </p>
   </div>
   <div class='ocr_carea' id='block_1_11' title="bbox 676 1078 2277 1171">
    <p class='ocr_par' dir='ltr' id='par_1_11' title="bbox 676 1078 2277 1171">
     <span class='ocr_line' id='line_1_11' title="bbox 676 1078 2277 1171; baseline -0.016 -16"><span class='ocrx_word' id='word_1_62' title='bbox 676 1098 935 1171; x_wconf 83' lang='lat' dir='ltr'><strong>singulari</strong></span> <span class='ocrx_word' id='word_1_63' title='bbox 962 1094 1252 1163; x_wconf 76' lang='lat' dir='ltr'><strong>alloquitur</strong></span> <span class='ocrx_word' id='word_1_64' title='bbox 1272 1090 1623 1163; x_wconf 85' lang='lat' dir='ltr'><strong>Cyprianum.</strong></span> <span class='ocrx_word' id='word_1_65' title='bbox 1650 1087 1781 1141; x_wconf 92' lang='lat' dir='ltr'><strong>Dein</strong></span> <span class='ocrx_word' id='word_1_66' title='bbox 1808 1086 2114 1152; x_wconf 72' lang='lat' dir='ltr'><strong>incongrua:</strong></span> <span class='ocrx_word' id='word_1_67' title='bbox 2144 1078 2277 1134; x_wconf 90' lang='lat' dir='ltr'><strong>cita-</strong></span> 
     </span>
    </p>
   </div>
   <div class='ocr_carea' id='block_1_12' title="bbox 679 1171 2276 1255">
    <p class='ocr_par' dir='ltr' id='par_1_12' title="bbox 679 1171 2276 1255">
     <span class='ocr_line' id='line_1_12' title="bbox 679 1171 2276 1255; baseline -0.013 -9"><span class='ocrx_word' id='word_1_68' title='bbox 679 1193 852 1246; x_wconf 89' lang='lat' dir='ltr'><strong>tiones</strong></span> <span class='ocrx_word' id='word_1_69' title='bbox 876 1203 943 1244; x_wconf 83' lang='lat' dir='ltr'><strong>ex</strong></span> <span class='ocrx_word' id='word_1_70' title='bbox 970 1188 1027 1242; x_wconf 92' lang='lat' dir='ltr'><strong>S.</strong></span> <span class='ocrx_word' id='word_1_71' title='bbox 1062 1185 1359 1255; x_wconf 86' lang='lat' dir='ltr'><strong>Scriptura,</strong></span> <span class='ocrx_word' id='word_1_72' title='bbox 1407 1196 1540 1252; x_wconf 86' lang='lat' dir='ltr'><strong>quas</strong></span> <span class='ocrx_word' id='word_1_73' title='bbox 1575 1180 1646 1234; x_wconf 92' lang='lat' dir='ltr'><strong>cl.</strong></span> <span class='ocrx_word' id='word_1_74' title='bbox 1698 1176 2053 1233; x_wconf 86' lang='lat' dir='ltr'><strong>Molkenbuhr</strong></span> <span class='ocrx_word' id='word_1_75' title='bbox 2096 1174 2146 1226; x_wconf 92' lang='lat' dir='ltr'><strong>in</strong></span> <span class='ocrx_word' id='word_1_76' title='bbox 2177 1171 2276 1226; x_wconf 89' lang='lat' dir='ltr'><strong>hac</strong></span> 
     </span>
    </p>
   </div>
   <div class='ocr_carea' id='block_1_13' title="bbox 677 1264 2275 1354">
    <p class='ocr_par' dir='ltr' id='par_1_13' title="bbox 677 1264 2275 1354">
     <span class='ocr_line' id='line_1_13' title="bbox 677 1264 2275 1354; baseline -0.013 -15"><span class='ocrx_word' id='word_1_77' title='bbox 677 1282 903 1354; x_wconf 89' lang='lat' dir='ltr'><strong>epistola</strong></span> <span class='ocrx_word' id='word_1_78' title='bbox 953 1280 1053 1334; x_wconf 88' lang='lat' dir='ltr'><strong>sub</strong></span> <span class='ocrx_word' id='word_1_79' title='bbox 1088 1276 1327 1333; x_wconf 89' lang='lat' dir='ltr'><strong>numeris</strong></span> <span class='ocrx_word' id='word_1_80' title='bbox 1357 1275 1452 1341; x_wconf 61' lang='lat'><strong>24,</strong></span> <span class='ocrx_word' id='word_1_81' title='bbox 1487 1273 1581 1339; x_wconf 86' lang='lat'><strong>27,</strong></span> <span class='ocrx_word' id='word_1_82' title='bbox 1608 1272 1680 1327; x_wconf 90' lang='lat'><strong>28</strong></span> <span class='ocrx_word' id='word_1_83' title='bbox 1705 1280 1759 1326; x_wconf 90' lang='lat' dir='ltr'><strong>et</strong></span> <span class='ocrx_word' id='word_1_84' title='bbox 1788 1270 1889 1335; x_wconf 78' lang='grc'>51,</span> <span class='ocrx_word' id='word_1_85' title='bbox 1922 1276 2089 1330; x_wconf 92' lang='lat' dir='ltr'><strong>notat,</strong></span> <span class='ocrx_word' id='word_1_86' title='bbox 2124 1264 2275 1320; x_wconf 91' lang='lat' dir='ltr'><strong>nullo</strong></span> 
     </span>
    </p>
   </div>
   <div class='ocr_carea' id='block_1_14' title="bbox 676 1359 2273 1433">
    <p class='ocr_par' dir='ltr' id='par_1_14' title="bbox 676 1359 2273 1433">
     <span class='ocr_line' id='line_1_14' title="bbox 676 1359 2273 1433; baseline -0.014 0"><span class='ocrx_word' id='word_1_87' title='bbox 676 1376 839 1433; x_wconf 91' lang='lat' dir='ltr'><strong>modo</strong></span> <span class='ocrx_word' id='word_1_88' title='bbox 869 1374 1122 1430; x_wconf 89' lang='lat' dir='ltr'><strong>evincere</strong></span> <span class='ocrx_word' id='word_1_89' title='bbox 1171 1372 1355 1425; x_wconf 85' lang='lat' dir='ltr'><strong>valent</strong></span> <span class='ocrx_word' id='word_1_90' title='bbox 1395 1366 1663 1422; x_wconf 87' lang='lat' dir='ltr'><strong>subditam</strong></span> <span class='ocrx_word' id='word_1_91' title='bbox 1694 1378 1811 1419; x_wconf 89' lang='lat' dir='ltr'><strong>eam</strong></span> <span class='ocrx_word' id='word_1_92' title='bbox 1843 1378 1985 1427; x_wconf 90' lang='lat' dir='ltr'><strong>esse,</strong></span> <span class='ocrx_word' id='word_1_93' title='bbox 2010 1359 2273 1430; x_wconf 81' lang='lat' dir='ltr'><strong>siquidem</strong></span> 
     </span>
    </p>
   </div>
   <div class='ocr_carea' id='block_1_15' title="bbox 682 1451 2276 1539">
    <p class='ocr_par' dir='ltr' id='par_1_15' title="bbox 682 1451 2276 1539">
     <span class='ocr_line' id='line_1_15' title="bbox 682 1451 2276 1539; baseline -0.013 -13"><span class='ocrx_word' id='word_1_94' title='bbox 682 1472 795 1525; x_wconf 78' lang='lat' dir='ltr'><strong>Sale</strong></span> <span class='ocrx_word' id='word_1_95' title='bbox 824 1467 1023 1539; x_wconf 90' lang='lat' dir='ltr'><strong>aliquid</strong></span> <span class='ocrx_word' id='word_1_96' title='bbox 1054 1469 1106 1521; x_wconf 92' lang='lat' dir='ltr'><strong>in</strong></span> <span class='ocrx_word' id='word_1_97' title='bbox 1138 1465 1259 1519; x_wconf 88' lang='lat' dir='ltr'><strong>aliis</strong></span> <span class='ocrx_word' id='word_1_98' title='bbox 1289 1464 1450 1519; x_wconf 87' lang='lat' dir='ltr'><strong>etiam</strong></span> <span class='ocrx_word' id='word_1_99' title='bbox 1485 1459 1643 1530; x_wconf 87' lang='lat' dir='ltr'><strong>hujus</strong></span> <span class='ocrx_word' id='word_1_100' title='bbox 1668 1458 1767 1513; x_wconf 57' lang='grc' dir='ltr'>τιξνί</span> <span class='ocrx_word' id='word_1_101' title='bbox 1798 1454 2152 1525; x_wconf 85' lang='lat' dir='ltr'><strong>scriptoribus</strong></span> <span class='ocrx_word' id='word_1_102' title='bbox 2180 1451 2276 1506; x_wconf 89' lang='lat' dir='ltr'><strong>ob—</strong></span> 
     </span>
    </p>
   </div>
   <div class='ocr_carea' id='block_1_16' title="bbox 677 1550 2270 1622">
    <p class='ocr_par' dir='ltr' id='par_1_16' title="bbox 677 1550 2270 1622">
     <span class='ocr_line' id='line_1_16' title="bbox 677 1550 2270 1622; baseline -0.014 0"><span class='ocrx_word' id='word_1_103' title='bbox 677 1580 896 1622; x_wconf 89' lang='lat' dir='ltr'><strong>servare</strong></span> <span class='ocrx_word' id='word_1_104' title='bbox 951 1563 1096 1619; x_wconf 83' lang='lat' dir='ltr'><strong>licet.</strong></span> <span class='ocrx_word' id='word_1_105' title='bbox 1151 1560 1389 1615; x_wconf 88' lang='lat' dir='ltr'><strong>Numeto</strong></span> <span class='ocrx_word' id='word_1_106' title='bbox 1443 1555 1547 1622; x_wconf 80' lang='grc'>52,</span> <span class='ocrx_word' id='word_1_107' title='bbox 1600 1552 1785 1609; x_wconf 88' lang='lat' dir='ltr'><strong>scribit</strong></span> <span class='ocrx_word' id='word_1_108' title='bbox 1822 1551 1893 1606; x_wconf 91' lang='lat' dir='ltr'><strong>cl.</strong></span> <span class='ocrx_word' id='word_1_109' title='bbox 1932 1550 2270 1613; x_wconf 89' lang='lat' dir='ltr'><strong>dissertator,</strong></span> 
     </span>
    </p>
   </div>
   <div class='ocr_carea' id='block_1_17' title="bbox 677 1640 2271 1732">
    <p class='ocr_par' dir='ltr' id='par_1_17' title="bbox 677 1640 2271 1732">
     <span class='ocr_line' id='line_1_17' title="bbox 677 1640 2271 1732; baseline -0.013 -19"><span class='ocrx_word' id='word_1_110' title='bbox 677 1660 818 1732; x_wconf 85' lang='lat' dir='ltr'><strong>quod</strong></span> <span class='ocrx_word' id='word_1_111' title='bbox 832 1673 1012 1722; x_wconf 88' lang='lat' dir='ltr'><strong>causa,</strong></span> <span class='ocrx_word' id='word_1_112' title='bbox 1033 1672 1152 1727; x_wconf 67' lang='lat' dir='ltr'><strong>qua:</strong></span> <span class='ocrx_word' id='word_1_113' title='bbox 1168 1655 1450 1725; x_wconf 85' lang='lat' dir='ltr'><strong>allegatnr,</strong></span> <span class='ocrx_word' id='word_1_114' title='bbox 1470 1651 1540 1705; x_wconf 87' lang='lat' dir='ltr'><strong>ob</strong></span> <span class='ocrx_word' id='word_1_115' title='bbox 1553 1663 1711 1719; x_wconf 89' lang='lat' dir='ltr'><strong>quam</strong></span> <span class='ocrx_word' id='word_1_116' title='bbox 1731 1646 1927 1715; x_wconf 64' lang='lat' dir='ltr'><strong>saepius</strong></span> <span class='ocrx_word' id='word_1_117' title='bbox 1940 1640 2271 1698; x_wconf 61' lang='lat' dir='ltr'><strong>celebrandas</strong></span> 
     </span>
    </p>
   </div>
   <div class='ocr_carea' id='block_1_18' title="bbox 676 1734 2273 1827">
    <p class='ocr_par' dir='ltr' id='par_1_18' title="bbox 676 1734 2273 1827">
     <span class='ocr_line' id='line_1_18' title="bbox 676 1734 2273 1827; baseline -0.015 -15"><span class='ocrx_word' id='word_1_118' title='bbox 676 1758 783 1813; x_wconf 88' lang='lat' dir='ltr'><strong>sint</strong></span> <span class='ocrx_word' id='word_1_119' title='bbox 810 1753 1033 1827; x_wconf 85' lang='lat' dir='ltr'><strong>synodi,</strong></span> <span class='ocrx_word' id='word_1_120' title='bbox 1079 1750 1309 1807; x_wconf 73' lang='lat' dir='ltr'><strong>hmresin</strong></span> <span class='ocrx_word' id='word_1_121' title='bbox 1352 1747 1540 1802; x_wconf 87' lang='lat' dir='ltr'><strong>Novati</strong></span> <span class='ocrx_word' id='word_1_122' title='bbox 1572 1755 1626 1798; x_wconf 94' lang='lat' dir='ltr'><strong>et</strong></span> <span class='ocrx_word' id='word_1_123' title='bbox 1656 1740 1845 1797; x_wconf 90' lang='lat' dir='ltr'><strong>Donati</strong></span> <span class='ocrx_word' id='word_1_124' title='bbox 1875 1738 2045 1807; x_wconf 89' lang='lat' dir='ltr'><strong>sapiat</strong></span> <span class='ocrx_word' id='word_1_125' title='bbox 2081 1755 2094 1791; x_wconf 88' lang='lat'><strong>:</strong></span> <span class='ocrx_word' id='word_1_126' title='bbox 2125 1734 2273 1790; x_wconf 83' lang='lat' dir='ltr'><strong>Felix</strong></span> 
     </span>
    </p>
   </div>
   <div class='ocr_carea' id='block_1_19' title="bbox 677 1837 2274 1905">
    <p class='ocr_par' dir='ltr' id='par_1_19' title="bbox 677 1837 2274 1905">
     <span class='ocr_line' id='line_1_19' title="bbox 677 1837 2274 1905; baseline -0.014 -1"><span class='ocrx_word' id='word_1_127' title='bbox 677 1864 809 1905; x_wconf 87' lang='lat' dir='ltr'><strong>sane</strong></span> <span class='ocrx_word' id='word_1_128' title='bbox 840 1856 1026 1901; x_wconf 88' lang='lat' dir='ltr'><strong>auctor</strong></span> <span class='ocrx_word' id='word_1_129' title='bbox 1049 1846 1101 1899; x_wconf 91' lang='lat' dir='ltr'><strong>in</strong></span> <span class='ocrx_word' id='word_1_130' title='bbox 1134 1841 1449 1897; x_wconf 83' lang='lat' dir='ltr'><strong>olfaciendis</strong></span> <span class='ocrx_word' id='word_1_131' title='bbox 1483 1837 1798 1901; x_wconf 72' lang='lat' dir='ltr'><strong>bmresibus,</strong></span> <span class='ocrx_word' id='word_1_132' title='bbox 1832 1846 2057 1903; x_wconf 88' lang='lat' dir='ltr'><strong>quarum</strong></span> <span class='ocrx_word' id='word_1_133' title='bbox 2084 1845 2150 1883; x_wconf 90' lang='lat' dir='ltr'><strong>ne</strong></span> <span class='ocrx_word' id='word_1_134' title='bbox 2179 1842 2274 1883; x_wconf 84' lang='lat' dir='ltr'><strong>vc-</strong></span> 
     </span>
    </p>
   </div>
   <div class='ocr_carea' id='block_1_20' title="bbox 677 1921 2269 2011">
    <p class='ocr_par' dir='ltr' id='par_1_20' title="bbox 677 1921 2269 2011">
     <span class='ocr_line' id='line_1_20' title="bbox 677 1921 2269 2011; baseline -0.013 -15"><span class='ocrx_word' id='word_1_135' title='bbox 677 1942 891 2011; x_wconf 88' lang='lat' dir='ltr'><strong>stigium</strong></span> <span class='ocrx_word' id='word_1_136' title='bbox 918 1954 1018 2008; x_wconf 90' lang='lat' dir='ltr'><strong>ego</strong></span> <span class='ocrx_word' id='word_1_137' title='bbox 1048 1936 1281 1991; x_wconf 87' lang='lat' dir='ltr'><strong>invenio.</strong></span> <span class='ocrx_word' id='word_1_138' title='bbox 1311 1934 1577 1989; x_wconf 67' lang='lat' dir='ltr'><strong>Caeterum</strong></span> <span class='ocrx_word' id='word_1_139' title='bbox 1610 1936 1874 1999; x_wconf 84' lang='lat' dir='ltr'><strong>praetereo</strong></span> <span class='ocrx_word' id='word_1_140' title='bbox 1904 1938 2156 1978; x_wconf 88' lang='lat' dir='ltr'><strong>numeros</strong></span> <span class='ocrx_word' id='word_1_141' title='bbox 2178 1921 2269 1987; x_wconf 78' lang='grc'>25,</span> 
     </span>
    </p>
   </div>
   <div class='ocr_carea' id='block_1_21' title="bbox 677 2015 2276 2097">
    <p class='ocr_par' dir='ltr' id='par_1_21' title="bbox 677 2015 2276 2097">
     <span class='ocr_line' id='line_1_21' title="bbox 677 2015 2276 2097; baseline -0.012 -9"><span class='ocrx_word' id='word_1_142' title='bbox 677 2032 746 2088; x_wconf 92' lang='lat' dir='ltr'><strong>dc</strong></span> <span class='ocrx_word' id='word_1_143' title='bbox 784 2032 1032 2086; x_wconf 73' lang='lat' dir='ltr'><strong>distantia</strong></span> <span class='ocrx_word' id='word_1_144' title='bbox 1065 2026 1404 2097; x_wconf 81' lang='lat' dir='ltr'><strong>Carthaginis</strong></span> <span class='ocrx_word' id='word_1_145' title='bbox 1430 2039 1459 2078; x_wconf 88' lang='lat' dir='ltr'><strong>a</strong></span> <span class='ocrx_word' id='word_1_146' title='bbox 1488 2022 1756 2086; x_wconf 58' lang='lat' dir='ltr'><strong>Caesarea,</strong></span> <span class='ocrx_word' id='word_1_147' title='bbox 1790 2018 1857 2073; x_wconf 91' lang='lat' dir='ltr'><strong>de</strong></span> <span class='ocrx_word' id='word_1_148' title='bbox 1897 2016 2152 2086; x_wconf 89' lang='lat' dir='ltr'><strong>singulari</strong></span> <span class='ocrx_word' id='word_1_149' title='bbox 2181 2015 2276 2069; x_wconf 84' lang='lat' dir='ltr'><strong>dc-</strong></span> 
     </span>
    </p>
   </div>
   <div class='ocr_carea' id='block_1_22' title="bbox 678 2108 2276 2195">
    <p class='ocr_par' dir='ltr' id='par_1_22' title="bbox 678 2108 2276 2195">
     <span class='ocr_line' id='line_1_22' title="bbox 678 2108 2276 2195; baseline -0.013 -14"><span class='ocrx_word' id='word_1_150' title='bbox 678 2140 843 2195; x_wconf 80' lang='lat' dir='ltr'><strong>snper</strong></span> <span class='ocrx_word' id='word_1_151' title='bbox 872 2124 1087 2194; x_wconf 88' lang='lat' dir='ltr'><strong>gaudio,</strong></span> <span class='ocrx_word' id='word_1_152' title='bbox 1120 2119 1263 2192; x_wconf 90' lang='lat' dir='ltr'><strong>quod</strong></span> <span class='ocrx_word' id='word_1_153' title='bbox 1290 2132 1517 2173; x_wconf 91' lang='lat' dir='ltr'><strong>numero</strong></span> <span class='ocrx_word' id='word_1_154' title='bbox 1540 2115 1635 2180; x_wconf 88' lang='lat'><strong>26,</strong></span> <span class='ocrx_word' id='word_1_155' title='bbox 1665 2112 1929 2183; x_wconf 88' lang='lat' dir='ltr'><strong>recoquit,</strong></span> <span class='ocrx_word' id='word_1_156' title='bbox 1961 2110 2026 2164; x_wconf 87' lang='lat' dir='ltr'><strong>de</strong></span> <span class='ocrx_word' id='word_1_157' title='bbox 2060 2108 2276 2179; x_wconf 88' lang='lat' dir='ltr'><strong>propria</strong></span> 
     </span>
    </p>
   </div>
   <div class='ocr_carea' id='block_1_23' title="bbox 679 2200 2276 2276">
    <p class='ocr_par' dir='ltr' id='par_1_23' title="bbox 679 2200 2276 2276">
     <span class='ocr_line' id='line_1_23' title="bbox 679 2200 2276 2276; baseline -0.013 -2"><span class='ocrx_word' id='word_1_158' title='bbox 679 2218 918 2274; x_wconf 86' lang='lat' dir='ltr'><strong>auctoris</strong></span> <span class='ocrx_word' id='word_1_159' title='bbox 944 2216 1102 2272; x_wconf 87' lang='lat' dir='ltr'><strong>laude</strong></span> <span class='ocrx_word' id='word_1_160' title='bbox 1132 2227 1359 2269; x_wconf 88' lang='lat' dir='ltr'><strong>numero</strong></span> <span class='ocrx_word' id='word_1_161' title='bbox 1386 2211 1476 2276; x_wconf 83' lang='grc'><strong>50,</strong></span> <span class='ocrx_word' id='word_1_162' title='bbox 1509 2208 1576 2263; x_wconf 89' lang='lat' dir='ltr'><strong>ad</strong></span> <span class='ocrx_word' id='word_1_163' title='bbox 1604 2222 1718 2263; x_wconf 87' lang='lat' dir='ltr'><strong>rem</strong></span> <span class='ocrx_word' id='word_1_164' title='bbox 1766 2205 1901 2259; x_wconf 90' lang='lat' dir='ltr'><strong>nihil</strong></span> <span class='ocrx_word' id='word_1_165' title='bbox 1950 2202 2168 2258; x_wconf 90' lang='lat' dir='ltr'><strong>omnino</strong></span> <span class='ocrx_word' id='word_1_166' title='bbox 2198 2200 2276 2255; x_wconf 86' lang='lat' dir='ltr'><strong>fa-</strong></span> 
     </span>
    </p>
   </div>
   <div class='ocr_carea' id='block_1_24' title="bbox 679 2314 908 2368">
    <p class='ocr_par' dir='ltr' id='par_1_24' title="bbox 679 2314 908 2368">
     <span class='ocr_line' id='line_1_24' title="bbox 679 2314 908 2368; baseline -0.004 -1"><span class='ocrx_word' id='word_1_167' title='bbox 679 2314 908 2368; x_wconf 88' lang='lat' dir='ltr'><strong>cientes.</strong></span> 
     </span>
    </p>
   </div>
   <div class='ocr_carea' id='block_1_25' title="bbox 752 2389 2278 2474">
    <p class='ocr_par' dir='ltr' id='par_1_25' title="bbox 752 2389 2278 2474">
     <span class='ocr_line' id='line_1_25' title="bbox 752 2389 2278 2474; baseline -0.011 -13"><span class='ocrx_word' id='word_1_168' title='bbox 752 2403 941 2474; x_wconf 85' lang='lat' dir='ltr'><strong>Quoad</strong></span> <span class='ocrx_word' id='word_1_169' title='bbox 975 2417 1261 2459; x_wconf 91' lang='lat' dir='ltr'><strong>numerum</strong></span> <span class='ocrx_word' id='word_1_170' title='bbox 1292 2400 1395 2467; x_wconf 75' lang='grc'>58,</span> <span class='ocrx_word' id='word_1_171' title='bbox 1428 2399 1661 2454; x_wconf 91' lang='lat' dir='ltr'><strong>observo</strong></span> <span class='ocrx_word' id='word_1_172' title='bbox 1690 2395 1853 2451; x_wconf 82' lang='lat' dir='ltr'><strong>verba</strong></span> <span class='ocrx_word' id='word_1_173' title='bbox 1885 2393 1939 2449; x_wconf 86' lang='lat' dir='ltr'><strong>S.</strong></span> <span class='ocrx_word' id='word_1_174' title='bbox 1980 2389 2278 2446; x_wconf 87' lang='lat' dir='ltr'><strong>Firmiliani</strong></span> 
     </span>
    </p>
   </div>
   <div class='ocr_carea' id='block_1_26' title="bbox 681 2483 2277 2555">
    <p class='ocr_par' dir='ltr' id='par_1_26' title="bbox 681 2483 2277 2555">
     <span class='ocr_line' id='line_1_26' title="bbox 681 2483 2277 2555; baseline -0.012 0"><span class='ocrx_word' id='word_1_175' title='bbox 681 2516 788 2555; x_wconf 90' lang='lat' dir='ltr'><strong>non</strong></span> <span class='ocrx_word' id='word_1_176' title='bbox 814 2499 868 2553; x_wconf 92' lang='lat' dir='ltr'><strong>in</strong></span> <span class='ocrx_word' id='word_1_177' title='bbox 890 2496 1233 2552; x_wconf 90' lang='lat' dir='ltr'><strong>strictissimo</strong></span> <span class='ocrx_word' id='word_1_178' title='bbox 1254 2508 1416 2549; x_wconf 89' lang='lat' dir='ltr'><strong>sensu</strong></span> <span class='ocrx_word' id='word_1_179' title='bbox 1443 2490 1704 2547; x_wconf 89' lang='lat' dir='ltr'><strong>sumenda</strong></span> <span class='ocrx_word' id='word_1_180' title='bbox 1729 2504 1871 2555; x_wconf 92' lang='lat' dir='ltr'><strong>esse,</strong></span> <span class='ocrx_word' id='word_1_181' title='bbox 1892 2488 1987 2541; x_wconf 89' lang='lat' dir='ltr'><strong>sed</strong></span> <span class='ocrx_word' id='word_1_182' title='bbox 2006 2484 2147 2555; x_wconf 91' lang='lat' dir='ltr'><strong>quod</strong></span> <span class='ocrx_word' id='word_1_183' title='bbox 2171 2483 2277 2552; x_wconf 90' lang='lat' dir='ltr'><strong>pri-</strong></span> 
     </span>
    </p>
   </div>
   <div class='ocr_carea' id='block_1_27' title="bbox 681 2576 2279 2653">
    <p class='ocr_par' dir='ltr' id='par_1_27' title="bbox 681 2576 2279 2653">
     <span class='ocr_line' id='line_1_27' title="bbox 681 2576 2279 2653; baseline -0.01 -7"><span class='ocrx_word' id='word_1_184' title='bbox 681 2606 766 2646; x_wconf 90' lang='lat' dir='ltr'><strong>ma</strong></span> <span class='ocrx_word' id='word_1_185' title='bbox 802 2590 1083 2645; x_wconf 64' lang='lat' dir='ltr'><strong>haereseon</strong></span> <span class='ocrx_word' id='word_1_186' title='bbox 1115 2587 1475 2643; x_wconf 88' lang='lat' dir='ltr'><strong>celebriorum</strong></span> <span class='ocrx_word' id='word_1_187' title='bbox 1496 2628 1510 2651; x_wconf 91' lang='lat'><strong>,</strong></span> <span class='ocrx_word' id='word_1_188' title='bbox 1546 2594 1601 2639; x_wconf 91' lang='lat' dir='ltr'><strong>et</strong></span> <span class='ocrx_word' id='word_1_189' title='bbox 1631 2583 1788 2653; x_wconf 89' lang='lat' dir='ltr'><strong>longe</strong></span> <span class='ocrx_word' id='word_1_190' title='bbox 1818 2580 2033 2648; x_wconf 82' lang='lat' dir='ltr'><strong>lateque</strong></span> <span class='ocrx_word' id='word_1_191' title='bbox 2060 2576 2279 2631; x_wconf 76' lang='lat' dir='ltr'><strong>diffusa-</strong></span> 
     </span>
    </p>
   </div>
   <div class='ocr_carea' id='block_1_28' title="bbox 684 2679 2278 2752">
    <p class='ocr_par' dir='ltr' id='par_1_28' title="bbox 684 2679 2278 2752">
     <span class='ocr_line' id='line_1_28' title="bbox 684 2679 2278 2752; baseline -0.01 -12"><span class='ocrx_word' id='word_1_192' title='bbox 684 2700 803 2740; x_wconf 90' lang='lat' dir='ltr'><strong>rnm</strong></span> <span class='ocrx_word' id='word_1_193' title='bbox 834 2682 1057 2739; x_wconf 73' lang='lat' dir='ltr'><strong>exordia</strong></span> <span class='ocrx_word' id='word_1_194' title='bbox 1084 2690 1203 2752; x_wconf 87' lang='lat' dir='ltr'><strong>post</strong></span> <span class='ocrx_word' id='word_1_195' title='bbox 1224 2679 1607 2751; x_wconf 85' lang='lat' dir='ltr'><strong>Apostolorum</strong></span> <span class='ocrx_word' id='word_1_196' title='bbox 1631 2690 1804 2731; x_wconf 88' lang='lat' dir='ltr'><strong>aevum</strong></span> <span class='ocrx_word' id='word_1_197' title='bbox 1833 2690 1900 2729; x_wconf 83' lang='lat' dir='ltr'><strong>ex</strong></span> <span class='ocrx_word' id='word_1_198' title='bbox 1930 2688 2059 2729; x_wconf 91' lang='lat' dir='ltr'><strong>orco</strong></span> <span class='ocrx_word' id='word_1_199' title='bbox 2083 2685 2278 2740; x_wconf 90' lang='lat' dir='ltr'><strong>erupe-</strong></span> 
     </span>
    </p>
   </div>
   <div class='ocr_carea' id='block_1_29' title="bbox 681 2766 2277 2846">
    <p class='ocr_par' dir='ltr' id='par_1_29' title="bbox 681 2766 2277 2846">
     <span class='ocr_line' id='line_1_29' title="bbox 681 2766 2277 2846; baseline -0.009 -13"><span class='ocrx_word' id='word_1_200' title='bbox 681 2781 822 2843; x_wconf 82' lang='lat' dir='ltr'><strong>rint;</strong></span> <span class='ocrx_word' id='word_1_201' title='bbox 849 2776 1007 2846; x_wconf 86' lang='lat' dir='ltr'><strong>idque</strong></span> <span class='ocrx_word' id='word_1_202' title='bbox 1031 2784 1177 2845; x_wconf 90' lang='lat' dir='ltr'><strong>patet</strong></span> <span class='ocrx_word' id='word_1_203' title='bbox 1200 2790 1265 2829; x_wconf 83' lang='lat' dir='ltr'><strong>ex</strong></span> <span class='ocrx_word' id='word_1_204' title='bbox 1293 2773 1411 2843; x_wconf 92' lang='lat' dir='ltr'><strong>ipso</strong></span> <span class='ocrx_word' id='word_1_205' title='bbox 1437 2780 1712 2827; x_wconf 80' lang='lat' dir='ltr'><strong>contextu.</strong></span> <span class='ocrx_word' id='word_1_206' title='bbox 1741 2769 1871 2823; x_wconf 91' lang='lat' dir='ltr'><strong>Dein</strong></span> <span class='ocrx_word' id='word_1_207' title='bbox 1897 2782 2071 2837; x_wconf 88' lang='lat' dir='ltr'><strong>neque</strong></span> <span class='ocrx_word' id='word_1_208' title='bbox 2090 2766 2277 2822; x_wconf 88' lang='lat' dir='ltr'><strong>Simon</strong></span> 
     </span>
    </p>
   </div>
   <div class='ocr_carea' id='block_1_30' title="bbox 681 2859 2279 2941">
    <p class='ocr_par' dir='ltr' id='par_1_30' title="bbox 681 2859 2279 2941">
     <span class='ocr_line' id='line_1_30' title="bbox 681 2859 2279 2941; baseline -0.008 -15"><span class='ocrx_word' id='word_1_209' title='bbox 681 2871 885 2941; x_wconf 82' lang='lat' dir='ltr'><strong>Magos,</strong></span> <span class='ocrx_word' id='word_1_210' title='bbox 943 2884 1117 2941; x_wconf 91' lang='lat' dir='ltr'><strong>neque</strong></span> <span class='ocrx_word' id='word_1_211' title='bbox 1146 2868 1437 2923; x_wconf 84' lang='lat' dir='ltr'><strong>Menander</strong></span> <span class='ocrx_word' id='word_1_212' title='bbox 1466 2881 1496 2919; x_wconf 92' lang='lat' dir='ltr'><strong>a</strong></span> <span class='ocrx_word' id='word_1_213' title='bbox 1541 2863 1931 2919; x_wconf 88' lang='lat' dir='ltr'><strong>recentioribus</strong></span> <span class='ocrx_word' id='word_1_214' title='bbox 1962 2859 2279 2916; x_wconf 63' lang='lat' dir='ltr'><strong>haeresiolo-</strong></span> 
     </span>
    </p>
   </div>
   <div class='ocr_carea' id='block_1_31' title="bbox 680 2955 2278 3038">
    <p class='ocr_par' dir='ltr' id='par_1_31' title="bbox 680 2955 2278 3038">
     <span class='ocr_line' id='line_1_31' title="bbox 680 2955 2278 3038; baseline -0.007 -19"><span class='ocrx_word' id='word_1_215' title='bbox 680 2972 763 3038; x_wconf 90' lang='lat' dir='ltr'><strong>gis</strong></span> <span class='ocrx_word' id='word_1_216' title='bbox 814 2968 952 3021; x_wconf 88' lang='lat' dir='ltr'><strong>inter</strong></span> <span class='ocrx_word' id='word_1_217' title='bbox 984 2964 1269 3019; x_wconf 66' lang='lat' dir='ltr'><strong>haereticos</strong></span> <span class='ocrx_word' id='word_1_218' title='bbox 1297 2968 1679 3032; x_wconf 89' lang='lat' dir='ltr'><strong>computantur</strong></span> <span class='ocrx_word' id='word_1_219' title='bbox 1710 2955 1810 3029; x_wconf 93' lang='grc'><strong>(1).</strong></span> <span class='ocrx_word' id='word_1_220' title='bbox 1844 2957 2141 3021; x_wconf 70' lang='lat' dir='ltr'><strong>Ebionitie,</strong></span> <span class='ocrx_word' id='word_1_221' title='bbox 2175 2955 2278 3009; x_wconf 90' lang='lat' dir='ltr'><strong>Sa-</strong></span> 
     </span>
    </p>
   </div>
   <div class='ocr_carea' id='block_1_32' title="bbox 682 3048 2278 3125">
    <p class='ocr_par' dir='ltr' id='par_1_32' title="bbox 682 3048 2278 3125">
     <span class='ocr_line' id='line_1_32' title="bbox 682 3048 2278 3125; baseline -0.008 -12"><span class='ocrx_word' id='word_1_222' title='bbox 682 3059 933 3113; x_wconf 86' lang='lat' dir='ltr'><strong>turninus</strong></span> <span class='ocrx_word' id='word_1_223' title='bbox 973 3066 1028 3111; x_wconf 92' lang='lat' dir='ltr'><strong>et</strong></span> <span class='ocrx_word' id='word_1_224' title='bbox 1070 3056 1365 3121; x_wconf 90' lang='lat' dir='ltr'><strong>Basilides,</strong></span> <span class='ocrx_word' id='word_1_225' title='bbox 1417 3070 1553 3125; x_wconf 89' lang='lat' dir='ltr'><strong>quos</strong></span> <span class='ocrx_word' id='word_1_226' title='bbox 1596 3066 1824 3107; x_wconf 84' lang='lat' dir='ltr'><strong>erronce</strong></span> <span class='ocrx_word' id='word_1_227' title='bbox 1863 3049 1991 3105; x_wconf 91' lang='lat' dir='ltr'><strong>dicit</strong></span> <span class='ocrx_word' id='word_1_228' title='bbox 2037 3048 2278 3104; x_wconf 89' lang='lat' dir='ltr'><strong>Cerinthi</strong></span> 
     </span>
    </p>
   </div>
   <div class='ocr_carea' id='block_1_33' title="bbox 682 3142 2275 3223">
    <p class='ocr_par' dir='ltr' id='par_1_33' title="bbox 682 3142 2275 3223">
     <span class='ocr_line' id='line_1_33' title="bbox 682 3142 2275 3223; baseline -0.008 -14"><span class='ocrx_word' id='word_1_229' title='bbox 682 3153 1012 3223; x_wconf 88' lang='lat' dir='ltr'><strong>discipulos,</strong></span> <span class='ocrx_word' id='word_1_230' title='bbox 1050 3160 1211 3221; x_wconf 90' lang='lat' dir='ltr'><strong>atque</strong></span> <span class='ocrx_word' id='word_1_231' title='bbox 1246 3151 1598 3219; x_wconf 85' lang='lat' dir='ltr'><strong>Carpocrates</strong></span> <span class='ocrx_word' id='word_1_232' title='bbox 1631 3162 1736 3201; x_wconf 92' lang='lat' dir='ltr'><strong>non</strong></span> <span class='ocrx_word' id='word_1_233' title='bbox 1778 3161 1893 3198; x_wconf 71' lang='grc' dir='ltr'><strong>ωνυ</strong></span> <span class='ocrx_word' id='word_1_234' title='bbox 1942 3142 2275 3213; x_wconf 87' lang='lat' dir='ltr'><strong>apostolico,</strong></span> 
     </span>
    </p>
   </div>
   <div class='ocr_carea' id='block_1_34' title="bbox 682 3238 2148 3313">
    <p class='ocr_par' dir='ltr' id='par_1_34' title="bbox 682 3238 2148 3313">
     <span class='ocr_line' id='line_1_34' title="bbox 682 3238 2148 3313; baseline -0.008 -13"><span class='ocrx_word' id='word_1_235' title='bbox 682 3244 781 3301; x_wconf 90' lang='lat' dir='ltr'><strong>sed</strong></span> <span class='ocrx_word' id='word_1_236' title='bbox 812 3244 1011 3299; x_wconf 87' lang='lat' dir='ltr'><strong>saeculo</strong></span> <span class='ocrx_word' id='word_1_237' title='bbox 1040 3244 1267 3313; x_wconf 91' lang='lat' dir='ltr'><strong>primum</strong></span> <span class='ocrx_word' id='word_1_238' title='bbox 1299 3238 1540 3297; x_wconf 90' lang='lat' dir='ltr'><strong>secundo</strong></span> <span class='ocrx_word' id='word_1_239' title='bbox 1567 3252 1782 3294; x_wconf 90' lang='lat' dir='ltr'><strong>errores</strong></span> <span class='ocrx_word' id='word_1_240' title='bbox 1813 3246 2148 3307; x_wconf 90' lang='lat' dir='ltr'><strong>sparserunt.</strong></span> 
     </span>
    </p>
   </div>
   <div class='ocr_carea' id='block_1_35' title="bbox 752 3331 2279 3404">
    <p class='ocr_par' dir='ltr' id='par_1_35' title="bbox 752 3331 2279 3404">
     <span class='ocr_line' id='line_1_35' title="bbox 752 3331 2279 3404; baseline -0.008 -9"><span class='ocrx_word' id='word_1_241' title='bbox 752 3340 989 3395; x_wconf 84' lang='lat' dir='ltr'><strong>Numero</strong></span> <span class='ocrx_word' id='word_1_242' title='bbox 1019 3337 1119 3404; x_wconf 73' lang='lat'><strong>58,</strong></span> <span class='ocrx_word' id='word_1_243' title='bbox 1161 3344 1309 3391; x_wconf 91' lang='lat' dir='ltr'><strong>notat</strong></span> <span class='ocrx_word' id='word_1_244' title='bbox 1348 3336 1400 3389; x_wconf 90' lang='lat' dir='ltr'><strong>in</strong></span> <span class='ocrx_word' id='word_1_245' title='bbox 1442 3332 1742 3388; x_wconf 87' lang='lat' dir='ltr'><strong>Firmiliani</strong></span> <span class='ocrx_word' id='word_1_246' title='bbox 1778 3331 2009 3401; x_wconf 86' lang='lat' dir='ltr'><strong>epistola</strong></span> <span class='ocrx_word' id='word_1_247' title='bbox 2063 3344 2279 3385; x_wconf 88' lang='lat' dir='ltr'><strong>errores</strong></span> 
     </span>
    </p>
   </div>
   <div class='ocr_carea' id='block_1_36' title="bbox 681 3423 2277 3504">
    <p class='ocr_par' dir='ltr' id='par_1_36' title="bbox 681 3423 2277 3504">
     <span class='ocr_line' id='line_1_36' title="bbox 681 3423 2277 3504; baseline -0.007 -16"><span class='ocrx_word' id='word_1_248' title='bbox 681 3431 921 3504; x_wconf 88' lang='lat' dir='ltr'><strong>practico</strong></span> <span class='ocrx_word' id='word_1_249' title='bbox 950 3430 1313 3500; x_wconf 88' lang='lat' dir='ltr'><strong>dogmaticos,</strong></span> <span class='ocrx_word' id='word_1_250' title='bbox 1363 3428 1489 3498; x_wconf 88' lang='lat' dir='ltr'><strong>quia</strong></span> <span class='ocrx_word' id='word_1_251' title='bbox 1537 3427 1808 3481; x_wconf 87' lang='lat' dir='ltr'><strong>insinuare</strong></span> <span class='ocrx_word' id='word_1_252' title='bbox 1852 3425 2038 3479; x_wconf 87' lang='lat' dir='ltr'><strong>nititur</strong></span> <span class='ocrx_word' id='word_1_253' title='bbox 2080 3423 2277 3478; x_wconf 86' lang='lat' dir='ltr'><strong>Firmi-</strong></span> 
     </span>
    </p>
   </div>
   <div class='ocr_carea' id='block_1_37' title="bbox 681 3518 2279 3594">
    <p class='ocr_par' dir='ltr' id='par_1_37' title="bbox 681 3518 2279 3594">
     <span class='ocr_line' id='line_1_37' title="bbox 681 3518 2279 3594; baseline -0.006 -13"><span class='ocrx_word' id='word_1_254' title='bbox 681 3527 855 3582; x_wconf 88' lang='lat' dir='ltr'><strong>lianus</strong></span> <span class='ocrx_word' id='word_1_255' title='bbox 905 3526 1223 3580; x_wconf 92' lang='lat' dir='ltr'><strong>traditiones</strong></span> <span class='ocrx_word' id='word_1_256' title='bbox 1268 3522 1634 3594; x_wconf 88' lang='lat' dir='ltr'><strong>apostolicas,</strong></span> <span class='ocrx_word' id='word_1_257' title='bbox 1686 3521 1732 3576; x_wconf 91' lang='lat' dir='ltr'><strong>si</strong></span> <span class='ocrx_word' id='word_1_258' title='bbox 1788 3536 1906 3591; x_wconf 59' lang='lat' dir='ltr'><strong>quas</strong></span> <span class='ocrx_word' id='word_1_259' title='bbox 1956 3519 2133 3574; x_wconf 83' lang='lat' dir='ltr'><strong>forsan</strong></span> <span class='ocrx_word' id='word_1_260' title='bbox 2179 3518 2279 3573; x_wconf 92' lang='lat' dir='ltr'><strong>hac</strong></span> 
     </span>
    </p>
   </div>
   <div class='ocr_carea' id='block_1_38' title="bbox 680 3611 2279 3690">
    <p class='ocr_par' dir='ltr' id='par_1_38' title="bbox 680 3611 2279 3690">
     <span class='ocr_line' id='line_1_38' title="bbox 680 3611 2279 3690; baseline -0.006 -14"><span class='ocrx_word' id='word_1_261' title='bbox 680 3636 845 3690; x_wconf 87' lang='lat' dir='ltr'><strong>super</strong></span> <span class='ocrx_word' id='word_1_262' title='bbox 864 3634 925 3675; x_wconf 88' lang='lat' dir='ltr'><strong>re</strong></span> <span class='ocrx_word' id='word_1_263' title='bbox 950 3620 1279 3685; x_wconf 81' lang='lat' dir='ltr'><strong>existerent,</strong></span> <span class='ocrx_word' id='word_1_264' title='bbox 1316 3632 1421 3671; x_wconf 91' lang='lat' dir='ltr'><strong>non</strong></span> <span class='ocrx_word' id='word_1_265' title='bbox 1471 3630 1594 3671; x_wconf 88' lang='lat' dir='ltr'><strong>esse</strong></span> <span class='ocrx_word' id='word_1_266' title='bbox 1640 3614 1944 3669; x_wconf 84' lang='lat' dir='ltr'><strong>necessario</strong></span> <span class='ocrx_word' id='word_1_267' title='bbox 1970 3611 2279 3668; x_wconf 86' lang='lat' dir='ltr'><strong>retinendas</strong></span> 
     </span>
    </p>
   </div>
   <div class='ocr_carea' id='block_1_39' title="bbox 679 3704 2281 3781">
    <p class='ocr_par' dir='ltr' id='par_1_39' title="bbox 679 3704 2281 3781">
     <span class='ocr_line' id='line_1_39' title="bbox 679 3704 2281 3781; baseline -0.005 -14"><span class='ocrx_word' id='word_1_268' title='bbox 679 3716 733 3768; x_wconf 92' lang='lat' dir='ltr'><strong>in</strong></span> <span class='ocrx_word' id='word_1_269' title='bbox 765 3713 988 3769; x_wconf 89' lang='lat' dir='ltr'><strong>materia</strong></span> <span class='ocrx_word' id='word_1_270' title='bbox 1017 3710 1297 3781; x_wconf 87' lang='lat' dir='ltr'><strong>Baptismi.</strong></span> <span class='ocrx_word' id='word_1_271' title='bbox 1332 3708 1531 3764; x_wconf 84' lang='lat' dir='ltr'><strong>Verum</strong></span> <span class='ocrx_word' id='word_1_272' title='bbox 1580 3706 1829 3764; x_wconf 88' lang='lat' dir='ltr'><strong>ostendat</strong></span> <span class='ocrx_word' id='word_1_273' title='bbox 1857 3706 2013 3761; x_wconf 86' lang='lat' dir='ltr'><strong>nobis</strong></span> <span class='ocrx_word' id='word_1_274' title='bbox 2063 3705 2133 3759; x_wconf 93' lang='lat' dir='ltr'><strong>cl.</strong></span> <span class='ocrx_word' id='word_1_275' title='bbox 2169 3704 2281 3759; x_wconf 91' lang='lat' dir='ltr'><strong>dis-</strong></span> 
     </span>
    </p>
   </div>
   <div class='ocr_carea' id='block_1_40' title="bbox 679 3800 2273 3874">
    <p class='ocr_par' dir='ltr' id='par_1_40' title="bbox 679 3800 2273 3874">
     <span class='ocr_line' id='line_1_40' title="bbox 679 3800 2273 3874; baseline -0.007 -10"><span class='ocrx_word' id='word_1_276' title='bbox 679 3816 931 3873; x_wconf 89' lang='lat' dir='ltr'><strong>sertator,</strong></span> <span class='ocrx_word' id='word_1_277' title='bbox 962 3806 1176 3862; x_wconf 87' lang='lat' dir='ltr'><strong>ubinam</strong></span> <span class='ocrx_word' id='word_1_278' title='bbox 1207 3805 1324 3861; x_wconf 63' lang='lat' dir='ltr'><strong>haec</strong></span> <span class='ocrx_word' id='word_1_279' title='bbox 1374 3805 1428 3859; x_wconf 94' lang='lat' dir='ltr'><strong>in</strong></span> <span class='ocrx_word' id='word_1_280' title='bbox 1467 3803 1690 3874; x_wconf 88' lang='lat' dir='ltr'><strong>epistola</strong></span> <span class='ocrx_word' id='word_1_281' title='bbox 1742 3800 1956 3855; x_wconf 87' lang='lat' dir='ltr'><strong>laudata</strong></span> <span class='ocrx_word' id='word_1_282' title='bbox 2009 3800 2273 3869; x_wconf 86' lang='lat' dir='ltr'><strong>lcgantur.</strong></span> 
     </span>
    </p>
   </div>
   <div class='ocr_carea' id='block_1_41' title="bbox 681 3891 2277 3970">
    <p class='ocr_par' dir='ltr' id='par_1_41' title="bbox 681 3891 2277 3970">
     <span class='ocr_line' id='line_1_41' title="bbox 681 3891 2277 3970; baseline -0.007 -15"><span class='ocrx_word' id='word_1_283' title='bbox 681 3901 813 3957; x_wconf 85' lang='lat' dir='ltr'><strong>Dein</strong></span> <span class='ocrx_word' id='word_1_284' title='bbox 866 3899 986 3970; x_wconf 90' lang='lat' dir='ltr'><strong>quis</strong></span> <span class='ocrx_word' id='word_1_285' title='bbox 1036 3913 1270 3969; x_wconf 90' lang='lat' dir='ltr'><strong>unquam</strong></span> <span class='ocrx_word' id='word_1_286' title='bbox 1325 3896 1696 3967; x_wconf 87' lang='lat' dir='ltr'><strong>theologorum</strong></span> <span class='ocrx_word' id='word_1_287' title='bbox 1750 3892 2063 3957; x_wconf 85' lang='lat' dir='ltr'><strong>somniabit,</strong></span> <span class='ocrx_word' id='word_1_288' title='bbox 2110 3891 2277 3946; x_wconf 88' lang='lat' dir='ltr'><strong>tradi-</strong></span> 
     </span>
    </p>
   </div>
   <div class='ocr_carea' id='block_1_42' title="bbox 679 3983 2277 4065">
    <p class='ocr_par' dir='ltr' id='par_1_42' title="bbox 679 3983 2277 4065">
     <span class='ocr_line' id='line_1_42' title="bbox 679 3983 2277 4065; baseline -0.008 -16"><span class='ocrx_word' id='word_1_289' title='bbox 679 3994 857 4050; x_wconf 85' lang='lat' dir='ltr'><strong>tiones</strong></span> <span class='ocrx_word' id='word_1_290' title='bbox 886 3992 1207 4065; x_wconf 86' lang='lat' dir='ltr'><strong>apostolicas</strong></span> <span class='ocrx_word' id='word_1_291' title='bbox 1239 4005 1387 4047; x_wconf 92' lang='lat' dir='ltr'><strong>mere</strong></span> <span class='ocrx_word' id='word_1_292' title='bbox 1403 3989 1780 4059; x_wconf 88' lang='lat' dir='ltr'><strong>disciplinares</strong></span> <span class='ocrx_word' id='word_1_293' title='bbox 1814 3985 2123 4041; x_wconf 88' lang='lat' dir='ltr'><strong>necessario</strong></span> <span class='ocrx_word' id='word_1_294' title='bbox 2150 3983 2277 4038; x_wconf 88' lang='lat' dir='ltr'><strong>reti-</strong></span> 
     </span>
    </p>
   </div>
   <div class='ocr_carea' id='block_1_43' title="bbox 678 4080 2273 4156">
    <p class='ocr_par' dir='ltr' id='par_1_43' title="bbox 678 4080 2273 4156">
     <span class='ocr_line' id='line_1_43' title="bbox 678 4080 2273 4156; baseline -0.009 -12"><span class='ocrx_word' id='word_1_295' title='bbox 678 4087 884 4144; x_wconf 89' lang='lat' dir='ltr'><strong>nendas</strong></span> <span class='ocrx_word' id='word_1_296' title='bbox 909 4102 1059 4153; x_wconf 88' lang='lat' dir='ltr'><strong>esse,</strong></span> <span class='ocrx_word' id='word_1_297' title='bbox 1092 4086 1497 4156; x_wconf 79' lang='lat' dir='ltr'><strong>oppositumque</strong></span> <span class='ocrx_word' id='word_1_298' title='bbox 1544 4080 1864 4137; x_wconf 89' lang='lat' dir='ltr'><strong>sententiam</strong></span> <span class='ocrx_word' id='word_1_299' title='bbox 1892 4080 2006 4133; x_wconf 82' lang='lat' dir='ltr'><strong>fore</strong></span> <span class='ocrx_word' id='word_1_300' title='bbox 2032 4090 2273 4132; x_wconf 90' lang='lat' dir='ltr'><strong>errorem</strong></span> 
     </span>
    </p>
   </div>
   <div class='ocr_carea' id='block_1_44' title="bbox 678 4178 1349 4253">
    <p class='ocr_par' dir='ltr' id='par_1_44' title="bbox 678 4178 1349 4253">
     <span class='ocr_line' id='line_1_44' title="bbox 678 4178 1349 4253; baseline -0.01 -15"><span class='ocrx_word' id='word_1_301' title='bbox 678 4182 917 4253; x_wconf 89' lang='lat' dir='ltr'><strong>practico</strong></span> <span class='ocrx_word' id='word_1_302' title='bbox 944 4180 1307 4250; x_wconf 90' lang='lat' dir='ltr'><strong>dogmaticum</strong></span> <span class='ocrx_word' id='word_1_303' title='bbox 1326 4178 1349 4231; x_wconf 68' lang='grc' dir='ltr'><em>’ἰ</em></span> 
     </span>
    </p>
   </div>
   <div class='ocr_carea' id='block_1_45' title="bbox 750 4267 2273 4345">
    <p class='ocr_par' dir='ltr' id='par_1_45' title="bbox 750 4267 2273 4345">
     <span class='ocr_line' id='line_1_45' title="bbox 750 4267 2273 4345; baseline -0.007 -14"><span class='ocrx_word' id='word_1_304' title='bbox 750 4276 987 4331; x_wconf 83' lang='lat' dir='ltr'><strong>Numero</strong></span> <span class='ocrx_word' id='word_1_305' title='bbox 1008 4274 1100 4339; x_wconf 81' lang='lat'><strong>59,</strong></span> <span class='ocrx_word' id='word_1_306' title='bbox 1126 4274 1302 4345; x_wconf 88' lang='lat' dir='ltr'><strong>arguit</strong></span> <span class='ocrx_word' id='word_1_307' title='bbox 1324 4271 1716 4336; x_wconf 88' lang='lat' dir='ltr'><strong>Firmilianum,</strong></span> <span class='ocrx_word' id='word_1_308' title='bbox 1741 4268 1881 4341; x_wconf 89' lang='lat' dir='ltr'><strong>quod</strong></span> <span class='ocrx_word' id='word_1_309' title='bbox 1907 4267 2273 4331; x_wconf 88' lang='lat' dir='ltr'><strong>traditionem,</strong></span> 
     </span>
    </p>
   </div>
   <div class='ocr_carea' id='block_1_46' title="bbox 679 4359 2273 4439">
    <p class='ocr_par' dir='ltr' id='par_1_46' title="bbox 679 4359 2273 4439">
     <span class='ocr_line' id='line_1_46' title="bbox 679 4359 2273 4439; baseline -0.007 -15"><span class='ocrx_word' id='word_1_310' title='bbox 679 4384 839 4439; x_wconf 89' lang='lat' dir='ltr'><strong>quam</strong></span> <span class='ocrx_word' id='word_1_311' title='bbox 862 4368 1005 4439; x_wconf 87' lang='lat' dir='ltr'><strong>Papa</strong></span> <span class='ocrx_word' id='word_1_312' title='bbox 1029 4368 1237 4422; x_wconf 77' lang='lat' dir='ltr'><strong>dixerat</strong></span> <span class='ocrx_word' id='word_1_313' title='bbox 1264 4364 1634 4436; x_wconf 81' lang='lat' dir='ltr'><strong>apestolicam,</strong></span> <span class='ocrx_word' id='word_1_314' title='bbox 1656 4372 1811 4419; x_wconf 89' lang='lat' dir='ltr'><strong>vocet</strong></span> <span class='ocrx_word' id='word_1_315' title='bbox 1840 4364 2147 4417; x_wconf 83' lang='lat' dir='ltr'><strong>humanam.</strong></span> <span class='ocrx_word' id='word_1_316' title='bbox 2177 4359 2273 4414; x_wconf 88' lang='lat' dir='ltr'><strong>Er-</strong></span> 
     </span>
    </p>
   </div>
   <div class='ocr_carea' id='block_1_47' title="bbox 674 4454 2275 4536">
    <p class='ocr_par' dir='ltr' id='par_1_47' title="bbox 674 4454 2275 4536">
     <span class='ocr_line' id='line_1_47' title="bbox 674 4454 2275 4536; baseline -0.008 -17"><span class='ocrx_word' id='word_1_317' title='bbox 674 4479 815 4536; x_wconf 84' lang='lat' dir='ltr'><strong>gone</strong></span> <span class='ocrx_word' id='word_1_318' title='bbox 840 4465 958 4535; x_wconf 91' lang='lat' dir='ltr'><strong>plus</strong></span> <span class='ocrx_word' id='word_1_319' title='bbox 997 4478 1156 4535; x_wconf 89' lang='lat' dir='ltr'><strong>quam</strong></span> <span class='ocrx_word' id='word_1_320' title='bbox 1199 4462 1431 4516; x_wconf 89' lang='lat' dir='ltr'><strong>humana</strong></span> <span class='ocrx_word' id='word_1_321' title='bbox 1455 4502 1471 4528; x_wconf 90' lang='lat'><strong>,</strong></span> <span class='ocrx_word' id='word_1_322' title='bbox 1501 4461 1584 4515; x_wconf 86' lang='lat' dir='ltr'><strong>vel</strong></span> <span class='ocrx_word' id='word_1_323' title='bbox 1622 4458 1805 4514; x_wconf 87' lang='lat' dir='ltr'><strong>divina</strong></span> <span class='ocrx_word' id='word_1_324' title='bbox 1841 4456 2067 4512; x_wconf 88' lang='lat' dir='ltr'><strong>dicenda</strong></span> <span class='ocrx_word' id='word_1_325' title='bbox 2099 4454 2275 4510; x_wconf 89' lang='lat' dir='ltr'><strong>foret?</strong></span> 
     </span>
    </p>
   </div>
   <div class='ocr_carea' id='block_1_48' title="bbox 2383 506 3993 580">
    <p class='ocr_par' dir='ltr' id='par_1_48' title="bbox 2383 506 3993 580">
     <span class='ocr_line' id='line_1_48' title="bbox 2383 506 3993 580; baseline -0.004 -13"><span class='ocrx_word' id='word_1_326' title='bbox 2383 528 2609 568; x_wconf 87' lang='lat' dir='ltr'><strong>numero</strong></span> <span class='ocrx_word' id='word_1_327' title='bbox 2647 512 2719 567; x_wconf 90' lang='lat'><strong>20</strong></span> <span class='ocrx_word' id='word_1_328' title='bbox 2757 510 2976 580; x_wconf 84' lang='lat' dir='ltr'><strong>conjicit</strong></span> <span class='ocrx_word' id='word_1_329' title='bbox 3029 509 3353 563; x_wconf 88' lang='lat' dir='ltr'><strong>dissertator</strong></span> <span class='ocrx_word' id='word_1_330' title='bbox 3412 506 3555 561; x_wconf 61' lang='lat' dir='ltr'><strong>Asiae</strong></span> <span class='ocrx_word' id='word_1_331' title='bbox 3598 506 3832 561; x_wconf 87' lang='lat' dir='ltr'><strong>concilia</strong></span> <span class='ocrx_word' id='word_1_332' title='bbox 3864 520 3993 561; x_wconf 78' lang='lat' dir='ltr'><strong>esse</strong></span> 
     </span>
    </p>
   </div>
   <div class='ocr_carea' id='block_1_49' title="bbox 2384 598 3996 670">
    <p class='ocr_par' dir='ltr' id='par_1_49' title="bbox 2384 598 3996 670">
     <span class='ocr_line' id='line_1_49' title="bbox 2384 598 3996 670; baseline -0.005 -11"><span class='ocrx_word' id='word_1_333' title='bbox 2384 604 2593 669; x_wconf 85' lang='lat' dir='ltr'><strong>ﬁetitia,</strong></span> <span class='ocrx_word' id='word_1_334' title='bbox 2622 604 2711 658; x_wconf 88' lang='lat' dir='ltr'><strong>ubi</strong></span> <span class='ocrx_word' id='word_1_335' title='bbox 2738 603 2903 657; x_wconf 90' lang='lat' dir='ltr'><strong>etiam</strong></span> <span class='ocrx_word' id='word_1_336' title='bbox 2930 599 3255 656; x_wconf 88' lang='lat' dir='ltr'><strong>somniando</strong></span> <span class='ocrx_word' id='word_1_337' title='bbox 3285 599 3495 665; x_wconf 85' lang='lat' dir='ltr'><strong>scribit,</strong></span> <span class='ocrx_word' id='word_1_338' title='bbox 3525 598 3670 670; x_wconf 91' lang='lat' dir='ltr'><strong>quod</strong></span> <span class='ocrx_word' id='word_1_339' title='bbox 3697 598 3845 669; x_wconf 89' lang='lat' dir='ltr'><strong>apud</strong></span> <span class='ocrx_word' id='word_1_340' title='bbox 3876 598 3996 652; x_wconf 82' lang='lat' dir='ltr'><strong>Eu-</strong></span> 
     </span>
    </p>
   </div>
   <div class='ocr_carea' id='block_1_50' title="bbox 2379 690 3997 765">
    <p class='ocr_par' dir='ltr' id='par_1_50' title="bbox 2379 690 3997 765">
     <span class='ocr_line' id='line_1_50' title="bbox 2379 690 3997 765; baseline -0.004 -16"><span class='ocrx_word' id='word_1_341' title='bbox 2379 696 2589 751; x_wconf 89' lang='lat' dir='ltr'><strong>sebium</strong></span> <span class='ocrx_word' id='word_1_342' title='bbox 2647 694 2889 765; x_wconf 86' lang='lat' dir='ltr'><strong>episcopi</strong></span> <span class='ocrx_word' id='word_1_343' title='bbox 2951 692 3323 748; x_wconf 81' lang='lat' dir='ltr'><strong>Ecclesiarum</strong></span> <span class='ocrx_word' id='word_1_344' title='bbox 3365 690 3660 745; x_wconf 90' lang='lat' dir='ltr'><strong>lconiensis</strong></span> <span class='ocrx_word' id='word_1_345' title='bbox 3704 700 3759 744; x_wconf 93' lang='lat' dir='ltr'><strong>et</strong></span> <span class='ocrx_word' id='word_1_346' title='bbox 3813 690 3997 760; x_wconf 85' lang='lat' dir='ltr'><strong>Syna-</strong></span> 
     </span>
    </p>
   </div>
   <div class='ocr_carea' id='block_1_51' title="bbox 2379 781 3998 853">
    <p class='ocr_par' dir='ltr' id='par_1_51' title="bbox 2379 781 3998 853">
     <span class='ocr_line' id='line_1_51' title="bbox 2379 781 3998 853; baseline -0.004 -10"><span class='ocrx_word' id='word_1_347' title='bbox 2379 787 2563 843; x_wconf 90' lang='lat' dir='ltr'><strong>densis</strong></span> <span class='ocrx_word' id='word_1_348' title='bbox 2608 794 3014 849; x_wconf 88' lang='lat' dir='ltr'><strong>recenseantur,</strong></span> <span class='ocrx_word' id='word_1_349' title='bbox 3066 800 3098 839; x_wconf 88' lang='lat' dir='ltr'><strong>a</strong></span> <span class='ocrx_word' id='word_1_350' title='bbox 3153 783 3406 853; x_wconf 89' lang='lat' dir='ltr'><strong>diciplina</strong></span> <span class='ocrx_word' id='word_1_351' title='bbox 3452 781 3765 850; x_wconf 87' lang='lat' dir='ltr'><strong>laudentur,</strong></span> <span class='ocrx_word' id='word_1_352' title='bbox 3814 782 3998 838; x_wconf 86' lang='lat' dir='ltr'><strong>sancti</strong></span> 
     </span>
    </p>
   </div>
   <div class='ocr_carea' id='block_1_52' title="bbox 2379 875 3995 945">
    <p class='ocr_par' dir='ltr' id='par_1_52' title="bbox 2379 875 3995 945">
     <span class='ocr_line' id='line_1_52' title="bbox 2379 875 3995 945; baseline -0.001 -13"><span class='ocrx_word' id='word_1_353' title='bbox 2379 888 2674 945; x_wconf 87' lang='lat' dir='ltr'><strong>vocentur,</strong></span> <span class='ocrx_word' id='word_1_354' title='bbox 2718 890 2770 934; x_wconf 90' lang='lat' dir='ltr'><strong>et</strong></span> <span class='ocrx_word' id='word_1_355' title='bbox 2819 878 2960 933; x_wconf 88' lang='lat' dir='ltr'><strong>beati</strong></span> <span class='ocrx_word' id='word_1_356' title='bbox 3007 876 3243 941; x_wconf 83' lang='lat' dir='ltr'><strong>fratres;</strong></span> <span class='ocrx_word' id='word_1_357' title='bbox 3283 886 3367 930; x_wconf 92' lang='lat' dir='ltr'><strong>ast</strong></span> <span class='ocrx_word' id='word_1_358' title='bbox 3391 875 3460 930; x_wconf 90' lang='lat' dir='ltr'><strong>de</strong></span> <span class='ocrx_word' id='word_1_359' title='bbox 3500 875 3742 930; x_wconf 88' lang='lat' dir='ltr'><strong>conciliis</strong></span> <span class='ocrx_word' id='word_1_360' title='bbox 3789 875 3995 931; x_wconf 86' lang='lat' dir='ltr'><strong>ibidem</strong></span> 
     </span>
    </p>
   </div>
   <div class='ocr_carea' id='block_1_53' title="bbox 2379 968 3997 1030">
    <p class='ocr_par' dir='ltr' id='par_1_53' title="bbox 2379 968 3997 1030">
     <span class='ocr_line' id='line_1_53' title="bbox 2379 968 3997 1030; baseline -0.004 0"><span class='ocrx_word' id='word_1_361' title='bbox 2379 974 2660 1030; x_wconf 84' lang='lat' dir='ltr'><strong>celebratis</strong></span> <span class='ocrx_word' id='word_1_362' title='bbox 2704 973 2871 1027; x_wconf 87' lang='lat' dir='ltr'><strong>altum</strong></span> <span class='ocrx_word' id='word_1_363' title='bbox 2919 971 3194 1027; x_wconf 88' lang='lat' dir='ltr'><strong>silentium</strong></span> <span class='ocrx_word' id='word_1_364' title='bbox 3233 969 3322 1024; x_wconf 91' lang='lat' dir='ltr'><strong>sit.</strong></span> <span class='ocrx_word' id='word_1_365' title='bbox 3357 968 3553 1023; x_wconf 75' lang='lat' dir='ltr'><strong>Verum</strong></span> <span class='ocrx_word' id='word_1_366' title='bbox 3602 968 3821 1023; x_wconf 83' lang='lat' dir='ltr'><strong>ubinam</strong></span> <span class='ocrx_word' id='word_1_367' title='bbox 3871 969 3997 1024; x_wconf 70' lang='lat' dir='ltr'><strong>hcce</strong></span> 
     </span>
    </p>
   </div>
   <div class='ocr_carea' id='block_1_54' title="bbox 2379 1061 3997 1138">
    <p class='ocr_par' dir='ltr' id='par_1_54' title="bbox 2379 1061 3997 1138">
     <span class='ocr_line' id='line_1_54' title="bbox 2379 1061 3997 1138; baseline -0.003 -16"><span class='ocrx_word' id='word_1_368' title='bbox 2379 1068 2519 1138; x_wconf 87' lang='lat' dir='ltr'><strong>apud</strong></span> <span class='ocrx_word' id='word_1_369' title='bbox 2542 1067 2831 1123; x_wconf 84' lang='lat' dir='ltr'><strong>Eusebium</strong></span> <span class='ocrx_word' id='word_1_370' title='bbox 2856 1066 3065 1136; x_wconf 86' lang='lat' dir='ltr'><strong>legerit,</strong></span> <span class='ocrx_word' id='word_1_371' title='bbox 3090 1078 3197 1119; x_wconf 91' lang='lat' dir='ltr'><strong>non</strong></span> <span class='ocrx_word' id='word_1_372' title='bbox 3219 1069 3464 1127; x_wconf 91' lang='lat' dir='ltr'><strong>annotat;</strong></span> <span class='ocrx_word' id='word_1_373' title='bbox 3484 1076 3586 1133; x_wconf 89' lang='lat' dir='ltr'><strong>ego</strong></span> <span class='ocrx_word' id='word_1_374' title='bbox 3606 1072 3779 1116; x_wconf 82' lang='lat' dir='ltr'><strong>autem</strong></span> <span class='ocrx_word' id='word_1_375' title='bbox 3803 1061 3997 1132; x_wconf 85' lang='lat' dir='ltr'><strong>potius</strong></span> 
     </span>
    </p>
   </div>
   <div class='ocr_carea' id='block_1_55' title="bbox 2378 1155 3999 1221">
    <p class='ocr_par' dir='ltr' id='par_1_55' title="bbox 2378 1155 3999 1221">
     <span class='ocr_line' id='line_1_55' title="bbox 2378 1155 3999 1221; baseline -0.004 -6"><span class='ocrx_word' id='word_1_376' title='bbox 2378 1161 2708 1215; x_wconf 88' lang='lat' dir='ltr'><strong>contrarium</strong></span> <span class='ocrx_word' id='word_1_377' title='bbox 2733 1159 2932 1221; x_wconf 89' lang='lat' dir='ltr'><strong>inveni,</strong></span> <span class='ocrx_word' id='word_1_378' title='bbox 2955 1158 3212 1213; x_wconf 89' lang='lat' dir='ltr'><strong>disertam</strong></span> <span class='ocrx_word' id='word_1_379' title='bbox 3237 1156 3489 1212; x_wconf 89' lang='lat' dir='ltr'><strong>nimirum</strong></span> <span class='ocrx_word' id='word_1_380' title='bbox 3511 1155 3702 1210; x_wconf 89' lang='lat' dir='ltr'><strong>horum</strong></span> <span class='ocrx_word' id='word_1_381' title='bbox 3724 1156 3999 1210; x_wconf 82' lang='lat' dir='ltr'><strong>concilio-</strong></span> 
     </span>
    </p>
   </div>
   <div class='ocr_carea' id='block_1_56' title="bbox 2379 1247 3955 1319">
    <p class='ocr_par' dir='ltr' id='par_1_56' title="bbox 2379 1247 3955 1319">
     <span class='ocr_line' id='line_1_56' title="bbox 2379 1247 3955 1319; baseline -0.004 -12"><span class='ocrx_word' id='word_1_382' title='bbox 2379 1269 2499 1307; x_wconf 92' lang='lat' dir='ltr'><strong>rum</strong></span> <span class='ocrx_word' id='word_1_383' title='bbox 2540 1253 2892 1319; x_wconf 89' lang='lat' dir='ltr'><strong>mentionem,</strong></span> <span class='ocrx_word' id='word_1_384' title='bbox 2924 1251 3126 1305; x_wconf 91' lang='lat' dir='ltr'><strong>nullam</strong></span> <span class='ocrx_word' id='word_1_385' title='bbox 3157 1265 3284 1305; x_wconf 90' lang='lat' dir='ltr'><strong>vero</strong></span> <span class='ocrx_word' id='word_1_386' title='bbox 3312 1250 3380 1305; x_wconf 92' lang='lat' dir='ltr'><strong>de</strong></span> <span class='ocrx_word' id='word_1_387' title='bbox 3410 1249 3633 1319; x_wconf 85' lang='lat' dir='ltr'><strong>reliquis</strong></span> <span class='ocrx_word' id='word_1_388' title='bbox 3658 1247 3955 1318; x_wconf 71' lang='lat' dir='ltr'><strong>adiunctis.</strong></span> 
     </span>
    </p>
   </div>
   <div class='ocr_carea' id='block_1_57' title="bbox 2449 1341 3990 1414">
    <p class='ocr_par' dir='ltr' id='par_1_57' title="bbox 2449 1341 3990 1414">
     <span class='ocr_line' id='line_1_57' title="bbox 2449 1341 3990 1414; baseline 0 -17"><span class='ocrx_word' id='word_1_389' title='bbox 2449 1344 2687 1399; x_wconf 86' lang='lat' dir='ltr'><strong>Numero</strong></span> <span class='ocrx_word' id='word_1_390' title='bbox 2729 1345 2819 1399; x_wconf 75' lang='grc'><strong>51.</strong></span> <span class='ocrx_word' id='word_1_391' title='bbox 2872 1343 3169 1414; x_wconf 87' lang='lat' dir='ltr'><strong>Epistolam</strong></span> <span class='ocrx_word' id='word_1_392' title='bbox 3216 1341 3511 1397; x_wconf 88' lang='lat' dir='ltr'><strong>Firmiliani</strong></span> <span class='ocrx_word' id='word_1_393' title='bbox 3570 1356 3639 1396; x_wconf 78' lang='lat' dir='ltr'><strong>ex</strong></span> <span class='ocrx_word' id='word_1_394' title='bbox 3682 1342 3990 1397; x_wconf 84' lang='lat' dir='ltr'><strong>rationibus</strong></span> 
     </span>
    </p>
   </div>
   <div class='ocr_carea' id='block_1_58' title="bbox 2377 1432 3993 1506">
    <p class='ocr_par' dir='ltr' id='par_1_58' title="bbox 2377 1432 3993 1506">
     <span class='ocr_line' id='line_1_58' title="bbox 2377 1432 3993 1506; baseline -0.001 -16"><span class='ocrx_word' id='word_1_395' title='bbox 2377 1437 2751 1506; x_wconf 84' lang='lat' dir='ltr'><strong>geographicis</strong></span> <span class='ocrx_word' id='word_1_396' title='bbox 2791 1444 2845 1491; x_wconf 89' lang='lat' dir='ltr'><strong>et</strong></span> <span class='ocrx_word' id='word_1_397' title='bbox 2872 1452 2901 1490; x_wconf 92' lang='lat' dir='ltr'><strong>a</strong></span> <span class='ocrx_word' id='word_1_398' title='bbox 2931 1449 3161 1489; x_wconf 87' lang='lat' dir='ltr'><strong>numero</strong></span> <span class='ocrx_word' id='word_1_399' title='bbox 3197 1435 3265 1490; x_wconf 78' lang='grc'><strong>55</strong></span> <span class='ocrx_word' id='word_1_400' title='bbox 3294 1448 3463 1505; x_wconf 86' lang='lat' dir='ltr'><strong>usque</strong></span> <span class='ocrx_word' id='word_1_401' title='bbox 3498 1432 3591 1497; x_wconf 88' lang='grc'><strong>56,</strong></span> <span class='ocrx_word' id='word_1_402' title='bbox 3647 1448 3722 1489; x_wconf 81' lang='lat' dir='ltr'><strong>ex</strong></span> <span class='ocrx_word' id='word_1_403' title='bbox 3752 1433 3993 1489; x_wconf 88' lang='lat' dir='ltr'><strong>chrono-</strong></span> 
     </span>
    </p>
   </div>
   <div class='ocr_carea' id='block_1_59' title="bbox 2379 1526 3993 1601">
    <p class='ocr_par' dir='ltr' id='par_1_59' title="bbox 2379 1526 3993 1601">
     <span class='ocr_line' id='line_1_59' title="bbox 2379 1526 3993 1601; baseline -0.001 -18"><span class='ocrx_word' id='word_1_404' title='bbox 2379 1529 2567 1600; x_wconf 89' lang='lat' dir='ltr'><strong>logicis</strong></span> <span class='ocrx_word' id='word_1_405' title='bbox 2598 1530 2987 1601; x_wconf 86' lang='lat' dir='ltr'><strong>suppositionis</strong></span> <span class='ocrx_word' id='word_1_406' title='bbox 3017 1530 3228 1600; x_wconf 89' lang='lat' dir='ltr'><strong>arguit,</strong></span> <span class='ocrx_word' id='word_1_407' title='bbox 3260 1537 3315 1582; x_wconf 90' lang='lat' dir='ltr'><strong>at</strong></span> <span class='ocrx_word' id='word_1_408' title='bbox 3356 1541 3580 1598; x_wconf 88' lang='lat' dir='ltr'><strong>prorsus</strong></span> <span class='ocrx_word' id='word_1_409' title='bbox 3619 1526 3829 1597; x_wconf 90' lang='lat' dir='ltr'><strong>inepte.</strong></span> <span class='ocrx_word' id='word_1_410' title='bbox 3857 1527 3993 1582; x_wconf 79' lang='lat' dir='ltr'><strong>Nam</strong></span> 
     </span>
    </p>
   </div>
   <div class='ocr_carea' id='block_1_60' title="bbox 2383 1620 3994 1694">
    <p class='ocr_par' dir='ltr' id='par_1_60' title="bbox 2383 1620 3994 1694">
     <span class='ocr_line' id='line_1_60' title="bbox 2383 1620 3994 1694; baseline -0.001 -17"><span class='ocrx_word' id='word_1_411' title='bbox 2383 1632 2441 1677; x_wconf 85' lang='lat' dir='ltr'><strong>ut</strong></span> <span class='ocrx_word' id='word_1_412' title='bbox 2469 1634 2662 1677; x_wconf 60' lang='lat' dir='ltr'><strong>caetera</strong></span> <span class='ocrx_word' id='word_1_413' title='bbox 2684 1623 3112 1694; x_wconf 60' lang='lat' dir='ltr'><strong>praetermittam,</strong></span> <span class='ocrx_word' id='word_1_414' title='bbox 3137 1621 3273 1676; x_wconf 78' lang='lat' dir='ltr'><strong>duas</strong></span> <span class='ocrx_word' id='word_1_415' title='bbox 3308 1620 3654 1676; x_wconf 85' lang='lat' dir='ltr'><strong>solummodo</strong></span> <span class='ocrx_word' id='word_1_416' title='bbox 3686 1620 3777 1675; x_wconf 85' lang='lat' dir='ltr'><strong>hic</strong></span> <span class='ocrx_word' id='word_1_417' title='bbox 3804 1630 3994 1675; x_wconf 81' lang='lat' dir='ltr'><strong>aucto-</strong></span> 
     </span>
    </p>
   </div>
   <div class='ocr_carea' id='block_1_61' title="bbox 2379 1713 3994 1784">
    <p class='ocr_par' dir='ltr' id='par_1_61' title="bbox 2379 1713 3994 1784">
     <span class='ocr_line' id='line_1_61' title="bbox 2379 1713 3994 1784; baseline -0.003 -12"><span class='ocrx_word' id='word_1_418' title='bbox 2379 1717 2459 1772; x_wconf 86' lang='lat' dir='ltr'><strong>ris</strong></span> <span class='ocrx_word' id='word_1_419' title='bbox 2484 1717 2935 1772; x_wconf 90' lang='lat' dir='ltr'><strong>hallucinationes</strong></span> <span class='ocrx_word' id='word_1_420' title='bbox 2964 1714 3255 1770; x_wconf 88' lang='lat' dir='ltr'><strong>annotabo.</strong></span> <span class='ocrx_word' id='word_1_421' title='bbox 3312 1714 3492 1769; x_wconf 88' lang='lat' dir='ltr'><strong>Prima</strong></span> <span class='ocrx_word' id='word_1_422' title='bbox 3519 1722 3641 1781; x_wconf 80' lang='lat' dir='ltr'><strong>est,</strong></span> <span class='ocrx_word' id='word_1_423' title='bbox 3671 1714 3819 1784; x_wconf 89' lang='lat' dir='ltr'><strong>quod</strong></span> <span class='ocrx_word' id='word_1_424' title='bbox 3851 1713 3994 1783; x_wconf 83' lang='lat' dir='ltr'><strong>jeju-</strong></span> 
     </span>
    </p>
   </div>
   <div class='ocr_carea' id='block_1_62' title="bbox 2305 1806 3993 1889">
    <p class='ocr_par' dir='ltr' id='par_1_62' title="bbox 2305 1806 3993 1889">
     <span class='ocr_line' id='line_1_62' title="bbox 2305 1806 3993 1889; baseline -0.004 -23"><span class='ocrx_word' id='word_1_425' title='bbox 2305 1830 2353 1889; x_wconf 83' lang='lat' dir='ltr'><strong>B</strong></span> <span class='ocrx_word' id='word_1_426' title='bbox 2383 1813 2528 1866; x_wconf 90' lang='lat' dir='ltr'><strong>nitnn</strong></span> <span class='ocrx_word' id='word_1_427' title='bbox 2555 1820 2784 1881; x_wconf 89' lang='lat' dir='ltr'><strong>quatuor</strong></span> <span class='ocrx_word' id='word_1_428' title='bbox 2806 1820 3107 1880; x_wconf 90' lang='lat' dir='ltr'><strong>temporum</strong></span> <span class='ocrx_word' id='word_1_429' title='bbox 3135 1812 3189 1863; x_wconf 91' lang='lat' dir='ltr'><strong>in</strong></span> <span class='ocrx_word' id='word_1_430' title='bbox 3210 1806 3523 1878; x_wconf 89' lang='lat' dir='ltr'><strong>septembri,</strong></span> <span class='ocrx_word' id='word_1_431' title='bbox 3564 1806 3633 1861; x_wconf 89' lang='lat' dir='ltr'><strong>de</strong></span> <span class='ocrx_word' id='word_1_432' title='bbox 3658 1821 3768 1876; x_wconf 89' lang='lat' dir='ltr'><strong>quo</strong></span> <span class='ocrx_word' id='word_1_433' title='bbox 3794 1807 3856 1861; x_wconf 91' lang='lat' dir='ltr'><strong>S.</strong></span> <span class='ocrx_word' id='word_1_434' title='bbox 3890 1807 3993 1860; x_wconf 82' lang='lat' dir='ltr'><strong>Ln-</strong></span> 
     </span>
    </p>
   </div>
   <div class='ocr_carea' id='block_1_63' title="bbox 2380 1900 3995 1974">
    <p class='ocr_par' dir='ltr' id='par_1_63' title="bbox 2380 1900 3995 1974">
     <span class='ocr_line' id='line_1_63' title="bbox 2380 1900 3995 1974; baseline -0.004 -15"><span class='ocrx_word' id='word_1_435' title='bbox 2380 1919 2498 1959; x_wconf 89' lang='lat' dir='ltr'><strong>cam</strong></span> <span class='ocrx_word' id='word_1_436' title='bbox 2530 1906 2789 1963; x_wconf 85' lang='lat' dir='ltr'><strong>Actorum</strong></span> <span class='ocrx_word' id='word_1_437' title='bbox 2821 1906 3027 1974; x_wconf 79' lang='lat' dir='ltr'><strong>(xxvn,</strong></span> <span class='ocrx_word' id='word_1_438' title='bbox 3058 1919 3109 1958; x_wconf 94' lang='lat' dir='ltr'><strong>v.</strong></span> <span class='ocrx_word' id='word_1_439' title='bbox 3141 1903 3235 1971; x_wconf 90' lang='lat'><strong>9,)</strong></span> <span class='ocrx_word' id='word_1_440' title='bbox 3263 1904 3503 1957; x_wconf 85' lang='lat' dir='ltr'><strong>locutum</strong></span> <span class='ocrx_word' id='word_1_441' title='bbox 3532 1901 3694 1955; x_wconf 81' lang='lat' dir='ltr'><strong>fuisse</strong></span> <span class='ocrx_word' id='word_1_442' title='bbox 3716 1900 3852 1955; x_wconf 83' lang='lat' dir='ltr'><strong>talse</strong></span> <span class='ocrx_word' id='word_1_443' title='bbox 3873 1900 3995 1970; x_wconf 84' lang='lat' dir='ltr'><strong>Opi-</strong></span> 
     </span>
    </p>
   </div>
   <div class='ocr_carea' id='block_1_64' title="bbox 2380 1993 3993 2072">
    <p class='ocr_par' dir='ltr' id='par_1_64' title="bbox 2380 1993 3993 2072">
     <span class='ocr_line' id='line_1_64' title="bbox 2380 1993 3993 2072; baseline -0.004 -17"><span class='ocrx_word' id='word_1_444' title='bbox 2380 2010 2540 2056; x_wconf 91' lang='lat' dir='ltr'><strong>natur</strong></span> <span class='ocrx_word' id='word_1_445' title='bbox 2586 2001 2747 2072; x_wconf 88' lang='lat' dir='ltr'><strong>idque</strong></span> <span class='ocrx_word' id='word_1_446' title='bbox 2776 2001 2844 2056; x_wconf 90' lang='lat' dir='ltr'><strong>ab</strong></span> <span class='ocrx_word' id='word_1_447' title='bbox 2868 2000 3142 2070; x_wconf 79' lang='lat' dir='ltr'><strong>Apostolis</strong></span> <span class='ocrx_word' id='word_1_448' title='bbox 3169 1997 3470 2053; x_wconf 89' lang='lat' dir='ltr'><strong>institutum</strong></span> <span class='ocrx_word' id='word_1_449' title='bbox 3511 1996 3674 2051; x_wconf 87' lang='lat' dir='ltr'><strong>fuisse</strong></span> <span class='ocrx_word' id='word_1_450' title='bbox 3700 2010 3771 2049; x_wconf 78' lang='lat' dir='ltr'><strong>ex</strong></span> <span class='ocrx_word' id='word_1_451' title='bbox 3808 1993 3993 2050; x_wconf 86' lang='lat' dir='ltr'><strong>Leone</strong></span> 
     </span>
    </p>
   </div>
   <div class='ocr_carea' id='block_1_65' title="bbox 2380 2089 3995 2164">
    <p class='ocr_par' dir='ltr' id='par_1_65' title="bbox 2380 2089 3995 2164">
     <span class='ocr_line' id='line_1_65' title="bbox 2380 2089 3995 2164; baseline -0.004 -15"><span class='ocrx_word' id='word_1_452' title='bbox 2380 2094 2572 2164; x_wconf 80' lang='lat' dir='ltr'><strong>Magno</strong></span> <span class='ocrx_word' id='word_1_453' title='bbox 2602 2104 2656 2149; x_wconf 89' lang='lat' dir='ltr'><strong>et</strong></span> <span class='ocrx_word' id='word_1_454' title='bbox 2676 2094 3049 2163; x_wconf 86' lang='lat' dir='ltr'><strong>antiquissimo</strong></span> <span class='ocrx_word' id='word_1_455' title='bbox 3076 2092 3316 2146; x_wconf 90' lang='lat' dir='ltr'><strong>omnium</strong></span> <span class='ocrx_word' id='word_1_456' title='bbox 3334 2089 3683 2145; x_wconf 83' lang='lat' dir='ltr'><strong>Ecclesiarum</strong></span> <span class='ocrx_word' id='word_1_457' title='bbox 3711 2101 3995 2143; x_wconf 83' lang='lat' dir='ltr'><strong>consensu</strong></span> 
     </span>
    </p>
   </div>
   <div class='ocr_carea' id='block_1_66' title="bbox 2380 2181 3993 2258">
    <p class='ocr_par' dir='ltr' id='par_1_66' title="bbox 2380 2181 3993 2258">
     <span class='ocr_line' id='line_1_66' title="bbox 2380 2181 3993 2258; baseline -0.004 -15"><span class='ocrx_word' id='word_1_458' title='bbox 2380 2200 2631 2243; x_wconf 88' lang='lat' dir='ltr'><strong>constare</strong></span> <span class='ocrx_word' id='word_1_459' title='bbox 2658 2188 2852 2242; x_wconf 90' lang='lat' dir='ltr'><strong>tradat.</strong></span> <span class='ocrx_word' id='word_1_460' title='bbox 2879 2188 3133 2258; x_wconf 81' lang='lat' dir='ltr'><strong>Optarent</strong></span> <span class='ocrx_word' id='word_1_461' title='bbox 3148 2201 3278 2241; x_wconf 87' lang='lat' dir='ltr'><strong>sane</strong></span> <span class='ocrx_word' id='word_1_462' title='bbox 3300 2195 3387 2241; x_wconf 88' lang='lat' dir='ltr'><strong>est</strong></span> <span class='ocrx_word' id='word_1_463' title='bbox 3409 2184 3527 2238; x_wconf 87' lang='lat' dir='ltr'><strong>mihi</strong></span> <span class='ocrx_word' id='word_1_464' title='bbox 3543 2181 3993 2251; x_wconf 83' lang='lat' dir='ltr'><strong>antiquissimum</strong></span> 
     </span>
    </p>
   </div>
   <div class='ocr_carea' id='block_1_67' title="bbox 2381 2276 3994 2350">
    <p class='ocr_par' dir='ltr' id='par_1_67' title="bbox 2381 2276 3994 2350">
     <span class='ocr_line' id='line_1_67' title="bbox 2381 2276 3994 2350; baseline -0.003 -14"><span class='ocrx_word' id='word_1_465' title='bbox 2381 2281 2618 2336; x_wconf 88' lang='lat' dir='ltr'><strong>omnium</strong></span> <span class='ocrx_word' id='word_1_466' title='bbox 2639 2280 3002 2336; x_wconf 90' lang='lat' dir='ltr'><strong>Ecclesiarum</strong></span> <span class='ocrx_word' id='word_1_467' title='bbox 3019 2280 3193 2350; x_wconf 89' lang='lat' dir='ltr'><strong>quoad</strong></span> <span class='ocrx_word' id='word_1_468' title='bbox 3216 2291 3448 2349; x_wconf 88' lang='lat' dir='ltr'><strong>quatuor</strong></span> <span class='ocrx_word' id='word_1_469' title='bbox 3467 2288 3752 2347; x_wconf 87' lang='lat' dir='ltr'><strong>temporum</strong></span> <span class='ocrx_word' id='word_1_470' title='bbox 3770 2276 3994 2345; x_wconf 67' lang='lat' dir='ltr'><strong>ieiunia</strong></span> 
     </span>
    </p>
   </div>
   <div class='ocr_carea' id='block_1_68' title="bbox 2381 2371 3995 2444">
    <p class='ocr_par' dir='ltr' id='par_1_68' title="bbox 2381 2371 3995 2444">
     <span class='ocr_line' id='line_1_68' title="bbox 2381 2371 3995 2444; baseline 0 -16"><span class='ocrx_word' id='word_1_471' title='bbox 2381 2373 2776 2430; x_wconf 88' lang='lat' dir='ltr'><strong>demonstraret</strong></span> <span class='ocrx_word' id='word_1_472' title='bbox 2800 2382 3325 2444; x_wconf 83' lang='lat' dir='ltr'><strong>consensutn,a&#39;.que</strong></span> <span class='ocrx_word' id='word_1_473' title='bbox 3352 2372 3589 2428; x_wconf 89' lang='lat' dir='ltr'><strong>Leonem</strong></span> <span class='ocrx_word' id='word_1_474' title='bbox 3623 2371 3877 2443; x_wconf 73' lang='lat' dir='ltr'><strong>Magnum</strong></span> <span class='ocrx_word' id='word_1_475' title='bbox 3922 2371 3995 2428; x_wconf 89' lang='lat' dir='ltr'><strong>de</strong></span> 
     </span>
    </p>
   </div>
   <div class='ocr_carea' id='block_1_69' title="bbox 2382 2465 3990 2538">
    <p class='ocr_par' dir='ltr' id='par_1_69' title="bbox 2382 2465 3990 2538">
     <span class='ocr_line' id='line_1_69' title="bbox 2382 2465 3990 2538; baseline -0.001 -17"><span class='ocrx_word' id='word_1_476' title='bbox 2382 2466 2718 2523; x_wconf 82' lang='lat' dir='ltr'><strong>institutione</strong></span> <span class='ocrx_word' id='word_1_477' title='bbox 2758 2468 3051 2538; x_wconf 78' lang='lat' dir='ltr'><strong>aposmlica</strong></span> <span class='ocrx_word' id='word_1_478' title='bbox 3082 2469 3135 2522; x_wconf 91' lang='lat' dir='ltr'><strong>in</strong></span> <span class='ocrx_word' id='word_1_479' title='bbox 3173 2481 3335 2523; x_wconf 91' lang='lat' dir='ltr'><strong>sensu</strong></span> <span class='ocrx_word' id='word_1_480' title='bbox 3364 2467 3555 2521; x_wconf 91' lang='lat' dir='ltr'><strong>stricto</strong></span> <span class='ocrx_word' id='word_1_481' title='bbox 3582 2465 3990 2536; x_wconf 88' lang='lat' dir='ltr'><strong>intelligendum</strong></span> 
     </span>
    </p>
   </div>
   <div class='ocr_carea' id='block_1_70' title="bbox 2383 2560 3993 2633">
    <p class='ocr_par' dir='ltr' id='par_1_70' title="bbox 2383 2560 3993 2633">
     <span class='ocr_line' id='line_1_70' title="bbox 2383 2560 3993 2633; baseline -0.001 -17"><span class='ocrx_word' id='word_1_482' title='bbox 2383 2577 2525 2617; x_wconf 87' lang='lat' dir='ltr'><strong>esse.</strong></span> <span class='ocrx_word' id='word_1_483' title='bbox 2556 2562 2761 2627; x_wconf 87' lang='lat' dir='ltr'><strong>Altera,</strong></span> <span class='ocrx_word' id='word_1_484' title='bbox 2784 2562 2927 2633; x_wconf 90' lang='lat' dir='ltr'><strong>quod</strong></span> <span class='ocrx_word' id='word_1_485' title='bbox 2949 2572 3140 2618; x_wconf 72' lang='lat' dir='ltr'><strong>contra</strong></span> <span class='ocrx_word' id='word_1_486' title='bbox 3165 2564 3475 2617; x_wconf 89' lang='lat' dir='ltr'><strong>unanimem</strong></span> <span class='ocrx_word' id='word_1_487' title='bbox 3504 2560 3843 2615; x_wconf 85' lang='lat' dir='ltr'><strong>eruditorum</strong></span> <span class='ocrx_word' id='word_1_488' title='bbox 3873 2573 3993 2615; x_wconf 82' lang='lat' dir='ltr'><strong>sen-</strong></span> 
     </span>
    </p>
   </div>
   <div class='ocr_carea' id='block_1_71' title="bbox 2383 2652 3987 2721">
    <p class='ocr_par' dir='ltr' id='par_1_71' title="bbox 2383 2652 3987 2721">
     <span class='ocr_line' id='line_1_71' title="bbox 2383 2652 3987 2721; baseline -0.002 -14"><span class='ocrx_word' id='word_1_489' title='bbox 2383 2659 2626 2721; x_wconf 87' lang='lat' dir='ltr'><strong>tentiam,</strong></span> <span class='ocrx_word' id='word_1_490' title='bbox 2670 2656 2729 2709; x_wconf 89' lang='lat' dir='ltr'><strong>S.</strong></span> <span class='ocrx_word' id='word_1_491' title='bbox 2754 2656 2906 2710; x_wconf 81' lang='lat' dir='ltr'><strong>Sixto</strong></span> <span class='ocrx_word' id='word_1_492' title='bbox 2934 2670 3030 2711; x_wconf 88' lang='lat' dir='ltr'><strong>seu</strong></span> <span class='ocrx_word' id='word_1_493' title='bbox 3060 2653 3211 2709; x_wconf 81' lang='lat' dir='ltr'><strong>Xisto</strong></span> <span class='ocrx_word' id='word_1_494' title='bbox 3236 2653 3375 2709; x_wconf 89' lang='lat' dir='ltr'><strong>duos</strong></span> <span class='ocrx_word' id='word_1_495' title='bbox 3402 2652 3783 2708; x_wconf 87' lang='lat' dir='ltr'><strong>tantummodo</strong></span> <span class='ocrx_word' id='word_1_496' title='bbox 3816 2666 3987 2706; x_wconf 87' lang='lat' dir='ltr'><strong>annos</strong></span> 
     </span>
    </p>
   </div>
   <div class='ocr_carea' id='block_1_72' title="bbox 2382 2746 3990 2815">
    <p class='ocr_par' dir='ltr' id='par_1_72' title="bbox 2382 2746 3990 2815">
     <span class='ocr_line' id='line_1_72' title="bbox 2382 2746 3990 2815; baseline -0.003 -12"><span class='ocrx_word' id='word_1_497' title='bbox 2382 2749 2437 2803; x_wconf 93' lang='lat' dir='ltr'><strong>in</strong></span> <span class='ocrx_word' id='word_1_498' title='bbox 2458 2748 2588 2804; x_wconf 85' lang='lat' dir='ltr'><strong>sede</strong></span> <span class='ocrx_word' id='word_1_499' title='bbox 2608 2748 2849 2803; x_wconf 79' lang='lat' dir='ltr'><strong>Romana</strong></span> <span class='ocrx_word' id='word_1_500' title='bbox 2867 2748 3309 2815; x_wconf 90' lang='lat' dir='ltr'><strong>adscribentium,</strong></span> <span class='ocrx_word' id='word_1_501' title='bbox 3331 2746 3581 2801; x_wconf 88' lang='lat' dir='ltr'><strong>undecim</strong></span> <span class='ocrx_word' id='word_1_502' title='bbox 3604 2760 3780 2801; x_wconf 87' lang='lat' dir='ltr'><strong>annos</strong></span> <span class='ocrx_word' id='word_1_503' title='bbox 3794 2761 3859 2800; x_wconf 74' lang='lat' dir='ltr'><strong>ex</strong></span> <span class='ocrx_word' id='word_1_504' title='bbox 3871 2760 3990 2800; x_wconf 82' lang='lat' dir='ltr'><strong>cor-</strong></span> 
     </span>
    </p>
   </div>
   <div class='ocr_carea' id='block_1_73' title="bbox 2382 2837 3990 2911">
    <p class='ocr_par' dir='ltr' id='par_1_73' title="bbox 2382 2837 3990 2911">
     <span class='ocr_line' id='line_1_73' title="bbox 2382 2837 3990 2911; baseline -0.004 -16"><span class='ocrx_word' id='word_1_505' title='bbox 2382 2852 2543 2911; x_wconf 90' lang='lat' dir='ltr'><strong>rupto</strong></span> <span class='ocrx_word' id='word_1_506' title='bbox 2569 2840 2787 2897; x_wconf 86' lang='lat' dir='ltr'><strong>Eusebii</strong></span> <span class='ocrx_word' id='word_1_507' title='bbox 2808 2841 2950 2905; x_wconf 84' lang='lat' dir='ltr'><strong>loco,</strong></span> <span class='ocrx_word' id='word_1_508' title='bbox 2970 2841 3024 2895; x_wconf 94' lang='lat' dir='ltr'><strong>in</strong></span> <span class='ocrx_word' id='word_1_509' title='bbox 3046 2855 3154 2911; x_wconf 90' lang='lat' dir='ltr'><strong>quo</strong></span> <span class='ocrx_word' id='word_1_510' title='bbox 3172 2854 3267 2910; x_wconf 89' lang='lat' dir='ltr'><strong>pro</strong></span> <span class='ocrx_word' id='word_1_511' title='bbox 3302 2854 3355 2894; x_wconf 69' lang='grc' dir='ltr'>χι</span> <span class='ocrx_word' id='word_1_512' title='bbox 3390 2837 3679 2909; x_wconf 87' lang='lat' dir='ltr'><strong>legendum</strong></span> <span class='ocrx_word' id='word_1_513' title='bbox 3697 2852 3734 2892; x_wconf 86' lang='lat' dir='ltr'><strong>tt</strong></span> <span class='ocrx_word' id='word_1_514' title='bbox 3769 2846 3990 2892; x_wconf 75' lang='lat' dir='ltr'><strong>Statuat.</strong></span> 
     </span>
    </p>
   </div>
   <div class='ocr_carea' id='block_1_74' title="bbox 2454 2929 3989 3000">
    <p class='ocr_par' dir='ltr' id='par_1_74' title="bbox 2454 2929 3989 3000">
     <span class='ocr_line' id='line_1_74' title="bbox 2454 2929 3989 3000; baseline -0.004 -11"><span class='ocrx_word' id='word_1_515' title='bbox 2454 2933 2692 2989; x_wconf 85' lang='lat' dir='ltr'><strong>Numero</strong></span> <span class='ocrx_word' id='word_1_516' title='bbox 2718 2932 2811 2999; x_wconf 87' lang='grc'>56,</span> <span class='ocrx_word' id='word_1_517' title='bbox 2842 2934 3007 2988; x_wconf 77' lang='lat' dir='ltr'><strong>variis</strong></span> <span class='ocrx_word' id='word_1_518' title='bbox 3036 2931 3353 2987; x_wconf 87' lang='lat' dir='ltr'><strong>ratiunculis</strong></span> <span class='ocrx_word' id='word_1_519' title='bbox 3394 2931 3671 3000; x_wconf 87' lang='lat' dir='ltr'><strong>impugnat</strong></span> <span class='ocrx_word' id='word_1_520' title='bbox 3703 2929 3989 2983; x_wconf 79' lang='lat' dir='ltr'><strong>historiam</strong></span> 
     </span>
    </p>
   </div>
   <div class='ocr_carea' id='block_1_75' title="bbox 2382 3020 3987 3094">
    <p class='ocr_par' dir='ltr' id='par_1_75' title="bbox 2382 3020 3987 3094">
     <span class='ocr_line' id='line_1_75' title="bbox 2382 3020 3987 3094; baseline -0.005 -11"><span class='ocrx_word' id='word_1_521' title='bbox 2382 3028 2671 3083; x_wconf 89' lang='lat' dir='ltr'><strong>mulierisa</strong></span> <span class='ocrx_word' id='word_1_522' title='bbox 2693 3026 2941 3080; x_wconf 68' lang='lat' dir='ltr'><strong>dmmone</strong></span> <span class='ocrx_word' id='word_1_523' title='bbox 2967 3025 3202 3080; x_wconf 81' lang='lat' dir='ltr'><strong>obsessae</strong></span> <span class='ocrx_word' id='word_1_524' title='bbox 3224 3024 3564 3094; x_wconf 83' lang='lat' dir='ltr'><strong>baptizantts,</strong></span> <span class='ocrx_word' id='word_1_525' title='bbox 3583 3020 3987 3088; x_wconf 84' lang='lat' dir='ltr'><strong>consecrantis,</strong></span> 
     </span>
    </p>
   </div>
   <div class='ocr_carea' id='block_1_76' title="bbox 2382 3112 3987 3191">
    <p class='ocr_par' dir='ltr' id='par_1_76' title="bbox 2382 3112 3987 3191">
     <span class='ocr_line' id='line_1_76' title="bbox 2382 3112 3987 3191; baseline -0.005 -15"><span class='ocrx_word' id='word_1_526' title='bbox 2382 3132 2490 3186; x_wconf 88' lang='lat' dir='ltr'><strong>etc,</strong></span> <span class='ocrx_word' id='word_1_527' title='bbox 2508 3130 2770 3191; x_wconf 87' lang='lat' dir='ltr'><strong>negatque</strong></span> <span class='ocrx_word' id='word_1_528' title='bbox 2790 3119 2929 3189; x_wconf 90' lang='lat' dir='ltr'><strong>apud</strong></span> <span class='ocrx_word' id='word_1_529' title='bbox 2946 3117 3165 3174; x_wconf 63' lang='lat' dir='ltr'><strong>Graecos</strong></span> <span class='ocrx_word' id='word_1_530' title='bbox 3180 3118 3363 3172; x_wconf 86' lang='lat' dir='ltr'><strong>seculo</strong></span> <span class='ocrx_word' id='word_1_531' title='bbox 3383 3131 3457 3181; x_wconf 90' lang='lat' dir='ltr'><strong>Ill,</strong></span> <span class='ocrx_word' id='word_1_532' title='bbox 3474 3113 3764 3170; x_wconf 76' lang='lat' dir='ltr'><strong>exorcistas</strong></span> <span class='ocrx_word' id='word_1_533' title='bbox 3787 3112 3987 3178; x_wconf 81' lang='lat' dir='ltr'><strong>fuisse;</strong></span> 
     </span>
    </p>
   </div>
   <div class='ocr_carea' id='block_1_77' title="bbox 2305 3206 3987 3290">
    <p class='ocr_par' dir='ltr' id='par_1_77' title="bbox 2305 3206 3987 3290">
     <span class='ocr_line' id='line_1_77' title="bbox 2305 3206 3987 3290; baseline -0.005 -20"><span class='ocrx_word' id='word_1_534' title='bbox 2305 3227 2350 3290; x_wconf 64' lang='grc' dir='ltr'><strong>(ς</strong></span> <span class='ocrx_word' id='word_1_535' title='bbox 2383 3224 2601 3269; x_wconf 90' lang='lat' dir='ltr'><strong>econtra</strong></span> <span class='ocrx_word' id='word_1_536' title='bbox 2632 3214 2691 3268; x_wconf 85' lang='lat' dir='ltr'><strong>P.</strong></span> <span class='ocrx_word' id='word_1_537' title='bbox 2736 3212 2966 3268; x_wconf 89' lang='lat' dir='ltr'><strong>Goarius</strong></span> <span class='ocrx_word' id='word_1_538' title='bbox 3001 3213 3053 3267; x_wconf 92' lang='lat' dir='ltr'><strong>in</strong></span> <span class='ocrx_word' id='word_1_539' title='bbox 3089 3226 3188 3266; x_wconf 90' lang='lat' dir='ltr'><strong>suo</strong></span> <span class='ocrx_word' id='word_1_540' title='bbox 3219 3208 3512 3279; x_wconf 86' lang='lat' dir='ltr'><strong>Eucologio</strong></span> <span class='ocrx_word' id='word_1_541' title='bbox 3536 3206 3851 3264; x_wconf 66' lang='lat' dir='ltr'><strong>Graecorum</strong></span> <span class='ocrx_word' id='word_1_542' title='bbox 3876 3206 3987 3276; x_wconf 77' lang='lat' dir='ltr'><strong>iam</strong></span> 
     </span>
    </p>
   </div>
   <div class='ocr_carea' id='block_1_78' title="bbox 2389 3299 3979 3372">
    <p class='ocr_par' dir='ltr' id='par_1_78' title="bbox 2389 3299 3979 3372">
     <span class='ocr_line' id='line_1_78' title="bbox 2389 3299 3979 3372; baseline -0.005 -12"><span class='ocrx_word' id='word_1_543' title='bbox 2389 3306 2639 3360; x_wconf 79' lang='lat' dir='ltr'><strong>extitisse</strong></span> <span class='ocrx_word' id='word_1_544' title='bbox 2656 3305 2899 3360; x_wconf 84' lang='lat' dir='ltr'><strong>docetex</strong></span> <span class='ocrx_word' id='word_1_545' title='bbox 2922 3303 3232 3359; x_wconf 89' lang='lat' dir='ltr'><strong>testimonio</strong></span> <span class='ocrx_word' id='word_1_546' title='bbox 3256 3301 3565 3372; x_wconf 80' lang='lat' dir='ltr'><strong>Dionysiiet</strong></span> <span class='ocrx_word' id='word_1_547' title='bbox 3581 3299 3772 3370; x_wconf 89' lang='lat' dir='ltr'><strong>lgnatii</strong></span> <span class='ocrx_word' id='word_1_548' title='bbox 3790 3299 3979 3369; x_wconf 61' lang='lat' dir='ltr'><strong>magni.</strong></span> 
     </span>
    </p>
   </div>
   <div class='ocr_carea' id='block_1_79' title="bbox 2383 3392 3979 3468">
    <p class='ocr_par' dir='ltr' id='par_1_79' title="bbox 2383 3392 3979 3468">
     <span class='ocr_line' id='line_1_79' title="bbox 2383 3392 3979 3468; baseline -0.007 -14"><span class='ocrx_word' id='word_1_549' title='bbox 2383 3397 2477 3454; x_wconf 88' lang='lat' dir='ltr'><strong>sed</strong></span> <span class='ocrx_word' id='word_1_550' title='bbox 2508 3396 2766 3468; x_wconf 89' lang='lat' dir='ltr'><strong>quidquid</strong></span> <span class='ocrx_word' id='word_1_551' title='bbox 2796 3397 2886 3462; x_wconf 91' lang='lat' dir='ltr'><strong>sit,</strong></span> <span class='ocrx_word' id='word_1_552' title='bbox 2917 3397 3021 3451; x_wconf 90' lang='lat' dir='ltr'><strong>hoc</strong></span> <span class='ocrx_word' id='word_1_553' title='bbox 3043 3406 3221 3450; x_wconf 88' lang='lat' dir='ltr'><strong>tamen</strong></span> <span class='ocrx_word' id='word_1_554' title='bbox 3247 3404 3454 3449; x_wconf 90' lang='lat' dir='ltr'><strong>certum</strong></span> <span class='ocrx_word' id='word_1_555' title='bbox 3481 3392 3550 3446; x_wconf 87' lang='lat' dir='ltr'><strong>ab</strong></span> <span class='ocrx_word' id='word_1_556' title='bbox 3575 3393 3801 3447; x_wconf 88' lang='lat' dir='ltr'><strong>ineunte</strong></span> <span class='ocrx_word' id='word_1_557' title='bbox 3815 3405 3979 3444; x_wconf 59' lang='lat' dir='ltr'><strong>Saecu-</strong></span> 
     </span>
    </p>
   </div>
   <div class='ocr_carea' id='block_1_80' title="bbox 2382 3483 3983 3557">
    <p class='ocr_par' dir='ltr' id='par_1_80' title="bbox 2382 3483 3983 3557">
     <span class='ocr_line' id='line_1_80' title="bbox 2382 3483 3983 3557; baseline -0.004 -13"><span class='ocrx_word' id='word_1_558' title='bbox 2382 3490 2434 3545; x_wconf 93' lang='lat' dir='ltr'><strong>lo</strong></span> <span class='ocrx_word' id='word_1_559' title='bbox 2448 3490 2864 3556; x_wconf 84' lang='lat' dir='ltr'><strong>tv,exorcizandi</strong></span> <span class='ocrx_word' id='word_1_560' title='bbox 2882 3487 3189 3543; x_wconf 83' lang='lat' dir='ltr'><strong>facultatem</strong></span> <span class='ocrx_word' id='word_1_561' title='bbox 3206 3488 3461 3557; x_wconf 87' lang='lat' dir='ltr'><strong>peculiari</strong></span> <span class='ocrx_word' id='word_1_562' title='bbox 3478 3485 3531 3539; x_wconf 90' lang='lat' dir='ltr'><strong>in</strong></span> <span class='ocrx_word' id='word_1_563' title='bbox 3551 3484 3798 3539; x_wconf 85' lang='lat' dir='ltr'><strong>Ecclesia</strong></span> <span class='ocrx_word' id='word_1_564' title='bbox 3813 3483 3983 3539; x_wconf 89' lang='lat' dir='ltr'><strong>ordini</strong></span> 
     </span>
    </p>
   </div>
   <div class='ocr_carea' id='block_1_81' title="bbox 2384 3575 3980 3652">
    <p class='ocr_par' dir='ltr' id='par_1_81' title="bbox 2384 3575 3980 3652">
     <span class='ocr_line' id='line_1_81' title="bbox 2384 3575 3980 3652; baseline -0.004 -17"><span class='ocrx_word' id='word_1_565' title='bbox 2384 3590 2499 3635; x_wconf 91' lang='lat' dir='ltr'><strong>tum</strong></span> <span class='ocrx_word' id='word_1_566' title='bbox 2526 3581 2667 3652; x_wconf 88' lang='lat' dir='ltr'><strong>apud</strong></span> <span class='ocrx_word' id='word_1_567' title='bbox 2696 3581 2937 3649; x_wconf 66' lang='lat' dir='ltr'><strong>Graecos,</strong></span> <span class='ocrx_word' id='word_1_568' title='bbox 2969 3589 3079 3635; x_wconf 90' lang='lat' dir='ltr'><strong>tum</strong></span> <span class='ocrx_word' id='word_1_569' title='bbox 3110 3579 3252 3649; x_wconf 88' lang='lat' dir='ltr'><strong>apud</strong></span> <span class='ocrx_word' id='word_1_570' title='bbox 3284 3577 3505 3633; x_wconf 90' lang='lat' dir='ltr'><strong>Latinos</strong></span> <span class='ocrx_word' id='word_1_571' title='bbox 3537 3575 3709 3631; x_wconf 87' lang='lat' dir='ltr'><strong>fuisse</strong></span> <span class='ocrx_word' id='word_1_572' title='bbox 3739 3578 3980 3646; x_wconf 88' lang='lat' dir='ltr'><strong>adscrip-</strong></span> 
     </span>
    </p>
   </div>
   <div class='ocr_carea' id='block_1_82' title="bbox 2381 3669 3985 3747">
    <p class='ocr_par' dir='ltr' id='par_1_82' title="bbox 2381 3669 3985 3747">
     <span class='ocr_line' id='line_1_82' title="bbox 2381 3669 3985 3747; baseline -0.005 -17"><span class='ocrx_word' id='word_1_573' title='bbox 2381 3683 2513 3743; x_wconf 86' lang='lat' dir='ltr'><strong>tam;</strong></span> <span class='ocrx_word' id='word_1_574' title='bbox 2530 3675 2603 3730; x_wconf 89' lang='lat' dir='ltr'><strong>uti</strong></span> <span class='ocrx_word' id='word_1_575' title='bbox 2623 3689 2690 3731; x_wconf 81' lang='lat' dir='ltr'><strong>ex</strong></span> <span class='ocrx_word' id='word_1_576' title='bbox 2706 3675 2926 3747; x_wconf 86' lang='lat' dir='ltr'><strong>synodis</strong></span> <span class='ocrx_word' id='word_1_577' title='bbox 2939 3673 3275 3729; x_wconf 80' lang='lat' dir='ltr'><strong>Antiochena</strong></span> <span class='ocrx_word' id='word_1_578' title='bbox 3288 3681 3345 3727; x_wconf 93' lang='lat' dir='ltr'><strong>et</strong></span> <span class='ocrx_word' id='word_1_579' title='bbox 3356 3670 3687 3735; x_wconf 89' lang='lat' dir='ltr'><strong>Laodiccna,</strong></span> <span class='ocrx_word' id='word_1_580' title='bbox 3700 3679 3756 3725; x_wconf 90' lang='lat' dir='ltr'><strong>et</strong></span> <span class='ocrx_word' id='word_1_581' title='bbox 3770 3684 3837 3724; x_wconf 80' lang='lat' dir='ltr'><strong>ex</strong></span> <span class='ocrx_word' id='word_1_582' title='bbox 3850 3669 3985 3739; x_wconf 75' lang='lat' dir='ltr'><strong>Epi-</strong></span> 
     </span>
    </p>
   </div>
   <div class='ocr_carea' id='block_1_83' title="bbox 2385 3766 3981 3841">
    <p class='ocr_par' dir='ltr' id='par_1_83' title="bbox 2385 3766 3981 3841">
     <span class='ocr_line' id='line_1_83' title="bbox 2385 3766 3981 3841; baseline -0.002 -18"><span class='ocrx_word' id='word_1_583' title='bbox 2385 3771 2617 3841; x_wconf 90' lang='lat' dir='ltr'><strong>phanio,</strong></span> <span class='ocrx_word' id='word_1_584' title='bbox 2662 3767 2919 3835; x_wconf 88' lang='lat' dir='ltr'><strong>Paulino,</strong></span> <span class='ocrx_word' id='word_1_585' title='bbox 2954 3766 3183 3836; x_wconf 87' lang='lat' dir='ltr'><strong>Sulpitio</strong></span> <span class='ocrx_word' id='word_1_586' title='bbox 3212 3766 3416 3821; x_wconf 85' lang='lat' dir='ltr'><strong>Severo</strong></span> <span class='ocrx_word' id='word_1_587' title='bbox 3460 3774 3517 3822; x_wconf 90' lang='lat' dir='ltr'><strong>et</strong></span> <span class='ocrx_word' id='word_1_588' title='bbox 3561 3780 3633 3820; x_wconf 76' lang='lat' dir='ltr'><strong>ex</strong></span> <span class='ocrx_word' id='word_1_589' title='bbox 3660 3766 3981 3836; x_wconf 78' lang='lat' dir='ltr'><strong>quihusdam</strong></span> 
     </span>
    </p>
   </div>
   <div class='ocr_carea' id='block_1_84' title="bbox 2383 3856 3893 3929">
    <p class='ocr_par' dir='ltr' id='par_1_84' title="bbox 2383 3856 3893 3929">
     <span class='ocr_line' id='line_1_84' title="bbox 2383 3856 3893 3929; baseline -0.006 -11"><span class='ocrx_word' id='word_1_590' title='bbox 2383 3861 2653 3928; x_wconf 81' lang='lat' dir='ltr'><strong>Gratiani,</strong></span> <span class='ocrx_word' id='word_1_591' title='bbox 2682 3874 2745 3914; x_wconf 91' lang='lat' dir='ltr'><strong>ac</strong></span> <span class='ocrx_word' id='word_1_592' title='bbox 2766 3858 3060 3915; x_wconf 86' lang='lat' dir='ltr'><strong>Theodosii</strong></span> <span class='ocrx_word' id='word_1_593' title='bbox 3086 3857 3364 3929; x_wconf 88' lang='lat' dir='ltr'><strong>rescriptis</strong></span> <span class='ocrx_word' id='word_1_594' title='bbox 3389 3856 3653 3927; x_wconf 85' lang='lat' dir='ltr'><strong>colligere</strong></span> <span class='ocrx_word' id='word_1_595' title='bbox 3676 3868 3763 3913; x_wconf 85' lang='lat' dir='ltr'><strong>est</strong></span> <span class='ocrx_word' id='word_1_596' title='bbox 3788 3856 3893 3928; x_wconf 87' lang='lat'><strong>(2).</strong></span> 
     </span>
    </p>
   </div>
   <div class='ocr_carea' id='block_1_85' title="bbox 2452 3949 3980 4020">
    <p class='ocr_par' dir='ltr' id='par_1_85' title="bbox 2452 3949 3980 4020">
     <span class='ocr_line' id='line_1_85' title="bbox 2452 3949 3980 4020; baseline -0.003 -10"><span class='ocrx_word' id='word_1_597' title='bbox 2452 3954 2610 4010; x_wconf 79' lang='lat' dir='ltr'><strong>Natat</strong></span> <span class='ocrx_word' id='word_1_598' title='bbox 2655 3953 2984 4010; x_wconf 89' lang='lat' dir='ltr'><strong>clarissimus</strong></span> <span class='ocrx_word' id='word_1_599' title='bbox 3010 3951 3329 4007; x_wconf 87' lang='lat' dir='ltr'><strong>dissertator</strong></span> <span class='ocrx_word' id='word_1_600' title='bbox 3351 3950 3405 4005; x_wconf 92' lang='lat' dir='ltr'><strong>in</strong></span> <span class='ocrx_word' id='word_1_601' title='bbox 3427 3949 3530 4005; x_wconf 86' lang='lat' dir='ltr'><strong>hac</strong></span> <span class='ocrx_word' id='word_1_602' title='bbox 3554 3950 3783 4020; x_wconf 83' lang='lat' dir='ltr'><strong>epistola</strong></span> <span class='ocrx_word' id='word_1_603' title='bbox 3810 3950 3980 4006; x_wconf 83' lang='lat' dir='ltr'><strong>dicte-</strong></span> 
     </span>
    </p>
   </div>
   <div class='ocr_carea' id='block_1_86' title="bbox 2381 4044 3986 4121">
    <p class='ocr_par' dir='ltr' id='par_1_86' title="bbox 2381 4044 3986 4121">
     <span class='ocr_line' id='line_1_86' title="bbox 2381 4044 3986 4121; baseline -0.004 -15"><span class='ocrx_word' id='word_1_604' title='bbox 2381 4051 2482 4118; x_wconf 87' lang='lat' dir='ltr'><strong>ria,</strong></span> <span class='ocrx_word' id='word_1_605' title='bbox 2514 4066 2634 4121; x_wconf 73' lang='lat' dir='ltr'><strong>qua:</strong></span> <span class='ocrx_word' id='word_1_606' title='bbox 2661 4049 2715 4104; x_wconf 93' lang='lat' dir='ltr'><strong>in</strong></span> <span class='ocrx_word' id='word_1_607' title='bbox 2740 4047 3073 4119; x_wconf 89' lang='lat' dir='ltr'><strong>Stephanum</strong></span> <span class='ocrx_word' id='word_1_608' title='bbox 3106 4062 3294 4117; x_wconf 89' lang='lat' dir='ltr'><strong>papam</strong></span> <span class='ocrx_word' id='word_1_609' title='bbox 3324 4054 3512 4100; x_wconf 89' lang='lat' dir='ltr'><strong>auctor</strong></span> <span class='ocrx_word' id='word_1_610' title='bbox 3542 4046 3695 4115; x_wconf 87' lang='lat' dir='ltr'><strong>pleno</strong></span> <span class='ocrx_word' id='word_1_611' title='bbox 3724 4060 3820 4098; x_wconf 85' lang='lat' dir='ltr'><strong>ore</strong></span> <span class='ocrx_word' id='word_1_612' title='bbox 3845 4044 3986 4099; x_wconf 70' lang='lat' dir='ltr'><strong>etfu-</strong></span> 
     </span>
    </p>
   </div>
   <div class='ocr_carea' id='block_1_87' title="bbox 3687 4135 3829 4149">
    <p class='ocr_par' dir='ltr' id='par_1_87' title="bbox 3687 4135 3829 4149">
     <span class='ocr_line' id='line_1_87' title="bbox 3687 4135 3829 4149; baseline 0 -2"><span class='ocrx_word' id='word_1_613' title='bbox 3687 4135 3829 4149; x_wconf 56' lang='grc' dir='ltr'><strong>--ν</strong></span> 
     </span>
    </p>
   </div>
   <div class='ocr_carea' id='block_1_88' title="bbox 2380 4134 3980 4205">
    <p class='ocr_par' dir='ltr' id='par_1_88' title="bbox 2380 4134 3980 4205">
     <span class='ocr_line' id='line_1_88' title="bbox 2380 4134 3980 4205; baseline -0.005 -8"><span class='ocrx_word' id='word_1_614' title='bbox 2380 4143 2458 4198; x_wconf 91' lang='lat' dir='ltr'><strong>dit</strong></span> <span class='ocrx_word' id='word_1_615' title='bbox 2481 4156 2703 4197; x_wconf 88' lang='lat' dir='ltr'><strong>numero</strong></span> <span class='ocrx_word' id='word_1_616' title='bbox 2724 4139 2819 4205; x_wconf 90' lang='lat'><strong>25,</strong></span> <span class='ocrx_word' id='word_1_617' title='bbox 2843 4148 2899 4195; x_wconf 91' lang='lat' dir='ltr'><strong>et</strong></span> <span class='ocrx_word' id='word_1_618' title='bbox 2927 4136 3161 4193; x_wconf 77' lang='lat' dir='ltr'><strong>numeris</strong></span> <span class='ocrx_word' id='word_1_619' title='bbox 3192 4138 3285 4204; x_wconf 89' lang='lat'><strong>59,</strong></span> <span class='ocrx_word' id='word_1_620' title='bbox 3310 4135 3399 4204; x_wconf 87' lang='lat'><strong>60,</strong></span> <span class='ocrx_word' id='word_1_621' title='bbox 3425 4135 3514 4203; x_wconf 80' lang='lat'><strong>65,</strong></span> <span class='ocrx_word' id='word_1_622' title='bbox 3538 4135 3623 4200; x_wconf 86' lang='lat'><strong>66,</strong></span> <span class='ocrx_word' id='word_1_623' title='bbox 3650 4134 3735 4199; x_wconf 79' lang='grc'><strong>77,</strong></span> <span class='ocrx_word' id='word_1_624' title='bbox 3762 4135 3852 4199; x_wconf 83' lang='lat'><strong>75,</strong></span> <span class='ocrx_word' id='word_1_625' title='bbox 3881 4135 3980 4203; x_wconf 66' lang='grc'><strong>76,</strong></span> 
     </span>
    </p>
   </div>
   <div class='ocr_carea' id='block_1_89' title="bbox 2378 4279 3983 4353">
    <p class='ocr_par' dir='ltr' id='par_1_89' title="bbox 2378 4279 3983 4353">
     <span class='ocr_line' id='line_1_89' title="bbox 2378 4279 3983 4353; baseline -0.002 -14"><span class='ocrx_word' id='word_1_626' title='bbox 2378 4284 2575 4339; x_wconf 89' lang='lat' dir='ltr'><strong>Euseb.</strong></span> <span class='ocrx_word' id='word_1_627' title='bbox 2597 4284 2664 4339; x_wconf 85' lang='lat' dir='ltr'><strong>H.</strong></span> <span class='ocrx_word' id='word_1_628' title='bbox 2688 4282 2755 4337; x_wconf 87' lang='grc' dir='ltr'><strong>Ε.</strong></span> <span class='ocrx_word' id='word_1_629' title='bbox 2783 4282 2875 4337; x_wconf 90' lang='lat' dir='ltr'><strong>lib.</strong></span> <span class='ocrx_word' id='word_1_630' title='bbox 2906 4298 2994 4349; x_wconf 91' lang='lat' dir='ltr'><strong>vtt,</strong></span> <span class='ocrx_word' id='word_1_631' title='bbox 3022 4297 3143 4353; x_wconf 86' lang='lat' dir='ltr'><strong>cap.</strong></span> <span class='ocrx_word' id='word_1_632' title='bbox 3172 4283 3228 4348; x_wconf 85' lang='lat'><strong>5,</strong></span> <span class='ocrx_word' id='word_1_633' title='bbox 3257 4292 3308 4338; x_wconf 92' lang='lat' dir='ltr'><strong>et</strong></span> <span class='ocrx_word' id='word_1_634' title='bbox 3333 4282 3428 4338; x_wconf 90' lang='lat' dir='ltr'><strong>lib.</strong></span> <span class='ocrx_word' id='word_1_635' title='bbox 3450 4283 3561 4344; x_wconf 86' lang='lat' dir='ltr'><strong>cit.,</strong></span> <span class='ocrx_word' id='word_1_636' title='bbox 3590 4295 3708 4349; x_wconf 88' lang='lat' dir='ltr'><strong>cap.</strong></span> <span class='ocrx_word' id='word_1_637' title='bbox 3742 4279 3797 4333; x_wconf 86' lang='lat'><strong>7.</strong></span> <span class='ocrx_word' id='word_1_638' title='bbox 3832 4279 3983 4336; x_wconf 81' lang='lat' dir='ltr'><strong>illud</strong></span> 
     </span>
    </p>
   </div>
   <div class='ocr_carea' id='block_1_90' title="bbox 2378 4354 3985 4427">
    <p class='ocr_par' dir='ltr' id='par_1_90' title="bbox 2378 4354 3985 4427">
     <span class='ocr_line' id='line_1_90' title="bbox 2378 4354 3985 4427; baseline -0.001 -18"><span class='ocrx_word' id='word_1_639' title='bbox 2378 4370 2641 4427; x_wconf 60' lang='lat' dir='ltr'><strong>praeterea</strong></span> <span class='ocrx_word' id='word_1_640' title='bbox 2662 4354 2852 4419; x_wconf 86' lang='lat' dir='ltr'><strong>didici,</strong></span> <span class='ocrx_word' id='word_1_641' title='bbox 2879 4370 2982 4427; x_wconf 88' lang='lat' dir='ltr'><strong>non</strong></span> <span class='ocrx_word' id='word_1_642' title='bbox 3004 4358 3081 4427; x_wconf 3' lang='lat' dir='ltr'><strong>(ab</strong></span> <span class='ocrx_word' id='word_1_643' title='bbox 3105 4354 3247 4410; x_wconf 71' lang='lat' dir='ltr'><strong>Afris</strong></span> <span class='ocrx_word' id='word_1_644' title='bbox 3274 4355 3404 4410; x_wconf 89' lang='lat' dir='ltr'><strong>solis</strong></span> <span class='ocrx_word' id='word_1_645' title='bbox 3433 4355 3569 4408; x_wconf 87' lang='lat' dir='ltr'><strong>hunc</strong></span> <span class='ocrx_word' id='word_1_646' title='bbox 3592 4366 3800 4407; x_wconf 88' lang='lat' dir='ltr'><strong>morem</strong></span> <span class='ocrx_word' id='word_1_647' title='bbox 3830 4368 3985 4408; x_wconf 86' lang='lat' dir='ltr'><strong>nunc</strong></span> 
     </span>
    </p>
   </div>
   <div class='ocr_carea' id='block_1_91' title="bbox 2380 4426 3985 4497">
    <p class='ocr_par' dir='ltr' id='par_1_91' title="bbox 2380 4426 3985 4497">
     <span class='ocr_line' id='line_1_91' title="bbox 2380 4426 3985 4497; baseline -0.003 -16"><span class='ocrx_word' id='word_1_648' title='bbox 2380 4428 2609 4497; x_wconf 88' lang='lat' dir='ltr'><strong>primum</strong></span> <span class='ocrx_word' id='word_1_649' title='bbox 2640 4428 2909 4481; x_wconf 86' lang='lat' dir='ltr'><strong>invectum</strong></span> <span class='ocrx_word' id='word_1_650' title='bbox 2942 4426 3143 4492; x_wconf 87' lang='lat' dir='ltr'><strong>fuisse;</strong></span> <span class='ocrx_word' id='word_1_651' title='bbox 3176 4427 3269 4481; x_wconf 88' lang='lat' dir='ltr'><strong>sed</strong></span> <span class='ocrx_word' id='word_1_652' title='bbox 3300 4436 3356 4480; x_wconf 90' lang='lat' dir='ltr'><strong>et</strong></span> <span class='ocrx_word' id='word_1_653' title='bbox 3386 4427 3557 4480; x_wconf 89' lang='lat' dir='ltr'><strong>multo</strong></span> <span class='ocrx_word' id='word_1_654' title='bbox 3594 4434 3786 4497; x_wconf 86' lang='lat' dir='ltr'><strong>antea,</strong></span> <span class='ocrx_word' id='word_1_655' title='bbox 3818 4440 3985 4495; x_wconf 81' lang='lat' dir='ltr'><strong>snpe-</strong></span> 
     </span>
    </p>
   </div>
   <div class='ocr_carea' id='block_1_92' title="bbox 2377 4496 3983 4568">
    <p class='ocr_par' dir='ltr' id='par_1_92' title="bbox 2377 4496 3983 4568">
     <span class='ocr_line' id='line_1_92' title="bbox 2377 4496 3983 4568; baseline -0.003 -14"><span class='ocrx_word' id='word_1_656' title='bbox 2377 4496 2651 4567; x_wconf 80' lang='lat' dir='ltr'><strong>periorum</strong></span> <span class='ocrx_word' id='word_1_657' title='bbox 2675 4497 3051 4567; x_wconf 87' lang='lat' dir='ltr'><strong>episcoporum</strong></span> <span class='ocrx_word' id='word_1_658' title='bbox 3082 4497 3435 4568; x_wconf 79' lang='lat' dir='ltr'><strong>temporibus,</strong></span> <span class='ocrx_word' id='word_1_659' title='bbox 3456 4500 3509 4551; x_wconf 87' lang='lat' dir='ltr'><strong>in</strong></span> <span class='ocrx_word' id='word_1_660' title='bbox 3532 4496 3786 4552; x_wconf 79' lang='lat' dir='ltr'><strong>Ecclesiis</strong></span> <span class='ocrx_word' id='word_1_661' title='bbox 3808 4511 3983 4565; x_wconf 82' lang='lat' dir='ltr'><strong>popu-</strong></span> 
     </span>
    </p>
   </div>
   <div class='ocr_carea' id='block_1_93' title="bbox 675 4549 2273 4639">
    <p class='ocr_par' dir='ltr' id='par_1_93' title="bbox 675 4549 2272 4628">
     <span class='ocr_line' id='line_1_93' title="bbox 675 4549 2272 4628; baseline -0.008 -14"><span class='ocrx_word' id='word_1_662' title='bbox 675 4558 824 4615; x_wconf 88' lang='lat' dir='ltr'><strong>Bone</strong></span> <span class='ocrx_word' id='word_1_663' title='bbox 857 4558 1030 4615; x_wconf 82' lang='lat' dir='ltr'><strong>Deus!</strong></span> <span class='ocrx_word' id='word_1_664' title='bbox 1075 4573 1194 4628; x_wconf 69' lang='lat' dir='ltr'><strong>qua:</strong></span> <span class='ocrx_word' id='word_1_665' title='bbox 1235 4555 1539 4625; x_wconf 85' lang='lat' dir='ltr'><strong>theologia?</strong></span> <span class='ocrx_word' id='word_1_666' title='bbox 1576 4554 1832 4609; x_wconf 90' lang='lat' dir='ltr'><strong>Sanctum</strong></span> <span class='ocrx_word' id='word_1_667' title='bbox 1872 4549 2196 4621; x_wconf 83' lang='lat' dir='ltr'><strong>Cyprianum</strong></span> <span class='ocrx_word' id='word_1_668' title='bbox 2243 4563 2272 4601; x_wconf 91' lang='lat' dir='ltr'><strong>a</strong></span> 
     </span>
    </p>
   </div>
   <div class='ocr_carea' id='block_1_94' title="bbox 2375 4549 3981 4639">
    <p class='ocr_par' dir='ltr' id='par_1_94' title="bbox 2380 4549 3981 4639">
     <span class='ocr_line' id='line_1_94' title="bbox 2380 4549 3981 4639; baseline -0.001 -16"><span class='ocrx_word' id='word_1_669' title='bbox 2380 4549 2835 4635; x_wconf 56' lang='lat' dir='ltr'><strong>togis‘siaa‘s,‘;iia</strong></span> <span class='ocrx_word' id='word_1_670' title='bbox 2856 4549 3100 4624; x_wconf 64' lang='lat' dir='ltr'><strong>conciliis</strong></span> <span class='ocrx_word' id='word_1_671' title='bbox 3115 4549 3339 4623; x_wconf 49' lang='lat' dir='ltr'><strong>restria};</strong></span> <span class='ocrx_word' id='word_1_672' title='bbox 3355 4549 3495 4639; x_wconf 65' lang='lat' dir='ltr'><strong>apud</strong></span> <span class='ocrx_word' id='word_1_673' title='bbox 3515 4549 3752 4623; x_wconf 55' lang='lat' dir='ltr'><strong>nam.“</strong></span> <span class='ocrx_word' id='word_1_674' title='bbox 3766 4549 3824 4622; x_wconf 81' lang='lat' dir='ltr'><strong>ei</strong></span> <span class='ocrx_word' id='word_1_675' title='bbox 3839 4549 3981 4638; x_wconf 58' lang='lat' dir='ltr'><strong>sim-</strong></span> 
     </span>
    </p>
   </div>
   <div class='ocr_carea' id='block_1_95' title="bbox 673 4644 2272 4725">
    <p class='ocr_par' dir='ltr' id='par_1_95' title="bbox 673 4644 2272 4725">
     <span class='ocr_line' id='line_1_95' title="bbox 673 4644 2272 4725; baseline -0.007 -16"><span class='ocrx_word' id='word_1_676' title='bbox 673 4654 731 4709; x_wconf 90' lang='lat' dir='ltr'><strong>S.</strong></span> <span class='ocrx_word' id='word_1_677' title='bbox 758 4656 1033 4725; x_wconf 88' lang='lat' dir='ltr'><strong>Stephano</strong></span> <span class='ocrx_word' id='word_1_678' title='bbox 1059 4653 1324 4709; x_wconf 91' lang='lat' dir='ltr'><strong>monitum</strong></span> <span class='ocrx_word' id='word_1_679' title='bbox 1351 4666 1411 4707; x_wconf 91' lang='lat' dir='ltr'><strong>se</strong></span> <span class='ocrx_word' id='word_1_680' title='bbox 1437 4650 1616 4705; x_wconf 91' lang='lat' dir='ltr'><strong>statim</strong></span> <span class='ocrx_word' id='word_1_681' title='bbox 1644 4646 1960 4704; x_wconf 89' lang='lat' dir='ltr'><strong>submisisse</strong></span> <span class='ocrx_word' id='word_1_682' title='bbox 1984 4645 2177 4700; x_wconf 86' lang='lat' dir='ltr'><strong>asserit</strong></span> <span class='ocrx_word' id='word_1_683' title='bbox 2200 4644 2272 4698; x_wconf 92' lang='lat' dir='ltr'><strong>cl.</strong></span> 
     </span>
    </p>
   </div>
   <div class='ocr_carea' id='block_1_96' title="bbox 674 4739 1985 4810">
    <p class='ocr_par' dir='ltr' id='par_1_96' title="bbox 674 4739 1985 4810">
     <span class='ocr_line' id='line_1_96' title="bbox 674 4739 1985 4810; baseline -0.01 -7"><span class='ocrx_word' id='word_1_684' title='bbox 674 4746 992 4803; x_wconf 86' lang='lat' dir='ltr'><strong>dissertator</strong></span> <span class='ocrx_word' id='word_1_685' title='bbox 1017 4762 1165 4801; x_wconf 89' lang='lat' dir='ltr'><strong>num.</strong></span> <span class='ocrx_word' id='word_1_686' title='bbox 1194 4745 1230 4799; x_wconf 92' lang='lat'><strong>2</strong></span> <span class='ocrx_word' id='word_1_687' title='bbox 1249 4787 1262 4810; x_wconf 90' lang='lat'><strong>,</strong></span> <span class='ocrx_word' id='word_1_688' title='bbox 1294 4745 1411 4799; x_wconf 90' lang='lat' dir='ltr'><strong>sine</strong></span> <span class='ocrx_word' id='word_1_689' title='bbox 1439 4742 1631 4797; x_wconf 89' lang='lat' dir='ltr'><strong>tabulis</strong></span> <span class='ocrx_word' id='word_1_690' title='bbox 1657 4748 1712 4795; x_wconf 91' lang='lat' dir='ltr'><strong>et</strong></span> <span class='ocrx_word' id='word_1_691' title='bbox 1739 4739 1985 4795; x_wconf 89' lang='lat' dir='ltr'><strong>testibus.</strong></span> 
     </span>
    </p>
   </div>
   <div class='ocr_carea' id='block_1_97' title="bbox 751 4828 2274 4910">
    <p class='ocr_par' dir='ltr' id='par_1_97' title="bbox 751 4828 2274 4910">
     <span class='ocr_line' id='line_1_97' title="bbox 751 4828 2274 4910; baseline -0.009 -15"><span class='ocrx_word' id='word_1_692' title='bbox 751 4838 986 4895; x_wconf 88' lang='lat' dir='ltr'><strong>Numero</strong></span> <span class='ocrx_word' id='word_1_693' title='bbox 1005 4839 1096 4894; x_wconf 73' lang='grc'><strong>«15.</strong></span> <span class='ocrx_word' id='word_1_694' title='bbox 1123 4836 1372 4910; x_wconf 87' lang='lat' dir='ltr'><strong>Synodos</strong></span> <span class='ocrx_word' id='word_1_695' title='bbox 1394 4836 1674 4892; x_wconf 84' lang='lat' dir='ltr'><strong>Africanas</strong></span> <span class='ocrx_word' id='word_1_696' title='bbox 1696 4844 1749 4889; x_wconf 90' lang='lat' dir='ltr'><strong>et</strong></span> <span class='ocrx_word' id='word_1_697' title='bbox 1772 4832 2051 4895; x_wconf 74' lang='lat' dir='ltr'><strong>Asiaticas,</strong></span> <span class='ocrx_word' id='word_1_698' title='bbox 2081 4829 2133 4884; x_wconf 94' lang='lat' dir='ltr'><strong>in</strong></span> <span class='ocrx_word' id='word_1_699' title='bbox 2156 4828 2274 4900; x_wconf 59' lang='lat' dir='ltr'><strong>quin</strong></span> 
     </span>
    </p>
   </div>
   <div class='ocr_carea' id='block_1_98' title="bbox 673 4923 2265 5005">
    <p class='ocr_par' dir='ltr' id='par_1_98' title="bbox 673 4923 2265 5005">
     <span class='ocr_line' id='line_1_98' title="bbox 673 4923 2265 5005; baseline -0.009 -14"><span class='ocrx_word' id='word_1_700' title='bbox 673 4934 774 4991; x_wconf 92' lang='lat' dir='ltr'><strong>bus</strong></span> <span class='ocrx_word' id='word_1_701' title='bbox 815 4932 1166 5005; x_wconf 86' lang='lat' dir='ltr'><strong>rebaptizatio</strong></span> <span class='ocrx_word' id='word_1_702' title='bbox 1195 4932 1414 4987; x_wconf 90' lang='lat' dir='ltr'><strong>decreta</strong></span> <span class='ocrx_word' id='word_1_703' title='bbox 1442 4928 1575 4994; x_wconf 91' lang='lat' dir='ltr'><strong>fuit,</strong></span> <span class='ocrx_word' id='word_1_704' title='bbox 1615 4942 1682 4982; x_wconf 84' lang='lat' dir='ltr'><strong>ex</strong></span> <span class='ocrx_word' id='word_1_705' title='bbox 1711 4926 1848 4981; x_wconf 82' lang='lat' dir='ltr'><strong>futili</strong></span> <span class='ocrx_word' id='word_1_706' title='bbox 1878 4926 1982 4980; x_wconf 89' lang='lat' dir='ltr'><strong>hac</strong></span> <span class='ocrx_word' id='word_1_707' title='bbox 2021 4923 2265 4989; x_wconf 91' lang='lat' dir='ltr'><strong>ratione,</strong></span> 
     </span>
    </p>
   </div>
   <div class='ocr_carea' id='block_1_99' title="bbox 672 5008 2270 5102">
    <p class='ocr_par' dir='ltr' id='par_1_99' title="bbox 672 5008 2270 5102">
     <span class='ocr_line' id='line_1_99' title="bbox 672 5008 2270 5102; baseline -0.008 -17"><span class='ocrx_word' id='word_1_708' title='bbox 672 5029 813 5102; x_wconf 88' lang='lat' dir='ltr'><strong>quod</strong></span> <span class='ocrx_word' id='word_1_709' title='bbox 840 5030 889 5083; x_wconf 91' lang='lat' dir='ltr'><strong>in</strong></span> <span class='ocrx_word' id='word_1_710' title='bbox 918 5008 1141 5084; x_wconf 85' lang='lat' dir='ltr'><strong>concilis</strong></span> <span class='ocrx_word' id='word_1_711' title='bbox 1167 5024 1469 5081; x_wconf 82' lang='lat' dir='ltr'><strong>Arelatensi</strong></span> <span class='ocrx_word' id='word_1_712' title='bbox 1490 5033 1546 5080; x_wconf 91' lang='lat' dir='ltr'><strong>et</strong></span> <span class='ocrx_word' id='word_1_713' title='bbox 1582 5022 1800 5079; x_wconf 68' lang='lat' dir='ltr'><strong>Nicaeno</strong></span> <span class='ocrx_word' id='word_1_714' title='bbox 1822 5022 1963 5076; x_wconf 92' lang='lat' dir='ltr'><strong>nulla</strong></span> <span class='ocrx_word' id='word_1_715' title='bbox 1987 5020 2121 5075; x_wconf 80' lang='lat' dir='ltr'><strong>fat-ta</strong></span> <span class='ocrx_word' id='word_1_716' title='bbox 2154 5018 2270 5073; x_wconf 84' lang='lat' dir='ltr'><strong>fue-</strong></span> 
     </span>
    </p>
   </div>
   <div class='ocr_carea' id='block_1_100' title="bbox 672 5111 2267 5183">
    <p class='ocr_par' dir='ltr' id='par_1_100' title="bbox 672 5111 2267 5183">
     <span class='ocr_line' id='line_1_100' title="bbox 672 5111 2267 5183; baseline -0.009 -5"><span class='ocrx_word' id='word_1_717' title='bbox 672 5123 743 5178; x_wconf 85' lang='lat' dir='ltr'><strong>rit</strong></span> <span class='ocrx_word' id='word_1_718' title='bbox 800 5122 1001 5177; x_wconf 90' lang='lat' dir='ltr'><strong>mentio</strong></span> <span class='ocrx_word' id='word_1_719' title='bbox 1050 5120 1118 5175; x_wconf 89' lang='lat' dir='ltr'><strong>de</strong></span> <span class='ocrx_word' id='word_1_720' title='bbox 1169 5119 1235 5174; x_wconf 90' lang='lat' dir='ltr'><strong>iis</strong></span> <span class='ocrx_word' id='word_1_721' title='bbox 1282 5116 1672 5182; x_wconf 88' lang='lat' dir='ltr'><strong>retractandis,</strong></span> <span class='ocrx_word' id='word_1_722' title='bbox 1715 5116 1855 5170; x_wconf 89' lang='lat' dir='ltr'><strong>inter</strong></span> <span class='ocrx_word' id='word_1_723' title='bbox 1898 5111 2267 5183; x_wconf 87' lang='lat' dir='ltr'><strong>supposititias</strong></span> 
     </span>
    </p>
   </div>
   <div class='ocr_carea' id='block_1_101' title="bbox 672 5202 2268 5284">
    <p class='ocr_par' dir='ltr' id='par_1_101' title="bbox 672 5202 2268 5284">
     <span class='ocr_line' id='line_1_101' title="bbox 672 5202 2268 5284; baseline -0.008 -16"><span class='ocrx_word' id='word_1_724' title='bbox 672 5220 967 5284; x_wconf 86' lang='lat' dir='ltr'><strong>computat,</strong></span> <span class='ocrx_word' id='word_1_725' title='bbox 1019 5219 1138 5266; x_wconf 91' lang='lat' dir='ltr'><strong>utut</strong></span> <span class='ocrx_word' id='word_1_726' title='bbox 1181 5209 1240 5266; x_wconf 86' lang='lat' dir='ltr'><strong>S.</strong></span> <span class='ocrx_word' id='word_1_727' title='bbox 1300 5208 1585 5279; x_wconf 85' lang='lat' dir='ltr'><strong>Dyonisius</strong></span> <span class='ocrx_word' id='word_1_728' title='bbox 1635 5204 2032 5261; x_wconf 80' lang='lat' dir='ltr'><strong>Alexandrinus</strong></span> <span class='ocrx_word' id='word_1_729' title='bbox 2066 5202 2167 5274; x_wconf 86' lang='lat'><strong>(2),</strong></span> <span class='ocrx_word' id='word_1_730' title='bbox 2213 5210 2268 5256; x_wconf 91' lang='lat' dir='ltr'><strong>et</strong></span> 
     </span>
    </p>
   </div>
   <div class='ocr_carea' id='block_1_102' title="bbox 670 5430 2262 5569">
    <p class='ocr_par' dir='ltr' id='par_1_102' title="bbox 670 5430 2262 5569">
     <span class='ocr_line' id='line_1_102' title="bbox 670 5430 2262 5516; baseline -0.009 -17"><span class='ocrx_word' id='word_1_731' title='bbox 670 5445 684 5463; x_wconf 59' lang='grc' dir='ltr'><em>τ</em></span> <span class='ocrx_word' id='word_1_732' title='bbox 743 5442 823 5516; x_wconf 89' lang='grc'><strong>(1)</strong></span> <span class='ocrx_word' id='word_1_733' title='bbox 849 5437 1063 5497; x_wconf 83' lang='lat' dir='ltr'><strong>Walch.</strong></span> <span class='ocrx_word' id='word_1_734' title='bbox 1094 5436 1296 5495; x_wconf 82' lang='lat' dir='ltr'><strong>llistor.</strong></span> <span class='ocrx_word' id='word_1_735' title='bbox 1330 5435 1535 5491; x_wconf 82' lang='lat' dir='ltr'><strong>Haeres.</strong></span> <span class='ocrx_word' id='word_1_736' title='bbox 1567 5432 1721 5490; x_wconf 88' lang='lat' dir='ltr'><strong>Tom.</strong></span> <span class='ocrx_word' id='word_1_737' title='bbox 1759 5448 1796 5486; x_wconf 87' lang='grc' dir='ltr'>ι.</span> <span class='ocrx_word' id='word_1_738' title='bbox 1828 5446 1882 5503; x_wconf 93' lang='lat' dir='ltr'><strong>p.</strong></span> <span class='ocrx_word' id='word_1_739' title='bbox 1914 5430 2038 5487; x_wconf 83' lang='grc'><strong>160.</strong></span> <span class='ocrx_word' id='word_1_740' title='bbox 2071 5437 2262 5501; x_wconf 89' lang='lat' dir='ltr'><strong>etseq.</strong></span> 
     </span>
     <span class='ocr_line' id='line_1_103' title="bbox 670 5510 1125 5569; baseline -0.011 0"><span class='ocrx_word' id='word_1_741' title='bbox 670 5525 725 5569; x_wconf 89' lang='lat' dir='ltr'><strong>et</strong></span> <span class='ocrx_word' id='word_1_742' title='bbox 752 5531 804 5569; x_wconf 75' lang='grc' dir='ltr'><strong>ι).</strong></span> <span class='ocrx_word' id='word_1_743' title='bbox 836 5512 968 5569; x_wconf 85' lang='grc'><strong>189.</strong></span> <span class='ocrx_word' id='word_1_744' title='bbox 1001 5510 1125 5567; x_wconf 86' lang='grc'><strong>190.</strong></span> 
     </span>
    </p>
   </div>
   <div class='ocr_carea' id='block_1_103' title="bbox 669 5515 1125 5583">
    <p class='ocr_par' dir='ltr' id='par_1_103' title="bbox 669 5515 1125 5583">
     <span class='ocr_line' id='line_1_104' title="bbox 669 5515 1125 5583; baseline -0.013 -13"><span class='ocrx_word' id='word_1_745' title='bbox 669 5525 725 5570; x_wconf 84' lang='lat' dir='ltr'><strong>et</strong></span> <span class='ocrx_word' id='word_1_746' title='bbox 752 5515 804 5583; x_wconf 67' lang='grc' dir='ltr'><strong>ρ.</strong></span> <span class='ocrx_word' id='word_1_747' title='bbox 836 5515 968 5573; x_wconf 74' lang='lat' dir='ltr'><strong>tae.</strong></span> <span class='ocrx_word' id='word_1_748' title='bbox 1001 5515 1125 5567; x_wconf 69' lang='lat'><strong>190.</strong></span> 
     </span>
    </p>
   </div>
   <div class='ocr_carea' id='block_1_104' title="bbox 743 5574 2263 5656">
    <p class='ocr_par' dir='ltr' id='par_1_104' title="bbox 743 5574 2263 5656">
     <span class='ocr_line' id='line_1_105' title="bbox 743 5574 2263 5656; baseline -0.009 -17"><span class='ocrx_word' id='word_1_749' title='bbox 743 5574 824 5656; x_wconf 81' lang='lat'><strong>(2)</strong></span> <span class='ocrx_word' id='word_1_750' title='bbox 858 5585 1062 5656; x_wconf 76' lang='lat' dir='ltr'><strong>Revera</strong></span> <span class='ocrx_word' id='word_1_751' title='bbox 1092 5584 1236 5656; x_wconf 80' lang='lat' dir='ltr'><strong>enim</strong></span> <span class='ocrx_word' id='word_1_752' title='bbox 1263 5581 1315 5636; x_wconf 90' lang='lat' dir='ltr'><strong>in</strong></span> <span class='ocrx_word' id='word_1_753' title='bbox 1349 5578 1596 5635; x_wconf 82' lang='lat' dir='ltr'><strong>maximis</strong></span> <span class='ocrx_word' id='word_1_754' title='bbox 1616 5619 1632 5643; x_wconf 92' lang='lat'><strong>,</strong></span> <span class='ocrx_word' id='word_1_755' title='bbox 1661 5586 1719 5632; x_wconf 86' lang='grc' dir='ltr'><strong>ιιι</strong></span> <span class='ocrx_word' id='word_1_756' title='bbox 1738 5574 1938 5656; x_wconf 82' lang='lat' dir='ltr'><strong>_audio_,</strong></span> <span class='ocrx_word' id='word_1_757' title='bbox 1977 5574 2263 5656; x_wconf 50' lang='lat' dir='ltr'><strong>episcopo:</strong></span> 
     </span>
    </p>
   </div>
   <div class='ocr_carea' id='block_1_105' title="bbox 668 5643 2265 5720">
    <p class='ocr_par' dir='ltr' id='par_1_105' title="bbox 668 5643 2265 5720">
     <span class='ocr_line' id='line_1_106' title="bbox 668 5643 2265 5720; baseline -0.012 -5"><span class='ocrx_word' id='word_1_758' title='bbox 668 5643 1063 5715; x_wconf 60' lang='lat' dir='ltr'><strong>ruin&#39;cnnciliis</strong></span> <span class='ocrx_word' id='word_1_759' title='bbox 1099 5652 1378 5709; x_wconf 90' lang='lat' dir='ltr'><strong>decretum</strong></span> <span class='ocrx_word' id='word_1_760' title='bbox 1408 5662 1523 5718; x_wconf 85' lang='lat' dir='ltr'><strong>est,</strong></span> <span class='ocrx_word' id='word_1_761' title='bbox 1566 5660 1623 5704; x_wconf 82' lang='grc' dir='ltr'><strong>ιιι</strong></span> <span class='ocrx_word' id='word_1_762' title='bbox 1662 5649 1752 5720; x_wconf 94' lang='lat' dir='ltr'><strong>qui</strong></span> <span class='ocrx_word' id='word_1_763' title='bbox 1795 5652 1861 5703; x_wconf 89' lang='lat' dir='ltr'><strong>ab</strong></span> <span class='ocrx_word' id='word_1_764' title='bbox 1900 5643 2176 5720; x_wconf 65' lang='lat' dir='ltr'><strong>haereticis</strong></span> <span class='ocrx_word' id='word_1_765' title='bbox 2197 5643 2265 5697; x_wconf 92' lang='lat' dir='ltr'><strong>ad</strong></span> 
     </span>
    </p>
   </div>
   <div class='ocr_carea' id='block_1_106' title="bbox 667 5718 2266 5790">
    <p class='ocr_par' dir='ltr' id='par_1_106' title="bbox 667 5718 2266 5790">
     <span class='ocr_line' id='line_1_107' title="bbox 667 5718 2266 5790; baseline -0.009 -6"><span class='ocrx_word' id='word_1_766' title='bbox 667 5728 1002 5784; x_wconf 82' lang='lat' dir='ltr'><strong>Catholicam</strong></span> <span class='ocrx_word' id='word_1_767' title='bbox 1045 5724 1343 5779; x_wconf 77' lang='lat' dir='ltr'><strong>Ecclesium</strong></span> <span class='ocrx_word' id='word_1_768' title='bbox 1399 5718 1696 5787; x_wconf 76' lang='lat' dir='ltr'><strong>accedunt,</strong></span> <span class='ocrx_word' id='word_1_769' title='bbox 1729 5722 1980 5790; x_wconf 88' lang='lat' dir='ltr'><strong>primum</strong></span> <span class='ocrx_word' id='word_1_770' title='bbox 2012 5718 2266 5790; x_wconf 86' lang='lat' dir='ltr'><strong>catechu-_</strong></span> 
     </span>
    </p>
   </div>
   <div class='ocr_carea' id='block_1_107' title="bbox 669 5787 2263 5856">
    <p class='ocr_par' dir='ltr' id='par_1_107' title="bbox 669 5787 2263 5856">
     <span class='ocr_line' id='line_1_108' title="bbox 669 5787 2263 5856; baseline -0.007 -5"><span class='ocrx_word' id='word_1_771' title='bbox 669 5802 816 5852; x_wconf 87' lang='lat' dir='ltr'><strong>meni</strong></span> <span class='ocrx_word' id='word_1_772' title='bbox 858 5800 1087 5853; x_wconf 83' lang='lat' dir='ltr'><strong>fierent:</strong></span> <span class='ocrx_word' id='word_1_773' title='bbox 1123 5812 1186 5849; x_wconf 92' lang='lat' dir='ltr'><strong>ac</strong></span> <span class='ocrx_word' id='word_1_774' title='bbox 1222 5793 1419 5851; x_wconf 88' lang='lat' dir='ltr'><strong>deinde</strong></span> <span class='ocrx_word' id='word_1_775' title='bbox 1459 5794 1659 5850; x_wconf 88' lang='lat' dir='ltr'><strong>veteris</strong></span> <span class='ocrx_word' id='word_1_776' title='bbox 1696 5787 1749 5846; x_wconf 80' lang='lat' dir='ltr'><strong>et</strong></span> <span class='ocrx_word' id='word_1_777' title='bbox 1792 5789 1987 5856; x_wconf 90' lang='lat' dir='ltr'><strong>impuri</strong></span> <span class='ocrx_word' id='word_1_778' title='bbox 2017 5787 2263 5843; x_wconf 88' lang='lat' dir='ltr'><strong>fermenti</strong></span> 
     </span>
    </p>
   </div>
   <div class='ocr_carea' id='block_1_108' title="bbox 672 5857 2264 5939">
    <p class='ocr_par' dir='ltr' id='par_1_108' title="bbox 672 5857 2264 5939">
     <span class='ocr_line' id='line_1_109' title="bbox 672 5857 2264 5939; baseline -0.007 -15"><span class='ocrx_word' id='word_1_779' title='bbox 672 5868 923 5924; x_wconf 76' lang='lat' dir='ltr'><strong>sordibus</strong></span> <span class='ocrx_word' id='word_1_780' title='bbox 954 5880 1048 5938; x_wconf 84' lang='lat' dir='ltr'><strong>per</strong></span> <span class='ocrx_word' id='word_1_781' title='bbox 1075 5865 1408 5939; x_wconf 87' lang='lat' dir='ltr'><strong>Baptismum</strong></span> <span class='ocrx_word' id='word_1_782' title='bbox 1444 5872 1820 5937; x_wconf 88' lang='lat' dir='ltr'><strong>purgarentur.</strong></span> <span class='ocrx_word' id='word_1_783' title='bbox 1860 5862 2083 5933; x_wconf 88' lang='lat' dir='ltr'><strong>Dionys.</strong></span> <span class='ocrx_word' id='word_1_784' title='bbox 2125 5857 2264 5932; x_wconf 87' lang='lat' dir='ltr'><strong>apud</strong></span> 
     </span>
    </p>
   </div>
   <div class='ocr_carea' id='block_1_109' title="bbox 2381 4640 3913 4710">
    <p class='ocr_par' dir='ltr' id='par_1_109' title="bbox 2381 4640 3913 4710">
     <span class='ocr_line' id='line_1_110' title="bbox 2381 4640 3913 4710; baseline -0.003 -15"><span class='ocrx_word' id='word_1_785' title='bbox 2381 4642 2517 4696; x_wconf 75' lang='lat' dir='ltr'><strong>uada</strong></span> <span class='ocrx_word' id='word_1_786' title='bbox 2537 4682 2551 4703; x_wconf 93' lang='lat'><strong>,</strong></span> <span class='ocrx_word' id='word_1_787' title='bbox 2575 4654 2622 4696; x_wconf 86' lang='lat' dir='ltr'><strong>et</strong></span> <span class='ocrx_word' id='word_1_788' title='bbox 2654 4640 2796 4710; x_wconf 90' lang='lat' dir='ltr'><strong>apud</strong></span> <span class='ocrx_word' id='word_1_789' title='bbox 2820 4641 2952 4695; x_wconf 89' lang='lat' dir='ltr'><strong>alios</strong></span> <span class='ocrx_word' id='word_1_790' title='bbox 2983 4642 3244 4705; x_wconf 86' lang='lat' dir='ltr'><strong>plurimos</strong></span> <span class='ocrx_word' id='word_1_791' title='bbox 3265 4640 3407 4695; x_wconf 89' lang='lat' dir='ltr'><strong>idem</strong></span> <span class='ocrx_word' id='word_1_792' title='bbox 3432 4640 3696 4694; x_wconf 87' lang='lat' dir='ltr'><strong>sancitum</strong></span> <span class='ocrx_word' id='word_1_793' title='bbox 3725 4640 3913 4693; x_wconf 81' lang='lat' dir='ltr'><strong>fuisse.</strong></span> 
     </span>
    </p>
   </div>
   <div class='ocr_carea' id='block_1_110' title="bbox 2452 4711 3977 4784">
    <p class='ocr_par' dir='ltr' id='par_1_110' title="bbox 2452 4711 3977 4784">
     <span class='ocr_line' id='line_1_111' title="bbox 2452 4711 3977 4784; baseline -0.001 -17"><span class='ocrx_word' id='word_1_794' title='bbox 2452 4712 2530 4784; x_wconf 90' lang='grc'><strong>(1)</strong></span> <span class='ocrx_word' id='word_1_795' title='bbox 2577 4712 2810 4766; x_wconf 78' lang='lat' dir='ltr'><strong>Proinde</strong></span> <span class='ocrx_word' id='word_1_796' title='bbox 2834 4712 2879 4765; x_wconf 86' lang='lat' dir='ltr'><strong>si</strong></span> <span class='ocrx_word' id='word_1_797' title='bbox 2903 4712 3125 4784; x_wconf 87' lang='lat' dir='ltr'><strong>omnino</strong></span> <span class='ocrx_word' id='word_1_798' title='bbox 3158 4712 3267 4781; x_wconf 82' lang='lat' dir='ltr'><strong>jam</strong></span> <span class='ocrx_word' id='word_1_799' title='bbox 3307 4712 3637 4784; x_wconf 85' lang='lat' dir='ltr'><strong>credendum</strong></span> <span class='ocrx_word' id='word_1_800' title='bbox 3683 4712 3769 4777; x_wconf 83' lang='lat' dir='ltr'><strong>fit,</strong></span> <span class='ocrx_word' id='word_1_801' title='bbox 3812 4711 3977 4784; x_wconf 36' lang='lat' dir='ltr'><strong>quin:</strong></span> 
     </span>
    </p>
   </div>
   <div class='ocr_carea' id='block_1_111' title="bbox 2376 4782 3977 4855">
    <p class='ocr_par' dir='ltr' id='par_1_111' title="bbox 2376 4782 3977 4855">
     <span class='ocr_line' id='line_1_112' title="bbox 2376 4782 3977 4855; baseline -0.001 -18"><span class='ocrx_word' id='word_1_802' title='bbox 2376 4782 2633 4855; x_wconf 83' lang='lat' dir='ltr'><strong>quaginta</strong></span> <span class='ocrx_word' id='word_1_803' title='bbox 2663 4784 2930 4855; x_wconf 84' lang='lat' dir='ltr'><strong>episcOpis</strong></span> <span class='ocrx_word' id='word_1_804' title='bbox 2958 4782 3313 4855; x_wconf 83' lang='lat' dir='ltr'><strong>Orientalium</strong></span> <span class='ocrx_word' id='word_1_805' title='bbox 3340 4782 3393 4837; x_wconf 90' lang='lat' dir='ltr'><strong>id</strong></span> <span class='ocrx_word' id='word_1_806' title='bbox 3417 4798 3539 4837; x_wconf 85' lang='lat' dir='ltr'><strong>esse</strong></span> <span class='ocrx_word' id='word_1_807' title='bbox 3584 4783 3754 4855; x_wconf 75' lang='lat' dir='ltr'><strong>visum</strong></span> <span class='ocrx_word' id='word_1_808' title='bbox 3776 4825 3790 4848; x_wconf 88' lang='lat'><strong>,</strong></span> <span class='ocrx_word' id='word_1_809' title='bbox 3831 4782 3977 4851; x_wconf 87' lang='lat' dir='ltr'><strong>quod</strong></span> 
     </span>
    </p>
   </div>
   <div class='ocr_carea' id='block_1_112' title="bbox 2375 4852 3977 4925">
    <p class='ocr_par' dir='ltr' id='par_1_112' title="bbox 2375 4852 3977 4925">
     <span class='ocr_line' id='line_1_113' title="bbox 2375 4852 3977 4925; baseline -0.001 -16"><span class='ocrx_word' id='word_1_810' title='bbox 2375 4852 2711 4925; x_wconf 74' lang='lat' dir='ltr'><strong>septuaginta</strong></span> <span class='ocrx_word' id='word_1_811' title='bbox 2741 4854 2915 4919; x_wconf 87' lang='lat' dir='ltr'><strong>Afris,</strong></span> <span class='ocrx_word' id='word_1_812' title='bbox 2941 4858 3024 4909; x_wconf 88' lang='lat' dir='ltr'><strong>vel</strong></span> <span class='ocrx_word' id='word_1_813' title='bbox 3052 4854 3323 4925; x_wconf 86' lang='lat' dir='ltr'><strong>aliquanto</strong></span> <span class='ocrx_word' id='word_1_814' title='bbox 3350 4857 3514 4908; x_wconf 83' lang='lat' dir='ltr'><strong>etiam</strong></span> <span class='ocrx_word' id='word_1_815' title='bbox 3542 4852 3782 4921; x_wconf 87' lang='lat' dir='ltr'><strong>pluribus</strong></span> <span class='ocrx_word' id='word_1_816' title='bbox 3800 4894 3815 4917; x_wconf 91' lang='lat'><strong>,</strong></span> <span class='ocrx_word' id='word_1_817' title='bbox 3847 4868 3977 4907; x_wconf 90' lang='lat' dir='ltr'><strong>con-</strong></span> 
     </span>
    </p>
   </div>
   <div class='ocr_carea' id='block_1_113' title="bbox 2376 4924 3976 4995">
    <p class='ocr_par' dir='ltr' id='par_1_113' title="bbox 2376 4924 3976 4995">
     <span class='ocr_line' id='line_1_114' title="bbox 2376 4924 3976 4995; baseline -0.001 -16"><span class='ocrx_word' id='word_1_818' title='bbox 2376 4924 2454 4981; x_wconf 81' lang='lat' dir='ltr'><strong>tra</strong></span> <span class='ocrx_word' id='word_1_819' title='bbox 2489 4936 2568 4981; x_wconf 91' lang='lat' dir='ltr'><strong>tot</strong></span> <span class='ocrx_word' id='word_1_820' title='bbox 2598 4925 2758 4980; x_wconf 89' lang='lat' dir='ltr'><strong>millia</strong></span> <span class='ocrx_word' id='word_1_821' title='bbox 2792 4924 3163 4995; x_wconf 85' lang='lat' dir='ltr'><strong>episcoporum</strong></span> <span class='ocrx_word' id='word_1_822' title='bbox 3184 4967 3199 4991; x_wconf 91' lang='lat'><strong>,</strong></span> <span class='ocrx_word' id='word_1_823' title='bbox 3244 4926 3435 4994; x_wconf 86' lang='lat' dir='ltr'><strong>quibus</strong></span> <span class='ocrx_word' id='word_1_824' title='bbox 3467 4925 3553 4978; x_wconf 92' lang='lat' dir='ltr'><strong>hic</strong></span> <span class='ocrx_word' id='word_1_825' title='bbox 3590 4939 3741 4979; x_wconf 87' lang='lat' dir='ltr'><strong>error</strong></span> <span class='ocrx_word' id='word_1_826' title='bbox 3772 4924 3829 4978; x_wconf 88' lang='lat' dir='ltr'><strong>in</strong></span> <span class='ocrx_word' id='word_1_827' title='bbox 3866 4934 3976 4978; x_wconf 84' lang='lat' dir='ltr'><strong>toto</strong></span> 
     </span>
    </p>
   </div>
   <div class='ocr_carea' id='block_1_114' title="bbox 2373 4996 3973 5067">
    <p class='ocr_par' dir='ltr' id='par_1_114' title="bbox 2373 4996 3973 5067">
     <span class='ocr_line' id='line_1_115' title="bbox 2373 4996 3973 5067; baseline -0.001 -16"><span class='ocrx_word' id='word_1_828' title='bbox 2373 4999 2503 5052; x_wconf 86' lang='lat' dir='ltr'><strong>orbe</strong></span> <span class='ocrx_word' id='word_1_829' title='bbox 2543 4997 2844 5067; x_wconf 79' lang='lat' dir='ltr'><strong>displicuit;</strong></span> <span class='ocrx_word' id='word_1_830' title='bbox 2891 5012 2987 5052; x_wconf 88' lang='lat' dir='ltr'><strong>cur</strong></span> <span class='ocrx_word' id='word_1_831' title='bbox 3030 5012 3134 5051; x_wconf 92' lang='lat' dir='ltr'><strong>non</strong></span> <span class='ocrx_word' id='word_1_832' title='bbox 3177 4996 3353 5067; x_wconf 88' lang='lat' dir='ltr'><strong>potius</strong></span> <span class='ocrx_word' id='word_1_833' title='bbox 3382 4997 3731 5067; x_wconf 75' lang='lat' dir='ltr'><strong>etiatnipsos</strong></span> <span class='ocrx_word' id='word_1_834' title='bbox 3775 5010 3973 5064; x_wconf 80' lang='lat' dir='ltr'><strong>paucos</strong></span> 
     </span>
    </p>
   </div>
   <div class='ocr_carea' id='block_1_115' title="bbox 2372 5066 3969 5138">
    <p class='ocr_par' dir='ltr' id='par_1_115' title="bbox 2372 5066 3969 5138">
     <span class='ocr_line' id='line_1_116' title="bbox 2372 5066 3969 5138; baseline -0.003 -14"><span class='ocrx_word' id='word_1_835' title='bbox 2372 5066 2659 5125; x_wconf 86' lang='lat' dir='ltr'><strong>Orientalis</strong></span> <span class='ocrx_word' id='word_1_836' title='bbox 2703 5084 2859 5122; x_wconf 88' lang='lat' dir='ltr'><strong>suum</strong></span> <span class='ocrx_word' id='word_1_837' title='bbox 2895 5068 3155 5138; x_wconf 88' lang='lat' dir='ltr'><strong>judicium</strong></span> <span class='ocrx_word' id='word_1_838' title='bbox 3184 5066 3500 5122; x_wconf 76' lang='lat' dir='ltr'><strong>correxisse</strong></span> <span class='ocrx_word' id='word_1_839' title='bbox 3540 5066 3821 5128; x_wconf 79' lang='lat' dir='ltr'><strong>dicamus,</strong></span> <span class='ocrx_word' id='word_1_840' title='bbox 3870 5082 3969 5120; x_wconf 86' lang='lat' dir='ltr'><strong>non</strong></span> 
     </span>
    </p>
   </div>
   <div class='ocr_carea' id='block_1_116' title="bbox 2374 5138 3969 5211">
    <p class='ocr_par' dir='ltr' id='par_1_116' title="bbox 2374 5138 3969 5211">
     <span class='ocr_line' id='line_1_117' title="bbox 2374 5138 3969 5211; baseline -0.003 -16"><span class='ocrx_word' id='word_1_841' title='bbox 2374 5150 2430 5195; x_wconf 89' lang='lat' dir='ltr'><strong>ut</strong></span> <span class='ocrx_word' id='word_1_842' title='bbox 2472 5148 2529 5195; x_wconf 91' lang='lat' dir='ltr'><strong>tu</strong></span> <span class='ocrx_word' id='word_1_843' title='bbox 2569 5139 2802 5211; x_wconf 89' lang='lat' dir='ltr'><strong>loqueris</strong></span> <span class='ocrx_word' id='word_1_844' title='bbox 2832 5138 3151 5211; x_wconf 58' lang='lat' dir='ltr'><strong>rescidisse?</strong></span> <span class='ocrx_word' id='word_1_845' title='bbox 3181 5142 3465 5207; x_wconf 80' lang='lat' dir='ltr'><strong>Angusnn.</strong></span> <span class='ocrx_word' id='word_1_846' title='bbox 3510 5138 3734 5211; x_wconf 86' lang='lat' dir='ltr'><strong>lib.__ui,</strong></span> <span class='ocrx_word' id='word_1_847' title='bbox 3782 5147 3969 5211; x_wconf 77' lang='lat' dir='ltr'><strong>contra</strong></span> 
     </span>
    </p>
   </div>
   <div class='ocr_carea' id='block_1_117' title="bbox 2370 5208 3968 5282">
    <p class='ocr_par' dir='ltr' id='par_1_117' title="bbox 2370 5208 3968 5282">
     <span class='ocr_line' id='line_1_118' title="bbox 2370 5208 3968 5282; baseline -0.004 -16"><span class='ocrx_word' id='word_1_848' title='bbox 2370 5208 2773 5282; x_wconf 53' lang='lat' dir='ltr'><strong>Cresconfcap.</strong></span> <span class='ocrx_word' id='word_1_849' title='bbox 2802 5212 2858 5275; x_wconf 81' lang='lat'><strong>&#39;5,</strong></span> <span class='ocrx_word' id='word_1_850' title='bbox 2892 5209 3170 5282; x_wconf 76' lang='lat' dir='ltr'><strong>pag._552,</strong></span> <span class='ocrx_word' id='word_1_851' title='bbox 3191 5213 3324 5282; x_wconf 78' lang='lat' dir='ltr'><strong>edit.</strong></span> <span class='ocrx_word' id='word_1_852' title='bbox 3354 5211 3559 5265; x_wconf 85' lang='lat' dir='ltr'><strong>noviss.</strong></span> <span class='ocrx_word' id='word_1_853' title='bbox 3588 5208 3784 5282; x_wconf 71' lang='lat' dir='ltr'><strong>Venet.</strong></span> <span class='ocrx_word' id='word_1_854' title='bbox 3817 5209 3872 5263; x_wconf 88' lang='lat' dir='ltr'><strong>in</strong></span> <span class='ocrx_word' id='word_1_855' title='bbox 3892 5210 3968 5263; x_wconf 73' lang='grc'><strong>«1³.</strong></span> 
     </span>
    </p>
   </div>
   <div class='ocr_carea' id='block_1_118' title="bbox 2446 5279 3969 5355">
    <p class='ocr_par' dir='ltr' id='par_1_118' title="bbox 2446 5279 3969 5355">
     <span class='ocr_line' id='line_1_119' title="bbox 2446 5279 3969 5355; baseline -0.004 -18"><span class='ocrx_word' id='word_1_856' title='bbox 2446 5282 2526 5355; x_wconf 87' lang='lat'><strong>(2)</strong></span> <span class='ocrx_word' id='word_1_857' title='bbox 2548 5281 2753 5338; x_wconf 89' lang='lat' dir='ltr'><strong>Concil.</strong></span> <span class='ocrx_word' id='word_1_858' title='bbox 2782 5279 3144 5355; x_wconf 80' lang='lat' dir='ltr'><strong>Antionchen.</strong></span> <span class='ocrx_word' id='word_1_859' title='bbox 3175 5281 3382 5336; x_wconf 87' lang='lat' dir='ltr'><strong>Canon.</strong></span> <span class='ocrx_word' id='word_1_860' title='bbox 3408 5279 3830 5355; x_wconf 74' lang='lat' dir='ltr'><strong>Chorespiscopi</strong></span> <span class='ocrx_word' id='word_1_861' title='bbox 3852 5294 3969 5355; x_wconf 75' lang='lat' dir='ltr'><strong>coa-</strong></span> 
     </span>
    </p>
   </div>
   <div class='ocr_carea' id='block_1_119' title="bbox 2368 5352 3963 5423">
    <p class='ocr_par' dir='ltr' id='par_1_119' title="bbox 2368 5352 3963 5423">
     <span class='ocr_line' id='line_1_120' title="bbox 2368 5352 3963 5423; baseline -0.004 -12"><span class='ocrx_word' id='word_1_862' title='bbox 2368 5352 2571 5411; x_wconf 84' lang='lat' dir='ltr'><strong>situant</strong></span> <span class='ocrx_word' id='word_1_863' title='bbox 2610 5355 2872 5419; x_wconf 88' lang='lat' dir='ltr'><strong>lectores,</strong></span> <span class='ocrx_word' id='word_1_864' title='bbox 2920 5353 3351 5423; x_wconf 82' lang='lat' dir='ltr'><strong>hypodiaconos,</strong></span> <span class='ocrx_word' id='word_1_865' title='bbox 3398 5354 3715 5423; x_wconf 80' lang='lat' dir='ltr'><strong>exorcistas.</strong></span> <span class='ocrx_word' id='word_1_866' title='bbox 3770 5352 3963 5405; x_wconf 83' lang='lat' dir='ltr'><strong>Leodi-</strong></span> 
     </span>
    </p>
   </div>
   <div class='ocr_carea' id='block_1_120' title="bbox 2368 5422 3962 5493">
    <p class='ocr_par' dir='ltr' id='par_1_120' title="bbox 2368 5422 3962 5493">
     <span class='ocr_line' id='line_1_121' title="bbox 2368 5422 3962 5493; baseline -0.004 -11"><span class='ocrx_word' id='word_1_867' title='bbox 2368 5442 2490 5482; x_wconf 89' lang='lat' dir='ltr'><strong>cen.</strong></span> <span class='ocrx_word' id='word_1_868' title='bbox 2519 5426 2651 5480; x_wconf 86' lang='lat' dir='ltr'><strong>Can.</strong></span> <span class='ocrx_word' id='word_1_869' title='bbox 2679 5441 2823 5481; x_wconf 75' lang='lat' dir='ltr'><strong>utv.</strong></span> <span class='ocrx_word' id='word_1_870' title='bbox 2850 5422 3007 5492; x_wconf 87' lang='lat' dir='ltr'><strong>Quod</strong></span> <span class='ocrx_word' id='word_1_871' title='bbox 3041 5440 3148 5479; x_wconf 91' lang='lat' dir='ltr'><strong>non</strong></span> <span class='ocrx_word' id='word_1_872' title='bbox 3171 5433 3419 5493; x_wconf 89' lang='lat' dir='ltr'><strong>oporteat</strong></span> <span class='ocrx_word' id='word_1_873' title='bbox 3456 5422 3751 5493; x_wconf 89' lang='lat' dir='ltr'><strong>quemlibet</strong></span> <span class='ocrx_word' id='word_1_874' title='bbox 3795 5423 3962 5477; x_wconf 79' lang='lat' dir='ltr'><strong>cccle-</strong></span> 
     </span>
    </p>
   </div>
   <div class='ocr_carea' id='block_1_121' title="bbox 2370 5494 3960 5565">
    <p class='ocr_par' dir='ltr' id='par_1_121' title="bbox 2370 5494 3960 5565">
     <span class='ocr_line' id='line_1_122' title="bbox 2370 5494 3960 5565; baseline -0.004 -12"><span class='ocrx_word' id='word_1_875' title='bbox 2370 5497 2569 5553; x_wconf 89' lang='lat' dir='ltr'><strong>siastici</strong></span> <span class='ocrx_word' id='word_1_876' title='bbox 2598 5496 2804 5552; x_wconf 91' lang='lat' dir='ltr'><strong>ordinis</strong></span> <span class='ocrx_word' id='word_1_877' title='bbox 2836 5510 3007 5565; x_wconf 88' lang='lat' dir='ltr'><strong>usque</strong></span> <span class='ocrx_word' id='word_1_878' title='bbox 3033 5496 3097 5550; x_wconf 85' lang='lat' dir='ltr'><strong>ad</strong></span> <span class='ocrx_word' id='word_1_879' title='bbox 3128 5496 3400 5550; x_wconf 78' lang='lat' dir='ltr'><strong>ministros</strong></span> <span class='ocrx_word' id='word_1_880' title='bbox 3420 5536 3435 5561; x_wconf 95' lang='lat'><strong>,</strong></span> <span class='ocrx_word' id='word_1_881' title='bbox 3466 5494 3550 5548; x_wconf 79' lang='lat' dir='ltr'><strong>vel</strong></span> <span class='ocrx_word' id='word_1_882' title='bbox 3579 5495 3842 5556; x_wconf 79' lang='lat' dir='ltr'><strong>lectores,</strong></span> <span class='ocrx_word' id='word_1_883' title='bbox 3889 5494 3960 5546; x_wconf 78' lang='lat' dir='ltr'><strong>rei</strong></span> 
     </span>
    </p>
   </div>
   <div class='ocr_carea' id='block_1_122' title="bbox 2368 5566 3957 5635">
    <p class='ocr_par' dir='ltr' id='par_1_122' title="bbox 2368 5566 3957 5635">
     <span class='ocr_line' id='line_1_123' title="bbox 2368 5566 3957 5635; baseline -0.006 -9"><span class='ocrx_word' id='word_1_884' title='bbox 2368 5579 2654 5635; x_wconf 88' lang='lat' dir='ltr'><strong>cantores,</strong></span> <span class='ocrx_word' id='word_1_885' title='bbox 2705 5569 2791 5622; x_wconf 88' lang='lat' dir='ltr'><strong>vel</strong></span> <span class='ocrx_word' id='word_1_886' title='bbox 2847 5568 3163 5633; x_wconf 77' lang='lat' dir='ltr'><strong>exorcistas,</strong></span> <span class='ocrx_word' id='word_1_887' title='bbox 3210 5568 3295 5620; x_wconf 84' lang='lat' dir='ltr'><strong>vel</strong></span> <span class='ocrx_word' id='word_1_888' title='bbox 3344 5566 3609 5619; x_wconf 82' lang='lat' dir='ltr'><strong>ostiarius.</strong></span> <span class='ocrx_word' id='word_1_889' title='bbox 3670 5573 3781 5618; x_wconf 88' lang='lat' dir='ltr'><strong>etc.</strong></span> <span class='ocrx_word' id='word_1_890' title='bbox 3829 5566 3957 5617; x_wconf 84' lang='lat' dir='ltr'><strong>Idem</strong></span> 
     </span>
    </p>
   </div>
   <div class='ocr_carea' id='block_1_123' title="bbox 2371 5635 3958 5707">
    <p class='ocr_par' dir='ltr' id='par_1_123' title="bbox 2371 5635 3958 5707">
     <span class='ocr_line' id='line_1_124' title="bbox 2371 5635 3958 5707; baseline -0.006 -10"><span class='ocrx_word' id='word_1_891' title='bbox 2371 5643 2637 5697; x_wconf 86' lang='lat' dir='ltr'><strong>evincitur</strong></span> <span class='ocrx_word' id='word_1_892' title='bbox 2654 5656 2719 5695; x_wconf 82' lang='lat' dir='ltr'><strong>ex</strong></span> <span class='ocrx_word' id='word_1_893' title='bbox 2742 5638 3063 5707; x_wconf 86' lang='lat' dir='ltr'><strong>Epiphanio,</strong></span> <span class='ocrx_word' id='word_1_894' title='bbox 3086 5637 3327 5707; x_wconf 79' lang='lat' dir='ltr'><strong>Exposit.</strong></span> <span class='ocrx_word' id='word_1_895' title='bbox 3361 5636 3507 5691; x_wconf 88' lang='lat' dir='ltr'><strong>Fidei</strong></span> <span class='ocrx_word' id='word_1_896' title='bbox 3535 5651 3684 5689; x_wconf 89' lang='lat' dir='ltr'><strong>num.</strong></span> <span class='ocrx_word' id='word_1_897' title='bbox 3711 5635 3807 5689; x_wconf 78' lang='grc'><strong>21.</strong></span> <span class='ocrx_word' id='word_1_898' title='bbox 3834 5636 3958 5707; x_wconf 61' lang='lat' dir='ltr'><strong>lfau-</strong></span> 
     </span>
    </p>
   </div>
   <div class='ocr_carea' id='block_1_124' title="bbox 2370 5705 3953 5779">
    <p class='ocr_par' dir='ltr' id='par_1_124' title="bbox 2370 5705 3953 5779">
     <span class='ocr_line' id='line_1_125' title="bbox 2370 5705 3953 5779; baseline -0.006 -11"><span class='ocrx_word' id='word_1_899' title='bbox 2370 5713 2502 5779; x_wconf 86' lang='lat' dir='ltr'><strong>lino,</strong></span> <span class='ocrx_word' id='word_1_900' title='bbox 2532 5712 2652 5767; x_wconf 84' lang='lat' dir='ltr'><strong>Nat.</strong></span> <span class='ocrx_word' id='word_1_901' title='bbox 2687 5727 2761 5776; x_wconf 85' lang='lat' dir='ltr'><strong>tv,</strong></span> <span class='ocrx_word' id='word_1_902' title='bbox 2790 5705 2853 5765; x_wconf 73' lang='lat' dir='ltr'><strong>S.</strong></span> <span class='ocrx_word' id='word_1_903' title='bbox 2878 5708 3097 5775; x_wconf 88' lang='lat' dir='ltr'><strong>Felicis,</strong></span> <span class='ocrx_word' id='word_1_904' title='bbox 3122 5705 3353 5777; x_wconf 72' lang='lat' dir='ltr'><strong>Sdlpitio</strong></span> <span class='ocrx_word' id='word_1_905' title='bbox 3372 5711 3594 5779; x_wconf 81' lang='lat' dir='ltr'><strong>Severo,</strong></span> <span class='ocrx_word' id='word_1_906' title='bbox 3617 5707 3799 5762; x_wconf 81' lang='lat' dir='ltr'><strong>\&#39;it.S.</strong></span> <span class='ocrx_word' id='word_1_907' title='bbox 3831 5705 3953 5779; x_wconf 70' lang='lat' dir='ltr'><strong>hlar-</strong></span> 
     </span>
    </p>
   </div>
   <div class='ocr_carea' id='block_1_125' title="bbox 2370 5778 3949 5855">
    <p class='ocr_par' dir='ltr' id='par_1_125' title="bbox 2370 5778 3949 5855">
     <span class='ocr_line' id='line_1_126' title="bbox 2370 5778 3949 5855; baseline -0.006 -16"><span class='ocrx_word' id='word_1_908' title='bbox 2370 5785 2469 5840; x_wconf 88' lang='lat' dir='ltr'><strong>tini</strong></span> <span class='ocrx_word' id='word_1_909' title='bbox 2490 5778 2620 5855; x_wconf 86' lang='lat' dir='ltr'><strong>cap.</strong></span> <span class='ocrx_word' id='word_1_910' title='bbox 2649 5783 2704 5848; x_wconf 88' lang='grc'><strong>5,</strong></span> <span class='ocrx_word' id='word_1_911' title='bbox 2734 5780 2868 5855; x_wconf 78' lang='lat' dir='ltr'><strong>Cod.</strong></span> <span class='ocrx_word' id='word_1_912' title='bbox 2897 5780 3171 5855; x_wconf 79' lang='lat' dir='ltr'><strong>Theodos.</strong></span> <span class='ocrx_word' id='word_1_913' title='bbox 3204 5779 3297 5836; x_wconf 74' lang='lat' dir='ltr'><strong>lib&#39;</strong></span> <span class='ocrx_word' id='word_1_914' title='bbox 3327 5795 3399 5838; x_wconf 71' lang='grc' dir='ltr'><strong>χιι</strong></span> <span class='ocrx_word' id='word_1_915' title='bbox 3421 5822 3436 5849; x_wconf 93' lang='grc'><strong>,</strong></span> <span class='ocrx_word' id='word_1_916' title='bbox 3466 5778 3570 5834; x_wconf 82' lang='lat' dir='ltr'><strong>&#39;l‘it.</strong></span> <span class='ocrx_word' id='word_1_917' title='bbox 3604 5795 3622 5835; x_wconf 94' lang='grc' dir='ltr'><strong>ι</strong></span> <span class='ocrx_word' id='word_1_918' title='bbox 3649 5821 3665 5849; x_wconf 95' lang='grc'><strong>,</strong></span> <span class='ocrx_word' id='word_1_919' title='bbox 3700 5779 3813 5853; x_wconf 79' lang='lat' dir='ltr'><strong>leg.</strong></span> <span class='ocrx_word' id='word_1_920' title='bbox 3846 5778 3949 5847; x_wconf 70' lang='grc'><strong>121,</strong></span> 
     </span>
    </p>
   </div>
   <div class='ocr_carea' id='block_1_126' title="bbox 2370 5852 3183 5927">
    <p class='ocr_par' dir='ltr' id='par_1_126' title="bbox 2370 5852 3183 5927">
     <span class='ocr_line' id='line_1_127' title="bbox 2370 5852 3183 5927; baseline -0.002 -14"><span class='ocrx_word' id='word_1_921' title='bbox 2370 5866 2426 5913; x_wconf 90' lang='lat' dir='ltr'><strong>ct</strong></span> <span class='ocrx_word' id='word_1_922' title='bbox 2453 5855 2545 5912; x_wconf 85' lang='lat' dir='ltr'><strong>lib.</strong></span> <span class='ocrx_word' id='word_1_923' title='bbox 2568 5852 2702 5925; x_wconf 47' lang='lat' dir='ltr'><strong>&#39;xvt,</strong></span> <span class='ocrx_word' id='word_1_924' title='bbox 2734 5854 2841 5910; x_wconf 84' lang='lat' dir='ltr'><strong>Tit.</strong></span> <span class='ocrx_word' id='word_1_925' title='bbox 2874 5867 2947 5922; x_wconf 89' lang='grc' dir='ltr'>ιι,</span> <span class='ocrx_word' id='word_1_926' title='bbox 2982 5853 3064 5927; x_wconf 83' lang='lat' dir='ltr'><strong>leg</strong></span> <span class='ocrx_word' id='word_1_927' title='bbox 3089 5852 3183 5911; x_wconf 69' lang='lat' dir='ltr'><strong>2i.</strong></span> 
     </span>
    </p>
   </div>
  </div>
