4208 6276
270 232 436 286 "Nl?
1123 221 1492 281 MORCELLI.
1534 250 1607 266 --
1643 219 1966 278 ANNALES
1991 217 2350 277 ECCLESL-E
2379 215 2779 275 ΛΙΤΒΙΟΑΝίΕο
3470 219 3608 276 1418

298 354 352 401 οι
371 345 464 408 75,
488 350 646 414 atque
669 338 864 396 exinde
890 351 1117 395 numero
1142 338 1210 394 ’Π
1236 338 1546 405 concludit,
1596 353 1714 393 eam
1773 352 1893 393 esse
1920 336 1969 398 A
2069 333 2284 389 Falsum
2317 345 2418 397 est,
2443 333 2584 404 quod
2613 331 2966 404 rebaptizatio
2991 344 3020 384 a
3065 329 3277 387 Novato
3303 330 3612 389 introducta

296 437 717 510 supposititiam,
750 442 806 489 et
836 448 964 488 vero
1007 431 1284 487 Catholica
1337 433 1548 502 penitus
1600 431 1892 501 indignam.

2001 426 2163 482 fuerit
2193 469 2208 494 ,
2236 436 2292 481 ut
2319 428 2637 482 dissertator
2683 438 2907 480 numero
2948 423 3052 490 85,
3093 424 3313 492 scribit,
3343 425 3609 496 siquidem

301 531 496 586 Verum
565 527 852 584 clarissimi
901 525 1266 581 dissertatoris
1321 525 1656 580 ratiocinatio
1712 524 1897 578 nititur
1994 519 2104 589 jam
2136 527 2292 574 antea
2319 517 2370 573 in
2400 534 2497 573 usu
2530 517 2726 573 fuerat.

298 623 433 679 falso
456 621 734 692 supposito
758 618 828 674 de
847 617 1138 673 inerrantia
1165 617 1392 671 Romani
1417 615 1714 681 Pontificis,
1748 615 1895 682 eius-

297 732 399 786 que
437 716 696 770 illimitata
726 719 887 780 atque
911 709 1152 765 absoluta
1181 717 1236 765 et
1262 707 1603 763 monarchica
1633 716 1898 778 potestate

296 811 346 866 in
373 809 676 865 universam
701 804 1022 870 Ecclesiam,
1045 819 1154 874 quo
1175 811 1363 858 ruente
1383 801 1682 872 supposito,
1703 810 1896 856 czetera

296 905 456 960 etiam
478 917 640 959 ruere
671 899 1014 956 manifestum
1039 906 1142 954 est.
1165 897 1433 952 Caeterum
1465 910 1569 950 non
1600 909 1756 964 nego,
1779 892 1899 947 Fir-

301 998 580 1053 milianum
627 995 903 1065 aliquanto
956 991 1203 1048 acerbius
1257 990 1539 1059 scripsisse
1567 1029 1582 1054 ,
1623 1002 1784 1058 quam
1841 994 1899 1040 ut

295 1101 541 1148 sanctum
604 1088 914 1158 episcopum
972 1085 1204 1140 deceat:
1235 1082 1447 1153 pietatis
1495 1095 1737 1135 normam
1791 1092 1899 1134 non

296 1192 546 1240 accurate
574 1191 819 1238 secutum
864 1194 1020 1244 esse;
1049 1177 1144 1234 sed
1185 1177 1369 1248 utique
1421 1175 1589 1231 sancti
1614 1175 1773 1230 etiam
1805 1173 1902 1228 ho-

298 1279 472 1334 mines
519 1284 674 1333 erant
728 1291 835 1330 non
889 1272 1057 1329 semel
1095 1271 1294 1342 aliquid
1322 1269 1540 1326 humani
1572 1269 1732 1339 passi,
1767 1282 1899 1331 que-

297 1371 644 1428 madmodum
673 1369 854 1425 multis
882 1367 1254 1422 demonstrare
1303 1377 1515 1434 possem
1539 1379 1555 1428 ;
1592 1362 1760 1416 instar
1784 1376 1901 1415 om-

296 1467 444 1520 nium
473 1465 539 1520 sit
566 1463 802 1519 doctoris
843 1460 1057 1516 maximi
1087 1459 1143 1514 S.
1183 1459 1490 1530 Hieronymi
1539 1456 1728 1527 agendi
1765 1454 1902 1509 ratio

294 1573 417 1614 cum
445 1557 504 1614 S.
534 1556 833 1627 Augustino
859 1553 910 1608 in
933 1550 1302 1608 controversia
1328 1551 1394 1604 de
1420 1549 1691 1619 Legalinm
1716 1548 1903 1602 obser-

295 1649 472 1706 vantia
505 1647 603 1721 (1).
631 1647 745 1702 Huc
771 1645 972 1713 Optime
993 1642 1221 1714 quadrat
1241 1642 1442 1710 justum
1477 1641 1577 1694 hoc
1604 1639 1676 1694 cl.
1699 1637 1899 1693 Baluzii

2072 610 2449 680 Propositione
2479 626 2554 676 ιν,
2589 625 2815 666 numero
2859 609 2959 674 89,
3000 625 3065 666 ex
3096 620 3413 681 argumento
3457 627 3610 668 mere

2000 703 2247 774 negativo
2268 705 2462 760 asserit
2491 704 2547 759 S.
2580 704 2950 760 Firmilianum
2992 705 3168 761 nullos
3196 705 3360 762 libros
3382 721 3606 777 compo-

2001 797 2211 862 suisse;
2256 798 2544 868 positivum
2593 812 2726 852 vero
2773 798 3139 853 testimonium
3188 798 3244 854 S.
3280 799 3460 853 Basilii
3497 815 3605 855 non

2002 889 2104 944 nisi
2134 887 2374 945 futilibus
2414 889 2730 944 ratiunculis
2781 904 3041 945 enervare
3087 900 3342 958 conatur;
3391 892 3614 962 insuper

2002 980 2251 1052 negando
2290 981 2348 1037 S.
2397 981 2654 1036 Basilium
2705 989 2979 1036 auctorem
3009 996 3128 1036 esse
3160 982 3280 1037 libri
3314 982 3382 1037 de
3409 983 3612 1053 Spiritu

2003 1083 2189 1130 sancto
2211 1073 2278 1128 ad
2299 1073 2734 1144 Amphilochium
2755 1115 2770 1142 ,
2807 1075 3052 1144 quamvis
3078 1074 3282 1145 antiqui
3319 1073 3376 1129 S.
3421 1075 3611 1140 Hiero-

2006 1181 2199 1238 nymus
2228 1166 2306 1240 (5)
2334 1166 2709 1223 Theodoretus
2742 1165 2818 1236 (1)
2853 1167 3290 1236 recentioresque
3335 1169 3504 1223 critici
3544 1171 3613 1226 ad

2005 1275 2170 1314 unum
2223 1275 2412 1315 omnes
2453 1259 2722 1314 laudatum
2773 1260 2966 1315 librum
3004 1260 3059 1314 S.
3095 1260 3296 1315 Basilio
3342 1261 3412 1315 Μ.
3459 1264 3611 1317 attri—

2002 1352 2188 1408 buant.
2211 1353 2448 1409 Numero
2468 1353 2558 1420 91,
2590 1354 2939 1424 Γρεροηδίοηο
2962 1355 3048 1420 tul;
3082 1354 3292 1408 tandem
3345 1371 3411 1408 eo
3440 1355 3612 1409 auda-

2004 1448 2142 1502 ciam
2172 1464 2323 1502 suatu
2357 1447 2667 1519 protendit,
2695 1457 2752 1500 ut
2780 1447 3049 1501 afﬁrmare
3094 1446 3234 1502 haud
3291 1448 3605 1515 erubescat,

2004 1543 2241 1613 singulas
2267 1543 2322 1597 S.
2358 1541 2538 1595 Basilii
2569 1541 2638 1594 M.
2686 1541 2942 1610 epistolas
2991 1539 3056 1594 ad
3087 1540 3142 1595 S.
3175 1539 3610 1610 Amphilochium

2003 1636 2290 1689 canonicos
2317 1649 2440 1689 esse
2466 1633 2855 1705 supposititias.

291 1746 548 1816 judicium
601 1741 669 1797 de
712 1739 950 1795 Pamelio
983 1747 1037 1792 et
1079 1736 1337 1791 Romanis
1386 1748 1609 1804 operum
1640 1731 1890 1802 Cypriani
1923 1732 1970 1790 B
2070 1727 2309 1782 Numero
2330 1728 2419 1791 14,
2453 1725 2710 1792 adnotat,
2751 1725 2893 1794 quod
2952 1733 3114 1778 totam
3165 1726 3612 1796 rebaptizantium

297 1838 591 1896 editoribus
633 1833 902 1906 loquentis
928 1833 1050 1905 (9.):
1107 1830 1169 1886 Si
1216 1837 1406 1884 attente
1453 1826 1858 1881 considerassent
1884 1863 1900 1891 ,

301 1934 475 2003 quanti
498 1942 543 1988 et
568 1947 721 1996 quam
748 1928 1059 1982 vehementes
1103 1923 1299 1978 soleant
1348 1937 1454 1976 esse
1501 1918 1746 1986 affectus,
1787 1933 1904 1970 cum

301 2029 470 2098 agimr
508 2026 570 2080 de
625 2041 783 2078 causa
835 2020 1097 2092 religionis
1159 2027 1204 2072 et
1271 2016 1430 2084 ﬁdei;
1501 2014 1904 2068 cousiderassent

301 2122 476 2194 etiang
505 2135 656 2191 quam
680 2117 945 2174 vehemens
972 2124 1017 2168 et
1047 2111 1258 2166 acerbus
1286 2110 1436 2181 fuerit
1461 2109 1756 2177 Stephanus
1780 2107 1907 2161 scri-

303 2217 422 2272 bens
448 2215 691 2270 adversus
731 2212 1043 2283 Cyprianum
1072 2225 1089 2263 :
1117 2211 1344 2279 profecto
1374 2205 1504 2258 hanc
1533 2203 1908 2258 excandescen-

306 2311 427 2364 tiatn
455 2307 826 2362 condonassent
858 2301 1188 2357 Firmih‘ano.

379 2399 769 2470 Propositionis
797 2397 966 2452 tertia:
989 2393 1164 2466 quoad
1195 2393 1420 2463 primam
1452 2399 1658 2462 partem
1690 2388 1906 2457 conjec-

310 2487 456 2551 turas
477 2493 610 2549 duas
635 2493 840 2562 priores
866 2488 1062 2546 eruditi
1082 2486 1448 2542 dissertatoris
1477 2483 1732 2539 refutatas
1758 2480 1908 2534 vide-

311 2588 386 2645 sis
412 2588 558 2644 Part.
615 2602 689 2642 xu
733 2583 974 2639 Historia:
1014 2581 1318 2650 Theotogico
1345 2609 1372 2619 -
1394 2577 1597 2632 Criticw
1623 2574 1685 2647 §§
1728 2575 1794 2642 8,
1826 2576 1860 2627 9
1891 2616 1904 2639 ,

312 2681 378 2737 10
400 2723 414 2746 ,
445 2689 499 2735 et
528 2677 828 2750 praesertim
854 2675 915 2728 11
942 2715 955 2738 ,
986 2689 1015 2726 a
1048 2687 1169 2743 pag.
1199 2671 1326 2733 6l1,
1360 2683 1530 2740 usque
1559 2665 1684 2722 625.
1727 2663 1908 2719 Tertia

309 2775 538 2845 denique
566 2769 876 2841 conjectura
909 2766 1043 2822 nihil
1070 2764 1294 2820 omnino
1321 2761 1376 2817 in
1407 2758 1738 2816 contrarium
1761 2756 1910 2812 evin»

308 2868 399 2922 cit.

377 2959 615 3014 Numero
646 2956 716 3012 82
737 2998 750 3020 ,
786 2955 1017 3026 probare
1058 2959 1304 3016 conatur,
1347 2958 1622 3004 auctorem
1655 2942 1911 3015 Epistoltc

308 3052 474 3107 fuisse
503 3048 855 3111 Donatistam,
889 3052 980 3099 aut
1006 3044 1194 3098 saltem
1228 3041 1539 3096 luereticum
1597 3035 1869 3091 hominem
1891 3077 1905 3100 ,

2010 1821 2285 1875 historiam
2309 1830 2528 1875 censeat
2546 1819 2942 1888 interpolatam,
2987 1832 3080 1873 seu
3108 1819 3339 1873 Eusebio
3363 1821 3614 1890 supposi-

2011 1922 2117 1970 tam
2148 1914 2330 1969 fuisse.

2081 2005 2320 2060 Numero
2382 2004 2464 2069 i5,
2512 2003 2651 2058 idem
2702 2003 2980 2073 profitetur
3029 2003 3170 2059 circa
3218 2003 3310 2059 lib.
3342 2020 3434 2070 vn,
3486 2019 3604 2075 cap.

2009 2115 2114 2154 non
2174 2100 2225 2163 ’5,
2271 2091 2432 2169 prout
2489 2097 2608 2167 ille:
2632 2099 2805 2162 citat;
2858 2097 2949 2152 sed
3012 2097 3065 2162 4,
3123 2097 3260 2166 apud
3310 2097 3608 2153 Eusebium

2011 2192 2080 2244 ita
2129 2192 2375 2258 inquiens
2423 2208 2434 2244 :
2489 2208 2507 2240 ‹
2551 2189 2749 2244 Verum
2802 2189 2928 2243 alibi
2973 2189 3276 2260 specialiter
3321 2191 3604 2246 ostendam

2013 2283 2154 2337 hunc
2205 2282 2418 2338 Eusebii
2474 2283 2648 2337 locum
2696 2297 2815 2337 esse
2873 2283 3274 2354 interpolatum.
3312 2302 3331 2334 ι
3367 2282 3607 2339 Tandem

2014 2389 2240 2430 nurnero
2290 2376 2398 2441 71,
2455 2377 2526 2429 ita
2581 2385 2801 2430 censet:
2837 2394 2855 2426 ‹
2915 2375 3083 2430 lmmo
3131 2386 3183 2430 ct
3225 2376 3318 2431 illa
3358 2376 3617 2448 Polycra-

2014 2469 2102 2534 tis,
2133 2477 2180 2523 et
2215 2467 2404 2522 lrenmi
2435 2468 2569 2522 facta
2598 2483 2703 2521 non
2759 2477 2884 2522 sunt
2935 2469 3156 2523 ninnino
3204 2479 3386 2534 certa;
3437 2469 3614 2539 suspi-

2012 2576 2106 2615 cor
2158 2559 2448 2614 Euscbium
2504 2559 2669 2614 fuisse
2718 2559 3094 2628 interpolatum
3155 2567 3260 2613 tam
3328 2560 3380 2613 in
3444 2574 3610 2615 causa

2013 2652 2662 2722 Quarto-Decimanortun
2693 2667 2852 2721 quam
2890 2651 3382 2720 Anabaptistarum.
3423 2669 3442 2702 ι
3492 2653 3620 2708 Haec

2014 2761 2144 2800 sane
2170 2745 2366 2815 judicia
2397 2745 2578 2799 critica
2610 2745 2778 2798 nostri
2827 2743 3109 2796 clarissimi
3159 2744 3524 2798 dissertatoris
3572 2745 3621 2798 si

2016 2839 2248 2904 valeant,
2293 2846 2468 2892 actum
2502 2836 2604 2891 erit
2631 2835 2699 2891 de
2728 2835 3184 2906 praestantissimis
3236 2835 3615 2904 antiquitatum

2015 2933 2399 2995 monumentis,
2433 2931 2607 3001 deque
2628 2930 2771 2985 omni
2805 2929 2907 2982 tide
2936 2928 3213 2982 historica.

2086 3023 2218 3092 Qute
2248 3023 2596 3077 doctissimus
2627 3019 3017 3076 Molckenbuhr
3059 3019 3110 3073 in
3162 3019 3328 3074 altera
3360 3018 3618 3075 disserta-

307 3144 404 3199 sed
449 3139 759 3195 meminisse
783 3137 944 3193 debet
980 3135 1324 3191 doctissimus
1370 3132 1686 3186 dissertator
1709 3171 1723 3195 ,
1771 3125 1912 3198 quod
1939 3117 1984 3180 C
2020 3119 2163 3174 tione
2189 3119 2256 3174 de
2286 3133 2430 3174 anno
2456 3118 2514 3173 S.
2549 3115 2852 3172 Firmiliani
2906 3113 3216 3178 emortuali,
3268 3128 3377 3184 quo
3421 3114 3619 3169 Paulus

306 3234 547 3292 nondum
588 3231 918 3288 sufficienter
945 3226 1331 3283 demonstrarit
1381 3223 1512 3278 viris
1538 3221 1733 3286 doctis,
1770 3235 1912 3289 prte-

308 3327 469 3384 fatam
495 3324 784 3394 Epistulam
810 3321 1069 3392 plurimos
1099 3319 1380 3375 continere
1402 3328 1617 3370 errores
1633 3310 1914 3368 Catholico

308 3433 531 3492 prorsus
551 3417 820 3487 indignos,
842 3426 947 3468 tam
967 3411 1357 3482 impudentem,
1378 3423 1538 3479 quam
1559 3406 1747 3462 falsam
1771 3419 1915 3468 esse,

309 3512 545 3582 nullique
563 3509 752 3565 haeresi
778 3507 946 3577 magis
959 3505 1139 3560 favere
1165 3518 1322 3573 quam
1341 3501 1754 3555 Donatistarum.
1777 3497 1915 3564 Quin

309 3605 476 3661 immo
521 3603 689 3660 asseri
721 3608 918 3673 potest,
968 3598 1238 3654 laudatam
1270 3592 1569 3650 Firmiliani
1600 3591 1916 3663 Epistulam,

314 3694 606 3752 Donatistis
627 3701 813 3764 utpote
836 3689 1214 3750 schismaticis,
1236 3684 1507 3741 adversari
1536 3684 1727 3753 magis,
1753 3695 1913 3752 quam

311 3786 569 3859 prodesse
597 3804 611 3841 :
645 3784 988 3841 manifestum
1031 3779 1296 3853 siquidem
1318 3787 1421 3844 εει,
1451 3791 1570 3832 eam
1603 3776 1759 3846 plane
1791 3785 1910 3829 ten-

310 3881 441 3937 dere
490 3879 557 3935 ad
611 3879 870 3934 unitatem
924 3872 1286 3937 servandam,
1331 3879 1386 3926 ct
1418 3869 1561 3940 rupti
1598 3866 1844 3937 ejusdem
1884 3881 1913 3920 a

311 3976 370 4034 S.
399 3973 673 4045 Stephano
699 3970 899 4028 vinculi
921 3967 1339 4024 restitutionem.

383 4069 622 4125 Numero
663 4066 753 4123 85.
804 4064 886 4120 Ex
934 4063 1099 4119 meris
1149 4057 1477 4130 coniecturis
1503 4053 1794 4126 etquidem
1819 4051 1913 4106 ad-

314 4165 533 4222 modum
579 4161 800 4218 incertis
844 4158 1076 4223 asserit,
1124 4154 1438 4210 Africanum
1488 4158 1763 4205 auctorem
1795 4144 1918 4200 faue

317 4256 576 4328 Epistulae
605 4268 747 4308 esse.

393 4391 470 4462 (1)
504 4387 629 4462 Yid.
657 4382 1193 4462 Epist._llieronymi.
1219 4379 1344 4444 105,
1382 4375 1489 4433 112
1516 4383 1572 4432 et
1599 4375 1721 4438 115,
1742 4372 1918 4429 etAu-

315 4455 767 4536 gus‘ti'ni__il_6,_al.
800 4457 894 4536 97’=
927 4455 1343 4536 ad_Hieronytn.

318 4515 634 4660 0—(2)50Vgid.
657 4515 828 4600 'Oper.
855 4515 1113 4601 Cyprian.
1148 4515 1270 4580 cum
1297 4520 1446 4576 notis
1476 4518 1663 4591 Steph.
1693 4515 1918 4582 Baluzii,

318 4622 438 4679 pag.
577 4645 590 4657 .

2018 3211 2404 3266 Samosatenus
2430 3208 2525 3262 fuit
2551 3206 2848 3272 depositus,
2871 3221 2932 3259 ac
2961 3205 3028 3259 dc
3055 3205 3261 3275 synodo
3285 3204 3621 3260 Antiochena

2017 3321 2094 3372 ιιι,
2126 3320 2268 3359 anno
2300 3305 2528 3374 primum
2577 3301 2704 3367 9.72,
2737 3301 3007 3356 celebrata
3041 3298 3224 3361 habet,
3283 3297 3507 3352 multum
3536 3297 3622 3352 hic

2017 3399 2283 3455 discutere
2305 3397 2447 3452 haud
2475 3411 2656 3467 operte
2678 3394 2907 3465 pretium
2935 3407 3055 3448 esse
3076 3406 3393 3458 censemus;
3425 3389 3624 3446 videsis

2020 3499 2341 3562 praesentem
2400 3492 2535 3544 hanc
2583 3497 2790 3559 partem
2841 3502 2930 3539 xut
2965 3527 2978 3549 ,
3040 3484 3283 3540 Historia:
3337 3482 3621 3553 theologica

2021 3583 2224 3639 Critiae
2271 3583 2510 3637 sectione
2559 3581 2768 3642 ultima,
2804 3579 2890 3631 ubi
2943 3593 3009 3632 ex
3043 3575 3287 3645 professo
3317 3575 3524 3643 egimus
3554 3573 3623 3628 de

2023 3676 2242 3750 synodis
2268 3673 2620 3730 Antiochenis
2650 3673 2700 3724 in
2751 3684 2912 3723 causa
2942 3668 3095 3721 Pauli
3128 3665 3486 3721 Samosateni.
3524 3663 3624 3718 Hic

2021 3769 2195 3825 solum
2251 3767 2482 3821 observo
2533 3763 2894 3818 communiter
2950 3758 3109 3813 hodie
3158 3766 3433 3827 receptam
3500 3769 3624 3812 esse

2019 3857 2360 3918 sententiam,
2418 3853 2725 3924 Dionysium
2779 3866 2969 3920 papam
3025 3858 3119 3902 aut
3168 3864 3311 3903 anno
3356 3847 3486 3912 268,
3533 3847 3622 3902 vel

2018 3959 2167 4006 certe
2191 3948 2319 4013 269,
2346 3946 2567 4011 obiisse,
2591 3958 2817 4014 eamque
2859 3940 3170 4010 Opinionem
3198 3955 3301 4008 qua
3327 3953 3472 3993 anno
3508 3937 3618 3993 275

2022 4041 2198 4098 adhuc
2227 4041 2276 4094 in
2305 4039 2444 4093 vivis
2473 4037 2636 4092 fuisse
2665 4034 2978 4094 adstruitur,
3011 4032 3080 4084 ab
3102 4030 3355 4085 omnibus
3396 4027 3623 4084 eruditis

2025 4133 2355 4206 repudiatam
2385 4144 2525 4186 esse.

2121 4293 2174 4362 5)
2217 4292 2526 4362 Hieronym.
2553 4289 2604 4343 in
2614 4287 2879 4362 Catalogo
2897 4282 3116 4340 deViris
3133 4280 3330 4336 illustr.
3353 4292 3471 4362 cap.
3496 4277 3553 4362 1.!
3564 4277 3616 4333 6.

2121 4296 2152 4349 5
2217 4296 2526 4362 Hieronym.
2553 4296 2604 4343 in
2623 4296 2879 4356 Catalogo
2897 4296 2964 4340 ue
2982 4296 3116 4339 Viris
3133 4296 3330 4336 llltlSll‘.
3353 4296 3471 4344 cap.
3496 4296 3616 4333 nu.

2095 4296 2176 4440 ξιξ
2218 4363 2570 4440 Theodoret._,
2599 4359 2872 4440 pialog:_i
2894 4399 2909 4422 ,
2938 4365 3178 4440 tuin.mtv,
3199 4349 3622 4440 .paglhphlia-

2024 4419 2246 4495 driatitts
2267 4436 2304 4489 ι.
2343 4433 2475 4502 Epla
2503 4419 2568 4486 ad
2594 4419 2870 4486 Carolin.
2897 4419 2952 4502 et
2975 4427 3026 4502 in
3059 4424 3154 4502 lib.
3182 4419 3248 4502 (te
3274 4419 3620 4502 Imaginibus,

2253 4508 2311 4562 S.
2344 4490 2688 4567 Damascen.,
2713 4509 2852 4556 orat.
2874 4497 2969 4552 Ide
2991 4493 3296 4566 lmaginib.,
3340 4506 3460 4562 pag.
3495 4490 3620 4554 ³518,

1947 4575 2004 4636 Ι)
2031 4575 2158 4637 tuin.
2191 4595 2230 4635 ι.

1731 4755 2492 4768 ψη

340 4704 3607 4800 Μ
433 4750 3200 4800 ____'____________________________,______.______.—-————-—--

433 4775 1576 4800 ψ

1022 4875 1556 5009 ANNALES

1718 4863 2226 5000 CCLESIZE
2308 4851 2822 4986 AFRICAN

972 5109 1480 5179 TEMPORIBUS
1525 5094 2031 5170 CYPRIANICIS
2077 5086 2474 5174 (AUCTORE
2515 5079 2978 5160 MORCELLI).

1643 5222 2338 5252 _________.______

619 5352 846 5413 ANNUS
871 5345 1334 5408 CHBISTIANUS
1362 5342 1632 5401 CCXLI“.

632 5461 838 5504 DONATO
867 5457 1116 5501 EPISCOPO
1145 5450 1603 5497 CABTHAGINIENSI.

395 5543 437 5599 Ι.
491 5539 844 5596 Consulatum
916 5533 1165 5590 kalendis
1235 5528 1497 5601 januariis
1573 5527 1927 5592 susceperunt

325 5637 388 5692 (ἶ.
419 5635 594 5691 Julius
633 5633 914 5696 Arrianus,
961 5626 1231 5683 {Emelius
1284 5624 1461 5693 Papus
1495 5637 1508 5673 :
1548 5634 1656 5690 quo
1684 5626 1927 5686 tempore

329 5728 633 5784 Gordianus
665 5725 800 5796 Aug.
834 5723 1030 5778 Persas
1058 5719 1110 5774 in
1137 5717 1358 5774 Oriente
1383 5711 1708 5770 debellabat.
1745 5707 1926 5765 Patior

771 5816 1047 5882 PATROL.
1086 5811 1197 5876 III.

2031 5342 2161 5384 vero
2186 5333 2348 5395 atque
2373 5319 2660 5392 gloriosior
2681 5317 2734 5371 in
2760 5311 3005 5368 ecclesite
3031 5308 3297 5364 Africana:
3341 5307 3493 5363 fastis
3519 5310 3631 5365 vic-

2031 5423 2192 5486 toria,
2225 5433 2383 5488 quam
2406 5413 2656 5471 Caecilius
2697 5406 2978 5488 presbyter
3007 5403 3076 5459 de
3123 5415 3317 5473 magno
3360 5400 3634 5474 Cypriano

2030 5521 2334 5586 reportasse
2361 5510 2465 5564 huc
2491 5521 2631 5560 anno
2658 5501 2892 5562 videtur.
2918 5487 3141 5553 Pontius
3169 5496 3313 5551 enim
3348 5494 3632 5559 diaconus,

2031 5609 2121 5680 qui
2154 5613 2339 5679 postea
2391 5600 2742 5672 Cyprianum,
2796 5607 2936 5647 anno
2981 5589 3188 5646 scilicet
3234 5587 3344 5644 245
3404 5606 3424 5639 ε
3461 5587 3638 5642 adhuc

2032 5702 2359 5773 ne0phytum
2401 5698 2476 5773 (in
2511 5693 2628 5748 Vita
2655 5690 2813 5765 (ῗυρη
2852 5706 2906 5743 n.
2955 5689 3009 5753 ὃς
3034 5702 3084 5740 υ.
3132 5684 3273 5742 Boil.
3303 5695 3350 5742 t.
3404 5699 3490 5748 tu,
3521 5691 3649 5751 sept.

3057 5778 3135 5842 Ριδ
