4116 6258
639 317 780 378 1119

1849 314 2224 373 MORCELLI.
2268 341 2336 353 -ο
2378 309 2698 368 ANNALES

3842 310 3972 366 ΝΞΟ

635 458 690 510 p.
727 435 852 506 197)
880 443 954 500 et,
1002 442 1061 490 ut
1101 435 1412 504 putabatur,
1461 433 1732 489 novellum
1769 453 1786 486 ›
1817 434 2022 505 judicio
2062 435 2153 490 Dei
2187 446 2239 491 et
2269 435 2314 491 Λ
2340 431 2514 498 jcctus
2565 445 2685 486 esse
2739 428 2953 500 (Euseb.
2995 426 3064 482 Η.
3098 426 3190 492 Ε..
3238 429 3327 483 tib.
3359 444 3431 490 vt,
3478 445 3600 498 cap.
3629 428 3729 500 51)
3762 447 3776 482 :
3814 445 3966 498 quam

638 529 810 598 plebis
837 526 1018 582 favore
1046 526 1110 580 ad
1141 525 1377 582 officium
1429 527 1750 583 saccrdotici
1801 537 1854 582 ct
1897 530 2239 598 episcOpatus

633 621 858 692 gradum
888 620 1117 674 elccmm
1148 619 1356 684 scribit,
1391 619 1558 674 nmlta
1591 619 1733 674 idem
1757 635 1787 674 a
1819 621 2089 692 Cypriane
2115 630 2239 678 ante

633 713 992 768 sacerdotium
1023 722 1240 782 peracta
1273 712 1558 784 significat,
1586 729 1705 782 qua:
1737 713 1996 786 longioris
2025 725 2238 784 tempo-

632 807 706 861 ris
731 806 1005 876 postulent
1034 808 1290 876 spatium,
1322 815 1376 860 et
1407 807 1669 860 maturius
1699 823 1820 862 eum
1854 808 2112 878 magistro
2140 823 2239 863 suo

634 914 825 952 manus
854 897 1068 952 dedisse
1091 897 1379 952 ostendant
1410 898 1602 969 (Idem.
1638 897 1801 965 Ibid,
1833 917 1884 952 η.
1914 899 1949 954 2
1970 910 2016 953 et
2037 899 2115 973 5).
2143 900 2240 956 Hic

632 990 722 1044 ille
778 999 894 1044 erat
946 988 1226 1054 Caecilius,
1252 1005 1412 1060 quem
1454 990 1584 1043 olim
1615 987 1868 1045 Octavius
1894 1000 1948 1046 et
1974 990 2240 1047 Minucius

630 1100 697 1139 ex
729 1083 1048 1139 idololatria:
1090 1083 1275 1137 lustris
1304 1084 1355 1138 in
1391 1083 1648 1139 Ecclesia:
1675 1085 1850 1139 sinum
1881 1085 2233 1152 adduxerant,

636 1196 655 1228 ι
695 1177 972 1247 virjustus
1019 1185 1073 1231 et
1099 1175 1382 1231 laudabilis
1429 1178 1737 1231 memorias»
1776 1189 1886 1232 uta
1921 1178 2110 1233 Pontio
2140 1194 2237 1248 ap-

633 1269 858 1337 pellatur
880 1267 1072 1339 (Idem.
1094 1266 1258 1334 lbid.,
1293 1286 1344 1322 η.
1369 1268 1450 1335 4),
1481 1287 1499 1319 ί
1527 1278 1581 1323 et
1610 1278 1767 1323 relate
1797 1278 1922 1323 tunc
1949 1279 2003 1323 et
2032 1268 2238 1324 honore

631 1360 938 1430 presbyter,
978 1377 996 1410 ι
1033 1360 1188 1429 cujus
1218 1360 1573 1415 contubernio
1613 1361 1914 1432 Cyprianus
1963 1361 2233 1415 utebatur.

632 1454 806 1521 Atque
830 1452 914 1506 hic
941 1451 1154 1522 quidem
1187 1451 1537 1506 institutionis
1563 1454 1648 1506 vix
1693 1453 1928 1522 patiens,
1961 1453 2050 1506 diu
2073 1467 2236 1522 repu-

630 1558 904 1619 gnaverat,
968 1557 1114 1602 ratus
1161 1547 1274 1602 ﬂeri
1308 1564 1412 1601 non
1473 1562 1651 1618 posse,
1701 1556 1759 1601 ut
1801 1558 2011 1602 veteres
2058 1563 2237 1603 mores

631 1651 870 1707 exueret,
905 1651 958 1695 et
981 1641 1308 1711 singularem
1344 1642 1510 1707 illam,
1545 1657 1664 1711 quat
1706 1641 2126 1710 proponebatur,
2156 1642 2234 1694 vi-

634 1744 700 1790 tat:
729 1735 990 1790 rationem
1024 1735 1202 1788 iniret.
1243 1733 1373 1787 Nam
1406 1745 1570 1788 aestus
1618 1735 1730 1802 ipse
1769 1749 1897 1787 suos
1924 1734 2001 1788 sic
2039 1733 2237 1788 deinde

2346 526 2559 597 Bahylze
2601 524 2956 579 constantiam
3012 522 3250 579 Joannes
3276 522 3708 597 Chrysostomus
3753 525 3967 579 eximiis

2347 619 2588 674 laudibus
2616 619 2892 673 exornavit
2922 617 3108 689 (Oper.
3139 629 3177 671 ι.
3215 634 3272 678 ιι,
3302 637 3355 688 p.
3391 617 3545 689 545).

2417 711 2479 766 ll.
2508 711 2806 782 Cyprianus
2833 710 3038 765 interea
3075 708 3399 782 Carthagine
3427 719 3573 765 totus
3610 718 3744 764 erat
3773 709 3836 763 in
3861 718 3965 763 stn-

2341 806 2444 860 diis
2464 805 2766 858 divinarum
2789 803 3140 869 Litterarum,
3183 814 3242 858 ut
3271 814 3528 874 quantum
3556 804 3727 858 bonis
3762 804 3963 858 artibus

2343 899 2685 967 externisque
2725 895 3026 966 disciplinis
3051 897 3370 961 excelleret,
3411 906 3627 950 tantum
3659 894 3961 949 christiana

2343 991 2503 1046 etiam
2536 989 2778 1044 doctrina
2806 999 3106 1059 praestaret.
3133 989 3280 1044 Inter
3303 990 3510 1059 reliqua
3530 987 3770 1042 Patrum
3797 989 3962 1057 scrip-

2345 1094 2394 1139 ta
2425 1083 2810 1139 Tertullianum
2852 1082 2922 1136 ab
2972 1098 3038 1137 eo
3085 1082 3300 1137 assidue
3329 1080 3529 1136 lectum
3565 1088 3806 1135 testatur
3840 1078 3962 1132 Ilie-

2343 1193 2600 1250 ronymus
2638 1177 2724 1250 (de
2763 1175 2872 1232 Vir.
2907 1177 3067 1231 illusi.
3113 1195 3158 1230 ε.
3191 1176 3307 1247 53),
3335 1177 3424 1246 qui
3471 1191 3532 1230 se
3588 1175 3701 1230 hoc
3757 1189 3790 1226 a
3841 1188 3958 1227 sene

2342 1270 2732 1328 Coucordieusi
2767 1271 3020 1326 didicisse
3051 1271 3158 1334 ait,
3209 1271 3301 1341 qui
3342 1286 3372 1326 a
3423 1270 3648 1324 notario
3705 1267 3954 1339 Cypriani

2343 1363 2656 1418 adolescens
2703 1364 2889 1417 Romre
2939 1363 3204 1426 audierat,
3250 1362 3455 1418 referre
3497 1361 3686 1425 solito,
3746 1379 3768 1410 ι
3811 1376 3951 1413 nun-

2341 1471 2499 1526 quam
2545 1455 2872 1526 Cyprianum
2902 1455 3103 1524 absque
3141 1454 3457 1508 Tertulliani
3505 1453 3760 1507 lectione
3809 1468 3950 1505 unum

2342 1549 2484 1605 diem
2519 1549 2872 1619 praeteriisse,
2906 1563 2968 1602 ac
2994 1547 3097 1602 sibi
3143 1548 3335 1603 crebro
3390 1547 3574 1601 dicere
3609 1563 3622 1597 :
3654 1545 3741 1599 Da
3800 1547 3949 1614 magi-

2342 1655 2534 1710 strum,
2565 1641 2957 1697 Tertullianum
3002 1640 3289 1704 videlicet;
3329 1658 3348 1692 ι
3403 1655 3469 1695 ex
3501 1654 3613 1710 quo
3654 1649 3850 1692 tamen
3882 1639 3948 1693 ille

2341 1738 2418 1792 sic
2459 1733 2586 1791 boni
2626 1735 2767 1804 quod
2815 1735 3010 1799 inerat,
3041 1732 3285 1789 delibare
3315 1731 3524 1797 didicit,
3556 1743 3620 1786 ut
3647 1731 3805 1785 mala
3837 1748 3945 1799 pra-

631 1828 684 1880 in
725 1828 949 1897 epistola
999 1828 1067 1879 ad
1109 1825 1368 1879 Donatum
1420 1827 1711 1895 exposuit:
1771 1845 1788 1876 ι
1852 1825 1988 1896 Ego,
2037 1827 2229 1896 inquit,
2264 1856 2309 1914 Β
2338 1829 2473 1883 dens
2519 1827 2787 1897 rejiceret,
2832 1841 2894 1881 ac
2921 1842 3066 1896 smpe
3117 1834 3305 1896 postea
3352 1824 3702 1878 dissimulato
3735 1822 3944 1877 nomine

628 1935 747 1973 cum
807 1919 859 1972 in
935 1919 1171 1972 tenebris
1233 1927 1391 1988 atque
1461 1919 1513 1972 in
1565 1930 1723 1974 nocte
1785 1934 1932 1974 cmca
1970 1920 2230 1988 jacerem,

629 2025 858 2081 cumque
889 2014 940 2064 in
993 2012 1106 2066 salo
1149 2011 1404 2081 jactantis
1433 2012 1615 2066 surculi
1650 2010 1990 2066 nutabundus
2033 2005 2094 2067 ac
2137 2013 2233 2066 du-

627 2101 748 2156 bius
792 2102 1030 2172 vestigiis
1080 2103 1455 2157 oberrantibus
1507 2103 1864 2170 ﬂuctuarem,
1920 2103 2042 2159 vita:
2098 2122 2232 2162 mete

627 2197 862 2260 nescius,
891 2195 1134 2251 veritatis
1161 2209 1223 2248 ac
1252 2195 1386 2249 lucis
1408 2196 1646 2261 alienus;
1675 2196 1896 2252 difficile
1921 2212 2140 2265 prorsus
2171 2214 2233 2253 ac

627 2288 820 2342 durum
853 2303 950 2358 pro
983 2288 1088 2341 illis
1116 2297 1242 2342 tunc
1289 2288 1530 2341 moribus
1567 2288 1848 2356 Opinahar,
1897 2289 2040 2358 quod
2072 2290 2123 2343 in
2148 2305 2233 2345 sa-

628 2384 793 2438 lutem
841 2382 971 2437 mihi
1015 2383 1193 2437 divina
1240 2383 1570 2453 indulgentia
1602 2383 1979 2452 pollicebatur,
2010 2392 2067 2436 ut
2112 2383 2231 2452 quis

626 2477 834 2532 renasci
882 2477 1058 2531 denuo
1106 2487 1322 2546 posset;
1357 2487 1519 2547 utque
1561 2478 1611 2531 in
1643 2493 1832 2532 novam
1885 2479 2048 2532 vitam
2083 2477 2229 2531 lava-

626 2584 721 2624 cro
751 2585 903 2640 aqua:
935 2569 1187 2624 salutaris
1216 2570 1507 2636 animatus,
1546 2570 1687 2640 quod
1717 2570 1864 2640 prius
1911 2569 2104 2634 fuerat,
2137 2584 2231 2624 ex-

631 2671 878 2730 poneret,
909 2671 962 2715 et
1001 2663 1266 2732 corporis,
1299 2661 1421 2715 licet
1452 2673 1701 2717 manente
1731 2678 2010 2733 compage,
2055 2663 2230 2718 homi-

624 2770 746 2808 nem
770 2754 952 2808 animo
982 2769 1044 2808 ac
1072 2761 1250 2807 mente
1282 2761 1534 2808 mutaret.
1563 2753 1662 2821 Qui
1691 2755 1958 2823 possibilis
1988 2764 2088 2820 cst,
2121 2756 2229 2811 aie-

624 2847 768 2911 bam,
789 2856 931 2902 tanta
957 2848 1245 2902 conversio
1261 2847 1463 2902 ?iVieit
1480 2859 1679 2913 tamen,
1709 2847 1819 2903 Deo
1844 2860 2089 2913 auctore,
2107 2851 2224 2904 Ca:-

621 2940 798 3007 cilius,
829 2955 1060 3010 eumque
1095 2940 1347 2995 Ecclesize
1371 2941 1541 2994 virum
1573 2940 1741 3007 dedit,
1776 2941 1985 3011 qualem
2015 2941 2228 2996 miseris

619 3031 1052 3101 calamitosisque
1101 3032 1454 3102 temporibus,
1499 3047 1618 3104 quae
1663 3031 1774 3101 jam
1818 3031 2222 3102 impendebant,

619 3134 805 3194 optare
837 3124 1026 3194 magis,
1050 3140 1208 3193 quam
1243 3140 1462 3194 sperare
1494 3133 1696 3194 posset,
1731 3141 1835 3179 non
1882 3125 2043 3178 modo
2076 3125 2224 3194 inge-

620 3218 708 3272 nio
736 3227 787 3272 et
809 3216 1049 3273 doctrina
1079 3229 1446 3289 przestantem,
1478 3217 1572 3273 sed
1601 3220 1830 3272 concilio
1872 3219 1925 3272 in
1957 3220 2141 3289 primis
2169 3227 2222 3273 et
2247 3247 2290 3308 ρ

621 3308 883 3380 sapientia
918 3319 971 3362 et
1007 3310 1307 3364 Constantia
1338 3309 1732 3364 admirabilem.
1763 3308 2062 3380 Cyprianus
2093 3325 2220 3365 vero

621 3421 725 3462 non
751 3407 861 3477 jam
886 3422 944 3462 se
972 3409 1194 3472 victum,
1223 3406 1316 3460 sed
1343 3407 1392 3458 in
1425 3406 1728 3460 libertatem
1759 3405 2082 3459 vimlicatnm
2119 3421 2217 3474 pu-

617 3499 768 3566 tavit,
800 3499 973 3570 deque
999 3499 1208 3569 patroni
1240 3499 1318 3552 sui
1353 3499 1569 3553 nomine
1620 3498 1815 3553 exinde
1841 3498 2088 3553 Caecilius
2114 3498 2218 3570 Cy-

615 3593 837 3662 prianus
881 3591 985 3646 dici
1032 3592 1238 3656 voluit;
1269 3607 1426 3661 quem
1473 3600 1527 3646 et
1573 3610 1590 3643 ι
1625 3600 1740 3644 ιοιο
1787 3591 2011 3658 honore,
2047 3592 2218 3661 inquit

616 3683 857 3750 Pontius,
880 3695 1040 3754 atque
1057 3685 1201 3739 omni
1231 3684 1571 3737 observantia
1595 3681 1871 3753 diligebat,
1896 3682 2214 3752 obsequenti

614 3775 964 3828 veneratione
1011 3776 1328 3846 suspiciens,
1360 3790 1463 3828 non
1491 3774 1604 3845 jam
1660 3784 1716 3828 ttt
1761 3780 1993 3829 amicum
2021 3775 2214 3828 anima:

613 3867 964 3935 comqualcm,
999 3868 1095 3922 sed
1129 3879 1396 3939 tamquam
1432 3885 1583 3923 nova:
1615 3869 1737 3922 vitae
1778 3879 2076 3938 parentem.
2117 3886 2134 3918 ›

2339 1921 2622 1978 refutaret.

2624 2036 2854 2093 ANNUS
2909 2033 3362 2092 CHRISTIANUS
3409 2031 3665 2089 CCXLV.

2645 2147 2854 2188 DONATO
2878 2147 3126 2187 EPISCOPO
3151 2145 3606 2186 CARTHAGINIEN'SI
3618 2169 3630 2180 .

2405 2247 2753 2302 Consulatum
2818 2247 3052 2301 inierunt
3107 2247 3234 2315 imp.
3291 2245 3359 2299 Μ.
3417 2245 3604 2299 Julius
3647 2241 3924 2314 Philippus,

2334 2340 2451 2394 'l‘ih.
2483 2339 2677 2392 Fabius
2706 2339 2966 2393 'l‘itianus.
2998 2338 3107 2394 lloc
3133 2353 3274 2392 anno
3302 2347 3555 2392 mortuus
3588 2349 3794 2407 putatur
3812 2337 3910 2391 Ter

2336 2433 2608 2485 tullianns.
2640 2431 2734 2484 llle
2791 2441 2939 2486 certe
2991 2446 3160 2501 usque
3210 2430 3275 2484 ad
3327 2430 3668 2500 decrepitam
3714 2440 3929 2492 :etatem,

2336 2533 2471 2581 teste
2501 2525 2828 2594 Hieronymo
2847 2526 2932 2596 (de
2963 2524 3069 2578 Vir.
3105 2525 3318 2587 illustr.,
3343 2542 3389 2578 c.
3417 2526 3510 2593 55)
3547 2525 3754 2578 vixisse
3780 2524 3934 2576 dictus

2333 2632 2452 2682 ρει,
2487 2629 2648 2689 atque
2686 2620 2752 2674 ad
2809 2619 3038 2673 mediam
3090 2619 3309 2689 quidem
3353 2618 3703 2681 Catholicus,
3753 2617 3934 2672 exinde

2335 2709 2678 2775 Moutanista,
2713 2711 2815 2764 sub
2839 2719 3138 2766 extremam
3172 2726 3301 2764 vero
3328 2711 3494 2765 etiam
3531 2710 3930 2764 limresiarches.

2337 2804 2550 2860 Utinam
2582 2806 2670 2874 qui
2703 2806 2976 2859 memoria:
3009 2806 3138 2859 tanti
3170 2805 3453 2874 scriptoris
3475 2805 3683 2868 favent,
3712 2818 3933 2873 eumque

2329 2897 2618 2965 aliquando
2647 2897 2711 2950 ad
2733 2897 2946 2969 ,bonant
2984 2899 3184 2967 frugem
3215 2897 3446 2952 rediisse
3492 2899 3803 2966 opinantur,
3832 2896 3932 2950 idi-

2329 3005 2483 3059 psum
2513 2991 2710 3046 indicio
2738 2992 2918 3063 aliquo
2956 3001 3050 3044 aut
3073 3000 3216 3046 certa
3255 2990 3440 3060 aliqua
3473 3001 3711 3044 veterum
3743 2999 3932 3042 aucto-

2329 3085 2482 3137 ritate
2502 3084 2918 3140 eoufirtnarent!
2953 3084 3149 3138 Contra
3173 3085 3224 3138 in
3249 3084 3467 3152 scriptis
3496 3085 3612 3154 ejus
3635 3084 3768 3137 nulla
3799 3098 3927 3153 pa:-

2328 3176 2548 3231 nitentis
2599 3177 2766 3230 animi
2821 3177 3043 3246 vestigia
3102 3186 3249 3241 sunt,
3280 3178 3484 3232 mansit
3509 3188 3653 3230 secta
3684 3174 3931 3246 ejusdem

2327 3284 2494 3338 usque
2523 3271 2590 3322 ad
2616 3271 2896 3337 Augustini
2929 3279 3198 3340 tempora,
3232 3273 3414 3340 lapsus
3460 3270 3630 3324 adhuc
3659 3280 3710 3323 et
3741 3269 3928 3323 defec-

2324 3361 2484 3415 tionis
2513 3363 2776 3417 memoria
2831 3372 3078 3432 perstat:
3112 3373 3168 3416 ut
3223 3378 3346 3417 eum
3372 3363 3515 3432 plane
3558 3363 3762 3414 exitum
3819 3361 3933 3414 ha-

2324 3454 2504 3510 buisse
2549 3456 2816 3518 videatur,
2851 3456 2916 3509 ad
2954 3471 3116 3526 quem
3144 3455 3351 3524 jamdiu
3377 3453 3656 3523 pertinacia
3700 3451 3823 3518 ipsa
3861 3462 3928 3506 et

2320 3546 2598 3603 catholica:
2639 3548 2896 3604 Ecclesia:
2937 3559 3248 3618 contemptu
3300 3546 3673 3602 adducebatur.
3716 3543 3936 3600 Nonne

2318 3639 2462 3692 enim
2513 3649 2672 3696 :rtate
2715 3656 2932 3710 quoque
2977 3649 3160 3696 nostra
3211 3640 3428 3709 paribus
3472 3637 3634 3691 initiis
3669 3637 3938 3693 homines

2315 3735 2432 3801 ejus
2473 3735 2617 3788 modi
2662 3735 2876 3806 ingenio
2921 3735 3274 3804 doctrinaque
3319 3733 3513 3788 ﬂorere
3553 3733 3814 3798 vidimus,
3842 3734 3938 3801 qui

2315 3845 2464 3899 saepe
2489 3828 2609 3883 aliis
2655 3837 2801 3882 recte
2847 3828 3058 3882 vivendi
3089 3838 3340 3883 auctores
3385 3828 3640 3889 fuerant;
3700 3841 3939 3896 quorum

2319 3930 2495 3976 tamen
2528 3928 2770 3975 extrema
2800 3919 2980 3974 studio
3010 3921 3235 3988 partium
3267 3920 3524 3988 aurisque
3572 3917 3942 3986 popularibus

2317 4013 2537 4082 abrepta
2592 4027 2654 4065 ac
2701 4011 3000 4066 deformata
3052 4011 3415 4066 deﬂevimus:
3452 4011 3607 4065 irrito
3664 4010 3938 4065 bonorum

2319 4117 2535 4171 Conattt,
2556 4106 2752 4176 quieos
2772 4104 2837 4158 ad
2860 4105 3054 4174 prioris
3084 4104 3203 4157 vitze
3231 4103 3452 4158 consilia
3489 4119 3764 4159 revocare
3795 4104 3947 4158 vole-

2317 4200 2483 4253 bant?
2512 4197 2628 4251 htec
2655 4198 2906 4250 nimirum
2937 4195 3202 4265 superbia:
3231 4211 3384 4264 petua
3428 4195 3698 4249 divinitus
3733 4195 3946 4250 consti-

2317 4304 2425 4348 tuta
2475 4303 2556 4346 est
2589 4303 2643 4345 ut
2693 4291 2790 4346 sibi
2839 4293 2951 4362 ipsa
2987 4290 3274 4360 perniciem
3313 4291 3508 4344 inferat
3539 4291 3943 4347 voluntariam.

2602 4406 2826 4463 ANNUS
2855 4407 3090 4462 CHRIS'I
3111 4406 3314 4462 IASUS
3350 4405 3634 4461 CCXLVI.

2636 4531 2845 4571 DONATO
2875 4531 3122 4571 EPISCOPO
3143 4530 3579 4572 CARTHAGINIENSI
3588 4556 3606 4568 .

687 3956 751 4011 11.
784 3957 1121 4029 Carthaginis
1165 3960 1394 4014 incolant
1427 3971 1538 4014 tmn
1588 3960 1751 4015 fuisse.
1793 3961 2116 4031 Cyprianum
2148 3977 2211 4015 ex

612 4050 728 4120 ejus
753 4050 978 4121 epistola
1027 4054 1294 4117 novimus,
1324 4070 1483 4123 quam
1527 4053 1818 4125 aliquando
1846 4054 1967 4108 exul
1996 4054 2061 4107 ad
2099 4055 2209 4108 elc-

611 4160 728 4198 rutn
765 4143 1253 4215 carthaginiensem
1282 4148 1495 4216 scripsit
1531 4165 1543 4201 :
1580 4164 1699 4202 nam
1732 4148 1833 4202 sibi
1885 4150 1934 4201 in
1966 4148 2100 4201 votis
2125 4165 2209 4201 re-

608 4238 777 4292 dittnn
801 4253 921 4294 esse
938 4240 1264 4310 significans,
1287 4262 1303 4294 ι
1328 4243 1413 4297 ubi
1439 4244 1602 4309 enim,
1622 4245 1786 4313 inquit
1812 4243 2000 4315 (Epist.
2029 4242 2213 4312 xxxu)

611 4331 740 4385 mihi
794 4341 886 4386 aut
933 4331 1124 4386 melius
1156 4335 1323 4402 possit
1353 4349 1474 4389 esse
1514 4347 1607 4388 aut
1658 4336 1852 4399 lanius,
1885 4351 2042 4404 quam
2075 4335 2206 4398 illic,

605 4423 694 4478 ubi
730 4438 816 4478 me
866 4424 1006 4479 Deus
1053 4423 1278 4480 credere
1308 4425 1472 4480 voluit
1512 4435 1567 4480 et
1601 4430 1883 4482 crescere?
1913 4446 1931 4477 ι
1960 4425 2064 4482 Sed
2094 4425 2209 4479 lucc

604 4519 720 4586 ipsa
775 4517 945 4573 verba
983 4532 1104 4573 eum
1132 4517 1257 4573 alibi
1290 4526 1472 4572 natum
1527 4520 1825 4574 submonen
1856 4538 1868 4575 :
1901 4534 1998 4573 nec
2027 4527 2205 4573 tamen

605 4613 831 4680 patriam
863 4613 980 4682 ejus
1016 4613 1226 4682 longius
1253 4612 1493 4668 dissitam
1521 4613 1866 4677 crediderim,
1897 4630 2015 4668 cum
2063 4612 2202 4668 idem

607 4701 792 4756 hortos
842 4719 1035 4774 propre
1083 4703 1457 4776 Carthaginem
1508 4705 1754 4760 habuerit
1785 4704 1966 4778 (Pont.
2003 4705 2052 4758 in
2097 4703 2198 4760 Vit.

605 4810 657 4846 η.
691 4791 779 4863 15)
819 4810 829 4844 :
861 4810 994 4862 quos
1025 4795 1187 4848 simul
1228 4811 1348 4850 cum
1385 4796 1600 4865 prtcdiis
1631 4796 1734 4850 hoc
1766 4812 1907 4850 anno
1940 4796 2199 4861 vendidit,

602 4893 658 4938 ut
707 4885 932 4954 pecunia
979 4886 1195 4942 redacta
1243 4890 1514 4959 egentium
1585 4889 1820 4960 inapiam
1873 4898 2202 4945 sustentaret

599 4976 790 5050 (Idem.
820 4976 984 5044 Ibid.,
1015 4979 1168 5052 71.2).

892 5093 1121 5149 ANNUS
1144 5093 1604 5152 CIIRISTIANUS
1643 5095 1912 5154 CCXLIV.

909 5205 1116 5246 DONATO
1139 5206 1387 5247 EPISCOPO
1416 5206 1858 5249 CARTHAGINIENSI
1871 5236 1881 5246 .

665 5281 707 5335 1.
737 5281 989 5352 Signatur
1013 5284 1099 5338 hic
1120 5299 1290 5339 anuus
1319 5285 1609 5356 Peregrino
1631 5295 1684 5340 ct
1711 5284 1883 5340 fulvio
1909 5285 2202 5342 ASmiliano

593 5377 908 5432 consulibus
941 5395 952 5430 :
988 5377 1086 5444 Qui
1117 5378 1447 5447 Reipublica:
1501 5379 1748 5434 funestus
1795 5378 1894 5432 fuit
1942 5379 2200 5434 Gordiani

589 5467 728 5536 Aug.
770 5468 938 5524 cattle.
975 5468 1141 5536 llnjus
1174 5478 1360 5525 auctor
1403 5469 1677 5524 ferebatur
1727 5470 1842 5540 ipse
1897 5471 2191 5542 Philippus,

593 5561 681 5630 qui
722 5561 1002 5630 imperium
1047 5564 1324 5630 proximus
1363 5564 1632 5632 suscepit,
1683 5580 2008 5635 quamquam
2053 5567 2194 5620 idem

591 5649 929 5707 Christianus
951 5653 1060 5722 jam
1093 5663 1201 5708 tum
1236 5652 1399 5708 fuisse
1425 5655 1660 5710 creditus
1681 5665 1859 5722 est,et
1889 5657 1958 5709 ob
1989 5666 2192 5710 tantum

593 5744 765 5796 scelus
795 5743 895 5798 huc
926 5759 1085 5806 anim,
1122 5761 1284 5812 quum
1315 5746 1612 5801 Antiochia:
1643 5761 1801 5802 sacro
1856 5748 2192 5804 Christiano-

595 5841 713 5880 rum
742 5833 1024 5886 eonventui
1057 5836 1248 5889 adesse
1282 5837 1458 5904 vellet,
1507 5854 1533 5889 a
1575 5837 1774 5906 Babyla
1805 5841 2060 5911 episcopo
2108 5859 2191 5897 rc-

2237 4563 2286 4622 D

2384 4633 2596 4686 Annum
2652 4631 2971 4687 incoharunt
3034 4633 3286 4687 consules
3339 4631 3579 4686 Bruttius
3629 4632 3948 4698 Praesens.

2308 4723 2592 4778 Nummius
2623 4724 2846 4777 Albinus
2881 4743 2891 4778 :
2942 4739 3078 4795 quos
3109 4735 3285 4779 autem
3328 4726 3589 4795 praesides
3621 4727 3688 4782 id
3732 4741 3952 4798 tempa-

2307 4817 2382 4870 ris
2411 4816 2588 4871 Africa
2641 4816 2911 4883 habuerit,
2943 4819 3164 4872 omnino
3207 4819 3540 4888 ignoramus.
3566 4823 3655 4875 At
3705 4821 3956 4895 Cypria-

2308 4925 2408 4964 nus
2439 4912 2605 4964 sacris
2633 4910 2686 4964 in
2716 4909 3061 4980 Litterisjam
3094 4911 3366 4967 biennium
3400 4921 3665 4968 versatus
3690 4957 3708 4977 ,
3762 4934 3958 4987 parem

2305 5017 2365 5056 sc
2435 5014 2484 5058 et
2539 5003 2788 5073 religioni
2841 5003 3052 5058 tuendzc
3103 5013 3157 5058 et
3209 5004 3448 5059 moribus
3501 5007 3960 5068 conformandis

2307 5097 2559 5152 ostendit.
2595 5097 2726 5152 Nam
2752 5098 2851 5153 hoc
2879 5114 3023 5152 anno
3051 5098 3258 5153 initium
3284 5098 3551 5154 scribendi
3583 5100 3744 5158 fecit
3773 5109 3851 5161 ab
3867 5123 3956 5160 or-

2307 5203 2427 5245 nata
2473 5192 2560 5245 illa
2615 5193 2959 5262 maximeque
3005 5191 3186 5246 limata
3219 5192 3454 5262 Epistola
3509 5193 3577 5246 ad
3656 5198 3956 5255 Donatum

2303 5288 2559 5351 amicum,
2593 5287 2644 5340 in
2675 5303 2776 5356 qua
2800 5297 2853 5340 et
2881 5289 3081 5340 veteris
3108 5290 3232 5340 vine
3261 5301 3473 5341 errores
3501 5287 3794 5362 depingit
3825 5311 3956 5349 suos

2304 5389 2357 5433 et
2393 5379 2627 5449 suscepti
2669 5379 2925 5448 Baptismi
2960 5382 3206 5434 virtutem
3237 5379 3464 5444 extollit,
3497 5389 3550 5434 et
3573 5382 3738 5438 vitia
3773 5387 3958 5443 homi-

2302 5486 2428 5525 nmn
2482 5481 2676 5542 quanta
2721 5473 2848 5538 sint,
2875 5481 2928 5526 et
2959 5488 3113 5543 quam
3168 5473 3372 5543 magnis
3417 5488 3446 5528 e
3491 5473 3795 5541 periculis
3831 5498 3956 5537 ere-

2299 5575 2424 5635 ptus
2476 5566 2652 5629 fuerit,
2683 5567 2853 5636 gratia
2901 5566 3068 5620 divini
3104 5566 3344 5619 beneficii
3382 5577 3953 5633 commemoratione

2299 5659 2556 5714 declarat.
2592 5658 2722 5727 Qua:
2773 5669 2949 5714 tamen
2991 5657 3290 5730 Cyprianus
3324 5673 3512 5713 recens
3543 5674 3575 5713 c
3613 5666 3879 5732 schola,
3910 5683 3958 5725 et

2301 5750 2533 5807 fucatam
2583 5751 2869 5823 quemdam
2920 5753 3147 5807 nitorem
3191 5751 3423 5808 nondum
3471 5749 3729 5825 oblitus,
3769 5779 3850 5821 eo
3875 5763 3953 5820 di.

2297 5845 2453 5898 ccndi
2482 5859 2678 5914 genere
2720 5845 3092 5916 pertractavit,
3123 5862 3229 5917 quo
3257 5844 3447 5902 deinde
3477 5847 3808 5917 gravitatis
3841 5872 3954 5916 sm.
