  <div class='ocr_page' id='page_1' title='image "/cluster/home/n/w/nwhite01/storage/ocr_20150623/3/hvd.32044054086798/760.png"; bbox 0 0 4208 6276; ppageno 0'>
   <div class='ocr_carea' id='block_1_1' title="bbox 307 265 442 322">
    <p class='ocr_par' dir='ltr' id='par_1_1' title="bbox 307 265 442 322">
     <span class='ocr_line' id='line_1_1' title="bbox 307 265 442 322; baseline 0.015 -2"><span class='ocrx_word' id='word_1_1' title='bbox 307 265 442 322; x_wconf 72' lang='lat'><strong>“&quot;21</strong></span> 
     </span>
    </p>
   </div>
   <div class='ocr_carea' id='block_1_2' title="bbox 1561 252 2360 315">
    <p class='ocr_par' dir='ltr' id='par_1_2' title="bbox 1561 252 2360 315">
     <span class='ocr_line' id='line_1_2' title="bbox 1561 252 2360 315; baseline 0.001 -1"><span class='ocrx_word' id='word_1_2' title='bbox 1561 252 1917 314; x_wconf 62' lang='lat' dir='ltr'><strong>ECCLESMZ</strong></span> <span class='ocrx_word' id='word_1_3' title='bbox 1962 254 2360 315; x_wconf 64' lang='lat' dir='ltr'><strong>AFRICANjE.</strong></span> 
     </span>
    </p>
   </div>
   <div class='ocr_carea' id='block_1_3' title="bbox 3471 273 3613 329">
    <p class='ocr_par' dir='ltr' id='par_1_3' title="bbox 3471 273 3613 329">
     <span class='ocr_line' id='line_1_3' title="bbox 3471 273 3613 329; baseline 0.007 -1"><span class='ocrx_word' id='word_1_4' title='bbox 3471 273 3613 329; x_wconf 68' lang='lat'><strong>149.9.</strong></span> 
     </span>
    </p>
   </div>
   <div class='ocr_carea' id='block_1_4' title="bbox 303 374 3608 458">
    <p class='ocr_par' dir='ltr' id='par_1_4' title="bbox 303 374 3608 458">
     <span class='ocr_line' id='line_1_4' title="bbox 303 374 3608 458; baseline 0.002 -19"><span class='ocrx_word' id='word_1_5' title='bbox 303 384 490 440; x_wconf 90' lang='lat' dir='ltr'><strong>diosus</strong></span> <span class='ocrx_word' id='word_1_6' title='bbox 519 397 810 457; x_wconf 86' lang='lat' dir='ltr'><strong>numquam</strong></span> <span class='ocrx_word' id='word_1_7' title='bbox 837 397 965 440; x_wconf 89' lang='lat' dir='ltr'><strong>usus</strong></span> <span class='ocrx_word' id='word_1_8' title='bbox 994 393 1097 452; x_wconf 81' lang='lat' dir='ltr'><strong>eSt,</strong></span> <span class='ocrx_word' id='word_1_9' title='bbox 1127 377 1179 439; x_wconf 86' lang='lat' dir='ltr'><strong>id</strong></span> <span class='ocrx_word' id='word_1_10' title='bbox 1201 377 1533 450; x_wconf 74' lang='lat' dir='ltr'><strong>Augustinus</strong></span> <span class='ocrx_word' id='word_1_11' title='bbox 1567 405 1586 438; x_wconf 72' lang='grc' dir='ltr'><strong><em>ι</em></strong></span> <span class='ocrx_word' id='word_1_12' title='bbox 1625 397 1906 458; x_wconf 83' lang='lat' dir='ltr'><strong>spumeum</strong></span> <span class='ocrx_word' id='word_1_13' title='bbox 1932 374 1987 435; x_wconf 85' lang='grc' dir='ltr'><strong>Α</strong></span> <span class='ocrx_word' id='word_1_14' title='bbox 2011 376 2264 447; x_wconf 67' lang='grc' dir='ltr'><strong>Αυςιιειῑε</strong></span> <span class='ocrx_word' id='word_1_15' title='bbox 2291 377 2490 448; x_wconf 79' lang='lat' dir='ltr'><strong>Populo</strong></span> <span class='ocrx_word' id='word_1_16' title='bbox 2512 377 2656 447; x_wconf 67' lang='lat' dir='ltr'><strong>dum,</strong></span> <span class='ocrx_word' id='word_1_17' title='bbox 2686 393 2785 436; x_wconf 83' lang='lat' dir='ltr'><strong>nec</strong></span> <span class='ocrx_word' id='word_1_18' title='bbox 2805 393 2992 438; x_wconf 90' lang='lat' dir='ltr'><strong>eorum</strong></span> <span class='ocrx_word' id='word_1_19' title='bbox 3015 383 3303 455; x_wconf 81' lang='lat' dir='ltr'><strong>quidquam</strong></span> <span class='ocrx_word' id='word_1_20' title='bbox 3326 389 3608 458; x_wconf 88' lang='lat' dir='ltr'><strong>emissum,</strong></span> 
     </span>
    </p>
   </div>
   <div class='ocr_carea' id='block_1_5' title="bbox 301 477 1910 553">
    <p class='ocr_par' dir='ltr' id='par_1_5' title="bbox 301 477 1910 553">
     <span class='ocr_line' id='line_1_5' title="bbox 301 477 1910 553; baseline 0.004 -23"><span class='ocrx_word' id='word_1_21' title='bbox 301 478 593 533; x_wconf 72' lang='lat' dir='ltr'><strong>verborum</strong></span> <span class='ocrx_word' id='word_1_22' title='bbox 618 477 879 532; x_wconf 90' lang='lat' dir='ltr'><strong>ambitum</strong></span> <span class='ocrx_word' id='word_1_23' title='bbox 911 497 930 530; x_wconf 77' lang='grc' dir='ltr'><strong><em>ι</em></strong></span> <span class='ocrx_word' id='word_1_24' title='bbox 965 477 1217 548; x_wconf 88' lang='lat' dir='ltr'><strong>appellat,</strong></span> <span class='ocrx_word' id='word_1_25' title='bbox 1265 479 1496 548; x_wconf 90' lang='lat' dir='ltr'><strong>primum</strong></span> <span class='ocrx_word' id='word_1_26' title='bbox 1529 479 1632 536; x_wconf 91' lang='lat' dir='ltr'><strong>hoc</strong></span> <span class='ocrx_word' id='word_1_27' title='bbox 1654 479 1910 553; x_wconf 85' lang='lat' dir='ltr'><strong>Cypriani</strong></span> 
     </span>
    </p>
   </div>
   <div class='ocr_carea' id='block_1_6' title="bbox 303 569 1905 646">
    <p class='ocr_par' dir='ltr' id='par_1_6' title="bbox 303 569 1905 646">
     <span class='ocr_line' id='line_1_6' title="bbox 303 569 1905 646; baseline 0.002 -17"><span class='ocrx_word' id='word_1_28' title='bbox 303 587 438 644; x_wconf 90' lang='lat' dir='ltr'><strong>epus</strong></span> <span class='ocrx_word' id='word_1_29' title='bbox 461 573 537 628; x_wconf 85' lang='lat' dir='ltr'><strong>sic</strong></span> <span class='ocrx_word' id='word_1_30' title='bbox 561 572 892 643; x_wconf 87' lang='lat' dir='ltr'><strong>perstrigeus</strong></span> <span class='ocrx_word' id='word_1_31' title='bbox 924 570 1009 644; x_wconf 86' lang='lat' dir='ltr'><strong>(de</strong></span> <span class='ocrx_word' id='word_1_32' title='bbox 1042 569 1195 627; x_wconf 87' lang='lat' dir='ltr'><strong>Dect.</strong></span> <span class='ocrx_word' id='word_1_33' title='bbox 1229 573 1404 628; x_wconf 77' lang='lat' dir='ltr'><strong>christ.</strong></span> <span class='ocrx_word' id='word_1_34' title='bbox 1439 574 1528 628; x_wconf 83' lang='lat' dir='ltr'><strong>lib.</strong></span> <span class='ocrx_word' id='word_1_35' title='bbox 1561 589 1634 640; x_wconf 81' lang='lat' dir='ltr'><strong>tv,</strong></span> <span class='ocrx_word' id='word_1_36' title='bbox 1677 592 1724 630; x_wconf 91' lang='lat' dir='ltr'><strong>c.</strong></span> <span class='ocrx_word' id='word_1_37' title='bbox 1768 577 1857 646; x_wconf 77' lang='grc'><strong>14)</strong></span> <span class='ocrx_word' id='word_1_38' title='bbox 1891 593 1905 631; x_wconf 92' lang='lat'><strong>:</strong></span> 
     </span>
    </p>
   </div>
   <div class='ocr_carea' id='block_1_7' title="bbox 310 665 1911 742">
    <p class='ocr_par' dir='ltr' id='par_1_7' title="bbox 310 665 1911 742">
     <span class='ocr_line' id='line_1_7' title="bbox 310 665 1911 742; baseline 0.001 -22"><span class='ocrx_word' id='word_1_39' title='bbox 310 686 328 720; x_wconf 75' lang='grc' dir='ltr'><strong>ε</strong></span> <span class='ocrx_word' id='word_1_40' title='bbox 360 668 478 733; x_wconf 85' lang='lat' dir='ltr'><strong>Est,</strong></span> <span class='ocrx_word' id='word_1_41' title='bbox 503 667 694 737; x_wconf 90' lang='lat' dir='ltr'><strong>inquit,</strong></span> <span class='ocrx_word' id='word_1_42' title='bbox 729 666 836 721; x_wconf 92' lang='lat' dir='ltr'><strong>tale</strong></span> <span class='ocrx_word' id='word_1_43' title='bbox 881 665 1082 735; x_wconf 89' lang='lat' dir='ltr'><strong>aliquid</strong></span> <span class='ocrx_word' id='word_1_44' title='bbox 1130 665 1182 719; x_wconf 87' lang='lat' dir='ltr'><strong>in</strong></span> <span class='ocrx_word' id='word_1_45' title='bbox 1228 666 1452 736; x_wconf 89' lang='lat' dir='ltr'><strong>epistola</strong></span> <span class='ocrx_word' id='word_1_46' title='bbox 1485 667 1778 722; x_wconf 88' lang='lat' dir='ltr'><strong>beatissimi</strong></span> <span class='ocrx_word' id='word_1_47' title='bbox 1805 666 1911 742; x_wconf 87' lang='lat' dir='ltr'><strong>Cy-</strong></span> 
     </span>
    </p>
   </div>
   <div class='ocr_carea' id='block_1_8' title="bbox 297 756 1909 831">
    <p class='ocr_par' dir='ltr' id='par_1_8' title="bbox 297 756 1909 831">
     <span class='ocr_line' id='line_1_8' title="bbox 297 756 1909 831; baseline 0.005 -18"><span class='ocrx_word' id='word_1_48' title='bbox 297 758 494 831; x_wconf 90' lang='lat' dir='ltr'><strong>priani,</strong></span> <span class='ocrx_word' id='word_1_49' title='bbox 546 758 690 829; x_wconf 90' lang='lat' dir='ltr'><strong>quod</strong></span> <span class='ocrx_word' id='word_1_50' title='bbox 736 756 860 813; x_wconf 92' lang='lat' dir='ltr'><strong>ideo</strong></span> <span class='ocrx_word' id='word_1_51' title='bbox 910 767 1040 829; x_wconf 91' lang='lat' dir='ltr'><strong>puto</strong></span> <span class='ocrx_word' id='word_1_52' title='bbox 1079 758 1161 814; x_wconf 89' lang='lat' dir='ltr'><strong>vel</strong></span> <span class='ocrx_word' id='word_1_53' title='bbox 1212 759 1493 829; x_wconf 87' lang='lat' dir='ltr'><strong>accidisse,</strong></span> <span class='ocrx_word' id='word_1_54' title='bbox 1522 763 1608 818; x_wconf 95' lang='lat' dir='ltr'><strong>vel</strong></span> <span class='ocrx_word' id='word_1_55' title='bbox 1662 766 1909 821; x_wconf 90' lang='lat' dir='ltr'><strong>consulte</strong></span> 
     </span>
    </p>
   </div>
   <div class='ocr_carea' id='block_1_9' title="bbox 295 851 1905 928">
    <p class='ocr_par' dir='ltr' id='par_1_9' title="bbox 295 851 1905 928">
     <span class='ocr_line' id='line_1_9' title="bbox 295 851 1905 928; baseline 0.005 -24"><span class='ocrx_word' id='word_1_56' title='bbox 295 854 495 906; x_wconf 73' lang='lat' dir='ltr'><strong>tactum</strong></span> <span class='ocrx_word' id='word_1_57' title='bbox 521 864 664 914; x_wconf 89' lang='lat' dir='ltr'><strong>esse,</strong></span> <span class='ocrx_word' id='word_1_58' title='bbox 717 861 776 903; x_wconf 89' lang='lat' dir='ltr'><strong>ut</strong></span> <span class='ocrx_word' id='word_1_59' title='bbox 816 852 1046 905; x_wconf 91' lang='lat' dir='ltr'><strong>sciretur</strong></span> <span class='ocrx_word' id='word_1_60' title='bbox 1076 866 1102 904; x_wconf 92' lang='lat' dir='ltr'><strong>a</strong></span> <span class='ocrx_word' id='word_1_61' title='bbox 1153 851 1404 920; x_wconf 89' lang='lat' dir='ltr'><strong>posteris,</strong></span> <span class='ocrx_word' id='word_1_62' title='bbox 1452 869 1610 924; x_wconf 90' lang='lat' dir='ltr'><strong>quam</strong></span> <span class='ocrx_word' id='word_1_63' title='bbox 1667 855 1905 928; x_wconf 83' lang='lat' dir='ltr'><strong>linguam</strong></span> 
     </span>
    </p>
   </div>
   <div class='ocr_carea' id='block_1_10' title="bbox 298 940 1909 1004">
    <p class='ocr_par' dir='ltr' id='par_1_10' title="bbox 298 940 1909 1004">
     <span class='ocr_line' id='line_1_10' title="bbox 298 940 1909 1004; baseline 0.004 -7"><span class='ocrx_word' id='word_1_64' title='bbox 298 943 560 998; x_wconf 70' lang='lat' dir='ltr'><strong>doctrinm</strong></span> <span class='ocrx_word' id='word_1_65' title='bbox 590 941 904 996; x_wconf 79' lang='lat' dir='ltr'><strong>Christianae</strong></span> <span class='ocrx_word' id='word_1_66' title='bbox 927 941 1128 996; x_wconf 90' lang='lat' dir='ltr'><strong>sanitas</strong></span> <span class='ocrx_word' id='word_1_67' title='bbox 1151 940 1218 996; x_wconf 92' lang='lat' dir='ltr'><strong>ab</strong></span> <span class='ocrx_word' id='word_1_68' title='bbox 1242 943 1340 996; x_wconf 91' lang='lat' dir='ltr'><strong>ista</strong></span> <span class='ocrx_word' id='word_1_69' title='bbox 1367 943 1718 1000; x_wconf 77' lang='lat' dir='ltr'><strong>redundantia</strong></span> <span class='ocrx_word' id='word_1_70' title='bbox 1750 964 1909 1004; x_wconf 78' lang='lat' dir='ltr'><strong>revo—</strong></span> 
     </span>
    </p>
   </div>
   <div class='ocr_carea' id='block_1_11' title="bbox 297 1034 1908 1105">
    <p class='ocr_par' dir='ltr' id='par_1_11' title="bbox 297 1034 1908 1105">
     <span class='ocr_line' id='line_1_11' title="bbox 297 1034 1908 1105; baseline 0.004 -14"><span class='ocrx_word' id='word_1_71' title='bbox 297 1035 522 1101; x_wconf 85' lang='lat' dir='ltr'><strong>caverit,</strong></span> <span class='ocrx_word' id='word_1_72' title='bbox 551 1044 604 1090; x_wconf 91' lang='lat' dir='ltr'><strong>et</strong></span> <span class='ocrx_word' id='word_1_73' title='bbox 646 1034 712 1090; x_wconf 90' lang='lat' dir='ltr'><strong>ad</strong></span> <span class='ocrx_word' id='word_1_74' title='bbox 743 1034 1105 1105; x_wconf 88' lang='lat' dir='ltr'><strong>eloquentiam</strong></span> <span class='ocrx_word' id='word_1_75' title='bbox 1146 1037 1446 1105; x_wconf 74' lang='lat' dir='ltr'><strong>graviorem</strong></span> <span class='ocrx_word' id='word_1_76' title='bbox 1496 1039 1908 1096; x_wconf 89' lang='lat' dir='ltr'><strong>modestiorem-</strong></span> 
     </span>
    </p>
   </div>
   <div class='ocr_carea' id='block_1_12' title="bbox 298 1126 1904 1200">
    <p class='ocr_par' dir='ltr' id='par_1_12' title="bbox 298 1126 1904 1200">
     <span class='ocr_line' id='line_1_12' title="bbox 298 1126 1904 1200; baseline 0.003 -17"><span class='ocrx_word' id='word_1_77' title='bbox 298 1143 404 1198; x_wconf 87' lang='lat' dir='ltr'><strong>que</strong></span> <span class='ocrx_word' id='word_1_78' title='bbox 440 1127 799 1194; x_wconf 80' lang='lat' dir='ltr'><strong>restrinxerit,</strong></span> <span class='ocrx_word' id='word_1_79' title='bbox 833 1126 1008 1196; x_wconf 82' lang='lat' dir='ltr'><strong>qualis</strong></span> <span class='ocrx_word' id='word_1_80' title='bbox 1049 1126 1102 1180; x_wconf 92' lang='lat' dir='ltr'><strong>in</strong></span> <span class='ocrx_word' id='word_1_81' title='bbox 1131 1127 1247 1198; x_wconf 90' lang='lat' dir='ltr'><strong>ejus</strong></span> <span class='ocrx_word' id='word_1_82' title='bbox 1275 1131 1730 1200; x_wconf 86' lang='lat' dir='ltr'><strong>consequentibus</strong></span> <span class='ocrx_word' id='word_1_83' title='bbox 1759 1133 1904 1188; x_wconf 85' lang='lat' dir='ltr'><strong>litte-</strong></span> 
     </span>
    </p>
   </div>
   <div class='ocr_carea' id='block_1_13' title="bbox 298 1217 1904 1291">
    <p class='ocr_par' dir='ltr' id='par_1_13' title="bbox 298 1217 1904 1291">
     <span class='ocr_line' id='line_1_13' title="bbox 298 1217 1904 1291; baseline 0.002 -15"><span class='ocrx_word' id='word_1_84' title='bbox 298 1221 377 1276; x_wconf 87' lang='lat' dir='ltr'><strong>ris</strong></span> <span class='ocrx_word' id='word_1_85' title='bbox 406 1236 598 1276; x_wconf 89' lang='lat' dir='ltr'><strong>secure</strong></span> <span class='ocrx_word' id='word_1_86' title='bbox 625 1228 855 1286; x_wconf 86' lang='lat' dir='ltr'><strong>amatur,</strong></span> <span class='ocrx_word' id='word_1_87' title='bbox 879 1217 1128 1289; x_wconf 88' lang='lat' dir='ltr'><strong>religiose</strong></span> <span class='ocrx_word' id='word_1_88' title='bbox 1149 1221 1438 1291; x_wconf 84' lang='lat' dir='ltr'><strong>appetitur,</strong></span> <span class='ocrx_word' id='word_1_89' title='bbox 1469 1222 1562 1278; x_wconf 90' lang='lat' dir='ltr'><strong>sed</strong></span> <span class='ocrx_word' id='word_1_90' title='bbox 1589 1222 1904 1280; x_wconf 92' lang='lat' dir='ltr'><strong>difﬁcillime</strong></span> 
     </span>
    </p>
   </div>
   <div class='ocr_carea' id='block_1_14' title="bbox 301 1317 635 1388">
    <p class='ocr_par' dir='ltr' id='par_1_14' title="bbox 301 1317 635 1388">
     <span class='ocr_line' id='line_1_14' title="bbox 301 1317 635 1388; baseline -0.012 -16"><span class='ocrx_word' id='word_1_91' title='bbox 301 1317 579 1388; x_wconf 88' lang='lat' dir='ltr'><strong>impletur.</strong></span> <span class='ocrx_word' id='word_1_92' title='bbox 617 1334 635 1368; x_wconf 82' lang='grc'>›</span> 
     </span>
    </p>
   </div>
   <div class='ocr_carea' id='block_1_15' title="bbox 585 1431 1614 1495">
    <p class='ocr_par' dir='ltr' id='par_1_15' title="bbox 585 1431 1614 1495">
     <span class='ocr_line' id='line_1_15' title="bbox 585 1431 1614 1495; baseline 0.002 -7"><span class='ocrx_word' id='word_1_93' title='bbox 585 1431 812 1490; x_wconf 86' lang='lat' dir='ltr'><strong>ANNUS</strong></span> <span class='ocrx_word' id='word_1_94' title='bbox 842 1431 1297 1489; x_wconf 80' lang='lat' dir='ltr'><strong>CHRISTIANUS</strong></span> <span class='ocrx_word' id='word_1_95' title='bbox 1319 1431 1614 1495; x_wconf 80' lang='lat' dir='ltr'><strong>CCXLVI].</strong></span> 
     </span>
    </p>
   </div>
   <div class='ocr_carea' id='block_1_16' title="bbox 632 1535 1593 1586">
    <p class='ocr_par' dir='ltr' id='par_1_16' title="bbox 632 1535 1593 1586">
     <span class='ocr_line' id='line_1_16' title="bbox 632 1535 1593 1586; baseline 0 -3"><span class='ocrx_word' id='word_1_96' title='bbox 632 1542 838 1584; x_wconf 62' lang='lat' dir='ltr'><strong>nosne</strong></span> <span class='ocrx_word' id='word_1_97' title='bbox 865 1543 1112 1584; x_wconf 81' lang='lat' dir='ltr'><strong>EPISCOPO</strong></span> <span class='ocrx_word' id='word_1_98' title='bbox 1133 1535 1593 1586; x_wconf 72' lang='lat' dir='ltr'><strong>CARTBAGINIENSL</strong></span> 
     </span>
    </p>
   </div>
   <div class='ocr_carea' id='block_1_17' title="bbox 371 1642 1897 1714">
    <p class='ocr_par' dir='ltr' id='par_1_17' title="bbox 371 1642 1897 1714">
     <span class='ocr_line' id='line_1_17' title="bbox 371 1642 1897 1714; baseline 0.001 -16"><span class='ocrx_word' id='word_1_99' title='bbox 371 1643 413 1698; x_wconf 88' lang='grc' dir='ltr'><strong>Ι.</strong></span> <span class='ocrx_word' id='word_1_100' title='bbox 440 1642 704 1698; x_wconf 87' lang='lat' dir='ltr'><strong>.Consules</strong></span> <span class='ocrx_word' id='word_1_101' title='bbox 733 1643 875 1698; x_wconf 87' lang='lat' dir='ltr'><strong>fuere</strong></span> <span class='ocrx_word' id='word_1_102' title='bbox 901 1642 1029 1712; x_wconf 87' lang='lat' dir='ltr'><strong>imp.</strong></span> <span class='ocrx_word' id='word_1_103' title='bbox 1066 1642 1136 1697; x_wconf 81' lang='grc' dir='ltr'><strong>Μ.</strong></span> <span class='ocrx_word' id='word_1_104' title='bbox 1165 1642 1339 1699; x_wconf 85' lang='lat' dir='ltr'><strong>Julius</strong></span> <span class='ocrx_word' id='word_1_105' title='bbox 1371 1643 1650 1714; x_wconf 83' lang='lat' dir='ltr'><strong>Philippus</strong></span> <span class='ocrx_word' id='word_1_106' title='bbox 1680 1646 1897 1713; x_wconf 80' lang='lat' dir='ltr'><strong>iterum,</strong></span> 
     </span>
    </p>
   </div>
   <div class='ocr_carea' id='block_1_18' title="bbox 297 1735 1977 1833">
    <p class='ocr_par' dir='ltr' id='par_1_18' title="bbox 297 1735 1977 1833">
     <span class='ocr_line' id='line_1_18' title="bbox 297 1735 1977 1833; baseline 0 -41"><span class='ocrx_word' id='word_1_107' title='bbox 297 1737 571 1833; x_wconf 32' lang='lat' dir='ltr'><strong>MaJuliu-s</strong></span> <span class='ocrx_word' id='word_1_108' title='bbox 602 1735 877 1833; x_wconf 76' lang='lat' dir='ltr'><strong>Philippus</strong></span> <span class='ocrx_word' id='word_1_109' title='bbox 904 1735 1105 1801; x_wconf 70' lang='lat' dir='ltr'><strong>Caesar,</strong></span> <span class='ocrx_word' id='word_1_110' title='bbox 1139 1736 1365 1807; x_wconf 81' lang='lat' dir='ltr'><strong>Augusti</strong></span> <span class='ocrx_word' id='word_1_111' title='bbox 1391 1735 1554 1803; x_wconf 85' lang='lat' dir='ltr'><strong>ﬁlius,</strong></span> <span class='ocrx_word' id='word_1_112' title='bbox 1580 1738 1670 1807; x_wconf 87' lang='lat' dir='ltr'><strong>qui</strong></span> <span class='ocrx_word' id='word_1_113' title='bbox 1701 1746 1755 1792; x_wconf 90' lang='lat' dir='ltr'><strong>et</strong></span> <span class='ocrx_word' id='word_1_114' title='bbox 1781 1739 1899 1807; x_wconf 90' lang='lat' dir='ltr'><strong>ipse</strong></span> <span class='ocrx_word' id='word_1_115' title='bbox 1926 1770 1977 1833; x_wconf 79' lang='grc' dir='ltr'>Β</span> 
     </span>
    </p>
   </div>
   <div class='ocr_carea' id='block_1_19' title="bbox 297 1826 1896 1898">
    <p class='ocr_par' dir='ltr' id='par_1_19' title="bbox 297 1826 1896 1898">
     <span class='ocr_line' id='line_1_19' title="bbox 297 1826 1896 1898; baseline -0.003 -13"><span class='ocrx_word' id='word_1_116' title='bbox 297 1827 401 1885; x_wconf 81' lang='lat' dir='ltr'><strong>sub</strong></span> <span class='ocrx_word' id='word_1_117' title='bbox 427 1826 553 1882; x_wconf 87' lang='lat' dir='ltr'><strong>anni</strong></span> <span class='ocrx_word' id='word_1_118' title='bbox 594 1826 795 1882; x_wconf 83' lang='lat' dir='ltr'><strong>exitum</strong></span> <span class='ocrx_word' id='word_1_119' title='bbox 850 1827 1123 1896; x_wconf 68' lang='lat' dir='ltr'><strong>Augustus</strong></span> <span class='ocrx_word' id='word_1_120' title='bbox 1151 1840 1180 1880; x_wconf 88' lang='lat' dir='ltr'><strong>a</strong></span> <span class='ocrx_word' id='word_1_121' title='bbox 1231 1835 1419 1884; x_wconf 78' lang='lat' dir='ltr'><strong>senatu</strong></span> <span class='ocrx_word' id='word_1_122' title='bbox 1447 1837 1530 1883; x_wconf 83' lang='lat' dir='ltr'><strong>est</strong></span> <span class='ocrx_word' id='word_1_123' title='bbox 1578 1828 1896 1898; x_wconf 84' lang='lat' dir='ltr'><strong>appellatus.</strong></span> 
     </span>
    </p>
   </div>
   <div class='ocr_carea' id='block_1_20' title="bbox 301 1919 1900 1992">
    <p class='ocr_par' dir='ltr' id='par_1_20' title="bbox 301 1919 1900 1992">
     <span class='ocr_line' id='line_1_20' title="bbox 301 1919 1900 1992; baseline 0 -16"><span class='ocrx_word' id='word_1_124' title='bbox 301 1920 384 1976; x_wconf 82' lang='lat' dir='ltr'><strong>Ad</strong></span> <span class='ocrx_word' id='word_1_125' title='bbox 428 1920 568 1976; x_wconf 84' lang='lat' dir='ltr'><strong>hunc</strong></span> <span class='ocrx_word' id='word_1_126' title='bbox 595 1934 794 1975; x_wconf 85' lang='lat' dir='ltr'><strong>annum</strong></span> <span class='ocrx_word' id='word_1_127' title='bbox 825 1927 1072 1988; x_wconf 89' lang='lat' dir='ltr'><strong>spectare</strong></span> <span class='ocrx_word' id='word_1_128' title='bbox 1101 1919 1311 1975; x_wconf 80' lang='lat' dir='ltr'><strong>videtur</strong></span> <span class='ocrx_word' id='word_1_129' title='bbox 1334 1919 1591 1992; x_wconf 74' lang='lat' dir='ltr'><strong>Cypriani</strong></span> <span class='ocrx_word' id='word_1_130' title='bbox 1623 1919 1776 1986; x_wconf 85' lang='lat' dir='ltr'><strong>liber,</strong></span> <span class='ocrx_word' id='word_1_131' title='bbox 1805 1922 1900 1992; x_wconf 86' lang='lat' dir='ltr'><strong>qui</strong></span> 
     </span>
    </p>
   </div>
   <div class='ocr_carea' id='block_1_21' title="bbox 294 2012 1898 2079">
    <p class='ocr_par' dir='ltr' id='par_1_21' title="bbox 294 2012 1898 2079">
     <span class='ocr_line' id='line_1_21' title="bbox 294 2012 1898 2079; baseline 0.001 -10"><span class='ocrx_word' id='word_1_132' title='bbox 294 2030 445 2070; x_wconf 89' lang='lat' dir='ltr'><strong>.nunc</strong></span> <span class='ocrx_word' id='word_1_133' title='bbox 491 2014 800 2070; x_wconf 81' lang='lat' dir='ltr'><strong>inscribitur</strong></span> <span class='ocrx_word' id='word_1_134' title='bbox 835 2033 855 2065; x_wconf 83' lang='grc'>‹</span> <span class='ocrx_word' id='word_1_135' title='bbox 910 2012 977 2068; x_wconf 88' lang='lat' dir='ltr'><strong>de</strong></span> <span class='ocrx_word' id='word_1_136' title='bbox 1005 2013 1252 2068; x_wconf 80' lang='lat' dir='ltr'><strong>Vanitate</strong></span> <span class='ocrx_word' id='word_1_137' title='bbox 1299 2013 1590 2079; x_wconf 86' lang='lat' dir='ltr'><strong>idolorum,</strong></span> <span class='ocrx_word' id='word_1_138' title='bbox 1620 2031 1639 2066; x_wconf 75' lang='grc' dir='ltr'><strong><em>ι</em></strong></span> <span class='ocrx_word' id='word_1_139' title='bbox 1675 2020 1730 2066; x_wconf 90' lang='lat' dir='ltr'><strong>at</strong></span> <span class='ocrx_word' id='word_1_140' title='bbox 1769 2014 1898 2070; x_wconf 81' lang='lat' dir='ltr'><strong>olim</strong></span> 
     </span>
    </p>
   </div>
   <div class='ocr_carea' id='block_1_22' title="bbox 296 2105 1899 2183">
    <p class='ocr_par' dir='ltr' id='par_1_22' title="bbox 296 2105 1899 2183">
     <span class='ocr_line' id='line_1_22' title="bbox 296 2105 1899 2183; baseline 0.001 -21"><span class='ocrx_word' id='word_1_141' title='bbox 296 2127 399 2183; x_wconf 88' lang='lat' dir='ltr'><strong>.pro</strong></span> <span class='ocrx_word' id='word_1_142' title='bbox 445 2122 763 2181; x_wconf 74' lang='lat' dir='ltr'><strong>argumento</strong></span> <span class='ocrx_word' id='word_1_143' title='bbox 809 2109 1150 2178; x_wconf 69' lang='lat' dir='ltr'><strong>praeferebat,</strong></span> <span class='ocrx_word' id='word_1_144' title='bbox 1197 2123 1316 2178; x_wconf 75' lang='lat' dir='ltr'><strong>qum</strong></span> <span class='ocrx_word' id='word_1_145' title='bbox 1351 2123 1491 2163; x_wconf 89' lang='lat' dir='ltr'><strong>nunc</strong></span> <span class='ocrx_word' id='word_1_146' title='bbox 1541 2107 1661 2165; x_wconf 78' lang='lat' dir='ltr'><strong>libri</strong></span> <span class='ocrx_word' id='word_1_147' title='bbox 1691 2105 1899 2177; x_wconf 80' lang='lat' dir='ltr'><strong>initium</strong></span> 
     </span>
    </p>
   </div>
   <div class='ocr_carea' id='block_1_23' title="bbox 296 2199 1900 2272">
    <p class='ocr_par' dir='ltr' id='par_1_23' title="bbox 296 2199 1900 2272">
     <span class='ocr_line' id='line_1_23' title="bbox 296 2199 1900 2272; baseline -0.002 -14"><span class='ocrx_word' id='word_1_148' title='bbox 296 2213 576 2272; x_wconf 81' lang='lat' dir='ltr'><strong>putantur,</strong></span> <span class='ocrx_word' id='word_1_149' title='bbox 611 2216 804 2271; x_wconf 84' lang='lat' dir='ltr'><strong>nempe</strong></span> <span class='ocrx_word' id='word_1_150' title='bbox 838 2220 855 2252; x_wconf 76' lang='grc' dir='ltr'><strong>ε</strong></span> <span class='ocrx_word' id='word_1_151' title='bbox 887 2200 1036 2271; x_wconf 80' lang='lat' dir='ltr'><strong>quod</strong></span> <span class='ocrx_word' id='word_1_152' title='bbox 1080 2199 1220 2254; x_wconf 90' lang='lat' dir='ltr'><strong>idola</strong></span> <span class='ocrx_word' id='word_1_153' title='bbox 1268 2199 1349 2256; x_wconf 88' lang='lat' dir='ltr'><strong>Dii</strong></span> <span class='ocrx_word' id='word_1_154' title='bbox 1375 2215 1485 2256; x_wconf 81' lang='lat' dir='ltr'><strong>non</strong></span> <span class='ocrx_word' id='word_1_155' title='bbox 1517 2200 1647 2267; x_wconf 85' lang='lat' dir='ltr'><strong>sint,</strong></span> <span class='ocrx_word' id='word_1_156' title='bbox 1678 2209 1729 2254; x_wconf 91' lang='lat' dir='ltr'><strong>et</strong></span> <span class='ocrx_word' id='word_1_157' title='bbox 1758 2200 1900 2270; x_wconf 84' lang='lat' dir='ltr'><strong>quod</strong></span> 
     </span>
    </p>
   </div>
   <div class='ocr_carea' id='block_1_24' title="bbox 308 2292 1898 2364">
    <p class='ocr_par' dir='ltr' id='par_1_24' title="bbox 308 2292 1898 2364">
     <span class='ocr_line' id='line_1_24' title="bbox 308 2292 1898 2364; baseline -0.003 -15"><span class='ocrx_word' id='word_1_158' title='bbox 308 2316 327 2349; x_wconf 88' lang='grc'><strong>‹</strong></span> <span class='ocrx_word' id='word_1_159' title='bbox 364 2299 502 2353; x_wconf 90' lang='lat' dir='ltr'><strong>Deus</strong></span> <span class='ocrx_word' id='word_1_160' title='bbox 535 2310 671 2352; x_wconf 86' lang='lat' dir='ltr'><strong>unus</strong></span> <span class='ocrx_word' id='word_1_161' title='bbox 695 2296 784 2361; x_wconf 88' lang='lat' dir='ltr'><strong>sit,</strong></span> <span class='ocrx_word' id='word_1_162' title='bbox 813 2303 866 2350; x_wconf 91' lang='lat' dir='ltr'><strong>et</strong></span> <span class='ocrx_word' id='word_1_163' title='bbox 895 2293 1036 2364; x_wconf 89' lang='lat' dir='ltr'><strong>quod</strong></span> <span class='ocrx_word' id='word_1_164' title='bbox 1067 2309 1162 2362; x_wconf 91' lang='lat' dir='ltr'><strong>per</strong></span> <span class='ocrx_word' id='word_1_165' title='bbox 1186 2293 1460 2348; x_wconf 86' lang='lat' dir='ltr'><strong>Christum</strong></span> <span class='ocrx_word' id='word_1_166' title='bbox 1493 2292 1637 2347; x_wconf 86' lang='lat' dir='ltr'><strong>salus</strong></span> <span class='ocrx_word' id='word_1_167' title='bbox 1667 2292 1898 2348; x_wconf 87' lang='lat' dir='ltr'><strong>creden-</strong></span> 
     </span>
    </p>
   </div>
   <div class='ocr_carea' id='block_1_25' title="bbox 301 2383 1904 2456">
    <p class='ocr_par' dir='ltr' id='par_1_25' title="bbox 301 2383 1904 2456">
     <span class='ocr_line' id='line_1_25' title="bbox 301 2383 1904 2456; baseline -0.004 -11"><span class='ocrx_word' id='word_1_168' title='bbox 301 2390 446 2445; x_wconf 75' lang='lat' dir='ltr'><strong>tibus</strong></span> <span class='ocrx_word' id='word_1_169' title='bbox 464 2389 583 2445; x_wconf 84' lang='lat' dir='ltr'><strong>data</strong></span> <span class='ocrx_word' id='word_1_170' title='bbox 615 2389 702 2444; x_wconf 87' lang='lat' dir='ltr'><strong>sit.</strong></span> <span class='ocrx_word' id='word_1_171' title='bbox 739 2407 756 2441; x_wconf 84' lang='grc'>›</span> <span class='ocrx_word' id='word_1_172' title='bbox 783 2387 952 2443; x_wconf 83' lang='lat' dir='ltr'><strong>Porro</strong></span> <span class='ocrx_word' id='word_1_173' title='bbox 1006 2386 1274 2441; x_wconf 89' lang='lat' dir='ltr'><strong>lectitatos</strong></span> <span class='ocrx_word' id='word_1_174' title='bbox 1315 2402 1342 2439; x_wconf 86' lang='lat' dir='ltr'><strong>a</strong></span> <span class='ocrx_word' id='word_1_175' title='bbox 1391 2383 1668 2456; x_wconf 82' lang='lat' dir='ltr'><strong>Cypriane</strong></span> <span class='ocrx_word' id='word_1_176' title='bbox 1696 2384 1904 2439; x_wconf 89' lang='lat' dir='ltr'><strong>Tertul-</strong></span> 
     </span>
    </p>
   </div>
   <div class='ocr_carea' id='block_1_26' title="bbox 299 2477 1899 2546">
    <p class='ocr_par' dir='ltr' id='par_1_26' title="bbox 299 2477 1899 2546">
     <span class='ocr_line' id='line_1_26' title="bbox 299 2477 1899 2546; baseline -0.004 -9"><span class='ocrx_word' id='word_1_177' title='bbox 299 2483 504 2538; x_wconf 89' lang='lat' dir='ltr'><strong>lianum</strong></span> <span class='ocrx_word' id='word_1_178' title='bbox 555 2491 612 2538; x_wconf 90' lang='lat' dir='ltr'><strong>et</strong></span> <span class='ocrx_word' id='word_1_179' title='bbox 665 2481 978 2546; x_wconf 75' lang='lat' dir='ltr'><strong>Minucium,</strong></span> <span class='ocrx_word' id='word_1_180' title='bbox 1035 2479 1123 2534; x_wconf 88' lang='lat' dir='ltr'><strong>hic</strong></span> <span class='ocrx_word' id='word_1_181' title='bbox 1163 2479 1394 2534; x_wconf 75' lang='lat' dir='ltr'><strong>maxime</strong></span> <span class='ocrx_word' id='word_1_182' title='bbox 1449 2477 1588 2534; x_wconf 86' lang='lat' dir='ltr'><strong>liber</strong></span> <span class='ocrx_word' id='word_1_183' title='bbox 1640 2477 1899 2546; x_wconf 86' lang='lat' dir='ltr'><strong>ostendit,</strong></span> 
     </span>
    </p>
   </div>
   <div class='ocr_carea' id='block_1_27' title="bbox 306 2571 1900 2646">
    <p class='ocr_par' dir='ltr' id='par_1_27' title="bbox 306 2571 1900 2646">
     <span class='ocr_line' id='line_1_27' title="bbox 306 2571 1900 2646; baseline -0.003 -17"><span class='ocrx_word' id='word_1_184' title='bbox 306 2591 467 2646; x_wconf 92' lang='lat' dir='ltr'><strong>quum</strong></span> <span class='ocrx_word' id='word_1_185' title='bbox 496 2575 660 2629; x_wconf 91' lang='lat' dir='ltr'><strong>multa</strong></span> <span class='ocrx_word' id='word_1_186' title='bbox 694 2574 744 2627; x_wconf 90' lang='lat' dir='ltr'><strong>in</strong></span> <span class='ocrx_word' id='word_1_187' title='bbox 796 2582 1023 2643; x_wconf 87' lang='lat' dir='ltr'><strong>utroque</strong></span> <span class='ocrx_word' id='word_1_188' title='bbox 1049 2572 1292 2628; x_wconf 71' lang='lat' dir='ltr'><strong>imitatus</strong></span> <span class='ocrx_word' id='word_1_189' title='bbox 1318 2571 1692 2642; x_wconf 59' lang='lat' dir='ltr'><strong>sit,.quaedam</strong></span> <span class='ocrx_word' id='word_1_190' title='bbox 1738 2573 1900 2628; x_wconf 91' lang='lat' dir='ltr'><strong>etiam</strong></span> 
     </span>
    </p>
   </div>
   <div class='ocr_carea' id='block_1_28' title="bbox 308 2663 1900 2737">
    <p class='ocr_par' dir='ltr' id='par_1_28' title="bbox 308 2663 1900 2737">
     <span class='ocr_line' id='line_1_28' title="bbox 308 2663 1900 2737; baseline -0.002 -14"><span class='ocrx_word' id='word_1_191' title='bbox 308 2683 371 2723; x_wconf 86' lang='lat' dir='ltr'><strong>ex</strong></span> <span class='ocrx_word' id='word_1_192' title='bbox 399 2677 625 2737; x_wconf 88' lang='lat' dir='ltr'><strong>utroque</strong></span> <span class='ocrx_word' id='word_1_193' title='bbox 669 2665 1023 2736; x_wconf 81' lang='lat' dir='ltr'><strong>decerpserit.</strong></span> <span class='ocrx_word' id='word_1_194' title='bbox 1049 2663 1321 2721; x_wconf 59' lang='lat' dir='ltr'><strong>Caetenum</strong></span> <span class='ocrx_word' id='word_1_195' title='bbox 1349 2664 1582 2722; x_wconf 83' lang='lat' dir='ltr'><strong>eruditio</strong></span> <span class='ocrx_word' id='word_1_196' title='bbox 1613 2665 1729 2734; x_wconf 86' lang='lat' dir='ltr'><strong>ejus</strong></span> <span class='ocrx_word' id='word_1_197' title='bbox 1775 2680 1900 2736; x_wconf 86' lang='lat' dir='ltr'><strong>pas-</strong></span> 
     </span>
    </p>
   </div>
   <div class='ocr_carea' id='block_1_29' title="bbox 307 2757 1904 2828">
    <p class='ocr_par' dir='ltr' id='par_1_29' title="bbox 307 2757 1904 2828">
     <span class='ocr_line' id='line_1_29' title="bbox 307 2757 1904 2828; baseline -0.003 -14"><span class='ocrx_word' id='word_1_198' title='bbox 307 2760 406 2814; x_wconf 90' lang='lat' dir='ltr'><strong>sim</strong></span> <span class='ocrx_word' id='word_1_199' title='bbox 458 2760 695 2825; x_wconf 88' lang='lat' dir='ltr'><strong>eminet,</strong></span> <span class='ocrx_word' id='word_1_200' title='bbox 739 2767 794 2814; x_wconf 88' lang='lat' dir='ltr'><strong>et</strong></span> <span class='ocrx_word' id='word_1_201' title='bbox 843 2771 1146 2828; x_wconf 74' lang='lat' dir='ltr'><strong>graecorum</strong></span> <span class='ocrx_word' id='word_1_202' title='bbox 1191 2771 1411 2826; x_wconf 84' lang='lat' dir='ltr'><strong>quoque</strong></span> <span class='ocrx_word' id='word_1_203' title='bbox 1461 2757 1787 2827; x_wconf 85' lang='lat' dir='ltr'><strong>scriptorum</strong></span> <span class='ocrx_word' id='word_1_204' title='bbox 1841 2771 1904 2811; x_wconf 91' lang='lat' dir='ltr'><strong>ac</strong></span> 
     </span>
    </p>
   </div>
   <div class='ocr_carea' id='block_1_30' title="bbox 306 2849 1903 2921">
    <p class='ocr_par' dir='ltr' id='par_1_30' title="bbox 306 2849 1903 2921">
     <span class='ocr_line' id='line_1_30' title="bbox 306 2849 1903 2921; baseline -0.003 -13"><span class='ocrx_word' id='word_1_205' title='bbox 306 2851 710 2921; x_wconf 83' lang='lat' dir='ltr'><strong>disciplinarum</strong></span> <span class='ocrx_word' id='word_1_206' title='bbox 737 2851 980 2905; x_wconf 87' lang='lat' dir='ltr'><strong>omnium</strong></span> <span class='ocrx_word' id='word_1_207' title='bbox 1020 2849 1264 2918; x_wconf 81' lang='lat' dir='ltr'><strong>cognitio</strong></span> <span class='ocrx_word' id='word_1_208' title='bbox 1305 2864 1410 2905; x_wconf 92' lang='lat' dir='ltr'><strong>non</strong></span> <span class='ocrx_word' id='word_1_209' title='bbox 1455 2849 1712 2920; x_wconf 83' lang='lat' dir='ltr'><strong>vulgar-is,</strong></span> <span class='ocrx_word' id='word_1_210' title='bbox 1740 2865 1903 2920; x_wconf 89' lang='lat' dir='ltr'><strong>quam</strong></span> 
     </span>
    </p>
   </div>
   <div class='ocr_carea' id='block_1_31' title="bbox 307 2943 1899 3015">
    <p class='ocr_par' dir='ltr' id='par_1_31' title="bbox 307 2943 1899 3015">
     <span class='ocr_line' id='line_1_31' title="bbox 307 2943 1899 3015; baseline -0.001 -14"><span class='ocrx_word' id='word_1_211' title='bbox 307 2946 396 3001; x_wconf 92' lang='lat' dir='ltr'><strong>ille</strong></span> <span class='ocrx_word' id='word_1_212' title='bbox 416 2946 723 3003; x_wconf 89' lang='lat' dir='ltr'><strong>Christiano</strong></span> <span class='ocrx_word' id='word_1_213' title='bbox 754 2943 957 3000; x_wconf 86' lang='lat' dir='ltr'><strong>homini</strong></span> <span class='ocrx_word' id='word_1_214' title='bbox 979 2945 1232 3006; x_wconf 77' lang='lat' dir='ltr'><strong>inutilem</strong></span> <span class='ocrx_word' id='word_1_215' title='bbox 1257 2959 1514 3000; x_wconf 50' lang='lat' dir='ltr'><strong>.nonzesse</strong></span> <span class='ocrx_word' id='word_1_216' title='bbox 1543 2944 1743 3015; x_wconf 88' lang='lat' dir='ltr'><strong>liquido</strong></span> <span class='ocrx_word' id='word_1_217' title='bbox 1769 2960 1899 3000; x_wconf 88' lang='lat' dir='ltr'><strong>con-</strong></span> 
     </span>
    </p>
   </div>
   <div class='ocr_carea' id='block_1_32' title="bbox 299 3037 559 3094">
    <p class='ocr_par' dir='ltr' id='par_1_32' title="bbox 299 3037 559 3094">
     <span class='ocr_line' id='line_1_32' title="bbox 299 3037 559 3094; baseline -0.008 -1"><span class='ocrx_word' id='word_1_218' title='bbox 299 3037 559 3094; x_wconf 84' lang='lat' dir='ltr'><strong>ﬁrmavit.</strong></span> 
     </span>
    </p>
   </div>
   <div class='ocr_carea' id='block_1_33' title="bbox 2012 471 3477 540">
    <p class='ocr_par' dir='ltr' id='par_1_33' title="bbox 2012 471 3477 540">
     <span class='ocr_line' id='line_1_33' title="bbox 2012 471 3477 540; baseline 0.01 -17"><span class='ocrx_word' id='word_1_219' title='bbox 2012 487 2129 540; x_wconf 70' lang='lat' dir='ltr'><strong>qua:</strong></span> <span class='ocrx_word' id='word_1_220' title='bbox 2158 471 2293 526; x_wconf 89' lang='lat' dir='ltr'><strong>alias</strong></span> <span class='ocrx_word' id='word_1_221' title='bbox 2319 472 2462 527; x_wconf 88' lang='lat' dir='ltr'><strong>ludis</strong></span> <span class='ocrx_word' id='word_1_222' title='bbox 2487 473 2837 530; x_wconf 85' lang='lat' dir='ltr'><strong>saecularibus</strong></span> <span class='ocrx_word' id='word_1_223' title='bbox 2860 475 2997 532; x_wconf 89' lang='lat' dir='ltr'><strong>facta</strong></span> <span class='ocrx_word' id='word_1_224' title='bbox 3023 495 3144 533; x_wconf 84' lang='lat' dir='ltr'><strong>esse</strong></span> <span class='ocrx_word' id='word_1_225' title='bbox 3175 482 3477 538; x_wconf 88' lang='lat' dir='ltr'><strong>constabat.</strong></span> 
     </span>
    </p>
   </div>
   <div class='ocr_carea' id='block_1_34' title="bbox 2081 565 3604 642">
    <p class='ocr_par' dir='ltr' id='par_1_34' title="bbox 2081 565 3604 642">
     <span class='ocr_line' id='line_1_34' title="bbox 2081 565 3604 642; baseline 0.011 -22"><span class='ocrx_word' id='word_1_226' title='bbox 2081 565 2144 620; x_wconf 86' lang='lat' dir='ltr'><strong>ll.</strong></span> <span class='ocrx_word' id='word_1_227' title='bbox 2180 569 2246 620; x_wconf 83' lang='lat' dir='ltr'><strong>At</strong></span> <span class='ocrx_word' id='word_1_228' title='bbox 2293 582 2420 623; x_wconf 81' lang='lat' dir='ltr'><strong>vero</strong></span> <span class='ocrx_word' id='word_1_229' title='bbox 2452 568 2689 623; x_wconf 82' lang='lat' dir='ltr'><strong>Ecclesia</strong></span> <span class='ocrx_word' id='word_1_230' title='bbox 2735 568 3199 642; x_wconf 82' lang='lat' dir='ltr'><strong>Carthaginiensis</strong></span> <span class='ocrx_word' id='word_1_231' title='bbox 3239 578 3429 633; x_wconf 88' lang='lat' dir='ltr'><strong>eodem</strong></span> <span class='ocrx_word' id='word_1_232' title='bbox 3459 594 3604 636; x_wconf 88' lang='lat' dir='ltr'><strong>anno</strong></span> 
     </span>
    </p>
   </div>
   <div class='ocr_carea' id='block_1_35' title="bbox 2014 659 3611 740">
    <p class='ocr_par' dir='ltr' id='par_1_35' title="bbox 2014 659 3611 740">
     <span class='ocr_line' id='line_1_35' title="bbox 2014 659 3611 740; baseline 0.011 -26"><span class='ocrx_word' id='word_1_233' title='bbox 2014 659 2279 716; x_wconf 88' lang='lat' dir='ltr'><strong>Donatum</strong></span> <span class='ocrx_word' id='word_1_234' title='bbox 2331 662 2643 733; x_wconf 88' lang='lat' dir='ltr'><strong>episcopum</strong></span> <span class='ocrx_word' id='word_1_235' title='bbox 2695 665 2876 721; x_wconf 88' lang='lat' dir='ltr'><strong>amisit</strong></span> <span class='ocrx_word' id='word_1_236' title='bbox 2912 684 2923 719; x_wconf 91' lang='lat'><strong>:</strong></span> <span class='ocrx_word' id='word_1_237' title='bbox 2954 666 3106 738; x_wconf 88' lang='lat' dir='ltr'><strong>cujus</strong></span> <span class='ocrx_word' id='word_1_238' title='bbox 3161 671 3374 740; x_wconf 80' lang='lat' dir='ltr'><strong>quidem</strong></span> <span class='ocrx_word' id='word_1_239' title='bbox 3423 674 3611 732; x_wconf 89' lang='lat' dir='ltr'><strong>laudes</strong></span> 
     </span>
    </p>
   </div>
   <div class='ocr_carea' id='block_1_36' title="bbox 2011 760 3612 835">
    <p class='ocr_par' dir='ltr' id='par_1_36' title="bbox 2011 760 3612 835">
     <span class='ocr_line' id='line_1_36' title="bbox 2011 760 3612 835; baseline 0.006 -20"><span class='ocrx_word' id='word_1_240' title='bbox 2011 761 2168 816; x_wconf 90' lang='lat' dir='ltr'><strong>nobis</strong></span> <span class='ocrx_word' id='word_1_241' title='bbox 2197 760 2387 816; x_wconf 83' lang='lat' dir='ltr'><strong>indidit</strong></span> <span class='ocrx_word' id='word_1_242' title='bbox 2432 769 2699 826; x_wconf 83' lang='lat' dir='ltr'><strong>vetustas,</strong></span> <span class='ocrx_word' id='word_1_243' title='bbox 2741 775 2860 829; x_wconf 88' lang='lat' dir='ltr'><strong>quae</strong></span> <span class='ocrx_word' id='word_1_244' title='bbox 2899 760 3036 816; x_wconf 86' lang='lat' dir='ltr'><strong>facta</strong></span> <span class='ocrx_word' id='word_1_245' title='bbox 3064 763 3182 832; x_wconf 89' lang='lat' dir='ltr'><strong>ejus</strong></span> <span class='ocrx_word' id='word_1_246' title='bbox 3233 780 3401 835; x_wconf 88' lang='lat' dir='ltr'><strong>prope</strong></span> <span class='ocrx_word' id='word_1_247' title='bbox 3430 769 3612 824; x_wconf 85' lang='lat' dir='ltr'><strong>omnia</strong></span> 
     </span>
    </p>
   </div>
   <div class='ocr_carea' id='block_1_37' title="bbox 2009 852 3611 933">
    <p class='ocr_par' dir='ltr' id='par_1_37' title="bbox 2009 852 3611 933">
     <span class='ocr_line' id='line_1_37' title="bbox 2009 852 3611 933; baseline 0.007 -28"><span class='ocrx_word' id='word_1_248' title='bbox 2009 852 2281 909; x_wconf 82' lang='lat' dir='ltr'><strong>oblivione</strong></span> <span class='ocrx_word' id='word_1_249' title='bbox 2306 853 2636 910; x_wconf 75' lang='lat' dir='ltr'><strong>obsecravit.</strong></span> <span class='ocrx_word' id='word_1_250' title='bbox 2662 854 2792 910; x_wconf 90' lang='lat' dir='ltr'><strong>Nam</strong></span> <span class='ocrx_word' id='word_1_251' title='bbox 2816 854 2884 910; x_wconf 90' lang='lat' dir='ltr'><strong>de</strong></span> <span class='ocrx_word' id='word_1_252' title='bbox 2909 869 2975 909; x_wconf 91' lang='lat' dir='ltr'><strong>eo</strong></span> <span class='ocrx_word' id='word_1_253' title='bbox 3005 854 3072 909; x_wconf 90' lang='lat' dir='ltr'><strong>ad</strong></span> <span class='ocrx_word' id='word_1_254' title='bbox 3106 872 3221 923; x_wconf 91' lang='lat' dir='ltr'><strong>nes,</strong></span> <span class='ocrx_word' id='word_1_255' title='bbox 3275 871 3468 928; x_wconf 66' lang='lat' dir='ltr'><strong>[tl‘illlel‘</strong></span> <span class='ocrx_word' id='word_1_256' title='bbox 3503 863 3611 933; x_wconf 84' lang='lat' dir='ltr'><strong>pri-</strong></span> 
     </span>
    </p>
   </div>
   <div class='ocr_carea' id='block_1_38' title="bbox 2009 947 3608 1021">
    <p class='ocr_par' dir='ltr' id='par_1_38' title="bbox 2009 947 3608 1021">
     <span class='ocr_line' id='line_1_38' title="bbox 2009 947 3608 1021; baseline 0.008 -21"><span class='ocrx_word' id='word_1_257' title='bbox 2009 947 2116 1000; x_wconf 85' lang='lat' dir='ltr'><strong>vati</strong></span> <span class='ocrx_word' id='word_1_258' title='bbox 2151 947 2390 1003; x_wconf 69' lang='lat' dir='ltr'><strong>hteretici</strong></span> <span class='ocrx_word' id='word_1_259' title='bbox 2435 949 2861 1016; x_wconf 87' lang='lat' dir='ltr'><strong>damnationem,</strong></span> <span class='ocrx_word' id='word_1_260' title='bbox 2893 965 3052 1020; x_wconf 88' lang='lat' dir='ltr'><strong>quam</strong></span> <span class='ocrx_word' id='word_1_261' title='bbox 3085 953 3336 1021; x_wconf 86' lang='lat' dir='ltr'><strong>superius</strong></span> <span class='ocrx_word' id='word_1_262' title='bbox 3365 970 3608 1012; x_wconf 91' lang='lat' dir='ltr'><strong>comme-</strong></span> 
     </span>
    </p>
   </div>
   <div class='ocr_carea' id='block_1_39' title="bbox 2009 1041 3608 1111">
    <p class='ocr_par' dir='ltr' id='par_1_39' title="bbox 2009 1041 3608 1111">
     <span class='ocr_line' id='line_1_39' title="bbox 2009 1041 3608 1111; baseline 0.006 -17"><span class='ocrx_word' id='word_1_263' title='bbox 2009 1043 2362 1108; x_wconf 87' lang='lat' dir='ltr'><strong>moravimus,</strong></span> <span class='ocrx_word' id='word_1_264' title='bbox 2391 1041 2527 1096; x_wconf 91' lang='lat' dir='ltr'><strong>nihil</strong></span> <span class='ocrx_word' id='word_1_265' title='bbox 2556 1043 2816 1111; x_wconf 81' lang='lat' dir='ltr'><strong>pervenit.</strong></span> <span class='ocrx_word' id='word_1_266' title='bbox 2836 1042 2940 1098; x_wconf 91' lang='lat' dir='ltr'><strong>Sed</strong></span> <span class='ocrx_word' id='word_1_267' title='bbox 2972 1051 3148 1097; x_wconf 86' lang='lat' dir='ltr'><strong>tamen</strong></span> <span class='ocrx_word' id='word_1_268' title='bbox 3179 1060 3282 1098; x_wconf 90' lang='lat' dir='ltr'><strong>non</strong></span> <span class='ocrx_word' id='word_1_269' title='bbox 3314 1048 3428 1102; x_wconf 88' lang='lat' dir='ltr'><strong>sine</strong></span> <span class='ocrx_word' id='word_1_270' title='bbox 3457 1048 3608 1104; x_wconf 85' lang='lat' dir='ltr'><strong>labo-</strong></span> 
     </span>
    </p>
   </div>
   <div class='ocr_carea' id='block_1_40' title="bbox 2008 1133 3608 1207">
    <p class='ocr_par' dir='ltr' id='par_1_40' title="bbox 2008 1133 3608 1207">
     <span class='ocr_line' id='line_1_40' title="bbox 2008 1133 3608 1207; baseline 0.007 -20"><span class='ocrx_word' id='word_1_271' title='bbox 2008 1133 2157 1188; x_wconf 86' lang='lat' dir='ltr'><strong>ribus</strong></span> <span class='ocrx_word' id='word_1_272' title='bbox 2210 1135 2330 1203; x_wconf 85' lang='lat' dir='ltr'><strong>ejus</strong></span> <span class='ocrx_word' id='word_1_273' title='bbox 2379 1136 2694 1207; x_wconf 90' lang='lat' dir='ltr'><strong>meritisque</strong></span> <span class='ocrx_word' id='word_1_274' title='bbox 2739 1137 2988 1191; x_wconf 88' lang='lat' dir='ltr'><strong>evenisse</strong></span> <span class='ocrx_word' id='word_1_275' title='bbox 3029 1139 3359 1194; x_wconf 90' lang='lat' dir='ltr'><strong>censendum</strong></span> <span class='ocrx_word' id='word_1_276' title='bbox 3388 1152 3488 1206; x_wconf 86' lang='lat' dir='ltr'><strong>est,</strong></span> <span class='ocrx_word' id='word_1_277' title='bbox 3549 1153 3608 1198; x_wconf 87' lang='lat' dir='ltr'><strong>ut</strong></span> 
     </span>
    </p>
   </div>
   <div class='ocr_carea' id='block_1_41' title="bbox 2009 1225 3608 1296">
    <p class='ocr_par' dir='ltr' id='par_1_41' title="bbox 2009 1225 3608 1296">
     <span class='ocr_line' id='line_1_41' title="bbox 2009 1225 3608 1296; baseline 0.007 -18"><span class='ocrx_word' id='word_1_278' title='bbox 2009 1225 2311 1296; x_wconf 86' lang='lat' dir='ltr'><strong>presbyteri</strong></span> <span class='ocrx_word' id='word_1_279' title='bbox 2345 1235 2400 1281; x_wconf 90' lang='lat' dir='ltr'><strong>et</strong></span> <span class='ocrx_word' id='word_1_280' title='bbox 2423 1226 2632 1281; x_wconf 89' lang='lat' dir='ltr'><strong>diaconi</strong></span> <span class='ocrx_word' id='word_1_281' title='bbox 2695 1227 2954 1282; x_wconf 65' lang='lat' dir='ltr'><strong>Ecclesiae</strong></span> <span class='ocrx_word' id='word_1_282' title='bbox 2990 1228 3249 1284; x_wconf 86' lang='lat' dir='ltr'><strong>Romanae</strong></span> <span class='ocrx_word' id='word_1_283' title='bbox 3287 1249 3392 1286; x_wconf 88' lang='lat' dir='ltr'><strong>non</strong></span> <span class='ocrx_word' id='word_1_284' title='bbox 3435 1236 3608 1290; x_wconf 92' lang='lat' dir='ltr'><strong>multo</strong></span> 
     </span>
    </p>
   </div>
   <div class='ocr_carea' id='block_1_42' title="bbox 2006 1318 3607 1394">
    <p class='ocr_par' dir='ltr' id='par_1_42' title="bbox 2006 1318 3607 1394">
     <span class='ocr_line' id='line_1_42' title="bbox 2006 1318 3607 1394; baseline 0.007 -22"><span class='ocrx_word' id='word_1_285' title='bbox 2006 1327 2128 1388; x_wconf 88' lang='lat' dir='ltr'><strong>post</strong></span> <span class='ocrx_word' id='word_1_286' title='bbox 2154 1318 2270 1389; x_wconf 87' lang='lat' dir='ltr'><strong>ejus</strong></span> <span class='ocrx_word' id='word_1_287' title='bbox 2296 1328 2525 1375; x_wconf 91' lang='lat' dir='ltr'><strong>mortem</strong></span> <span class='ocrx_word' id='word_1_288' title='bbox 2567 1321 2632 1376; x_wconf 91' lang='lat' dir='ltr'><strong>ad</strong></span> <span class='ocrx_word' id='word_1_289' title='bbox 2659 1322 2988 1394; x_wconf 77' lang='lat' dir='ltr'><strong>Cyprianum</strong></span> <span class='ocrx_word' id='word_1_290' title='bbox 3018 1324 3341 1394; x_wconf 84' lang='lat' dir='ltr'><strong>scribentes,</strong></span> <span class='ocrx_word' id='word_1_291' title='bbox 3375 1327 3572 1384; x_wconf 90' lang='lat' dir='ltr'><strong>Cartha</strong></span> <span class='ocrx_word' id='word_1_292' title='bbox 3592 1361 3607 1374; x_wconf 85' lang='lat'><strong>-</strong></span> 
     </span>
    </p>
   </div>
   <div class='ocr_carea' id='block_1_43' title="bbox 2005 1410 3610 1480">
    <p class='ocr_par' dir='ltr' id='par_1_43' title="bbox 2005 1410 3610 1480">
     <span class='ocr_line' id='line_1_43' title="bbox 2005 1410 3610 1480; baseline 0.007 -17"><span class='ocrx_word' id='word_1_293' title='bbox 2005 1410 2305 1480; x_wconf 80' lang='lat' dir='ltr'><strong>giniensem</strong></span> <span class='ocrx_word' id='word_1_294' title='bbox 2330 1412 2616 1469; x_wconf 87' lang='lat' dir='ltr'><strong>ecclesiam</strong></span> <span class='ocrx_word' id='word_1_295' title='bbox 2664 1429 2856 1469; x_wconf 89' lang='lat' dir='ltr'><strong>recens</strong></span> <span class='ocrx_word' id='word_1_296' title='bbox 2881 1430 2908 1468; x_wconf 92' lang='lat' dir='ltr'><strong>a</strong></span> <span class='ocrx_word' id='word_1_297' title='bbox 2937 1415 3146 1471; x_wconf 87' lang='lat' dir='ltr'><strong>Donato</strong></span> <span class='ocrx_word' id='word_1_298' title='bbox 3181 1418 3610 1475; x_wconf 86' lang='lat' dir='ltr'><strong>administratam</strong></span> 
     </span>
    </p>
   </div>
   <div class='ocr_carea' id='block_1_44' title="bbox 2006 1505 3606 1580">
    <p class='ocr_par' dir='ltr' id='par_1_44' title="bbox 2006 1505 3606 1580">
     <span class='ocr_line' id='line_1_44' title="bbox 2006 1505 3606 1580; baseline 0.006 -21"><span class='ocrx_word' id='word_1_299' title='bbox 2006 1505 2269 1574; x_wconf 68' lang='lat' dir='ltr'><strong>praeclaro</strong></span> <span class='ocrx_word' id='word_1_300' title='bbox 2308 1506 2398 1560; x_wconf 89' lang='lat' dir='ltr'><strong>ille</strong></span> <span class='ocrx_word' id='word_1_301' title='bbox 2447 1507 2625 1578; x_wconf 84' lang='lat' dir='ltr'><strong>elogio</strong></span> <span class='ocrx_word' id='word_1_302' title='bbox 2681 1508 3124 1565; x_wconf 87' lang='lat' dir='ltr'><strong>commendarent</strong></span> <span class='ocrx_word' id='word_1_303' title='bbox 3177 1527 3191 1564; x_wconf 76' lang='grc' dir='ltr'><strong><em>τ</em></strong></span> <span class='ocrx_word' id='word_1_304' title='bbox 3259 1531 3278 1563; x_wconf 90' lang='grc'><strong><em>‹</em></strong></span> <span class='ocrx_word' id='word_1_305' title='bbox 3324 1511 3606 1580; x_wconf 87' lang='lat' dir='ltr'><strong>Novimus,</strong></span> 
     </span>
    </p>
   </div>
   <div class='ocr_carea' id='block_1_45' title="bbox 2003 1598 3612 1676">
    <p class='ocr_par' dir='ltr' id='par_1_45' title="bbox 2003 1598 3612 1676">
     <span class='ocr_line' id='line_1_45' title="bbox 2003 1598 3612 1676; baseline 0.006 -24"><span class='ocrx_word' id='word_1_306' title='bbox 2003 1598 2252 1670; x_wconf 89' lang='lat' dir='ltr'><strong>inquiunt</strong></span> <span class='ocrx_word' id='word_1_307' title='bbox 2301 1599 2497 1671; x_wconf 80' lang='lat' dir='ltr'><strong>(Epist.</strong></span> <span class='ocrx_word' id='word_1_308' title='bbox 2542 1602 2614 1658; x_wconf 78' lang='grc'><strong>50</strong></span> <span class='ocrx_word' id='word_1_309' title='bbox 2647 1603 2780 1657; x_wconf 82' lang='lat' dir='ltr'><strong>inter</strong></span> <span class='ocrx_word' id='word_1_310' title='bbox 2831 1601 3106 1674; x_wconf 78' lang='lat' dir='ltr'><strong>Cyprian.)</strong></span> <span class='ocrx_word' id='word_1_311' title='bbox 3153 1602 3612 1676; x_wconf 83' lang='lat' dir='ltr'><strong>Carthaginiensis</strong></span> 
     </span>
    </p>
   </div>
   <div class='ocr_carea' id='block_1_46' title="bbox 2004 1689 3610 1765">
    <p class='ocr_par' dir='ltr' id='par_1_46' title="bbox 2004 1689 3610 1765">
     <span class='ocr_line' id='line_1_46' title="bbox 2004 1689 3610 1765; baseline 0.007 -22"><span class='ocrx_word' id='word_1_312' title='bbox 2004 1690 2249 1745; x_wconf 73' lang='lat' dir='ltr'><strong>ecclesia:</strong></span> <span class='ocrx_word' id='word_1_313' title='bbox 2311 1689 2509 1761; x_wconf 90' lang='lat' dir='ltr'><strong>ﬁdem,</strong></span> <span class='ocrx_word' id='word_1_314' title='bbox 2564 1693 2811 1748; x_wconf 83' lang='lat' dir='ltr'><strong>novimus</strong></span> <span class='ocrx_word' id='word_1_315' title='bbox 2873 1693 3303 1765; x_wconf 87' lang='lat' dir='ltr'><strong>institutionem,</strong></span> <span class='ocrx_word' id='word_1_316' title='bbox 3361 1698 3610 1754; x_wconf 90' lang='lat' dir='ltr'><strong>novimus</strong></span> 
     </span>
    </p>
   </div>
   <div class='ocr_carea' id='block_1_47' title="bbox 2005 1780 2428 1837">
    <p class='ocr_par' dir='ltr' id='par_1_47' title="bbox 2005 1780 2428 1837">
     <span class='ocr_line' id='line_1_47' title="bbox 2005 1780 2428 1837; baseline 0.002 -3"><span class='ocrx_word' id='word_1_317' title='bbox 2005 1780 2382 1837; x_wconf 88' lang='lat' dir='ltr'><strong>humilitatem.</strong></span> <span class='ocrx_word' id='word_1_318' title='bbox 2409 1801 2428 1834; x_wconf 85' lang='grc'><strong>›</strong></span> 
     </span>
    </p>
   </div>
   <div class='ocr_carea' id='block_1_48' title="bbox 2075 1874 3607 1947">
    <p class='ocr_par' dir='ltr' id='par_1_48' title="bbox 2075 1874 3607 1947">
     <span class='ocr_line' id='line_1_48' title="bbox 2075 1874 3607 1947; baseline 0.006 -17"><span class='ocrx_word' id='word_1_319' title='bbox 2075 1875 2163 1930; x_wconf 84' lang='lat' dir='ltr'><strong>Ill.</strong></span> <span class='ocrx_word' id='word_1_320' title='bbox 2199 1875 2244 1929; x_wconf 77' lang='grc' dir='ltr'>Α</span> <span class='ocrx_word' id='word_1_321' title='bbox 2286 1874 2478 1930; x_wconf 88' lang='lat' dir='ltr'><strong>Donati</strong></span> <span class='ocrx_word' id='word_1_322' title='bbox 2529 1885 2726 1942; x_wconf 90' lang='lat' dir='ltr'><strong>morte,</strong></span> <span class='ocrx_word' id='word_1_323' title='bbox 2770 1893 2932 1947; x_wconf 90' lang='lat' dir='ltr'><strong>quum</strong></span> <span class='ocrx_word' id='word_1_324' title='bbox 2961 1878 3029 1933; x_wconf 90' lang='lat' dir='ltr'><strong>de</strong></span> <span class='ocrx_word' id='word_1_325' title='bbox 3058 1893 3372 1936; x_wconf 87' lang='lat' dir='ltr'><strong>successore</strong></span> <span class='ocrx_word' id='word_1_326' title='bbox 3398 1882 3607 1939; x_wconf 90' lang='lat' dir='ltr'><strong>delibe-</strong></span> 
     </span>
    </p>
   </div>
   <div class='ocr_carea' id='block_1_49' title="bbox 2001 1965 3609 2045">
    <p class='ocr_par' dir='ltr' id='par_1_49' title="bbox 2001 1965 3609 2045">
     <span class='ocr_line' id='line_1_49' title="bbox 2001 1965 3609 2045; baseline 0.004 -24"><span class='ocrx_word' id='word_1_327' title='bbox 2001 1966 2230 2021; x_wconf 89' lang='lat' dir='ltr'><strong>randum</strong></span> <span class='ocrx_word' id='word_1_328' title='bbox 2277 1975 2443 2033; x_wconf 90' lang='lat' dir='ltr'><strong>esset,</strong></span> <span class='ocrx_word' id='word_1_329' title='bbox 2475 1966 2638 2022; x_wconf 92' lang='lat' dir='ltr'><strong>totius</strong></span> <span class='ocrx_word' id='word_1_330' title='bbox 2683 1965 3006 2024; x_wconf 67' lang='lat' dir='ltr'><strong>Christiana:</strong></span> <span class='ocrx_word' id='word_1_331' title='bbox 3045 1969 3214 2039; x_wconf 89' lang='lat' dir='ltr'><strong>plebis</strong></span> <span class='ocrx_word' id='word_1_332' title='bbox 3242 1971 3380 2027; x_wconf 92' lang='lat' dir='ltr'><strong>oculi</strong></span> <span class='ocrx_word' id='word_1_333' title='bbox 3415 1973 3465 2027; x_wconf 95' lang='lat' dir='ltr'><strong>in</strong></span> <span class='ocrx_word' id='word_1_334' title='bbox 3499 1972 3609 2045; x_wconf 89' lang='lat' dir='ltr'><strong>Cy-</strong></span> 
     </span>
    </p>
   </div>
   <div class='ocr_carea' id='block_1_50' title="bbox 2001 2061 3611 2131">
    <p class='ocr_par' dir='ltr' id='par_1_50' title="bbox 2001 2061 3611 2131">
     <span class='ocr_line' id='line_1_50' title="bbox 2001 2061 3611 2131; baseline 0.005 -17"><span class='ocrx_word' id='word_1_335' title='bbox 2001 2061 2250 2131; x_wconf 87' lang='lat' dir='ltr'><strong>prianum</strong></span> <span class='ocrx_word' id='word_1_336' title='bbox 2279 2061 2533 2130; x_wconf 87' lang='lat' dir='ltr'><strong>conjecti,</strong></span> <span class='ocrx_word' id='word_1_337' title='bbox 2562 2069 2618 2115; x_wconf 89' lang='lat' dir='ltr'><strong>et</strong></span> <span class='ocrx_word' id='word_1_338' title='bbox 2650 2077 2790 2116; x_wconf 89' lang='lat' dir='ltr'><strong>unus</strong></span> <span class='ocrx_word' id='word_1_339' title='bbox 2821 2064 3058 2118; x_wconf 80' lang='lat' dir='ltr'><strong>maxime</strong></span> <span class='ocrx_word' id='word_1_340' title='bbox 3088 2063 3318 2120; x_wconf 90' lang='lat' dir='ltr'><strong>idoneus</strong></span> <span class='ocrx_word' id='word_1_341' title='bbox 3346 2066 3494 2121; x_wconf 88' lang='lat' dir='ltr'><strong>visus</strong></span> <span class='ocrx_word' id='word_1_342' title='bbox 3525 2075 3611 2122; x_wconf 89' lang='lat' dir='ltr'><strong>est</strong></span> 
     </span>
    </p>
   </div>
   <div class='ocr_carea' id='block_1_51' title="bbox 2003 2151 3609 2226">
    <p class='ocr_par' dir='ltr' id='par_1_51' title="bbox 2003 2151 3609 2226">
     <span class='ocr_line' id='line_1_51' title="bbox 2003 2151 3609 2226; baseline 0.004 -20"><span class='ocrx_word' id='word_1_343' title='bbox 2003 2153 2088 2206; x_wconf 91' lang='lat' dir='ltr'><strong>cui</strong></span> <span class='ocrx_word' id='word_1_344' title='bbox 2144 2151 2370 2206; x_wconf 87' lang='lat' dir='ltr'><strong>ecclesia</strong></span> <span class='ocrx_word' id='word_1_345' title='bbox 2424 2151 2515 2205; x_wconf 90' lang='lat' dir='ltr'><strong>illa</strong></span> <span class='ocrx_word' id='word_1_346' title='bbox 2567 2153 2896 2222; x_wconf 88' lang='lat' dir='ltr'><strong>amplissima</strong></span> <span class='ocrx_word' id='word_1_347' title='bbox 2955 2155 3401 2211; x_wconf 88' lang='lat' dir='ltr'><strong>committeretur.</strong></span> <span class='ocrx_word' id='word_1_348' title='bbox 3455 2157 3609 2226; x_wconf 85' lang='lat' dir='ltr'><strong>Quod</strong></span> 
     </span>
    </p>
   </div>
   <div class='ocr_carea' id='block_1_52' title="bbox 2004 2244 3610 2320">
    <p class='ocr_par' dir='ltr' id='par_1_52' title="bbox 2004 2244 3610 2320">
     <span class='ocr_line' id='line_1_52' title="bbox 2004 2244 3610 2320; baseline 0.006 -23"><span class='ocrx_word' id='word_1_349' title='bbox 2004 2244 2094 2298; x_wconf 90' lang='lat' dir='ltr'><strong>ille</strong></span> <span class='ocrx_word' id='word_1_350' title='bbox 2116 2253 2171 2299; x_wconf 89' lang='lat' dir='ltr'><strong>ut</strong></span> <span class='ocrx_word' id='word_1_351' title='bbox 2201 2246 2392 2308; x_wconf 85' lang='lat' dir='ltr'><strong>sensit,</strong></span> <span class='ocrx_word' id='word_1_352' title='bbox 2421 2245 2727 2300; x_wconf 88' lang='lat' dir='ltr'><strong>declinandi</strong></span> <span class='ocrx_word' id='word_1_353' title='bbox 2770 2247 3112 2316; x_wconf 87' lang='lat' dir='ltr'><strong>pontiﬁcatus</strong></span> <span class='ocrx_word' id='word_1_354' title='bbox 3151 2264 3335 2318; x_wconf 52' lang='lat' dir='ltr'><strong>causa,</strong></span> <span class='ocrx_word' id='word_1_355' title='bbox 3397 2252 3610 2320; x_wconf 88' lang='lat' dir='ltr'><strong>publico</strong></span> 
     </span>
    </p>
   </div>
   <div class='ocr_carea' id='block_1_53' title="bbox 2003 2338 3606 2412">
    <p class='ocr_par' dir='ltr' id='par_1_53' title="bbox 2003 2338 3606 2412">
     <span class='ocr_line' id='line_1_53' title="bbox 2003 2338 3606 2412; baseline 0.004 -21"><span class='ocrx_word' id='word_1_356' title='bbox 2003 2351 2190 2392; x_wconf 90' lang='lat' dir='ltr'><strong>carere</strong></span> <span class='ocrx_word' id='word_1_357' title='bbox 2207 2339 2387 2408; x_wconf 67' lang='lat' dir='ltr'><strong>coepit.</strong></span> <span class='ocrx_word' id='word_1_358' title='bbox 2424 2357 2442 2390; x_wconf 72' lang='grc' dir='ltr'>ι</span> <span class='ocrx_word' id='word_1_359' title='bbox 2466 2338 2641 2406; x_wconf 90' lang='lat' dir='ltr'><strong>Quum</strong></span> <span class='ocrx_word' id='word_1_360' title='bbox 2670 2339 2720 2393; x_wconf 90' lang='lat' dir='ltr'><strong>in</strong></span> <span class='ocrx_word' id='word_1_361' title='bbox 2739 2339 3081 2396; x_wconf 90' lang='lat' dir='ltr'><strong>dilectionem</strong></span> <span class='ocrx_word' id='word_1_362' title='bbox 3104 2341 3220 2412; x_wconf 89' lang='lat' dir='ltr'><strong>ejus</strong></span> <span class='ocrx_word' id='word_1_363' title='bbox 3245 2351 3299 2398; x_wconf 91' lang='lat' dir='ltr'><strong>et</strong></span> <span class='ocrx_word' id='word_1_364' title='bbox 3326 2343 3606 2410; x_wconf 87' lang='lat' dir='ltr'><strong>honorem,</strong></span> 
     </span>
    </p>
   </div>
   <div class='ocr_carea' id='block_1_54' title="bbox 2007 2429 3611 2506">
    <p class='ocr_par' dir='ltr' id='par_1_54' title="bbox 2007 2429 3611 2506">
     <span class='ocr_line' id='line_1_54' title="bbox 2007 2429 3611 2506; baseline 0.005 -24"><span class='ocrx_word' id='word_1_365' title='bbox 2007 2429 2413 2498; x_wconf 83' lang='lat' dir='ltr'><strong>inquitPontius</strong></span> <span class='ocrx_word' id='word_1_366' title='bbox 2444 2431 2517 2503; x_wconf 78' lang='lat' dir='ltr'><strong>(in</strong></span> <span class='ocrx_word' id='word_1_367' title='bbox 2543 2429 2660 2485; x_wconf 80' lang='lat' dir='ltr'><strong>Vita</strong></span> <span class='ocrx_word' id='word_1_368' title='bbox 2675 2431 3182 2503; x_wconf 76' lang='lat' dir='ltr'><strong>Cypr.,n.5),tetus</strong></span> <span class='ocrx_word' id='word_1_369' title='bbox 3211 2435 3437 2506; x_wconf 89' lang='lat' dir='ltr'><strong>populus</strong></span> <span class='ocrx_word' id='word_1_370' title='bbox 3464 2436 3611 2506; x_wconf 88' lang='lat' dir='ltr'><strong>aspi-</strong></span> 
     </span>
    </p>
   </div>
   <div class='ocr_carea' id='block_1_55' title="bbox 2005 2525 3607 2598">
    <p class='ocr_par' dir='ltr' id='par_1_55' title="bbox 2005 2525 3607 2598">
     <span class='ocr_line' id='line_1_55' title="bbox 2005 2525 3607 2598; baseline 0.006 -20"><span class='ocrx_word' id='word_1_371' title='bbox 2005 2535 2158 2579; x_wconf 89' lang='lat' dir='ltr'><strong>rante</strong></span> <span class='ocrx_word' id='word_1_372' title='bbox 2210 2525 2476 2590; x_wconf 90' lang='lat' dir='ltr'><strong>Domine,</strong></span> <span class='ocrx_word' id='word_1_373' title='bbox 2524 2527 2816 2595; x_wconf 85' lang='lat' dir='ltr'><strong>prosiliret,</strong></span> <span class='ocrx_word' id='word_1_374' title='bbox 2865 2527 3139 2584; x_wconf 89' lang='lat' dir='ltr'><strong>humiliter</strong></span> <span class='ocrx_word' id='word_1_375' title='bbox 3191 2529 3278 2585; x_wconf 91' lang='lat' dir='ltr'><strong>ille</strong></span> <span class='ocrx_word' id='word_1_376' title='bbox 3345 2533 3607 2598; x_wconf 90' lang='lat' dir='ltr'><strong>secessit,</strong></span> 
     </span>
    </p>
   </div>
   <div class='ocr_carea' id='block_1_56' title="bbox 2006 2617 3610 2692">
    <p class='ocr_par' dir='ltr' id='par_1_56' title="bbox 2006 2617 3610 2692">
     <span class='ocr_line' id='line_1_56' title="bbox 2006 2617 3610 2692; baseline 0.005 -22"><span class='ocrx_word' id='word_1_377' title='bbox 2006 2617 2396 2687; x_wconf 89' lang='lat' dir='ltr'><strong>antiquioribus</strong></span> <span class='ocrx_word' id='word_1_378' title='bbox 2443 2617 2662 2686; x_wconf 86' lang='lat' dir='ltr'><strong>cedens,</strong></span> <span class='ocrx_word' id='word_1_379' title='bbox 2724 2629 2778 2674; x_wconf 89' lang='lat' dir='ltr'><strong>et</strong></span> <span class='ocrx_word' id='word_1_380' title='bbox 2831 2620 3106 2692; x_wconf 88' lang='lat' dir='ltr'><strong>indignum</strong></span> <span class='ocrx_word' id='word_1_381' title='bbox 3155 2636 3214 2677; x_wconf 90' lang='lat' dir='ltr'><strong>se</strong></span> <span class='ocrx_word' id='word_1_382' title='bbox 3265 2622 3420 2677; x_wconf 90' lang='lat' dir='ltr'><strong>titulo</strong></span> <span class='ocrx_word' id='word_1_383' title='bbox 3479 2625 3610 2679; x_wconf 88' lang='lat' dir='ltr'><strong>tanti</strong></span> 
     </span>
    </p>
   </div>
   <div class='ocr_carea' id='block_1_57' title="bbox 2006 2707 3150 2794">
    <p class='ocr_par' dir='ltr' id='par_1_57' title="bbox 2006 2707 3150 2794">
     <span class='ocr_line' id='line_1_57' title="bbox 2006 2707 3150 2794; baseline 0.001 -32"><span class='ocrx_word' id='word_1_384' title='bbox 2006 2707 2230 2764; x_wconf 91' lang='lat' dir='ltr'><strong>honoris</strong></span> <span class='ocrx_word' id='word_1_385' title='bbox 2256 2709 2591 2794; x_wconf 77' lang='lat' dir='ltr'><strong>existimans.</strong></span> <span class='ocrx_word' id='word_1_386' title='bbox 2634 2730 2652 2762; x_wconf 72' lang='grc' dir='ltr'><strong><em>ι</em></strong></span> <span class='ocrx_word' id='word_1_387' title='bbox 3147 2711 3150 2714; x_wconf 82' lang='grc'><em>’</em></span> 
     </span>
    </p>
   </div>
   <div class='ocr_carea' id='block_1_58' title="bbox 2076 2799 3604 2873">
    <p class='ocr_par' dir='ltr' id='par_1_58' title="bbox 2076 2799 3604 2873">
     <span class='ocr_line' id='line_1_58' title="bbox 2076 2799 3604 2873; baseline 0.003 -17"><span class='ocrx_word' id='word_1_388' title='bbox 2076 2799 2181 2856; x_wconf 91' lang='lat' dir='ltr'><strong>Sed</strong></span> <span class='ocrx_word' id='word_1_389' title='bbox 2205 2816 2266 2857; x_wconf 89' lang='lat' dir='ltr'><strong>ea</strong></span> <span class='ocrx_word' id='word_1_390' title='bbox 2296 2801 2555 2858; x_wconf 89' lang='lat' dir='ltr'><strong>modestia</strong></span> <span class='ocrx_word' id='word_1_391' title='bbox 2597 2801 2770 2856; x_wconf 90' lang='lat' dir='ltr'><strong>studia</strong></span> <span class='ocrx_word' id='word_1_392' title='bbox 2806 2803 2982 2872; x_wconf 90' lang='lat' dir='ltr'><strong>populi</strong></span> <span class='ocrx_word' id='word_1_393' title='bbox 3021 2804 3189 2858; x_wconf 86' lang='lat' dir='ltr'><strong>auxit.</strong></span> <span class='ocrx_word' id='word_1_394' title='bbox 3238 2823 3257 2855; x_wconf 85' lang='grc'><strong><em>‹</em></strong></span> <span class='ocrx_word' id='word_1_395' title='bbox 3284 2805 3604 2873; x_wconf 88' lang='lat' dir='ltr'><strong>Obsederat,</strong></span> 
     </span>
    </p>
   </div>
   <div class='ocr_carea' id='block_1_59' title="bbox 2007 2895 3612 2970">
    <p class='ocr_par' dir='ltr' id='par_1_59' title="bbox 2007 2895 3612 2970">
     <span class='ocr_line' id='line_1_59' title="bbox 2007 2895 3612 2970; baseline 0.001 -17"><span class='ocrx_word' id='word_1_396' title='bbox 2007 2898 2183 2968; x_wconf 87' lang='lat' dir='ltr'><strong>pergit</strong></span> <span class='ocrx_word' id='word_1_397' title='bbox 2212 2897 2374 2964; x_wconf 91' lang='lat' dir='ltr'><strong>idem,</strong></span> <span class='ocrx_word' id='word_1_398' title='bbox 2419 2897 2564 2954; x_wconf 91' lang='lat' dir='ltr'><strong>feres</strong></span> <span class='ocrx_word' id='word_1_399' title='bbox 2591 2897 2784 2952; x_wconf 92' lang='lat' dir='ltr'><strong>domus</strong></span> <span class='ocrx_word' id='word_1_400' title='bbox 2809 2898 3028 2970; x_wconf 89' lang='lat' dir='ltr'><strong>copiosa</strong></span> <span class='ocrx_word' id='word_1_401' title='bbox 3072 2895 3408 2966; x_wconf 86' lang='lat' dir='ltr'><strong>fraternitas,</strong></span> <span class='ocrx_word' id='word_1_402' title='bbox 3435 2909 3489 2954; x_wconf 91' lang='lat' dir='ltr'><strong>et</strong></span> <span class='ocrx_word' id='word_1_403' title='bbox 3517 2915 3612 2969; x_wconf 91' lang='lat' dir='ltr'><strong>per</strong></span> 
     </span>
    </p>
   </div>
   <div class='ocr_carea' id='block_1_60' title="bbox 2007 2977 3622 3062">
    <p class='ocr_par' dir='ltr' id='par_1_60' title="bbox 2007 2977 3622 3062">
     <span class='ocr_line' id='line_1_60' title="bbox 2007 2977 3622 3062; baseline 0.001 -17"><span class='ocrx_word' id='word_1_404' title='bbox 2007 3005 2197 3045; x_wconf 90' lang='lat' dir='ltr'><strong>omnes</strong></span> <span class='ocrx_word' id='word_1_405' title='bbox 2223 2988 2400 3045; x_wconf 86' lang='lat' dir='ltr'><strong>aditus</strong></span> <span class='ocrx_word' id='word_1_406' title='bbox 2430 2990 2665 3045; x_wconf 90' lang='lat' dir='ltr'><strong>sollicita</strong></span> <span class='ocrx_word' id='word_1_407' title='bbox 2697 2988 2932 3044; x_wconf 81' lang='lat' dir='ltr'><strong>Charitas</strong></span> <span class='ocrx_word' id='word_1_408' title='bbox 2959 2990 3235 3045; x_wconf 86' lang='lat' dir='ltr'><strong>circuibat.</strong></span> <span class='ocrx_word' id='word_1_409' title='bbox 3265 2991 3413 3060; x_wconf 82' lang='lat' dir='ltr'><strong>Fuga</strong></span> <span class='ocrx_word' id='word_1_410' title='bbox 3451 2977 3622 3062; x_wconf 41' lang='lat' dir='ltr'><strong>igitur.</strong></span> 
     </span>
    </p>
   </div>
   <div class='ocr_carea' id='block_1_61' title="bbox 2009 3082 3615 3154">
    <p class='ocr_par' dir='ltr' id='par_1_61' title="bbox 2009 3082 3615 3154">
     <span class='ocr_line' id='line_1_61' title="bbox 2009 3082 3615 3154; baseline 0.003 -18"><span class='ocrx_word' id='word_1_411' title='bbox 2009 3082 2318 3148; x_wconf 90' lang='lat' dir='ltr'><strong>interclusa,</strong></span> <span class='ocrx_word' id='word_1_412' title='bbox 2350 3082 2651 3154; x_wconf 91' lang='lat' dir='ltr'><strong>parendum</strong></span> <span class='ocrx_word' id='word_1_413' title='bbox 2703 3082 2885 3153; x_wconf 92' lang='lat' dir='ltr'><strong>populi</strong></span> <span class='ocrx_word' id='word_1_414' title='bbox 2940 3083 3201 3139; x_wconf 85' lang='lat' dir='ltr'><strong>voluntati</strong></span> <span class='ocrx_word' id='word_1_415' title='bbox 3247 3083 3364 3150; x_wconf 91' lang='lat' dir='ltr'><strong>fuit,</strong></span> <span class='ocrx_word' id='word_1_416' title='bbox 3409 3086 3499 3152; x_wconf 90' lang='lat' dir='ltr'><strong>qui</strong></span> <span class='ocrx_word' id='word_1_417' title='bbox 3557 3095 3615 3141; x_wconf 83' lang='lat' dir='ltr'><strong>et</strong></span> 
     </span>
    </p>
   </div>
   <div class='ocr_carea' id='block_1_62' title="bbox 377 3130 3611 3246">
    <p class='ocr_par' dir='ltr' id='par_1_62' title="bbox 377 3130 3611 3246">
     <span class='ocr_line' id='line_1_62' title="bbox 377 3130 3611 3202; baseline -0.002 -14"><span class='ocrx_word' id='word_1_418' title='bbox 377 3133 443 3186; x_wconf 87' lang='lat' dir='ltr'><strong>ll.</strong></span> <span class='ocrx_word' id='word_1_419' title='bbox 474 3130 679 3186; x_wconf 83' lang='lat' dir='ltr'><strong>Eodem</strong></span> <span class='ocrx_word' id='word_1_420' title='bbox 731 3145 873 3186; x_wconf 88' lang='lat' dir='ltr'><strong>anno</strong></span> <span class='ocrx_word' id='word_1_421' title='bbox 928 3131 1164 3188; x_wconf 82' lang='lat' dir='ltr'><strong>Donatus</strong></span> <span class='ocrx_word' id='word_1_422' title='bbox 1211 3132 1496 3202; x_wconf 86' lang='lat' dir='ltr'><strong>episcopus</strong></span> <span class='ocrx_word' id='word_1_423' title='bbox 1529 3133 1644 3202; x_wconf 83' lang='lat' dir='ltr'><strong>jam</strong></span> <span class='ocrx_word' id='word_1_424' title='bbox 1699 3132 1900 3200; x_wconf 85' lang='lat' dir='ltr'><strong>senior,</strong></span> <span class='ocrx_word' id='word_1_425' title='bbox 2009 3130 2318 3148; x_wconf 73' lang='lat'><strong>&quot;&quot;&quot;&quot;&quot;&quot;’</strong></span> <span class='ocrx_word' id='word_1_426' title='bbox 2351 3130 2651 3200; x_wconf 69' lang='lat'><strong>’&quot;_&#39;.&quot;&#39;&quot;&quot;&#39;</strong></span> <span class='ocrx_word' id='word_1_427' title='bbox 2706 3130 2885 3153; x_wconf 70' lang='lat'><strong>&quot;&#39;&quot;&quot;</strong></span> <span class='ocrx_word' id='word_1_428' title='bbox 3411 3130 3499 3152; x_wconf 80' lang='grc'><strong>“¹“’</strong></span> <span class='ocrx_word' id='word_1_429' title='bbox 3560 3130 3611 3189; x_wconf 69' lang='grc' dir='ltr'><strong>ἵ·</strong></span> 
     </span>
     <span class='ocr_line' id='line_1_63' title="bbox 377 3160 3611 3246; baseline -0.002 -11"><span class='ocrx_word' id='word_1_430' title='bbox 1103 3227 1266 3246; x_wconf 29' lang='grc' dir='ltr'><strong>μή,</strong></span> <span class='ocrx_word' id='word_1_431' title='bbox 1616 3243 1632 3246; x_wconf 25' lang='grc' dir='ltr'><strong>Α</strong></span> <span class='ocrx_word' id='word_1_432' title='bbox 1930 3160 1975 3224; x_wconf 84' lang='lat' dir='ltr'><strong>C</strong></span> <span class='ocrx_word' id='word_1_433' title='bbox 2011 3186 2291 3232; x_wconf 79' lang='lat' dir='ltr'><strong>venturum</strong></span> <span class='ocrx_word' id='word_1_434' title='bbox 2321 3191 2514 3231; x_wconf 64' lang='lat' dir='ltr'><strong>anxius</strong></span> <span class='ocrx_word' id='word_1_435' title='bbox 2543 3185 2975 3246; x_wconf 79' lang='lat' dir='ltr'><strong>exspeCIaverat,</strong></span> <span class='ocrx_word' id='word_1_436' title='bbox 3019 3187 3073 3232; x_wconf 91' lang='lat' dir='ltr'><strong>et</strong></span> <span class='ocrx_word' id='word_1_437' title='bbox 3120 3187 3424 3233; x_wconf 76' lang='lat' dir='ltr'><strong>venientem</strong></span> <span class='ocrx_word' id='word_1_438' title='bbox 3454 3179 3611 3232; x_wconf 79' lang='lat' dir='ltr'><strong>deni-</strong></span> 
     </span>
    </p>
   </div>
   <div class='ocr_carea' id='block_1_63' title="bbox 304 3226 1904 3300">
    <p class='ocr_par' dir='ltr' id='par_1_63' title="bbox 304 3226 1904 3300">
     <span class='ocr_line' id='line_1_64' title="bbox 304 3226 1904 3300; baseline -0.001 -18"><span class='ocrx_word' id='word_1_439' title='bbox 304 3236 466 3298; x_wconf 89' lang='lat' dir='ltr'><strong>atque</strong></span> <span class='ocrx_word' id='word_1_440' title='bbox 494 3228 695 3291; x_wconf 89' lang='lat' dir='ltr'><strong>animo,</strong></span> <span class='ocrx_word' id='word_1_441' title='bbox 729 3237 784 3281; x_wconf 91' lang='lat' dir='ltr'><strong>ut</strong></span> <span class='ocrx_word' id='word_1_442' title='bbox 813 3228 1065 3293; x_wconf 91' lang='lat' dir='ltr'><strong>arbitror,</strong></span> <span class='ocrx_word' id='word_1_443' title='bbox 1101 3227 1274 3283; x_wconf 85' lang='lat' dir='ltr'><strong>futura</strong></span> <span class='ocrx_word' id='word_1_444' title='bbox 1309 3228 1656 3300; x_wconf 73' lang='lat' dir='ltr'><strong>prmsagiens,</strong></span> <span class='ocrx_word' id='word_1_445' title='bbox 1681 3226 1904 3299; x_wconf 90' lang='lat' dir='ltr'><strong>Cypria-</strong></span> 
     </span>
    </p>
   </div>
   <div class='ocr_carea' id='block_1_64' title="bbox 307 3319 1905 3390">
    <p class='ocr_par' dir='ltr' id='par_1_64' title="bbox 307 3319 1905 3390">
     <span class='ocr_line' id='line_1_65' title="bbox 307 3319 1905 3390; baseline 0.001 -16"><span class='ocrx_word' id='word_1_446' title='bbox 307 3337 457 3385; x_wconf 89' lang='lat' dir='ltr'><strong>num,</strong></span> <span class='ocrx_word' id='word_1_447' title='bbox 491 3319 644 3390; x_wconf 92' lang='lat' dir='ltr'><strong>cujus</strong></span> <span class='ocrx_word' id='word_1_448' title='bbox 696 3320 989 3390; x_wconf 83' lang='lat' dir='ltr'><strong>ingenium,</strong></span> <span class='ocrx_word' id='word_1_449' title='bbox 1022 3319 1320 3375; x_wconf 87' lang='lat' dir='ltr'><strong>doctrinam</strong></span> <span class='ocrx_word' id='word_1_450' title='bbox 1341 3361 1355 3386; x_wconf 91' lang='lat'><strong>,</strong></span> <span class='ocrx_word' id='word_1_451' title='bbox 1386 3320 1660 3386; x_wconf 81' lang='lat' dir='ltr'><strong>virtutem,</strong></span> <span class='ocrx_word' id='word_1_452' title='bbox 1689 3321 1905 3390; x_wconf 81' lang='lat' dir='ltr'><strong>religie-</strong></span> 
     </span>
    </p>
   </div>
   <div class='ocr_carea' id='block_1_65' title="bbox 306 3411 1906 3482">
    <p class='ocr_par' dir='ltr' id='par_1_65' title="bbox 306 3411 1906 3482">
     <span class='ocr_line' id='line_1_66' title="bbox 306 3411 1906 3482; baseline -0.001 -13"><span class='ocrx_word' id='word_1_453' title='bbox 306 3428 428 3469; x_wconf 88' lang='lat' dir='ltr'><strong>nem</strong></span> <span class='ocrx_word' id='word_1_454' title='bbox 485 3412 869 3475; x_wconf 87' lang='lat' dir='ltr'><strong>admirabatur,</strong></span> <span class='ocrx_word' id='word_1_455' title='bbox 916 3411 1135 3481; x_wconf 81' lang='lat' dir='ltr'><strong>dignum</strong></span> <span class='ocrx_word' id='word_1_456' title='bbox 1168 3413 1326 3482; x_wconf 90' lang='lat' dir='ltr'><strong>plane</strong></span> <span class='ocrx_word' id='word_1_457' title='bbox 1363 3413 1516 3468; x_wconf 84' lang='lat' dir='ltr'><strong>duxit</strong></span> <span class='ocrx_word' id='word_1_458' title='bbox 1557 3428 1716 3482; x_wconf 90' lang='lat' dir='ltr'><strong>quem</strong></span> <span class='ocrx_word' id='word_1_459' title='bbox 1766 3413 1906 3468; x_wconf 87' lang='lat' dir='ltr'><strong>inter</strong></span> 
     </span>
    </p>
   </div>
   <div class='ocr_carea' id='block_1_66' title="bbox 307 3503 1905 3574">
    <p class='ocr_par' dir='ltr' id='par_1_66' title="bbox 307 3503 1905 3574">
     <span class='ocr_line' id='line_1_67' title="bbox 307 3503 1905 3574; baseline 0 -14"><span class='ocrx_word' id='word_1_460' title='bbox 307 3505 551 3561; x_wconf 62' lang='lat' dir='ltr'><strong>ecclesiae</strong></span> <span class='ocrx_word' id='word_1_461' title='bbox 599 3519 711 3559; x_wconf 76' lang='lat' dir='ltr'><strong>sure</strong></span> <span class='ocrx_word' id='word_1_462' title='bbox 759 3503 1110 3574; x_wconf 87' lang='lat' dir='ltr'><strong>presbyteros</strong></span> <span class='ocrx_word' id='word_1_463' title='bbox 1151 3513 1452 3574; x_wconf 88' lang='lat' dir='ltr'><strong>cooptaret.</strong></span> <span class='ocrx_word' id='word_1_464' title='bbox 1499 3504 1682 3574; x_wconf 90' lang='lat' dir='ltr'><strong>Neque</strong></span> <span class='ocrx_word' id='word_1_465' title='bbox 1731 3505 1905 3560; x_wconf 88' lang='lat' dir='ltr'><strong>serius</strong></span> 
     </span>
    </p>
   </div>
   <div class='ocr_carea' id='block_1_67' title="bbox 309 3595 1904 3665">
    <p class='ocr_par' dir='ltr' id='par_1_67' title="bbox 309 3595 1904 3665">
     <span class='ocr_line' id='line_1_68' title="bbox 309 3595 1904 3665; baseline -0.001 -13"><span class='ocrx_word' id='word_1_466' title='bbox 309 3612 428 3652; x_wconf 90' lang='lat' dir='ltr'><strong>eum</strong></span> <span class='ocrx_word' id='word_1_467' title='bbox 469 3597 640 3652; x_wconf 88' lang='lat' dir='ltr'><strong>sacris</strong></span> <span class='ocrx_word' id='word_1_468' title='bbox 690 3596 956 3650; x_wconf 88' lang='lat' dir='ltr'><strong>initiatum</strong></span> <span class='ocrx_word' id='word_1_469' title='bbox 1003 3596 1162 3650; x_wconf 86' lang='lat' dir='ltr'><strong>statui</strong></span> <span class='ocrx_word' id='word_1_470' title='bbox 1211 3604 1419 3665; x_wconf 89' lang='lat' dir='ltr'><strong>potest,</strong></span> <span class='ocrx_word' id='word_1_471' title='bbox 1454 3610 1574 3650; x_wconf 91' lang='lat' dir='ltr'><strong>cum</strong></span> <span class='ocrx_word' id='word_1_472' title='bbox 1616 3595 1685 3651; x_wconf 85' lang='lat' dir='ltr'><strong>de</strong></span> <span class='ocrx_word' id='word_1_473' title='bbox 1715 3595 1904 3651; x_wconf 87' lang='lat' dir='ltr'><strong>eodem</strong></span> 
     </span>
    </p>
   </div>
   <div class='ocr_carea' id='block_1_68' title="bbox 307 3681 1909 3761">
    <p class='ocr_par' dir='ltr' id='par_1_68' title="bbox 307 3681 1909 3761">
     <span class='ocr_line' id='line_1_69' title="bbox 307 3681 1909 3761; baseline -0.002 -16"><span class='ocrx_word' id='word_1_474' title='bbox 307 3690 509 3745; x_wconf 85' lang='lat' dir='ltr'><strong>scribat</strong></span> <span class='ocrx_word' id='word_1_475' title='bbox 539 3690 760 3745; x_wconf 70' lang='lat' dir='ltr'><strong>l’entius</strong></span> <span class='ocrx_word' id='word_1_476' title='bbox 792 3681 884 3761; x_wconf 27' lang='lat' dir='ltr'><strong>(in.</strong></span> <span class='ocrx_word' id='word_1_477' title='bbox 910 3688 1010 3744; x_wconf 80' lang='lat' dir='ltr'><strong>Vit.</strong></span> <span class='ocrx_word' id='word_1_478' title='bbox 1042 3706 1095 3742; x_wconf 83' lang='grc' dir='ltr'><em>η.</em></span> <span class='ocrx_word' id='word_1_479' title='bbox 1123 3687 1181 3760; x_wconf 79' lang='lat'><strong>5)</strong></span> <span class='ocrx_word' id='word_1_480' title='bbox 1212 3707 1226 3744; x_wconf 90' lang='lat'><strong>:</strong></span> <span class='ocrx_word' id='word_1_481' title='bbox 1257 3709 1274 3742; x_wconf 84' lang='grc'><em>‹</em></span> <span class='ocrx_word' id='word_1_482' title='bbox 1310 3688 1469 3744; x_wconf 78' lang='lat' dir='ltr'><strong>Multa</strong></span> <span class='ocrx_word' id='word_1_483' title='bbox 1498 3697 1641 3755; x_wconf 87' lang='lat' dir='ltr'><strong>sunt,</strong></span> <span class='ocrx_word' id='word_1_484' title='bbox 1672 3705 1789 3759; x_wconf 68' lang='lat' dir='ltr'><strong>qua:</strong></span> <span class='ocrx_word' id='word_1_485' title='bbox 1813 3689 1909 3742; x_wconf 86' lang='lat' dir='ltr'><strong>ad—</strong></span> 
     </span>
    </p>
   </div>
   <div class='ocr_carea' id='block_1_69' title="bbox 310 3779 1907 3852">
    <p class='ocr_par' dir='ltr' id='par_1_69' title="bbox 310 3779 1907 3852">
     <span class='ocr_line' id='line_1_70' title="bbox 310 3779 1907 3852; baseline -0.002 -15"><span class='ocrx_word' id='word_1_486' title='bbox 310 3782 414 3839; x_wconf 88' lang='lat' dir='ltr'><strong>huc</strong></span> <span class='ocrx_word' id='word_1_487' title='bbox 453 3783 716 3852; x_wconf 84' lang='lat' dir='ltr'><strong>plebeius,</strong></span> <span class='ocrx_word' id='word_1_488' title='bbox 750 3782 917 3836; x_wconf 90' lang='lat' dir='ltr'><strong>multa</strong></span> <span class='ocrx_word' id='word_1_489' title='bbox 945 3796 1065 3850; x_wconf 86' lang='lat' dir='ltr'><strong>quae</strong></span> <span class='ocrx_word' id='word_1_490' title='bbox 1087 3780 1199 3850; x_wconf 87' lang='lat' dir='ltr'><strong>jam</strong></span> <span class='ocrx_word' id='word_1_491' title='bbox 1232 3781 1515 3851; x_wconf 78' lang='lat' dir='ltr'><strong>presbyter</strong></span> <span class='ocrx_word' id='word_1_492' title='bbox 1549 3779 1705 3847; x_wconf 84' lang='lat' dir='ltr'><strong>fecit,</strong></span> <span class='ocrx_word' id='word_1_493' title='bbox 1741 3780 1907 3834; x_wconf 87' lang='lat' dir='ltr'><strong>multa</strong></span> 
     </span>
    </p>
   </div>
   <div class='ocr_carea' id='block_1_70' title="bbox 309 3875 1907 3947">
    <p class='ocr_par' dir='ltr' id='par_1_70' title="bbox 309 3875 1907 3947">
     <span class='ocr_line' id='line_1_71' title="bbox 309 3875 1907 3947; baseline -0.002 -16"><span class='ocrx_word' id='word_1_494' title='bbox 309 3893 429 3947; x_wconf 77' lang='lat' dir='ltr'><strong>quzc</strong></span> <span class='ocrx_word' id='word_1_495' title='bbox 456 3877 522 3932; x_wconf 86' lang='lat' dir='ltr'><strong>ad</strong></span> <span class='ocrx_word' id='word_1_496' title='bbox 550 3886 792 3932; x_wconf 80' lang='lat' dir='ltr'><strong>veterum</strong></span> <span class='ocrx_word' id='word_1_497' title='bbox 824 3875 1071 3944; x_wconf 82' lang='lat' dir='ltr'><strong>exempla</strong></span> <span class='ocrx_word' id='word_1_498' title='bbox 1096 3875 1366 3944; x_wconf 91' lang='lat' dir='ltr'><strong>justorum</strong></span> <span class='ocrx_word' id='word_1_499' title='bbox 1397 3875 1695 3930; x_wconf 87' lang='lat' dir='ltr'><strong>imitatione</strong></span> <span class='ocrx_word' id='word_1_500' title='bbox 1725 3876 1907 3930; x_wconf 90' lang='lat' dir='ltr'><strong>consi-</strong></span> 
     </span>
    </p>
   </div>
   <div class='ocr_carea' id='block_1_71' title="bbox 303 3966 1910 4040">
    <p class='ocr_par' dir='ltr' id='par_1_71' title="bbox 303 3966 1910 4040">
     <span class='ocr_line' id='line_1_72' title="bbox 303 3966 1910 4040; baseline -0.002 -16"><span class='ocrx_word' id='word_1_501' title='bbox 303 3969 422 4024; x_wconf 84' lang='lat' dir='ltr'><strong>mili</strong></span> <span class='ocrx_word' id='word_1_502' title='bbox 451 3978 791 4040; x_wconf 86' lang='lat' dir='ltr'><strong>prosecutus,</strong></span> <span class='ocrx_word' id='word_1_503' title='bbox 827 3967 1187 4039; x_wconf 83' lang='lat' dir='ltr'><strong>promerendo</strong></span> <span class='ocrx_word' id='word_1_504' title='bbox 1237 3968 1524 4022; x_wconf 89' lang='lat' dir='ltr'><strong>Dominum</strong></span> <span class='ocrx_word' id='word_1_505' title='bbox 1579 3967 1743 4023; x_wconf 92' lang='lat' dir='ltr'><strong>totius</strong></span> <span class='ocrx_word' id='word_1_506' title='bbox 1782 3966 1910 4021; x_wconf 90' lang='lat' dir='ltr'><strong>reli-</strong></span> 
     </span>
    </p>
   </div>
   <div class='ocr_carea' id='block_1_72' title="bbox 309 4059 1903 4136">
    <p class='ocr_par' dir='ltr' id='par_1_72' title="bbox 309 4059 1903 4136">
     <span class='ocr_line' id='line_1_73' title="bbox 309 4059 1903 4136; baseline -0.003 -19"><span class='ocrx_word' id='word_1_507' title='bbox 309 4064 484 4134; x_wconf 85' lang='lat' dir='ltr'><strong>gionis</strong></span> <span class='ocrx_word' id='word_1_508' title='bbox 513 4063 777 4132; x_wconf 88' lang='lat' dir='ltr'><strong>obsequio</strong></span> <span class='ocrx_word' id='word_1_509' title='bbox 818 4063 1106 4136; x_wconf 65' lang='lat' dir='ltr'><strong>praestitit:</strong></span> <span class='ocrx_word' id='word_1_510' title='bbox 1142 4081 1165 4113; x_wconf 66' lang='grc' dir='ltr'><strong>ο</strong></span> <span class='ocrx_word' id='word_1_511' title='bbox 1205 4076 1303 4116; x_wconf 90' lang='lat' dir='ltr'><strong>nec</strong></span> <span class='ocrx_word' id='word_1_512' title='bbox 1339 4076 1466 4115; x_wconf 85' lang='lat' dir='ltr'><strong>vero</strong></span> <span class='ocrx_word' id='word_1_513' title='bbox 1494 4059 1628 4114; x_wconf 87' lang='lat' dir='ltr'><strong>ultra</strong></span> <span class='ocrx_word' id='word_1_514' title='bbox 1660 4060 1784 4115; x_wconf 88' lang='lat' dir='ltr'><strong>anni</strong></span> <span class='ocrx_word' id='word_1_515' title='bbox 1816 4059 1903 4113; x_wconf 89' lang='lat' dir='ltr'><strong>iu-</strong></span> 
     </span>
    </p>
   </div>
   <div class='ocr_carea' id='block_1_73' title="bbox 309 4154 1905 4229">
    <p class='ocr_par' dir='ltr' id='par_1_73' title="bbox 309 4154 1905 4229">
     <span class='ocr_line' id='line_1_74' title="bbox 309 4154 1905 4229; baseline -0.003 -17"><span class='ocrx_word' id='word_1_516' title='bbox 309 4159 583 4229; x_wconf 85' lang='lat' dir='ltr'><strong>sequentis</strong></span> <span class='ocrx_word' id='word_1_517' title='bbox 637 4158 867 4227; x_wconf 85' lang='lat' dir='ltr'><strong>spatium</strong></span> <span class='ocrx_word' id='word_1_518' title='bbox 910 4156 1126 4211; x_wconf 76' lang='lat' dir='ltr'><strong>differre</strong></span> <span class='ocrx_word' id='word_1_519' title='bbox 1175 4155 1514 4225; x_wconf 89' lang='lat' dir='ltr'><strong>pontiﬁcatus</strong></span> <span class='ocrx_word' id='word_1_520' title='bbox 1540 4154 1656 4224; x_wconf 88' lang='lat' dir='ltr'><strong>ejus</strong></span> <span class='ocrx_word' id='word_1_521' title='bbox 1696 4154 1905 4208; x_wconf 88' lang='lat' dir='ltr'><strong>initium</strong></span> 
     </span>
    </p>
   </div>
   <div class='ocr_carea' id='block_1_74' title="bbox 312 4246 1908 4320">
    <p class='ocr_par' dir='ltr' id='par_1_74' title="bbox 312 4246 1908 4320">
     <span class='ocr_line' id='line_1_75' title="bbox 312 4246 1908 4320; baseline -0.003 -16"><span class='ocrx_word' id='word_1_522' title='bbox 312 4250 493 4313; x_wconf 68' lang='lat' dir='ltr'><strong>liceat,</strong></span> <span class='ocrx_word' id='word_1_523' title='bbox 521 4249 661 4320; x_wconf 90' lang='lat' dir='ltr'><strong>quod</strong></span> <span class='ocrx_word' id='word_1_524' title='bbox 691 4250 758 4305; x_wconf 89' lang='lat' dir='ltr'><strong>ab</strong></span> <span class='ocrx_word' id='word_1_525' title='bbox 803 4265 871 4304; x_wconf 92' lang='lat' dir='ltr'><strong>eo</strong></span> <span class='ocrx_word' id='word_1_526' title='bbox 899 4249 949 4304; x_wconf 92' lang='lat' dir='ltr'><strong>in</strong></span> <span class='ocrx_word' id='word_1_527' title='bbox 991 4248 1232 4320; x_wconf 88' lang='lat' dir='ltr'><strong>epistolis</strong></span> <span class='ocrx_word' id='word_1_528' title='bbox 1259 4263 1363 4304; x_wconf 91' lang='lat' dir='ltr'><strong>non</strong></span> <span class='ocrx_word' id='word_1_529' title='bbox 1395 4248 1624 4302; x_wconf 77' lang='lat' dir='ltr'><strong>obscure</strong></span> <span class='ocrx_word' id='word_1_530' title='bbox 1655 4246 1908 4317; x_wconf 81' lang='lat' dir='ltr'><strong>designa-</strong></span> 
     </span>
    </p>
   </div>
   <div class='ocr_carea' id='block_1_75' title="bbox 315 4338 1907 4410">
    <p class='ocr_par' dir='ltr' id='par_1_75' title="bbox 315 4338 1907 4410">
     <span class='ocr_line' id='line_1_76' title="bbox 315 4338 1907 4410; baseline -0.003 -14"><span class='ocrx_word' id='word_1_531' title='bbox 315 4352 420 4396; x_wconf 90' lang='lat' dir='ltr'><strong>tur.</strong></span> <span class='ocrx_word' id='word_1_532' title='bbox 471 4340 707 4408; x_wconf 89' lang='lat' dir='ltr'><strong>Scriptos</strong></span> <span class='ocrx_word' id='word_1_533' title='bbox 735 4354 775 4394; x_wconf 88' lang='lat' dir='ltr'><strong>.a</strong></span> <span class='ocrx_word' id='word_1_534' title='bbox 811 4338 1099 4410; x_wconf 88' lang='lat' dir='ltr'><strong>Cypriane,</strong></span> <span class='ocrx_word' id='word_1_535' title='bbox 1133 4353 1252 4394; x_wconf 93' lang='lat' dir='ltr'><strong>cum</strong></span> <span class='ocrx_word' id='word_1_536' title='bbox 1283 4338 1563 4408; x_wconf 90' lang='lat' dir='ltr'><strong>presbyter</strong></span> <span class='ocrx_word' id='word_1_537' title='bbox 1585 4348 1725 4394; x_wconf 87' lang='lat' dir='ltr'><strong>esset</strong></span> <span class='ocrx_word' id='word_1_538' title='bbox 1751 4379 1765 4404; x_wconf 92' lang='lat'><strong>,</strong></span> <span class='ocrx_word' id='word_1_539' title='bbox 1799 4346 1907 4392; x_wconf 90' lang='lat' dir='ltr'><strong>tres</strong></span> 
     </span>
    </p>
   </div>
   <div class='ocr_carea' id='block_1_76' title="bbox 309 4429 1906 4496">
    <p class='ocr_par' dir='ltr' id='par_1_76' title="bbox 309 4429 1906 4496">
     <span class='ocr_line' id='line_1_77' title="bbox 309 4429 1906 4496; baseline -0.004 -7"><span class='ocrx_word' id='word_1_540' title='bbox 309 4434 482 4490; x_wconf 91' lang='lat' dir='ltr'><strong>libros</strong></span> <span class='ocrx_word' id='word_1_541' title='bbox 553 4433 1002 4488; x_wconf 84' lang='lat' dir='ltr'><strong>Testimoniorum</strong></span> <span class='ocrx_word' id='word_1_542' title='bbox 1054 4431 1312 4486; x_wconf 84' lang='lat' dir='ltr'><strong>adversus</strong></span> <span class='ocrx_word' id='word_1_543' title='bbox 1375 4431 1597 4496; x_wconf 87' lang='lat' dir='ltr'><strong>Judeos,</strong></span> <span class='ocrx_word' id='word_1_544' title='bbox 1655 4431 1782 4485; x_wconf 90' lang='lat' dir='ltr'><strong>item</strong></span> <span class='ocrx_word' id='word_1_545' title='bbox 1841 4429 1906 4483; x_wconf 81' lang='lat' dir='ltr'><strong>li-</strong></span> 
     </span>
    </p>
   </div>
   <div class='ocr_carea' id='block_1_77' title="bbox 313 4523 1912 4595">
    <p class='ocr_par' dir='ltr' id='par_1_77' title="bbox 313 4523 1912 4595">
     <span class='ocr_line' id='line_1_78' title="bbox 313 4523 1912 4595; baseline -0.003 -16"><span class='ocrx_word' id='word_1_546' title='bbox 313 4526 469 4580; x_wconf 90' lang='lat' dir='ltr'><strong>brum</strong></span> <span class='ocrx_word' id='word_1_547' title='bbox 522 4524 588 4579; x_wconf 91' lang='lat' dir='ltr'><strong>de</strong></span> <span class='ocrx_word' id='word_1_548' title='bbox 632 4524 825 4578; x_wconf 84' lang='lat' dir='ltr'><strong>Habitu</strong></span> <span class='ocrx_word' id='word_1_549' title='bbox 867 4524 1160 4595; x_wconf 78' lang='lat' dir='ltr'><strong>virginum,</strong></span> <span class='ocrx_word' id='word_1_550' title='bbox 1212 4538 1370 4593; x_wconf 87' lang='lat' dir='ltr'><strong>quem</strong></span> <span class='ocrx_word' id='word_1_551' title='bbox 1421 4523 1502 4578; x_wconf 89' lang='lat' dir='ltr'><strong>bis</strong></span> <span class='ocrx_word' id='word_1_552' title='bbox 1553 4523 1912 4591; x_wconf 82' lang='lat' dir='ltr'><strong>Hieronymus</strong></span> 
     </span>
    </p>
   </div>
   <div class='ocr_carea' id='block_1_78' title="bbox 312 4614 1909 4690">
    <p class='ocr_par' dir='ltr' id='par_1_78' title="bbox 312 4614 1909 4690">
     <span class='ocr_line' id='line_1_79' title="bbox 312 4614 1909 4690; baseline -0.005 -17"><span class='ocrx_word' id='word_1_553' title='bbox 312 4618 584 4690; x_wconf 70' lang='lat' dir='ltr'><strong>egregium</strong></span> <span class='ocrx_word' id='word_1_554' title='bbox 631 4617 881 4672; x_wconf 80' lang='lat' dir='ltr'><strong>volumen</strong></span> <span class='ocrx_word' id='word_1_555' title='bbox 921 4617 1152 4686; x_wconf 84' lang='lat' dir='ltr'><strong>appellat</strong></span> <span class='ocrx_word' id='word_1_556' title='bbox 1212 4615 1289 4686; x_wconf 82' lang='lat' dir='ltr'><strong>(in</strong></span> <span class='ocrx_word' id='word_1_557' title='bbox 1316 4614 1492 4686; x_wconf 76' lang='lat' dir='ltr'><strong>Epist.</strong></span> <span class='ocrx_word' id='word_1_558' title='bbox 1541 4616 1608 4668; x_wconf 86' lang='lat' dir='ltr'><strong>ad</strong></span> <span class='ocrx_word' id='word_1_559' title='bbox 1665 4614 1909 4669; x_wconf 80' lang='lat' dir='ltr'><strong>Eustoch.</strong></span> 
     </span>
    </p>
   </div>
   <div class='ocr_carea' id='block_1_79' title="bbox 313 4707 1912 4781">
    <p class='ocr_par' dir='ltr' id='par_1_79' title="bbox 313 4707 1912 4781">
     <span class='ocr_line' id='line_1_80' title="bbox 313 4707 1912 4781; baseline -0.003 -15"><span class='ocrx_word' id='word_1_560' title='bbox 313 4717 454 4767; x_wconf 83' lang='lat' dir='ltr'><strong>etad</strong></span> <span class='ocrx_word' id='word_1_561' title='bbox 483 4709 735 4781; x_wconf 84' lang='lat' dir='ltr'><strong>Demetr.)</strong></span> <span class='ocrx_word' id='word_1_562' title='bbox 765 4725 780 4774; x_wconf 88' lang='lat'><strong>;</strong></span> <span class='ocrx_word' id='word_1_563' title='bbox 812 4710 995 4778; x_wconf 89' lang='lat' dir='ltr'><strong>opinio</strong></span> <span class='ocrx_word' id='word_1_564' title='bbox 1036 4708 1326 4766; x_wconf 90' lang='lat' dir='ltr'><strong>multorum</strong></span> <span class='ocrx_word' id='word_1_565' title='bbox 1387 4718 1490 4772; x_wconf 89' lang='lat' dir='ltr'><strong>est,</strong></span> <span class='ocrx_word' id='word_1_566' title='bbox 1524 4725 1684 4779; x_wconf 88' lang='lat' dir='ltr'><strong>quam</strong></span> <span class='ocrx_word' id='word_1_567' title='bbox 1715 4717 1769 4763; x_wconf 89' lang='lat' dir='ltr'><strong>et</strong></span> <span class='ocrx_word' id='word_1_568' title='bbox 1799 4707 1912 4775; x_wconf 82' lang='lat' dir='ltr'><strong>fer-</strong></span> 
     </span>
    </p>
   </div>
   <div class='ocr_carea' id='block_1_80' title="bbox 317 4800 1914 4875">
    <p class='ocr_par' dir='ltr' id='par_1_80' title="bbox 317 4800 1914 4875">
     <span class='ocr_line' id='line_1_81' title="bbox 317 4800 1914 4875; baseline -0.004 -15"><span class='ocrx_word' id='word_1_569' title='bbox 317 4806 476 4862; x_wconf 80' lang='lat' dir='ltr'><strong>mulae</strong></span> <span class='ocrx_word' id='word_1_570' title='bbox 524 4803 768 4875; x_wconf 60' lang='lat' dir='ltr'><strong>quaedam</strong></span> <span class='ocrx_word' id='word_1_571' title='bbox 826 4803 877 4857; x_wconf 91' lang='lat' dir='ltr'><strong>in</strong></span> <span class='ocrx_word' id='word_1_572' title='bbox 926 4802 1010 4857; x_wconf 93' lang='lat' dir='ltr'><strong>his</strong></span> <span class='ocrx_word' id='word_1_573' title='bbox 1040 4800 1313 4874; x_wconf 83' lang='lat' dir='ltr'><strong>Cypriane</strong></span> <span class='ocrx_word' id='word_1_574' title='bbox 1369 4810 1637 4872; x_wconf 70' lang='lat' dir='ltr'><strong>usurpata:</strong></span> <span class='ocrx_word' id='word_1_575' title='bbox 1692 4814 1914 4872; x_wconf 87' lang='lat' dir='ltr'><strong>persua-</strong></span> 
     </span>
    </p>
   </div>
   <div class='ocr_carea' id='block_1_81' title="bbox 318 4899 1664 5047">
    <p class='ocr_par' dir='ltr' id='par_1_81' title="bbox 318 4899 1664 5047">
     <span class='ocr_line' id='line_1_82' title="bbox 318 4899 1664 5047; baseline -0.004 0"><span class='ocrx_word' id='word_1_576' title='bbox 318 4899 500 4956; x_wconf 47' lang='lat' dir='ltr'><strong>deam.</strong></span> <span class='ocrx_word' id='word_1_577' title='bbox 568 4989 798 5047; x_wconf 80' lang='lat' dir='ltr'><strong>ANNUS</strong></span> <span class='ocrx_word' id='word_1_578' title='bbox 842 4986 1293 5044; x_wconf 61' lang='lat' dir='ltr'><strong>CIIRISTIANUS</strong></span> <span class='ocrx_word' id='word_1_579' title='bbox 1345 4984 1664 5042; x_wconf 73' lang='lat' dir='ltr'><strong>CCXLVIII.</strong></span> 
     </span>
    </p>
   </div>
   <div class='ocr_carea' id='block_1_82' title="bbox 605 5095 1639 5138">
    <p class='ocr_par' dir='ltr' id='par_1_82' title="bbox 605 5095 1639 5138">
     <span class='ocr_line' id='line_1_83' title="bbox 605 5095 1639 5138; baseline -0.004 -1"><span class='ocrx_word' id='word_1_580' title='bbox 605 5097 863 5138; x_wconf 75' lang='lat' dir='ltr'><strong>CYPBIANO</strong></span> <span class='ocrx_word' id='word_1_581' title='bbox 895 5095 1146 5136; x_wconf 80' lang='lat' dir='ltr'><strong>EPISCOPO</strong></span> <span class='ocrx_word' id='word_1_582' title='bbox 1173 5095 1639 5135; x_wconf 72' lang='lat' dir='ltr'><strong>CARTHAGINIENSI.</strong></span> 
     </span>
    </p>
   </div>
   <div class='ocr_carea' id='block_1_83' title="bbox 392 5194 1919 5264">
    <p class='ocr_par' dir='ltr' id='par_1_83' title="bbox 392 5194 1919 5264">
     <span class='ocr_line' id='line_1_84' title="bbox 392 5194 1919 5264; baseline -0.003 -11"><span class='ocrx_word' id='word_1_583' title='bbox 392 5199 434 5254; x_wconf 81' lang='grc' dir='ltr'><strong>Ι.</strong></span> <span class='ocrx_word' id='word_1_584' title='bbox 459 5198 689 5263; x_wconf 72' lang='lat' dir='ltr'><strong>Rursum</strong></span> <span class='ocrx_word' id='word_1_585' title='bbox 720 5197 1030 5251; x_wconf 89' lang='lat' dir='ltr'><strong>consulatus</strong></span> <span class='ocrx_word' id='word_1_586' title='bbox 1053 5209 1219 5264; x_wconf 85' lang='lat' dir='ltr'><strong>penes</strong></span> <span class='ocrx_word' id='word_1_587' title='bbox 1251 5196 1543 5264; x_wconf 84' lang='lat' dir='ltr'><strong>Augustos,</strong></span> <span class='ocrx_word' id='word_1_588' title='bbox 1593 5195 1688 5248; x_wconf 89' lang='lat' dir='ltr'><strong>fuit</strong></span> <span class='ocrx_word' id='word_1_589' title='bbox 1716 5194 1919 5264; x_wconf 78' lang='lat' dir='ltr'><strong>Philip-</strong></span> 
     </span>
    </p>
   </div>
   <div class='ocr_carea' id='block_1_84' title="bbox 317 5287 1921 5365">
    <p class='ocr_par' dir='ltr' id='par_1_84' title="bbox 317 5287 1921 5365">
     <span class='ocr_line' id='line_1_85' title="bbox 317 5287 1921 5365; baseline -0.002 -18"><span class='ocrx_word' id='word_1_590' title='bbox 317 5309 447 5365; x_wconf 85' lang='lat' dir='ltr'><strong>pum</strong></span> <span class='ocrx_word' id='word_1_591' title='bbox 480 5303 688 5362; x_wconf 87' lang='lat' dir='ltr'><strong>patrem</strong></span> <span class='ocrx_word' id='word_1_592' title='bbox 722 5307 801 5346; x_wconf 88' lang='lat' dir='ltr'><strong>Ill.</strong></span> <span class='ocrx_word' id='word_1_593' title='bbox 829 5290 1135 5360; x_wconf 84' lang='lat' dir='ltr'><strong>Philippum</strong></span> <span class='ocrx_word' id='word_1_594' title='bbox 1177 5289 1341 5343; x_wconf 88' lang='lat' dir='ltr'><strong>lilium</strong></span> <span class='ocrx_word' id='word_1_595' title='bbox 1371 5304 1428 5343; x_wconf 89' lang='grc' dir='ltr'><strong>ιι.</strong></span> <span class='ocrx_word' id='word_1_596' title='bbox 1457 5287 1567 5344; x_wconf 88' lang='lat' dir='ltr'><strong>Nec</strong></span> <span class='ocrx_word' id='word_1_597' title='bbox 1591 5288 1810 5342; x_wconf 89' lang='lat' dir='ltr'><strong>dubium</strong></span> <span class='ocrx_word' id='word_1_598' title='bbox 1837 5296 1921 5343; x_wconf 89' lang='lat' dir='ltr'><strong>est</strong></span> 
     </span>
    </p>
   </div>
   <div class='ocr_carea' id='block_1_85' title="bbox 315 5379 1920 5442">
    <p class='ocr_par' dir='ltr' id='par_1_85' title="bbox 315 5379 1920 5442">
     <span class='ocr_line' id='line_1_86' title="bbox 315 5379 1920 5442; baseline -0.004 -2"><span class='ocrx_word' id='word_1_599' title='bbox 315 5401 382 5442; x_wconf 87' lang='lat' dir='ltr'><strong>ea</strong></span> <span class='ocrx_word' id='word_1_600' title='bbox 412 5385 642 5439; x_wconf 81' lang='lat' dir='ltr'><strong>maxime</strong></span> <span class='ocrx_word' id='word_1_601' title='bbox 670 5382 739 5438; x_wconf 91' lang='lat' dir='ltr'><strong>de</strong></span> <span class='ocrx_word' id='word_1_602' title='bbox 758 5397 918 5438; x_wconf 88' lang='lat' dir='ltr'><strong>causa</strong></span> <span class='ocrx_word' id='word_1_603' title='bbox 963 5380 1216 5436; x_wconf 86' lang='lat' dir='ltr'><strong>consules</strong></span> <span class='ocrx_word' id='word_1_604' title='bbox 1245 5379 1347 5434; x_wconf 90' lang='lat' dir='ltr'><strong>hoc</strong></span> <span class='ocrx_word' id='word_1_605' title='bbox 1373 5394 1515 5433; x_wconf 90' lang='lat' dir='ltr'><strong>anno</strong></span> <span class='ocrx_word' id='word_1_606' title='bbox 1540 5379 1770 5434; x_wconf 85' lang='lat' dir='ltr'><strong>refectos</strong></span> <span class='ocrx_word' id='word_1_607' title='bbox 1797 5394 1920 5434; x_wconf 88' lang='lat' dir='ltr'><strong>esse</strong></span> 
     </span>
    </p>
   </div>
   <div class='ocr_carea' id='block_1_86' title="bbox 317 5471 1918 5549">
    <p class='ocr_par' dir='ltr' id='par_1_86' title="bbox 317 5471 1918 5549">
     <span class='ocr_line' id='line_1_87' title="bbox 317 5471 1918 5549; baseline -0.006 -14"><span class='ocrx_word' id='word_1_608' title='bbox 317 5481 615 5549; x_wconf 75' lang='lat' dir='ltr'><strong>Augustos,</strong></span> <span class='ocrx_word' id='word_1_609' title='bbox 641 5475 782 5546; x_wconf 88' lang='lat' dir='ltr'><strong>quod</strong></span> <span class='ocrx_word' id='word_1_610' title='bbox 821 5474 866 5529; x_wconf 83' lang='lat' dir='ltr'><strong>is</strong></span> <span class='ocrx_word' id='word_1_611' title='bbox 896 5474 1036 5528; x_wconf 84' lang='lat' dir='ltr'><strong>foret</strong></span> <span class='ocrx_word' id='word_1_612' title='bbox 1074 5491 1105 5527; x_wconf 86' lang='lat' dir='ltr'><strong>a</strong></span> <span class='ocrx_word' id='word_1_613' title='bbox 1131 5473 1346 5528; x_wconf 86' lang='lat' dir='ltr'><strong>condita</strong></span> <span class='ocrx_word' id='word_1_614' title='bbox 1379 5471 1522 5528; x_wconf 87' lang='lat' dir='ltr'><strong>Urbe</strong></span> <span class='ocrx_word' id='word_1_615' title='bbox 1553 5471 1870 5528; x_wconf 88' lang='lat' dir='ltr'><strong>millesimus</strong></span> <span class='ocrx_word' id='word_1_616' title='bbox 1903 5489 1918 5526; x_wconf 90' lang='lat'><strong>:</strong></span> 
     </span>
    </p>
   </div>
   <div class='ocr_carea' id='block_1_87' title="bbox 317 5561 1918 5643">
    <p class='ocr_par' dir='ltr' id='par_1_87' title="bbox 317 5561 1918 5643">
     <span class='ocr_line' id='line_1_88' title="bbox 317 5561 1918 5643; baseline -0.007 -14"><span class='ocrx_word' id='word_1_617' title='bbox 317 5574 472 5643; x_wconf 80' lang='lat' dir='ltr'><strong>cujus</strong></span> <span class='ocrx_word' id='word_1_618' title='bbox 505 5571 581 5626; x_wconf 86' lang='lat' dir='ltr'><strong>rei</strong></span> <span class='ocrx_word' id='word_1_619' title='bbox 627 5585 757 5640; x_wconf 84' lang='lat' dir='ltr'><strong>ergo</strong></span> <span class='ocrx_word' id='word_1_620' title='bbox 803 5568 911 5624; x_wconf 90' lang='lat' dir='ltr'><strong>ludi</strong></span> <span class='ocrx_word' id='word_1_621' title='bbox 959 5566 1357 5638; x_wconf 83' lang='lat' dir='ltr'><strong>apparatissimi</strong></span> <span class='ocrx_word' id='word_1_622' title='bbox 1404 5565 1527 5619; x_wconf 86' lang='lat' dir='ltr'><strong>facti</strong></span> <span class='ocrx_word' id='word_1_623' title='bbox 1555 5573 1680 5619; x_wconf 85' lang='lat' dir='ltr'><strong>sunt</strong></span> <span class='ocrx_word' id='word_1_624' title='bbox 1706 5580 1780 5626; x_wconf 76' lang='lat' dir='ltr'><strong>x1,</strong></span> <span class='ocrx_word' id='word_1_625' title='bbox 1811 5561 1918 5618; x_wconf 84' lang='lat' dir='ltr'><strong>kal.</strong></span> 
     </span>
    </p>
   </div>
   <div class='ocr_carea' id='block_1_88' title="bbox 320 5656 1920 5737">
    <p class='ocr_par' dir='ltr' id='par_1_88' title="bbox 320 5656 1920 5737">
     <span class='ocr_line' id='line_1_89' title="bbox 320 5656 1920 5737; baseline -0.008 -14"><span class='ocrx_word' id='word_1_626' title='bbox 320 5670 512 5734; x_wconf 78' lang='lat' dir='ltr'><strong>maias,</strong></span> <span class='ocrx_word' id='word_1_627' title='bbox 540 5681 648 5737; x_wconf 89' lang='lat' dir='ltr'><strong>quo</strong></span> <span class='ocrx_word' id='word_1_628' title='bbox 670 5665 759 5720; x_wconf 90' lang='lat' dir='ltr'><strong>die</strong></span> <span class='ocrx_word' id='word_1_629' title='bbox 787 5678 963 5718; x_wconf 85' lang='lat' dir='ltr'><strong>annus</strong></span> <span class='ocrx_word' id='word_1_630' title='bbox 978 5661 1289 5716; x_wconf 86' lang='lat' dir='ltr'><strong>millesimus</strong></span> <span class='ocrx_word' id='word_1_631' title='bbox 1318 5658 1523 5730; x_wconf 86' lang='lat' dir='ltr'><strong>primus</strong></span> <span class='ocrx_word' id='word_1_632' title='bbox 1545 5656 1920 5724; x_wconf 85' lang='lat' dir='ltr'><strong>incohabatur,</strong></span> 
     </span>
    </p>
   </div>
   <div class='ocr_carea' id='block_1_89' title="bbox 325 5747 1924 5831">
    <p class='ocr_par' dir='ltr' id='par_1_89' title="bbox 325 5747 1924 5831">
     <span class='ocr_line' id='line_1_90' title="bbox 325 5747 1924 5831; baseline -0.009 -14"><span class='ocrx_word' id='word_1_633' title='bbox 325 5762 560 5831; x_wconf 84' lang='lat' dir='ltr'><strong>itemque</strong></span> <span class='ocrx_word' id='word_1_634' title='bbox 581 5772 773 5814; x_wconf 83' lang='lat' dir='ltr'><strong>novem</strong></span> <span class='ocrx_word' id='word_1_635' title='bbox 801 5755 923 5811; x_wconf 88' lang='lat' dir='ltr'><strong>aliis</strong></span> <span class='ocrx_word' id='word_1_636' title='bbox 953 5752 1301 5826; x_wconf 88' lang='lat' dir='ltr'><strong>sequentibus</strong></span> <span class='ocrx_word' id='word_1_637' title='bbox 1333 5769 1346 5806; x_wconf 92' lang='lat'>:</span> <span class='ocrx_word' id='word_1_638' title='bbox 1371 5749 1642 5821; x_wconf 84' lang='lat' dir='ltr'><strong>congiaria</strong></span> <span class='ocrx_word' id='word_1_639' title='bbox 1661 5749 1822 5805; x_wconf 89' lang='lat' dir='ltr'><strong>etiam</strong></span> <span class='ocrx_word' id='word_1_640' title='bbox 1855 5747 1924 5803; x_wconf 90' lang='lat' dir='ltr'><strong>ab</strong></span> 
     </span>
    </p>
   </div>
   <div class='ocr_carea' id='block_1_90' title="bbox 1934 4475 1990 4535">
    <p class='ocr_par' dir='ltr' id='par_1_90' title="bbox 1934 4475 1990 4535">
     <span class='ocr_line' id='line_1_91' title="bbox 1934 4475 1990 4535; baseline 0 0"><span class='ocrx_word' id='word_1_641' title='bbox 1934 4475 1990 4535; x_wconf 87' lang='lat' dir='ltr'><strong>D</strong></span> 
     </span>
    </p>
   </div>
   <div class='ocr_carea' id='block_1_91' title="bbox 2012 3267 3610 3341">
    <p class='ocr_par' dir='ltr' id='par_1_91' title="bbox 2012 3267 3610 3341">
     <span class='ocr_line' id='line_1_92' title="bbox 2012 3267 3610 3341; baseline 0 -17"><span class='ocrx_word' id='word_1_642' title='bbox 2012 3286 2115 3341; x_wconf 90' lang='lat' dir='ltr'><strong>que</strong></span> <span class='ocrx_word' id='word_1_643' title='bbox 2138 3268 2333 3341; x_wconf 89' lang='lat' dir='ltr'><strong>gaudio</strong></span> <span class='ocrx_word' id='word_1_644' title='bbox 2361 3269 2607 3324; x_wconf 87' lang='lat' dir='ltr'><strong>exultans</strong></span> <span class='ocrx_word' id='word_1_645' title='bbox 2634 3269 2860 3337; x_wconf 90' lang='lat' dir='ltr'><strong>accepit.</strong></span> <span class='ocrx_word' id='word_1_646' title='bbox 2895 3267 3159 3323; x_wconf 64' lang='lat' dir='ltr'><strong>Caeterum</strong></span> <span class='ocrx_word' id='word_1_647' title='bbox 3196 3269 3246 3322; x_wconf 95' lang='lat' dir='ltr'><strong>in</strong></span> <span class='ocrx_word' id='word_1_648' title='bbox 3281 3284 3490 3324; x_wconf 90' lang='lat' dir='ltr'><strong>summa</strong></span> <span class='ocrx_word' id='word_1_649' title='bbox 3516 3269 3610 3324; x_wconf 89' lang='lat' dir='ltr'><strong>illa</strong></span> 
     </span>
    </p>
   </div>
   <div class='ocr_carea' id='block_1_92' title="bbox 2012 3361 3612 3436">
    <p class='ocr_par' dir='ltr' id='par_1_92' title="bbox 2012 3361 3612 3436">
     <span class='ocr_line' id='line_1_93' title="bbox 2012 3361 3612 3436; baseline -0.001 -16"><span class='ocrx_word' id='word_1_650' title='bbox 2012 3365 2310 3420; x_wconf 90' lang='lat' dir='ltr'><strong>animarum</strong></span> <span class='ocrx_word' id='word_1_651' title='bbox 2343 3363 2705 3418; x_wconf 87' lang='lat' dir='ltr'><strong>consensione</strong></span> <span class='ocrx_word' id='word_1_652' title='bbox 2726 3361 3074 3432; x_wconf 73' lang='lat' dir='ltr'><strong>presbyteros</strong></span> <span class='ocrx_word' id='word_1_653' title='bbox 3088 3364 3323 3434; x_wconf 91' lang='lat' dir='ltr'><strong>quinque</strong></span> <span class='ocrx_word' id='word_1_654' title='bbox 3339 3363 3612 3436; x_wconf 91' lang='lat' dir='ltr'><strong>Cypriane</strong></span> 
     </span>
    </p>
   </div>
   <div class='ocr_carea' id='block_1_93' title="bbox 2010 3453 3609 3525">
    <p class='ocr_par' dir='ltr' id='par_1_93' title="bbox 2010 3453 3609 3525">
     <span class='ocr_line' id='line_1_94' title="bbox 2010 3453 3609 3525; baseline -0.001 -14"><span class='ocrx_word' id='word_1_655' title='bbox 2010 3457 2320 3511; x_wconf 85' lang='lat' dir='ltr'><strong>adversatos</strong></span> <span class='ocrx_word' id='word_1_656' title='bbox 2372 3455 2594 3522; x_wconf 89' lang='lat' dir='ltr'><strong>scimus,</strong></span> <span class='ocrx_word' id='word_1_657' title='bbox 2645 3453 2733 3524; x_wconf 89' lang='lat' dir='ltr'><strong>qui</strong></span> <span class='ocrx_word' id='word_1_658' title='bbox 2767 3455 2930 3508; x_wconf 89' lang='lat' dir='ltr'><strong>multa</strong></span> <span class='ocrx_word' id='word_1_659' title='bbox 2982 3454 3143 3509; x_wconf 89' lang='lat' dir='ltr'><strong>etiam</strong></span> <span class='ocrx_word' id='word_1_660' title='bbox 3177 3457 3230 3508; x_wconf 94' lang='lat' dir='ltr'><strong>in</strong></span> <span class='ocrx_word' id='word_1_661' title='bbox 3262 3471 3386 3510; x_wconf 92' lang='lat' dir='ltr'><strong>eum</strong></span> <span class='ocrx_word' id='word_1_662' title='bbox 3419 3465 3609 3525; x_wconf 89' lang='lat' dir='ltr'><strong>postea</strong></span> 
     </span>
    </p>
   </div>
   <div class='ocr_carea' id='block_1_94' title="bbox 2011 3545 3610 3621">
    <p class='ocr_par' dir='ltr' id='par_1_94' title="bbox 2011 3545 3610 3621">
     <span class='ocr_line' id='line_1_95' title="bbox 2011 3545 3610 3621; baseline -0.002 -18"><span class='ocrx_word' id='word_1_663' title='bbox 2011 3549 2181 3603; x_wconf 88' lang='lat' dir='ltr'><strong>moliti</strong></span> <span class='ocrx_word' id='word_1_664' title='bbox 2210 3556 2334 3603; x_wconf 88' lang='lat' dir='ltr'><strong>sunt</strong></span> <span class='ocrx_word' id='word_1_665' title='bbox 2377 3545 2646 3621; x_wconf 80' lang='lat' dir='ltr'><strong>(Cyprinn.</strong></span> <span class='ocrx_word' id='word_1_666' title='bbox 2690 3545 2856 3614; x_wconf 80' lang='lat' dir='ltr'><strong>Epist.</strong></span> <span class='ocrx_word' id='word_1_667' title='bbox 2903 3546 3041 3615; x_wconf 69' lang='lat'><strong>40.),</strong></span> <span class='ocrx_word' id='word_1_668' title='bbox 3080 3563 3186 3600; x_wconf 92' lang='lat' dir='ltr'><strong>non</strong></span> <span class='ocrx_word' id='word_1_669' title='bbox 3213 3547 3333 3615; x_wconf 88' lang='lat' dir='ltr'><strong>ejus</strong></span> <span class='ocrx_word' id='word_1_670' title='bbox 3357 3563 3610 3616; x_wconf 89' lang='lat' dir='ltr'><strong>umquam</strong></span> 
     </span>
    </p>
   </div>
   <div class='ocr_carea' id='block_1_95' title="bbox 2009 3640 3608 3712">
    <p class='ocr_par' dir='ltr' id='par_1_95' title="bbox 2009 3640 3608 3712">
     <span class='ocr_line' id='line_1_96' title="bbox 2009 3640 3608 3712; baseline 0.001 -15"><span class='ocrx_word' id='word_1_671' title='bbox 2009 3641 2443 3705; x_wconf 89' lang='lat' dir='ltr'><strong>mansuetudine,</strong></span> <span class='ocrx_word' id='word_1_672' title='bbox 2495 3656 2612 3698; x_wconf 84' lang='lat' dir='ltr'><strong>non.</strong></span> <span class='ocrx_word' id='word_1_673' title='bbox 2631 3641 2918 3709; x_wconf 79' lang='lat' dir='ltr'><strong>exemplis,</strong></span> <span class='ocrx_word' id='word_1_674' title='bbox 2954 3656 3059 3696; x_wconf 87' lang='lat' dir='ltr'><strong>non</strong></span> <span class='ocrx_word' id='word_1_675' title='bbox 3085 3640 3362 3696; x_wconf 86' lang='lat' dir='ltr'><strong>beneﬁciis</strong></span> <span class='ocrx_word' id='word_1_676' title='bbox 3388 3642 3608 3712; x_wconf 85' lang='lat' dir='ltr'><strong>placati.</strong></span> 
     </span>
    </p>
   </div>
   <div class='ocr_carea' id='block_1_96' title="bbox 2018 3732 3609 3805">
    <p class='ocr_par' dir='ltr' id='par_1_96' title="bbox 2018 3732 3609 3805">
     <span class='ocr_line' id='line_1_97' title="bbox 2018 3732 3609 3805; baseline 0.001 -17"><span class='ocrx_word' id='word_1_677' title='bbox 2018 3755 2035 3787; x_wconf 75' lang='grc' dir='ltr'>ι</span> <span class='ocrx_word' id='word_1_678' title='bbox 2061 3735 2420 3797; x_wconf 81' lang='lat' dir='ltr'><strong>Inritusdico,</strong></span> <span class='ocrx_word' id='word_1_679' title='bbox 2441 3734 2514 3787; x_wconf 86' lang='lat' dir='ltr'><strong>ait</strong></span> <span class='ocrx_word' id='word_1_680' title='bbox 2542 3735 2759 3788; x_wconf 87' lang='lat' dir='ltr'><strong>Pontius</strong></span> <span class='ocrx_word' id='word_1_681' title='bbox 2793 3733 2981 3805; x_wconf 88' lang='lat' dir='ltr'><strong>(Ibid.,</strong></span> <span class='ocrx_word' id='word_1_682' title='bbox 3017 3750 3071 3787; x_wconf 94' lang='lat' dir='ltr'><strong>n.</strong></span> <span class='ocrx_word' id='word_1_683' title='bbox 3106 3732 3212 3805; x_wconf 77' lang='lat'><strong>5.),</strong></span> <span class='ocrx_word' id='word_1_684' title='bbox 3243 3734 3336 3789; x_wconf 91' lang='lat' dir='ltr'><strong>sed</strong></span> <span class='ocrx_word' id='word_1_685' title='bbox 3359 3744 3413 3789; x_wconf 93' lang='lat' dir='ltr'><strong>ut</strong></span> <span class='ocrx_word' id='word_1_686' title='bbox 3435 3735 3609 3790; x_wconf 86' lang='lat' dir='ltr'><strong>dicam</strong></span> 
     </span>
    </p>
   </div>
   <div class='ocr_carea' id='block_1_97' title="bbox 2012 3824 3610 3892">
    <p class='ocr_par' dir='ltr' id='par_1_97' title="bbox 2012 3824 3610 3892">
     <span class='ocr_line' id='line_1_98' title="bbox 2012 3824 3610 3892; baseline 0.001 -12"><span class='ocrx_word' id='word_1_687' title='bbox 2012 3841 2236 3881; x_wconf 86' lang='lat' dir='ltr'><strong>necesse</strong></span> <span class='ocrx_word' id='word_1_688' title='bbox 2264 3834 2367 3879; x_wconf 91' lang='lat' dir='ltr'><strong>est.</strong></span> <span class='ocrx_word' id='word_1_689' title='bbox 2399 3824 2626 3892; x_wconf 85' lang='lat' dir='ltr'><strong>Quidam</strong></span> <span class='ocrx_word' id='word_1_690' title='bbox 2655 3825 2728 3878; x_wconf 92' lang='lat' dir='ltr'><strong>illi</strong></span> <span class='ocrx_word' id='word_1_691' title='bbox 2779 3825 3112 3891; x_wconf 87' lang='lat' dir='ltr'><strong>restiterunt,</strong></span> <span class='ocrx_word' id='word_1_692' title='bbox 3149 3827 3309 3879; x_wconf 89' lang='lat' dir='ltr'><strong>etiam</strong></span> <span class='ocrx_word' id='word_1_693' title='bbox 3341 3835 3400 3880; x_wconf 89' lang='lat' dir='ltr'><strong>ut</strong></span> <span class='ocrx_word' id='word_1_694' title='bbox 3424 3827 3610 3882; x_wconf 79' lang='lat' dir='ltr'><strong>vince-</strong></span> 
     </span>
    </p>
   </div>
   <div class='ocr_carea' id='block_1_98' title="bbox 2012 3917 3610 3987">
    <p class='ocr_par' dir='ltr' id='par_1_98' title="bbox 2012 3917 3610 3987">
     <span class='ocr_line' id='line_1_99' title="bbox 2012 3917 3610 3987; baseline -0.001 -14"><span class='ocrx_word' id='word_1_695' title='bbox 2012 3927 2113 3973; x_wconf 88' lang='lat' dir='ltr'><strong>ret.</strong></span> <span class='ocrx_word' id='word_1_696' title='bbox 2168 3918 2372 3984; x_wconf 87' lang='lat' dir='ltr'><strong>Quibus</strong></span> <span class='ocrx_word' id='word_1_697' title='bbox 2417 3927 2593 3971; x_wconf 88' lang='lat' dir='ltr'><strong>tamen</strong></span> <span class='ocrx_word' id='word_1_698' title='bbox 2621 3927 2821 3987; x_wconf 89' lang='lat' dir='ltr'><strong>quanta</strong></span> <span class='ocrx_word' id='word_1_699' title='bbox 2851 3917 3093 3983; x_wconf 88' lang='lat' dir='ltr'><strong>lenitate,</strong></span> <span class='ocrx_word' id='word_1_700' title='bbox 3127 3932 3286 3986; x_wconf 90' lang='lat' dir='ltr'><strong>quam</strong></span> <span class='ocrx_word' id='word_1_701' title='bbox 3319 3919 3610 3987; x_wconf 87' lang='lat' dir='ltr'><strong>patienter,</strong></span> 
     </span>
    </p>
   </div>
   <div class='ocr_carea' id='block_1_99' title="bbox 2012 4010 3611 4084">
    <p class='ocr_par' dir='ltr' id='par_1_99' title="bbox 2012 4010 3611 4084">
     <span class='ocr_line' id='line_1_100' title="bbox 2012 4010 3611 4084; baseline -0.001 -17"><span class='ocrx_word' id='word_1_702' title='bbox 2012 4028 2170 4084; x_wconf 89' lang='lat' dir='ltr'><strong>quam</strong></span> <span class='ocrx_word' id='word_1_703' title='bbox 2195 4011 2582 4068; x_wconf 83' lang='lat' dir='ltr'><strong>benevelenter</strong></span> <span class='ocrx_word' id='word_1_704' title='bbox 2604 4011 2843 4078; x_wconf 88' lang='lat' dir='ltr'><strong>indulsit,</strong></span> <span class='ocrx_word' id='word_1_705' title='bbox 2866 4026 3024 4078; x_wconf 88' lang='lat' dir='ltr'><strong>quam</strong></span> <span class='ocrx_word' id='word_1_706' title='bbox 3047 4010 3345 4065; x_wconf 89' lang='lat' dir='ltr'><strong>clementer</strong></span> <span class='ocrx_word' id='word_1_707' title='bbox 3369 4013 3611 4082; x_wconf 85' lang='lat' dir='ltr'><strong>ignovit?</strong></span> 
     </span>
    </p>
   </div>
   <div class='ocr_carea' id='block_1_100' title="bbox 2008 4101 3613 4171">
    <p class='ocr_par' dir='ltr' id='par_1_100' title="bbox 2008 4101 3613 4171">
     <span class='ocr_line' id='line_1_101' title="bbox 2008 4101 3613 4171; baseline 0.001 -13"><span class='ocrx_word' id='word_1_708' title='bbox 2008 4103 2366 4159; x_wconf 91' lang='lat' dir='ltr'><strong>amicissimos</strong></span> <span class='ocrx_word' id='word_1_709' title='bbox 2426 4118 2519 4157; x_wconf 90' lang='lat' dir='ltr'><strong>eos</strong></span> <span class='ocrx_word' id='word_1_710' title='bbox 2579 4101 2917 4171; x_wconf 88' lang='lat' dir='ltr'><strong>postmodum</strong></span> <span class='ocrx_word' id='word_1_711' title='bbox 2967 4112 3021 4157; x_wconf 92' lang='lat' dir='ltr'><strong>et</strong></span> <span class='ocrx_word' id='word_1_712' title='bbox 3087 4102 3230 4156; x_wconf 89' lang='lat' dir='ltr'><strong>inter</strong></span> <span class='ocrx_word' id='word_1_713' title='bbox 3280 4104 3613 4159; x_wconf 89' lang='lat' dir='ltr'><strong>necessaries</strong></span> 
     </span>
    </p>
   </div>
   <div class='ocr_carea' id='block_1_101' title="bbox 2009 4194 3612 4267">
    <p class='ocr_par' dir='ltr' id='par_1_101' title="bbox 2009 4194 3612 4267">
     <span class='ocr_line' id='line_1_102' title="bbox 2009 4194 3612 4267; baseline -0.001 -15"><span class='ocrx_word' id='word_1_714' title='bbox 2009 4206 2346 4267; x_wconf 90' lang='lat' dir='ltr'><strong>computans,</strong></span> <span class='ocrx_word' id='word_1_715' title='bbox 2382 4195 2701 4251; x_wconf 85' lang='lat' dir='ltr'><strong>mirantibus</strong></span> <span class='ocrx_word' id='word_1_716' title='bbox 2727 4194 2938 4260; x_wconf 90' lang='lat' dir='ltr'><strong>multis;</strong></span> <span class='ocrx_word' id='word_1_717' title='bbox 2969 4196 3054 4251; x_wconf 92' lang='lat' dir='ltr'><strong>cui</strong></span> <span class='ocrx_word' id='word_1_718' title='bbox 3104 4195 3248 4251; x_wconf 87' lang='lat' dir='ltr'><strong>enim</strong></span> <span class='ocrx_word' id='word_1_719' title='bbox 3294 4205 3475 4266; x_wconf 90' lang='lat' dir='ltr'><strong>posset</strong></span> <span class='ocrx_word' id='word_1_720' title='bbox 3505 4212 3612 4251; x_wconf 93' lang='lat' dir='ltr'><strong>non</strong></span> 
     </span>
    </p>
   </div>
   <div class='ocr_carea' id='block_1_102' title="bbox 2011 4289 3394 4347">
    <p class='ocr_par' dir='ltr' id='par_1_102' title="bbox 2011 4289 3394 4347">
     <span class='ocr_line' id='line_1_103' title="bbox 2011 4289 3394 4347; baseline -0.003 0"><span class='ocrx_word' id='word_1_721' title='bbox 2011 4306 2131 4347; x_wconf 88' lang='lat' dir='ltr'><strong>esse</strong></span> <span class='ocrx_word' id='word_1_722' title='bbox 2160 4291 2420 4346; x_wconf 87' lang='lat' dir='ltr'><strong>miraculo</strong></span> <span class='ocrx_word' id='word_1_723' title='bbox 2445 4298 2552 4344; x_wconf 90' lang='lat' dir='ltr'><strong>tam</strong></span> <span class='ocrx_word' id='word_1_724' title='bbox 2573 4289 2912 4344; x_wconf 77' lang='lat' dir='ltr'><strong>memeriesze</strong></span> <span class='ocrx_word' id='word_1_725' title='bbox 2937 4290 3132 4345; x_wconf 89' lang='lat' dir='ltr'><strong>mentis</strong></span> <span class='ocrx_word' id='word_1_726' title='bbox 3161 4289 3394 4345; x_wconf 82' lang='lat' dir='ltr'><strong>oblivio!</strong></span> 
     </span>
    </p>
   </div>
   <div class='ocr_carea' id='block_1_103' title="bbox 2239 4401 3309 4460">
    <p class='ocr_par' dir='ltr' id='par_1_103' title="bbox 2239 4401 3309 4460">
     <span class='ocr_line' id='line_1_104' title="bbox 2239 4401 3309 4460; baseline 0 0"><span class='ocrx_word' id='word_1_727' title='bbox 2239 4417 2241 4424; x_wconf 85' lang='lat'>‘</span> <span class='ocrx_word' id='word_1_728' title='bbox 2296 4403 2522 4460; x_wconf 85' lang='lat' dir='ltr'><strong>ANNUS</strong></span> <span class='ocrx_word' id='word_1_729' title='bbox 2554 4402 3010 4460; x_wconf 80' lang='lat' dir='ltr'><strong>CllRlSTlANUS</strong></span> <span class='ocrx_word' id='word_1_730' title='bbox 3038 4401 3309 4460; x_wconf 81' lang='lat' dir='ltr'><strong>CCXLIX.</strong></span> 
     </span>
    </p>
   </div>
   <div class='ocr_carea' id='block_1_104' title="bbox 2298 4532 3326 4579">
    <p class='ocr_par' dir='ltr' id='par_1_104' title="bbox 2298 4532 3326 4579">
     <span class='ocr_line' id='line_1_105' title="bbox 2298 4532 3326 4579; baseline -0.004 -5"><span class='ocrx_word' id='word_1_731' title='bbox 2298 4533 2559 4575; x_wconf 73' lang='lat' dir='ltr'><strong>CYPRIANO</strong></span> <span class='ocrx_word' id='word_1_732' title='bbox 2587 4532 2836 4575; x_wconf 74' lang='lat' dir='ltr'><strong>EPISCOPO</strong></span> <span class='ocrx_word' id='word_1_733' title='bbox 2862 4532 3326 4579; x_wconf 75' lang='lat' dir='ltr'><strong>CARTHAGINIENSI.</strong></span> 
     </span>
    </p>
   </div>
   <div class='ocr_carea' id='block_1_105' title="bbox 2090 4633 3614 4706">
    <p class='ocr_par' dir='ltr' id='par_1_105' title="bbox 2090 4633 3614 4706">
     <span class='ocr_line' id='line_1_106' title="bbox 2090 4633 3614 4706; baseline -0.001 -15"><span class='ocrx_word' id='word_1_734' title='bbox 2090 4637 2130 4692; x_wconf 89' lang='grc' dir='ltr'><strong>Ι.</strong></span> <span class='ocrx_word' id='word_1_735' title='bbox 2145 4636 2406 4692; x_wconf 84' lang='lat' dir='ltr'><strong>Consules</strong></span> <span class='ocrx_word' id='word_1_736' title='bbox 2420 4643 2801 4706; x_wconf 77' lang='lat' dir='ltr'><strong>processerunt</strong></span> <span class='ocrx_word' id='word_1_737' title='bbox 2814 4635 3032 4689; x_wconf 85' lang='lat' dir='ltr'><strong>Fulvius</strong></span> <span class='ocrx_word' id='word_1_738' title='bbox 3050 4633 3376 4690; x_wconf 65' lang='lat' dir='ltr'><strong>Emilianus</strong></span> <span class='ocrx_word' id='word_1_739' title='bbox 3393 4635 3585 4691; x_wconf 89' lang='lat' dir='ltr'><strong>iterum</strong></span> <span class='ocrx_word' id='word_1_740' title='bbox 3599 4675 3614 4700; x_wconf 91' lang='lat'><strong>,</strong></span> 
     </span>
    </p>
   </div>
   <div class='ocr_carea' id='block_1_106' title="bbox 2019 4727 3613 4800">
    <p class='ocr_par' dir='ltr' id='par_1_106' title="bbox 2019 4727 3613 4800">
     <span class='ocr_line' id='line_1_107' title="bbox 2019 4727 3613 4800; baseline -0.002 -14"><span class='ocrx_word' id='word_1_741' title='bbox 2019 4731 2224 4786; x_wconf 75' lang='lat' dir='ltr'><strong>Vettius</strong></span> <span class='ocrx_word' id='word_1_742' title='bbox 2253 4730 2555 4800; x_wconf 84' lang='lat' dir='ltr'><strong>Aquilinus.</strong></span> <span class='ocrx_word' id='word_1_743' title='bbox 2581 4728 2703 4784; x_wconf 87' lang='lat' dir='ltr'><strong>Fuit</strong></span> <span class='ocrx_word' id='word_1_744' title='bbox 2730 4729 2816 4783; x_wconf 91' lang='lat' dir='ltr'><strong>hic</strong></span> <span class='ocrx_word' id='word_1_745' title='bbox 2842 4743 3013 4782; x_wconf 90' lang='lat' dir='ltr'><strong>annus</strong></span> <span class='ocrx_word' id='word_1_746' title='bbox 3039 4727 3299 4783; x_wconf 72' lang='lat' dir='ltr'><strong>Ecclesia:</strong></span> <span class='ocrx_word' id='word_1_747' title='bbox 3323 4729 3476 4799; x_wconf 91' lang='lat' dir='ltr'><strong>plane</strong></span> <span class='ocrx_word' id='word_1_748' title='bbox 3497 4729 3613 4784; x_wconf 81' lang='lat' dir='ltr'><strong>luc-</strong></span> 
     </span>
    </p>
   </div>
   <div class='ocr_carea' id='block_1_107' title="bbox 2019 4820 3611 4893">
    <p class='ocr_par' dir='ltr' id='par_1_107' title="bbox 2019 4820 3611 4893">
     <span class='ocr_line' id='line_1_108' title="bbox 2019 4820 3611 4893; baseline -0.001 -16"><span class='ocrx_word' id='word_1_749' title='bbox 2019 4831 2226 4888; x_wconf 89' lang='lat' dir='ltr'><strong>tuosus,</strong></span> <span class='ocrx_word' id='word_1_750' title='bbox 2278 4821 2538 4893; x_wconf 87' lang='lat' dir='ltr'><strong>Philippis</strong></span> <span class='ocrx_word' id='word_1_751' title='bbox 2591 4824 2760 4892; x_wconf 79' lang='lat' dir='ltr'><strong>Augg.</strong></span> <span class='ocrx_word' id='word_1_752' title='bbox 2815 4820 3044 4875; x_wconf 87' lang='lat' dir='ltr'><strong>militum</strong></span> <span class='ocrx_word' id='word_1_753' title='bbox 3093 4820 3324 4876; x_wconf 88' lang='lat' dir='ltr'><strong>factione</strong></span> <span class='ocrx_word' id='word_1_754' title='bbox 3359 4821 3611 4886; x_wconf 85' lang='lat' dir='ltr'><strong>sublatis,</strong></span> 
     </span>
    </p>
   </div>
   <div class='ocr_carea' id='block_1_108' title="bbox 2019 4913 3618 4988">
    <p class='ocr_par' dir='ltr' id='par_1_108' title="bbox 2019 4913 3618 4988">
     <span class='ocr_line' id='line_1_109' title="bbox 2019 4913 3618 4988; baseline -0.003 -16"><span class='ocrx_word' id='word_1_755' title='bbox 2019 4932 2244 4988; x_wconf 87' lang='lat' dir='ltr'><strong>quorum</strong></span> <span class='ocrx_word' id='word_1_756' title='bbox 2277 4916 2455 4970; x_wconf 85' lang='lat' dir='ltr'><strong>favore</strong></span> <span class='ocrx_word' id='word_1_757' title='bbox 2486 4925 2603 4970; x_wconf 87' lang='lat' dir='ltr'><strong>tuta</strong></span> <span class='ocrx_word' id='word_1_758' title='bbox 2634 4930 2721 4970; x_wconf 88' lang='lat' dir='ltr'><strong>res</strong></span> <span class='ocrx_word' id='word_1_759' title='bbox 2749 4914 3041 4969; x_wconf 90' lang='lat' dir='ltr'><strong>christiana</strong></span> <span class='ocrx_word' id='word_1_760' title='bbox 3076 4914 3265 4979; x_wconf 89' lang='lat' dir='ltr'><strong>fuerat,</strong></span> <span class='ocrx_word' id='word_1_761' title='bbox 3301 4913 3618 4982; x_wconf 88' lang='lat' dir='ltr'><strong>imperiique</strong></span> 
     </span>
    </p>
   </div>
   <div class='ocr_carea' id='block_1_109' title="bbox 2021 5003 3618 5076">
    <p class='ocr_par' dir='ltr' id='par_1_109' title="bbox 2021 5003 3618 5076">
     <span class='ocr_line' id='line_1_110' title="bbox 2021 5003 3618 5076; baseline -0.002 -13"><span class='ocrx_word' id='word_1_762' title='bbox 2021 5019 2227 5063; x_wconf 85' lang='lat' dir='ltr'><strong>summa</strong></span> <span class='ocrx_word' id='word_1_763' title='bbox 2265 5009 2330 5062; x_wconf 85' lang='lat' dir='ltr'><strong>ad</strong></span> <span class='ocrx_word' id='word_1_764' title='bbox 2366 5009 2584 5062; x_wconf 89' lang='lat' dir='ltr'><strong>Decium</strong></span> <span class='ocrx_word' id='word_1_765' title='bbox 2621 5007 2820 5071; x_wconf 89' lang='lat' dir='ltr'><strong>delata,</strong></span> <span class='ocrx_word' id='word_1_766' title='bbox 2860 5021 3020 5076; x_wconf 86' lang='lat' dir='ltr'><strong>quem</strong></span> <span class='ocrx_word' id='word_1_767' title='bbox 3058 5005 3257 5060; x_wconf 86' lang='lat' dir='ltr'><strong>odiein</strong></span> <span class='ocrx_word' id='word_1_768' title='bbox 3285 5003 3618 5060; x_wconf 85' lang='lat' dir='ltr'><strong>Christianos</strong></span> 
     </span>
    </p>
   </div>
   <div class='ocr_carea' id='block_1_110' title="bbox 2022 5095 3616 5171">
    <p class='ocr_par' dir='ltr' id='par_1_110' title="bbox 2022 5095 3616 5171">
     <span class='ocr_line' id='line_1_111' title="bbox 2022 5095 3616 5171; baseline -0.003 -16"><span class='ocrx_word' id='word_1_769' title='bbox 2022 5105 2333 5171; x_wconf 76' lang='lat' dir='ltr'><strong>ﬂagrantem</strong></span> <span class='ocrx_word' id='word_1_770' title='bbox 2355 5100 2565 5169; x_wconf 90' lang='lat' dir='ltr'><strong>publica</strong></span> <span class='ocrx_word' id='word_1_771' title='bbox 2588 5099 2878 5154; x_wconf 85' lang='lat' dir='ltr'><strong>auctoritas</strong></span> <span class='ocrx_word' id='word_1_772' title='bbox 2897 5097 3151 5154; x_wconf 90' lang='lat' dir='ltr'><strong>omnibus</strong></span> <span class='ocrx_word' id='word_1_773' title='bbox 3174 5097 3336 5152; x_wconf 87' lang='lat' dir='ltr'><strong>rebus</strong></span> <span class='ocrx_word' id='word_1_774' title='bbox 3351 5095 3616 5151; x_wconf 90' lang='lat' dir='ltr'><strong>armabat.</strong></span> 
     </span>
    </p>
   </div>
   <div class='ocr_carea' id='block_1_111' title="bbox 2094 5189 3620 5251">
    <p class='ocr_par' dir='ltr' id='par_1_111' title="bbox 2094 5189 3620 5251">
     <span class='ocr_line' id='line_1_112' title="bbox 2094 5189 3620 5251; baseline -0.005 -2"><span class='ocrx_word' id='word_1_775' title='bbox 2094 5193 2158 5249; x_wconf 85' lang='lat' dir='ltr'><strong>ll.</strong></span> <span class='ocrx_word' id='word_1_776' title='bbox 2207 5194 2432 5247; x_wconf 88' lang='lat' dir='ltr'><strong>Pacatus</strong></span> <span class='ocrx_word' id='word_1_777' title='bbox 2471 5203 2653 5248; x_wconf 90' lang='lat' dir='ltr'><strong>tamen</strong></span> <span class='ocrx_word' id='word_1_778' title='bbox 2694 5191 2747 5244; x_wconf 91' lang='lat' dir='ltr'><strong>in</strong></span> <span class='ocrx_word' id='word_1_779' title='bbox 2781 5189 2960 5245; x_wconf 82' lang='lat' dir='ltr'><strong>Africa</strong></span> <span class='ocrx_word' id='word_1_780' title='bbox 3000 5200 3142 5245; x_wconf 90' lang='lat' dir='ltr'><strong>totus</strong></span> <span class='ocrx_word' id='word_1_781' title='bbox 3173 5189 3620 5251; x_wconf 83' lang='lat' dir='ltr'><strong>deﬁuxitannus,</strong></span> 
     </span>
    </p>
   </div>
   <div class='ocr_carea' id='block_1_112' title="bbox 2021 5282 3623 5358">
    <p class='ocr_par' dir='ltr' id='par_1_112' title="bbox 2021 5282 3623 5358">
     <span class='ocr_line' id='line_1_113' title="bbox 2021 5282 3623 5358; baseline -0.005 -15"><span class='ocrx_word' id='word_1_782' title='bbox 2021 5288 2276 5356; x_wconf 85' lang='lat' dir='ltr'><strong>licuitque</strong></span> <span class='ocrx_word' id='word_1_783' title='bbox 2333 5287 2604 5358; x_wconf 86' lang='lat' dir='ltr'><strong>Cypriane</strong></span> <span class='ocrx_word' id='word_1_784' title='bbox 2636 5285 2906 5341; x_wconf 88' lang='lat' dir='ltr'><strong>assiduam</strong></span> <span class='ocrx_word' id='word_1_785' title='bbox 2949 5287 3003 5339; x_wconf 93' lang='lat' dir='ltr'><strong>in</strong></span> <span class='ocrx_word' id='word_1_786' title='bbox 3051 5285 3232 5356; x_wconf 86' lang='lat' dir='ltr'><strong>pepuli</strong></span> <span class='ocrx_word' id='word_1_787' title='bbox 3282 5282 3623 5338; x_wconf 81' lang='lat' dir='ltr'><strong>institutione</strong></span> 
     </span>
    </p>
   </div>
   <div class='ocr_carea' id='block_1_113' title="bbox 2021 5371 3626 5449">
    <p class='ocr_par' dir='ltr' id='par_1_113' title="bbox 2021 5371 3626 5449">
     <span class='ocr_line' id='line_1_114' title="bbox 2021 5371 3626 5449; baseline -0.006 -14"><span class='ocrx_word' id='word_1_788' title='bbox 2021 5395 2242 5449; x_wconf 84' lang='lat' dir='ltr'><strong>cperam</strong></span> <span class='ocrx_word' id='word_1_789' title='bbox 2262 5394 2482 5448; x_wconf 84' lang='lat' dir='ltr'><strong>ponere,</strong></span> <span class='ocrx_word' id='word_1_790' title='bbox 2513 5387 2567 5433; x_wconf 89' lang='lat' dir='ltr'><strong>et</strong></span> <span class='ocrx_word' id='word_1_791' title='bbox 2598 5379 2666 5433; x_wconf 90' lang='lat' dir='ltr'><strong>de</strong></span> <span class='ocrx_word' id='word_1_792' title='bbox 2693 5376 2888 5431; x_wconf 89' lang='lat' dir='ltr'><strong>ofﬁciis</strong></span> <span class='ocrx_word' id='word_1_793' title='bbox 2914 5376 3074 5431; x_wconf 89' lang='lat' dir='ltr'><strong>etiam</strong></span> <span class='ocrx_word' id='word_1_794' title='bbox 3106 5377 3172 5431; x_wconf 88' lang='lat' dir='ltr'><strong>ad</strong></span> <span class='ocrx_word' id='word_1_795' title='bbox 3203 5377 3507 5447; x_wconf 87' lang='lat' dir='ltr'><strong>episcepos,</strong></span> <span class='ocrx_word' id='word_1_796' title='bbox 3532 5371 3626 5442; x_wconf 88' lang='lat' dir='ltr'><strong>qui</strong></span> 
     </span>
    </p>
   </div>
   <div class='ocr_carea' id='block_1_114' title="bbox 2024 5463 3628 5540">
    <p class='ocr_par' dir='ltr' id='par_1_114' title="bbox 2024 5463 3628 5540">
     <span class='ocr_line' id='line_1_115' title="bbox 2024 5463 3628 5540; baseline -0.007 -13"><span class='ocrx_word' id='word_1_797' title='bbox 2024 5487 2145 5527; x_wconf 90' lang='lat' dir='ltr'><strong>eum</strong></span> <span class='ocrx_word' id='word_1_798' title='bbox 2177 5471 2551 5535; x_wconf 85' lang='lat' dir='ltr'><strong>consulebant,</strong></span> <span class='ocrx_word' id='word_1_799' title='bbox 2589 5481 2850 5540; x_wconf 88' lang='lat' dir='ltr'><strong>responsa</strong></span> <span class='ocrx_word' id='word_1_800' title='bbox 2889 5467 3042 5522; x_wconf 90' lang='lat' dir='ltr'><strong>dare.</strong></span> <span class='ocrx_word' id='word_1_801' title='bbox 3078 5466 3381 5537; x_wconf 87' lang='lat' dir='ltr'><strong>Scripserat</strong></span> <span class='ocrx_word' id='word_1_802' title='bbox 3405 5463 3473 5518; x_wconf 86' lang='lat' dir='ltr'><strong>ad</strong></span> <span class='ocrx_word' id='word_1_803' title='bbox 3501 5477 3628 5517; x_wconf 87' lang='lat' dir='ltr'><strong>eum</strong></span> 
     </span>
    </p>
   </div>
   <div class='ocr_carea' id='block_1_115' title="bbox 2026 5551 3630 5631">
    <p class='ocr_par' dir='ltr' id='par_1_115' title="bbox 2026 5551 3630 5631">
     <span class='ocr_line' id='line_1_116' title="bbox 2026 5551 3630 5631; baseline -0.008 -13"><span class='ocrx_word' id='word_1_804' title='bbox 2026 5557 2310 5618; x_wconf 80' lang='lat' dir='ltr'><strong>Eucratius</strong></span> <span class='ocrx_word' id='word_1_805' title='bbox 2333 5562 2617 5631; x_wconf 84' lang='lat' dir='ltr'><strong>episcopus</strong></span> <span class='ocrx_word' id='word_1_806' title='bbox 2664 5560 3002 5616; x_wconf 88' lang='lat' dir='ltr'><strong>Thenitanus</strong></span> <span class='ocrx_word' id='word_1_807' title='bbox 3053 5559 3124 5614; x_wconf 89' lang='lat' dir='ltr'><strong>de</strong></span> <span class='ocrx_word' id='word_1_808' title='bbox 3178 5557 3470 5622; x_wconf 88' lang='lat' dir='ltr'><strong>histrione,</strong></span> <span class='ocrx_word' id='word_1_809' title='bbox 3537 5551 3630 5622; x_wconf 88' lang='lat' dir='ltr'><strong>qui</strong></span> 
     </span>
    </p>
   </div>
   <div class='ocr_carea' id='block_1_116' title="bbox 2027 5645 3640 5724">
    <p class='ocr_par' dir='ltr' id='par_1_116' title="bbox 2027 5645 3640 5724">
     <span class='ocr_line' id='line_1_117' title="bbox 2027 5645 3640 5724; baseline -0.009 -14"><span class='ocrx_word' id='word_1_810' title='bbox 2027 5654 2228 5710; x_wconf 87' lang='lat' dir='ltr'><strong>&#39;l‘henis</strong></span> <span class='ocrx_word' id='word_1_811' title='bbox 2253 5653 2615 5710; x_wconf 87' lang='lat' dir='ltr'><strong>Christianum</strong></span> <span class='ocrx_word' id='word_1_812' title='bbox 2645 5668 2707 5710; x_wconf 90' lang='lat' dir='ltr'><strong>se</strong></span> <span class='ocrx_word' id='word_1_813' title='bbox 2753 5651 3049 5724; x_wconf 89' lang='lat' dir='ltr'><strong>professus,</strong></span> <span class='ocrx_word' id='word_1_814' title='bbox 3096 5650 3428 5706; x_wconf 71' lang='lat' dir='ltr'><strong>bisti-lenam</strong></span> <span class='ocrx_word' id='word_1_815' title='bbox 3457 5645 3640 5700; x_wconf 73' lang='lat' dir='ltr'><strong>facere</strong></span> 
     </span>
    </p>
   </div>
   <div class='ocr_carea' id='block_1_117' title="bbox 2031 5739 3652 5820">
    <p class='ocr_par' dir='ltr' id='par_1_117' title="bbox 2031 5739 3652 5820">
     <span class='ocr_line' id='line_1_118' title="bbox 2031 5739 3652 5820; baseline -0.012 -14"><span class='ocrx_word' id='word_1_816' title='bbox 2031 5756 2295 5818; x_wconf 74' lang='lat' dir='ltr'><strong>pergeret,</strong></span> <span class='ocrx_word' id='word_1_817' title='bbox 2348 5755 2767 5820; x_wconf 81' lang='lat' dir='ltr'><strong>regaveratque,</strong></span> <span class='ocrx_word' id='word_1_818' title='bbox 2820 5760 2947 5800; x_wconf 87' lang='lat' dir='ltr'><strong>num</strong></span> <span class='ocrx_word' id='word_1_819' title='bbox 3015 5743 3068 5798; x_wconf 86' lang='lat' dir='ltr'><strong>id</strong></span> <span class='ocrx_word' id='word_1_820' title='bbox 3123 5740 3435 5800; x_wconf 78' lang='lat' dir='ltr'><strong>ferendum</strong></span> <span class='ocrx_word' id='word_1_821' title='bbox 3489 5739 3652 5789; x_wconf 85' lang='lat' dir='ltr'><strong>esset.</strong></span> 
     </span>
    </p>
   </div>
  </div>
