4116 6258
639 308 780 367 1425

640 453 797 509 Hunc
842 462 970 504 vero
1021 447 1295 501 hominem
1351 444 1650 518 Cyprianus
1700 444 1717 515 (

646 544 904 613 magister
932 550 987 596 et
1011 538 1200 594 doctor
1232 537 1368 593 foret
1396 553 1504 591 non
1524 535 1964 599 erudiendorum,
1994 535 2087 589 sed
2118 550 2242 605 per-

644 636 944 690 dentlorutn
1000 645 1310 701 puerorum,
1367 629 1769 683 communicare
1822 627 2077 682 Ecclesia:
2136 641 2242 680 non

645 729 843 784 debere
890 725 1204 795 respondit;
1238 724 1434 794 quippe
1475 738 1574 777 nec
1616 721 1882 790 majestati
1915 720 2111 774 divinae
2146 733 2245 773 nec

645 823 969 894 evangelica:
994 820 1291 891 disciplina:
1335 822 1633 889 congruere
1662 816 1962 879 videbatur,
1995 824 2052 868 ut
2076 814 2245 883 pudor

642 927 699 972 et
757 918 927 971 honor
978 914 1232 970 Ecclesi:e
1289 922 1398 967 tam
1452 911 1595 981 turpi
1618 920 1674 965 et
1705 909 1894 964 infami
1918 908 2245 977 contagione

644 1008 959 1065 fmdaretur.
1013 1025 1030 1058 ι
1061 1006 1169 1061 Nec
1208 1013 1429 1061 excuset
1478 1020 1538 1060 se
1565 996 1876 1074 quisquam,
1916 1002 2107 1072 inquit,
2138 1001 2182 1055 si
2213 1015 2243 1054 a

649 1098 859 1153 theatro
894 1097 1008 1167 ipse
1048 1096 1364 1159 cessaverit,
1394 1110 1516 1149 cum
1549 1103 1724 1149 tamen
1758 1094 1861 1147 hoc
1905 1102 2130 1148 czeteros
2150 1091 2248 1147 do-

647 1199 784 1245 ccat.
815 1188 933 1243 Non
966 1197 1142 1258 potest
1186 1187 1331 1241 enim
1380 1186 1550 1241 videri
1593 1200 1858 1252 cessasse,
1892 1186 1981 1255 qui
2018 1184 2249 1239 vicarios

647 1280 945 1345 substituit,
970 1291 1022 1335 et
1044 1280 1132 1349 qui
1164 1295 1259 1349 pro
1282 1294 1341 1334 se
1372 1294 1480 1333 uno
1507 1279 1687 1349 plures
1714 1277 2081 1332 succedaueos
2126 1292 2251 1348 sug-

645 1377 785 1445 gerit
811 1382 995 1430 contra
1025 1373 1417 1427 institutionem
1475 1372 1588 1438 Dei,
1643 1370 1895 1426 erudiens
1944 1380 1998 1424 et
2045 1369 2248 1425 docens

648 1467 1102 1540 quemadmodum
1134 1468 1402 1523 masculus
1453 1465 1727 1534 frangatur
1777 1466 1828 1517 in
1875 1464 2148 1529 feminam,
2196 1472 2252 1518 et

649 1577 815 1616 sexus
845 1571 959 1615 arte
986 1569 1244 1626 mutetur,
1286 1568 1339 1613 et
1391 1557 1607 1612 diabolo
1636 1556 1876 1611 divinum
1907 1557 2111 1626 plasma
2141 1570 2252 1609 ma-

650 1651 849 1706 culanti
892 1666 987 1720 per
1035 1649 1276 1718 corrupti
1308 1657 1468 1717 atque
1508 1647 1751 1702 enervati
1783 1647 2031 1715 corporis
2057 1646 2251 1700 delicta

648 1744 946 1814 placentur.
988 1761 1005 1792 ι
1071 1741 1266 1795 Verum
1318 1740 1439 1808 quia
1498 1739 1737 1792 futurttm
1791 1737 2148 1807 intelligebat,
2195 1744 2254 1790 ut

1852 297 2219 359 MORCELLI.
2258 325 2327 341 --
2353 297 2670 355 ANNALES

1729 442 1891 515 Epist.
1933 443 2071 515 61.).
2115 457 2237 496 cum

2360 421 2496 475 lotes
2522 420 2613 475 Dei
2642 427 2732 473 aut
2764 415 3064 472 Ecclesiam
3105 412 3317 468 Domini
3358 412 3617 467 seandalo
3639 427 3747 469 sure
3768 419 3905 485 pravi.

3804 297 3905 358 Nil

2350 516 2471 569 tatis
2494 556 2507 579 ,
2541 513 2835 568 offendant.
2870 511 2937 566 Et
2966 511 3009 564 si
3037 509 3104 564 ad
3130 523 3368 579 praesens
3396 523 3425 561 a
3454 508 3611 563 nobis
3640 510 3837 578 quidem
3856 527 3903 566 ex

2346 608 2599 663 fratribus
2631 606 2833 661 nostris
2862 604 3190 659 contristare
3247 602 3523 667 videntur,
3553 617 3655 657 nos
3687 613 3843 659 tamen
3864 605 3903 659 in

2348 700 2546 755 salubri
2573 698 2921 769 persuasione
2952 710 3288 751 maneamus.

2419 792 2507 846 IV.
2539 790 2805 847 Creterum
2836 788 3161 861 Cyprianus,
3200 801 3397 843 censor
3424 802 3630 843 morum
3652 788 3909 861 diligentis

2350 884 2537 949 simus,
2568 898 2703 953 quos
2751 882 2803 935 in
2849 883 3055 936 clerum
3086 882 3326 935 feeturus
3370 888 3536 945 esset,
3564 891 3683 936 ante
3705 884 3909 951 experiri

2351 977 2575 1041 solebat,
2605 985 2662 1031 et
2688 990 2871 1030 coram
2899 974 3231 1045 presbyteris
3252 974 3364 1028 suis
3385 974 3651 1043 judicium
3673 974 3733 1029 de
3755 977 3908 1046 singu-

2351 1068 2417 1123 lis
2448 1069 2735 1124 instituere
2760 1085 2774 1133 ;
2811 1083 2909 1122 nec
2934 1077 3112 1123 tamen
3140 1067 3379 1136 allegere
3404 1069 3677 1136 protinus,
3707 1066 3907 1123 sedalte-

2351 1177 2468 1217 rum
2516 1161 2569 1215 in
2629 1175 2827 1215 annum
2884 1159 3125 1215 differre.
3186 1158 3278 1214 Sic
3336 1159 3436 1213 hoc
3487 1174 3638 1213 anno
3674 1178 3692 1211 ‹
3726 1161 3902 1229 proximi

2352 1256 2498 1311 clero
2534 1274 2551 1307 ι
2583 1255 2651 1309 ab
2683 1270 2747 1309 eo
2781 1254 2903 1310 facti
2934 1258 3159 1309 Saturus
3188 1263 3244 1308 et
3267 1254 3512 1323 Optatus,
3540 1269 3686 1324 quos
3709 1270 3827 1309 anno
3848 1256 3902 1309 in-

2354 1347 2601 1417 sequenti
2632 1346 2849 1401 tandem
2879 1346 3173 1416 coeptavit,
3207 1360 3328 1400 cum
3354 1347 3463 1415 jam
3492 1347 3807 1417 Carthagine
3842 1362 3900 1403 se-

2354 1440 2631 1494 cessisset.
2663 1439 2795 1493 Nam
2856 1453 3081 1494 examen
3120 1437 3426 1508 hujusmodi
3480 1440 3532 1492 in
3568 1440 3792 1508 epismla
3817 1457 3899 1495 xm

2354 1547 2513 1602 quam
2563 1547 2595 1587 e
2644 1531 2867 1585 latebris
2898 1532 3009 1585 suis
3046 1529 3111 1584 ad
3166 1532 3369 1585 clerum
3424 1531 3619 1596 misit,
3659 1531 3734 1585 bis
3773 1534 3899 1611 verbis

2355 1633 2744 1679 commemorat
2773 1639 2787 1676 :
2830 1642 2847 1675 ‹
2882 1623 3099 1678 Fecisse
3128 1639 3213 1679 me
3255 1637 3433 1679 autem
3467 1623 3666 1679 sciatis
3703 1626 3899 1681 lectorem

2356 1716 2610 1771 Saturum
2662 1724 2718 1771 et
2769 1715 3207 1787 llypodiaconnm
3268 1717 3522 1785 Optatum
3570 1717 3899 1783 confessorem,

648 1806 741 1889 ille
809 1835 1116 1887 admonitus
1194 1806 1486 1902 egestatem
1541 1839 1900 1901 prietexeret,
1952 1806 2016 1883 ad
2092 1844 2249 1898 quam
2281 1813 2329 1873 Β
2357 1823 2493 1878 quos
2539 1806 2869 1902 jampridem
2906 1808 3180 1902 οοηηξῖυηί
3221 1808 3451 1902 “insilio
3497 1808 3652 1902 ςῘεΙὌ
3684 1811 3901 1877 Ιποῐέιηθς

648 1925 856 1992 abiecta
908 1934 1025 1978 arte
1064 1922 1237 1991 redigi
1278 1937 1501 1975 necesse
1552 1928 1717 1982 esset;
1762 1920 1993 1988 primum
2035 1920 2251 1989 quidem

648 2018 959 2073 Eucratium
1014 2017 1257 2072 hortatus
1301 2025 1404 2077 est,
1458 2024 1514 2069 ut
1552 2014 1619 2069 de
1662 2014 1905 2069 ecclesia:
1937 2028 2049 2068 sua:
2097 2013 2253 2067 bonis

650 2111 888 2179 inepiam
944 2110 1086 2164 illius
1160 2117 1531 2163 sustentaret:
1587 2116 1641 2161 at
1684 2123 1752 2162 uc
1804 2106 1929 2177 qttid
1978 2106 2255 2162 histrionis

650 2203 1020 2259 emendationi
1060 2202 1255 2256 abesse
1285 2209 1467 2271 posset
1517 2199 1853 2270 adjecitipse
1902 2214 2022 2270 quae
2055 2199 2255 2253 nullam

651 2300 1057 2352 excusationem
1118 2295 1522 2365 relinquerent:
1579 2312 1596 2344 ι
1625 2293 1779 2360 Quod
1812 2292 1876 2357 si,
1922 2294 2113 2362 inquit,
2143 2293 2253 2348 illic

653 2389 882 2445 ecclesia
914 2404 1019 2441 non
1037 2386 1255 2451 sufficit,
1280 2396 1337 2439 ut
1353 2384 1720 2439 laborantibus
1738 2394 1954 2454 praestet
1976 2384 2251 2450 alimenta,

651 2482 855 2552 poterit
878 2495 938 2536 se
962 2479 1027 2534 ad
1058 2495 1156 2534 nos
1202 2478 1515 2543 transferre,
1548 2486 1603 2532 et
1642 2476 1729 2532 hic
1759 2476 1900 2546 quod
1928 2476 2028 2531 sibi
2052 2476 2117 2530 ad
2141 2478 2254 2531 vic-

653 2586 764 2629 tmn
787 2584 948 2644 atque
977 2573 1042 2627 ad
1077 2573 1329 2628 vestitum
1379 2571 1747 2627 necessarium
1781 2570 1939 2624 fuerit
1981 2570 2250 2640 accipere,

650 2683 753 2723 nec
798 2668 934 2721 alios
966 2675 1117 2719 extra
1150 2664 1438 2719 ecclesiam
1472 2662 1720 2717 mortalia
1750 2661 1972 2728 docere,
2013 2663 2107 2717 sed
2140 2664 2255 2733 ipse

651 2759 903 2814 salutaria
927 2757 980 2811 in
1009 2757 1241 2812 ecclesia
1271 2754 1503 2811 discere.
1533 2774 1555 2805 ι

732 2850 814 2904 Ill.
845 2848 1047 2904 Eodem
1078 2865 1218 2903 anno
1246 2848 1452 2902 litteras
1491 2861 1706 2917 quoque
1736 2862 1763 2899 a
1792 2847 2089 2917 Pomponio
2113 2846 2256 2917 epis-

655 2959 793 3013 copo
846 2940 1253 3013 Dionysianensi
1302 2939 1578 3008 accepisse
1614 2938 1878 3005 creditur,
1926 2940 2124 3008 quibus
2165 2939 2254 2992 ille

655 3042 975 3099 sententiam
1003 3040 1120 3108 ejus
1140 3039 1208 3093 de
1235 3037 1530 3108 virginibus
1576 3036 1934 3091 masculorum
1961 3035 2253 3090 contuber-

657 3133 871 3187 nalibus
926 3129 1255 3200 requirebat.
1304 3128 1424 3183 Jam
1470 3127 1610 3181 enim
1664 3129 1715 3180 in
1758 3127 1937 3181 Africa
2004 3129 2254 3195 serpebat

2359 1903 2678 1965 feceramus,
2695 1890 2909 1969 quando
2930 1908 3021 1954 aut
3037 1900 3235 1954 Saturo
3256 1900 3343 1954 die
3361 1896 3593 1954 Pascha:
3617 1903 3757 1954 semel
3775 1911 3899 1972 atque

2359 1993 2551 2048 iterum
2586 1993 2870 2047 lectionem
2903 1991 3176 2055 dedimus.
3206 2004 3299 2047 aut
3322 1994 3543 2059 quando
3585 2009 3702 2048 cum
3727 1996 3897 2065 presby-

2360 2088 2489 2142 teris
2510 2086 2821 2142 doctoribus
2844 2087 3075 2142 lcetores
3095 2086 3383 2157 diligenter
3401 2087 3759 2157 probaremus,
3777 2088 3899 2157 Opta-

2365 2188 2474 2234 tum
2510 2180 2652 2234 inter
2694 2180 2925 2234 lectores
2967 2179 3244 2233 doctorem
3292 2179 3641 2234 audientium
3674 2180 3897 2236 constitui-

2360 2292 2499 2341 mus,
2539 2276 2911 2330 examinantes
2955 2290 3022 2328 an
3051 2285 3413 2346 congruerent
3456 2276 3569 2330 illis
3622 2279 3765 2329 omnia
3801 2289 3897 2346 qua

2358 2383 2477 2422 esse
2532 2368 2731 2422 debent
2784 2368 2836 2420 in
2887 2367 2949 2420 iis
3015 2368 3103 2437 qui
3153 2367 3219 2421 ad
3276 2368 3484 2421 clerum
3534 2369 3895 2437 parabantur.»

2359 2458 2490 2523 Hac,
2523 2459 2734 2528 opinor,
2763 2458 3005 2513 adhibita
3044 2459 3343 2527 diligentia,
3378 2470 3434 2514 et
3466 2474 3626 2515 mora
3655 2460 3898 2531 hujusmodi

2360 2550 2696 2620 interposita,
2739 2550 2915 2604 rarius
2959 2550 3012 2604 in
3075 2551 3278 2605 clerum
3327 2551 3511 2620 legent
3538 2554 3781 2625 episcopi,
3802 2569 3901 2625 quo-

2359 2658 2477 2697 rum
2510 2657 2605 2696 eos
2638 2654 2820 2713 postea
2852 2643 3057 2711 pudere
3085 2642 3301 2697 debeat.

2704 2732 2934 2790 ANNUS
2973 2733 3434 2793 (.HRISTIANUS
3474 2736 3631 2793 CCL.

2645 2842 2899 2882 CYPBIANO
2938 2842 3182 2883 EPISCOPO
3217 2843 3680 2886 CARTHAGINIENSI.

2435 2921 2476 2974 Ι.
2505 2920 2799 2975 Consulatu
2827 2920 2991 2976 functi
3027 2923 3125 2975 hoc
3152 2935 3295 2974 anno
3336 2923 3467 2991 imp.
3499 2923 3568 2976 sl.
3592 2923 3795 2979 Messius
3820 2924 3905 2979 De-

2359 3018 2473 3073 cius
2519 3019 2710 3072 iterum
2737 3059 2751 3082 ,
2797 3019 3004 3073 Annius
3046 3017 3307 3073 Maximus
3354 3018 3571 3079 Gratus.
3606 3021 3709 3091 lpso
3748 3034 3905 3076 autem

2362 3128 2549 3168 mense
2587 3115 2856 3185 januario,
2890 3115 3035 3170 Decii
3070 3115 3121 3169 in
3145 3115 3291 3171 Urbe
3320 3116 3577 3172 adversus
3615 3119 3907 3174 Christianos

658 3240 819 3295 prava
853 3224 937 3277 illa
965 3221 1316 3287 consuetudo,
1343 3237 1460 3291 qua:
1488 3220 1682 3275 deinde
1706 3236 1802 3291 per
1823 3220 2094 3277 Orientem
2120 3237 2255 3292 quo-
2281 3205 2325 3268 C
2360 3206 2506 3261 ἷιιτον
2533 3208 2730 3276 cmi)“.
2759 3207 3066 3278 Primusque
3093 3207 3383 3277 Fabianus.
3406 3209 3636 3265 Ρθηιίῖεῐ
3679 3212 3910 3266 minimus

656 3335 762 3388 que
825 3327 1040 3388 vagata,
1096 3317 1345 3369 ordinum
1389 3316 1855 3369 sanctissituorum
1909 3313 2254 3383 splendorem

657 3411 978 3473 maculavit,
1028 3424 1091 3462 ac
1128 3423 1274 3479 smpe
1326 3407 1570 3474 Gregorii
1627 3405 1946 3460 Nazianzeni
1976 3416 2030 3459 et
2067 3405 2258 3460 Hiero-

658 3505 806 3574 nymi
830 3502 1116 3555 ctJoannis
1134 3500 1508 3572 Chrysostomi
1524 3499 1856 3569 gravissimis
1878 3498 2259 3569 reprehensio-

659 3597 817 3651 nibus
849 3594 1115 3665 exagitata
1135 3603 1294 3663 atque
1334 3594 1387 3648 in
1419 3608 1684 3648 summam
1730 3593 1984 3646 invidiam
2032 3593 2261 3647 adducta

656 3697 1122 3752 εει.Συνεισσικτους,
1140 3685 1314 3741 Graeci
1345 3686 1688 3755 appellabant
1708 3686 1971 3755 ejusmodi
2002 3686 2256 3757 virgines,

660 3795 795 3850 quas
826 3780 1170 3850 presbyteros
1200 3778 1562 3848 diaconosque
1606 3778 1747 3832 domi
1780 3779 1997 3845 habere,
2032 3779 2118 3833 vel
2161 3781 2263 3834 tori

660 3871 836 3927 socias
866 3887 970 3925 non
997 3870 1247 3939 pudebat;
1269 3885 1435 3941 seque
1453 3879 1630 3925 tamen
1673 3871 2045 3926 castimoniam
2081 3882 2264 3928 sancte

660 3978 879 4018 servare
920 3962 998 4016 illi
1025 3962 1362 4017 dictitabant.
1416 3962 1572 4016 Enim
1600 3978 1729 4017 vero
1758 3961 2059 4034 Cyprianus
2103 3964 2263 4018 Pom-

660 4056 827 4124 ponio
874 4055 1151 4124 rescripsit
1190 4053 1388 4127 (Epist.
1430 4054 1570 4123 62.),
1631 4073 1648 4105 (
1679 4056 2121 4112 lutercedeudum
2156 4060 2262 4115 cito

662 4148 863 4202 talibus
885 4156 941 4201 ut
969 4159 1311 4217 separentur,
1332 4146 1459 4201 dum
1486 4147 1662 4201 adhuc
1692 4150 2263 4217 scparariinnoceutes

662 4247 924 4308 possunt:
950 4256 968 4288 ι
993 4244 1107 4291 tum
1122 4236 1189 4290 ad
1210 4237 1414 4291 clermn
1442 4237 1584 4306 quod
1601 4241 1812 4303 attinet,
1841 4257 1859 4288 (
1888 4254 2036 4308 cum,
2068 4242 2259 4311 inquit,

664 4344 855 4383 omnes
900 4328 1121 4383 omnino
1168 4327 1506 4396 disciplinam
1543 4338 1728 4383 tenere
1774 4342 2038 4399 oporteat,
2095 4335 2261 4390 multo

664 4423 835 4491 magis
861 4420 1178 4491 prtepositos
1217 4429 1272 4474 et
1298 4419 1558 4474 diaconos
1593 4436 1786 4476 curare
1820 4422 1922 4477 hoc
1961 4424 2042 4478 fas
2064 4434 2147 4479 est
2171 4427 2262 4496 qui

664 4517 973 4584 exemplum
1008 4522 1064 4570 et
1110 4513 1494 4569 documentum
1519 4516 1731 4570 cieteris
1753 4515 1819 4571 de
1848 4521 2262 4575 conversatione

2362 3298 2499 3360 XIII,
2530 3298 2636 3351 kal.
2664 3299 2959 3353 februarias
2990 3300 3308 3369 praeclarum
3341 3305 3634 3372 martyrium
3677 3305 3816 3367 fecit,
3845 3313 3913 3357 at-

2363 3410 2486 3465 que,
2521 3404 2578 3447 tit
2630 3394 2932 3465 Cyprianus
2988 3395 3198 3461 scribit,
3239 3415 3258 3448 ι
3290 3412 3374 3468 pro
3421 3397 3708 3465 integritate
3734 3396 3907 3449 admi-

2364 3487 2700 3543 nistrationis
2731 3486 2848 3557 ejus
2887 3490 3289 3543 consummatio
3331 3503 3521 3559 quoque
3547 3488 3760 3543 honesta
3784 3504 3913 3558 pro-

2364 3580 2525 3635 cessit
2559 3599 2577 3631 ›
2613 3579 2808 3652 (Epist.
2858 3595 2935 3645 ιιι,
2966 3580 3036 3632 ad
3069 3579 3247 3636 Precb.
3281 3578 3475 3649 Rom).
3514 3579 3745 3635 Subinde
3792 3580 3917 3634 civis

2366 3672 2825 3745 Carthaginensis,
2847 3685 2901 3729 et
2927 3675 3216 3747 Martyrum
3235 3679 3732 3748 progenies,captus
3754 3677 3921 3732 Romae

2367 3775 2453 3821 est
2476 3767 2755 3822 Celerinus
2786 3767 3064 3823 confessor
3091 3769 3446 3835 clarissimus,
3471 3788 3623 3842 quem
3655 3772 3921 3842 Cyprianus

2368 3858 2551 3912 multis
2603 3874 2747 3929 saepe
2782 3860 3030 3915 laudibus
3057 3863 3287 3926 ornavit.
3333 3863 3463 3917 Erat
3498 3865 3581 3918 hic
3616 3863 3923 3927 adoiesceus,

2368 3966 2562 4022 magno
2593 3962 2770 4007 tamen
2804 3953 2987 4007 animo
3021 3972 3040 4003 ι
3082 3970 3175 4022 per
3199 3954 3391 4009 decem
3424 3966 3479 4011 et
3517 3970 3711 4011 novem
3732 3956 3853 4021 dies,
3883 3965 3927 4009 ut

2367 4043 2484 4112 ipse
2515 4044 2674 4099 tradit
2699 4045 2906 4116 (Cypr.,
2939 4044 3106 4115 Epist.
3140 4046 3352 4114 xxxrv).
3389 4065 3407 4097 ι
3438 4046 3701 4102 Custodia
3730 4047 3931 4103 carceris

2368 4146 2576 4207 septus,
2610 4137 2661 4191 in
2687 4152 2856 4193 nervo
2881 4153 2944 4193 ac
2974 4136 3120 4193 ferro
3148 4138 3264 4193 fuit.
3301 4158 3321 4190 ι
3351 4141 3599 4210 Cumque
3636 4141 3933 4209 :etatis,opi-

2367 4248 2489 4300 nor,
2522 4235 2865 4290 miseratione
2890 4236 3138 4299 emissus,
3168 4236 3220 4290 in
3239 4235 3477 4292 Africam
3504 4237 3782 4301 rediisset,
3800 4244 3932 4290 teSIes

2366 4326 2722 4380 confessionis
2747 4342 2860 4381 sme
2889 4326 3167 4383 cicatrices
3216 4330 3487 4383 attulerat.
3539 4328 3936 4395 Lucent,aicb:tt

2365 4418 2689 4488 Cyprianus,
2712 4419 2763 4473 in
2790 4435 3015 4489 corpore
3041 4421 3276 4491 glorioso
3306 4422 3451 4475 clara
3476 4422 3775 4477 vulnerum
3798 4421 3938 4492 signa.

2366 4513 2607 4567 eminent
2635 4524 2691 4567 et
2731 4522 2994 4583 apparent
3022 4514 3073 4566 in
3129 4514 3309 4567 nervis
3343 4512 3582 4569 hominis
3627 4530 3696 4570 ac
3724 4512 3939 4571 membris

663 4616 715 4660 et
750 4582 993 4660 moribus
1020 4605 1131 4661 suis
1156 4606 1450 4676 praebeant.
1482 4605 1549 4660 Et
1581 4606 1748 4661 idciro
1775 4609 2020 4663 consulte
2051 4619 2105 4663 et
2138 4626 2260 4666 cum
2287 4582 2340 4642 D
2366 4601 2524 4673 longa
2555 4604 2676 4658 labe
2696 4582 3032 4673 cottStImptis
3053 4620 3310 4675 expressa
3336 4605 3588 4675 vestigia.

661 4694 849 4763 vigore
871 4697 1063 4764 fecisti,
1090 4699 1253 4752 frater
1273 4698 1606 4762 cbarissime,
1637 4700 1955 4755 abstinendo
1976 4702 2259 4758 diaconum

660 4790 753 4860 qui
777 4806 898 4844 cum
920 4790 1123 4859 virgine
1144 4806 1288 4862 saepe
1310 4793 1523 4847 mansit.
1559 4811 1576 4843 ι
1616 4792 1953 4847 Additetiam
1982 4794 2049 4849 de
2080 4810 2254 4864 poena,

660 4899 765 4954 qua
790 4884 823 4938 ii
846 4886 1133 4939 coercendi
1164 4896 1350 4941 essent
1379 4885 1467 4955 qui
1493 4898 1762 4956 pra-cepto
1786 4901 1891 4940 non
1925 4888 2257 4957 paruissvnt,

658 4993 726 5033 ac
775 4979 991 5035 demum
1035 4980 1407 5036 castimoniam
1454 4982 1622 5035 sacris
1680 4980 1937 5037 Ecclesia:
1997 4982 2260 5037 ministris

659 5074 1032 5141 prtescriptam
1050 5082 1333 5137 memorat,
1365 5086 1523 5142 quam
1558 5073 1884 5143 Pomponius
1911 5075 2053 5128 omni
2081 5075 2262 5130 studio

656 5165 795 5220 tueri
827 5164 1041 5220 debeat.
1097 5184 1115 5217 ι
1150 5165 1291 5235 Ergo
1324 5165 1513 5233 inquit,
1550 5180 1617 5219 ue
1644 5164 2027 5235 indiscipliuati
2058 5182 2257 5223 consu-

652 5267 874 5313 mantur
900 5268 953 5313 et
980 5267 1237 5329 pereant,
1269 5256 1335 5313 da
1360 5272 1577 5328 operam
1598 5299 1613 5323 ,
1650 5257 1813 5312 frater
1835 5259 2171 5325 cbarissime,
2203 5270 2260 5315 ut

657 5359 915 5418 quantum
942 5360 1118 5420 potes,
1143 5352 1384 5406 consiliis
1405 5352 1733 5405 salutaribus
1751 5350 2141 5408 fraternitatem
2171 5370 2257 5410 re-

653 5460 774 5515 gas,
807 5455 860 5501 et
890 5446 1114 5516 singulis
1163 5448 1229 5500 ad
1258 5447 1484 5502 salutem
1517 5462 1668 5501 suam
1698 5447 1971 5502 eonsulas.
2002 5450 2162 5504 Arcta
2204 5462 2258 5505 et

653 5550 879 5608 angusta
923 5549 1008 5593 est
1052 5540 1159 5605 via,
1211 5556 1309 5609 per
1368 5557 1525 5610 quam
1574 5540 1908 5611 ingredimur
1944 5541 2010 5596 ad
2066 5546 2251 5609 vitam;

651 5629 749 5683 sed
778 5642 1022 5683 summus
1051 5637 1106 5683 et
1136 5644 1363 5700 magnus
1390 5640 1474 5685 est
1500 5631 1727 5698 fructus,
1760 5647 1882 5686 cum
1912 5627 2256 5701 pervenimus

654 5721 725 5773 ad
755 5721 1004 5789 gloriam.
1038 5721 1138 5788 Qui
1194 5739 1252 5776 se
1282 5722 1439 5776 simul
1494 5735 1869 5778 castraverttnt
1898 5735 2117 5795 pr0pter
2166 5741 2255 5782 re-

650 5808 1128 5881 gnumleorum,
1159 5811 1274 5865 Deo
1304 5825 1401 5878 per
1431 5815 1611 5868 omnia
1642 5814 1909 5882 placeant,
1945 5831 2045 5871 nec
2067 5832 2252 5873 sacer-

2436 4696 2500 4751 ll.
2529 4696 2634 4751 Sed
2664 4697 2789 4751 dum
2819 4697 3101 4752 Celerinus
3132 4698 3182 4751 in
3220 4698 3446 4753 vinculis
3478 4698 3689 4756 Romae
3715 4710 3830 4757 erat
3861 4701 3943 4769 jam

2365 4789 2741 4860 Carthaginem
2793 4790 2937 4845 Decii
2991 4790 3166 4846 edicta
3216 4792 3420 4861 perlata
3474 4792 3739 4862 fuerant,
3789 4796 3947 4866 quibus

2362 4884 2581 4940 crudele
2610 4900 2673 4939 ac
2713 4884 2980 4940 nefarium
3008 4884 3333 4940 Christianis
3363 4887 3574 4942 bellum
3614 4890 3949 4945 indicebatur.

2365 4976 2432 5032 Et
2454 4978 2772 5048 significatio
2795 4978 3126 5033 imminentis
3153 4978 3322 5033 cladis
3353 4980 3524 5034 multo
3552 4995 3697 5039 ante
3718 4982 3952 5055 Cypriane

2363 5072 2498 5127 facta
2531 5075 2743 5137 fuerat,
2774 5073 2858 5126 cui
2889 5088 2948 5126 se
2992 5072 3205 5126 divinus
3251 5072 3653 5141 paterfamilias
3701 5077 3954 5130 vivendum

2362 5163 2650 5222 obtulerat.
2684 5181 2703 5213 ι
2741 5162 2965 5219 sedente
2993 5164 3096 5217 sibi
3127 5162 3193 5218 ad
3222 5164 3464 5219 dextram
3488 5164 3716 5234 juvene
3740 5186 3757 5221 :
3782 5172 3868 5239 qui
3891 5166 3953 5237 ju«
4026 5174 4027 5219 ι

2362 5257 2516 5312 venis
2541 5257 2734 5311 anxius
2762 5266 2959 5311 etcum
2993 5256 3224 5327 quadam
3270 5258 3658 5330 indignatione
3712 5262 3957 5319 subtristis

2361 5354 2631 5409 maxillam
2664 5369 2828 5409 manu
2861 5365 3070 5418 tenens,
3104 5363 3293 5409 mmsto
3323 5355 3470 5409 vultu
3500 5356 3800 5421 sedebat;
3829 5357 3954 5412 alios

2364 5461 2497 5500 vero
2529 5446 2579 5499 in
2619 5445 2834 5499 sinistra
2860 5454 3011 5514 parte
3041 5445 3367 5510 Consistens,
3398 5455 3513 5500 rete
3542 5449 3822 5516 portabat
3846 5444 3958 5519 quod

2360 5554 2419 5594 se
2448 5541 2679 5605 mittere,
2717 5549 2773 5592 ut
2801 5539 3244 5593 circumstantem
3292 5540 3550 5610 populum
3584 5554 3856 5613 caperet,
3882 5540 3957 5595 mi~

2362 5632 2609 5687 nabatur.
2654 5631 2867 5687 Etcum
2913 5632 3204 5686 miraretur
3232 5633 3358 5700 quid
3393 5632 3493 5687 hoc
3527 5646 3725 5702 esset,
3781 5635 3872 5690 ille
3895 5631 3958 5701 qui

2359 5725 2517 5791 vidit,
2548 5724 2749 5780 dictum
2779 5734 2863 5780 est
2910 5725 2991 5791 ei,
3017 5726 3272 5794 juvenem
3298 5725 3389 5795 qui
3443 5723 3510 5778 ad
3562 5724 3881 5783 dexteram
3907 5724 3957 5777 sis

2358 5819 2608 5886 sederet,
2656 5817 2966 5874 contristari
3014 5825 3069 5874 et
3121 5817 3307 5873 dolere
3354 5816 3496 5888 quod
3550 5830 3861 5893 prmeepta
3892 5828 3959 5873 sua

3847 6010 3875 6022 ο
