4208 6276
293 284 438 343 1425

1546 283 1898 340 ECCLESIA‘I
1927 283 2018 340 AF
2023 285 2323 346 ΒΙΟΑΝᾹΞ.

3461 291 3600 350 N26

293 445 404 488 non
454 427 918 484 observarentur:
950 425 1101 481 illum
1144 441 1273 484 vero
1298 427 1350 482 in
1381 427 1596 482 sinistra
1641 433 1891 492 exstare,

2018 406 2080 461 ld
2112 408 2305 478 prima,
2340 408 2513 479 inquit
2543 408 2629 480 (de
2654 409 2812 478 Iaps.,
2845 426 2900 480 ρ.
2931 407 3061 475 456,
3110 407 3192 463 ed.
3221 406 3457 480 Boium),
3488 417 3604 464 stac

295 524 438 597 quod
471 522 573 577 sibi
605 520 828 576 daretur
879 521 1117 587 occasio,
1149 529 1209 575 ut
1239 534 1266 572 a
1309 519 1695 590 patrefamilias
1741 528 1896 586 pote-

291 626 488 672 statem
511 621 750 668 sumeret
779 611 1058 666 sazviendi.
1100 629 1116 662 ι
1141 612 1265 666 Ηειεο
1292 611 1593 683 Cyprianus
1623 609 1796 683 (epist.
1823 625 1896 664 vn

293 707 363 761 ad
392 703 644 776 (Iterum),
674 704 765 774 qui
795 704 973 757 visum
1023 703 1138 772 ipse
1186 705 1582 772 contemplatus
1636 713 1893 773 putatur:

290 809 417 872 post
445 812 566 867 quae
605 795 754 851 addit
785 814 797 848 :
829 814 848 847 ‹
886 796 949 850 Ει
980 794 1214 849 vidimus
1247 794 1528 864 impletum
1553 793 1692 863 quod
1726 792 1901 848 fuerat

292 899 579 947 ostensum
611 905 626 955 ;
655 898 714 944 ut
746 888 872 944 dum
906 888 1116 942 Domini
1165 899 1431 959 praecepta
1480 888 1896 954 contemnimus,

292 982 417 1038 dum
447 982 586 1037 datae
638 980 772 1052 legis
801 979 1048 1034 mandata
1100 979 1355 1034 salutaria
1384 994 1488 1033 non
1520 988 1786 1044 tenemus,
1820 977 1899 1030 fa-

292 1077 547 1132 cultatem
580 1073 812 1129 nocendi
846 1073 1097 1126 inimicus
1128 1073 1426 1141 acciperet,
1453 1072 1634 1126 minus
1663 1080 1901 1124 armatos

294 1177 354 1225 et
390 1169 457 1223 ad
488 1165 900 1238 repugnandum
946 1165 1125 1220 minus
1182 1176 1368 1221 cautos
1394 1164 1540 1235 jactu
1568 1163 1698 1219 retis
1724 1162 1900 1232 operi-

295 1273 400 1319 ret.
438 1281 457 1315 ι
488 1261 569 1316 Ex
594 1277 698 1330 quo
719 1269 899 1315 autem
929 1259 1102 1314 edicta
1133 1257 1393 1314 adversus
1415 1258 1750 1313 Christianos
1769 1253 1900 1328 pro-

296 1354 533 1424 mulgata
575 1351 749 1416 fuere,
796 1349 1053 1420 quidquid
1089 1349 1436 1404 Ethnicorum
1474 1351 1524 1404 in
1555 1350 1730 1405 Africa
1761 1359 1895 1417 erat,

303 1459 578 1520 tamquam
607 1448 835 1502 classico
863 1447 1104 1510 excitati,
1137 1455 1324 1501 contra
1354 1446 1654 1502 Ecclesiam
1687 1447 1780 1502 Dei
1812 1446 1896 1501 in-

295 1541 554 1608 fremere,
585 1550 639 1597 et
666 1541 867 1612 optimo
889 1540 1085 1609 cuique
1110 1539 1384 1596 adversari
1431 1550 1735 1610 coeperunt.
1767 1539 1900 1594 Car-

306 1636 534 1707 thagine
582 1635 635 1688 in
671 1633 855 1704 primis
901 1648 1022 1688 cum
1053 1632 1105 1686 in
1134 1632 1535 1703 amphitheatro
1564 1641 1654 1686 aut
1678 1632 1729 1686 in
1752 1633 1900 1687 circo

296 1727 528 1800 papulus
553 1727 788 1794 sederet,
819 1725 1145 1797 Cyprianum
1169 1735 1291 1780 ante
1335 1741 1546 1792 omnes,
1566 1725 1707 1796 quod
1735 1736 1789 1780 et
1811 1726 1897 1780 di-

2004 500 2096 555 tim
2137 502 2298 556 verba
2333 503 2586 557 minantis
2617 503 2816 557 inimici
2860 503 3127 558 maximus
3156 502 3377 558 fratrum
3413 518 3606 558 nume-

2003 609 2094 648 rus
2123 592 2281 650 ﬁdem
2326 610 2478 649 suam
2526 593 2799 665 prodidit;
2835 610 2933 650 nec
2961 601 3265 664 prostratus
3303 604 3384 649 est
3413 609 3603 663 perse-

2002 688 2234 742 cutionis
2265 689 2489 758 impetu,
2523 689 2619 744 sed
2647 688 2974 743 ‘voluntario
3017 689 3166 757 lapsu
3210 703 3269 743 se
3317 689 3433 758 ipse
3475 703 3604 756 pro-

2002 781 2218 836 stravit.
2253 800 2272 833 ›
2308 782 2441 836 Tum
2496 782 2917 837 imbecillitatem
2967 797 3126 852 quam
3176 781 3432 852 plurium,
3490 794 3604 836 trc-

2003 875 2354 946 pidationem,
2397 876 2683 948 perfidiam
2726 877 2988 932 describit
3037 876 3122 930 his
3174 875 3355 931 verbis
3392 893 3405 929 :
3445 875 3605 932 «Non

2002 976 2454 1036 exspectaverunt
2505 967 2722 1034 saltem,
2753 977 2807 1021 ut
2861 966 3218 1021 ascenderent
3246 966 3606 1036 apprehensi,

2006 1069 2061 1113 ut
2096 1059 2414 1129 interrogati
2445 1070 2706 1130 negarent
2737 1076 2750 1112 :
2784 1071 2908 1113 ante
2938 1062 3108 1113 aciem
3137 1059 3289 1113 multi
3317 1059 3459 1125 victi,
3487 1057 3605 1114 sine

2002 1151 2390 1220 congressione
2418 1154 2698 1222 prostrati,
2734 1166 2835 1207 nec
2862 1151 2968 1206 hoc
3012 1152 3112 1206 sibi
3144 1152 3505 1221 reliquerunt,
3551 1162 3611 1208 ut

2003 1241 2314 1296 sacriﬁcare
2363 1241 2525 1297 idolis
2572 1242 2891 1297 viderentur
2937 1243 3110 1298 inviti.
3146 1243 3298 1299 Ultro
3327 1243 3393 1296 ad
3423 1244 3601 1298 forum

2004 1349 2244 1399 currere,
2264 1334 2332 1390 ad
2362 1347 2588 1390 mortem
2613 1344 2806 1404 sponte
2833 1349 3146 1404 properare,
3169 1336 3316 1404 quasi
3347 1333 3449 1390 hoc
3476 1335 3604 1389 olim

2003 1437 2286 1496 cuperent,
2315 1427 2468 1497 quasi
2521 1428 2983 1496 amplecterentur
3023 1427 3363 1480 occasionem
3395 1426 3600 1494 datam,

2003 1533 2164 1588 quam
2221 1532 2439 1587 semper
2479 1527 2781 1588 optassent.
2812 1517 2952 1585 Quot
2981 1517 3090 1570 illic
3119 1532 3148 1570 a
3177 1516 3604 1586 magistratibus,

2004 1626 2228 1680 vespera
2252 1621 2500 1681 urgente,
2529 1610 2684 1664 dilati
2704 1619 2848 1676 sunt,
2864 1615 3080 1679 quotjue
3098 1624 3284 1663 eorum
3303 1606 3611 1665 differretur

2005 1705 2273 1766 interitus,
2307 1704 2470 1759 etiam
2531 1712 2861 1774 rogaverunt
2884 1703 2977 1757 ?...
3013 1705 3096 1757 Ac-
3142 1703 3323 1757 multis
3359 1702 3610 1772 proprius

305 1796 480 1894 'gniitas
510 1818 628 1890 ejus
657 1827 712 1875 ει
742 1796 999 1875 sanan”
1047 1819 1307 1889 insigmnr
1357 1827 1518 1883 esset,
1567 1818 1634 1873 ad
1688 1817 1899 1873 leonem
1930 1799 1977 1858 B
2005 1796 2258 1852 interitus
2284 1798 2415 1852 satis
2443 1811 2548 1851 non
2581 1798 2678 1851 fuit
2710 1814 2725 1862 ;
2762 1796 3118 1851 hortamentis
3159 1796 3361 1851 mutuis
3403 1797 3458 1851 in
3489 1798 3609 1852 exi-

298 1912 509 1982 magnis
536 1911 864 1966 clamoribus
894 1910 1168 1980 postulare
1213 1925 1380 1966 ausus
1411 1918 1514 1965 est.
1549 1911 1902 1977 Quaerebatur

301 2006 372 2060 ad
405 2005 612 2060 caidem
639 2005 880 2070 victima,
909 2004 996 2058 illa
1033 2005 1143 2058 Deo
1182 2003 1402 2070 devota,
1434 2005 1518 2058 cui
1548 2013 1727 2058 tamen
1759 2005 1901 2060 Deus

313 2099 417 2152 alia
475 2108 714 2168 tempora
763 2096 1149 2152 destinaverat.
1201 2116 1218 2149 ς
1279 2096 1536 2152 Servatus
1568 2107 1693 2161 est,
1734 2096 1905 2165 inquit

300 2191 524 2246 Pontius
572 2191 647 2264 (in
682 2189 819 2254 Vita,
852 2208 906 2244 η.
957 2188 1034 2260 8),
1069 2190 1151 2243 vir
1202 2189 1403 2259 ingenii
1456 2199 1652 2259 praeter
1707 2198 1900 2243 caetera

311 2285 472 2340 etiam
502 2283 816 2354 spiritaliter
865 2282 1187 2352 temperati,
1241 2282 1331 2352 qui
1363 2282 1506 2336 inter
1554 2281 1900 2344 resultantes,

306 2378 674 2435 collidentium
707 2375 1060 2430 schismatum
1089 2372 1306 2438 ﬂuctus,
1350 2373 1610 2428 Ecclesiae
1658 2374 1759 2426 iter
1791 2387 1900 2426 me‘

301 2469 450 2525 dium
480 2469 668 2524 librato
697 2468 866 2522 limite
895 2467 1238 2538 gubernaret.
1270 2485 1288 2518 ›
1323 2465 1492 2519 Batus
1520 2465 1774 2519 nimirum
1801 2461 1905 2536 Cy-

311 2561 552 2633 prianus,
586 2562 639 2615 in
672 2569 821 2615 tanto
855 2557 1226 2630 improborum
1254 2557 1380 2612 odio
1410 2566 1660 2627 ereptum
1694 2557 1816 2621 sibi,
1847 2565 1907 2611 ut

311 2657 501 2712 adesse
525 2655 748 2719 utiliter,
777 2669 1044 2724 opemque
1072 2668 1312 2724 praesens
1339 2650 1533 2706 afferre
1559 2651 1676 2705 suis
1701 2659 1903 2721 posset,

311 2753 597 2810 consilium
627 2749 996 2822 evangelicum
1044 2749 1145 2804 sibi
1177 2757 1288 2802 tum
1333 2745 1666 2816 sequendum
1705 2743 1908 2800 existi-

311 2850 481 2906 mavit
511 2867 525 2916 ;
554 2847 852 2920 praasertim
901 2860 1022 2899 cum
1054 2854 1108 2898 et
1157 2840 1284 2895 illud
1334 2843 1566 2904 timeret,
1597 2846 1654 2892 ut
1683 2839 1797 2908 ipse
1834 2837 1910 2891 ait

315 2941 506 3015 (Epist.
542 2957 653 3006 xw,
685 2939 753 2992 ad
784 2936 965 2991 Prcsb.
997 2932 1176 3004 Rom.)
1212 2952 1223 2987 :
1260 2951 1277 2984 ι
1317 2932 1395 2988 Ne
1449 2947 1545 3004 per
1585 2932 1908 2986 inverecun-

310 3035 435 3091 dam
504 3033 848 3104 prmsentiam
901 3037 1141 3083 nostram
1195 3027 1429 3092 seditio,
1469 3042 1589 3096 qua:
1629 3033 1905 3094 coeperat,

308 3134 719 3198 provocaretur.
748 3142 768 3176 ι
794 3122 1031 3179 Secessit
1057 3121 1236 3191 igitur,
1267 3128 1319 3174 et
1353 3117 1536 3186 procul
1567 3116 1634 3170 ab
1659 3117 1792 3172 urbe
1828 3116 1910 3170 la-

2005 1890 2138 1943 tium
2167 1888 2396 1958 populus
2430 1887 2697 1958 impulsus
2725 1897 2829 1952 est,
2862 1901 3010 1941 mors
3048 1887 3275 1940 invicem
3300 1886 3485 1941 lethali
3515 1901 3611 1955 po-

2004 1981 2127 2035 culo
2148 1981 2430 2050 propinata
2455 1987 2558 2034 est.
2610 1978 2689 2035 Ac
2724 1995 2792 2033 ne
2836 1977 2962 2045 quid
3011 1976 3227 2031 deesset
3261 1975 3328 2031 ad
3363 1977 3610 2031 criminis

2005 2075 2299 2134 cumulum,
2332 2073 2558 2126 infantes
2587 2086 2799 2141 quoque
2817 2081 3098 2140 parentum
3114 2068 3365 2124 manibus
3396 2069 3478 2124 vel
3505 2070 3608 2124 im-

2005 2167 2189 2237 positi,
2223 2165 2308 2219 vel
2346 2166 2556 2218 attracti
2590 2167 2885 2218 amiserunt
2924 2163 3132 2232 parvuli
3159 2161 3303 2231 quod
3331 2163 3384 2218 in
3433 2164 3611 2233 primo

2006 2259 2188 2314 statim
2223 2256 2518 2313 nativitatis
2542 2257 2771 2312 exordio
2797 2257 3302 2311 fuerantconsccuti
3338 2275 3353 2310 :
3381 2273 3400 2308 ι
3433 2270 3607 2326 quan-

2010 2361 2119 2407 tum
2153 2365 2346 2417 nempe
2376 2349 2427 2404 in
2459 2359 2740 2419 parentum
2765 2349 2992 2404 arbitrio
3009 2357 3144 2415 erat,
3174 2363 3402 2418 quorum
3425 2350 3614 2419 nequi-

2010 2443 2081 2497 tia
2103 2441 2490 2512 prodebantur.
2522 2441 2696 2497 Fuere
2730 2442 2891 2496 eliam
2931 2457 3126 2513 magno
3157 2457 3404 2505 numero,
3429 2443 3517 2510 qui
3543 2458 3612 2498 ne

2009 2537 2077 2592 ab
2106 2537 2338 2592 ethnicis
2365 2547 2712 2600 vexarentur,
2745 2536 2985 2592 libellum
3019 2552 3046 2588 a
3073 2535 3478 2606 magistratibus
3508 2551 3611 2607 pe-

2010 2631 2165 2686 cunia
2193 2631 2584 2701 impetrarent;
2626 2644 2733 2698 quo
2770 2630 2821 2684 in
2854 2629 3039 2684 libello
3069 2632 3443 2699 pnescriptum
3493 2638 3614 2686 erat

2011 2737 2105 2779 eos
2134 2722 2237 2778 diis
2266 2722 2631 2788 sacriﬁcasse,
2664 2738 2987 2793 quamquam
3023 2738 3206 2776 revera
3238 2738 3267 2775 a
3309 2732 3460 2777 tanto
3484 2737 3608 2778 sce-

2013 2814 2124 2872 lere
2148 2815 2537 2871 abstinuerant.
2565 2816 2601 2868 li
2637 2824 2820 2884 postea
2863 2813 3136 2868 libellatici
3159 2815 3412 2884 appellati
3439 2825 3608 2880 sunt;

2013 2924 2241 2980 quorum
2283 2907 2565 2962 consilium
2615 2917 2670 2962 et
2710 2904 2918 2961 facinus
2975 2906 3212 2962 Ecclesia
3254 2920 3472 2977 seraper
3511 2905 3612 2962 de-

2015 3010 2205 3058 testata
2229 3011 2333 3056 est.

2087 3116 2174 3171 ιγ.
2211 3115 2336 3170 l-ltcc
2368 3115 2546 3171 omnia
2593 3114 2660 3170 ad
2701 3112 3032 3186 Cyprianum
3066 3114 3117 3167 in
3151 3126 3367 3168 secessu
3394 3111 3490 3168 illo
3514 3125 3613 3167 suo

313 3187 479 3272 litans
513 3215 740 3270 furentis
767 3214 947 3284 populi
982 3187 1235 3282 impetum
1272 3209 1582 3265 declinavit.
1613 3208 1907 3263 Vcrumex
1935 3187 1980 3250 C
2013 3207 2130 3262 dics
2153 3216 2447 3278 noctesque
2471 3208 2580 3261 Deo
2603 3205 3086 3276 supplicantem,ct
3107 3203 3614 3274 ntoeroreluctuque

310 3310 446 3380 ipsis
491 3309 710 3364 latebris
758 3306 1017 3362 Ecclesiae
1047 3321 1159 3360 suae
1203 3303 1433 3375 quodam
1479 3303 1640 3358 modo
1670 3318 1909 3373 praesens

311 3400 616 3467 imminere,
646 3414 708 3454 ac
735 3396 1025 3468 pontiﬁcali
1071 3411 1302 3451 munere
1324 3395 1735 3466 diligentiSsime
1761 3393 1911 3466 fungi

312 3495 635 3551 videbatur:
672 3493 808 3549 adeo
848 3491 982 3547 nihil
1027 3491 1102 3546 illi
1151 3491 1414 3560 ignotum,
1463 3490 1598 3544 nihil
1654 3489 1910 3544 interclu-

313 3603 430 3645 sum
477 3598 610 3642 erat.
662 3587 794 3655 Qua:
838 3595 1020 3640 autem
1076 3585 1193 3654 ejus
1241 3599 1386 3638 cura:
1443 3592 1552 3636 tum
1605 3582 1824 3648 fuerint,
1854 3591 1915 3638 ut

313 3696 501 3736 omnes
534 3680 697 3736 ofﬁcii
741 3680 823 3733 sui
879 3687 1058 3748 partes
1103 3675 1426 3746 expleverit,
1460 3690 1527 3730 ex
1585 3674 1775 3728 eodem
1801 3673 1908 3745 Cy-

315 3781 504 3851 priauo
545 3780 812 3842 novimus,
865 3777 1006 3845 quod
1057 3783 1242 3844 pOslea
1291 3771 1432 3841 apud
1477 3772 1826 3841 presbyteros
1855 3778 1911 3825 et

315 3873 605 3939 diaconos,
661 3871 748 3941 qui
799 3886 826 3922 a
859 3867 1078 3923 Fabiani
1133 3873 1304 3919 morte
1355 3863 1649 3918 Ecclesiam
1707 3861 1910 3916 Roma-

315 3982 435 4021 nam
483 3965 769 4034 regebant,
819 3977 1044 4031 purgare
1094 3975 1152 4014 se
1197 3957 1444 4012 debuerit
1483 3955 1742 4009 adversus
1795 3969 1913 4019 eos,

315 4059 403 4128 qui
455 4057 812 4113 secessionem
866 4054 1008 4107 illam
1055 4051 1249 4106 litteris
1311 4049 1536 4103 Romam
1603 4047 1783 4101 missis
1826 4046 1920 4099 im-

315 4152 691 4225 probaverunt.
746 4168 763 4199 i
792 4149 1000 4203 Absens
1043 4154 1244 4208 tamen,
1273 4143 1442 4211 inquit
1500 4139 1752 4212 (ibidem),
1793 4154 1918 4194 cor-

320 4260 472 4317 pore,
506 4258 602 4297 nec
647 4241 860 4312 spiritu,
888 4253 987 4294 nec
1016 4245 1159 4301 actu,
1189 4250 1288 4289 nec
1332 4232 1550 4288 monitis
1580 4233 1713 4286 meis
1739 4229 1911 4297 defui,

319 4336 609 4408 quominus
664 4331 959 4388 secundum
1001 4327 1213 4384 Domini
1239 4336 1508 4398 pra'cepla
1536 4323 1794 4379 fratribus
1819 4337 1918 4378 no-

320 4433 473 4499 stris,
510 4433 560 4485 iu
611 4431 802 4501 quibus
841 4443 1080 4500 possem,
1116 4440 1234 4479 mea
1267 4421 1643 4478 mediocritate
1670 4419 1920 4474 consule-

320 4541 461 4583 rem.
514 4525 575 4579 Et
630 4523 754 4594 quid
800 4520 1002 4590 egerim
1035 4520 1324 4589 loquuntur
1350 4515 1504 4570 vobis
1553 4513 1798 4583 epistolae
1824 4527 1921 4581 pro

324 4615 660 4690 temporibus
703 4616 915 4670 emissa:
970 4627 1197 4667 numero
1248 4608 1692 4677 tredecim,quas
1734 4604 1799 4660 ad
1829 4619 1924 4658 vos

327 4710 630 4765 transmissi
664 4727 675 4760 :
709 4709 761 4762 in
793 4706 990 4777 quibus
1021 4719 1124 4760 nec
1161 4703 1311 4757 clero
1335 4700 1644 4764 consilium,
1677 4714 1775 4753 nec
1798 4713 1928 4753 con-

326 4802 625 4859 fessoribus
655 4801 982 4864 exhortatio,
1011 4813 1108 4852 nec
1154 4795 1484 4860 extorribus,
1517 4793 1742 4866 quando
1767 4807 1926 4863 Opor—

332 4896 452 4962 tuit,
496 4894 818 4964 objurgatio,
874 4906 974 4946 nec
1033 4890 1299 4943 universa:
1339 4885 1691 4940 fraternitatis
1732 4885 1798 4938 ad
1827 4884 1926 4938 de-

331 4989 656 5062 precandam
687 4987 777 5042 Dei
807 4981 1236 5039 misericordiam
1266 4979 1524 5033 allocutio
1554 4987 1609 5033 et
1648 4976 1927 5046 persuasio

334 5093 516 5139 nostra
544 5081 733 5147 defuit,
767 5088 1029 5149 quantum
1079 5071 1374 5130 secundum
1402 5073 1574 5140 legem
1626 5069 1750 5124 ﬁdei
1776 5077 1830 5123 et
1858 5067 1929 5122 ti-

335 5190 546 5230 morem
578 5173 696 5238 Dei,
724 5169 955 5227 Domino
995 5173 1341 5239 suggerente,
1363 5172 1550 5219 nostra
1589 5160 1932 5217 mediocritas

335 5270 510 5341 potuit
539 5266 691 5324 eniti.
724 5285 743 5319 ι

408 5371 496 5427 ΠΙ.
556 5372 731 5437 Atque
776 5369 893 5424 luce
942 5366 1159 5438 quidem
1209 5363 1388 5419 omnia
1415 5361 1605 5418 sedulo
1634 5357 1937 5432 Cyprianus

341 5467 650 5540 przrstabat,
678 5465 872 5536 quibus
900 5461 1050 5516 multi
1082 5460 1293 5514 animos
1320 5462 1687 5526 sumpserunt,
1720 5452 1938 5522 vitaque

343 5568 680 5631 contempta,
711 5573 811 5628 pro
839 5555 1052 5612 coelesti
1087 5552 1310 5624 praemio
1339 5551 1550 5605 fortiter
1573 5548 1940 5602 derertarunt.

344 5652 451 5708 Sed
510 5653 708 5706 multos
746 5650 908 5704 etiam
951 5648 1034 5702 vel
1092 5645 1296 5714 primus
1345 5643 1435 5697 ille
1490 5637 1711 5696 Deciani
1746 5636 1940 5692 furoris

348 5753 524 5804 terror
565 5743 872 5816 prostravit.
905 5740 962 5796 Id
1014 5737 1317 5813 Cyprianus
1358 5736 1474 5806 ipse
1518 5748 1628 5788 non
1683 5728 1942 5786 difﬁtelur

351 5839 498 5893 in‘en
528 5837 685 5894 libro.
719 5851 874 5906 quem
925 5847 1052 5904 pare
1080 5830 1288 5886 ﬁrmata
1326 5847 1344 5879 ‹
1381 5827 1446 5884 de
1477 5825 1668 5897 Lapsis
1699 5821 1939 5895 seripsit.

2015 3301 2385 3356 tabescentem
2422 3319 2435 3354 :
2463 3299 2770 3368 frequentes
2798 3299 3234 3368 presbyterorum
3267 3296 3459 3352 litterae
3491 3310 3615 3365 per-

2014 3393 2279 3457 ferebant,
2310 3409 2445 3462 quos
2501 3393 2592 3448 ille
2621 3393 2899 3460 custodes,
2961 3391 3325 3462 praesidesque
3369 3390 3616 3446 ecclesia:

2016 3487 2327 3557 reliquerat.
2358 3485 2464 3540 Sed
2496 3485 2665 3541 bonos
2698 3486 2860 3540 etiam
2900 3494 3063 3555 atque
3107 3493 3388 3553 exoptatus
3416 3482 3613 3539 identi-

2016 3579 2138 3634 dem
2164 3579 2372 3648 accepit
2403 3578 2710 3644 nuntios,in
2729 3589 2916 3632 sancta
2945 3577 3033 3631 illa
3055 3575 3364 3632 defectione
3388 3591 3486 3631 nec
3506 3576 3617 3630 for-

2019 3681 2100 3727 tes
2127 3672 2487 3736 confessores,
2519 3685 2619 3725 nec
2663 3670 2896 3724 invictos
2925 3677 3192 3738 martyres
3233 3665 3488 3722 defuisse.
3517 3665 3615 3722 Vix

2018 3781 2149 3820 sane
2177 3769 2227 3819 in
2256 3763 2595 3818 Christianos
2627 3763 2823 3833 inquiri
2865 3762 3186 3830 Carthagine
3215 3771 3454 3832 coeptum
3501 3763 3618 3819 fue-

2022 3871 2124 3924 rat,
2157 3874 2278 3913 cum
2311 3855 2641 3926 Rogatianus
2669 3855 2956 3925 presbyter
2984 3864 3038 3908 et
3068 3852 3436 3909 Felicissimus
3462 3869 3617 3910 com-

2027 3951 2300 4023 prehensi,
2330 3961 2492 4020 atque
2517 3950 2586 4002 ob
2617 3947 2934 4018 praeclaram
2983 3945 3380 4000 confessionem
3421 3947 3473 4000 in
3500 3947 3620 4002 vin-

2024 4048 2142 4103 cula
2175 4047 2316 4101 ducti
2345 4053 2491 4098 sunt.
2521 4043 2614 4099 His
2653 4044 2812 4114 paulo
2844 4051 2965 4112 post
3011 4041 3102 4095 alii
3153 4055 3454 4104 accessere,
3478 4054 3618 4110 quos

2025 4144 2164 4196 inter
2189 4151 2243 4194 et
2299 4139 2510 4193 feminze
2555 4136 2801 4207 quaedam
2852 4145 2904 4189 et
2949 4133 3102 4206 pueri
3151 4133 3354 4204 aliquot
3397 4131 3622 4187 inveniti

2024 4246 2171 4300 sunt,
2205 4234 2399 4304 quibus
2443 4241 2552 4285 tum
2585 4230 2886 4302 Cyprianus
2924 4243 3022 4298 per
3059 4227 3339 4298 epistolam
3387 4224 3624 4296 gratula-

2027 4340 2110 4384 tus
2132 4325 2325 4397 (Epist.
2357 4331 2546 4391 LXXXI)
2573 4332 2760 4377 auctor
2790 4336 3002 4391 quoque
3033 4320 3149 4386 fuit,
3177 4326 3237 4373 ut
3265 4316 3650 4388 Rogatianum'

2025 4431 2080 4477 et
2131 4418 2522 4474 Felicissimum
2561 4416 2614 4470 in
2663 4413 2914 4469 omnibus
2983 4418 3358 4482 sequerentur.
3415 4407 3625 4462 Interea

2025 4514 2406 4584 Carthaginem
2456 4509 2690 4565 redierat
2760 4505 3046 4577 proconsul
3102 4501 3518 4557 Fortunatianus
3567 4507 3625 4554 et

2030 4606 2365 4663 Christianos
2407 4603 2473 4657 ad
2507 4600 2735 4656 tribunal
2785 4599 2939 4653 citari
2974 4599 3232 4665 jusserat.
3282 4593 3623 4649 Ducebantur

2031 4714 2227 4770 magno
2255 4710 2500 4760 numero,
2535 4694 2626 4765 qui
2656 4704 2714 4748 ut
2739 4705 2920 4746 coram
2951 4698 3170 4751 stetere,
3202 4687 3418 4742 excelso
3443 4686 3629 4740 animo

2033 4791 2371 4848 Christianos
2401 4803 2460 4841 se
2483 4800 2605 4841 esse
2636 4783 2860 4856 professi
2888 4790 3015 4836 sunt
3043 4798 3058 4845 ;
3086 4779 3282 4836 exinde
3309 4779 3399 4834 alii
3431 4779 3482 4833 in
3508 4792 3628 4833 car-

2033 4899 2211 4940 cerem
2257 4879 2486 4944 reducti,
2526 4879 2614 4933 ubi
2645 4876 2968 4932 sententiam
2997 4873 3196 4943 judicis
3225 4872 3626 4942 opperirentur,

2031 4993 2192 5049 quam
2219 4974 2434 5046 plurimi
2463 4972 2628 5028 exilio
2641 4971 2900 5030 mulctati,
2919 4977 2973 5022 et
2995 4967 3167 5021 solum
3185 4963 3540 5036 verterejussi
3565 4978 3632 5019 :e

2034 5071 2228 5141 quibus
2249 5066 2526 5136 sexaginta
2555 5060 2792 5134 quinque
2829 5061 3056 5116 Roma’m
3089 5067 3470 5130 pervenerunt,
3496 5070 3633 5128 quos

2034 5162 2318 5217 Celerinus
2342 5156 2540 5228 (Epist.
2570 5172 2638 5211 xx
2663 5157 2794 5209 inter
2825 5151 3010 5223 Cypr.)
3042 5166 3070 5204 a
3098 5148 3335 5205 Candida
3359 5157 3414 5203 et
3435 5145 3634 5202 Nume-

2038 5257 2118 5312 ria
2168 5251 2450 5310 sororibus
2480 5249 2719 5321 hosmtio
2762 5248 2947 5300 Romae
2975 5253 3227 5314 acceptos
3277 5241 3484 5305 scribit,
3514 5254 3636 5310 quas

2048 5359 2104 5405 et
2146 5346 2211 5403 ad
2241 5353 2454 5417 portum
2493 5341 2797 5398 Ostiensem
2829 5337 3043 5392 obviam
3068 5347 3371 5406 progressa:
3402 5331 3638 5397 fuerant,

2041 5450 2100 5496 ut
2151 5455 2246 5495 eos
2295 5439 2346 5491 in
2401 5437 2590 5490 urbem
2640 5431 2986 5488 deducerent.
3042 5428 3099 5482 lu
3143 5427 3360 5483 exulum
3413 5437 3640 5479 numero

2043 5534 2142 5589 fuit
2164 5543 2219 5587 et
2258 5528 2509 5585 Aurelius
2540 5528 2629 5582 ille
2656 5523 2975 5580 adolescens
3003 5535 3162 5590 quem
3201 5525 3384 5588 postea
3411 5513 3642 5587 Cypria-

2045 5641 2148 5681 nus
2199 5623 2268 5677 ob
2303 5621 2498 5677 merita
2542 5617 2659 5688 ejus
2699 5615 2956 5669 lectorem
3004 5611 3129 5666 fecit
3171 5609 3368 5678 (Epist.
3399 5603 3644 5676 xxxtlt):

2048 5719 2174 5773 item
2227 5715 2433 5771 Statius
2480 5720 2537 5767 et
2599 5708 2921 5766 Severianus
2972 5720 3001 5759 a
3055 5702 3308 5760 Cclerino
3366 5697 3661 5758 memorati

2055 5810 2304 5882 (Ibidem,
2335 5811 2508 5886 Epist.
2549 5804 2692 5876 χι),
2725 5817 2952 5880 quorum
2993 5800 3198 5873 primus
3225 5811 3295 5858 ex
3355 5791 3676 5859 conlessore
