4116 6258
532 291 558 344 ‘I
570 286 673 342 6‘27

1753 265 2117 325 MORGELLI.
2160 295 2229 307 —
2269 264 2587 322 ANNRLE'S

3714 244 3859 319 {4'28

529 404 736 467 martyr
758 392 965 477 ~Romae
1011 386 1248 443 creditur
1292 384 1494 441 obiisse
1548 380 1777 453 (Pamel.
1832 380 1887 432 in
1925 376 2080 448 Cypr.
2112 416 2125 441 ,
2158 378 2206 440 Α
2235 375 2505 477 pellautes
2537 375 2731 449 (Epist.
2758 376 2812 475 ξ’»,
2840 375 2971 477 inter
3005 374 3192 477 Cypr.)
3215 373 3859 477 SimuiautemCypria-

531 506 589 562 ρ.
610 482 724 559 46).
748 472 1107 538 Numerantur
1118 492 1240 533 cum
1262 477 1343 530 his
1364 484 1418 531 et
1438 472 1591 528 Felix
1617 473 1919 543 presbyter,
1940 479 1993 524 et
2014 482 2136 562 quae

529 560 671 636 uxor
714 577 830 646 ejus
873 572 1077 636 fuerat,
1108 568 1362 635 Victoria,
1394 576 1449 622 ct
1490 565 1690 621 Lucius
1733 583 1746 620 :
1779 563 1872 634 qui
1917 560 2137 633 quidem

533 672 711 743 primo
761 667 815 720 in
864 662 1117 719 conflictu
1147 661 1376 730 turpiter
1405 657 1836 718 succubuerant;
1885 653 1980 710 sed
2012 669 2137 708 mox

534 760 831 816 admissum
864 754 1043 809 scelus
1070 752 1424 816 detestantes,
1442 764 1564 805 cum
1592 745 2139 816 rursuminterrogati

534 860 741 916 essent,
770 864 829 903 se
855 846 1036 902 Iesum
1066 843 1341 899 Christum
1387 842 1556 897 Deum
1594 854 1891 912 agnoscere
1935 846 1987 892 et
2012 837 2142 892 ado-

534 960 661 1000 rare
709 937 1125 1011 responderunt,
1155 946 1209 990 et
1236 950 1302 990 eo
1330 934 1550 989 nomine
1577 916 1735 991 bonis
1771 931 1984 1003 spoliati
2008 940 2061 986 et
2090 931 2141 984 in

541 1036 761 1093 exilium
789 1031 893 1088 acti
940 1038 1063 1085 sunt
1091 1046 1104 1083 :
1139 1045 1275 1100 quos
1308 1036 1593 1099 propterea
1615 1024 1903 1082 Caldonius
1933 1025 2143 1096 episco-

540 1143 662 1200 pus,
692 1125 781 1198 qni
804 1132 858 1180 et
884 1121 999 1193 ipse
1026 1137 1142 1176 rem
1177 1121 1527 1175 christianatn
1553 1135 1675 1173 cum
1704 1116 1960 1190 Cypriani
1993 1133 2145 1188 pres-

542 1218 749 1293 byteris
774 1216 1100 1285 Carthagine
1126 1213 1368 1279 curabat,
1386 1213 1437 1267 in
1452 1211 1890 1268 communionem
1916 1212 2142 1282 recepit,

446 1318 465 1328 '
545 1323 602 1370 et
650 1311 955 1385 Cyprianus
995 1308 1190 1363 ttterito
1242 1316 1490 1377 receptos
1540 1306 1906 1377 pronuntiarit
1950 1304 2141 1377 (Epist.

547 1422 684 1463 xvnt
712 1413 766 1459 et
813 1401 954 1473 ιιιχ).
996 1400 1203 1456 Accidit
1232 1399 1415 1466 etiam,
1448 1398 1722 1453 utmulier
1748 1396 2016 1468 quaedam,
2055 1412 2153 1451 no-

546 1499 697 1554 mine
727 1494 898 1561 Bona,
925 1493 993 1549 ab
1024 1494 1143 1565 ipso
1170 1491 1367 1546 marito
1412 1491 1818 1563 pertralteretur
1846 1489 1913 1545 ad
1944 1488 2151 1544 sacriﬁ-

546 1590 781 1646 candum
805 1604 819 1643 :
848 1602 991 1659 quae,
1023 1587 1149 1641 dum
1178 1601 1369 1641 manus
1398 1584 1516 1655 ejus
1542 1584 1611 1639 ab
1642 1584 1728 1650 iis,
1761 1585 1849 1654 qui
1875 1583 2153 1639 sacriﬁca-

547 1684 711 1748 bant,
769 1689 1081 1735 tenerentur
1112 1719 1126 1744 ,
1187 1676 1508 1733 exclamavit
1556 1684 1743 1747 aperte
1794 1673 2047 1745 (Cutdon.
2100 1674 2154 1728 in

2241 481 2342 521 nus
2370 475 2422 521 et
2455 465 2598 522 diem
2620 465 2928 536 consignari
2960 465 3160 532 voluit,
3182 481 3291 536 quo
3313 466 3543 539 quisque
3586 480 3855 522 coronam

2240 559 2487 615 tulisset:
2539 574 2864 630 quamquam
2911 556 3142 614 habebat
3186 557 3275 613 ille
3324 556 3696 629 Carthagine,
3762 561 3857 629 qui

2245 666 2368 706 eum
2408 649 2477 706 de
2509 649 2846 721 quotidianis
2887 650 3051 705 rebus
3080 650 3371 706 certiorem
3437 651 3638 708 faceret
3691 669 3715 703 ι
3752 653 3861 709 De-

2250 760 2268 794 ι
2317 743 2477 825 nique
2501 783 2515 806 ,
2560 743 2754 813 inquit,
2808 751 2864 797 et
2909 743 3030 798 dies
3056 757 3244 798 eorum
3270 786 3285 810 ,
3315 743 3510 815 quibus
3538 746 3857 811 excedunt,

2250 852 2268 885 ι
2318 834 2593 902 adnotate,
2626 843 2683 890 ut
2722 836 3271 890 commemorationes
3310 851 3500 892 eorum
3552 838 3688 894 inter
3732 855 3858 894 mc-

2253 947 2272 979 ι
2320 929 2519 984 morias
2548 938 2849 999 martyrum
2888 929 3170 985 celebrare
3214 930 3504 1000 possimus.
3551 930 3860 1002 Qamquim

2254 1038 2272 1071 ι
2321 1019 2597 1075 Tertullus
2626 1019 2976 1076 ﬁdelissimus
2993 1032 3045 1077 et
3064 1021 3451 1077 devotiSsintns
3478 1022 3646 1078 frater
3672 1034 3859 1080 noster

2255 1132 2274 1164 ι
2321 1127 2419 1184 pro
2446 1123 2642 1169 caetera
2685 1113 3049 1170 sollicitudine
3072 1125 3128 1172 et
3152 1131 3277 1171 cura
3320 1130 3435 1183 sua,
3484 1132 3652 1187 quam
3684 1118 3858 1171 fratri-

2255 1223 2275 1257 ‹
2322 1206 2422 1261 bus
2474 1206 2527 1260 in
2578 1206 2725 1260 omni
2766 1206 3029 1277 obsequio
3073 1208 3410 1278 operationis
3457 1208 3861 1279 impertit,-qai

2258 1319 2278 1352 ι
2325 1316 2423 1355 nec
2470 1301 2580 1356 illic
2636 1300 2777 1355 circa
2806 1317 2990 1357 curam
3016 1317 3307 1369 corporum
3344 1301 3524 1369 deest,
3581 1305 3864 1373 scripserit

2258 1414 2279 1447 ι
2326 1403 2379 1448 et
2404 1394 2606 1448 scribat
2633 1408 2697 1449 ac
2729 1393 2998 1465 signiﬁcet
3018 1394 3150 1449 mihi
3176 1394 3313 1459 dies,
3339 1396 3536 1465 quibus
3561 1397 3616 1451 in
3643 1412 3865 1453 carcere

2261 1507 2280 1539 ι
2333 1466 2475 1542 beati
2526 1485 2726 1542 fratres
2773 1488 2941 1542 nostri
2997 1487 3064 1544 ad
3112 1488 3573 1544 immortalitatem
3611 1490 3865 1560 gloriosa:

2264 1598 2282 1630 ι
2330 1578 2520 1634 mortis
2548 1579 2695 1635 exitu
2723 1587 3023 1646 transeunt,
3072 1591 3128 1635 et
3157 1579 3499 1635 celebrentur
3530 1581 3620 1636 hic
3651 1597 3684 1635 a
3717 1582 3868 1637 nobis

2267 1690 2286 1723 ι
2333 1670 2637 1727 oblationes
2659 1680 2709 1753 et
2730 1669 2992 1747 sacriﬁcia
3014 1670 3084 1725 ub
3104 1672 3657 1728 eommemorationes
3680 1690 3871 1729 eorum

550 1775 725 1847 Epist.
773 1788 902 1827 xvnt
943 1771 1076 1824 inter
1124 1767 1305 1840 Cypr.)
1340 1785 1353 1821 :
1388 1788 1407 1821 ε
1441 1767 1557 1822 Non
1604 1768 1738 1834 feci,
1769 1782 1863 1822 vos
1900 1765 2146 1831 fecistis;
2181 1771 2230 1832 Β
2264 1780 2284 1815 ‹
2331 1778 2451 1834 qua:
2477 1764 2585 1818 cito
2613 1762 2913 1831 vobiscum,
2947 1762 3174 1818 Domino
3206 1772 3537 1835 protegente,
3557 1766 3872 1821 celebrabi~

552 1869 735 1938 itaque
762 1872 818 1920 et
845 1865 957 1934 ipsa
979 1861 1213 1918 extorris
1241 1861 1376 1916 facta
1405 1872 1507 1916 est.
1862 1926 1867 1931 _

631 1956 695 2010 V.
737 1953 1009 2009 Hactenus
1055 1955 1319 2007 bonorum
1379 1950 1717 2022 direptione,
1766 1949 1984 2015 exiliis,
2041 1948 2159 2004 vitt-

557 2046 725 2113 culis,
764 2054 819 2100 et
863 2043 1177 2099 carceribus
1231 2044 1283 2096 in
1331 2040 1671 2097 Christianos
1727 2041 1976 2096 saevitum
2017 2052 2154 2096 erat.

558 2139 732 2211 Aprili
768 2153 953 2193 mense
983 2146 1273 2203 tormenta,
1309 2135 1508 2201 etedes,
1542 2136 1829 2207 martyrias
1854 2146 2155 2205 creperum.

559 2234 637 2288 Ac
665 2230 893 2303 primus,
924 2242 980 2284 ut
1010 2229 1221 2284 videtur
1245 2271 1260 2293 ,
1296 2228 1627 2298 Mappalicus
1668 2226 1908 2282 lauream
1935 2227 2161 2298 adeptus

559 2336 666 2393 est,
695 2338 763 2379 xv
790 2318 899 2381 kal,
932 2321 1123 2389 maias,
1153 2324 1307 2390 cujus
1337 2334 1534 2374 nomen
1566 2320 1736 2374 sacris
1767 2319 1943 2373 adhuc
1995 2318 2047 2375 in
2083 2319 2161 2373 fa-

559 2419 663 2474 stis
690 2416 1031 2473 celebratur:
1064 2414 1133 2470 de
1173 2430 1280 2484 quo
1322 2415 1485 2469 etiam
1509 2411 1813 2484 Cyprianus
1841 2414 1893 2467 in
1923 2412 2164 2484 Epistula

565 2507 764 2583 (Epist.
805 2504 902 2578 8),
956 2506 1023 2560 ad
1099 2513 1364 2577 martyres
1414 2516 1469 2560 et
1530 2506 1904 2569 confessores,
1965 2522 1984 2556 ι
2029 2504 2162 2570 Vox,

569 2618 591 2653 ι
638 2598 832 2671 inquit,
868 2597 1024 2669 plena
1071 2595 1278 2668 Spiritu
1306 2606 1494 2651 sancto
1523 2597 1590 2651 de
1634 2595 1887 2667 martyris
1916 2611 2013 2652 ore
2044 2608 2166 2666 pro-

569 2714 589 2746 ι
636 2694 780 2765 rupit
805 2708 928 2747 cum
955 2690 1283 2762 Mappalicus
1335 2690 1681 2745 beatissimus
1728 2688 1867 2745 inter
1893 2689 2169 2745 cruciatus

572 2807 592 2839 ι
638 2803 767 2843 suos
795 2784 1104 2857 proconsuli
1138 2785 1344 2839 diceret
1378 2800 1390 2838 :
1418 2770 1640 2839 Videbis
1666 2799 1787 2839 cras
1812 2798 2039 2854 agonem
2067 2825 2081 2848 ,
2116 2795 2172 2839 et

574 2898 593 2931 ι
641 2878 785 2950 quod
826 2878 916 2933 ille
951 2892 1073 2932 eum
1103 2878 1316 2931 virtutis
1346 2892 1410 2931 ac
1467 2876 1593 2932 ﬁdei
1636 2877 1947 2932 testimonio
1995 2877 2168 2943 dixit,

575 2992 593 3023 ι
646 2968 906 3027 Dominus
936 2970 1198 3041 implevit.
1225 2972 1376 3040 Agon
1405 2971 1645 3026 etelestis
1668 2969 1964 3036 exhibitas,
1997 2980 2050 3024 et
2079 2966 2170 3026 Dei

577 3085 595 3117 ι
645 3080 837 3121 servus
869 3065 921 3118 in
984 3066 1171 3134 agonis
1227 3064 1480 3133 promissi
1527 3063 1826 3118 certamine
1884 3074 2174 3118 coronatus

2267 1875 2287 1909 ί
2336 1871 2477 1911 ntus.
2519 1875 2537 1908 ι

2338 1947 2424 2003 VI.
2468 1947 2616 2004 Alios
2648 1947 2749 2004 hoc
2783 1964 2925 2005 anno
2968 1959 3234 2021 martyres
3263 1950 3407 2005 ccelo
3437 1949 3741 2006 submissos
3766 1951 3862 2007 de-

2267 2038 2437 2096 clarat
2468 2032 2721 2112 Cypriani
2747 2043 2972 2112 epistola
2998 2043 3102 2097 alia
3129 2043 3197 2097 ad
3237 2043 3447 2098 clerum
3472 2042 3862 2115 Carthagine»-

2269 2149 2415 2198 sem,
2450 2149 2554 2204 qua
2583 2133 2921 2189 Numidicum
2951 2135 3321 2192 confessorem
3349 2137 3404 2191 in
3433 2139 3856 2209 presbyterorum

2270 2225 2796 2298 Carthaginiensium
2820 2227 3127 2298 collegium
3156 2244 3186 2283 a
3215 2244 3276 2285 se
3305 2239 3630 2299 coeptatam
3666 2231 3860 2301 signiﬁo

2271 2318 2431 2375 cavit.
2471 2337 2488 2371 ι
2526 2319 2683 2386 Nam,
2709 2320 2880 2389 inquit
2909 2318 3106 2392 (Epist.
3133 2320 3224 2376 25.
3274 2338 3321 2374 υ.
3358 2320 3500 2375 Bolt.
3538 2332 3578 2374 t.
3615 2336 3651 2376 ιι
3678 2363 3695 2389 ,
3744 2324 3871 2394 Aug.

2278 2433 2298 2465 ι
2347 2431 2399 2485 ρ.
2425 2414 2521 2468 ill
2536 2423 2578 2482 j,
2608 2412 2914 2468 admonitos
2953 2428 3051 2467 nos
3076 2421 3133 2469 et
3161 2412 3457 2470 instructos
3481 2416 3675 2472 sciatis
3700 2416 3877 2486 digna-

2284 2525 2302 2558 ι
2357 2506 2501 2562 tione
2528 2505 2733 2571 divina,
2784 2514 2842 2559 ut
2883 2504 3193 2561 Numidicus
3232 2507 3517 2579 presbyter
3544 2509 3879 2565 adscribatur

2282 2616 2299 2650 ι
2348 2598 2784 2671 presbyterorum
2804 2598 3324 2669 Carthaginiensium
3354 2616 3610 2669 numero,
3629 2615 3683 2657 ct
3709 2603 3880 2658 nobis-

2282 2711 2299 2742 ι
2347 2707 2469 2747 cum
2517 2692 2703 2747 sedeat
2739 2691 2793 2745 in
2826 2691 3005 2755 clero,
3055 2691 3170 2746 luce
3200 2692 3499 2748 clarissima
3528 2698 3882 2751 confessionis

2284 2806 2302 2839 ι
2353 2782 2606 2850 illustris,
2635 2793 2689 2837 et
2718 2782 2929 2837 virtutis
2955 2798 3017 2837 ac
3045 2782 3169 2839 fidei
3208 2783 3420 2839 honore
3449 2786 3743 2848 sublimis;
3770 2790 3879 2859 qui,

2246 2920 2255 2927 .
2287 2893 2304 2926 ι
2353 2875 2568 2950 hortatu
2597 2892 2716 2938 suo,
2736 2875 3016 2946 copiosum
3054 2884 3352 2946 martyrum
3377 2894 3672 2933 numerum
3692 2879 3885 2950 lapidi-

2288 2988 2305 3019 ι
2356 2948 2453 3022 bus
2508 2978 2563 3023 et
2620 2966 2851 3021 ﬁnitimis
2891 2975 3140 3022 necatum
3181 2977 3307 3023 ante
3360 2983 3421 3024 se
3472 2971 3653 3035 tnisit,
3685 2948 3887 3040 quique

2286 3082 2304 3115 ι
2353 3079 2575 3118 uxorem
2604 3058 2969 3117 adhaerentem
2999 3061 3151 3116 lateri
3174 3076 3272 3116 suo
3299 3073 3693 3117 concrematam
3715 3064 3889 3119 simul

578 3170 596 3205 ι
645 3160 747 3209 est.
797 3170 816 3205 ι
875 3153 930 3207 In
979 3154 1095 3222 ipsa
1150 3156 1294 3207 enim
1359 3152 1659 3222 quaestione
1711 3151 2039 3208 fortissimus
2088 3155 2248 3224 illeC
2288 3175 2306 3207 ι
2355 3154 2753 3235 cutttcmteris,
2795 3165 3173 3210 conservntam
3211 3155 3382 3225 magis
3428 3155 3689 3222 dixerim,
3730 3156 3891 3211 Iactus

572 3246 775 3319 Martyr
805 3247 1089 3316 expiravit,
1108 3242 1329 3300 Luciani
1361 3245 1691 3299 confessoris
1716 3245 2046 3312 testimonio,
2085 3247 2175 3314 qui

574 3340 641 3395 de
695 3338 856 3409 Itujus
886 3346 942 3395 et
979 3347 1301 3393 caeterorutn
1336 3336 1625 3408 Martyrum
1654 3336 1798 3391 exitu
1829 3336 2055 3391 Romam
2108 3337 2174 3393 ad

572 3428 877 3483 Celerinum
921 3428 1135 3497 scripsit
1180 3427 1374 3499 (Epist.
1410 3424 1501 3481 ‘21.
1532 3425 1697 3481 Inter.
1751 3426 1959 3499 Cypr.).
2009 3429 2176 3485 Porro

574 3521 856 3590 Mappalici
886 3520 1015 3574 socii
1046 3514 1194 3575 fuere
1244 3518 1477 3585 Paulus,
1513 3530 1635 3589 post
1680 3529 1948 3576 tormenta
1995 3526 2175 3583 statim

577 3611 870 3681 extinctus,
916 3610 1113 3667 Bassus
1142 3612 1384 3666 innervo
1414 3610 1529 3667 sive
1581 3611 1803 3682 pedario
1849 3612 1993 3683 ligno
2047 3618 2177 3669 exa-

575 3705 830 3771 nimatus,
885 3705 1119 3774 itemque
1148 3692 1438 3770 Fortuhio,
1473 3704 1751 3775 postquam
1813 3702 1864 3759 in
1905 3722 2180 3762 carcerem

576 3792 831 3853 reddetus
851 3806 935 3853 est
959 3815 972 3851 :
1003 3806 1262 3867 praeterea
1283 3794 1598 3865 Fortunata,
1632 3788 1957 3867 Vieto'rinus,
1974 3797 2179 3869 Victor,

578 3888 909 3955 llerennius,
942 3870 1199 3953 Credula,
1228 3884 1463 3953 lleren'a,
1498 3878 1758 3956 DonatUs,
1792 3882 2026 3958 Firmus,
2079 3890 2185 3946 Ve-

578 3990 791 4052 nustus,
823 3983 1073 4050 Fructus,
1105 3980 1270 4047 Julia,
1303 3980 1585 4052 Martialis,
1618 3983 1822 4051 Aristo,
1865 3984 1955 4054 qui
1993 3996 2184 4040 omnes

582 4079 637 4133 in
666 4090 887 4133 carcere
919 4076 1061 4131 fame
1090 4077 1265 4132 necati
1293 4088 1438 4132 sunt.
1470 4072 1675 4131 Horum
1706 4077 1949 4133 continet
1992 4079 2180 4135 laudes

590 4169 845 4240 Cypriani
887 4168 1129 4239 Epistula
1154 4167 1348 4241 (Epist.
1382 4168 1462 4241 8),
1488 4170 1553 4224 ad
1586 4179 1851 4241 martyres
1881 4179 1935 4226 et
1964 4172 2179 4227 confes-

583 4279 760 4331 seres.
788 4264 878 4336 qui
896 4264 1056 4319 etiam
1079 4271 1188 4318 tum
1213 4264 1529 4333 superstites
1563 4272 1745 4334 parem
1778 4264 1938 4320 ﬁnem
1959 4280 2184 4337 exspec«

585 4358 793 4413 tabant.
829 4374 848 4410 ι
894 4356 1126 4411 Probata
1161 4369 1269 4421 res,
1304 4355 1498 4426 inquit,
1539 4364 1622 4410 est
1639 4352 1936 4412 certamine
1960 4356 2183 4413 fratrum

594 4468 615 4504 ι
658 4448 920 4522 glorioso,
965 4448 1054 4519 qui
1097 4447 1164 4503 ad
1190 4458 1457 4503 tormenta
1494 4448 1755 4503 vincenda
1786 4452 1999 4506 caeteris
2021 4449 2187 4506 duces

594 4562 615 4596 ι
662 4544 788 4600 facti
811 4543 1120 4614 exemplum
1157 4540 1370 4597 virtutis
1400 4559 1463 4597 ac
1492 4541 1617 4597 ﬁdei
1641 4545 2012 4612 praebuerunt,
2053 4534 2184 4599 eoii-

594 4655 615 4688 ι
661 4636 831 4705 gressi
861 4636 912 4689 in
938 4638 1075 4701 acie,
1107 4633 1282 4689 donec
1302 4635 1447 4689 acies
1474 4637 1850 4690 succumberet
1873 4630 2031 4689 victa.
2058 4634 2187 4702 Q‘ui-

598 4744 618 4780 ι
665 4729 762 4782 bus
791 4740 891 4799 ego
921 4743 1017 4782 vos
1041 4728 1288 4785 laudibus
1310 4726 1629 4800 praedicem,
1657 4716 1935 4784 fortissimi
1955 4726 2190 4785 fratres?

596 4828 617 4875 ἆ
665 4822 829 4877 robttr
866 4821 1097 4892 pectoris
1124 4823 1288 4877 vestri
1320 4830 1374 4877 et
1406 4823 1864 4892 perseverantiam
1907 4822 2029 4878 ﬁdei
2080 4840 2188 4893 quo

598 4932 620 4967 r
667 4913 935 4986 pramonio
960 4912 1106 4969 vocis
1131 4916 1425 4969 exornem?
1454 4908 1751 4968 Tolerastis
1775 4898 2040 4985 usquead
2060 4930 2191 4971 cun-

599 5026 620 5059 ι
667 5007 1081 5062 summationem
1111 5004 1293 5077 gloria:
1324 5006 1669 5061 durissimam
1689 5008 2066 5077 quaestionem,
2092 5025 2192 5067 nec

604 5110 624 5151 ι
671 5098 913 5154 cessistis
940 5097 1238 5169 suppliciis,
1270 5098 1367 5153 sed
1395 5099 1547 5155 vobis
1575 5100 1753 5171 potius
1784 5092 2044 5172 supplicia
2071 5118 2193 5159 ces-

600 5206 620 5241 ‹
668 5196 886 5256 serunt;
915 5190 1074 5245 tinem
1124 5190 1424 5257 doloribus,
1456 5207 1615 5263 quem
1655 5202 1919 5249 tormenta
1942 5210 2047 5251 non
2093 5195 2190 5250 da-

602 5288 621 5331 t
668 5274 817 5346 bant,
849 5296 1065 5336 corona:
1091 5278 1378 5337 dederunt.
1415 5300 1434 5335 ι
1469 5282 1711 5354 Corpora
1740 5300 1870 5340 vero
1911 5286 2027 5357 ipsa
2050 5302 2197 5342 tuar-

596 5385 778 5444 tyrum‘
807 5385 861 5429 et
882 5372 1276 5441 confessorum,
1309 5375 1398 5444 qui
1430 5374 1485 5430 in
1513 5376 1744 5431 vinculis
1794 5376 2185 5445 decesserant,

597 5465 841 5532 ejusdem
869 5463 1123 5536 Cypriani
1153 5464 1430 5520 admonitu
1471 5463 1665 5538 (Epist.
1702 5467 1820 5537 57),
1857 5470 2009 5523 ritea
2047 5470 2197 5526 clero

598 5558 655 5610 in
727 5558 945 5611 tumulis
1009 5556 1356 5627 composita:
1394 5558 1463 5613 de
1530 5574 1637 5628 quo
1683 5561 1844 5614 etiam
1896 5559 2074 5615 ofﬁcio
2130 5561 2199 5616 ad

601 5647 885 5702 ecclesiam
927 5646 1429 5717 Carthaginiensem
1457 5648 1743 5719 diligenter
1764 5651 2201 5721 prescripserunt

603 5737 904 5804 presbyteri
930 5737 1188 5791 Ecclesiae
1216 5737 1476 5794 Romanu:
1500 5780 1516 5807 ,
1559 5755 1673 5793 rem
1714 5738 1767 5794 id
1794 5740 2083 5797 maximam
2108 5757 2201 5814 ap-

2287 3268 2304 3300 ι
2353 3250 2584 3320 aspexit.
2636 3247 2757 3318 Ipse
2781 3248 3185 3303 setniustulatus
3226 3259 3277 3303 et
3323 3249 3574 3318 lapidibus
3602 3253 3872 3317 obrutus,

2288 3361 2306 3393 ι
2355 3351 2409 3397 et
2463 3356 2560 3411 pro
2612 3350 2823 3395 mortuo
2874 3341 3187 3406 derelictus,
3237 3340 3358 3395 dunt
3394 3340 3700 3409 posmodunt
3754 3343 3878 3396 ﬁlia

2290 3452 2307 3483 ι
2356 3433 2585 3485 sollicito
2611 3432 2823 3501 pietatis
2853 3432 3115 3502 obsequio
3158 3432 3378 3486 cadaver
3409 3433 3566 3501 patris
3598 3432 3845 3503 inquirit
3868 3475 3890 3500 ,

2291 3543 2309 3576 ι
2356 3520 2688 3579 semianimis
2739 3524 2991 3578 inventus
3044 3534 3097 3577 et
3145 3534 3417 3578 extractus
3456 3534 3508 3578 et
3539 3523 3895 3579 reiociiiatm

2293 3637 2310 3668 ι
2357 3633 2386 3671 a
2413 3617 2731 3681 comitibus,
2767 3631 2902 3687 quos
2956 3616 3072 3687 ipse
3119 3616 3763 3687 prmntiserat,remansit
3801 3618 3890 3669 in-

2294 3729 2312 3761 ι
2362 3709 2553 3762 victus.
2589 3727 2608 3759 ι
2642 3708 2732 3762 llis
2778 3702 2907 3763 vero
2940 3708 3266 3780 martyribus
3295 3708 3692 3764 aunumerandi
3728 3710 3897 3764 etiam

2286 3799 2557 3866 videntur,
2589 3815 2726 3871 quos
2756 3798 2931 3855 Graeci
2981 3798 3160 3855 adhuc
3204 3802 3477 3854 honorant
3517 3802 3591 3869 (υ.
3632 3797 3776 3854 Bell.
3812 3802 3899 3857 10.

2286 3889 2416 3961 Apr.
2446 3907 2499 3959 p.
2530 3890 2684 3961 860),
2711 3888 2996 3945 Terentius
3035 3900 3090 3946 et
3118 3890 3405 3947 Africanus
3427 3909 3551 3947 cum
3586 3895 3759 3947 sociis
3784 3936 3802 3958 ,
3848 3895 3905 3950 in

2288 3985 2468 4040 Africa
2516 3983 2775 4055 tnartyrio
2814 3982 3055 4038 defuncti
3105 3984 3204 4039 sub
3255 3982 3421 4039 Decio
3471 3989 3613 4057 Aug.
3670 4003 3905 4056 quorum

2283 4087 2470 4155 postea
2492 4076 2748 4147 reliquias
2770 4068 3107 4132 Theodosius
3132 4091 3354 4147 magnus
3385 4079 3437 4131 in
3481 4078 3665 4133 aedem
3692 4080 3911 4150 Euphe-

2287 4174 2431 4244 mite,
2482 4171 2678 4246 quacin
2706 4181 2857 4243 petra
2897 4169 3200 4234 dicebatur,
3233 4167 3776 4241 Constantinopolim
3826 4176 3911 4228 iu-

2287 4256 2540 4325 ferendas
2566 4265 2771 4321 curavit
2799 4258 3020 4337 (Tlteod.
3050 4257 3191 4314 Lact.
3219 4258 3253 4313 ι.
3302 4275 3358 4324 ιι,
3404 4277 3458 4314 n.
3512 4259 3622 4327 62,
3672 4275 3722 4317 et
3768 4266 3919 4336 infra

2286 4380 2374 4417 an.
2395 4362 2523 4418 584.
2553 4356 2632 4430 1).
2661 4342 2814 4426 Quod
2844 4356 2888 4410 si
2935 4364 3153 4410 casteria
3187 4368 3401 4424 quoque
3440 4356 3748 4425 provincia:
3804 4362 3916 4431 Cy-

2294 4453 2536 4527 prianum
2551 4451 2778 4506 alterum
2810 4448 3146 4512 habuissent,
3166 4444 3407 4518 profecto
3428 4447 3497 4502 de
3523 4463 3727 4504 earum
3745 4452 3919 4506 etiam

2293 4546 2619 4619 martyribus
2646 4542 2844 4614 aliquid
2874 4542 2942 4597 ad
2976 4556 3072 4596 nos
3098 4556 3267 4612 usque
3300 4541 3691 4597 transmiSSuni
3722 4557 3884 4601 esset
3905 4589 3923 4611 ,

2292 4640 2346 4695 itt
2375 4638 2569 4711 quibus
2608 4634 2864 4691 ecclesias
2888 4642 2943 4688 et
2971 4634 3256 4705 episc0pos
3285 4647 3482 4703 magno
3517 4650 3765 4691 numero
3810 4640 3929 4709 jam

2294 4742 2407 4787 tum
2437 4729 2623 4794 fuisse,
2654 4737 2965 4781 annotatutn
2986 4735 3088 4779 est.

2369 4820 2477 4878 VII.
2522 4820 2731 4875 Interea
2786 4816 3029 4873 nonnulli
3071 4831 3137 4872 ex
3178 4816 3265 4883 iis,
3297 4816 3387 4887 qui
3416 4815 3467 4871 in
3498 4818 3728 4874 exilium
3753 4821 3938 4891 ejccti

2294 4914 2525 4981 fuerant,
2556 4912 2715 4968 editis
2746 4910 3151 4982 magistratuum
3182 4915 3528 4980 contemptis,
3552 4910 3801 4968 domum
3850 4932 3938 4969 reo

2296 5006 2414 5063 dire
2443 5006 2558 5061 ausi
2587 5013 2731 5060 sunt.
2758 5002 2911 5072 Quod
2936 5013 2991 5057 ut
3011 5000 3227 5057 rescivit
3254 5001 3580 5073 Cyprianus,
3611 5004 3939 5073 plurimum

2298 5097 2643 5171 reprehendit
2686 5096 3096 5167 objurgavitque
3122 5092 3372 5159 reduces,
3432 5096 3501 5149 eo
3531 5096 3793 5153 maxime
3830 5116 3941 5153 no-

2297 5196 2464 5260 mine,
2483 5192 2605 5263 quia
2632 5190 2685 5245 in
2709 5206 2825 5244 eam
2850 5186 3099 5259 patriam,
3124 5186 3265 5241 unde
3291 5194 3537 5242 extorres
3565 5186 3697 5243 facti
3730 5203 3946 5247 essent

2294 5286 2555 5357 regressi,
2608 5282 2721 5337 ﬁeri
2758 5289 2987 5351 poterat,
3039 5288 3096 5333 ut
3136 5278 3484 5349 apprehensi,
3540 5293 3655 5333 non
3703 5281 3848 5349 jam
3888 5292 3945 5336 ut

2300 5376 2612 5438 Christiani,
2645 5373 2738 5428 sed
2766 5368 2919 5442 quasi
2967 5378 3222 5425 nocentes
3277 5364 3516 5438 perirent
3543 5365 3761 5439 (Epist.
3818 5374 3861 5427 6
3896 5384 3947 5426 α

2303 5468 2415 5543 14),
2472 5468 2570 5524 sed
2612 5475 2791 5520 tamen
2831 5460 3077 5534 graviore
3123 5477 3244 5516 eum
3306 5461 3553 5515 molestia
3602 5462 3947 5520 affecerunt

2302 5560 2647 5617 confessores
2677 5558 2777 5629 ipsi
2810 5557 2863 5610 itt
2900 5553 3212 5610 carceribus
3243 5553 3407 5609 etiam
3437 5561 3548 5607 tum
3581 5558 3950 5625 superstites

2303 5650 2469 5711 nimia
2512 5651 2743 5725 quadam
2794 5650 3047 5705 facilitate
3096 5640 3419 5703 Christianis
3446 5646 3498 5700 in
3530 5650 3754 5703 recenti
3787 5654 3951 5722 peri-

2302 5746 2427 5803 culo
2448 5744 2611 5815 lapsis
2638 5740 3061 5813 patrocinantes.
3096 5737 3229 5795 Nam
3272 5738 3328 5793 hi
3370 5737 3613 5810 quidem,
3661 5753 3811 5797 cum
3852 5756 3955 5799 cos
