4208 6276
342 239 489 301 1429

1490 268 1498 283 ο
1565 238 1926 297 ECCLESIE
1964 241 2368 301 AFRICANE.

3518 252 3657 312 N50

336 350 557 407 violata:
578 350 689 408 Deo
706 348 830 407 fidei
846 348 1196 407 vehementer
1208 350 1458 422 puderet,
1487 361 1543 408 et
1564 351 1616 407 in
1644 351 1942 407 Ecclesiam
1969 354 2022 415 Α
2047 362 2430 428 etcontemptu
2481 360 2758 431 pratpositi
2804 368 2974 416 totum
3017 360 3118 416 sibi
3149 359 3468 418 vindicent?
3503 381 3522 415 ι
3553 362 3653 419 Rei

336 443 486 499 unde
512 444 582 499 ob
603 442 963 515 proditionem
994 442 1329 511 exciderant,
1362 444 1533 513 recipi
1576 445 1809 499 maxime
1845 460 1941 500 cu-

336 546 554 608 perent,
586 533 899 606 frequentes
925 534 1133 589 itabaut
1172 535 1238 591 ad
1289 536 1689 604 confessiones,
1744 552 1943 608 eosque

337 628 631 702 rogabant,
680 636 738 681 ut
770 627 822 681 in
854 627 1303 682 communionem
1333 629 1704 695 admitterent,
1739 638 1795 684 et
1822 631 1940 699 epi-

336 738 506 794 scopo
535 736 807 793 quemque
830 735 929 775 suo
956 720 1419 775 commendarent.
1448 721 1674 789 Quidam
1707 737 1833 776 vero
1872 738 1937 777 ex

334 815 444 871 illis
471 814 611 870 adeo
642 813 983 885 indulgentes
1009 822 1183 881 erant,
1217 822 1274 868 ut
1303 815 1568 884 probroso
1588 813 1781 885 cuique
1825 817 1943 872 sine

334 922 486 963 mora
518 906 1257 976 communicarent,datoque
1279 906 1483 974 libello,
1508 907 1651 977 quod
1679 906 1732 961 id
1764 907 1938 976 ipsum

340 998 707 1064 testabantur,
734 996 1049 1068 episcopum
1098 1012 1310 1068 quoque
1334 997 1615 1067 urgebant,
1653 1008 1708 1051 ut
1741 996 1894 1052 illum
1918 1040 1933 1062 ,

332 1105 456 1146 cum
480 1106 542 1147 sc
571 1090 637 1145 ad
665 1090 831 1160 pedes
852 1088 969 1159 ejus
1001 1089 1316 1160 abjecisset,
1365 1089 1618 1145 Ecclesiae
1666 1089 1934 1145 redderet.

333 1181 725 1239 Confessorum
775 1182 990 1236 illorum
1052 1182 1304 1252 princeps
1362 1191 1480 1238 erat
1526 1180 1796 1237 Lucianus
1824 1182 1939 1254 qui-

333 1278 497 1351 dam,
525 1288 782 1350 spectatae
809 1293 941 1334 sane
978 1279 1192 1334 virtutis
1244 1279 1326 1333 vir
1376 1279 1697 1350 iuvictceque
1723 1280 1932 1349 patien-

335 1374 447 1438 t'ra:,
487 1372 586 1428 sed
631 1373 722 1444 qui
776 1372 1033 1428 Ecclesia:
1080 1373 1377 1443 prescripta
1425 1383 1479 1428 et
1526 1370 1807 1444 Evangelii
1837 1371 1935 1426 do-

330 1476 585 1523 cumenta
608 1483 797 1537 parum
824 1477 999 1523 norat.
1027 1467 1126 1522 llic
1151 1484 1257 1521 non
1290 1466 1452 1522 modo
1483 1467 1693 1522 libellos
1741 1476 1933 1536 peten-

329 1564 482 1619 tibus
510 1574 567 1619 et
591 1578 692 1618 suo
720 1573 774 1618 et
803 1561 1029 1616 aliorum
1067 1562 1284 1617 nomine
1328 1561 1491 1617 dabat
1533 1559 1717 1633 (Cypr.
1757 1559 1930 1630 Epist.

328 1655 427 1729 Ἡ)
448 1698 463 1723 ,
519 1655 616 1712 sed
647 1657 807 1711 etiam
837 1655 999 1725 lapsis
1030 1654 1344 1709 absentibus
1396 1652 1605 1708 veniam
1636 1666 1932 1722 pacemque

2051 456 2230 503 autem
2279 450 2569 506 novitatem
2620 461 2673 506 ct
2720 463 3106 524 praeposteram
3160 452 3354 525 agendi
3384 455 3649 512 rationem

2050 540 2387 609 patissimum
2431 544 2780 614 perstringit:
2818 565 2835 598 ι
2874 545 3007 600 Nam
3037 588 3051 612 ,
3086 547 3297 617 inquit,
3326 562 3447 602 cum
3474 548 3529 604 in
3554 549 3655 604 mi-

2050 632 2275 687 noribus
2304 638 2542 699 peccatis
2572 647 2734 706 agant
2765 649 3078 708 peccatores
3105 639 3476 709 pteuitentiam
3500 641 3651 713 justo

2051 732 2292 794 tempore
2316 768 2334 793 ,
2364 736 2418 783 et
2457 728 2756 785 secundum
2786 731 3087 802 disciplinae
3133 733 3378 789 ordinem
3426 734 3494 789 ad
3525 750 3653 791 exo-

2046 816 2342 887 mologesin
2375 821 2625 886 veniant,
2660 832 2714 877 et
2738 837 2836 891 per
2864 838 3056 877 manus
3096 823 3498 895 impositionem
3539 828 3654 898 epi—

2046 908 2196 977 scopi
2228 917 2279 963 et
2326 910 2455 965 cieri
2478 911 2568 981 jus
2597 914 3102 972 communicationis
3149 918 3453 989 accipiant,
3509 937 3653 979 nunc

2045 999 2214 1055 crudo
2266 1010 2507 1074 tempore
2535 1046 2549 1067 ,
2587 1006 2961 1075 persecutione
3005 1009 3188 1064 adhuc
3227 1025 3611 1081 perseverante
3636 1055 3651 1080 ,

2044 1095 2283 1150 nondum
2324 1098 2569 1152 restituta
2601 1098 2860 1155 Ecclesiae
2882 1100 3050 1171 ipsius
3080 1117 3211 1173 pace
3237 1144 3252 1169 ,
3290 1102 3355 1158 ad
3404 1118 3652 1159 commu-

2043 1189 2369 1246 nicationem
2423 1192 2812 1262 admittuntur,
2843 1203 2899 1249 et.
2926 1192 3152 1250 offertur
3197 1210 3397 1252 nomen
3428 1211 3648 1263 eorum,

2042 1292 2097 1337 et
2149 1284 2384 1339 nondum
2433 1285 2746 1355 poenitentia
2796 1296 2948 1352 acta,
2998 1287 3236 1343 nondum
3284 1289 3651 1361 exomologcsi

2039 1374 2180 1430 facta
2205 1418 2220 1442 ,
2251 1376 2487 1431 nondum
2516 1393 2676 1432 manu
2721 1379 2803 1434 eis
2857 1379 2924 1433 ab
2947 1379 3201 1449 episcopo
3231 1392 3285 1436 et
3311 1381 3457 1436 clero
3479 1382 3653 1453 impo-

2040 1467 2139 1520 sita
2184 1467 2518 1522 Eucharist’ia
2549 1468 2658 1523 illis
2689 1469 2868 1526 datur.
2919 1464 3089 1554 t'Jant
3122 1466 3291 1526 altera
3320 1472 3549 1542 epistola
3573 1473 3648 1545 ip-

2031 1548 2129 1615 sos
2156 1568 2419 1633 martyres
2446 1572 2499 1616 et
2532 1562 2877 1619 confessores
2929 1548 3011 1619 sic
3055 1562 3249 1620 affatur
3280 1563 3476 1638 (Epist.
3512 1566 3603 1639 lO)
3634 1585 3649 1622 :

2044 1672 2063 1705 ‹
2112 1654 2428 1709 Sollicitudo
2468 1654 2569 1710 ioci
2615 1658 2785 1713 nostri
2813 1666 2866 1712 et
2897 1658 3060 1713 timor
3089 1650 3301 1714 Domini
3332 1661 3653 1732 compellit,

327 1750 620 1814 obtulerat,
648 1764 712 1805 ac
732 1748 1001 1815 Ceierino,
1035 1749 1125 1819 qui
1150 1748 1199 1804 ei
1226 1747 1535 1805 Numeriam
1566 1756 1621 1802 et
1640 1744 1936 1804 Candidam
1965 1760 2017 1821 Β
2041 1745 2321 1801 fortissimi
2352 1762 2415 1802 ac
2441 1748 2741 1805 beatissimi
2767 1746 2982 1817 fratres,
3018 1751 3311 1809 admonere
3336 1769 3434 1810 vos
3454 1756 3649 1813 litteris

330 1843 595 1899 sacrificio
632 1842 862 1913 pollutas
896 1843 1392 1910 commendaverat,
1444 1844 1799 1913 rescripserat
1850 1842 1932 1898 his

330 1937 546 1992 verbis:
582 1955 600 1987 ι
635 1936 949 1992 Secundum
975 1946 1307 2007 praeceptum
1330 1936 1535 2004 Paulli,
1572 1956 1591 1988 ι
1625 1938 1717 2007 qui
1737 1951 1934 2006 nempe

330 2037 535 2100 martyr
561 2028 891 2095 decesserat,
925 2038 980 2084 et
1007 2044 1070 2084 se
1096 2029 1148 2083 in
1177 2029 1356 2098 lapsos
1385 2027 1792 2083 misericordem
1844 2043 1933 2084 os-

329 2121 596 2190 tenderat,
623 2140 641 2174 ‹
669 2130 982 2197 etnostruu:
1018 2132 1327 2187 tractatum,
1350 2120 1591 2192 exposita
1610 2134 1769 2175 causa
1790 2118 1931 2190 apud

336 2231 354 2266 ι
398 2215 735 2284 episcopum,
774 2227 827 2270 et
851 2212 989 2269 facta
1021 2212 1423 2283 exomologesi,
1474 2211 1706 2266 habeant
1741 2224 1930 2282 pacem

336 2325 356 2359 ι
406 2323 512 2363 non
546 2318 752 2362 tantum
787 2307 902 2374 hac,
933 2307 1030 2363 sed
1059 2317 1114 2362 et
1133 2321 1267 2377 quas
1293 2306 1403 2361 scis
1428 2303 1496 2359 ad
1525 2304 1762 2358 animum
1808 2318 1932 2357 nos-

337 2420 357 2452 s
405 2409 542 2454 trum
573 2399 764 2472 (Epist.
795 2400 885 2456 2|.
921 2398 1062 2458 Inter
1091 2398 1251 2471 Cypr.
1282 2398 1326 2470 ).
1389 2417 1409 2451 ι
1444 2394 1687 2466 Denique
1714 2392 1781 2447 ad
1825 2392 1932 2464 Cy-

329 2496 577 2566 prianum
610 2497 785 2567 ipsum
815 2495 1099 2569 epistolam
1128 2492 1694 2565 hojusmodiomnium
1723 2489 1932 2546 confes-

328 2604 509 2646 soruui
560 2590 778 2645 nomine
818 2572 1033 2645 mittere
1063 2605 1228 2645 ausus
1272 2597 1354 2644 est
1402 2585 1600 2658 (Epist.
1644 2570 1932 2641 l6.-1nter

329 2681 512 2756 Cypr).
534 2703 553 2736 ι
581 2684 827 2739 Universi
848 2683 1186 2739 confessores
1208 2680 1475 2753 Cypriauo
1513 2693 1662 2749 papze
1678 2676 1925 2733 salutem.

333 2795 353 2829 ε
399 2777 551 2832 Scias
574 2791 673 2831 nos
700 2777 967 2832 universis
991 2816 1008 2843 ,
1040 2775 1109 2831 de
1137 2775 1334 2846 quibus
1358 2774 1500 2845 apud
1533 2785 1584 2832 te
1626 2775 1764 2830 ratio
1791 2790 1921 2830 cou-

333 2890 352 2924 s
395 2872 614 2938 Stiterit,
644 2872 775 2942 quid
800 2872 1284 2940 postcommissum
1312 2880 1556 2941 egerent,
1587 2867 1801 2923 dedisse
1829 2883 1925 2939 pa-

331 2982 351 3015 ι
398 2979 516 3019 cem
542 2975 596 3019 et
621 2963 760 3019 hanc
780 2963 1007 3018 formam
1038 2979 1134 3033 per
1163 2973 1213 3019 te
1235 2972 1291 3020 et
1329 2965 1448 3019 aliis
1475 2964 1745 3034 episcopis
1772 2964 1926 3019 iuno-

331 3074 349 3110 ι
400 3064 609 3111 tescere
640 3054 930 3110 voluimus.
960 3053 1219 3125 Optamus
1251 3066 1300 3112 te
1324 3074 1448 3113 cum
1489 3056 1691 3113 sanctis
1719 3055 1922 3127 Marty-

2039 1839 2240 1893 nostris
2264 1879 2280 1906 ,
2316 1846 2375 1892 ut
2419 1854 2449 1894 a
2498 1840 2690 1909 quibus
2736 1849 2847 1894 tam
2876 1841 3069 1897 devote
3084 1852 3138 1897 et
3166 1843 3375 1901 fortiter
3400 1857 3649 1903 servatur

2039 1931 2172 1989 fides
2221 1933 2454 1999 Domini,
2504 1934 2573 1988 ah
2620 1933 2812 1989 iisdem
2872 1934 2963 1989 lex
3017 1950 3232 2006 quoque
3269 1944 3323 1992 et
3365 1936 3649 2009 disciplina

2039 2025 2254 2081 Domini
2284 2035 2609 2082 reservetur.
2660 2046 2679 2078 ι
2713 2027 2936 2098 Culpam
2981 2026 3179 2083 deinde
3218 2028 3271 2083 in
3302 2030 3649 2103 presbyteros

2037 2130 2090 2176 et
2125 2120 2381 2176 diaconos
2408 2122 2611 2191 rejicit,
2641 2122 2734 2193 qui
2785 2121 2854 2177 ad
2893 2137 2987 2178 eos
3035 2137 3406 2182 commeantes
3425 2126 3646 2184 modum

2036 2212 2242 2266 nullum
2274 2213 2735 2283 praescripserint,
2759 2223 2814 2269 et
2833 2200 3092 2272 Ecclesia:
3114 2216 3259 2287 leges
3284 2226 3448 2289 atque
3470 2218 3645 2275 Evan-

2035 2304 2162 2375 gelii
2195 2315 2463 2375 praecepta
2493 2320 2599 2360 non
2628 2308 2997 2377 exposuerint.
3054 2327 3072 2361 ι
3109 2308 3185 2364 Ea
3212 2311 3354 2364 enim
3378 2353 3393 2378 ,
3426 2312 3597 2382 inquit
3625 2354 3642 2379 ,

2036 2394 2355 2461 concedere,
2390 2394 2509 2468 qua:
2538 2397 2592 2451 in
2627 2399 2917 2468 perniciem
2950 2409 3161 2456 vertant
3189 2442 3205 2467 ,
3249 2401 3501 2474 decipere
3517 2414 3643 2471 est;

2036 2504 2136 2544 nec
2156 2490 2380 2561 erigitur
2414 2490 2493 2546 sic
2520 2491 2701 2561 lapsus
2726 2533 2741 2559 ,
2782 2491 2878 2547 sed
2918 2508 3012 2562 per
3042 2492 3134 2547 Dei
3160 2488 3421 2549 offensam
3471 2494 3641 2568 magis

2037 2568 2329 2650 impellitur
2357 2582 2423 2637 ad
2458 2584 2692 2637 ruinam.
2730 2582 2829 2639 Vel
2856 2599 2921 2640 ex
2984 2576 3135 2640 vobis
3167 2585 3348 2657 itaque
3384 2586 3592 2643 discant
3625 2631 3640 2654 ,

2035 2672 2178 2744 quod
2200 2673 2398 2728 docere
2428 2673 2748 2729 debuerant.
2787 2695 2806 2728 ι
2837 2670 2973 2731 Tum
2997 2676 3176 2748 lapsos
3205 2680 3366 2734 etiam
3399 2690 3641 2749 accusat,

2033 2767 2124 2837 qui
2152 2766 2517 2836 impudentius
2547 2776 2796 2838 peterent
2823 2809 2839 2837 ,
2871 2769 3140 2840 quodillis
3178 2784 3355 2842 neque
3383 2772 3644 2828 modestis

2033 2874 2208 2930 neque
2235 2875 2303 2914 ex
2332 2859 2514 2913 animo
2542 2860 2988 2931 resipisceutibus
3020 2856 3322 2934 negandum
3362 2873 3545 2919 esset:
3576 2876 3641 2920 ac

2033 2950 2251 3004 modum
2276 2949 2527 3021 denique,
2555 2966 2715 3020 quem
2737 2953 2804 3007 ab
2836 2953 2965 3023 ipsis
2986 2953 3192 3008 servari
3219 2954 3454 3010 maxime
3475 2968 3641 3025 opor-

2034 3052 2191 3110 teret,
2218 3044 2473 3121 ostendit.
2518 3063 2536 3094 ι
2576 3042 2689 3100 Hoc
2723 3042 2943 3112 autem;
2998 3045 3170 3116 inquit
3198 3088 3212 3112 ,
3244 3055 3411 3101 totum
3461 3057 3641 3118 potest

328 3167 348 3203 ι
398 3147 551 3202 ribus
595 3162 778 3217 pacem
824 3146 1046 3202 habere.
1083 3146 1354 3205 Pracsente
1380 3150 1450 3204 de
1478 3149 1625 3204 clero
1663 3158 1719 3203 et
1769 3164 1924 3203 exor—
1950 3145 1994 3208 C
2031 3135 2146 3190 ﬁeri
2173 3176 2189 3203 9
2222 3137 2268 3190 εί
2308 3151 2392 3201 ea»
2424 3152 2593 3206 «ιυωει
2624 3137 2775 3191 νουίεῖ
2805 3146 3061 3207 νθιιιηιυν
3084 3178 3099 3203 9
3122 3137 3370 3208 religiosa
3392 3148 3640 3193 οοιιιυῐῐι-

327 3260 347 3294 ς
395 3241 531 3297 cista
576 3250 632 3297 et
678 3242 882 3296 lectore
920 3241 1190 3296 Lucianus
1249 3242 1486 3314 scripsit.
1550 3261 1568 3294 ι
1617 3241 1744 3297 Haec
1793 3257 1923 3297 vero

321 3352 481 3409 quam
512 3350 655 3408 agre
686 3338 867 3393 tulerit
896 3338 1229 3410 Cyprianus,
1255 3353 1416 3394 nemo
1439 3354 1546 3392 non
1578 3335 1737 3392 facile
1764 3336 1920 3392 intel-

322 3431 470 3500 ligat,
498 3444 620 3486 cum
648 3439 702 3485 et
725 3429 849 3484 aliis
896 3429 1040 3486 ferre
1069 3430 1309 3496 deberet,
1342 3434 1486 3502 quos‘
1507 3431 1662 3486 unice
1707 3429 1924 3485 amabat

321 3538 386 3580 ac
428 3523 823 3589 venerabatur,
881 3534 937 3578 et
988 3533 1177 3578 contra
1231 3524 1491 3579 Ecclesiae
1544 3524 1921 3579 auctoritatem

323 3624 523 3672 tentata
555 3615 909 3686 intelligeret,
938 3631 1058 3686 qua:
1088 3618 1157 3671 ab
1185 3630 1252 3671 eo
1269 3616 1609 3686 potissimum
1637 3614 1918 3671 retinenda

322 3720 484 3768 esset.
536 3712 761 3766 Dolehat
801 3711 963 3766 etiam
1015 3727 1077 3765 ac
1127 3711 1352 3765 multum
1397 3709 1726 3779 angebatur,
1775 3707 1918 3778 quod

320 3805 619 3876 presbyteri
648 3804 863 3874 quidam
886 3845 902 3871 ,
932 3805 985 3858 in
1013 3802 1253 3869 scilicet,
1307 3818 1444 3873 quos
1473 3802 1523 3857 in
1576 3799 1918 3869 suscipiendo

320 3897 634 3965 pontificatu
683 3896 1066 3965 competitores
1119 3894 1395 3960 habuerat,
1444 3894 1589 3948 illam
1643 3893 1916 3962 lapsorum

319 3989 693 4059 impunitatem
716 3987 988 4053 fovebant,
1023 3988 1165 4042 ultro
1185 4002 1305 4041 cum
1331 3985 1463 4055 ipsis
1512 3985 1917 4041 communican-

321 4094 424 4146 tes.
444 4092 714 4139 ettemere
735 4082 914 4138 omnia
938 4082 1195 4151 nulloque
1218 4080 1411 4135 ordine
1436 4078 1913 4134 administrabant.

391 4175 525 4232 \‘lil.
566 4176 696 4242 Qua:
742 4189 864 4228 cum
920 4173 990 4226 ita
1047 4182 1231 4227 essent
1259 4212 1272 4235 ,
1305 4186 1420 4226 rem
1448 4169 1750 4241 Cyprianus
1796 4166 1921 4225 diu-

320 4268 426 4323 tius
447 4265 895 4323 dissimuiandam
924 4279 1032 4319 non
1068 4264 1262 4330 duxit,
1315 4273 1371 4318 et
1396 4278 1586 4333 graves
1628 4263 1919 4321 admodum

318 4374 384 4415 ac
414 4359 707 4430 prudentia:
747 4360 935 4431 plenas
955 4357 1262 4428 prescripsit
1289 4357 1566 4426 epistolas,
1592 4355 1657 4410 ad
1687 4356 1915 4422 clerum,

317 4455 385 4508 ad
414 4452 753 4509 confessorcs
782 4494 797 4520 ,
827 4451 893 4506 ad
926 4452 1127 4519 lapstis,
1160 4459 1212 4504 ut
1247 4450 1489 4519 singulos
1517 4449 1583 4505 de
1611 4449 1792 4505 ofﬁcio
1820 4449 1918 4506 ad-

318 4555 583 4602 moneret.
601 4545 779 4600 Prima
801 4547 919 4613 ejus
937 4543 1004 4598 ad
1023 4543 1228 4597 clct'uut
1245 4542 1405 4598 verba
1429 4541 1579 4597 fuere
1596 4542 1785 4614 (Epist.
1810 4540 1868 4615 9)
1894 4562 1908 4596 ;

324 4658 343 4692 ι
382 4639 477 4694 Diu
520 4637 834 4710 patientiam
885 4654 1060 4692 meatu
1109 4638 1275 4703 teuui,
1338 4636 1533 4691 fratres
1584 4635 1914 4704 charissiuti,

318 4731 470 4800 quasi
522 4729 884 4786 verecundum
933 4728 1206 4785 silentium
1239 4739 1481 4783 nostrum
1521 4730 1807 4805 proliceret
1848 4729 1915 4785 ad

320 4821 574 4891 quietem.
609 4821 712 4877 Sed
741 4836 860 4875 Cum
882 4820 1231 4876 immoderata
1262 4832 1316 4877 et
1360 4823 1585 4894 abrupta
1620 4838 1917 4893 praesump-

320 4912 393 4967 tio
423 4913 723 4969 temeritate
776 4929 869 4968 sua
897 4923 953 4968 et
998 4913 1255 4969 honorem
1287 4927 1584 4986 martyrum
1608 4926 1663 4971 et
1707 4919 1919 4972 confes-

316 5018 497 5060 sorum
545 5007 799 5074 pudorem
849 5017 901 5060 et
946 5006 1116 5075 plebis
1167 5007 1432 5063 universa:
1478 5010 1917 5079 tranquillitatem

319 5098 534 5154 turbare
580 5108 804 5154 eonetur
831 5139 847 5166 ,
905 5108 1083 5156 tacere
1114 5101 1252 5156 ultra
1310 5119 1418 5157 non
1470 5114 1718 5174 oportet,
1753 5124 1819 5162 ne
1848 5109 1919 5171 ad

316 5190 620 5260 periculum
673 5199 729 5247 et
758 5192 930 5261 plebis
973 5192 1176 5263 pariter
1210 5202 1263 5248 et
1311 5204 1552 5249 nostrum
1586 5199 1918 5263 taciturnitas

315 5282 483 5336 nimia
515 5282 789 5352 procedat.
825 5274 979 5348 Quod
1009 5283 1153 5337 enim
1189 5300 1292 5361 non
1334 5286 1629 5355 periculum
1673 5300 1915 5349 metuere

317 5374 579 5432 debemus
609 5376 676 5432 de
702 5374 910 5432 offensa
940 5377 1191 5444 Domini,
1223 5380 1436 5449 quando
1478 5383 1641 5453 aliqui
1670 5382 1738 5438 de
1765 5400 1917 5454 pres-

317 5468 522 5541 byteris
546 5484 645 5525 nec
676 5469 982 5539 Evangelii,
1010 5487 1108 5527 nec
1136 5471 1237 5527 loci
1266 5472 1353 5527 sui
1377 5488 1644 5530 memores
1664 5515 1679 5542 ,
1706 5478 1798 5532 sed
1827 5497 1921 5536 ue-

320 5578 425 5632 que
456 5562 692 5617 futurum
717 5562 928 5618 Domini
948 5563 1206 5631 judicium
1232 5605 1246 5629 ,
1282 5580 1457 5636 neque
1487 5581 1632 5622 nunc
1661 5567 1762 5623 sibi
1787 5586 1921 5638 prac-

326 5655 558 5732 positum
583 5655 894 5725 episcopum
922 5655 1220 5725 cogitantes
1247 5697 1263 5722 ,
1312 5656 1454 5727 quod
1485 5672 1780 5728 numquam
1808 5674 1924 5716 omo

329 5745 460 5801 nino
484 5745 582 5803 sub
614 5747 1048 5806 antecessoribus
1078 5746 1276 5805 factum
1299 5759 1380 5807 est
1403 5789 1418 5819 ,
1449 5765 1571 5809 cum
1602 5754 1924 5815 contumelia

2029 3229 2269 3300 platione
2294 3226 2648 3284 tnoderemini
2677 3271 2692 3296 ,
2726 3217 3090 3300 intelligentes
3130 3237 3185 3284 et
3214 3231 3639 3300 comprimentes

2031 3336 2126 3376 eos
2156 3362 2170 3386 ,
2220 3321 2311 3391 qui
2343 3336 2605 3391 personas
2651 3320 2985 3391 accipientes
3025 3320 3076 3375 in
3107 3318 3385 3377 beneﬁciis
3443 3323 3639 3379 vestris

2029 3425 2123 3470 aut
2147 3414 2512 3485 gratificantur
2536 3456 2552 3482 ,
2583 3423 2676 3470 aut
2706 3412 2906 3470 illicita:
2939 3415 3323 3488 negetiationis
3365 3413 3635 3470 nundinas

2027 3513 2384 3576 aucupantur.
2415 3505 2490 3561 De
2522 3506 2625 3560 hoc
2648 3516 2701 3562 et
2721 3504 2788 3561 ad
2829 3505 3035 3561 clerum
3064 3506 3118 3562 et
3139 3505 3207 3561 ad
3239 3505 3453 3576 plebem
3492 3506 3637 3562 litte-

2027 3611 2116 3652 ras
2143 3594 2245 3652 feci
2279 3639 2294 3665 ,
2339 3612 2471 3668 quas
2500 3608 2753 3668 utrasque
2792 3598 2945 3653 vobis
2993 3598 3097 3668 legi
3139 3597 3407 3652 mandati.
3446 3597 3552 3653 Sed
3582 3600 3639 3655 et

2025 3680 2159 3743 illud
2207 3687 2274 3742 ad
2327 3688 2659 3758 diligentiam
2691 3698 2924 3742 vestram
2954 3689 3200 3758 redigere
3243 3696 3300 3743 et
3343 3688 3636 3744 emendare

2022 3774 2231 3835 debetis
2252 3822 2268 3847 ,
2295 3788 2352 3834 ut
2382 3782 2697 3834 nominatim
2728 3770 3146 3850 designetis'cos
3168 3821 3183 3847 ,
3214 3782 3410 3851 quibus
3438 3796 3624 3853 pacem

2024 3874 2137 3929 dari
2166 3874 2502 3929 desideratis.
2557 3874 2734 3929 Audio
2760 3877 2903 3929 enim
2945 3866 3265 3943 quibusdam
3294 3876 3373 3929 sic
3418 3875 3631 3931 libellos

2024 3962 2161 4034 fieri,
2187 3976 2245 4020 ttt
2270 3964 2500 4031 dicatur,
2538 3984 2556 4018 ι
2589 3965 2947 4021 communicet
2983 3959 3072 4020 li'ie
3111 3970 3233 4019 ctttu
3283 3966 3395 4021 suis
3430 3984 3449 4017 ί
3489 3967 3631 4036 qtlod

2025 4064 2314 4132 numquam
2333 4060 2556 4116 Omnino
2584 4076 2614 4115 a
2645 4059 2969 4131 martyribus
2992 4056 3193 4112 facttun
3221 4066 3326 4126 est,
3348 4054 3408 4113 tit
3427 4063 3631 4113 Incerta

2025 4164 2080 4210 et
2105 4169 2248 4209 caeca
2299 4152 2487 4225 petitio
2514 4151 2771 4207 invidiam
2802 4150 2960 4206 nobis
2992 4150 3336 4220 postmodum
3366 4151 3629 4206 cumulet.

2024 4240 2157 4304 Late
2208 4246 2352 4302 enim
2379 4258 2526 4317 patet
2554 4288 2569 4313 ,
2603 4244 2814 4317 quando
2848 4242 3081 4311 dicitur,
3113 4242 3202 4299 ille
3229 4254 3352 4299 cum
3397 4244 3548 4299 suis:
3579 4242 3635 4301 et

2024 4336 2252 4411 possunt
2281 4338 2434 4392 nobis
2458 4337 2627 4392 viceni
2657 4344 2710 4392 et
2741 4336 2932 4392 triceni
2961 4347 3017 4392 et
3046 4335 3278 4407 amplius
3304 4333 3509 4403 offerri,
3537 4335 3630 4406 qui

2026 4427 2311 4501 propinqui
2337 4426 2598 4483 ctaflines
2639 4434 2695 4482 et
2724 4426 2901 4482 liberti
2929 4442 2994 4482 at:
3021 4424 3302 4483 domestici
3341 4441 3464 4483 esse
3484 4436 3632 4483 aSSe-

2024 4535 2278 4579 verentur
2304 4520 2419 4592 ejus
2450 4564 2465 4589 ,
2496 4519 2585 4592 qui
2624 4522 2815 4592 accipit
2837 4520 3096 4576 libellum.
3128 4520 3197 4591 Et
3226 4520 3345 4576 ideo
3387 4528 3508 4592 peto
3529 4563 3545 4589 ,
3578 4518 3636 4576 ut

2020 4634 2115 4674 eos
2140 4659 2155 4683 ,
2214 4630 2348 4686 quos
2380 4615 2480 4686 ipsi
2510 4613 2699 4670 videtis
2724 4656 2740 4684 ,
2772 4630 2907 4685 quos
2934 4614 3106 4670 nOStis
3131 4656 3146 4681 ,
3178 4628 3405 4685 quorum
3458 4614 3633 4685 ptehis

2023 4712 2247 4768 tentiam
2273 4706 2623 4763 satisl'actioui
2653 4708 2952 4777 proximam
2989 4708 3302 4777 conspicitis
3328 4746 3345 4776 ,
3377 4707 3629 4778 designe4

2024 4802 2422 4861 tisnotninatim
2467 4792 2648 4856 libello
2673 4843 2687 4868 ,
2720 4796 2777 4856 et
2817 4801 2895 4854 sic
2918 4799 2985 4855 ad
3024 4814 3125 4855 nos
3155 4798 3279 4857 fidei
3309 4816 3372 4856 ac
3396 4801 3635 4872 discipli-

2026 4915 2109 4953 na:
2161 4905 2524 4969 congruentes
2563 4895 2769 4950 litteras
2806 4894 3066 4965 diligatis.
3105 4900 3125 4951 ὁ
3188 4895 3368 4952 Tertia
3412 4898 3632 4952 demum

2025 4990 2253 5060 epistola
2288 4990 2470 5059 lapsos
2499 5003 2751 5043 coercere
2777 5002 3062 5058 aggressus
3114 4994 3197 5045 est
3228 5030 3243 5055 ,
3270 4991 3361 5060 qui
3408 4984 3477 5045 ad
3510 5006 3636 5047 eum

2025 5094 2294 5153 tamquam
2335 5096 2531 5152 corpus
2578 5090 2631 5135 et
2684 5078 2926 5135 Ecclesia
2977 5079 3185 5151 publica
3231 5082 3473 5138 scribere
3519 5078 3638 5140 ausi

2016 5176 2237 5248 fuerant
2268 5170 2465 5247 (Epist.
2493 5170 2563 5226 27
2594 5187 2710 5245 qua:
2736 5160 2931 5244 lgnatii
2963 5160 3039 5226 Μ.
3082 5174 3331 5229 doctrinae
3360 5176 3487 5230 mire
3515 5192 3639 5231 con-

2019 5268 2219 5341 sentit.)
2251 5266 2491 5322 Exorsus
2534 5276 2712 5322 autem
2759 5265 2828 5320 ab
2856 5266 3111 5348 “episeopi
3161 5253 3482 5323 auctoritate
3510 5308 3527 5336 ,
3550 5282 3638 5355 cui

2026 5378 2219 5417 omnes
2264 5376 2456 5433 parere
2483 5360 2774 5417 deberent:
2814 5378 2833 5412 ι
2886 5357 3080 5430 Miror,
3112 5360 3321 5434 inquit,
3371 5361 3635 5435 quosdam

2026 5443 2216 5509 audaci
2244 5452 2543 5508 tetneritatc
2583 5450 2663 5507 sic
2702 5448 2831 5505 mihi
2863 5450 3101 5507 scribere
3141 5446 3375 5509 voluisse
3406 5495 3422 5523 ,
3453 5466 3509 5510 ut
3534 5453 3641 5511 Ec-

2025 5544 2208 5607 clesia:
2238 5545 2457 5599 nomine
2488 5540 2694 5599 litteras
2728 5542 3012 5612 facerent,
3040 5542 3258 5615 quando
3303 5540 3546 5602 Ecclesia
3584 5547 3640 5602 in

2027 5636 2283 5710 episcopo
2321 5638 2376 5693 et
2415 5636 2565 5691 clero
2601 5641 2656 5691 el
2683 5637 2735 5690 iii
2780 5635 3032 5691 omnibus
3069 5637 3338 5694 stantibus
3394 5638 3466 5694 sit
3508 5650 3642 5694 con-

2041 5732 2251 5790 stituta.
2296 5720 2453 5790 Absit
2479 5730 2647 5799 enim,
2678 5744 2777 5787 nec
2806 5727 3019 5785 Domitii
3065 5728 3444 5789 misericordia
3482 5740 3538 5786 et
3562 5745 3659 5799 pos
