  <div class='ocr_page' id='page_1' title='image "/cluster/home/n/w/nwhite01/storage/ocr_20150623/3/hvd.32044054086798/765.png"; bbox 0 0 4116 6258; ppageno 0'>
   <div class='ocr_carea' id='block_1_1' title="bbox 548 286 677 341">
    <p class='ocr_par' dir='ltr' id='par_1_1' title="bbox 548 286 677 341">
     <span class='ocr_line' id='line_1_1' title="bbox 548 286 677 341; baseline -0.016 -1"><span class='ocrx_word' id='word_1_1' title='bbox 548 286 677 341; x_wconf 66' lang='grc'><strong>1451</strong></span> 
     </span>
    </p>
   </div>
   <div class='ocr_carea' id='block_1_2' title="bbox 1764 276 2588 335">
    <p class='ocr_par' dir='ltr' id='par_1_2' title="bbox 1764 276 2588 335">
     <span class='ocr_line' id='line_1_2' title="bbox 1764 276 2588 335; baseline 0 -3"><span class='ocrx_word' id='word_1_2' title='bbox 1764 278 2132 335; x_wconf 65' lang='grc' dir='ltr'><strong>Μυιιριίωλ.</strong></span> <span class='ocrx_word' id='word_1_3' title='bbox 2174 308 2243 318; x_wconf 92' lang='lat'><strong><em>—</em></strong></span> <span class='ocrx_word' id='word_1_4' title='bbox 2274 276 2588 333; x_wconf 78' lang='lat' dir='ltr'><strong>ANNALES</strong></span> 
     </span>
    </p>
   </div>
   <div class='ocr_carea' id='block_1_3' title="bbox 3720 273 3851 327">
    <p class='ocr_par' dir='ltr' id='par_1_3' title="bbox 3720 273 3851 327">
     <span class='ocr_line' id='line_1_3' title="bbox 3720 273 3851 327; baseline 0.008 -1"><span class='ocrx_word' id='word_1_5' title='bbox 3720 274 3746 326; x_wconf 78' lang='grc'><strong>1</strong></span> <span class='ocrx_word' id='word_1_6' title='bbox 3760 273 3851 327; x_wconf 66' lang='grc'><strong>452</strong></span> 
     </span>
    </p>
   </div>
   <div class='ocr_carea' id='block_1_4' title="bbox 544 393 3851 468">
    <p class='ocr_par' dir='ltr' id='par_1_4' title="bbox 544 393 3851 468">
     <span class='ocr_line' id='line_1_4' title="bbox 544 393 3851 468; baseline -0.004 -10"><span class='ocrx_word' id='word_1_7' title='bbox 544 413 715 458; x_wconf 87' lang='lat' dir='ltr'><strong>testas</strong></span> <span class='ocrx_word' id='word_1_8' title='bbox 743 400 859 468; x_wconf 84' lang='lat' dir='ltr'><strong>ejus</strong></span> <span class='ocrx_word' id='word_1_9' title='bbox 902 397 1096 451; x_wconf 81' lang='lat' dir='ltr'><strong>invicta</strong></span> <span class='ocrx_word' id='word_1_10' title='bbox 1132 398 1359 465; x_wconf 63' lang='grc' dir='ltr'><strong>ιιιιιὶιιιιι⁸</strong></span> <span class='ocrx_word' id='word_1_11' title='bbox 1390 438 1400 458; x_wconf 83' lang='grc'><em>,</em></span> <span class='ocrx_word' id='word_1_12' title='bbox 1433 404 1489 449; x_wconf 89' lang='grc' dir='ltr'><strong>ιιι</strong></span> <span class='ocrx_word' id='word_1_13' title='bbox 1529 394 1767 447; x_wconf 78' lang='lat' dir='ltr'><strong>Ecclesia</strong></span> <span class='ocrx_word' id='word_1_14' title='bbox 1794 408 1914 448; x_wconf 87' lang='lat' dir='ltr'><strong>esse</strong></span> <span class='ocrx_word' id='word_1_15' title='bbox 1942 394 2150 449; x_wconf 76' lang='lat' dir='ltr'><strong>dicatur</strong></span> <span class='ocrx_word' id='word_1_16' title='bbox 2180 395 2229 452; x_wconf 78' lang='grc' dir='ltr'><strong>Α</strong></span> <span class='ocrx_word' id='word_1_17' title='bbox 2256 393 2384 447; x_wconf 88' lang='lat' dir='ltr'><strong>illud</strong></span> <span class='ocrx_word' id='word_1_18' title='bbox 2414 394 2809 461; x_wconf 89' lang='lat' dir='ltr'><strong>admonebant,</strong></span> <span class='ocrx_word' id='word_1_19' title='bbox 2848 394 2893 449; x_wconf 90' lang='lat' dir='ltr'><strong>si</strong></span> <span class='ocrx_word' id='word_1_20' title='bbox 2932 393 3067 448; x_wconf 89' lang='lat' dir='ltr'><strong>forte</strong></span> <span class='ocrx_word' id='word_1_21' title='bbox 3103 410 3167 449; x_wconf 70' lang='lat' dir='ltr'><strong>ex</strong></span> <span class='ocrx_word' id='word_1_22' title='bbox 3208 408 3275 449; x_wconf 92' lang='lat' dir='ltr'><strong>eo</strong></span> <span class='ocrx_word' id='word_1_23' title='bbox 3315 393 3593 448; x_wconf 83' lang='lat' dir='ltr'><strong>hominum</strong></span> <span class='ocrx_word' id='word_1_24' title='bbox 3634 406 3851 446; x_wconf 90' lang='lat' dir='ltr'><strong>numero</strong></span> 
     </span>
    </p>
   </div>
   <div class='ocr_carea' id='block_1_5' title="bbox 548 482 2150 563">
    <p class='ocr_par' dir='ltr' id='par_1_5' title="bbox 548 482 2150 563">
     <span class='ocr_line' id='line_1_5' title="bbox 548 482 2150 563; baseline -0.007 -15"><span class='ocrx_word' id='word_1_25' title='bbox 548 494 824 563; x_wconf 87' lang='lat' dir='ltr'><strong>lapsorum</strong></span> <span class='ocrx_word' id='word_1_26' title='bbox 860 502 1149 543; x_wconf 88' lang='lat' dir='ltr'><strong>numerus:</strong></span> <span class='ocrx_word' id='word_1_27' title='bbox 1180 486 1314 541; x_wconf 87' lang='lat' dir='ltr'><strong>Ctttn</strong></span> <span class='ocrx_word' id='word_1_28' title='bbox 1332 487 1600 554; x_wconf 84' lang='lat' dir='ltr'><strong>scriptum</strong></span> <span class='ocrx_word' id='word_1_29' title='bbox 1643 485 1711 539; x_wconf 88' lang='lat' dir='ltr'><strong>sit</strong></span> <span class='ocrx_word' id='word_1_30' title='bbox 1741 482 1957 554; x_wconf 79' lang='lat' dir='ltr'><strong>(Epist.</strong></span> <span class='ocrx_word' id='word_1_31' title='bbox 2011 484 2099 538; x_wconf 75' lang='lat'><strong>12.</strong></span> <span class='ocrx_word' id='word_1_32' title='bbox 2133 483 2150 546; x_wconf 84' lang='lat'><strong>)</strong></span> 
     </span>
    </p>
   </div>
   <div class='ocr_carea' id='block_1_6' title="bbox 548 577 2147 647">
    <p class='ocr_par' dir='ltr' id='par_1_6' title="bbox 548 577 2147 647">
     <span class='ocr_line' id='line_1_6' title="bbox 548 577 2147 647; baseline -0.006 -8"><span class='ocrx_word' id='word_1_33' title='bbox 548 586 688 639; x_wconf 81' lang='lat' dir='ltr'><strong>Deus</strong></span> <span class='ocrx_word' id='word_1_34' title='bbox 710 601 808 637; x_wconf 83' lang='lat' dir='ltr'><strong>non</strong></span> <span class='ocrx_word' id='word_1_35' title='bbox 853 595 923 635; x_wconf 82' lang='lat' dir='ltr'><strong>est</strong></span> <span class='ocrx_word' id='word_1_36' title='bbox 950 591 1287 645; x_wconf 84' lang='lat' dir='ltr'><strong>mortuorum,</strong></span> <span class='ocrx_word' id='word_1_37' title='bbox 1318 580 1407 634; x_wconf 83' lang='lat' dir='ltr'><strong>sed</strong></span> <span class='ocrx_word' id='word_1_38' title='bbox 1426 580 1670 632; x_wconf 82' lang='lat' dir='ltr'><strong>vivorum.</strong></span> <span class='ocrx_word' id='word_1_39' title='bbox 1704 578 1906 631; x_wconf 87' lang='lat' dir='ltr'><strong>Omnes</strong></span> <span class='ocrx_word' id='word_1_40' title='bbox 1933 577 2147 647; x_wconf 85' lang='lat' dir='ltr'><strong>quidem</strong></span> 
     </span>
    </p>
   </div>
   <div class='ocr_carea' id='block_1_7' title="bbox 546 671 2149 743">
    <p class='ocr_par' dir='ltr' id='par_1_7' title="bbox 546 671 2149 743">
     <span class='ocr_line' id='line_1_7' title="bbox 546 671 2149 743; baseline -0.005 -12"><span class='ocrx_word' id='word_1_41' title='bbox 546 677 809 733; x_wconf 87' lang='lat' dir='ltr'><strong>vivificari</strong></span> <span class='ocrx_word' id='word_1_42' title='bbox 860 685 1142 743; x_wconf 76' lang='lat' dir='ltr'><strong>Optamus,</strong></span> <span class='ocrx_word' id='word_1_43' title='bbox 1173 685 1226 729; x_wconf 90' lang='lat' dir='ltr'><strong>et</strong></span> <span class='ocrx_word' id='word_1_44' title='bbox 1276 683 1331 726; x_wconf 88' lang='lat' dir='ltr'><strong>ut</strong></span> <span class='ocrx_word' id='word_1_45' title='bbox 1376 674 1427 727; x_wconf 91' lang='lat' dir='ltr'><strong>in</strong></span> <span class='ocrx_word' id='word_1_46' title='bbox 1456 681 1651 726; x_wconf 88' lang='lat' dir='ltr'><strong>stattun</strong></span> <span class='ocrx_word' id='word_1_47' title='bbox 1682 674 1960 742; x_wconf 84' lang='lat' dir='ltr'><strong>pristinum</strong></span> <span class='ocrx_word' id='word_1_48' title='bbox 1991 671 2149 725; x_wconf 63' lang='lat' dir='ltr'><strong>restio</strong></span> 
     </span>
    </p>
   </div>
   <div class='ocr_carea' id='block_1_8' title="bbox 550 764 2148 836">
    <p class='ocr_par' dir='ltr' id='par_1_8' title="bbox 550 764 2148 836">
     <span class='ocr_line' id='line_1_8' title="bbox 550 764 2148 836; baseline -0.004 -12"><span class='ocrx_word' id='word_1_49' title='bbox 550 780 798 831; x_wconf 89' lang='lat' dir='ltr'><strong>tuantur,</strong></span> <span class='ocrx_word' id='word_1_50' title='bbox 833 768 1082 836; x_wconf 82' lang='lat' dir='ltr'><strong>precibus</strong></span> <span class='ocrx_word' id='word_1_51' title='bbox 1129 767 1325 821; x_wconf 79' lang='lat' dir='ltr'><strong>uestris</strong></span> <span class='ocrx_word' id='word_1_52' title='bbox 1374 776 1426 819; x_wconf 92' lang='lat' dir='ltr'><strong>et</strong></span> <span class='ocrx_word' id='word_1_53' title='bbox 1465 766 1753 836; x_wconf 70' lang='lat' dir='ltr'><strong>gemitibus</strong></span> <span class='ocrx_word' id='word_1_54' title='bbox 1791 764 2148 834; x_wconf 76' lang='lat' dir='ltr'><strong>postulamus.</strong></span> 
     </span>
    </p>
   </div>
   <div class='ocr_carea' id='block_1_9' title="bbox 548 859 2153 930">
    <p class='ocr_par' dir='ltr' id='par_1_9' title="bbox 548 859 2153 930">
     <span class='ocr_line' id='line_1_9' title="bbox 548 859 2153 930; baseline -0.002 -14"><span class='ocrx_word' id='word_1_55' title='bbox 548 862 605 916; x_wconf 89' lang='lat' dir='ltr'><strong>Si</strong></span> <span class='ocrx_word' id='word_1_56' title='bbox 632 872 809 914; x_wconf 77' lang='lat' dir='ltr'><strong>autem</strong></span> <span class='ocrx_word' id='word_1_57' title='bbox 843 860 1059 930; x_wconf 88' lang='lat' dir='ltr'><strong>quidam</strong></span> <span class='ocrx_word' id='word_1_58' title='bbox 1089 859 1224 929; x_wconf 82' lang='lat' dir='ltr'><strong>lapsi</strong></span> <span class='ocrx_word' id='word_1_59' title='bbox 1266 860 1557 913; x_wconf 79' lang='lat' dir='ltr'><strong>Ecclesium</strong></span> <span class='ocrx_word' id='word_1_60' title='bbox 1586 874 1644 914; x_wconf 87' lang='lat' dir='ltr'><strong>se</strong></span> <span class='ocrx_word' id='word_1_61' title='bbox 1677 860 1861 912; x_wconf 80' lang='lat' dir='ltr'><strong>volunt</strong></span> <span class='ocrx_word' id='word_1_62' title='bbox 1902 874 2058 925; x_wconf 82' lang='lat' dir='ltr'><strong>esse,</strong></span> <span class='ocrx_word' id='word_1_63' title='bbox 2100 868 2153 913; x_wconf 79' lang='lat' dir='ltr'><strong>et</strong></span> 
     </span>
    </p>
   </div>
   <div class='ocr_carea' id='block_1_10' title="bbox 548 951 2151 1025">
    <p class='ocr_par' dir='ltr' id='par_1_10' title="bbox 548 951 2151 1025">
     <span class='ocr_line' id='line_1_10' title="bbox 548 951 2151 1025; baseline -0.003 -16"><span class='ocrx_word' id='word_1_64' title='bbox 548 958 594 1009; x_wconf 92' lang='lat' dir='ltr'><strong>si</strong></span> <span class='ocrx_word' id='word_1_65' title='bbox 617 957 754 1025; x_wconf 88' lang='lat' dir='ltr'><strong>apud</strong></span> <span class='ocrx_word' id='word_1_66' title='bbox 804 954 925 1007; x_wconf 82' lang='lat' dir='ltr'><strong>illos</strong></span> <span class='ocrx_word' id='word_1_67' title='bbox 955 963 1117 1023; x_wconf 85' lang='lat' dir='ltr'><strong>atque</strong></span> <span class='ocrx_word' id='word_1_68' title='bbox 1148 953 1197 1007; x_wconf 84' lang='lat' dir='ltr'><strong>iit</strong></span> <span class='ocrx_word' id='word_1_69' title='bbox 1233 953 1336 1006; x_wconf 81' lang='lat' dir='ltr'><strong>illis</strong></span> <span class='ocrx_word' id='word_1_70' title='bbox 1366 961 1447 1007; x_wconf 87' lang='lat' dir='ltr'><strong>est</strong></span> <span class='ocrx_word' id='word_1_71' title='bbox 1490 952 1728 1006; x_wconf 78' lang='lat' dir='ltr'><strong>Ecclesia</strong></span> <span class='ocrx_word' id='word_1_72' title='bbox 1766 992 1778 1013; x_wconf 93' lang='lat'><strong>,</strong></span> <span class='ocrx_word' id='word_1_73' title='bbox 1813 951 1939 1019; x_wconf 93' lang='lat' dir='ltr'><strong>quid</strong></span> <span class='ocrx_word' id='word_1_74' title='bbox 1989 965 2151 1019; x_wconf 87' lang='lat' dir='ltr'><strong>supe-</strong></span> 
     </span>
    </p>
   </div>
   <div class='ocr_carea' id='block_1_11' title="bbox 552 1042 2156 1114">
    <p class='ocr_par' dir='ltr' id='par_1_11' title="bbox 552 1042 2156 1114">
     <span class='ocr_line' id='line_1_11' title="bbox 552 1042 2156 1114; baseline -0.003 -14"><span class='ocrx_word' id='word_1_75' title='bbox 552 1057 683 1112; x_wconf 84' lang='lat' dir='ltr'><strong>rest,</strong></span> <span class='ocrx_word' id='word_1_76' title='bbox 716 1063 874 1114; x_wconf 88' lang='lat' dir='ltr'><strong>quam</strong></span> <span class='ocrx_word' id='word_1_77' title='bbox 897 1066 912 1095; x_wconf 78' lang='grc' dir='ltr'><strong>ι</strong></span> <span class='ocrx_word' id='word_1_78' title='bbox 944 1056 994 1097; x_wconf 92' lang='grc' dir='ltr'><strong>ιιι</strong></span> <span class='ocrx_word' id='word_1_79' title='bbox 1025 1045 1122 1113; x_wconf 87' lang='lat' dir='ltr'><strong>ipsi</strong></span> <span class='ocrx_word' id='word_1_80' title='bbox 1154 1053 1455 1112; x_wconf 84' lang='lat' dir='ltr'><strong>rogeutnra</strong></span> <span class='ocrx_word' id='word_1_81' title='bbox 1476 1043 1649 1106; x_wconf 90' lang='lat' dir='ltr'><strong>nobis,</strong></span> <span class='ocrx_word' id='word_1_82' title='bbox 1671 1052 1725 1094; x_wconf 89' lang='lat' dir='ltr'><strong>ut</strong></span> <span class='ocrx_word' id='word_1_83' title='bbox 1753 1058 1849 1095; x_wconf 89' lang='lat' dir='ltr'><strong>nos</strong></span> <span class='ocrx_word' id='word_1_84' title='bbox 1873 1042 1939 1094; x_wconf 85' lang='lat' dir='ltr'><strong>ad</strong></span> <span class='ocrx_word' id='word_1_85' title='bbox 1971 1042 2156 1095; x_wconf 81' lang='lat' dir='ltr'><strong>Eccle-</strong></span> 
     </span>
    </p>
   </div>
   <div class='ocr_carea' id='block_1_12' title="bbox 551 1134 2154 1205">
    <p class='ocr_par' dir='ltr' id='par_1_12' title="bbox 551 1134 2154 1205">
     <span class='ocr_line' id='line_1_12' title="bbox 551 1134 2154 1205; baseline -0.004 -11"><span class='ocrx_word' id='word_1_86' title='bbox 551 1141 687 1194; x_wconf 88' lang='lat' dir='ltr'><strong>siam</strong></span> <span class='ocrx_word' id='word_1_87' title='bbox 721 1138 1007 1205; x_wconf 77' lang='lat' dir='ltr'><strong>dignentur</strong></span> <span class='ocrx_word' id='word_1_88' title='bbox 1028 1136 1355 1190; x_wconf 85' lang='lat' dir='ltr'><strong>admittere?</strong></span> <span class='ocrx_word' id='word_1_89' title='bbox 1382 1135 1509 1189; x_wconf 89' lang='lat' dir='ltr'><strong>Post</strong></span> <span class='ocrx_word' id='word_1_90' title='bbox 1532 1134 1646 1189; x_wconf 73' lang='lat' dir='ltr'><strong>haec</strong></span> <span class='ocrx_word' id='word_1_91' title='bbox 1661 1134 1921 1199; x_wconf 90' lang='lat' dir='ltr'><strong>hortatur,</strong></span> <span class='ocrx_word' id='word_1_92' title='bbox 1955 1144 2011 1187; x_wconf 93' lang='lat' dir='ltr'><strong>ut</strong></span> <span class='ocrx_word' id='word_1_93' title='bbox 2039 1148 2154 1187; x_wconf 87' lang='lat' dir='ltr'><strong>sce-</strong></span> 
     </span>
    </p>
   </div>
   <div class='ocr_carea' id='block_1_13' title="bbox 553 1225 2155 1297">
    <p class='ocr_par' dir='ltr' id='par_1_13' title="bbox 553 1225 2155 1297">
     <span class='ocr_line' id='line_1_13' title="bbox 553 1225 2155 1297; baseline -0.002 -13"><span class='ocrx_word' id='word_1_94' title='bbox 553 1230 683 1284; x_wconf 84' lang='lat' dir='ltr'><strong>leris</strong></span> <span class='ocrx_word' id='word_1_95' title='bbox 712 1245 999 1289; x_wconf 87' lang='lat' dir='ltr'><strong>memores,</strong></span> <span class='ocrx_word' id='word_1_96' title='bbox 1029 1242 1135 1297; x_wconf 91' lang='lat' dir='ltr'><strong>quo</strong></span> <span class='ocrx_word' id='word_1_97' title='bbox 1164 1225 1415 1280; x_wconf 82' lang='lat' dir='ltr'><strong>obstricti</strong></span> <span class='ocrx_word' id='word_1_98' title='bbox 1439 1238 1613 1291; x_wconf 91' lang='lat' dir='ltr'><strong>erant,</strong></span> <span class='ocrx_word' id='word_1_99' title='bbox 1655 1225 1971 1280; x_wconf 77' lang='lat' dir='ltr'><strong>modestiam</strong></span> <span class='ocrx_word' id='word_1_100' title='bbox 1992 1240 2053 1279; x_wconf 91' lang='lat' dir='ltr'><strong>ac</strong></span> <span class='ocrx_word' id='word_1_101' title='bbox 2067 1241 2155 1280; x_wconf 86' lang='lat' dir='ltr'><strong>ve-</strong></span> 
     </span>
    </p>
   </div>
   <div class='ocr_carea' id='block_1_14' title="bbox 552 1320 2157 1395">
    <p class='ocr_par' dir='ltr' id='par_1_14' title="bbox 552 1320 2157 1395">
     <span class='ocr_line' id='line_1_14' title="bbox 552 1320 2157 1395; baseline -0.004 -15"><span class='ocrx_word' id='word_1_102' title='bbox 552 1326 861 1380; x_wconf 87' lang='lat' dir='ltr'><strong>recundiam</strong></span> <span class='ocrx_word' id='word_1_103' title='bbox 890 1344 906 1375; x_wconf 78' lang='grc' dir='ltr'><strong>ι</strong></span> <span class='ocrx_word' id='word_1_104' title='bbox 942 1340 1049 1395; x_wconf 71' lang='lat' dir='ltr'><strong>pt&#39;fn</strong></span> <span class='ocrx_word' id='word_1_105' title='bbox 1080 1339 1138 1378; x_wconf 90' lang='lat' dir='ltr'><strong>se</strong></span> <span class='ocrx_word' id='word_1_106' title='bbox 1167 1323 1387 1389; x_wconf 90' lang='lat' dir='ltr'><strong>ferrent,</strong></span> <span class='ocrx_word' id='word_1_107' title='bbox 1415 1332 1468 1377; x_wconf 91' lang='lat' dir='ltr'><strong>et</strong></span> <span class='ocrx_word' id='word_1_108' title='bbox 1503 1322 1762 1392; x_wconf 90' lang='lat' dir='ltr'><strong>quosdam</strong></span> <span class='ocrx_word' id='word_1_109' title='bbox 1798 1336 1829 1376; x_wconf 93' lang='lat' dir='ltr'><strong>e</strong></span> <span class='ocrx_word' id='word_1_110' title='bbox 1858 1320 2157 1390; x_wconf 79' lang='lat' dir='ltr'><strong>gregalibus</strong></span> 
     </span>
    </p>
   </div>
   <div class='ocr_carea' id='block_1_15' title="bbox 551 1412 2157 1485">
    <p class='ocr_par' dir='ltr' id='par_1_15' title="bbox 551 1412 2157 1485">
     <span class='ocr_line' id='line_1_15' title="bbox 551 1412 2157 1485; baseline -0.003 -14"><span class='ocrx_word' id='word_1_111' title='bbox 551 1418 666 1472; x_wconf 88' lang='lat' dir='ltr'><strong>suis</strong></span> <span class='ocrx_word' id='word_1_112' title='bbox 696 1418 1064 1481; x_wconf 85' lang='lat' dir='ltr'><strong>imitarentur,</strong></span> <span class='ocrx_word' id='word_1_113' title='bbox 1102 1430 1237 1485; x_wconf 92' lang='lat' dir='ltr'><strong>quos</strong></span> <span class='ocrx_word' id='word_1_114' title='bbox 1267 1415 1622 1469; x_wconf 87' lang='lat' dir='ltr'><strong>mansuetudo</strong></span> <span class='ocrx_word' id='word_1_115' title='bbox 1652 1425 1706 1469; x_wconf 85' lang='lat' dir='ltr'><strong>et</strong></span> <span class='ocrx_word' id='word_1_116' title='bbox 1750 1414 1922 1482; x_wconf 90' lang='lat' dir='ltr'><strong>pudor</strong></span> <span class='ocrx_word' id='word_1_117' title='bbox 1946 1423 2000 1468; x_wconf 90' lang='lat' dir='ltr'><strong>et</strong></span> <span class='ocrx_word' id='word_1_118' title='bbox 2030 1412 2157 1467; x_wconf 87' lang='lat' dir='ltr'><strong>reli-</strong></span> 
     </span>
    </p>
   </div>
   <div class='ocr_carea' id='block_1_16' title="bbox 552 1506 2159 1580">
    <p class='ocr_par' dir='ltr' id='par_1_16' title="bbox 552 1506 2159 1580">
     <span class='ocr_line' id='line_1_16' title="bbox 552 1506 2159 1580; baseline -0.002 -17"><span class='ocrx_word' id='word_1_119' title='bbox 552 1510 639 1580; x_wconf 86' lang='lat' dir='ltr'><strong>gio</strong></span> <span class='ocrx_word' id='word_1_120' title='bbox 669 1510 897 1563; x_wconf 68' lang='lat' dir='ltr'><strong>maxime</strong></span> <span class='ocrx_word' id='word_1_121' title='bbox 925 1508 1354 1564; x_wconf 77' lang='lat' dir='ltr'><strong>commendabat.</strong></span> <span class='ocrx_word' id='word_1_122' title='bbox 1402 1506 1555 1575; x_wconf 86' lang='lat' dir='ltr'><strong>Quod</strong></span> <span class='ocrx_word' id='word_1_123' title='bbox 1595 1508 1639 1562; x_wconf 88' lang='lat' dir='ltr'><strong>si</strong></span> <span class='ocrx_word' id='word_1_124' title='bbox 1671 1522 1988 1576; x_wconf 89' lang='lat' dir='ltr'><strong>responsum</strong></span> <span class='ocrx_word' id='word_1_125' title='bbox 2024 1522 2052 1560; x_wconf 90' lang='lat' dir='ltr'><strong>a</strong></span> <span class='ocrx_word' id='word_1_126' title='bbox 2100 1520 2159 1560; x_wconf 92' lang='lat' dir='ltr'><strong>se</strong></span> 
     </span>
    </p>
   </div>
   <div class='ocr_carea' id='block_1_17' title="bbox 549 1600 2156 1669">
    <p class='ocr_par' dir='ltr' id='par_1_17' title="bbox 549 1600 2156 1669">
     <span class='ocr_line' id='line_1_17' title="bbox 549 1600 2156 1669; baseline -0.003 -10"><span class='ocrx_word' id='word_1_127' title='bbox 549 1604 696 1659; x_wconf 86' lang='lat' dir='ltr'><strong>ferre</strong></span> <span class='ocrx_word' id='word_1_128' title='bbox 736 1604 973 1669; x_wconf 78' lang='lat' dir='ltr'><strong>vellent,</strong></span> <span class='ocrx_word' id='word_1_129' title='bbox 1033 1605 1276 1668; x_wconf 91' lang='lat' dir='ltr'><strong>litteras,</strong></span> <span class='ocrx_word' id='word_1_130' title='bbox 1327 1619 1459 1669; x_wconf 87' lang='lat' dir='ltr'><strong>quas</strong></span> <span class='ocrx_word' id='word_1_131' title='bbox 1517 1603 1817 1665; x_wconf 88' lang='lat' dir='ltr'><strong>miserunt,</strong></span> <span class='ocrx_word' id='word_1_132' title='bbox 1854 1600 2156 1666; x_wconf 90' lang='lat' dir='ltr'><strong>relicerint,</strong></span> 
     </span>
    </p>
   </div>
   <div class='ocr_carea' id='block_1_18' title="bbox 554 1696 2158 1767">
    <p class='ocr_par' dir='ltr' id='par_1_18' title="bbox 554 1696 2158 1767">
     <span class='ocr_line' id='line_1_18' title="bbox 554 1696 2158 1767; baseline -0.004 -15"><span class='ocrx_word' id='word_1_133' title='bbox 554 1697 1077 1767; x_wconf 86' lang='lat' dir='ltr'><strong>distinguerintque,</strong></span> <span class='ocrx_word' id='word_1_134' title='bbox 1136 1713 1253 1766; x_wconf 86' lang='lat' dir='ltr'><strong>quae</strong></span> <span class='ocrx_word' id='word_1_135' title='bbox 1306 1696 1533 1765; x_wconf 89' lang='lat' dir='ltr'><strong>quisque</strong></span> <span class='ocrx_word' id='word_1_136' title='bbox 1587 1703 1832 1765; x_wconf 75' lang='lat' dir='ltr'><strong>peteret,</strong></span> <span class='ocrx_word' id='word_1_137' title='bbox 1865 1703 1920 1747; x_wconf 90' lang='lat' dir='ltr'><strong>et</strong></span> <span class='ocrx_word' id='word_1_138' title='bbox 1962 1708 2158 1748; x_wconf 92' lang='lat' dir='ltr'><strong>nomen</strong></span> 
     </span>
    </p>
   </div>
   <div class='ocr_carea' id='block_1_19' title="bbox 2253 483 3852 556">
    <p class='ocr_par' dir='ltr' id='par_1_19' title="bbox 2253 483 3852 556">
     <span class='ocr_line' id='line_1_19' title="bbox 2253 483 3852 556; baseline -0.001 -17"><span class='ocrx_word' id='word_1_139' title='bbox 2253 485 2471 556; x_wconf 90' lang='lat' dir='ltr'><strong>quidam</strong></span> <span class='ocrx_word' id='word_1_140' title='bbox 2523 486 2576 540; x_wconf 90' lang='lat' dir='ltr'><strong>in</strong></span> <span class='ocrx_word' id='word_1_141' title='bbox 2625 486 2870 541; x_wconf 87' lang='lat' dir='ltr'><strong>morbum</strong></span> <span class='ocrx_word' id='word_1_142' title='bbox 2914 486 3266 549; x_wconf 88' lang='lat' dir='ltr'><strong>incidissent,</strong></span> <span class='ocrx_word' id='word_1_143' title='bbox 3299 485 3363 539; x_wconf 93' lang='lat' dir='ltr'><strong>iis</strong></span> <span class='ocrx_word' id='word_1_144' title='bbox 3410 484 3631 539; x_wconf 87' lang='lat' dir='ltr'><strong>omnino</strong></span> <span class='ocrx_word' id='word_1_145' title='bbox 3660 483 3852 538; x_wconf 85' lang='lat' dir='ltr'><strong>subve-</strong></span> 
     </span>
    </p>
   </div>
   <div class='ocr_carea' id='block_1_20' title="bbox 2256 578 3853 648">
    <p class='ocr_par' dir='ltr' id='par_1_20' title="bbox 2256 578 3853 648">
     <span class='ocr_line' id='line_1_20' title="bbox 2256 578 3853 648; baseline 0 -17"><span class='ocrx_word' id='word_1_146' title='bbox 2256 578 2508 633; x_wconf 90' lang='lat' dir='ltr'><strong>niendum</strong></span> <span class='ocrx_word' id='word_1_147' title='bbox 2540 593 2662 634; x_wconf 91' lang='lat' dir='ltr'><strong>esse</strong></span> <span class='ocrx_word' id='word_1_148' title='bbox 2684 619 2698 643; x_wconf 93' lang='lat'><strong>,</strong></span> <span class='ocrx_word' id='word_1_149' title='bbox 2727 579 3022 634; x_wconf 89' lang='lat' dir='ltr'><strong>dummodo</strong></span> <span class='ocrx_word' id='word_1_150' title='bbox 3048 620 3062 643; x_wconf 96' lang='lat'><strong>,</strong></span> <span class='ocrx_word' id='word_1_151' title='bbox 3094 578 3340 648; x_wconf 80' lang='lat' dir='ltr'><strong>inquiunt</strong></span> <span class='ocrx_word' id='word_1_152' title='bbox 3362 619 3377 644; x_wconf 97' lang='lat'><strong>,</strong></span> <span class='ocrx_word' id='word_1_153' title='bbox 3416 596 3435 628; x_wconf 86' lang='grc'><strong>‹</strong></span> <span class='ocrx_word' id='word_1_154' title='bbox 3473 587 3525 632; x_wconf 92' lang='lat' dir='ltr'><strong>et</strong></span> <span class='ocrx_word' id='word_1_155' title='bbox 3554 587 3719 647; x_wconf 88' lang='lat' dir='ltr'><strong>agant</strong></span> <span class='ocrx_word' id='word_1_156' title='bbox 3752 591 3853 646; x_wconf 76' lang='lat' dir='ltr'><strong>pte-</strong></span> 
     </span>
    </p>
   </div>
   <div class='ocr_carea' id='block_1_21' title="bbox 2258 668 3850 743">
    <p class='ocr_par' dir='ltr' id='par_1_21' title="bbox 2258 668 3850 743">
     <span class='ocr_line' id='line_1_21' title="bbox 2258 668 3850 743; baseline 0.001 -20"><span class='ocrx_word' id='word_1_157' title='bbox 2258 671 2536 725; x_wconf 90' lang='lat' dir='ltr'><strong>niteutiam</strong></span> <span class='ocrx_word' id='word_1_158' title='bbox 2564 670 2687 726; x_wconf 90' lang='lat' dir='ltr'><strong>facti</strong></span> <span class='ocrx_word' id='word_1_159' title='bbox 2716 674 2796 726; x_wconf 93' lang='lat' dir='ltr'><strong>sui</strong></span> <span class='ocrx_word' id='word_1_160' title='bbox 2822 682 2877 727; x_wconf 88' lang='lat' dir='ltr'><strong>et</strong></span> <span class='ocrx_word' id='word_1_161' title='bbox 2905 671 3215 727; x_wconf 88' lang='lat' dir='ltr'><strong>desiderent</strong></span> <span class='ocrx_word' id='word_1_162' title='bbox 3236 671 3670 726; x_wconf 84' lang='lat' dir='ltr'><strong>communionem</strong></span> <span class='ocrx_word' id='word_1_163' title='bbox 3706 669 3730 743; x_wconf 96' lang='lat'><strong>(</strong></span> <span class='ocrx_word' id='word_1_164' title='bbox 3762 668 3850 741; x_wconf 84' lang='lat' dir='ltr'><strong>Ep.</strong></span> 
     </span>
    </p>
   </div>
   <div class='ocr_carea' id='block_1_22' title="bbox 2254 761 3851 835">
    <p class='ocr_par' dir='ltr' id='par_1_22' title="bbox 2254 761 3851 835">
     <span class='ocr_line' id='line_1_22' title="bbox 2254 761 3851 835; baseline 0.003 -20"><span class='ocrx_word' id='word_1_165' title='bbox 2254 761 2309 827; x_wconf 74' lang='lat'><strong>2,</strong></span> <span class='ocrx_word' id='word_1_166' title='bbox 2343 763 2473 816; x_wconf 86' lang='lat' dir='ltr'><strong>inter</strong></span> <span class='ocrx_word' id='word_1_167' title='bbox 2503 763 2657 834; x_wconf 83' lang='lat' dir='ltr'><strong>Cypr.</strong></span> <span class='ocrx_word' id='word_1_168' title='bbox 2690 762 2708 835; x_wconf 95' lang='lat'><strong>)</strong></span> <span class='ocrx_word' id='word_1_169' title='bbox 2747 783 2766 815; x_wconf 74' lang='grc' dir='ltr'><strong>ι</strong></span> <span class='ocrx_word' id='word_1_170' title='bbox 2803 773 2964 835; x_wconf 90' lang='lat' dir='ltr'><strong>atque</strong></span> <span class='ocrx_word' id='word_1_171' title='bbox 2996 764 3188 817; x_wconf 89' lang='lat' dir='ltr'><strong>horum</strong></span> <span class='ocrx_word' id='word_1_172' title='bbox 3214 763 3587 817; x_wconf 79' lang='lat' dir='ltr'><strong>auctoritatem</strong></span> <span class='ocrx_word' id='word_1_173' title='bbox 3617 775 3851 818; x_wconf 83' lang='lat' dir='ltr'><strong>secutus.</strong></span> 
     </span>
    </p>
   </div>
   <div class='ocr_carea' id='block_1_23' title="bbox 2254 853 3848 927">
    <p class='ocr_par' dir='ltr' id='par_1_23' title="bbox 2254 853 3848 927">
     <span class='ocr_line' id='line_1_23' title="bbox 2254 853 3848 927; baseline 0.001 -18"><span class='ocrx_word' id='word_1_174' title='bbox 2254 854 2557 925; x_wconf 80' lang='lat' dir='ltr'><strong>Cyprianus</strong></span> <span class='ocrx_word' id='word_1_175' title='bbox 2588 899 2601 923; x_wconf 93' lang='lat'><strong>,</strong></span> <span class='ocrx_word' id='word_1_176' title='bbox 2645 853 2803 910; x_wconf 91' lang='lat' dir='ltr'><strong>Clero</strong></span> <span class='ocrx_word' id='word_1_177' title='bbox 2851 856 2966 925; x_wconf 90' lang='lat' dir='ltr'><strong>ipse</strong></span> <span class='ocrx_word' id='word_1_178' title='bbox 2995 857 3157 910; x_wconf 84' lang='lat' dir='ltr'><strong>etiam</strong></span> <span class='ocrx_word' id='word_1_179' title='bbox 3197 854 3457 924; x_wconf 86' lang='lat' dir='ltr'><strong>scripsit(</strong></span> <span class='ocrx_word' id='word_1_180' title='bbox 3494 853 3661 924; x_wconf 75' lang='lat' dir='ltr'><strong>Epist.</strong></span> <span class='ocrx_word' id='word_1_181' title='bbox 3706 853 3848 927; x_wconf 73' lang='grc'><strong>15),</strong></span> 
     </span>
    </p>
   </div>
   <div class='ocr_carea' id='block_1_24' title="bbox 2262 946 3851 1019">
    <p class='ocr_par' dir='ltr' id='par_1_24' title="bbox 2262 946 3851 1019">
     <span class='ocr_line' id='line_1_24' title="bbox 2262 946 3851 1019; baseline 0.003 -22"><span class='ocrx_word' id='word_1_182' title='bbox 2262 965 2280 997; x_wconf 77' lang='lat' dir='ltr'><strong>t</strong></span> <span class='ocrx_word' id='word_1_183' title='bbox 2330 946 2399 1002; x_wconf 91' lang='lat' dir='ltr'><strong>Ut</strong></span> <span class='ocrx_word' id='word_1_184' title='bbox 2428 949 2516 1014; x_wconf 86' lang='lat' dir='ltr'><strong>qui</strong></span> <span class='ocrx_word' id='word_1_185' title='bbox 2547 948 2782 1001; x_wconf 91' lang='lat' dir='ltr'><strong>libellum</strong></span> <span class='ocrx_word' id='word_1_186' title='bbox 2810 964 2837 999; x_wconf 92' lang='lat' dir='ltr'><strong>a</strong></span> <span class='ocrx_word' id='word_1_187' title='bbox 2868 948 3196 1019; x_wconf 85' lang='lat' dir='ltr'><strong>martyribus</strong></span> <span class='ocrx_word' id='word_1_188' title='bbox 3224 957 3548 1016; x_wconf 87' lang='lat' dir='ltr'><strong>acceperunt</strong></span> <span class='ocrx_word' id='word_1_189' title='bbox 3576 988 3593 1011; x_wconf 94' lang='lat'><strong>,</strong></span> <span class='ocrx_word' id='word_1_190' title='bbox 3625 956 3679 1001; x_wconf 90' lang='lat' dir='ltr'><strong>et</strong></span> <span class='ocrx_word' id='word_1_191' title='bbox 3710 947 3851 1001; x_wconf 77' lang='lat' dir='ltr'><strong>auxi-</strong></span> 
     </span>
    </p>
   </div>
   <div class='ocr_carea' id='block_1_25' title="bbox 2264 1038 3849 1107">
    <p class='ocr_par' dir='ltr' id='par_1_25' title="bbox 2264 1038 3849 1107">
     <span class='ocr_line' id='line_1_25' title="bbox 2264 1038 3849 1107; baseline 0.004 -19"><span class='ocrx_word' id='word_1_192' title='bbox 2264 1056 2281 1088; x_wconf 77' lang='lat' dir='ltr'><strong>t</strong></span> <span class='ocrx_word' id='word_1_193' title='bbox 2331 1038 2405 1092; x_wconf 92' lang='lat' dir='ltr'><strong>lio</strong></span> <span class='ocrx_word' id='word_1_194' title='bbox 2434 1053 2619 1092; x_wconf 91' lang='lat' dir='ltr'><strong>eorum</strong></span> <span class='ocrx_word' id='word_1_195' title='bbox 2650 1038 2892 1107; x_wconf 82' lang='lat' dir='ltr'><strong>adiuvari</strong></span> <span class='ocrx_word' id='word_1_196' title='bbox 2932 1039 3072 1104; x_wconf 90' lang='lat' dir='ltr'><strong>apud</strong></span> <span class='ocrx_word' id='word_1_197' title='bbox 3110 1039 3388 1093; x_wconf 88' lang='lat' dir='ltr'><strong>Dominum</strong></span> <span class='ocrx_word' id='word_1_198' title='bbox 3434 1040 3485 1092; x_wconf 90' lang='lat' dir='ltr'><strong>in</strong></span> <span class='ocrx_word' id='word_1_199' title='bbox 3510 1039 3725 1095; x_wconf 87' lang='lat' dir='ltr'><strong>delictis</strong></span> <span class='ocrx_word' id='word_1_200' title='bbox 3754 1040 3849 1094; x_wconf 89' lang='lat' dir='ltr'><strong>suis</strong></span> 
     </span>
    </p>
   </div>
   <div class='ocr_carea' id='block_1_26' title="bbox 2264 1131 3850 1201">
    <p class='ocr_par' dir='ltr' id='par_1_26' title="bbox 2264 1131 3850 1201">
     <span class='ocr_line' id='line_1_26' title="bbox 2264 1131 3850 1201; baseline 0.003 -20"><span class='ocrx_word' id='word_1_201' title='bbox 2264 1148 2283 1181; x_wconf 74' lang='grc' dir='ltr'><strong>ι</strong></span> <span class='ocrx_word' id='word_1_202' title='bbox 2332 1142 2553 1199; x_wconf 87' lang='lat' dir='ltr'><strong>possunt</strong></span> <span class='ocrx_word' id='word_1_203' title='bbox 2582 1170 2598 1194; x_wconf 88' lang='lat'><strong>,</strong></span> <span class='ocrx_word' id='word_1_204' title='bbox 2637 1132 2681 1185; x_wconf 89' lang='lat' dir='ltr'><strong>si</strong></span> <span class='ocrx_word' id='word_1_205' title='bbox 2727 1132 2895 1201; x_wconf 90' lang='lat' dir='ltr'><strong>premi</strong></span> <span class='ocrx_word' id='word_1_206' title='bbox 2944 1131 3252 1185; x_wconf 84' lang='lat' dir='ltr'><strong>infirmitate</strong></span> <span class='ocrx_word' id='word_1_207' title='bbox 3299 1133 3478 1200; x_wconf 89' lang='lat' dir='ltr'><strong>aliqua</strong></span> <span class='ocrx_word' id='word_1_208' title='bbox 3525 1141 3579 1185; x_wconf 92' lang='lat' dir='ltr'><strong>et</strong></span> <span class='ocrx_word' id='word_1_209' title='bbox 3624 1132 3850 1201; x_wconf 91' lang='lat' dir='ltr'><strong>periculo</strong></span> 
     </span>
    </p>
   </div>
   <div class='ocr_carea' id='block_1_27' title="bbox 2266 1225 3849 1296">
    <p class='ocr_par' dir='ltr' id='par_1_27' title="bbox 2266 1225 3849 1296">
     <span class='ocr_line' id='line_1_27' title="bbox 2266 1225 3849 1296; baseline 0.001 -17"><span class='ocrx_word' id='word_1_210' title='bbox 2266 1245 2284 1279; x_wconf 80' lang='lat' dir='ltr'><strong>r</strong></span> <span class='ocrx_word' id='word_1_211' title='bbox 2330 1226 2593 1295; x_wconf 58' lang='lat' dir='ltr'><strong>coeperint</strong></span> <span class='ocrx_word' id='word_1_212' title='bbox 2617 1267 2632 1293; x_wconf 96' lang='lat'><strong>,</strong></span> <span class='ocrx_word' id='word_1_213' title='bbox 2666 1225 3030 1296; x_wconf 78' lang='lat' dir='ltr'><strong>exornologesi</strong></span> <span class='ocrx_word' id='word_1_214' title='bbox 3064 1226 3197 1280; x_wconf 91' lang='lat' dir='ltr'><strong>facta</strong></span> <span class='ocrx_word' id='word_1_215' title='bbox 3220 1266 3234 1289; x_wconf 88' lang='lat'><strong>,</strong></span> <span class='ocrx_word' id='word_1_216' title='bbox 3264 1235 3319 1281; x_wconf 89' lang='lat' dir='ltr'><strong>et</strong></span> <span class='ocrx_word' id='word_1_217' title='bbox 3361 1241 3523 1280; x_wconf 89' lang='lat' dir='ltr'><strong>manu</strong></span> <span class='ocrx_word' id='word_1_218' title='bbox 3550 1227 3630 1280; x_wconf 84' lang='lat' dir='ltr'><strong>eis</strong></span> <span class='ocrx_word' id='word_1_219' title='bbox 3654 1242 3685 1279; x_wconf 88' lang='lat' dir='ltr'><strong>a</strong></span> <span class='ocrx_word' id='word_1_220' title='bbox 3715 1226 3849 1281; x_wconf 89' lang='lat' dir='ltr'><strong>vobis</strong></span> 
     </span>
    </p>
   </div>
   <div class='ocr_carea' id='block_1_28' title="bbox 2266 1318 3852 1389">
    <p class='ocr_par' dir='ltr' id='par_1_28' title="bbox 2266 1318 3852 1389">
     <span class='ocr_line' id='line_1_28' title="bbox 2266 1318 3852 1389; baseline 0.001 -17"><span class='ocrx_word' id='word_1_221' title='bbox 2266 1336 2283 1368; x_wconf 76' lang='grc' dir='ltr'><strong>ι</strong></span> <span class='ocrx_word' id='word_1_222' title='bbox 2333 1318 2385 1372; x_wconf 89' lang='lat' dir='ltr'><strong>in</strong></span> <span class='ocrx_word' id='word_1_223' title='bbox 2419 1320 2785 1388; x_wconf 61' lang='lat' dir='ltr'><strong>paenitentiam</strong></span> <span class='ocrx_word' id='word_1_224' title='bbox 2832 1320 3081 1387; x_wconf 88' lang='lat' dir='ltr'><strong>imposita</strong></span> <span class='ocrx_word' id='word_1_225' title='bbox 3112 1360 3127 1381; x_wconf 92' lang='lat'><strong>,</strong></span> <span class='ocrx_word' id='word_1_226' title='bbox 3158 1334 3279 1373; x_wconf 92' lang='lat' dir='ltr'><strong>cum</strong></span> <span class='ocrx_word' id='word_1_227' title='bbox 3313 1333 3444 1388; x_wconf 88' lang='lat' dir='ltr'><strong>pace</strong></span> <span class='ocrx_word' id='word_1_228' title='bbox 3475 1334 3503 1371; x_wconf 72' lang='grc' dir='ltr'><strong>ιι</strong></span> <span class='ocrx_word' id='word_1_229' title='bbox 3538 1318 3852 1389; x_wconf 82' lang='lat' dir='ltr'><strong>martyribus</strong></span> 
     </span>
    </p>
   </div>
   <div class='ocr_carea' id='block_1_29' title="bbox 2268 1411 3851 1482">
    <p class='ocr_par' dir='ltr' id='par_1_29' title="bbox 2268 1411 3851 1482">
     <span class='ocr_line' id='line_1_29' title="bbox 2268 1411 3851 1482; baseline 0.004 -21"><span class='ocrx_word' id='word_1_230' title='bbox 2268 1430 2285 1461; x_wconf 73' lang='grc' dir='ltr'><strong>ι</strong></span> <span class='ocrx_word' id='word_1_231' title='bbox 2334 1411 2433 1466; x_wconf 90' lang='lat' dir='ltr'><strong>sibi</strong></span> <span class='ocrx_word' id='word_1_232' title='bbox 2460 1412 2719 1481; x_wconf 88' lang='lat' dir='ltr'><strong>promissa</strong></span> <span class='ocrx_word' id='word_1_233' title='bbox 2745 1412 2811 1466; x_wconf 92' lang='lat' dir='ltr'><strong>ad</strong></span> <span class='ocrx_word' id='word_1_234' title='bbox 2841 1412 3125 1467; x_wconf 87' lang='lat' dir='ltr'><strong>Dominum</strong></span> <span class='ocrx_word' id='word_1_235' title='bbox 3156 1412 3521 1467; x_wconf 90' lang='lat' dir='ltr'><strong>remittantur.</strong></span> <span class='ocrx_word' id='word_1_236' title='bbox 3545 1432 3564 1464; x_wconf 73' lang='grc' dir='ltr'><strong>ι</strong></span> <span class='ocrx_word' id='word_1_237' title='bbox 3592 1411 3701 1467; x_wconf 89' lang='lat' dir='ltr'><strong>Sed</strong></span> <span class='ocrx_word' id='word_1_238' title='bbox 3724 1411 3851 1482; x_wconf 89' lang='lat' dir='ltr'><strong>quod</strong></span> 
     </span>
    </p>
   </div>
   <div class='ocr_carea' id='block_1_30' title="bbox 2262 1505 3850 1576">
    <p class='ocr_par' dir='ltr' id='par_1_30' title="bbox 2262 1505 3850 1576">
     <span class='ocr_line' id='line_1_30' title="bbox 2262 1505 3850 1576; baseline -0.001 -16"><span class='ocrx_word' id='word_1_239' title='bbox 2262 1505 2331 1560; x_wconf 88' lang='lat' dir='ltr'><strong>ad</strong></span> <span class='ocrx_word' id='word_1_240' title='bbox 2372 1515 2597 1560; x_wconf 59' lang='lat' dir='ltr'><strong>caeteros</strong></span> <span class='ocrx_word' id='word_1_241' title='bbox 2639 1506 2943 1575; x_wconf 79' lang='lat' dir='ltr'><strong>spectabat,</strong></span> <span class='ocrx_word' id='word_1_242' title='bbox 2993 1514 3164 1560; x_wconf 85' lang='lat' dir='ltr'><strong>ratum</strong></span> <span class='ocrx_word' id='word_1_243' title='bbox 3230 1506 3357 1560; x_wconf 91' lang='lat' dir='ltr'><strong>illud</strong></span> <span class='ocrx_word' id='word_1_244' title='bbox 3398 1505 3673 1576; x_wconf 81' lang='lat' dir='ltr'><strong>fixumque</strong></span> <span class='ocrx_word' id='word_1_245' title='bbox 3724 1506 3850 1572; x_wconf 91' lang='lat' dir='ltr'><strong>fuit,</strong></span> 
     </span>
    </p>
   </div>
   <div class='ocr_carea' id='block_1_31' title="bbox 2263 1597 3857 1668">
    <p class='ocr_par' dir='ltr' id='par_1_31' title="bbox 2263 1597 3857 1668">
     <span class='ocr_line' id='line_1_31' title="bbox 2263 1597 3857 1668; baseline 0 -15"><span class='ocrx_word' id='word_1_246' title='bbox 2263 1609 2387 1653; x_wconf 89' lang='lat' dir='ltr'><strong>ante</strong></span> <span class='ocrx_word' id='word_1_247' title='bbox 2427 1599 2682 1653; x_wconf 74' lang='lat' dir='ltr'><strong>Ecclesia:</strong></span> <span class='ocrx_word' id='word_1_248' title='bbox 2711 1614 2894 1667; x_wconf 90' lang='lat' dir='ltr'><strong>pacem</strong></span> <span class='ocrx_word' id='word_1_249' title='bbox 2933 1608 2985 1653; x_wconf 88' lang='lat' dir='ltr'><strong>et</strong></span> <span class='ocrx_word' id='word_1_250' title='bbox 3013 1597 3246 1653; x_wconf 89' lang='lat' dir='ltr'><strong>reditum</strong></span> <span class='ocrx_word' id='word_1_251' title='bbox 3288 1600 3665 1668; x_wconf 86' lang='lat' dir='ltr'><strong>episcoporum</strong></span> <span class='ocrx_word' id='word_1_252' title='bbox 3700 1600 3857 1653; x_wconf 85' lang='lat' dir='ltr'><strong>nemi-</strong></span> 
     </span>
    </p>
   </div>
   <div class='ocr_carea' id='block_1_32' title="bbox 2266 1689 3855 1762">
    <p class='ocr_par' dir='ltr' id='par_1_32' title="bbox 2266 1689 3855 1762">
     <span class='ocr_line' id='line_1_32' title="bbox 2266 1689 3855 1762; baseline 0.001 -18"><span class='ocrx_word' id='word_1_253' title='bbox 2266 1706 2388 1745; x_wconf 91' lang='lat' dir='ltr'><strong>nem</strong></span> <span class='ocrx_word' id='word_1_254' title='bbox 2417 1690 2485 1744; x_wconf 91' lang='lat' dir='ltr'><strong>de</strong></span> <span class='ocrx_word' id='word_1_255' title='bbox 2515 1690 2679 1761; x_wconf 87' lang='lat' dir='ltr'><strong>lapsis</strong></span> <span class='ocrx_word' id='word_1_256' title='bbox 2705 1689 2912 1746; x_wconf 86' lang='lat' dir='ltr'><strong>admitti</strong></span> <span class='ocrx_word' id='word_1_257' title='bbox 2953 1699 3229 1762; x_wconf 89' lang='lat' dir='ltr'><strong>oportere.</strong></span> <span class='ocrx_word' id='word_1_258' title='bbox 3280 1690 3463 1761; x_wconf 83' lang='lat' dir='ltr'><strong>Itaque</strong></span> <span class='ocrx_word' id='word_1_259' title='bbox 3504 1701 3559 1745; x_wconf 92' lang='lat' dir='ltr'><strong>et</strong></span> <span class='ocrx_word' id='word_1_260' title='bbox 3600 1691 3668 1745; x_wconf 90' lang='lat' dir='ltr'><strong>ad</strong></span> <span class='ocrx_word' id='word_1_261' title='bbox 3714 1705 3855 1759; x_wconf 86' lang='lat' dir='ltr'><strong>pres-</strong></span> 
     </span>
    </p>
   </div>
   <div class='ocr_carea' id='block_1_33' title="bbox 555 1781 3854 1859">
    <p class='ocr_par' dir='ltr' id='par_1_33' title="bbox 555 1781 3854 1859">
     <span class='ocr_line' id='line_1_33' title="bbox 555 1781 3854 1859; baseline -0.001 -14"><span class='ocrx_word' id='word_1_262' title='bbox 555 1790 682 1845; x_wconf 91' lang='lat' dir='ltr'><strong>item</strong></span> <span class='ocrx_word' id='word_1_263' title='bbox 711 1790 1035 1859; x_wconf 89' lang='lat' dir='ltr'><strong>subjicerent</strong></span> <span class='ocrx_word' id='word_1_264' title='bbox 1067 1788 1416 1859; x_wconf 87' lang='lat' dir='ltr'><strong>singulorum.</strong></span> <span class='ocrx_word' id='word_1_265' title='bbox 1441 1786 1549 1841; x_wconf 87' lang='lat' dir='ltr'><strong>Nec</strong></span> <span class='ocrx_word' id='word_1_266' title='bbox 1576 1797 1753 1841; x_wconf 89' lang='lat' dir='ltr'><strong>tamen</strong></span> <span class='ocrx_word' id='word_1_267' title='bbox 1783 1800 1887 1840; x_wconf 92' lang='lat' dir='ltr'><strong>non</strong></span> <span class='ocrx_word' id='word_1_268' title='bbox 1921 1786 1983 1838; x_wconf 92' lang='lat' dir='ltr'><strong>iis</strong></span> <span class='ocrx_word' id='word_1_269' title='bbox 2004 1786 2163 1839; x_wconf 89' lang='lat' dir='ltr'><strong>etiam</strong></span> <span class='ocrx_word' id='word_1_270' title='bbox 2196 1781 2243 1840; x_wconf 92' lang='lat' dir='ltr'><strong>B</strong></span> <span class='ocrx_word' id='word_1_271' title='bbox 2276 1784 2494 1857; x_wconf 91' lang='lat' dir='ltr'><strong>byteros</strong></span> <span class='ocrx_word' id='word_1_272' title='bbox 2542 1785 2819 1839; x_wconf 82' lang='lat' dir='ltr'><strong>Romanos</strong></span> <span class='ocrx_word' id='word_1_273' title='bbox 2862 1784 2950 1839; x_wconf 89' lang='lat' dir='ltr'><strong>illa</strong></span> <span class='ocrx_word' id='word_1_274' title='bbox 2995 1784 3298 1856; x_wconf 86' lang='lat' dir='ltr'><strong>Cyprianus</strong></span> <span class='ocrx_word' id='word_1_275' title='bbox 3343 1784 3611 1855; x_wconf 87' lang='lat' dir='ltr'><strong>respondit</strong></span> <span class='ocrx_word' id='word_1_276' title='bbox 3641 1785 3661 1853; x_wconf 91' lang='lat'><strong>(</strong></span> <span class='ocrx_word' id='word_1_277' title='bbox 3688 1783 3854 1853; x_wconf 74' lang='lat' dir='ltr'><strong>Epist.</strong></span> 
     </span>
    </p>
   </div>
   <div class='ocr_carea' id='block_1_34' title="bbox 556 1877 2163 1950">
    <p class='ocr_par' dir='ltr' id='par_1_34' title="bbox 556 1877 2163 1950">
     <span class='ocr_line' id='line_1_34' title="bbox 556 1877 2163 1950; baseline -0.004 -14"><span class='ocrx_word' id='word_1_278' title='bbox 556 1882 825 1937; x_wconf 86' lang='lat' dir='ltr'><strong>consuluit</strong></span> <span class='ocrx_word' id='word_1_279' title='bbox 851 1923 864 1940; x_wconf 81' lang='lat'><strong>,</strong></span> <span class='ocrx_word' id='word_1_280' title='bbox 893 1882 981 1950; x_wconf 92' lang='lat' dir='ltr'><strong>qui</strong></span> <span class='ocrx_word' id='word_1_281' title='bbox 1038 1880 1165 1934; x_wconf 91' lang='lat' dir='ltr'><strong>dum</strong></span> <span class='ocrx_word' id='word_1_282' title='bbox 1211 1878 1536 1948; x_wconf 75' lang='lat' dir='ltr'><strong>poenitentia:</strong></span> <span class='ocrx_word' id='word_1_283' title='bbox 1581 1878 1697 1947; x_wconf 85' lang='lat' dir='ltr'><strong>lege</strong></span> <span class='ocrx_word' id='word_1_284' title='bbox 1731 1886 2075 1941; x_wconf 89' lang='lat' dir='ltr'><strong>tenerentur,</strong></span> <span class='ocrx_word' id='word_1_285' title='bbox 2111 1877 2163 1930; x_wconf 92' lang='lat' dir='ltr'><strong>in</strong></span> 
     </span>
    </p>
   </div>
   <div class='ocr_carea' id='block_1_35' title="bbox 555 1968 2160 2027">
    <p class='ocr_par' dir='ltr' id='par_1_35' title="bbox 555 1968 2160 2027">
     <span class='ocr_line' id='line_1_35' title="bbox 555 1968 2160 2027; baseline -0.002 -1"><span class='ocrx_word' id='word_1_286' title='bbox 555 1974 680 2026; x_wconf 74' lang='lat' dir='ltr'><strong>vita:</strong></span> <span class='ocrx_word' id='word_1_287' title='bbox 720 1972 1007 2027; x_wconf 80' lang='lat' dir='ltr'><strong>discrimen</strong></span> <span class='ocrx_word' id='word_1_288' title='bbox 1048 1970 1383 2026; x_wconf 84' lang='lat' dir='ltr'><strong>incidissent.</strong></span> <span class='ocrx_word' id='word_1_289' title='bbox 1420 1970 1629 2024; x_wconf 89' lang='lat' dir='ltr'><strong>Diserte</strong></span> <span class='ocrx_word' id='word_1_290' title='bbox 1672 1971 1817 2023; x_wconf 92' lang='lat' dir='ltr'><strong>enim</strong></span> <span class='ocrx_word' id='word_1_291' title='bbox 1842 1968 1909 2023; x_wconf 91' lang='lat' dir='ltr'><strong>ad</strong></span> <span class='ocrx_word' id='word_1_292' title='bbox 1957 1968 2160 2023; x_wconf 91' lang='lat' dir='ltr'><strong>clerum</strong></span> 
     </span>
    </p>
   </div>
   <div class='ocr_carea' id='block_1_36' title="bbox 556 2064 2167 2136">
    <p class='ocr_par' dir='ltr' id='par_1_36' title="bbox 556 2064 2167 2136">
     <span class='ocr_line' id='line_1_36' title="bbox 556 2064 2167 2136; baseline -0.002 -16"><span class='ocrx_word' id='word_1_293' title='bbox 556 2081 713 2120; x_wconf 91' lang='lat' dir='ltr'><strong>suum</strong></span> <span class='ocrx_word' id='word_1_294' title='bbox 740 2066 949 2134; x_wconf 81' lang='lat' dir='ltr'><strong>scripsit</strong></span> <span class='ocrx_word' id='word_1_295' title='bbox 981 2064 1175 2136; x_wconf 80' lang='lat' dir='ltr'><strong>(Epist.</strong></span> <span class='ocrx_word' id='word_1_296' title='bbox 1232 2064 1321 2133; x_wconf 77' lang='grc'><strong>12)</strong></span> <span class='ocrx_word' id='word_1_297' title='bbox 1348 2108 1361 2130; x_wconf 91' lang='grc'><em>,</em></span> <span class='ocrx_word' id='word_1_298' title='bbox 1394 2064 1466 2118; x_wconf 94' lang='lat' dir='ltr'><strong>uti</strong></span> <span class='ocrx_word' id='word_1_299' title='bbox 1503 2082 1521 2113; x_wconf 77' lang='grc' dir='ltr'><strong>ι</strong></span> <span class='ocrx_word' id='word_1_300' title='bbox 1561 2078 1667 2118; x_wconf 91' lang='lat' dir='ltr'><strong>non</strong></span> <span class='ocrx_word' id='word_1_301' title='bbox 1698 2072 2007 2132; x_wconf 84' lang='lat' dir='ltr'><strong>exspectata</strong></span> <span class='ocrx_word' id='word_1_302' title='bbox 2030 2077 2167 2132; x_wconf 78' lang='lat' dir='ltr'><strong>pra:-</strong></span> 
     </span>
    </p>
   </div>
   <div class='ocr_carea' id='block_1_37' title="bbox 569 2158 2165 2228">
    <p class='ocr_par' dir='ltr' id='par_1_37' title="bbox 569 2158 2165 2228">
     <span class='ocr_line' id='line_1_37' title="bbox 569 2158 2165 2228; baseline -0.003 -15"><span class='ocrx_word' id='word_1_303' title='bbox 569 2158 743 2213; x_wconf 89' lang='lat' dir='ltr'><strong>sentia</strong></span> <span class='ocrx_word' id='word_1_304' title='bbox 769 2168 952 2212; x_wconf 87' lang='lat' dir='ltr'><strong>nostra</strong></span> <span class='ocrx_word' id='word_1_305' title='bbox 982 2201 995 2225; x_wconf 94' lang='lat'><strong>,</strong></span> <span class='ocrx_word' id='word_1_306' title='bbox 1023 2158 1161 2227; x_wconf 89' lang='lat' dir='ltr'><strong>apud</strong></span> <span class='ocrx_word' id='word_1_307' title='bbox 1194 2158 1564 2228; x_wconf 87' lang='lat' dir='ltr'><strong>presbyterum</strong></span> <span class='ocrx_word' id='word_1_308' title='bbox 1596 2170 1990 2226; x_wconf 87' lang='lat' dir='ltr'><strong>quemcumque</strong></span> <span class='ocrx_word' id='word_1_309' title='bbox 2029 2169 2165 2225; x_wconf 70' lang='lat' dir='ltr'><strong>prte-</strong></span> 
     </span>
    </p>
   </div>
   <div class='ocr_carea' id='block_1_38' title="bbox 569 2250 2166 2323">
    <p class='ocr_par' dir='ltr' id='par_1_38' title="bbox 569 2250 2166 2323">
     <span class='ocr_line' id='line_1_38' title="bbox 569 2250 2166 2323; baseline -0.003 -16"><span class='ocrx_word' id='word_1_310' title='bbox 569 2262 817 2319; x_wconf 88' lang='lat' dir='ltr'><strong>sentem,</strong></span> <span class='ocrx_word' id='word_1_311' title='bbox 846 2254 929 2306; x_wconf 84' lang='lat' dir='ltr'><strong>vel</strong></span> <span class='ocrx_word' id='word_1_312' title='bbox 968 2253 1008 2306; x_wconf 90' lang='lat' dir='ltr'><strong>si</strong></span> <span class='ocrx_word' id='word_1_313' title='bbox 1038 2254 1317 2323; x_wconf 88' lang='lat' dir='ltr'><strong>presbyter</strong></span> <span class='ocrx_word' id='word_1_314' title='bbox 1346 2260 1591 2319; x_wconf 88' lang='lat' dir='ltr'><strong>repertus</strong></span> <span class='ocrx_word' id='word_1_315' title='bbox 1620 2266 1725 2305; x_wconf 91' lang='lat' dir='ltr'><strong>non</strong></span> <span class='ocrx_word' id='word_1_316' title='bbox 1766 2250 1964 2317; x_wconf 91' lang='lat' dir='ltr'><strong>fuerit,</strong></span> <span class='ocrx_word' id='word_1_317' title='bbox 1997 2257 2049 2304; x_wconf 90' lang='lat' dir='ltr'><strong>ct</strong></span> <span class='ocrx_word' id='word_1_318' title='bbox 2078 2264 2166 2303; x_wconf 89' lang='lat' dir='ltr'><strong>ur-</strong></span> 
     </span>
    </p>
   </div>
   <div class='ocr_carea' id='block_1_39' title="bbox 565 2344 2169 2417">
    <p class='ocr_par' dir='ltr' id='par_1_39' title="bbox 565 2344 2169 2417">
     <span class='ocr_line' id='line_1_39' title="bbox 565 2344 2169 2417; baseline -0.002 -17"><span class='ocrx_word' id='word_1_319' title='bbox 565 2361 695 2417; x_wconf 80' lang='lat' dir='ltr'><strong>gere</strong></span> <span class='ocrx_word' id='word_1_320' title='bbox 722 2347 897 2400; x_wconf 77' lang='lat' dir='ltr'><strong>exitus</strong></span> <span class='ocrx_word' id='word_1_321' title='bbox 924 2348 1146 2415; x_wconf 78' lang='lat' dir='ltr'><strong>coeperit</strong></span> <span class='ocrx_word' id='word_1_322' title='bbox 1172 2388 1185 2411; x_wconf 93' lang='lat'><strong>,</strong></span> <span class='ocrx_word' id='word_1_323' title='bbox 1220 2346 1359 2415; x_wconf 92' lang='lat' dir='ltr'><strong>apud</strong></span> <span class='ocrx_word' id='word_1_324' title='bbox 1388 2344 1670 2399; x_wconf 84' lang='lat' dir='ltr'><strong>diaconum</strong></span> <span class='ocrx_word' id='word_1_325' title='bbox 1700 2358 1913 2413; x_wconf 84' lang='lat' dir='ltr'><strong>quoque</strong></span> <span class='ocrx_word' id='word_1_326' title='bbox 1942 2358 2169 2398; x_wconf 79' lang='lat' dir='ltr'><strong>exomo—</strong></span> 
     </span>
    </p>
   </div>
   <div class='ocr_carea' id='block_1_40' title="bbox 566 2437 2165 2509">
    <p class='ocr_par' dir='ltr' id='par_1_40' title="bbox 566 2437 2165 2509">
     <span class='ocr_line' id='line_1_40' title="bbox 566 2437 2165 2509; baseline -0.003 -16"><span class='ocrx_word' id='word_1_327' title='bbox 566 2438 769 2509; x_wconf 79' lang='lat' dir='ltr'><strong>logesin</strong></span> <span class='ocrx_word' id='word_1_328' title='bbox 816 2438 993 2493; x_wconf 71' lang='lat' dir='ltr'><strong>facere</strong></span> <span class='ocrx_word' id='word_1_329' title='bbox 1022 2438 1203 2492; x_wconf 89' lang='lat' dir='ltr'><strong>delicti</strong></span> <span class='ocrx_word' id='word_1_330' title='bbox 1250 2440 1331 2492; x_wconf 90' lang='lat' dir='ltr'><strong>sui</strong></span> <span class='ocrx_word' id='word_1_331' title='bbox 1386 2440 1631 2507; x_wconf 83' lang='lat' dir='ltr'><strong>possint,</strong></span> <span class='ocrx_word' id='word_1_332' title='bbox 1682 2446 1738 2490; x_wconf 92' lang='lat' dir='ltr'><strong>ut</strong></span> <span class='ocrx_word' id='word_1_333' title='bbox 1784 2452 1943 2491; x_wconf 91' lang='lat' dir='ltr'><strong>manu</strong></span> <span class='ocrx_word' id='word_1_334' title='bbox 1991 2437 2070 2491; x_wconf 89' lang='lat' dir='ltr'><strong>eis</strong></span> <span class='ocrx_word' id='word_1_335' title='bbox 2115 2437 2165 2489; x_wconf 92' lang='lat' dir='ltr'><strong>in</strong></span> 
     </span>
    </p>
   </div>
   <div class='ocr_carea' id='block_1_41' title="bbox 562 2529 2166 2600">
    <p class='ocr_par' dir='ltr' id='par_1_41' title="bbox 562 2529 2166 2600">
     <span class='ocr_line' id='line_1_41' title="bbox 562 2529 2166 2600; baseline -0.002 -13"><span class='ocrx_word' id='word_1_336' title='bbox 562 2531 931 2599; x_wconf 74' lang='lat' dir='ltr'><strong>pmuitentiam</strong></span> <span class='ocrx_word' id='word_1_337' title='bbox 967 2531 1237 2600; x_wconf 90' lang='lat' dir='ltr'><strong>imposita,</strong></span> <span class='ocrx_word' id='word_1_338' title='bbox 1264 2531 1475 2584; x_wconf 81' lang='lat' dir='ltr'><strong>veniant</strong></span> <span class='ocrx_word' id='word_1_339' title='bbox 1508 2529 1574 2583; x_wconf 92' lang='lat' dir='ltr'><strong>ad</strong></span> <span class='ocrx_word' id='word_1_340' title='bbox 1613 2529 1897 2584; x_wconf 92' lang='lat' dir='ltr'><strong>Dominum</strong></span> <span class='ocrx_word' id='word_1_341' title='bbox 1926 2544 2047 2583; x_wconf 90' lang='lat' dir='ltr'><strong>cum</strong></span> <span class='ocrx_word' id='word_1_342' title='bbox 2071 2544 2166 2599; x_wconf 89' lang='lat' dir='ltr'><strong>pa-</strong></span> 
     </span>
    </p>
   </div>
   <div class='ocr_carea' id='block_1_42' title="bbox 563 2622 2170 2694">
    <p class='ocr_par' dir='ltr' id='par_1_42' title="bbox 563 2622 2170 2694">
     <span class='ocr_line' id='line_1_42' title="bbox 563 2622 2170 2694; baseline -0.001 -15"><span class='ocrx_word' id='word_1_343' title='bbox 563 2638 625 2679; x_wconf 91' lang='lat' dir='ltr'><strong>cc</strong></span> <span class='ocrx_word' id='word_1_344' title='bbox 650 2668 665 2691; x_wconf 93' lang='lat'><strong>,</strong></span> <span class='ocrx_word' id='word_1_345' title='bbox 689 2640 850 2694; x_wconf 90' lang='lat' dir='ltr'><strong>quam</strong></span> <span class='ocrx_word' id='word_1_346' title='bbox 898 2624 1013 2679; x_wconf 86' lang='lat' dir='ltr'><strong>dari</strong></span> <span class='ocrx_word' id='word_1_347' title='bbox 1047 2635 1310 2694; x_wconf 83' lang='lat' dir='ltr'><strong>martyres</strong></span> <span class='ocrx_word' id='word_1_348' title='bbox 1350 2624 1542 2678; x_wconf 83' lang='lat' dir='ltr'><strong>litteris</strong></span> <span class='ocrx_word' id='word_1_349' title='bbox 1570 2623 1635 2677; x_wconf 87' lang='lat' dir='ltr'><strong>ad</strong></span> <span class='ocrx_word' id='word_1_350' title='bbox 1663 2637 1761 2677; x_wconf 92' lang='lat' dir='ltr'><strong>nos</strong></span> <span class='ocrx_word' id='word_1_351' title='bbox 1785 2623 1938 2677; x_wconf 85' lang='lat' dir='ltr'><strong>factis</strong></span> <span class='ocrx_word' id='word_1_352' title='bbox 1960 2622 2170 2678; x_wconf 90' lang='lat' dir='ltr'><strong>deside-</strong></span> 
     </span>
    </p>
   </div>
   <div class='ocr_carea' id='block_1_43' title="bbox 568 2714 2170 2786">
    <p class='ocr_par' dir='ltr' id='par_1_43' title="bbox 568 2714 2170 2786">
     <span class='ocr_line' id='line_1_43' title="bbox 568 2714 2170 2786; baseline 0 -15"><span class='ocrx_word' id='word_1_353' title='bbox 568 2717 761 2771; x_wconf 88' lang='lat' dir='ltr'><strong>rarint.</strong></span> <span class='ocrx_word' id='word_1_354' title='bbox 793 2736 811 2767; x_wconf 71' lang='grc' dir='ltr'><strong>ι</strong></span> <span class='ocrx_word' id='word_1_355' title='bbox 840 2716 969 2784; x_wconf 64' lang='lat' dir='ltr'><strong>Quir</strong></span> <span class='ocrx_word' id='word_1_356' title='bbox 998 2716 1211 2786; x_wconf 85' lang='lat' dir='ltr'><strong>quidem</strong></span> <span class='ocrx_word' id='word_1_357' title='bbox 1238 2714 1399 2770; x_wconf 85' lang='lat' dir='ltr'><strong>verba</strong></span> <span class='ocrx_word' id='word_1_358' title='bbox 1428 2728 1749 2785; x_wconf 85' lang='lat' dir='ltr'><strong>argumento</strong></span> <span class='ocrx_word' id='word_1_359' title='bbox 1772 2731 1894 2771; x_wconf 82' lang='lat' dir='ltr'><strong>esse</strong></span> <span class='ocrx_word' id='word_1_360' title='bbox 1923 2716 2170 2771; x_wconf 88' lang='lat' dir='ltr'><strong>videntur</strong></span> 
     </span>
    </p>
   </div>
   <div class='ocr_carea' id='block_1_44' title="bbox 565 2808 2169 2878">
    <p class='ocr_par' dir='ltr' id='par_1_44' title="bbox 565 2808 2169 2878">
     <span class='ocr_line' id='line_1_44' title="bbox 565 2808 2169 2878; baseline 0.001 -17"><span class='ocrx_word' id='word_1_361' title='bbox 565 2810 656 2878; x_wconf 89' lang='lat' dir='ltr'><strong>qui</strong></span> <span class='ocrx_word' id='word_1_362' title='bbox 691 2820 800 2862; x_wconf 92' lang='lat' dir='ltr'><strong>tum</strong></span> <span class='ocrx_word' id='word_1_363' title='bbox 832 2825 859 2860; x_wconf 89' lang='lat' dir='ltr'><strong>a</strong></span> <span class='ocrx_word' id='word_1_364' title='bbox 890 2809 1146 2863; x_wconf 86' lang='lat' dir='ltr'><strong>societate</strong></span> <span class='ocrx_word' id='word_1_365' title='bbox 1176 2808 1381 2878; x_wconf 87' lang='lat' dir='ltr'><strong>piorum</strong></span> <span class='ocrx_word' id='word_1_366' title='bbox 1407 2808 1861 2877; x_wconf 75' lang='lat' dir='ltr'><strong>rejectiEcclesia:</strong></span> <span class='ocrx_word' id='word_1_367' title='bbox 1883 2810 1952 2864; x_wconf 91' lang='lat' dir='ltr'><strong>ob</strong></span> <span class='ocrx_word' id='word_1_368' title='bbox 1974 2810 2169 2863; x_wconf 81' lang='lat' dir='ltr'><strong>amissa</strong></span> 
     </span>
    </p>
   </div>
   <div class='ocr_carea' id='block_1_45' title="bbox 566 2900 2169 2973">
    <p class='ocr_par' dir='ltr' id='par_1_45' title="bbox 566 2900 2169 2973">
     <span class='ocr_line' id='line_1_45' title="bbox 566 2900 2169 2973; baseline 0.001 -17"><span class='ocrx_word' id='word_1_369' title='bbox 566 2918 662 2956; x_wconf 90' lang='lat' dir='ltr'><strong>sua</strong></span> <span class='ocrx_word' id='word_1_370' title='bbox 706 2902 1108 2957; x_wconf 71' lang='lat' dir='ltr'><strong>satisfaciebant</strong></span> <span class='ocrx_word' id='word_1_371' title='bbox 1142 2945 1155 2968; x_wconf 95' lang='lat'><strong>,</strong></span> <span class='ocrx_word' id='word_1_372' title='bbox 1207 2904 1415 2971; x_wconf 87' lang='lat' dir='ltr'><strong>privato</strong></span> <span class='ocrx_word' id='word_1_373' title='bbox 1460 2900 1573 2957; x_wconf 85' lang='lat' dir='ltr'><strong>fere</strong></span> <span class='ocrx_word' id='word_1_374' title='bbox 1613 2902 1815 2972; x_wconf 92' lang='lat' dir='ltr'><strong>judicio</strong></span> <span class='ocrx_word' id='word_1_375' title='bbox 1846 2902 2169 2973; x_wconf 88' lang='lat' dir='ltr'><strong>jampridem</strong></span> 
     </span>
    </p>
   </div>
   <div class='ocr_carea' id='block_1_46' title="bbox 566 2995 2171 3067">
    <p class='ocr_par' dir='ltr' id='par_1_46' title="bbox 566 2995 2171 3067">
     <span class='ocr_line' id='line_1_46' title="bbox 566 2995 2171 3067; baseline 0.001 -18"><span class='ocrx_word' id='word_1_376' title='bbox 566 2996 884 3061; x_wconf 88' lang='lat' dir='ltr'><strong>absolutos,</strong></span> <span class='ocrx_word' id='word_1_377' title='bbox 915 2995 1243 3051; x_wconf 79' lang='lat' dir='ltr'><strong>admissione</strong></span> <span class='ocrx_word' id='word_1_378' title='bbox 1277 3004 1481 3050; x_wconf 90' lang='lat' dir='ltr'><strong>tantum</strong></span> <span class='ocrx_word' id='word_1_379' title='bbox 1515 2998 1891 3067; x_wconf 90' lang='lat' dir='ltr'><strong>sententiaque</strong></span> <span class='ocrx_word' id='word_1_380' title='bbox 1939 2996 2171 3052; x_wconf 90' lang='lat' dir='ltr'><strong>solemni</strong></span> 
     </span>
    </p>
   </div>
   <div class='ocr_carea' id='block_1_47' title="bbox 565 3088 2167 3158">
    <p class='ocr_par' dir='ltr' id='par_1_47' title="bbox 565 3088 2167 3158">
     <span class='ocr_line' id='line_1_47' title="bbox 565 3088 2167 3158; baseline 0.001 -16"><span class='ocrx_word' id='word_1_381' title='bbox 565 3090 779 3158; x_wconf 86' lang='lat' dir='ltr'><strong>eguisse</strong></span> <span class='ocrx_word' id='word_1_382' title='bbox 833 3104 991 3156; x_wconf 91' lang='lat' dir='ltr'><strong>quam</strong></span> <span class='ocrx_word' id='word_1_383' title='bbox 1046 3099 1099 3141; x_wconf 90' lang='lat' dir='ltr'><strong>ct</strong></span> <span class='ocrx_word' id='word_1_384' title='bbox 1141 3088 1402 3143; x_wconf 89' lang='lat' dir='ltr'><strong>diaconus</strong></span> <span class='ocrx_word' id='word_1_385' title='bbox 1431 3105 1497 3143; x_wconf 79' lang='lat' dir='ltr'><strong>ex</strong></span> <span class='ocrx_word' id='word_1_386' title='bbox 1525 3089 1769 3158; x_wconf 86' lang='lat' dir='ltr'><strong>episcopi</strong></span> <span class='ocrx_word' id='word_1_387' title='bbox 1799 3089 2121 3144; x_wconf 86' lang='lat' dir='ltr'><strong>auctoritate</strong></span> <span class='ocrx_word' id='word_1_388' title='bbox 2154 3131 2167 3153; x_wconf 87' lang='lat'><strong>,</strong></span> 
     </span>
    </p>
   </div>
   <div class='ocr_carea' id='block_1_48' title="bbox 2269 1877 3855 1950">
    <p class='ocr_par' dir='ltr' id='par_1_48' title="bbox 2269 1877 3855 1950">
     <span class='ocr_line' id='line_1_48' title="bbox 2269 1877 3855 1950; baseline 0 -17"><span class='ocrx_word' id='word_1_389' title='bbox 2269 1877 2382 1949; x_wconf 78' lang='lat' dir='ltr'>H)</span> <span class='ocrx_word' id='word_1_390' title='bbox 2416 1895 2430 1931; x_wconf 91' lang='lat'><strong>:</strong></span> <span class='ocrx_word' id='word_1_391' title='bbox 2471 1897 2490 1930; x_wconf 84' lang='lat' dir='ltr'><strong>r</strong></span> <span class='ocrx_word' id='word_1_392' title='bbox 2526 1878 2689 1933; x_wconf 89' lang='lat' dir='ltr'><strong>Plane</strong></span> <span class='ocrx_word' id='word_1_393' title='bbox 2719 1888 3042 1933; x_wconf 66' lang='lat' dir='ltr'><strong>cancrorum</strong></span> <span class='ocrx_word' id='word_1_394' title='bbox 3080 1894 3270 1935; x_wconf 90' lang='lat' dir='ltr'><strong>causas</strong></span> <span class='ocrx_word' id='word_1_395' title='bbox 3292 1921 3306 1945; x_wconf 95' lang='lat'><strong>,</strong></span> <span class='ocrx_word' id='word_1_396' title='bbox 3357 1880 3594 1950; x_wconf 83' lang='lat' dir='ltr'><strong>quamvis</strong></span> <span class='ocrx_word' id='word_1_397' title='bbox 3624 1878 3806 1933; x_wconf 89' lang='lat' dir='ltr'><strong>libello</strong></span> <span class='ocrx_word' id='word_1_398' title='bbox 3829 1894 3855 1933; x_wconf 73' lang='grc' dir='ltr'><strong>ιι</strong></span> 
     </span>
    </p>
   </div>
   <div class='ocr_carea' id='block_1_49' title="bbox 2275 1970 3857 2042">
    <p class='ocr_par' dir='ltr' id='par_1_49' title="bbox 2275 1970 3857 2042">
     <span class='ocr_line' id='line_1_49' title="bbox 2275 1970 3857 2042; baseline 0.001 -19"><span class='ocrx_word' id='word_1_399' title='bbox 2275 1990 2292 2021; x_wconf 86' lang='grc'><em>‹</em></span> <span class='ocrx_word' id='word_1_400' title='bbox 2342 1970 2668 2041; x_wconf 88' lang='lat' dir='ltr'><strong>martyribus</strong></span> <span class='ocrx_word' id='word_1_401' title='bbox 2706 1982 2931 2042; x_wconf 89' lang='lat' dir='ltr'><strong>accepto</strong></span> <span class='ocrx_word' id='word_1_402' title='bbox 2955 2015 2969 2038; x_wconf 92' lang='lat'><strong>,</strong></span> <span class='ocrx_word' id='word_1_403' title='bbox 3006 1971 3212 2027; x_wconf 82' lang='lat' dir='ltr'><strong>differri</strong></span> <span class='ocrx_word' id='word_1_404' title='bbox 3244 1971 3529 2035; x_wconf 90' lang='lat' dir='ltr'><strong>mandavi,</strong></span> <span class='ocrx_word' id='word_1_405' title='bbox 3556 1980 3609 2025; x_wconf 89' lang='lat' dir='ltr'><strong>et</strong></span> <span class='ocrx_word' id='word_1_406' title='bbox 3648 1971 3702 2025; x_wconf 90' lang='lat' dir='ltr'><strong>in</strong></span> <span class='ocrx_word' id='word_1_407' title='bbox 3741 1986 3857 2025; x_wconf 85' lang='lat' dir='ltr'><strong>nos-</strong></span> 
     </span>
    </p>
   </div>
   <div class='ocr_carea' id='block_1_50' title="bbox 2275 2062 3853 2133">
    <p class='ocr_par' dir='ltr' id='par_1_50' title="bbox 2275 2062 3853 2133">
     <span class='ocr_line' id='line_1_50' title="bbox 2275 2062 3853 2133; baseline 0 -18"><span class='ocrx_word' id='word_1_408' title='bbox 2275 2080 2294 2115; x_wconf 75' lang='grc' dir='ltr'>ί</span> <span class='ocrx_word' id='word_1_409' title='bbox 2343 2072 2477 2117; x_wconf 91' lang='lat' dir='ltr'><strong>tram</strong></span> <span class='ocrx_word' id='word_1_410' title='bbox 2514 2063 2852 2132; x_wconf 61' lang='lat' dir='ltr'><strong>praesentiam</strong></span> <span class='ocrx_word' id='word_1_411' title='bbox 2881 2064 3172 2127; x_wconf 89' lang='lat' dir='ltr'><strong>reservari,</strong></span> <span class='ocrx_word' id='word_1_412' title='bbox 3206 2072 3264 2117; x_wconf 91' lang='lat' dir='ltr'><strong>ut</strong></span> <span class='ocrx_word' id='word_1_413' title='bbox 3284 2079 3406 2117; x_wconf 91' lang='lat' dir='ltr'><strong>eum</strong></span> <span class='ocrx_word' id='word_1_414' title='bbox 3433 2077 3564 2133; x_wconf 90' lang='lat' dir='ltr'><strong>pace</strong></span> <span class='ocrx_word' id='word_1_415' title='bbox 3589 2078 3616 2115; x_wconf 91' lang='lat' dir='ltr'><strong>a</strong></span> <span class='ocrx_word' id='word_1_416' title='bbox 3640 2062 3853 2116; x_wconf 89' lang='lat' dir='ltr'><strong>Domino</strong></span> 
     </span>
    </p>
   </div>
   <div class='ocr_carea' id='block_1_51' title="bbox 2276 2156 3849 2226">
    <p class='ocr_par' dir='ltr' id='par_1_51' title="bbox 2276 2156 3849 2226">
     <span class='ocr_line' id='line_1_51' title="bbox 2276 2156 3849 2226; baseline 0.001 -20"><span class='ocrx_word' id='word_1_417' title='bbox 2276 2173 2294 2206; x_wconf 79' lang='grc' dir='ltr'><strong>ι</strong></span> <span class='ocrx_word' id='word_1_418' title='bbox 2344 2156 2498 2211; x_wconf 90' lang='lat' dir='ltr'><strong>nobis</strong></span> <span class='ocrx_word' id='word_1_419' title='bbox 2538 2156 2661 2210; x_wconf 90' lang='lat' dir='ltr'><strong>data</strong></span> <span class='ocrx_word' id='word_1_420' title='bbox 2708 2156 2888 2225; x_wconf 90' lang='lat' dir='ltr'><strong>plures</strong></span> <span class='ocrx_word' id='word_1_421' title='bbox 2935 2156 3207 2226; x_wconf 68' lang='lat' dir='ltr'><strong>praepositi</strong></span> <span class='ocrx_word' id='word_1_422' title='bbox 3266 2157 3560 2211; x_wconf 91' lang='lat' dir='ltr'><strong>convenire</strong></span> <span class='ocrx_word' id='word_1_423' title='bbox 3604 2156 3653 2209; x_wconf 91' lang='lat' dir='ltr'><strong>in</strong></span> <span class='ocrx_word' id='word_1_424' title='bbox 3694 2170 3849 2209; x_wconf 90' lang='lat' dir='ltr'><strong>unum</strong></span> 
     </span>
    </p>
   </div>
   <div class='ocr_carea' id='block_1_52' title="bbox 2278 2248 3857 2320">
    <p class='ocr_par' dir='ltr' id='par_1_52' title="bbox 2278 2248 3857 2320">
     <span class='ocr_line' id='line_1_52' title="bbox 2278 2248 3857 2320; baseline -0.001 -17"><span class='ocrx_word' id='word_1_425' title='bbox 2278 2270 2295 2303; x_wconf 78' lang='grc' dir='ltr'><strong>ι</strong></span> <span class='ocrx_word' id='word_1_426' title='bbox 2343 2252 2670 2320; x_wconf 86' lang='lat' dir='ltr'><strong>coeperimus</strong></span> <span class='ocrx_word' id='word_1_427' title='bbox 2695 2293 2710 2318; x_wconf 97' lang='lat'><strong>,</strong></span> <span class='ocrx_word' id='word_1_428' title='bbox 2737 2252 3132 2305; x_wconf 90' lang='lat' dir='ltr'><strong>communicato</strong></span> <span class='ocrx_word' id='word_1_429' title='bbox 3156 2250 3318 2305; x_wconf 90' lang='lat' dir='ltr'><strong>etiam</strong></span> <span class='ocrx_word' id='word_1_430' title='bbox 3348 2248 3627 2304; x_wconf 89' lang='lat' dir='ltr'><strong>vobiscum</strong></span> <span class='ocrx_word' id='word_1_431' title='bbox 3650 2248 3857 2302; x_wconf 87' lang='lat' dir='ltr'><strong>consilio</strong></span> 
     </span>
    </p>
   </div>
   <div class='ocr_carea' id='block_1_53' title="bbox 2277 2342 3856 2415">
    <p class='ocr_par' dir='ltr' id='par_1_53' title="bbox 2277 2342 3856 2415">
     <span class='ocr_line' id='line_1_53' title="bbox 2277 2342 3856 2415; baseline 0.001 -20"><span class='ocrx_word' id='word_1_432' title='bbox 2277 2363 2295 2395; x_wconf 76' lang='grc' dir='ltr'><strong>ι</strong></span> <span class='ocrx_word' id='word_1_433' title='bbox 2343 2344 2629 2415; x_wconf 86' lang='lat' dir='ltr'><strong>disponere</strong></span> <span class='ocrx_word' id='word_1_434' title='bbox 2668 2345 2874 2415; x_wconf 89' lang='lat' dir='ltr'><strong>singula</strong></span> <span class='ocrx_word' id='word_1_435' title='bbox 2922 2356 2975 2400; x_wconf 94' lang='lat' dir='ltr'><strong>et</strong></span> <span class='ocrx_word' id='word_1_436' title='bbox 3018 2344 3313 2399; x_wconf 83' lang='lat' dir='ltr'><strong>reformare</strong></span> <span class='ocrx_word' id='word_1_437' title='bbox 3354 2345 3643 2413; x_wconf 90' lang='lat' dir='ltr'><strong>possimus.</strong></span> <span class='ocrx_word' id='word_1_438' title='bbox 3682 2362 3697 2395; x_wconf 86' lang='lat' dir='ltr'><strong>I</strong></span> <span class='ocrx_word' id='word_1_439' title='bbox 3734 2342 3856 2397; x_wconf 85' lang='lat' dir='ltr'><strong>Tum</strong></span> 
     </span>
    </p>
   </div>
   <div class='ocr_carea' id='block_1_54' title="bbox 2270 2434 3855 2506">
    <p class='ocr_par' dir='ltr' id='par_1_54' title="bbox 2270 2434 3855 2506">
     <span class='ocr_line' id='line_1_54' title="bbox 2270 2434 3855 2506; baseline -0.004 -13"><span class='ocrx_word' id='word_1_440' title='bbox 2270 2439 2418 2493; x_wconf 89' lang='lat' dir='ltr'><strong>clero</strong></span> <span class='ocrx_word' id='word_1_441' title='bbox 2459 2441 2620 2494; x_wconf 90' lang='lat' dir='ltr'><strong>etiam</strong></span> <span class='ocrx_word' id='word_1_442' title='bbox 2663 2454 2762 2493; x_wconf 91' lang='lat' dir='ltr'><strong>suo</strong></span> <span class='ocrx_word' id='word_1_443' title='bbox 2816 2440 2887 2492; x_wconf 87' lang='lat' dir='ltr'><strong>ita</strong></span> <span class='ocrx_word' id='word_1_444' title='bbox 2930 2436 3219 2492; x_wconf 90' lang='lat' dir='ltr'><strong>convenire</strong></span> <span class='ocrx_word' id='word_1_445' title='bbox 3271 2434 3855 2506; x_wconf 75' lang='lat' dir='ltr'><strong>ostendit(Epist.i&#39;5):</strong></span> 
     </span>
    </p>
   </div>
   <div class='ocr_carea' id='block_1_55' title="bbox 2344 2529 3861 2602">
    <p class='ocr_par' dir='ltr' id='par_1_55' title="bbox 2344 2529 3861 2602">
     <span class='ocr_line' id='line_1_55' title="bbox 2344 2529 3861 2602; baseline -0.002 -16"><span class='ocrx_word' id='word_1_446' title='bbox 2344 2532 2518 2598; x_wconf 91' lang='lat' dir='ltr'><strong>Quum</strong></span> <span class='ocrx_word' id='word_1_447' title='bbox 2544 2574 2559 2599; x_wconf 92' lang='lat'><strong>,</strong></span> <span class='ocrx_word' id='word_1_448' title='bbox 2604 2532 2812 2602; x_wconf 86' lang='lat' dir='ltr'><strong>inquit,</strong></span> <span class='ocrx_word' id='word_1_449' title='bbox 2854 2531 3210 2601; x_wconf 82' lang='lat' dir='ltr'><strong>irreligiosum</strong></span> <span class='ocrx_word' id='word_1_450' title='bbox 3239 2540 3321 2583; x_wconf 83' lang='lat' dir='ltr'><strong>est</strong></span> <span class='ocrx_word' id='word_1_451' title='bbox 3349 2572 3364 2596; x_wconf 89' lang='lat'><strong>,</strong></span> <span class='ocrx_word' id='word_1_452' title='bbox 3410 2540 3465 2583; x_wconf 91' lang='lat' dir='ltr'><strong>et</strong></span> <span class='ocrx_word' id='word_1_453' title='bbox 3497 2529 3627 2599; x_wconf 87' lang='lat' dir='ltr'><strong>ipsis</strong></span> <span class='ocrx_word' id='word_1_454' title='bbox 3665 2544 3861 2599; x_wconf 89' lang='lat' dir='ltr'><strong>quoque</strong></span> 
     </span>
    </p>
   </div>
   <div class='ocr_carea' id='block_1_56' title="bbox 2346 2624 3860 2695">
    <p class='ocr_par' dir='ltr' id='par_1_56' title="bbox 2346 2624 3860 2695">
     <span class='ocr_line' id='line_1_56' title="bbox 2346 2624 3860 2695; baseline -0.001 -15"><span class='ocrx_word' id='word_1_455' title='bbox 2346 2626 2725 2682; x_wconf 90' lang='lat' dir='ltr'><strong>festinantibus</strong></span> <span class='ocrx_word' id='word_1_456' title='bbox 2759 2626 3158 2695; x_wconf 85' lang='lat' dir='ltr'><strong>perniciosum,</strong></span> <span class='ocrx_word' id='word_1_457' title='bbox 3208 2635 3268 2679; x_wconf 90' lang='lat' dir='ltr'><strong>ut</strong></span> <span class='ocrx_word' id='word_1_458' title='bbox 3307 2640 3428 2679; x_wconf 92' lang='lat' dir='ltr'><strong>cum</strong></span> <span class='ocrx_word' id='word_1_459' title='bbox 3468 2634 3718 2680; x_wconf 78' lang='lat' dir='ltr'><strong>extorres</strong></span> <span class='ocrx_word' id='word_1_460' title='bbox 3749 2624 3860 2679; x_wconf 83' lang='lat' dir='ltr'><strong>facti</strong></span> 
     </span>
    </p>
   </div>
   <div class='ocr_carea' id='block_1_57' title="bbox 2346 2717 3860 2790">
    <p class='ocr_par' dir='ltr' id='par_1_57' title="bbox 2346 2717 3860 2790">
     <span class='ocr_line' id='line_1_57' title="bbox 2346 2717 3860 2790; baseline -0.003 -15"><span class='ocrx_word' id='word_1_461' title='bbox 2346 2730 2401 2775; x_wconf 90' lang='lat' dir='ltr'><strong>et</strong></span> <span class='ocrx_word' id='word_1_462' title='bbox 2426 2720 2595 2790; x_wconf 90' lang='lat' dir='ltr'><strong>patria</strong></span> <span class='ocrx_word' id='word_1_463' title='bbox 2628 2720 2763 2789; x_wconf 91' lang='lat' dir='ltr'><strong>pulsi</strong></span> <span class='ocrx_word' id='word_1_464' title='bbox 2790 2734 2853 2775; x_wconf 90' lang='lat' dir='ltr'><strong>ac</strong></span> <span class='ocrx_word' id='word_1_465' title='bbox 2884 2720 3038 2774; x_wconf 86' lang='lat' dir='ltr'><strong>bonis</strong></span> <span class='ocrx_word' id='word_1_466' title='bbox 3069 2720 3181 2773; x_wconf 92' lang='lat' dir='ltr'><strong>suis</strong></span> <span class='ocrx_word' id='word_1_467' title='bbox 3212 2718 3465 2773; x_wconf 91' lang='lat' dir='ltr'><strong>omnibus</strong></span> <span class='ocrx_word' id='word_1_468' title='bbox 3495 2717 3707 2786; x_wconf 86' lang='lat' dir='ltr'><strong>spoliati</strong></span> <span class='ocrx_word' id='word_1_469' title='bbox 3734 2732 3860 2772; x_wconf 83' lang='lat' dir='ltr'><strong>non-</strong></span> 
     </span>
    </p>
   </div>
   <div class='ocr_carea' id='block_1_58' title="bbox 2344 2809 3861 2879">
    <p class='ocr_par' dir='ltr' id='par_1_58' title="bbox 2344 2809 3861 2879">
     <span class='ocr_line' id='line_1_58' title="bbox 2344 2809 3861 2879; baseline -0.001 -14"><span class='ocrx_word' id='word_1_470' title='bbox 2344 2810 2472 2865; x_wconf 91' lang='lat' dir='ltr'><strong>dum</strong></span> <span class='ocrx_word' id='word_1_471' title='bbox 2514 2810 2581 2865; x_wconf 92' lang='lat' dir='ltr'><strong>ad</strong></span> <span class='ocrx_word' id='word_1_472' title='bbox 2630 2810 2931 2866; x_wconf 86' lang='lat' dir='ltr'><strong>Ecclesiam</strong></span> <span class='ocrx_word' id='word_1_473' title='bbox 2979 2810 3279 2875; x_wconf 90' lang='lat' dir='ltr'><strong>redierint,</strong></span> <span class='ocrx_word' id='word_1_474' title='bbox 3330 2809 3549 2879; x_wconf 89' lang='lat' dir='ltr'><strong>quidam</strong></span> <span class='ocrx_word' id='word_1_475' title='bbox 3593 2809 3661 2865; x_wconf 90' lang='lat' dir='ltr'><strong>de</strong></span> <span class='ocrx_word' id='word_1_476' title='bbox 3712 2810 3861 2879; x_wconf 82' lang='lat' dir='ltr'><strong>lapsis</strong></span> 
     </span>
    </p>
   </div>
   <div class='ocr_carea' id='block_1_59' title="bbox 2347 2902 3865 2973">
    <p class='ocr_par' dir='ltr' id='par_1_59' title="bbox 2347 2902 3865 2973">
     <span class='ocr_line' id='line_1_59' title="bbox 2347 2902 3865 2973; baseline 0.001 -16"><span class='ocrx_word' id='word_1_477' title='bbox 2347 2903 2687 2959; x_wconf 83' lang='lat' dir='ltr'><strong>confessores</strong></span> <span class='ocrx_word' id='word_1_478' title='bbox 2711 2906 2855 2973; x_wconf 88' lang='lat' dir='ltr'><strong>ipsos</strong></span> <span class='ocrx_word' id='word_1_479' title='bbox 2881 2903 3207 2973; x_wconf 73' lang='lat' dir='ltr'><strong>prazvenire,</strong></span> <span class='ocrx_word' id='word_1_480' title='bbox 3241 2912 3295 2958; x_wconf 91' lang='lat' dir='ltr'><strong>et</strong></span> <span class='ocrx_word' id='word_1_481' title='bbox 3320 2912 3445 2959; x_wconf 91' lang='lat' dir='ltr'><strong>ante</strong></span> <span class='ocrx_word' id='word_1_482' title='bbox 3470 2917 3565 2958; x_wconf 89' lang='lat' dir='ltr'><strong>eos</strong></span> <span class='ocrx_word' id='word_1_483' title='bbox 3593 2903 3658 2957; x_wconf 88' lang='lat' dir='ltr'><strong>ad</strong></span> <span class='ocrx_word' id='word_1_484' title='bbox 3687 2902 3865 2959; x_wconf 85' lang='lat' dir='ltr'><strong>Eccle-</strong></span> 
     </span>
    </p>
   </div>
   <div class='ocr_carea' id='block_1_60' title="bbox 2348 2997 3117 3053">
    <p class='ocr_par' dir='ltr' id='par_1_60' title="bbox 2348 2997 3117 3053">
     <span class='ocr_line' id='line_1_60' title="bbox 2348 2997 3117 3053; baseline -0.003 -2"><span class='ocrx_word' id='word_1_485' title='bbox 2348 2999 2480 3051; x_wconf 89' lang='lat' dir='ltr'><strong>siam</strong></span> <span class='ocrx_word' id='word_1_486' title='bbox 2509 2999 2732 3053; x_wconf 89' lang='lat' dir='ltr'><strong>introire</strong></span> <span class='ocrx_word' id='word_1_487' title='bbox 2765 2997 3019 3053; x_wconf 79' lang='lat' dir='ltr'><strong>festinent</strong></span> <span class='ocrx_word' id='word_1_488' title='bbox 3047 2999 3059 3053; x_wconf 89' lang='lat'><strong>!</strong></span> <span class='ocrx_word' id='word_1_489' title='bbox 3100 3016 3117 3049; x_wconf 80' lang='grc' dir='ltr'><strong>ι</strong></span> 
     </span>
    </p>
   </div>
   <div class='ocr_carea' id='block_1_61' title="bbox 2346 3088 3863 3161">
    <p class='ocr_par' dir='ltr' id='par_1_61' title="bbox 2346 3088 3863 3161">
     <span class='ocr_line' id='line_1_61' title="bbox 2346 3088 3863 3161; baseline 0.001 -19"><span class='ocrx_word' id='word_1_490' title='bbox 2346 3088 2414 3143; x_wconf 83' lang='grc' dir='ltr'><strong>Χ.</strong></span> <span class='ocrx_word' id='word_1_491' title='bbox 2462 3089 2586 3144; x_wconf 72' lang='lat' dir='ltr'><strong>llmc</strong></span> <span class='ocrx_word' id='word_1_492' title='bbox 2627 3090 2753 3144; x_wconf 92' lang='lat' dir='ltr'><strong>dum</strong></span> <span class='ocrx_word' id='word_1_493' title='bbox 2796 3090 3091 3160; x_wconf 82' lang='lat' dir='ltr'><strong>agebantur</strong></span> <span class='ocrx_word' id='word_1_494' title='bbox 3121 3131 3135 3156; x_wconf 91' lang='lat'><strong>,</strong></span> <span class='ocrx_word' id='word_1_495' title='bbox 3190 3104 3313 3159; x_wconf 89' lang='lat' dir='ltr'><strong>spes</strong></span> <span class='ocrx_word' id='word_1_496' title='bbox 3354 3090 3530 3161; x_wconf 89' lang='lat' dir='ltr'><strong>aliqua</strong></span> <span class='ocrx_word' id='word_1_497' title='bbox 3582 3090 3719 3160; x_wconf 90' lang='lat' dir='ltr'><strong>pacis</strong></span> <span class='ocrx_word' id='word_1_498' title='bbox 3754 3089 3863 3159; x_wconf 84' lang='lat' dir='ltr'><strong>jam</strong></span> 
     </span>
    </p>
   </div>
   <div class='ocr_carea' id='block_1_62' title="bbox 2279 2552 2299 3047">
    <p class='ocr_par' dir='ltr' id='par_1_62' title="bbox 2279 2552 2299 3047">
     <span class='ocr_line' id='line_1_62' title="bbox 2279 2552 2296 2584; baseline 0 0"><span class='ocrx_word' id='word_1_499' title='bbox 2279 2552 2296 2584; x_wconf 75' lang='grc' dir='ltr'><strong>ι</strong></span> 
     </span>
     <span class='ocr_line' id='line_1_63' title="bbox 2279 2644 2297 2677; baseline 0 0"><span class='ocrx_word' id='word_1_500' title='bbox 2279 2644 2297 2677; x_wconf 67' lang='grc' dir='ltr'>ί</span> 
     </span>
     <span class='ocr_line' id='line_1_64' title="bbox 2280 2738 2297 2773; baseline 0 0"><span class='ocrx_word' id='word_1_501' title='bbox 2280 2738 2297 2773; x_wconf 71' lang='grc' dir='ltr'><strong>ι</strong></span> 
     </span>
     <span class='ocr_line' id='line_1_65' title="bbox 2280 2831 2299 2864; baseline 0 0"><span class='ocrx_word' id='word_1_502' title='bbox 2280 2831 2299 2864; x_wconf 84' lang='grc'><strong>(</strong></span> 
     </span>
     <span class='ocr_line' id='line_1_66' title="bbox 2280 2922 2298 2954; baseline 0 0"><span class='ocrx_word' id='word_1_503' title='bbox 2280 2922 2298 2954; x_wconf 83' lang='grc'><strong>(</strong></span> 
     </span>
     <span class='ocr_line' id='line_1_67' title="bbox 2281 3015 2299 3047; baseline 0 0"><span class='ocrx_word' id='word_1_504' title='bbox 2281 3015 2299 3047; x_wconf 70' lang='grc' dir='ltr'><strong>ι</strong></span> 
     </span>
    </p>
   </div>
   <div class='ocr_carea' id='block_1_63' title="bbox 566 3168 3867 3252">
    <p class='ocr_par' dir='ltr' id='par_1_63' title="bbox 566 3168 3867 3252">
     <span class='ocr_line' id='line_1_68' title="bbox 566 3168 3867 3252; baseline 0.001 -19"><span class='ocrx_word' id='word_1_505' title='bbox 566 3179 888 3249; x_wconf 78' lang='lat' dir='ltr'><strong>presbytero</strong></span> <span class='ocrx_word' id='word_1_506' title='bbox 910 3180 1152 3244; x_wconf 90' lang='lat' dir='ltr'><strong>absente,</strong></span> <span class='ocrx_word' id='word_1_507' title='bbox 1188 3179 1385 3235; x_wconf 90' lang='lat' dir='ltr'><strong>efferre</strong></span> <span class='ocrx_word' id='word_1_508' title='bbox 1417 3190 1620 3249; x_wconf 86' lang='lat' dir='ltr'><strong>posset,</strong></span> <span class='ocrx_word' id='word_1_509' title='bbox 1654 3192 1937 3251; x_wconf 88' lang='lat' dir='ltr'><strong>postquam</strong></span> <span class='ocrx_word' id='word_1_510' title='bbox 1962 3185 2035 3238; x_wconf 90' lang='lat' dir='ltr'><strong>rei</strong></span> <span class='ocrx_word' id='word_1_511' title='bbox 2059 3184 2161 3239; x_wconf 85' lang='lat' dir='ltr'><strong>cri-</strong></span> <span class='ocrx_word' id='word_1_512' title='bbox 2194 3168 2240 3230; x_wconf 85' lang='lat' dir='ltr'><strong>C</strong></span> <span class='ocrx_word' id='word_1_513' title='bbox 2272 3179 2561 3250; x_wconf 87' lang='lat' dir='ltr'><strong>aﬂ&#39;ulgebat</strong></span> <span class='ocrx_word' id='word_1_514' title='bbox 2588 3197 2603 3247; x_wconf 88' lang='lat'><strong>;</strong></span> <span class='ocrx_word' id='word_1_515' title='bbox 2633 3180 2725 3236; x_wconf 92' lang='lat' dir='ltr'><strong>sed</strong></span> <span class='ocrx_word' id='word_1_516' title='bbox 2751 3180 3021 3252; x_wconf 83' lang='lat' dir='ltr'><strong>Cypriauo</strong></span> <span class='ocrx_word' id='word_1_517' title='bbox 3052 3181 3287 3236; x_wconf 91' lang='lat' dir='ltr'><strong>inclusus</strong></span> <span class='ocrx_word' id='word_1_518' title='bbox 3312 3186 3474 3237; x_wconf 89' lang='lat' dir='ltr'><strong>etiam</strong></span> <span class='ocrx_word' id='word_1_519' title='bbox 3504 3190 3637 3244; x_wconf 89' lang='lat' dir='ltr'><strong>tum,</strong></span> <span class='ocrx_word' id='word_1_520' title='bbox 3671 3181 3867 3236; x_wconf 87' lang='lat' dir='ltr'><strong>reditus</strong></span> 
     </span>
    </p>
   </div>
   <div class='ocr_carea' id='block_1_64' title="bbox 566 3271 2171 3343">
    <p class='ocr_par' dir='ltr' id='par_1_64' title="bbox 566 3271 2171 3343">
     <span class='ocr_line' id='line_1_69' title="bbox 566 3271 2171 3343; baseline 0.004 -18"><span class='ocrx_word' id='word_1_521' title='bbox 566 3272 728 3325; x_wconf 89' lang='lat' dir='ltr'><strong>minis</strong></span> <span class='ocrx_word' id='word_1_522' title='bbox 777 3271 874 3340; x_wconf 90' lang='lat' dir='ltr'><strong>ipsi</strong></span> <span class='ocrx_word' id='word_1_523' title='bbox 930 3274 1011 3325; x_wconf 90' lang='lat' dir='ltr'><strong>sui</strong></span> <span class='ocrx_word' id='word_1_524' title='bbox 1066 3282 1300 3325; x_wconf 80' lang='lat' dir='ltr'><strong>veterem</strong></span> <span class='ocrx_word' id='word_1_525' title='bbox 1335 3273 1596 3325; x_wconf 89' lang='lat' dir='ltr'><strong>maculam</strong></span> <span class='ocrx_word' id='word_1_526' title='bbox 1632 3275 1981 3329; x_wconf 81' lang='lat' dir='ltr'><strong>detexissent.</strong></span> <span class='ocrx_word' id='word_1_527' title='bbox 2040 3275 2171 3343; x_wconf 87' lang='lat' dir='ltr'><strong>Quis</strong></span> 
     </span>
    </p>
   </div>
   <div class='ocr_carea' id='block_1_65' title="bbox 564 3365 2168 3436">
    <p class='ocr_par' dir='ltr' id='par_1_65' title="bbox 564 3365 2168 3436">
     <span class='ocr_line' id='line_1_70' title="bbox 564 3365 2168 3436; baseline 0.001 -15"><span class='ocrx_word' id='word_1_528' title='bbox 564 3368 709 3421; x_wconf 92' lang='lat' dir='ltr'><strong>enim</strong></span> <span class='ocrx_word' id='word_1_529' title='bbox 732 3366 1040 3436; x_wconf 84' lang='lat' dir='ltr'><strong>ademptum</strong></span> <span class='ocrx_word' id='word_1_530' title='bbox 1080 3366 1293 3420; x_wconf 89' lang='lat' dir='ltr'><strong>miseris</strong></span> <span class='ocrx_word' id='word_1_531' title='bbox 1320 3365 1527 3429; x_wconf 88' lang='lat' dir='ltr'><strong>credat,</strong></span> <span class='ocrx_word' id='word_1_532' title='bbox 1560 3376 1616 3418; x_wconf 91' lang='lat' dir='ltr'><strong>ut</strong></span> <span class='ocrx_word' id='word_1_533' title='bbox 1641 3368 1790 3421; x_wconf 83' lang='lat' dir='ltr'><strong>venia</strong></span> <span class='ocrx_word' id='word_1_534' title='bbox 1825 3379 2168 3436; x_wconf 86' lang='lat' dir='ltr'><strong>peccatorum</strong></span> 
     </span>
    </p>
   </div>
   <div class='ocr_carea' id='block_1_66' title="bbox 566 3461 2170 3534">
    <p class='ocr_par' dir='ltr' id='par_1_66' title="bbox 566 3461 2170 3534">
     <span class='ocr_line' id='line_1_71' title="bbox 566 3461 2170 3534; baseline 0.005 -20"><span class='ocrx_word' id='word_1_535' title='bbox 566 3462 851 3527; x_wconf 90' lang='lat' dir='ltr'><strong>impetrata</strong></span> <span class='ocrx_word' id='word_1_536' title='bbox 887 3501 901 3522; x_wconf 86' lang='lat'><strong>,</strong></span> <span class='ocrx_word' id='word_1_537' title='bbox 933 3461 1244 3513; x_wconf 90' lang='lat' dir='ltr'><strong>diuturnam</strong></span> <span class='ocrx_word' id='word_1_538' title='bbox 1292 3478 1506 3531; x_wconf 70' lang='lat' dir='ltr'><strong>pinnam</strong></span> <span class='ocrx_word' id='word_1_539' title='bbox 1537 3480 1692 3534; x_wconf 69' lang='lat' dir='ltr'><strong>mque</strong></span> <span class='ocrx_word' id='word_1_540' title='bbox 1750 3466 1933 3519; x_wconf 91' lang='lat' dir='ltr'><strong>animo</strong></span> <span class='ocrx_word' id='word_1_541' title='bbox 1965 3465 2170 3522; x_wconf 91' lang='lat' dir='ltr'><strong>ferrent</strong></span> 
     </span>
    </p>
   </div>
   <div class='ocr_carea' id='block_1_67' title="bbox 566 3551 2165 3625">
    <p class='ocr_par' dir='ltr' id='par_1_67' title="bbox 566 3551 2165 3625">
     <span class='ocr_line' id='line_1_72' title="bbox 566 3551 2165 3625; baseline 0.005 -20"><span class='ocrx_word' id='word_1_542' title='bbox 566 3567 629 3605; x_wconf 86' lang='lat' dir='ltr'><strong>ac</strong></span> <span class='ocrx_word' id='word_1_543' title='bbox 660 3551 769 3604; x_wconf 90' lang='lat' dir='ltr'><strong>Deo</strong></span> <span class='ocrx_word' id='word_1_544' title='bbox 796 3565 975 3605; x_wconf 89' lang='lat' dir='ltr'><strong>coram</strong></span> <span class='ocrx_word' id='word_1_545' title='bbox 998 3594 1011 3618; x_wconf 92' lang='lat'><strong>,</strong></span> <span class='ocrx_word' id='word_1_546' title='bbox 1047 3554 1189 3622; x_wconf 89' lang='lat' dir='ltr'><strong>quod</strong></span> <span class='ocrx_word' id='word_1_547' title='bbox 1222 3556 1454 3609; x_wconf 81' lang='lat' dir='ltr'><strong>maxime</strong></span> <span class='ocrx_word' id='word_1_548' title='bbox 1481 3555 1842 3625; x_wconf 87' lang='lat' dir='ltr'><strong>expetendum</strong></span> <span class='ocrx_word' id='word_1_549' title='bbox 1873 3568 2009 3625; x_wconf 90' lang='lat' dir='ltr'><strong>erat,</strong></span> <span class='ocrx_word' id='word_1_550' title='bbox 2042 3560 2165 3614; x_wconf 89' lang='lat' dir='ltr'><strong>dum</strong></span> 
     </span>
    </p>
   </div>
   <div class='ocr_carea' id='block_1_68' title="bbox 564 3643 2169 3717">
    <p class='ocr_par' dir='ltr' id='par_1_68' title="bbox 564 3643 2169 3717">
     <span class='ocr_line' id='line_1_73' title="bbox 564 3643 2169 3717; baseline 0.006 -20"><span class='ocrx_word' id='word_1_551' title='bbox 564 3643 861 3699; x_wconf 79' lang='lat' dir='ltr'><strong>Ecclesium</strong></span> <span class='ocrx_word' id='word_1_552' title='bbox 914 3646 1236 3715; x_wconf 90' lang='lat' dir='ltr'><strong>placabaut,</strong></span> <span class='ocrx_word' id='word_1_553' title='bbox 1290 3650 1572 3717; x_wconf 68' lang='lat' dir='ltr'><strong>proemium</strong></span> <span class='ocrx_word' id='word_1_554' title='bbox 1614 3648 1715 3703; x_wconf 90' lang='lat' dir='ltr'><strong>sibi</strong></span> <span class='ocrx_word' id='word_1_555' title='bbox 1762 3662 2023 3705; x_wconf 79' lang='lat' dir='ltr'><strong>:eternum</strong></span> <span class='ocrx_word' id='word_1_556' title='bbox 2077 3652 2169 3707; x_wconf 90' lang='lat' dir='ltr'><strong>de—</strong></span> 
     </span>
    </p>
   </div>
   <div class='ocr_carea' id='block_1_69' title="bbox 566 3739 2171 3818">
    <p class='ocr_par' dir='ltr' id='par_1_69' title="bbox 566 3739 2171 3818">
     <span class='ocr_line' id='line_1_74' title="bbox 566 3739 2171 3818; baseline 0.006 -27"><span class='ocrx_word' id='word_1_557' title='bbox 566 3739 826 3794; x_wconf 83' lang='lat' dir='ltr'><strong>miSsionc</strong></span> <span class='ocrx_word' id='word_1_558' title='bbox 857 3781 871 3805; x_wconf 89' lang='lat'><strong>,</strong></span> <span class='ocrx_word' id='word_1_559' title='bbox 915 3740 1130 3796; x_wconf 82' lang='lat' dir='ltr'><strong>fletibus</strong></span> <span class='ocrx_word' id='word_1_560' title='bbox 1155 3783 1168 3805; x_wconf 89' lang='lat'><strong>,</strong></span> <span class='ocrx_word' id='word_1_561' title='bbox 1226 3742 1549 3799; x_wconf 87' lang='lat' dir='ltr'><strong>abstinentia</strong></span> <span class='ocrx_word' id='word_1_562' title='bbox 1602 3754 1979 3815; x_wconf 88' lang='lat' dir='ltr'><strong>compararent</strong></span> <span class='ocrx_word' id='word_1_563' title='bbox 2011 3744 2171 3818; x_wconf 85' lang='lat' dir='ltr'><strong>(Vide</strong></span> 
     </span>
    </p>
   </div>
   <div class='ocr_carea' id='block_1_70' title="bbox 566 3830 1809 3910">
    <p class='ocr_par' dir='ltr' id='par_1_70' title="bbox 566 3830 1809 3910">
     <span class='ocr_line' id='line_1_75' title="bbox 566 3830 1809 3910; baseline 0.006 -24"><span class='ocrx_word' id='word_1_564' title='bbox 566 3830 855 3887; x_wconf 82' lang='lat' dir='ltr'><strong>Francolin</strong></span> <span class='ocrx_word' id='word_1_565' title='bbox 882 3834 936 3886; x_wconf 83' lang='lat' dir='ltr'><strong>in</strong></span> <span class='ocrx_word' id='word_1_566' title='bbox 962 3832 1098 3888; x_wconf 83' lang='lat' dir='ltr'><strong>Cler.</strong></span> <span class='ocrx_word' id='word_1_567' title='bbox 1128 3835 1281 3889; x_wconf 87' lang='lat' dir='ltr'><strong>Rom.</strong></span> <span class='ocrx_word' id='word_1_568' title='bbox 1315 3838 1405 3893; x_wconf 83' lang='lat' dir='ltr'><strong>lib.</strong></span> <span class='ocrx_word' id='word_1_569' title='bbox 1438 3838 1478 3893; x_wconf 90' lang='lat' dir='ltr'><strong>l.</strong></span> <span class='ocrx_word' id='word_1_570' title='bbox 1514 3839 1661 3909; x_wconf 82' lang='lat' dir='ltr'><strong>Disp.</strong></span> <span class='ocrx_word' id='word_1_571' title='bbox 1694 3838 1809 3910; x_wconf 85' lang='grc' dir='ltr'><strong>ΧΙ).</strong></span> 
     </span>
    </p>
   </div>
   <div class='ocr_carea' id='block_1_71' title="bbox 639 3924 2171 4002">
    <p class='ocr_par' dir='ltr' id='par_1_71' title="bbox 639 3924 2171 4002">
     <span class='ocr_line' id='line_1_76' title="bbox 639 3924 2171 4002; baseline 0.005 -23"><span class='ocrx_word' id='word_1_572' title='bbox 639 3924 734 3980; x_wconf 75' lang='grc' dir='ltr'><strong>ιχ.</strong></span> <span class='ocrx_word' id='word_1_573' title='bbox 773 3926 867 3981; x_wconf 81' lang='lat' dir='ltr'><strong>llis</strong></span> <span class='ocrx_word' id='word_1_574' title='bbox 933 3937 1091 3999; x_wconf 92' lang='lat' dir='ltr'><strong>atque</strong></span> <span class='ocrx_word' id='word_1_575' title='bbox 1136 3928 1255 3984; x_wconf 88' lang='lat' dir='ltr'><strong>aliis</strong></span> <span class='ocrx_word' id='word_1_576' title='bbox 1314 3930 1619 4001; x_wconf 88' lang='lat' dir='ltr'><strong>hujusmodi</strong></span> <span class='ocrx_word' id='word_1_577' title='bbox 1679 3932 1951 4002; x_wconf 91' lang='lat' dir='ltr'><strong>epistolis,</strong></span> <span class='ocrx_word' id='word_1_578' title='bbox 2000 3931 2171 4002; x_wconf 88' lang='lat' dir='ltr'><strong>pluri-</strong></span> 
     </span>
    </p>
   </div>
   <div class='ocr_carea' id='block_1_72' title="bbox 564 4020 2164 4094">
    <p class='ocr_par' dir='ltr' id='par_1_72' title="bbox 564 4020 2164 4094">
     <span class='ocr_line' id='line_1_77' title="bbox 564 4020 2164 4094; baseline 0.003 -21"><span class='ocrx_word' id='word_1_579' title='bbox 564 4034 713 4073; x_wconf 88' lang='lat' dir='ltr'><strong>mum</strong></span> <span class='ocrx_word' id='word_1_580' title='bbox 762 4020 987 4089; x_wconf 83' lang='lat' dir='ltr'><strong>profecit</strong></span> <span class='ocrx_word' id='word_1_581' title='bbox 1029 4021 1329 4093; x_wconf 89' lang='lat' dir='ltr'><strong>Cyprianus</strong></span> <span class='ocrx_word' id='word_1_582' title='bbox 1362 4066 1375 4087; x_wconf 91' lang='lat'><strong>,</strong></span> <span class='ocrx_word' id='word_1_583' title='bbox 1430 4034 1485 4079; x_wconf 90' lang='lat' dir='ltr'><strong>et</strong></span> <span class='ocrx_word' id='word_1_584' title='bbox 1527 4024 1735 4077; x_wconf 89' lang='lat' dir='ltr'><strong>animos</strong></span> <span class='ocrx_word' id='word_1_585' title='bbox 1788 4024 2121 4094; x_wconf 87' lang='lat' dir='ltr'><strong>presbyteris</strong></span> <span class='ocrx_word' id='word_1_586' title='bbox 2150 4066 2164 4091; x_wconf 89' lang='lat'><strong>,</strong></span> 
     </span>
    </p>
   </div>
   <div class='ocr_carea' id='block_1_73' title="bbox 564 4112 2169 4185">
    <p class='ocr_par' dir='ltr' id='par_1_73' title="bbox 564 4112 2169 4185">
     <span class='ocr_line' id='line_1_78' title="bbox 564 4112 2169 4185; baseline 0.002 -20"><span class='ocrx_word' id='word_1_587' title='bbox 564 4128 701 4182; x_wconf 90' lang='lat' dir='ltr'><strong>quos</strong></span> <span class='ocrx_word' id='word_1_588' title='bbox 743 4112 877 4167; x_wconf 84' lang='lat' dir='ltr'><strong>fidos</strong></span> <span class='ocrx_word' id='word_1_589' title='bbox 919 4123 973 4167; x_wconf 92' lang='lat' dir='ltr'><strong>et</strong></span> <span class='ocrx_word' id='word_1_590' title='bbox 1010 4116 1368 4185; x_wconf 88' lang='lat' dir='ltr'><strong>obsequentes</strong></span> <span class='ocrx_word' id='word_1_591' title='bbox 1412 4115 1685 4182; x_wconf 89' lang='lat' dir='ltr'><strong>habebat,</strong></span> <span class='ocrx_word' id='word_1_592' title='bbox 1730 4115 1888 4184; x_wconf 92' lang='lat' dir='ltr'><strong>plane</strong></span> <span class='ocrx_word' id='word_1_593' title='bbox 1923 4115 2169 4169; x_wconf 88' lang='lat' dir='ltr'><strong>addidit:</strong></span> 
     </span>
    </p>
   </div>
   <div class='ocr_carea' id='block_1_74' title="bbox 563 4206 2173 4277">
    <p class='ocr_par' dir='ltr' id='par_1_74' title="bbox 563 4206 2173 4277">
     <span class='ocr_line' id='line_1_79' title="bbox 563 4206 2173 4277; baseline 0.001 -19"><span class='ocrx_word' id='word_1_594' title='bbox 563 4214 624 4258; x_wconf 88' lang='lat' dir='ltr'><strong>ut</strong></span> <span class='ocrx_word' id='word_1_595' title='bbox 662 4215 940 4260; x_wconf 82' lang='lat' dir='ltr'><strong>externum</strong></span> <span class='ocrx_word' id='word_1_596' title='bbox 973 4222 1184 4275; x_wconf 87' lang='lat' dir='ltr'><strong>quoque</strong></span> <span class='ocrx_word' id='word_1_597' title='bbox 1232 4208 1603 4277; x_wconf 85' lang='lat' dir='ltr'><strong>presbyterum</strong></span> <span class='ocrx_word' id='word_1_598' title='bbox 1650 4217 1703 4261; x_wconf 94' lang='lat' dir='ltr'><strong>ct</strong></span> <span class='ocrx_word' id='word_1_599' title='bbox 1752 4207 2033 4263; x_wconf 88' lang='lat' dir='ltr'><strong>diaconum</strong></span> <span class='ocrx_word' id='word_1_600' title='bbox 2083 4206 2173 4275; x_wconf 92' lang='lat' dir='ltr'><strong>qui</strong></span> 
     </span>
    </p>
   </div>
   <div class='ocr_carea' id='block_1_75' title="bbox 538 4294 2171 4365">
    <p class='ocr_par' dir='ltr' id='par_1_75' title="bbox 538 4294 2171 4365">
     <span class='ocr_line' id='line_1_80' title="bbox 538 4294 2171 4365; baseline 0.002 -17"><span class='ocrx_word' id='word_1_601' title='bbox 538 4294 745 4364; x_wconf 7' lang='lat' dir='ltr'><strong>(lapsos</strong></span> <span class='ocrx_word' id='word_1_602' title='bbox 789 4296 1158 4365; x_wconf 87' lang='lat' dir='ltr'><strong>recipiebant,</strong></span> <span class='ocrx_word' id='word_1_603' title='bbox 1203 4313 1229 4348; x_wconf 91' lang='lat' dir='ltr'><strong>a</strong></span> <span class='ocrx_word' id='word_1_604' title='bbox 1277 4297 1441 4351; x_wconf 90' lang='lat' dir='ltr'><strong>sacris</strong></span> <span class='ocrx_word' id='word_1_605' title='bbox 1495 4297 1606 4351; x_wconf 93' lang='lat' dir='ltr'><strong>suis</strong></span> <span class='ocrx_word' id='word_1_606' title='bbox 1650 4312 1837 4351; x_wconf 90' lang='lat' dir='ltr'><strong>arcere</strong></span> <span class='ocrx_word' id='word_1_607' title='bbox 1879 4313 1985 4351; x_wconf 90' lang='lat' dir='ltr'><strong>non</strong></span> <span class='ocrx_word' id='word_1_608' title='bbox 2012 4296 2171 4351; x_wconf 90' lang='lat' dir='ltr'><strong>dubi-</strong></span> 
     </span>
    </p>
   </div>
   <div class='ocr_carea' id='block_1_76' title="bbox 565 4388 2171 4459">
    <p class='ocr_par' dir='ltr' id='par_1_76' title="bbox 565 4388 2171 4459">
     <span class='ocr_line' id='line_1_81' title="bbox 565 4388 2171 4459; baseline 0.003 -17"><span class='ocrx_word' id='word_1_609' title='bbox 565 4398 763 4443; x_wconf 90' lang='lat' dir='ltr'><strong>tarent.</strong></span> <span class='ocrx_word' id='word_1_610' title='bbox 794 4388 850 4442; x_wconf 83' lang='lat' dir='ltr'><strong>Id</strong></span> <span class='ocrx_word' id='word_1_611' title='bbox 879 4405 943 4442; x_wconf 82' lang='lat' dir='ltr'><strong>ex</strong></span> <span class='ocrx_word' id='word_1_612' title='bbox 970 4388 1238 4459; x_wconf 86' lang='lat' dir='ltr'><strong>Cypriano</strong></span> <span class='ocrx_word' id='word_1_613' title='bbox 1265 4389 1556 4456; x_wconf 92' lang='lat' dir='ltr'><strong>discimus,</strong></span> <span class='ocrx_word' id='word_1_614' title='bbox 1585 4389 1676 4459; x_wconf 91' lang='lat' dir='ltr'><strong>qui</strong></span> <span class='ocrx_word' id='word_1_615' title='bbox 1704 4390 1900 4445; x_wconf 86' lang='lat' dir='ltr'><strong>factum</strong></span> <span class='ocrx_word' id='word_1_616' title='bbox 1934 4390 2171 4447; x_wconf 87' lang='lat' dir='ltr'><strong>laudavit</strong></span> 
     </span>
    </p>
   </div>
   <div class='ocr_carea' id='block_1_77' title="bbox 2275 3272 3867 3344">
    <p class='ocr_par' dir='ltr' id='par_1_77' title="bbox 2275 3272 3867 3344">
     <span class='ocr_line' id='line_1_82' title="bbox 2275 3272 3867 3344; baseline 0 -16"><span class='ocrx_word' id='word_1_617' title='bbox 2275 3284 2391 3328; x_wconf 90' lang='lat' dir='ltr'><strong>erat</strong></span> <span class='ocrx_word' id='word_1_618' title='bbox 2419 3273 2556 3327; x_wconf 92' lang='lat' dir='ltr'><strong>odiis</strong></span> <span class='ocrx_word' id='word_1_619' title='bbox 2602 3272 2951 3329; x_wconf 88' lang='lat' dir='ltr'><strong>Ethnicorum</strong></span> <span class='ocrx_word' id='word_1_620' title='bbox 2984 3315 2998 3339; x_wconf 95' lang='lat'><strong>,</strong></span> <span class='ocrx_word' id='word_1_621' title='bbox 3041 3275 3131 3344; x_wconf 90' lang='lat' dir='ltr'><strong>qui</strong></span> <span class='ocrx_word' id='word_1_622' title='bbox 3159 3290 3282 3329; x_wconf 89' lang='lat' dir='ltr'><strong>eum</strong></span> <span class='ocrx_word' id='word_1_623' title='bbox 3314 3274 3547 3329; x_wconf 78' lang='lat' dir='ltr'><strong>maxime</strong></span> <span class='ocrx_word' id='word_1_624' title='bbox 3573 3274 3637 3327; x_wconf 87' lang='lat' dir='ltr'><strong>ad</strong></span> <span class='ocrx_word' id='word_1_625' title='bbox 3665 3272 3867 3329; x_wconf 58' lang='lat' dir='ltr'><strong>eadem</strong></span> 
     </span>
    </p>
   </div>
   <div class='ocr_carea' id='block_1_78' title="bbox 2273 3365 3861 3437">
    <p class='ocr_par' dir='ltr' id='par_1_78' title="bbox 2273 3365 3861 3437">
     <span class='ocr_line' id='line_1_83' title="bbox 2273 3365 3861 3437; baseline 0.001 -18"><span class='ocrx_word' id='word_1_626' title='bbox 2273 3365 2705 3435; x_wconf 83' lang='lat' dir='ltr'><strong>designaverant.</strong></span> <span class='ocrx_word' id='word_1_627' title='bbox 2786 3368 2965 3433; x_wconf 82' lang='lat' dir='ltr'><strong>Quare</strong></span> <span class='ocrx_word' id='word_1_628' title='bbox 3019 3366 3257 3422; x_wconf 91' lang='lat' dir='ltr'><strong>nondum</strong></span> <span class='ocrx_word' id='word_1_629' title='bbox 3313 3368 3520 3437; x_wconf 86' lang='lat' dir='ltr'><strong>prodire</strong></span> <span class='ocrx_word' id='word_1_630' title='bbox 3567 3381 3597 3420; x_wconf 91' lang='lat' dir='ltr'><strong>e</strong></span> <span class='ocrx_word' id='word_1_631' title='bbox 3642 3366 3861 3420; x_wconf 87' lang='lat' dir='ltr'><strong>latebris</strong></span> 
     </span>
    </p>
   </div>
   <div class='ocr_carea' id='block_1_79' title="bbox 2273 3458 3869 3517">
    <p class='ocr_par' dir='ltr' id='par_1_79' title="bbox 2273 3458 3869 3517">
     <span class='ocr_line' id='line_1_84' title="bbox 2273 3458 3869 3517; baseline 0.003 -6"><span class='ocrx_word' id='word_1_632' title='bbox 2273 3458 2385 3513; x_wconf 91' lang='lat' dir='ltr'><strong>suis</strong></span> <span class='ocrx_word' id='word_1_633' title='bbox 2410 3472 2573 3513; x_wconf 88' lang='lat' dir='ltr'><strong>ausus</strong></span> <span class='ocrx_word' id='word_1_634' title='bbox 2600 3468 2720 3516; x_wconf 86' lang='lat' dir='ltr'><strong>est:</strong></span> <span class='ocrx_word' id='word_1_635' title='bbox 2751 3468 2805 3513; x_wconf 88' lang='lat' dir='ltr'><strong>at</strong></span> <span class='ocrx_word' id='word_1_636' title='bbox 2851 3461 2929 3514; x_wconf 89' lang='lat' dir='ltr'><strong>illi</strong></span> <span class='ocrx_word' id='word_1_637' title='bbox 2970 3471 3148 3516; x_wconf 88' lang='lat' dir='ltr'><strong>tamen</strong></span> <span class='ocrx_word' id='word_1_638' title='bbox 3192 3462 3414 3517; x_wconf 86' lang='lat' dir='ltr'><strong>liberius</strong></span> <span class='ocrx_word' id='word_1_639' title='bbox 3454 3461 3610 3515; x_wconf 82' lang='lat' dir='ltr'><strong>Paulo</strong></span> <span class='ocrx_word' id='word_1_640' title='bbox 3638 3475 3722 3515; x_wconf 89' lang='lat' dir='ltr'><strong>res</strong></span> <span class='ocrx_word' id='word_1_641' title='bbox 3758 3458 3869 3515; x_wconf 78' lang='lat' dir='ltr'><strong>Ec-</strong></span> 
     </span>
    </p>
   </div>
   <div class='ocr_carea' id='block_1_80' title="bbox 2271 3548 3869 3622">
    <p class='ocr_par' dir='ltr' id='par_1_80' title="bbox 2271 3548 3869 3622">
     <span class='ocr_line' id='line_1_85' title="bbox 2271 3548 3869 3622; baseline 0.002 -19"><span class='ocrx_word' id='word_1_642' title='bbox 2271 3548 2450 3603; x_wconf 70' lang='lat' dir='ltr'><strong>clesia:</strong></span> <span class='ocrx_word' id='word_1_643' title='bbox 2471 3565 2661 3604; x_wconf 86' lang='lat' dir='ltr'><strong>curare</strong></span> <span class='ocrx_word' id='word_1_644' title='bbox 2690 3550 2856 3606; x_wconf 91' lang='lat' dir='ltr'><strong>licuit.</strong></span> <span class='ocrx_word' id='word_1_645' title='bbox 2874 3551 3054 3622; x_wconf 88' lang='lat' dir='ltr'><strong>Itaque</strong></span> <span class='ocrx_word' id='word_1_646' title='bbox 3071 3567 3192 3608; x_wconf 92' lang='lat' dir='ltr'><strong>cum</strong></span> <span class='ocrx_word' id='word_1_647' title='bbox 3220 3553 3382 3607; x_wconf 89' lang='lat' dir='ltr'><strong>aliam</strong></span> <span class='ocrx_word' id='word_1_648' title='bbox 3406 3568 3435 3605; x_wconf 89' lang='lat' dir='ltr'><strong>a</strong></span> <span class='ocrx_word' id='word_1_649' title='bbox 3455 3554 3607 3608; x_wconf 86' lang='lat' dir='ltr'><strong>Clero</strong></span> <span class='ocrx_word' id='word_1_650' title='bbox 3624 3552 3869 3607; x_wconf 77' lang='lat' dir='ltr'><strong>Romano</strong></span> 
     </span>
    </p>
   </div>
   <div class='ocr_carea' id='block_1_81' title="bbox 2276 3645 3869 3718">
    <p class='ocr_par' dir='ltr' id='par_1_81' title="bbox 2276 3645 3869 3718">
     <span class='ocr_line' id='line_1_86' title="bbox 2276 3645 3869 3718; baseline 0 -20"><span class='ocrx_word' id='word_1_651' title='bbox 2276 3645 2559 3715; x_wconf 90' lang='lat' dir='ltr'><strong>epistolam</strong></span> <span class='ocrx_word' id='word_1_652' title='bbox 2592 3646 2883 3716; x_wconf 86' lang='lat' dir='ltr'><strong>accepisset</strong></span> <span class='ocrx_word' id='word_1_653' title='bbox 2920 3646 2940 3718; x_wconf 90' lang='lat'><strong>(</strong></span> <span class='ocrx_word' id='word_1_654' title='bbox 2977 3646 3142 3715; x_wconf 80' lang='lat' dir='ltr'><strong>Epist.</strong></span> <span class='ocrx_word' id='word_1_655' title='bbox 3172 3648 3241 3703; x_wconf 78' lang='lat'><strong>&#39;50</strong></span> <span class='ocrx_word' id='word_1_656' title='bbox 3270 3648 3401 3701; x_wconf 81' lang='lat' dir='ltr'><strong>inter</strong></span> <span class='ocrx_word' id='word_1_657' title='bbox 3432 3645 3589 3717; x_wconf 86' lang='lat' dir='ltr'><strong>Cypr.</strong></span> <span class='ocrx_word' id='word_1_658' title='bbox 3613 3650 3629 3715; x_wconf 89' lang='lat'>)</span> <span class='ocrx_word' id='word_1_659' title='bbox 3657 3688 3672 3712; x_wconf 97' lang='lat'><strong>,</strong></span> <span class='ocrx_word' id='word_1_660' title='bbox 3712 3660 3869 3716; x_wconf 85' lang='lat' dir='ltr'><strong>quam</strong></span> 
     </span>
    </p>
   </div>
   <div class='ocr_carea' id='block_1_82' title="bbox 2275 3739 3872 3811">
    <p class='ocr_par' dir='ltr' id='par_1_82' title="bbox 2275 3739 3872 3811">
     <span class='ocr_line' id='line_1_87' title="bbox 2275 3739 3872 3811; baseline -0.001 -18"><span class='ocrx_word' id='word_1_661' title='bbox 2275 3739 2365 3794; x_wconf 90' lang='lat' dir='ltr'><strong>ille</strong></span> <span class='ocrx_word' id='word_1_662' title='bbox 2417 3739 2643 3795; x_wconf 88' lang='lat' dir='ltr'><strong>Saturus</strong></span> <span class='ocrx_word' id='word_1_663' title='bbox 2688 3741 2858 3794; x_wconf 85' lang='lat' dir='ltr'><strong>lector</strong></span> <span class='ocrx_word' id='word_1_664' title='bbox 2910 3740 3206 3806; x_wconf 90' lang='lat' dir='ltr'><strong>attulerat,</strong></span> <span class='ocrx_word' id='word_1_665' title='bbox 3258 3740 3309 3795; x_wconf 91' lang='lat' dir='ltr'><strong>in</strong></span> <span class='ocrx_word' id='word_1_666' title='bbox 3352 3755 3524 3811; x_wconf 90' lang='lat' dir='ltr'><strong>eaque</strong></span> <span class='ocrx_word' id='word_1_667' title='bbox 3572 3740 3872 3807; x_wconf 74' lang='lat' dir='ltr'><strong>expositum</strong></span> 
     </span>
    </p>
   </div>
   <div class='ocr_carea' id='block_1_83' title="bbox 2273 3831 3874 3902">
    <p class='ocr_par' dir='ltr' id='par_1_83' title="bbox 2273 3831 3874 3902">
     <span class='ocr_line' id='line_1_88' title="bbox 2273 3831 3874 3902; baseline 0 -17"><span class='ocrx_word' id='word_1_668' title='bbox 2273 3841 2461 3898; x_wconf 90' lang='lat' dir='ltr'><strong>esset,</strong></span> <span class='ocrx_word' id='word_1_669' title='bbox 2493 3848 2612 3902; x_wconf 81' lang='lat' dir='ltr'><strong>quae</strong></span> <span class='ocrx_word' id='word_1_670' title='bbox 2652 3833 2837 3886; x_wconf 61' lang='lat' dir='ltr'><strong>Romae</strong></span> <span class='ocrx_word' id='word_1_671' title='bbox 2879 3832 3018 3886; x_wconf 89' lang='lat' dir='ltr'><strong>circa</strong></span> <span class='ocrx_word' id='word_1_672' title='bbox 3060 3832 3239 3902; x_wconf 84' lang='lat' dir='ltr'><strong>lapsos</strong></span> <span class='ocrx_word' id='word_1_673' title='bbox 3276 3833 3566 3887; x_wconf 89' lang='lat' dir='ltr'><strong>constituta</strong></span> <span class='ocrx_word' id='word_1_674' title='bbox 3607 3831 3836 3886; x_wconf 86' lang='lat' dir='ltr'><strong>fuissent</strong></span> <span class='ocrx_word' id='word_1_675' title='bbox 3861 3872 3874 3894; x_wconf 94' lang='lat'><strong>,</strong></span> 
     </span>
    </p>
   </div>
   <div class='ocr_carea' id='block_1_84' title="bbox 2272 3923 3881 3995">
    <p class='ocr_par' dir='ltr' id='par_1_84' title="bbox 2272 3923 3881 3995">
     <span class='ocr_line' id='line_1_89' title="bbox 2272 3923 3881 3995; baseline -0.001 -16"><span class='ocrx_word' id='word_1_676' title='bbox 2272 3939 2393 3979; x_wconf 88' lang='lat' dir='ltr'><strong>eam</strong></span> <span class='ocrx_word' id='word_1_677' title='bbox 2440 3924 2505 3979; x_wconf 90' lang='lat' dir='ltr'><strong>ad</strong></span> <span class='ocrx_word' id='word_1_678' title='bbox 2554 3924 2898 3995; x_wconf 89' lang='lat' dir='ltr'><strong>presbyteros</strong></span> <span class='ocrx_word' id='word_1_679' title='bbox 2940 3939 3069 3978; x_wconf 90' lang='lat' dir='ltr'><strong>suos</strong></span> <span class='ocrx_word' id='word_1_680' title='bbox 3121 3923 3499 3995; x_wconf 84' lang='lat' dir='ltr'><strong>Carthaginem</strong></span> <span class='ocrx_word' id='word_1_681' title='bbox 3569 3924 3767 3985; x_wconf 89' lang='lat' dir='ltr'><strong>misit,</strong></span> <span class='ocrx_word' id='word_1_682' title='bbox 3817 3924 3881 3978; x_wconf 91' lang='lat' dir='ltr'><strong>iis</strong></span> 
     </span>
    </p>
   </div>
   <div class='ocr_carea' id='block_1_85' title="bbox 2274 4017 3881 4089">
    <p class='ocr_par' dir='ltr' id='par_1_85' title="bbox 2274 4017 3881 4089">
     <span class='ocr_line' id='line_1_90' title="bbox 2274 4017 3881 4089; baseline 0 -16"><span class='ocrx_word' id='word_1_683' title='bbox 2274 4020 2437 4073; x_wconf 88' lang='lat' dir='ltr'><strong>etiam</strong></span> <span class='ocrx_word' id='word_1_684' title='bbox 2468 4018 2663 4074; x_wconf 91' lang='lat' dir='ltr'><strong>litteris</strong></span> <span class='ocrx_word' id='word_1_685' title='bbox 2692 4018 2890 4072; x_wconf 87' lang='lat' dir='ltr'><strong>additis</strong></span> <span class='ocrx_word' id='word_1_686' title='bbox 2916 4061 2929 4084; x_wconf 95' lang='lat'><strong>,</strong></span> <span class='ocrx_word' id='word_1_687' title='bbox 2963 4034 3099 4089; x_wconf 90' lang='lat' dir='ltr'><strong>quas</strong></span> <span class='ocrx_word' id='word_1_688' title='bbox 3122 4034 3150 4073; x_wconf 90' lang='lat' dir='ltr'><strong>a</strong></span> <span class='ocrx_word' id='word_1_689' title='bbox 3178 4018 3583 4073; x_wconf 72' lang='lat' dir='ltr'><strong>coui’essoribus</strong></span> <span class='ocrx_word' id='word_1_690' title='bbox 3616 4017 3881 4073; x_wconf 81' lang='lat' dir='ltr'><strong>Romanis</strong></span> 
     </span>
    </p>
   </div>
   <div class='ocr_carea' id='block_1_86' title="bbox 2278 4111 3884 4184">
    <p class='ocr_par' dir='ltr' id='par_1_86' title="bbox 2278 4111 3884 4184">
     <span class='ocr_line' id='line_1_91' title="bbox 2278 4111 3884 4184; baseline -0.001 -17"><span class='ocrx_word' id='word_1_691' title='bbox 2278 4112 2463 4184; x_wconf 86' lang='lat' dir='ltr'><strong>Moyse</strong></span> <span class='ocrx_word' id='word_1_692' title='bbox 2490 4122 2544 4167; x_wconf 92' lang='lat' dir='ltr'><strong>et</strong></span> <span class='ocrx_word' id='word_1_693' title='bbox 2591 4111 2822 4166; x_wconf 82' lang='lat' dir='ltr'><strong>Maximo</strong></span> <span class='ocrx_word' id='word_1_694' title='bbox 2868 4112 3061 4167; x_wconf 82' lang='lat' dir='ltr'><strong>missas</strong></span> <span class='ocrx_word' id='word_1_695' title='bbox 3101 4112 3390 4178; x_wconf 90' lang='lat' dir='ltr'><strong>servabat,</strong></span> <span class='ocrx_word' id='word_1_696' title='bbox 3442 4122 3499 4166; x_wconf 90' lang='lat' dir='ltr'><strong>ut</strong></span> <span class='ocrx_word' id='word_1_697' title='bbox 3536 4127 3632 4166; x_wconf 87' lang='lat' dir='ltr'><strong>eas</strong></span> <span class='ocrx_word' id='word_1_698' title='bbox 3671 4112 3884 4167; x_wconf 75' lang='lat' dir='ltr'><strong>descri-</strong></span> 
     </span>
    </p>
   </div>
   <div class='ocr_carea' id='block_1_87' title="bbox 2276 4202 3883 4275">
    <p class='ocr_par' dir='ltr' id='par_1_87' title="bbox 2276 4202 3883 4275">
     <span class='ocr_line' id='line_1_92' title="bbox 2276 4202 3883 4275; baseline 0.001 -16"><span class='ocrx_word' id='word_1_699' title='bbox 2276 4203 2469 4259; x_wconf 85' lang='lat' dir='ltr'><strong>herent</strong></span> <span class='ocrx_word' id='word_1_700' title='bbox 2496 4204 2896 4275; x_wconf 84' lang='lat' dir='ltr'><strong>vulgarentque.</strong></span> <span class='ocrx_word' id='word_1_701' title='bbox 2947 4202 3122 4265; x_wconf 77' lang='lat' dir='ltr'><strong>Unde</strong></span> <span class='ocrx_word' id='word_1_702' title='bbox 3152 4202 3349 4259; x_wconf 91' lang='lat' dir='ltr'><strong>factum</strong></span> <span class='ocrx_word' id='word_1_703' title='bbox 3398 4214 3480 4260; x_wconf 90' lang='lat' dir='ltr'><strong>est</strong></span> <span class='ocrx_word' id='word_1_704' title='bbox 3522 4216 3575 4258; x_wconf 90' lang='lat' dir='ltr'><strong>ut</strong></span> <span class='ocrx_word' id='word_1_705' title='bbox 3626 4205 3683 4259; x_wconf 93' lang='lat' dir='ltr'><strong>in</strong></span> <span class='ocrx_word' id='word_1_706' title='bbox 3732 4221 3797 4260; x_wconf 86' lang='lat' dir='ltr'><strong>ea</strong></span> <span class='ocrx_word' id='word_1_707' title='bbox 3830 4220 3883 4260; x_wconf 86' lang='lat' dir='ltr'><strong>re</strong></span> 
     </span>
    </p>
   </div>
   <div class='ocr_carea' id='block_1_88' title="bbox 2277 4296 3891 4354">
    <p class='ocr_par' dir='ltr' id='par_1_88' title="bbox 2277 4296 3891 4354">
     <span class='ocr_line' id='line_1_93' title="bbox 2277 4296 3891 4354; baseline 0.002 -3"><span class='ocrx_word' id='word_1_708' title='bbox 2277 4298 2517 4351; x_wconf 90' lang='lat' dir='ltr'><strong>onmium</strong></span> <span class='ocrx_word' id='word_1_709' title='bbox 2552 4296 2918 4351; x_wconf 87' lang='lat' dir='ltr'><strong>Ecclesiarum</strong></span> <span class='ocrx_word' id='word_1_710' title='bbox 2951 4297 3184 4350; x_wconf 81' lang='lat' dir='ltr'><strong>maxima</strong></span> <span class='ocrx_word' id='word_1_711' title='bbox 3220 4296 3366 4351; x_wconf 87' lang='lat' dir='ltr'><strong>brevi</strong></span> <span class='ocrx_word' id='word_1_712' title='bbox 3405 4297 3700 4351; x_wconf 88' lang='lat' dir='ltr'><strong>consensio</strong></span> <span class='ocrx_word' id='word_1_713' title='bbox 3744 4299 3891 4354; x_wconf 51' lang='lat' dir='ltr'><strong>exis.</strong></span> 
     </span>
    </p>
   </div>
   <div class='ocr_carea' id='block_1_89' title="bbox 2275 4390 3891 4459">
    <p class='ocr_par' dir='ltr' id='par_1_89' title="bbox 2275 4390 3891 4459">
     <span class='ocr_line' id='line_1_94' title="bbox 2275 4390 3891 4459; baseline 0.002 -14"><span class='ocrx_word' id='word_1_714' title='bbox 2275 4399 2432 4446; x_wconf 91' lang='lat' dir='ltr'><strong>teret.</strong></span> <span class='ocrx_word' id='word_1_715' title='bbox 2487 4390 2749 4445; x_wconf 61' lang='lat' dir='ltr'><strong>Ecclesia:</strong></span> <span class='ocrx_word' id='word_1_716' title='bbox 2780 4390 2904 4445; x_wconf 91' lang='lat' dir='ltr'><strong>item</strong></span> <span class='ocrx_word' id='word_1_717' title='bbox 2948 4406 3059 4445; x_wconf 83' lang='lat' dir='ltr'><strong>suae</strong></span> <span class='ocrx_word' id='word_1_718' title='bbox 3107 4390 3296 4446; x_wconf 87' lang='lat' dir='ltr'><strong>honori</strong></span> <span class='ocrx_word' id='word_1_719' title='bbox 3326 4390 3442 4446; x_wconf 92' lang='lat' dir='ltr'><strong>fore</strong></span> <span class='ocrx_word' id='word_1_720' title='bbox 3468 4391 3813 4459; x_wconf 86' lang='lat' dir='ltr'><strong>arbitratus,</strong></span> <span class='ocrx_word' id='word_1_721' title='bbox 3846 4394 3891 4449; x_wconf 88' lang='lat' dir='ltr'><strong>si</strong></span> 
     </span>
    </p>
   </div>
   <div class='ocr_carea' id='block_1_90' title="bbox 572 4480 3892 4574">
    <p class='ocr_par' dir='ltr' id='par_1_90' title="bbox 572 4480 3892 4574">
     <span class='ocr_line' id='line_1_95' title="bbox 572 4480 3892 4574; baseline 0.003 -41"><span class='ocrx_word' id='word_1_722' title='bbox 572 4501 591 4533; x_wconf 79' lang='grc' dir='ltr'><strong>ι</strong></span> <span class='ocrx_word' id='word_1_723' title='bbox 641 4481 870 4552; x_wconf 80' lang='lat' dir='ltr'><strong>lntegre,</strong></span> <span class='ocrx_word' id='word_1_724' title='bbox 908 4482 1078 4551; x_wconf 91' lang='lat' dir='ltr'><strong>inquit</strong></span> <span class='ocrx_word' id='word_1_725' title='bbox 1099 4480 1292 4552; x_wconf 74' lang='lat' dir='ltr'><strong>(Epist.</strong></span> <span class='ocrx_word' id='word_1_726' title='bbox 1318 4481 1433 4552; x_wconf 63' lang='lat'><strong>“28),</strong></span> <span class='ocrx_word' id='word_1_727' title='bbox 1458 4492 1647 4537; x_wconf 87' lang='lat' dir='ltr'><strong>etcum</strong></span> <span class='ocrx_word' id='word_1_728' title='bbox 1670 4482 1950 4554; x_wconf 90' lang='lat' dir='ltr'><strong>disciplina</strong></span> <span class='ocrx_word' id='word_1_729' title='bbox 1971 4483 2164 4552; x_wconf 88' lang='lat' dir='ltr'><strong>fecisti,</strong></span> <span class='ocrx_word' id='word_1_730' title='bbox 2192 4513 2246 4574; x_wconf 72' lang='grc' dir='ltr'><strong>Ι)</strong></span> <span class='ocrx_word' id='word_1_731' title='bbox 2279 4484 2781 4553; x_wconf 63' lang='lat' dir='ltr'><strong>praastantissimum</strong></span> <span class='ocrx_word' id='word_1_732' title='bbox 2812 4499 3133 4555; x_wconf 91' lang='lat' dir='ltr'><strong>quemquem</strong></span> <span class='ocrx_word' id='word_1_733' title='bbox 3170 4499 3201 4539; x_wconf 91' lang='lat' dir='ltr'><strong>e</strong></span> <span class='ocrx_word' id='word_1_734' title='bbox 3238 4484 3641 4539; x_wconf 84' lang='lat' dir='ltr'><strong>confessoribus</strong></span> <span class='ocrx_word' id='word_1_735' title='bbox 3677 4486 3739 4540; x_wconf 88' lang='lat' dir='ltr'><strong>in</strong></span> <span class='ocrx_word' id='word_1_736' title='bbox 3783 4488 3892 4542; x_wconf 71' lang='grc' dir='ltr'><strong>ειε-</strong></span> 
     </span>
    </p>
   </div>
   <div class='ocr_carea' id='block_1_91' title="bbox 568 4574 2163 4646">
    <p class='ocr_par' dir='ltr' id='par_1_91' title="bbox 568 4574 2163 4646">
     <span class='ocr_line' id='line_1_96' title="bbox 568 4574 2163 4646; baseline 0.001 -19"><span class='ocrx_word' id='word_1_737' title='bbox 568 4594 588 4627; x_wconf 76' lang='grc' dir='ltr'><strong>ι</strong></span> <span class='ocrx_word' id='word_1_738' title='bbox 636 4574 828 4631; x_wconf 90' lang='lat' dir='ltr'><strong>fratres</strong></span> <span class='ocrx_word' id='word_1_739' title='bbox 854 4574 1157 4629; x_wconf 89' lang='lat' dir='ltr'><strong>charissimi</strong></span> <span class='ocrx_word' id='word_1_740' title='bbox 1182 4617 1196 4640; x_wconf 93' lang='lat'><strong>,</strong></span> <span class='ocrx_word' id='word_1_741' title='bbox 1226 4574 1367 4644; x_wconf 93' lang='lat' dir='ltr'><strong>quod</strong></span> <span class='ocrx_word' id='word_1_742' title='bbox 1396 4575 1623 4629; x_wconf 90' lang='lat' dir='ltr'><strong>concilio</strong></span> <span class='ocrx_word' id='word_1_743' title='bbox 1652 4575 1979 4646; x_wconf 81' lang='lat' dir='ltr'><strong>collegarum</strong></span> <span class='ocrx_word' id='word_1_744' title='bbox 2011 4592 2163 4632; x_wconf 91' lang='lat' dir='ltr'><strong>meo-</strong></span> 
     </span>
    </p>
   </div>
   <div class='ocr_carea' id='block_1_92' title="bbox 568 4666 2164 4742">
    <p class='ocr_par' dir='ltr' id='par_1_92' title="bbox 568 4666 2164 4742">
     <span class='ocr_line' id='line_1_97' title="bbox 568 4666 2164 4742; baseline 0.003 -23"><span class='ocrx_word' id='word_1_745' title='bbox 568 4686 587 4719; x_wconf 75' lang='lat' dir='ltr'><strong>t</strong></span> <span class='ocrx_word' id='word_1_746' title='bbox 636 4682 754 4721; x_wconf 91' lang='lat' dir='ltr'><strong>rum</strong></span> <span class='ocrx_word' id='word_1_747' title='bbox 785 4710 799 4734; x_wconf 93' lang='lat'><strong>,</strong></span> <span class='ocrx_word' id='word_1_748' title='bbox 829 4668 918 4738; x_wconf 90' lang='lat' dir='ltr'><strong>qui</strong></span> <span class='ocrx_word' id='word_1_749' title='bbox 962 4676 1260 4737; x_wconf 74' lang='lat' dir='ltr'><strong>przesentes</strong></span> <span class='ocrx_word' id='word_1_750' title='bbox 1300 4676 1488 4732; x_wconf 89' lang='lat' dir='ltr'><strong>erant,</strong></span> <span class='ocrx_word' id='word_1_751' title='bbox 1520 4666 1654 4721; x_wconf 87' lang='lat' dir='ltr'><strong>Gaio</strong></span> <span class='ocrx_word' id='word_1_752' title='bbox 1704 4667 1957 4723; x_wconf 90' lang='lat' dir='ltr'><strong>Diddeusi</strong></span> <span class='ocrx_word' id='word_1_753' title='bbox 2010 4668 2029 4742; x_wconf 93' lang='lat'><strong>(</strong></span> <span class='ocrx_word' id='word_1_754' title='bbox 2052 4672 2164 4741; x_wconf 79' lang='lat' dir='ltr'><strong>[or-</strong></span> 
     </span>
    </p>
   </div>
   <div class='ocr_carea' id='block_1_93' title="bbox 571 4758 2167 4831">
    <p class='ocr_par' dir='ltr' id='par_1_93' title="bbox 571 4758 2167 4831">
     <span class='ocr_line' id='line_1_98' title="bbox 571 4758 2167 4831; baseline 0.003 -17"><span class='ocrx_word' id='word_1_755' title='bbox 571 4780 590 4814; x_wconf 73' lang='grc' dir='ltr'>ε</span> <span class='ocrx_word' id='word_1_756' title='bbox 641 4770 775 4814; x_wconf 86' lang='lat' dir='ltr'><strong>tasse</strong></span> <span class='ocrx_word' id='word_1_757' title='bbox 800 4758 1021 4831; x_wconf 84' lang='lat' dir='ltr'><strong>Idensi)</strong></span> <span class='ocrx_word' id='word_1_758' title='bbox 1050 4760 1366 4831; x_wconf 87' lang='lat' dir='ltr'><strong>presbytero</strong></span> <span class='ocrx_word' id='word_1_759' title='bbox 1391 4769 1445 4814; x_wconf 91' lang='lat' dir='ltr'><strong>et</strong></span> <span class='ocrx_word' id='word_1_760' title='bbox 1480 4758 1709 4815; x_wconf 88' lang='lat' dir='ltr'><strong>diacono</strong></span> <span class='ocrx_word' id='word_1_761' title='bbox 1737 4760 1853 4830; x_wconf 88' lang='lat' dir='ltr'><strong>ejus</strong></span> <span class='ocrx_word' id='word_1_762' title='bbox 1880 4763 2167 4819; x_wconf 89' lang='lat' dir='ltr'><strong>censuistis</strong></span> 
     </span>
    </p>
   </div>
   <div class='ocr_carea' id='block_1_94' title="bbox 568 4852 2164 4923">
    <p class='ocr_par' dir='ltr' id='par_1_94' title="bbox 568 4852 2164 4923">
     <span class='ocr_line' id='line_1_99' title="bbox 568 4852 2164 4923; baseline 0.001 -16"><span class='ocrx_word' id='word_1_763' title='bbox 568 4873 586 4907; x_wconf 77' lang='grc' dir='ltr'><strong>ι</strong></span> <span class='ocrx_word' id='word_1_764' title='bbox 636 4868 747 4909; x_wconf 92' lang='lat' dir='ltr'><strong>non</strong></span> <span class='ocrx_word' id='word_1_765' title='bbox 801 4853 1307 4909; x_wconf 78' lang='lat' dir='ltr'><strong>communicandum</strong></span> <span class='ocrx_word' id='word_1_766' title='bbox 1337 4896 1351 4919; x_wconf 95' lang='lat'><strong>,</strong></span> <span class='ocrx_word' id='word_1_767' title='bbox 1401 4852 1489 4923; x_wconf 92' lang='lat' dir='ltr'><strong>qui</strong></span> <span class='ocrx_word' id='word_1_768' title='bbox 1542 4853 1994 4908; x_wconf 88' lang='lat' dir='ltr'><strong>communicando</strong></span> <span class='ocrx_word' id='word_1_769' title='bbox 2041 4870 2164 4910; x_wconf 90' lang='lat' dir='ltr'><strong>cum</strong></span> 
     </span>
    </p>
   </div>
   <div class='ocr_carea' id='block_1_95' title="bbox 566 4944 2164 5017">
    <p class='ocr_par' dir='ltr' id='par_1_95' title="bbox 566 4944 2164 5017">
     <span class='ocr_line' id='line_1_100' title="bbox 566 4944 2164 5017; baseline 0.002 -19"><span class='ocrx_word' id='word_1_770' title='bbox 566 4966 585 4997; x_wconf 77' lang='grc' dir='ltr'><strong>ι</strong></span> <span class='ocrx_word' id='word_1_771' title='bbox 634 4947 797 5017; x_wconf 84' lang='lat' dir='ltr'><strong>lapsis</strong></span> <span class='ocrx_word' id='word_1_772' title='bbox 824 4988 837 5010; x_wconf 96' lang='lat'><strong>,</strong></span> <span class='ocrx_word' id='word_1_773' title='bbox 870 4956 924 5001; x_wconf 91' lang='lat' dir='ltr'><strong>et</strong></span> <span class='ocrx_word' id='word_1_774' title='bbox 969 4944 1249 5000; x_wconf 81' lang='lat' dir='ltr'><strong>offerendo</strong></span> <span class='ocrx_word' id='word_1_775' title='bbox 1295 4944 1597 4999; x_wconf 87' lang='lat' dir='ltr'><strong>oblationes</strong></span> <span class='ocrx_word' id='word_1_776' title='bbox 1643 4958 1834 4999; x_wconf 91' lang='lat' dir='ltr'><strong>eorum</strong></span> <span class='ocrx_word' id='word_1_777' title='bbox 1855 4988 1870 5012; x_wconf 90' lang='lat'><strong>,</strong></span> <span class='ocrx_word' id='word_1_778' title='bbox 1903 4947 1955 5000; x_wconf 92' lang='lat' dir='ltr'><strong>in</strong></span> <span class='ocrx_word' id='word_1_779' title='bbox 1986 4948 2164 5017; x_wconf 88' lang='lat' dir='ltr'><strong>pravis</strong></span> 
     </span>
    </p>
   </div>
   <div class='ocr_carea' id='block_1_96' title="bbox 564 5038 2163 5108">
    <p class='ocr_par' dir='ltr' id='par_1_96' title="bbox 564 5038 2163 5108">
     <span class='ocr_line' id='line_1_101' title="bbox 564 5038 2163 5108; baseline 0.003 -16"><span class='ocrx_word' id='word_1_780' title='bbox 564 5059 585 5092; x_wconf 76' lang='grc' dir='ltr'><strong>ι</strong></span> <span class='ocrx_word' id='word_1_781' title='bbox 631 5041 911 5095; x_wconf 91' lang='lat' dir='ltr'><strong>erroribus</strong></span> <span class='ocrx_word' id='word_1_782' title='bbox 960 5039 1073 5093; x_wconf 89' lang='lat' dir='ltr'><strong>suis</strong></span> <span class='ocrx_word' id='word_1_783' title='bbox 1127 5038 1435 5108; x_wconf 89' lang='lat' dir='ltr'><strong>frequenter</strong></span> <span class='ocrx_word' id='word_1_784' title='bbox 1477 5038 1844 5107; x_wconf 88' lang='lat' dir='ltr'><strong>deprehensi,</strong></span> <span class='ocrx_word' id='word_1_785' title='bbox 1893 5049 1946 5095; x_wconf 91' lang='lat' dir='ltr'><strong>et</strong></span> <span class='ocrx_word' id='word_1_786' title='bbox 1994 5042 2163 5096; x_wconf 88' lang='lat' dir='ltr'><strong>semel</strong></span> 
     </span>
    </p>
   </div>
   <div class='ocr_carea' id='block_1_97' title="bbox 566 5130 2165 5202">
    <p class='ocr_par' dir='ltr' id='par_1_97' title="bbox 566 5130 2165 5202">
     <span class='ocr_line' id='line_1_102' title="bbox 566 5130 2165 5202; baseline 0.005 -19"><span class='ocrx_word' id='word_1_787' title='bbox 566 5151 585 5183; x_wconf 86' lang='grc'><strong>‹</strong></span> <span class='ocrx_word' id='word_1_788' title='bbox 633 5141 794 5202; x_wconf 88' lang='lat' dir='ltr'><strong>atque</strong></span> <span class='ocrx_word' id='word_1_789' title='bbox 840 5134 1032 5186; x_wconf 90' lang='lat' dir='ltr'><strong>iterum</strong></span> <span class='ocrx_word' id='word_1_790' title='bbox 1058 5172 1074 5199; x_wconf 92' lang='lat'><strong>,</strong></span> <span class='ocrx_word' id='word_1_791' title='bbox 1106 5130 1397 5186; x_wconf 91' lang='lat' dir='ltr'><strong>secundum</strong></span> <span class='ocrx_word' id='word_1_792' title='bbox 1434 5131 1578 5202; x_wconf 90' lang='lat' dir='ltr'><strong>quod</strong></span> <span class='ocrx_word' id='word_1_793' title='bbox 1616 5131 1745 5186; x_wconf 91' lang='lat' dir='ltr'><strong>mihi</strong></span> <span class='ocrx_word' id='word_1_794' title='bbox 1773 5132 2102 5202; x_wconf 90' lang='lat' dir='ltr'><strong>scripsistis,</strong></span> <span class='ocrx_word' id='word_1_795' title='bbox 2132 5149 2165 5191; x_wconf 89' lang='lat' dir='ltr'><strong>a</strong></span> 
     </span>
    </p>
   </div>
   <div class='ocr_carea' id='block_1_98' title="bbox 565 5222 2163 5297">
    <p class='ocr_par' dir='ltr' id='par_1_98' title="bbox 565 5222 2163 5297">
     <span class='ocr_line' id='line_1_103' title="bbox 565 5222 2163 5297; baseline 0.004 -22"><span class='ocrx_word' id='word_1_796' title='bbox 565 5242 585 5275; x_wconf 74' lang='grc' dir='ltr'><strong>ι</strong></span> <span class='ocrx_word' id='word_1_797' title='bbox 635 5224 855 5293; x_wconf 82' lang='lat' dir='ltr'><strong>collegis</strong></span> <span class='ocrx_word' id='word_1_798' title='bbox 882 5224 1017 5279; x_wconf 91' lang='lat' dir='ltr'><strong>meis</strong></span> <span class='ocrx_word' id='word_1_799' title='bbox 1044 5223 1231 5278; x_wconf 91' lang='lat' dir='ltr'><strong>moniti</strong></span> <span class='ocrx_word' id='word_1_800' title='bbox 1258 5238 1325 5279; x_wconf 90' lang='lat' dir='ltr'><strong>ne</strong></span> <span class='ocrx_word' id='word_1_801' title='bbox 1354 5222 1457 5280; x_wconf 89' lang='lat' dir='ltr'><strong>hoc</strong></span> <span class='ocrx_word' id='word_1_802' title='bbox 1486 5223 1745 5291; x_wconf 87' lang='lat' dir='ltr'><strong>facerent,</strong></span> <span class='ocrx_word' id='word_1_803' title='bbox 1780 5226 1830 5279; x_wconf 92' lang='lat' dir='ltr'><strong>iu</strong></span> <span class='ocrx_word' id='word_1_804' title='bbox 1863 5240 2163 5297; x_wconf 70' lang='lat' dir='ltr'><strong>prresump-</strong></span> 
     </span>
    </p>
   </div>
   <div class='ocr_carea' id='block_1_99' title="bbox 562 5315 2160 5388">
    <p class='ocr_par' dir='ltr' id='par_1_99' title="bbox 562 5315 2160 5388">
     <span class='ocr_line' id='line_1_104' title="bbox 562 5315 2160 5388; baseline 0.002 -19"><span class='ocrx_word' id='word_1_805' title='bbox 562 5336 582 5369; x_wconf 72' lang='grc' dir='ltr'><strong>ι</strong></span> <span class='ocrx_word' id='word_1_806' title='bbox 632 5318 779 5373; x_wconf 90' lang='lat' dir='ltr'><strong>tione</strong></span> <span class='ocrx_word' id='word_1_807' title='bbox 825 5329 880 5372; x_wconf 90' lang='lat' dir='ltr'><strong>et</strong></span> <span class='ocrx_word' id='word_1_808' title='bbox 931 5315 1157 5372; x_wconf 90' lang='lat' dir='ltr'><strong>audacia</strong></span> <span class='ocrx_word' id='word_1_809' title='bbox 1200 5331 1294 5371; x_wconf 91' lang='lat' dir='ltr'><strong>sua</strong></span> <span class='ocrx_word' id='word_1_810' title='bbox 1337 5317 1687 5388; x_wconf 88' lang='lat' dir='ltr'><strong>pertinaciter</strong></span> <span class='ocrx_word' id='word_1_811' title='bbox 1718 5319 2088 5388; x_wconf 87' lang='lat' dir='ltr'><strong>perstiterunt.</strong></span> <span class='ocrx_word' id='word_1_812' title='bbox 2140 5337 2160 5372; x_wconf 74' lang='grc' dir='ltr'><strong>ι</strong></span> 
     </span>
    </p>
   </div>
   <div class='ocr_carea' id='block_1_100' title="bbox 554 5408 2157 5483">
    <p class='ocr_par' dir='ltr' id='par_1_100' title="bbox 554 5408 2157 5483">
     <span class='ocr_line' id='line_1_105' title="bbox 554 5408 2157 5483; baseline 0.002 -19"><span class='ocrx_word' id='word_1_813' title='bbox 554 5408 793 5465; x_wconf 87' lang='lat' dir='ltr'><strong>Eosdem</strong></span> <span class='ocrx_word' id='word_1_814' title='bbox 823 5410 1051 5465; x_wconf 75' lang='lat' dir='ltr'><strong>subinde</strong></span> <span class='ocrx_word' id='word_1_815' title='bbox 1078 5410 1413 5465; x_wconf 87' lang='lat' dir='ltr'><strong>confirmavit</strong></span> <span class='ocrx_word' id='word_1_816' title='bbox 1452 5411 1677 5481; x_wconf 88' lang='lat' dir='ltr'><strong>cpistola</strong></span> <span class='ocrx_word' id='word_1_817' title='bbox 1718 5411 2157 5483; x_wconf 88' lang='lat' dir='ltr'><strong>presbyterorum</strong></span> 
     </span>
    </p>
   </div>
   <div class='ocr_carea' id='block_1_101' title="bbox 555 5501 2157 5578">
    <p class='ocr_par' dir='ltr' id='par_1_101' title="bbox 555 5501 2157 5578">
     <span class='ocr_line' id='line_1_106' title="bbox 555 5501 2157 5578; baseline 0.004 -21"><span class='ocrx_word' id='word_1_818' title='bbox 555 5501 823 5557; x_wconf 76' lang='lat' dir='ltr'><strong>Ecclesite</strong></span> <span class='ocrx_word' id='word_1_819' title='bbox 852 5504 1135 5573; x_wconf 71' lang='lat' dir='ltr'><strong>Romanm,</strong></span> <span class='ocrx_word' id='word_1_820' title='bbox 1167 5506 1257 5575; x_wconf 90' lang='lat' dir='ltr'><strong>qui</strong></span> <span class='ocrx_word' id='word_1_821' title='bbox 1289 5516 1402 5560; x_wconf 90' lang='lat' dir='ltr'><strong>tum</strong></span> <span class='ocrx_word' id='word_1_822' title='bbox 1427 5547 1442 5572; x_wconf 92' lang='lat'><strong>,</strong></span> <span class='ocrx_word' id='word_1_823' title='bbox 1480 5515 1536 5560; x_wconf 93' lang='lat' dir='ltr'><strong>ut</strong></span> <span class='ocrx_word' id='word_1_824' title='bbox 1562 5507 1713 5561; x_wconf 92' lang='lat' dir='ltr'><strong>aiunt</strong></span> <span class='ocrx_word' id='word_1_825' title='bbox 1735 5548 1750 5573; x_wconf 89' lang='lat'><strong>,</strong></span> <span class='ocrx_word' id='word_1_826' title='bbox 1781 5507 1899 5563; x_wconf 87' lang='lat' dir='ltr'><strong>vice</strong></span> <span class='ocrx_word' id='word_1_827' title='bbox 1926 5507 2157 5578; x_wconf 89' lang='lat' dir='ltr'><strong>pastoris</strong></span> 
     </span>
    </p>
   </div>
   <div class='ocr_carea' id='block_1_102' title="bbox 549 5596 2157 5670">
    <p class='ocr_par' dir='ltr' id='par_1_102' title="bbox 549 5596 2157 5670">
     <span class='ocr_line' id='line_1_107' title="bbox 549 5596 2157 5670; baseline 0.005 -23"><span class='ocrx_word' id='word_1_828' title='bbox 549 5608 767 5662; x_wconf 80' lang='lat' dir='ltr'><strong>gregem</strong></span> <span class='ocrx_word' id='word_1_829' title='bbox 811 5596 1186 5652; x_wconf 89' lang='lat' dir='ltr'><strong>custodiebant</strong></span> <span class='ocrx_word' id='word_1_830' title='bbox 1219 5615 1232 5651; x_wconf 91' lang='lat'><strong>:</strong></span> <span class='ocrx_word' id='word_1_831' title='bbox 1265 5597 1485 5653; x_wconf 90' lang='lat' dir='ltr'><strong>modum</strong></span> <span class='ocrx_word' id='word_1_832' title='bbox 1527 5600 1707 5665; x_wconf 91' lang='lat' dir='ltr'><strong>enim,</strong></span> <span class='ocrx_word' id='word_1_833' title='bbox 1762 5614 1923 5670; x_wconf 90' lang='lat' dir='ltr'><strong>quem</strong></span> <span class='ocrx_word' id='word_1_834' title='bbox 1971 5600 2070 5669; x_wconf 83' lang='lat' dir='ltr'><strong>ipsi</strong></span> <span class='ocrx_word' id='word_1_835' title='bbox 2102 5600 2157 5655; x_wconf 92' lang='lat' dir='ltr'><strong>in</strong></span> 
     </span>
    </p>
   </div>
   <div class='ocr_carea' id='block_1_103' title="bbox 550 5682 2157 5762">
    <p class='ocr_par' dir='ltr' id='par_1_103' title="bbox 550 5682 2157 5762">
     <span class='ocr_line' id='line_1_108' title="bbox 550 5682 2157 5762; baseline 0.008 -27"><span class='ocrx_word' id='word_1_836' title='bbox 550 5682 698 5736; x_wconf 85' lang='lat' dir='ltr'><strong>Urbe</strong></span> <span class='ocrx_word' id='word_1_837' title='bbox 741 5687 1029 5741; x_wconf 86' lang='lat' dir='ltr'><strong>servabant</strong></span> <span class='ocrx_word' id='word_1_838' title='bbox 1081 5702 1205 5757; x_wconf 84' lang='lat' dir='ltr'><strong>erga</strong></span> <span class='ocrx_word' id='word_1_839' title='bbox 1260 5689 1483 5759; x_wconf 87' lang='lat' dir='ltr'><strong>lapsos,</strong></span> <span class='ocrx_word' id='word_1_840' title='bbox 1540 5704 1905 5762; x_wconf 87' lang='lat' dir='ltr'><strong>proponentes</strong></span> <span class='ocrx_word' id='word_1_841' title='bbox 1972 5690 2157 5747; x_wconf 84' lang='lat' dir='ltr'><strong>horta-</strong></span> 
     </span>
    </p>
   </div>
   <div class='ocr_carea' id='block_1_104' title="bbox 548 5768 2157 5845">
    <p class='ocr_par' dir='ltr' id='par_1_104' title="bbox 548 5768 2157 5845">
     <span class='ocr_line' id='line_1_109' title="bbox 548 5768 2157 5845; baseline 0.016 -29"><span class='ocrx_word' id='word_1_842' title='bbox 548 5768 779 5835; x_wconf 88' lang='lat' dir='ltr'><strong>bantur,</strong></span> <span class='ocrx_word' id='word_1_843' title='bbox 815 5784 871 5829; x_wconf 89' lang='lat' dir='ltr'><strong>ut</strong></span> <span class='ocrx_word' id='word_1_844' title='bbox 902 5778 1016 5843; x_wconf 89' lang='lat' dir='ltr'><strong>pari</strong></span> <span class='ocrx_word' id='word_1_845' title='bbox 1044 5780 1251 5835; x_wconf 87' lang='lat' dir='ltr'><strong>ratione</strong></span> <span class='ocrx_word' id='word_1_846' title='bbox 1287 5791 1584 5838; x_wconf 87' lang='lat' dir='ltr'><strong>uterentur.</strong></span> <span class='ocrx_word' id='word_1_847' title='bbox 1628 5783 1861 5841; x_wconf 88' lang='lat' dir='ltr'><strong>Provide</strong></span> <span class='ocrx_word' id='word_1_848' title='bbox 1890 5794 2070 5844; x_wconf 89' lang='lat' dir='ltr'><strong>autem</strong></span> <span class='ocrx_word' id='word_1_849' title='bbox 2100 5794 2157 5845; x_wconf 87' lang='lat' dir='ltr'><strong>et</strong></span> 
     </span>
    </p>
   </div>
   <div class='ocr_carea' id='block_1_105' title="bbox 2271 4577 3896 4651">
    <p class='ocr_par' dir='ltr' id='par_1_105' title="bbox 2271 4577 3896 4651">
     <span class='ocr_line' id='line_1_110' title="bbox 2271 4577 3896 4651; baseline 0 -18"><span class='ocrx_word' id='word_1_850' title='bbox 2271 4594 2393 4633; x_wconf 91' lang='lat' dir='ltr'><strong>rum</strong></span> <span class='ocrx_word' id='word_1_851' title='bbox 2437 4579 2738 4650; x_wconf 84' lang='lat' dir='ltr'><strong>allegeret,</strong></span> <span class='ocrx_word' id='word_1_852' title='bbox 2788 4594 2910 4633; x_wconf 89' lang='lat' dir='ltr'><strong>cum</strong></span> <span class='ocrx_word' id='word_1_853' title='bbox 2954 4577 3094 4634; x_wconf 92' lang='lat' dir='ltr'><strong>forte</strong></span> <span class='ocrx_word' id='word_1_854' title='bbox 3132 4593 3256 4633; x_wconf 91' lang='lat' dir='ltr'><strong>eum</strong></span> <span class='ocrx_word' id='word_1_855' title='bbox 3314 4578 3613 4650; x_wconf 87' lang='lat' dir='ltr'><strong>presbyteri</strong></span> <span class='ocrx_word' id='word_1_856' title='bbox 3677 4580 3896 4651; x_wconf 86' lang='lat' dir='ltr'><strong>aliquot</strong></span> 
     </span>
    </p>
   </div>
   <div class='ocr_carea' id='block_1_106' title="bbox 2270 4672 3900 4743">
    <p class='ocr_par' dir='ltr' id='par_1_106' title="bbox 2270 4672 3900 4743">
     <span class='ocr_line' id='line_1_111' title="bbox 2270 4672 3900 4743; baseline 0.002 -16"><span class='ocrx_word' id='word_1_857' title='bbox 2270 4672 2691 4738; x_wconf 82' lang='lat' dir='ltr'><strong>convenissent,</strong></span> <span class='ocrx_word' id='word_1_858' title='bbox 2726 4672 2857 4741; x_wconf 87' lang='lat' dir='ltr'><strong>ipsis</strong></span> <span class='ocrx_word' id='word_1_859' title='bbox 2885 4672 3243 4743; x_wconf 75' lang='lat' dir='ltr'><strong>przesentibus</strong></span> <span class='ocrx_word' id='word_1_860' title='bbox 3292 4672 3521 4727; x_wconf 88' lang='lat' dir='ltr'><strong>lectores</strong></span> <span class='ocrx_word' id='word_1_861' title='bbox 3557 4673 3704 4730; x_wconf 88' lang='lat' dir='ltr'><strong>duos</strong></span> <span class='ocrx_word' id='word_1_862' title='bbox 3747 4676 3900 4730; x_wconf 85' lang='lat' dir='ltr'><strong>ordi-</strong></span> 
     </span>
    </p>
   </div>
   <div class='ocr_carea' id='block_1_107' title="bbox 2271 4763 3899 4841">
    <p class='ocr_par' dir='ltr' id='par_1_107' title="bbox 2271 4763 3899 4841">
     <span class='ocr_line' id='line_1_112' title="bbox 2271 4763 3899 4841; baseline 0.004 -23"><span class='ocrx_word' id='word_1_863' title='bbox 2271 4764 2419 4818; x_wconf 91' lang='lat' dir='ltr'><strong>navit</strong></span> <span class='ocrx_word' id='word_1_864' title='bbox 2450 4764 2471 4834; x_wconf 98' lang='lat'><strong>(</strong></span> <span class='ocrx_word' id='word_1_865' title='bbox 2504 4763 2675 4834; x_wconf 74' lang='lat' dir='ltr'><strong>Epist.</strong></span> <span class='ocrx_word' id='word_1_866' title='bbox 2712 4765 2782 4820; x_wconf 74' lang='lat'><strong>35</strong></span> <span class='ocrx_word' id='word_1_867' title='bbox 2810 4764 2850 4835; x_wconf 94' lang='lat'><strong>).</strong></span> <span class='ocrx_word' id='word_1_868' title='bbox 2884 4765 3083 4820; x_wconf 88' lang='lat' dir='ltr'><strong>Horum</strong></span> <span class='ocrx_word' id='word_1_869' title='bbox 3119 4765 3265 4836; x_wconf 89' lang='lat' dir='ltr'><strong>prior</strong></span> <span class='ocrx_word' id='word_1_870' title='bbox 3310 4764 3406 4821; x_wconf 91' lang='lat' dir='ltr'><strong>fuit</strong></span> <span class='ocrx_word' id='word_1_871' title='bbox 3444 4767 3703 4824; x_wconf 82' lang='lat' dir='ltr'><strong>Aurelius</strong></span> <span class='ocrx_word' id='word_1_872' title='bbox 3736 4771 3899 4841; x_wconf 85' lang='lat' dir='ltr'><strong>cujus</strong></span> 
     </span>
    </p>
   </div>
   <div class='ocr_carea' id='block_1_108' title="bbox 2270 4857 3899 4931">
    <p class='ocr_par' dir='ltr' id='par_1_108' title="bbox 2270 4857 3899 4931">
     <span class='ocr_line' id='line_1_113' title="bbox 2270 4857 3899 4931; baseline 0.006 -19"><span class='ocrx_word' id='word_1_873' title='bbox 2270 4857 2456 4913; x_wconf 90' lang='lat' dir='ltr'><strong>laudes</strong></span> <span class='ocrx_word' id='word_1_874' title='bbox 2484 4859 2564 4914; x_wconf 94' lang='lat' dir='ltr'><strong>sic</strong></span> <span class='ocrx_word' id='word_1_875' title='bbox 2585 4859 2700 4928; x_wconf 86' lang='lat' dir='ltr'><strong>ipse</strong></span> <span class='ocrx_word' id='word_1_876' title='bbox 2724 4861 3062 4931; x_wconf 86' lang='lat' dir='ltr'><strong>persequitur</strong></span> <span class='ocrx_word' id='word_1_877' title='bbox 3088 4878 3101 4913; x_wconf 92' lang='lat'>:</span> <span class='ocrx_word' id='word_1_878' title='bbox 3136 4879 3155 4912; x_wconf 84' lang='grc'><strong>‹</strong></span> <span class='ocrx_word' id='word_1_879' title='bbox 3192 4860 3445 4916; x_wconf 87' lang='lat' dir='ltr'><strong>Aurelius</strong></span> <span class='ocrx_word' id='word_1_880' title='bbox 3472 4860 3636 4917; x_wconf 88' lang='lat' dir='ltr'><strong>frater</strong></span> <span class='ocrx_word' id='word_1_881' title='bbox 3658 4874 3899 4931; x_wconf 87' lang='lat' dir='ltr'><strong>noster,</strong></span> 
     </span>
    </p>
   </div>
   <div class='ocr_carea' id='block_1_109' title="bbox 2276 4950 3905 5023">
    <p class='ocr_par' dir='ltr' id='par_1_109' title="bbox 2276 4950 3905 5023">
     <span class='ocr_line' id='line_1_114' title="bbox 2276 4950 3905 5023; baseline 0.006 -20"><span class='ocrx_word' id='word_1_882' title='bbox 2276 4969 2294 5002; x_wconf 76' lang='grc' dir='ltr'><strong>ι</strong></span> <span class='ocrx_word' id='word_1_883' title='bbox 2334 4950 2556 5005; x_wconf 88' lang='lat' dir='ltr'><strong>illustris</strong></span> <span class='ocrx_word' id='word_1_884' title='bbox 2608 4950 2969 5019; x_wconf 89' lang='lat' dir='ltr'><strong>adolescens,</strong></span> <span class='ocrx_word' id='word_1_885' title='bbox 3006 4968 3035 5006; x_wconf 88' lang='lat' dir='ltr'><strong>a</strong></span> <span class='ocrx_word' id='word_1_886' title='bbox 3079 4952 3307 5007; x_wconf 86' lang='lat' dir='ltr'><strong>Domino</strong></span> <span class='ocrx_word' id='word_1_887' title='bbox 3352 4952 3462 5023; x_wconf 90' lang='lat' dir='ltr'><strong>jam</strong></span> <span class='ocrx_word' id='word_1_888' title='bbox 3518 4954 3794 5023; x_wconf 87' lang='lat' dir='ltr'><strong>probatus</strong></span> <span class='ocrx_word' id='word_1_889' title='bbox 3847 4968 3905 5012; x_wconf 87' lang='lat' dir='ltr'><strong>et</strong></span> 
     </span>
    </p>
   </div>
   <div class='ocr_carea' id='block_1_110' title="bbox 2276 5044 3906 5113">
    <p class='ocr_par' dir='ltr' id='par_1_110' title="bbox 2276 5044 3906 5113">
     <span class='ocr_line' id='line_1_115' title="bbox 2276 5044 3906 5113; baseline 0.007 -18"><span class='ocrx_word' id='word_1_890' title='bbox 2276 5061 2295 5095; x_wconf 73' lang='grc' dir='ltr'><strong>ι</strong></span> <span class='ocrx_word' id='word_1_891' title='bbox 2332 5044 2443 5098; x_wconf 86' lang='lat' dir='ltr'><strong>Deo</strong></span> <span class='ocrx_word' id='word_1_892' title='bbox 2469 5044 2686 5112; x_wconf 87' lang='lat' dir='ltr'><strong>chartis,</strong></span> <span class='ocrx_word' id='word_1_893' title='bbox 2718 5046 2771 5100; x_wconf 91' lang='lat' dir='ltr'><strong>iu</strong></span> <span class='ocrx_word' id='word_1_894' title='bbox 2794 5046 2948 5101; x_wconf 90' lang='lat' dir='ltr'><strong>annis</strong></span> <span class='ocrx_word' id='word_1_895' title='bbox 2976 5045 3152 5102; x_wconf 87' lang='lat' dir='ltr'><strong>adhuc</strong></span> <span class='ocrx_word' id='word_1_896' title='bbox 3179 5046 3555 5113; x_wconf 85' lang='lat' dir='ltr'><strong>novellus,sed</strong></span> <span class='ocrx_word' id='word_1_897' title='bbox 3585 5048 3637 5102; x_wconf 90' lang='lat' dir='ltr'><strong>in</strong></span> <span class='ocrx_word' id='word_1_898' title='bbox 3662 5051 3906 5107; x_wconf 77' lang='lat' dir='ltr'><strong>virtutis</strong></span> 
     </span>
    </p>
   </div>
   <div class='ocr_carea' id='block_1_111' title="bbox 2274 5137 3903 5209">
    <p class='ocr_par' dir='ltr' id='par_1_111' title="bbox 2274 5137 3903 5209">
     <span class='ocr_line' id='line_1_116' title="bbox 2274 5137 3903 5209; baseline 0.005 -20"><span class='ocrx_word' id='word_1_899' title='bbox 2274 5154 2294 5188; x_wconf 78' lang='lat' dir='ltr'><strong>r</strong></span> <span class='ocrx_word' id='word_1_900' title='bbox 2331 5152 2396 5192; x_wconf 90' lang='lat' dir='ltr'><strong>ac</strong></span> <span class='ocrx_word' id='word_1_901' title='bbox 2425 5137 2547 5193; x_wconf 77' lang='lat' dir='ltr'><strong>fidei</strong></span> <span class='ocrx_word' id='word_1_902' title='bbox 2579 5138 2736 5193; x_wconf 90' lang='lat' dir='ltr'><strong>laude</strong></span> <span class='ocrx_word' id='word_1_903' title='bbox 2764 5150 3051 5209; x_wconf 88' lang='lat' dir='ltr'><strong>provectus</strong></span> <span class='ocrx_word' id='word_1_904' title='bbox 3072 5180 3089 5206; x_wconf 91' lang='lat'><strong>,</strong></span> <span class='ocrx_word' id='word_1_905' title='bbox 3119 5140 3298 5193; x_wconf 89' lang='lat' dir='ltr'><strong>minor</strong></span> <span class='ocrx_word' id='word_1_906' title='bbox 3333 5139 3386 5194; x_wconf 87' lang='lat' dir='ltr'><strong>in</strong></span> <span class='ocrx_word' id='word_1_907' title='bbox 3418 5140 3594 5194; x_wconf 67' lang='lat' dir='ltr'><strong>aetatis</strong></span> <span class='ocrx_word' id='word_1_908' title='bbox 3645 5154 3779 5195; x_wconf 76' lang='lat' dir='ltr'><strong>sua:</strong></span> <span class='ocrx_word' id='word_1_909' title='bbox 3814 5144 3903 5197; x_wconf 86' lang='lat' dir='ltr'><strong>in-</strong></span> 
     </span>
    </p>
   </div>
   <div class='ocr_carea' id='block_1_112' title="bbox 2276 5229 3910 5304">
    <p class='ocr_par' dir='ltr' id='par_1_112' title="bbox 2276 5229 3910 5304">
     <span class='ocr_line' id='line_1_117' title="bbox 2276 5229 3910 5304; baseline 0.007 -22"><span class='ocrx_word' id='word_1_910' title='bbox 2276 5247 2295 5282; x_wconf 80' lang='lat' dir='ltr'><strong>t</strong></span> <span class='ocrx_word' id='word_1_911' title='bbox 2332 5229 2488 5299; x_wconf 91' lang='lat' dir='ltr'><strong>dole,</strong></span> <span class='ocrx_word' id='word_1_912' title='bbox 2517 5229 2611 5285; x_wconf 86' lang='lat' dir='ltr'><strong>sed</strong></span> <span class='ocrx_word' id='word_1_913' title='bbox 2649 5230 2822 5301; x_wconf 86' lang='lat' dir='ltr'><strong>major</strong></span> <span class='ocrx_word' id='word_1_914' title='bbox 2854 5232 2904 5285; x_wconf 90' lang='lat' dir='ltr'><strong>in</strong></span> <span class='ocrx_word' id='word_1_915' title='bbox 2938 5231 3142 5287; x_wconf 89' lang='lat' dir='ltr'><strong>honore</strong></span> <span class='ocrx_word' id='word_1_916' title='bbox 3163 5274 3176 5295; x_wconf 87' lang='lat'><strong>,</strong></span> <span class='ocrx_word' id='word_1_917' title='bbox 3200 5233 3415 5303; x_wconf 84' lang='lat' dir='ltr'><strong>gemino</strong></span> <span class='ocrx_word' id='word_1_918' title='bbox 3448 5232 3536 5287; x_wconf 90' lang='lat' dir='ltr'><strong>hic</strong></span> <span class='ocrx_word' id='word_1_919' title='bbox 3565 5247 3756 5304; x_wconf 76' lang='lat' dir='ltr'><strong>agone</strong></span> <span class='ocrx_word' id='word_1_920' title='bbox 3784 5252 3910 5293; x_wconf 85' lang='lat' dir='ltr'><strong>cer-</strong></span> 
     </span>
    </p>
   </div>
   <div class='ocr_carea' id='block_1_113' title="bbox 2274 5324 3903 5392">
    <p class='ocr_par' dir='ltr' id='par_1_113' title="bbox 2274 5324 3903 5392">
     <span class='ocr_line' id='line_1_118' title="bbox 2274 5324 3903 5392; baseline 0.004 -14"><span class='ocrx_word' id='word_1_921' title='bbox 2274 5343 2295 5378; x_wconf 72' lang='lat' dir='ltr'><strong>t</strong></span> <span class='ocrx_word' id='word_1_922' title='bbox 2336 5325 2468 5380; x_wconf 90' lang='lat' dir='ltr'><strong>tavit</strong></span> <span class='ocrx_word' id='word_1_923' title='bbox 2496 5367 2512 5392; x_wconf 93' lang='lat'><strong>,</strong></span> <span class='ocrx_word' id='word_1_924' title='bbox 2560 5325 2644 5380; x_wconf 89' lang='lat' dir='ltr'><strong>bis</strong></span> <span class='ocrx_word' id='word_1_925' title='bbox 2674 5324 2991 5391; x_wconf 88' lang='lat' dir='ltr'><strong>confessus,</strong></span> <span class='ocrx_word' id='word_1_926' title='bbox 3024 5332 3078 5381; x_wconf 91' lang='lat' dir='ltr'><strong>et</strong></span> <span class='ocrx_word' id='word_1_927' title='bbox 3116 5325 3200 5380; x_wconf 89' lang='lat' dir='ltr'><strong>bis</strong></span> <span class='ocrx_word' id='word_1_928' title='bbox 3225 5325 3583 5381; x_wconf 75' lang='lat' dir='ltr'><strong>confessionis</strong></span> <span class='ocrx_word' id='word_1_929' title='bbox 3613 5341 3742 5382; x_wconf 69' lang='lat' dir='ltr'><strong>sure</strong></span> <span class='ocrx_word' id='word_1_930' title='bbox 3776 5332 3903 5385; x_wconf 84' lang='lat' dir='ltr'><strong>vic-</strong></span> 
     </span>
    </p>
   </div>
   <div class='ocr_carea' id='block_1_114' title="bbox 2276 5418 3910 5490">
    <p class='ocr_par' dir='ltr' id='par_1_114' title="bbox 2276 5418 3910 5490">
     <span class='ocr_line' id='line_1_119' title="bbox 2276 5418 3910 5490; baseline 0.007 -21"><span class='ocrx_word' id='word_1_931' title='bbox 2276 5435 2295 5469; x_wconf 77' lang='grc' dir='ltr'><strong>ι</strong></span> <span class='ocrx_word' id='word_1_932' title='bbox 2336 5419 2473 5473; x_wconf 90' lang='lat' dir='ltr'><strong>toria</strong></span> <span class='ocrx_word' id='word_1_933' title='bbox 2516 5418 2821 5490; x_wconf 84' lang='lat' dir='ltr'><strong>gloriosus,</strong></span> <span class='ocrx_word' id='word_1_934' title='bbox 2862 5427 2918 5473; x_wconf 92' lang='lat' dir='ltr'><strong>et</strong></span> <span class='ocrx_word' id='word_1_935' title='bbox 2971 5418 3189 5489; x_wconf 91' lang='lat' dir='ltr'><strong>quando</strong></span> <span class='ocrx_word' id='word_1_936' title='bbox 3229 5419 3332 5474; x_wconf 87' lang='lat' dir='ltr'><strong>vici</strong></span> <span class='ocrx_word' id='word_1_937' title='bbox 3384 5420 3438 5475; x_wconf 89' lang='lat' dir='ltr'><strong>in</strong></span> <span class='ocrx_word' id='word_1_938' title='bbox 3492 5434 3655 5475; x_wconf 91' lang='lat' dir='ltr'><strong>cursu</strong></span> <span class='ocrx_word' id='word_1_939' title='bbox 3710 5421 3910 5481; x_wconf 83' lang='lat' dir='ltr'><strong>factus</strong></span> 
     </span>
    </p>
   </div>
   <div class='ocr_carea' id='block_1_115' title="bbox 2268 5511 3907 5587">
    <p class='ocr_par' dir='ltr' id='par_1_115' title="bbox 2268 5511 3907 5587">
     <span class='ocr_line' id='line_1_120' title="bbox 2268 5511 3907 5587; baseline 0.007 -25"><span class='ocrx_word' id='word_1_940' title='bbox 2268 5528 2289 5562; x_wconf 68' lang='grc' dir='ltr'><strong>ι</strong></span> <span class='ocrx_word' id='word_1_941' title='bbox 2323 5512 2580 5579; x_wconf 80' lang='lat' dir='ltr'><strong>extorris,</strong></span> <span class='ocrx_word' id='word_1_942' title='bbox 2611 5522 2664 5567; x_wconf 89' lang='lat' dir='ltr'><strong>ct</strong></span> <span class='ocrx_word' id='word_1_943' title='bbox 2687 5526 2809 5567; x_wconf 88' lang='lat' dir='ltr'><strong>eum</strong></span> <span class='ocrx_word' id='word_1_944' title='bbox 2834 5511 3009 5567; x_wconf 79' lang='lat' dir='ltr'><strong>denuo</strong></span> <span class='ocrx_word' id='word_1_945' title='bbox 3030 5514 3327 5569; x_wconf 89' lang='lat' dir='ltr'><strong>certamine</strong></span> <span class='ocrx_word' id='word_1_946' title='bbox 3350 5512 3573 5569; x_wconf 88' lang='lat' dir='ltr'><strong>fortiore</strong></span> <span class='ocrx_word' id='word_1_947' title='bbox 3596 5522 3907 5587; x_wconf 78' lang='lat' dir='ltr'><strong>pugnavit,</strong></span> 
     </span>
    </p>
   </div>
   <div class='ocr_carea' id='block_1_116' title="bbox 2267 5602 3915 5676">
    <p class='ocr_par' dir='ltr' id='par_1_116' title="bbox 2267 5602 3915 5676">
     <span class='ocr_line' id='line_1_121' title="bbox 2267 5602 3915 5676; baseline 0.008 -22"><span class='ocrx_word' id='word_1_948' title='bbox 2267 5620 2286 5654; x_wconf 73' lang='grc' dir='ltr'><strong>ι</strong></span> <span class='ocrx_word' id='word_1_949' title='bbox 2324 5602 2684 5673; x_wconf 91' lang='lat' dir='ltr'><strong>triumphator</strong></span> <span class='ocrx_word' id='word_1_950' title='bbox 2712 5612 2767 5659; x_wconf 92' lang='lat' dir='ltr'><strong>et</strong></span> <span class='ocrx_word' id='word_1_951' title='bbox 2795 5604 2964 5661; x_wconf 90' lang='lat' dir='ltr'><strong>victor</strong></span> <span class='ocrx_word' id='word_1_952' title='bbox 3004 5606 3056 5660; x_wconf 92' lang='lat' dir='ltr'><strong>in</strong></span> <span class='ocrx_word' id='word_1_953' title='bbox 3104 5604 3290 5676; x_wconf 76' lang='lat' dir='ltr'><strong>praelio</strong></span> <span class='ocrx_word' id='word_1_954' title='bbox 3333 5604 3620 5674; x_wconf 67' lang='lat' dir='ltr'><strong>passionis.</strong></span> <span class='ocrx_word' id='word_1_955' title='bbox 3660 5624 3681 5657; x_wconf 75' lang='grc' dir='ltr'><strong>ι</strong></span> <span class='ocrx_word' id='word_1_956' title='bbox 3738 5610 3915 5667; x_wconf 85' lang='lat' dir='ltr'><strong>Alter</strong></span> 
     </span>
    </p>
   </div>
   <div class='ocr_carea' id='block_1_117' title="bbox 2258 5693 3910 5769">
    <p class='ocr_par' dir='ltr' id='par_1_117' title="bbox 2258 5693 3910 5769">
     <span class='ocr_line' id='line_1_122' title="bbox 2258 5693 3910 5769; baseline 0.008 -20"><span class='ocrx_word' id='word_1_957' title='bbox 2258 5694 2359 5750; x_wconf 86' lang='lat' dir='ltr'><strong>fuit</strong></span> <span class='ocrx_word' id='word_1_958' title='bbox 2385 5693 2685 5765; x_wconf 79' lang='lat' dir='ltr'><strong>Celerinus,</strong></span> <span class='ocrx_word' id='word_1_959' title='bbox 2711 5699 2802 5769; x_wconf 89' lang='lat' dir='ltr'><strong>qui</strong></span> <span class='ocrx_word' id='word_1_960' title='bbox 2826 5709 2881 5754; x_wconf 91' lang='lat' dir='ltr'><strong>et</strong></span> <span class='ocrx_word' id='word_1_961' title='bbox 2906 5699 3081 5755; x_wconf 84' lang='lat' dir='ltr'><strong>aviam</strong></span> <span class='ocrx_word' id='word_1_962' title='bbox 3102 5708 3157 5755; x_wconf 91' lang='lat' dir='ltr'><strong>et</strong></span> <span class='ocrx_word' id='word_1_963' title='bbox 3186 5708 3432 5769; x_wconf 91' lang='lat' dir='ltr'><strong>patruum</strong></span> <span class='ocrx_word' id='word_1_964' title='bbox 3456 5708 3511 5755; x_wconf 88' lang='lat' dir='ltr'><strong>et</strong></span> <span class='ocrx_word' id='word_1_965' title='bbox 3538 5705 3910 5761; x_wconf 89' lang='lat' dir='ltr'><strong>avunculum</strong></span> 
     </span>
    </p>
   </div>
   <div class='ocr_carea' id='block_1_118' title="bbox 2256 5791 3910 5866">
    <p class='ocr_par' dir='ltr' id='par_1_118' title="bbox 2256 5791 3910 5866">
     <span class='ocr_line' id='line_1_123' title="bbox 2256 5791 3910 5866; baseline 0.008 -21"><span class='ocrx_word' id='word_1_966' title='bbox 2256 5796 2492 5858; x_wconf 88' lang='lat' dir='ltr'><strong>matyres</strong></span> <span class='ocrx_word' id='word_1_967' title='bbox 2538 5792 2855 5850; x_wconf 84' lang='lat' dir='ltr'><strong>numerabat</strong></span> <span class='ocrx_word' id='word_1_968' title='bbox 2900 5791 3095 5866; x_wconf 75' lang='lat' dir='ltr'><strong>(Epist.</strong></span> <span class='ocrx_word' id='word_1_969' title='bbox 3140 5792 3253 5863; x_wconf 76' lang='lat' dir='ltr'><strong>3i).</strong></span> <span class='ocrx_word' id='word_1_970' title='bbox 3311 5792 3513 5851; x_wconf 83' lang='lat' dir='ltr'><strong>Fuerat</strong></span> <span class='ocrx_word' id='word_1_971' title='bbox 3548 5794 3658 5864; x_wconf 85' lang='lat' dir='ltr'><strong>hic,</strong></span> <span class='ocrx_word' id='word_1_972' title='bbox 3706 5807 3781 5856; x_wconf 86' lang='lat' dir='ltr'><strong>ut</strong></span> <span class='ocrx_word' id='word_1_973' title='bbox 3813 5800 3910 5858; x_wconf 82' lang='lat' dir='ltr'><strong>di-</strong></span> 
     </span>
    </p>
   </div>
  </div>
