4116 6258
264 358 377 413 M33

1453 349 1803 407 ECCLESIE
1835 348 2229 408 AFRICANE.

3394 343 3535 400 1454

263 475 419 528 ximus
441 514 455 540 ,
488 472 541 527 in
570 471 798 527 vinculis
829 471 1016 527 Romae
1046 510 1061 536 ,
1093 468 1395 525 libertatem
1432 468 1664 540 adeptus
1700 468 1825 524 red-
1856 471 1909 530 A
1941 492 1957 523 ι
2005 471 2255 542 dignatus
2285 479 2366 526 est
2395 488 2409 527 :
2442 470 2535 525 Die
2565 470 2662 535 illi,
2695 467 2886 539 inquit,
2917 480 3139 522 securus
3160 465 3248 531 sit,
3281 463 3404 535 quia
3434 477 3538 535 pax

260 567 372 622 ierat
425 568 477 622 in
534 564 801 631 Africam,
853 575 907 621 et
945 564 1275 636 Cyprianum
1325 565 1497 635 ipsum
1531 566 1829 619 latitantem

259 659 471 725 adierat;
499 658 576 713 sic
598 667 777 713 autem
796 659 1191 714 lectorcreatus
1214 667 1317 723 est,
1345 672 1399 712 ut
1421 659 1613 713 divina:
1637 659 1829 714 volun-

260 752 362 807 tatis
399 751 718 821 signiﬁcatio
749 760 1137 822 repugnantem
1167 751 1475 805 adduceret.
1502 750 1634 805 Nam
1660 751 1737 805 sic
1765 752 1831 807 de

258 858 311 899 eo
333 844 389 897 ad
412 846 615 900 clerum
634 855 688 899 et
717 845 924 913 plebem
945 844 1134 899 scribit
1172 845 1471 915 Cyprianus
1497 862 1507 899 :
1533 862 1550 895 ί
1586 844 1831 900 Exultate

262 954 277 989 ι
310 937 478 1007 itaque
504 946 560 993 et
589 936 817 1007 gaudete
851 937 1129 992 nobiscum
1159 937 1356 992 litteris
1387 938 1608 1002 nostris,
1638 937 1831 1007 quibus

262 1047 278 1082 ι
309 1046 399 1101 ego
428 1043 484 1086 et
509 1033 734 1102 collega:
764 1033 865 1087 mei
894 1075 907 1099 ,
937 1034 1027 1104 qui
1060 1042 1356 1103 praesentes
1390 1033 1613 1087 aderant
1639 1074 1652 1098 ,
1687 1032 1829 1089 refe—

260 1142 277 1177 ‹
306 1125 466 1179 rimus
489 1126 555 1180 ad
578 1141 670 1179 vos
692 1126 1001 1181 Celerinnm
1026 1126 1244 1181 fratrem
1276 1136 1519 1182 nostrum
1545 1128 1830 1185 virtutibus

262 1234 277 1268 ί
311 1217 509 1287 pariter
553 1225 607 1272 et
637 1218 875 1274 moribus
917 1218 1215 1289 gloriosum
1265 1220 1411 1274 clero
1459 1228 1644 1273 nostro
1674 1261 1688 1286 ,
1723 1233 1829 1273 non

261 1325 276 1359 ‹
309 1309 529 1363 humana
553 1310 965 1380 suffragatione,
1000 1312 1094 1365 sed
1134 1311 1315 1367 divina
1348 1313 1661 1382 dignatione
1701 1328 1830 1367 con-

259 1419 276 1454 ‹
302 1402 560 1473 junctum.
604 1404 707 1471 Qui
747 1419 869 1459 cum
899 1406 1206 1460 consentire
1236 1404 1508 1461 dubitaret
1537 1406 1791 1461 Ecclesia:
1813 1447 1826 1471 ,

258 1515 275 1549 ι
309 1497 469 1565 ipsius
508 1496 789 1552 admonitu
819 1507 875 1553 et
905 1497 1119 1553 hortatu
1148 1498 1200 1552 in
1232 1498 1439 1553 visione
1480 1514 1576 1567 per
1614 1506 1827 1553 noctem

256 1606 273 1641 ‹
304 1588 605 1658 compulsus
633 1597 717 1645 est
744 1631 758 1656 ,
809 1605 876 1645 ne
924 1601 1143 1660 negaret
1189 1589 1344 1644 nobis
1389 1589 1761 1645 suadentibus.
1804 1608 1824 1643 ι

249 1679 502 1735 Caeterum
536 1681 768 1751 majores
796 1680 1008 1751 utrique
1051 1682 1286 1736 honores
1327 1682 1634 1752 Cyprianus
1659 1681 1828 1736 desti-

251 1760 414 1830 nabat.
466 1793 484 1827 ι
521 1774 664 1833 Hos.
716 1776 927 1846 inquit,
976 1775 1205 1830 lectores
1247 1758 1460 1830 interim
1511 1776 1829 1831 constitutos

1942 583 1960 616 ι
2009 570 2235 617 ventura
2275 572 2391 626 est;
2423 561 2517 616 sed
2548 561 2690 631 quod
2730 559 2939 614 interim
2975 556 3180 612 mornla
3208 564 3313 624 est,
3348 570 3540 626 super-

1942 675 1960 709 ι
2007 664 2132 711 sunt
2160 655 2335 709 adhuc
2362 654 2526 724 aliqui
2554 655 2644 723 qui
2675 652 2989 727 probentur.
3023 670 3041 703 ι
3075 649 3298 717 Quibus,
3321 649 3542 719 opinor,

1936 749 2115 804 verbis
2148 747 2395 803 intestina
2425 746 2779 815 quorunulam
2806 743 3103 814 conjuratio
3137 741 3534 810 designabatur,

1935 858 2053 910 quzc
2077 841 2187 909 jam
2221 838 2587 909 impendebat.
2627 856 2646 889 ‹
2681 836 2736 892 Si
2768 851 2887 903 nos,
2920 835 3114 904 inquit,
3148 832 3406 888 Dominus
3437 830 3539 885 bu-

1942 958 1959 991 (
2008 936 2162 991 miles
2210 945 2264 991 et
2308 936 2543 1006 quietos,
2588 934 2632 987 si
2678 932 2833 987 nobis
2884 932 2934 985 in
2967 928 3137 984 vicem
3172 926 3449 998 copulatos
3489 924 3537 980 si

1941 1050 1959 1082 ι
2007 1032 2148 1085 circa
2179 1030 2311 1083 iram
2352 1043 2502 1083 suam
2546 1027 2782 1091 timidos,
2826 1026 2869 1080 si
2908 1023 3158 1095 praesenti
3196 1018 3537 1077 tribulatione

1941 1140 1960 1174 ‹
2009 1130 2284 1176 correctos
2324 1118 2745 1189 emendatosque
2763 1116 3123 1185 conspexerit,
3159 1124 3303 1169 tutos
3339 1112 3407 1168 ab
3437 1110 3537 1166 ini-

1942 1232 1960 1266 ‹
2009 1214 2132 1267 mici
2192 1212 2622 1267 infestationibus
2678 1209 2971 1266 exhibebit.
3044 1206 3325 1264 Praecessit
3374 1202 3538 1261 disci-

1939 1324 1958 1359 t
2008 1305 2175 1377 plina,
2206 1315 2462 1374 sequetur
2489 1313 2545 1361 et
2572 1305 2749 1360 venia.
2789 1324 2807 1356 ι

2268 1466 2495 1525 ANNUS
2533 1462 2990 1522 CHRISTIANUS
3026 1460 3200 1519 CCLI.

2215 1619 2470 1662 CYPRIANO
2504 1615 2753 1659 EPISCOPO
2781 1612 3242 1655 CAR'I'HAGINIENSI.

2007 1783 2049 1838 Ι.
2089 1782 2351 1838 Consules
2385 1772 2696 1850 processere
2726 1778 2860 1848 Imp.
2892 1776 2954 1832 C.
2980 1776 3207 1831 Messius
3233 1774 3421 1830 Decius
3444 1772 3535 1840 lll,

255 1883 272 1917 ‹
304 1866 521 1932 sciatis,
569 1866 691 1937 quia
741 1867 1023 1937 oportebat
1076 1867 1350 1921 lucernam
1405 1881 1569 1937 super
1628 1867 1829 1922 cande-

1937 1876 2003 1943 Q.
2029 1874 2332 1930 Herennius
2355 1874 2614 1927 Etruscus
2641 1871 2863 1925 Messius
2896 1869 3087 1923 Decius
3109 1867 3292 1922 Caesar
3321 1866 3423 1938 (1),
3447 1880 3541 1936 pa-

188 1974 195 1987 ι
255 1976 272 2009 ι
306 1957 506 2014 labrum
554 1963 677 2030 poni
726 1960 866 2016 unde
912 1959 1167 2015 omnibus
1208 1961 1406 2023 luceat,
1458 1967 1513 2014 et
1564 1959 1831 2029 gloriosos

255 2069 272 2105 t
303 2053 471 2106 vultus
517 2053 567 2108 in
599 2054 729 2124 [loco
769 2055 961 2110 altiore
990 2053 1280 2117 constitui,
1313 2054 1398 2107 ubi
1438 2053 1505 2107 ab
1543 2055 1687 2109 omni
1722 2055 1828 2109 fra-

258 2164 274 2196 r
318 2145 562 2201 ternitate
609 2148 993 2203 circumstante
1040 2148 1358 2218 conspectui
1423 2148 1830 2203 incitamentum

253 2258 269 2290 ι
305 2238 483 2310 gloriae
511 2240 818 2297 videntibus
848 2242 1148 2311 prtebeant.
1200 2240 1469 2296 Carterum
1509 2241 1829 2311 presbyterii

251 2333 558 2390 «honorem
604 2335 917 2405 designasse
966 2350 1066 2389 nos
1112 2334 1218 2389 illis
1253 2334 1363 2405 jam
1414 2334 1631 2399 sciatis,
1679 2346 1735 2390 ut
1778 2344 1833 2391 et

252 2445 270 2479 ι
305 2428 559 2497 sportulis
600 2428 790 2483 iisdem
823 2443 943 2483 cum
982 2428 1316 2500 presbyteris
1352 2426 1691 2483 honorentur
1714 2470 1729 2496 ,
1777 2439 1833 2485 et

250 2540 269 2574 ι
303 2521 590 2577 divisiones
638 2538 957 2578 mensurnas
1004 2523 1228 2593 :equatis
1277 2523 1663 2594 quantitatibus
1710 2539 1835 2594 par-

251 2631 270 2665 ‹
308 2615 544 2681 tiantur,
612 2616 812 2670 sessuri
872 2614 1153 2671 nobiscum
1217 2618 1490 2686 proveCtis
1534 2626 1588 2670 et
1649 2630 1832 2672 corro-

248 2726 267 2761 (
302 2706 503 2763 boratis
528 2710 683 2764 annis
710 2708 822 2763 suis
856 2726 869 2761 :
901 2710 1145 2778 quamvis
1191 2709 1242 2762 in
1277 2709 1426 2763 nullo
1458 2708 1636 2762 minor
1665 2710 1834 2779 possit

247 2821 265 2854 ι
303 2802 467 2857 videri
496 2803 669 2858 tetatis
699 2803 880 2859 indole
900 2847 913 2869 ,
948 2805 1036 2875 qui
1065 2803 1460 2859 consummavit
1480 2810 1690 2857 aetatem
1720 2801 1833 2873 glo-

246 2914 265 2950 t
299 2897 393 2951 rite
436 2897 717 2967 dignitate.
776 2919 794 2949 ›
855 2899 983 2952 Erat
1015 2907 1275 2968 praeterea
1318 2897 1459 2951 inter
1493 2895 1833 2951 confessores

238 3004 477 3061 quosque
522 2990 880 3056 clarissimus,
915 3004 1071 3059 quem
1124 2989 1372 3059 superius
1438 3002 1831 3043 commemora-

236 3084 408 3138 vimus
428 3124 442 3147 ,
474 3082 786 3138 Numidicus
813 3081 1119 3154 presbyter,
1151 3090 1271 3147 post
1305 3081 1570 3137 ustionem
1602 3090 1658 3137 et
1688 3082 1830 3150 lapi-

236 3176 506 3231 dationem
555 3187 852 3247 superstes.
903 3176 1055 3231 Hunc
1095 3173 1394 3247 Cyprianus
1442 3175 1494 3229 in
1542 3174 1829 3245 collegium

234 3269 679 3339 presbyterorum
710 3282 930 3323 suorum
955 3268 1257 3337 cooptavit,
1277 3266 1595 3338 praefectura
1617 3281 1831 3336 quoque
1857 3256 1903 3321 C

232 3360 469 3431 regionis
498 3374 609 3415 suae
635 3361 682 3415 ei
713 3360 979 3416 destinata
1006 3402 1021 3428 ,
1066 3361 1224 3415 simul
1260 3371 1420 3431 atque
1450 3359 1827 3431 Carthaginem

228 3453 474 3509 adiisset.
521 3473 540 3506 ι
592 3453 659 3508 Ει
706 3455 1111 3523 promovebitur
1148 3453 1167 3527 (
1202 3453 1369 3525 Epist.
1411 3452 1521 3524 35)
1553 3494 1565 3516 ,
1610 3454 1823 3524 inquit,

235 3568 255 3601 ί
295 3565 418 3604 cum
453 3550 596 3605 Deus
620 3547 928 3619 permiserit
952 3548 1019 3603 ad
1047 3548 1367 3618 ampliorem
1392 3548 1567 3603 locum
1592 3547 1829 3618 regionis

234 3660 254 3695 ι
292 3656 425 3706 suae,
456 3640 673 3713 quando
722 3641 773 3694 in
825 3641 1189 3711 prmsentiam,
1232 3651 1548 3711 protegente
1578 3640 1828 3708 Domino,

234 3753 253 3787 ι
292 3736 624 3789 venerimus.
658 3752 676 3785 ι
702 3734 829 3788 Post
860 3735 996 3800 hare,
1031 3733 1134 3787 alia
1153 3732 1379 3802 epistola
1412 3732 1680 3802 egentium
1712 3736 1827 3789 ino-

229 3827 339 3898 pia:
366 3826 469 3879 sibi
498 3825 923 3881 subveniendum
953 3824 1134 3890 duxit,
1167 3826 1617 3897 presbyterosque
1644 3836 1697 3879 et
1717 3825 1830 3880 dia~

224 3932 508 3988 canosque
551 3933 678 3973 suos
724 3917 969 3972 hortatus
996 3927 1076 3972 est
1105 3960 1120 3984 ,
1176 3927 1231 3972 ut
1268 3918 1549 3973 viduarum
1591 3927 1644 3971 et
1673 3917 1826 3972 infir-

223 4026 443 4069 morum
484 4022 539 4066 et
565 4010 801 4065 omnium
853 4026 1148 4080 pauperum
1181 4026 1364 4065 curam
1406 4009 1692 4078 diligenter
1729 4009 1831 4064 ha-

219 4104 424 4162 berent
450 4122 464 4159 :
495 4119 593 4159 nec
621 4104 817 4158 minori
849 4104 1028 4158 studio
1060 4104 1373 4174 peregrinos
1403 4104 1821 4159 commendavit.

230 4215 251 4251 ι
290 4197 430 4253 Nam
464 4206 519 4253 et
550 4197 847 4269 peregrinis
879 4240 890 4261 ,
930 4198 1103 4267 inquit
1135 4196 1344 4269 (Epist.
1376 4196 1489 4269 '56)
1528 4198 1572 4251 si
1600 4198 1688 4267 qui
1740 4197 1823 4251 in-

223 4308 244 4344 c
285 4290 539 4361 digentes
567 4289 797 4357 fuerint,
824 4290 891 4344 de
918 4290 1215 4360 quantitate
1241 4305 1359 4345 mea
1390 4292 1603 4359 prepria
1624 4330 1637 4353 ,
1663 4304 1823 4359 quam

224 4400 245 4434 ι
289 4381 438 4452 apud
490 4382 844 4450 [legationum
903 4382 1404 4454 compresbyterum
1454 4392 1697 4437 nostrum
1740 4382 1825 4437 di-

222 4492 243 4526 ι
284 4474 452 4539 misi,
490 4485 734 4544 sumptus
769 4474 1067 4544 suggeratis
1096 4492 1107 4527 :
1139 4491 1259 4545 quae
1290 4476 1560 4545 quantitas
1591 4491 1658 4530 nc
1689 4476 1826 4530 forte

1938 1976 2019 2021 ter
2070 1980 2263 2035 nempe
2309 1974 2467 2035 atque
2511 1963 2669 2027 filius,
2704 1961 2793 2031 qui
2835 1960 2935 2015 sub
2980 1960 3106 2013 anni
3149 1959 3351 2014 exitum
3398 1957 3540 2012 bello

1935 2059 2165 2115 Gothico
2210 2057 2505 2127 perierunt.
2553 2055 2617 2110 lli
2661 2052 2914 2125 quamdiu
2961 2052 3149 2107 Romae
3194 2050 3365 2118 fuere,
3408 2049 3539 2104 nihil

1938 2162 2105 2207 tutum
2134 2150 2454 2205 Christianis
2494 2147 2610 2214 fuit,
2645 2157 2699 2201 ut
2726 2164 2794 2203 ne
2832 2146 2899 2201 ad
2930 2144 3149 2200 Fabiani
3179 2142 3395 2215 quidem
3418 2156 3538 2198 suc-

1934 2261 2205 2302 cessorem
2229 2244 2529 2315 eligendum
2548 2244 2835 2298 convenire
2855 2242 3145 2312 potuerint.
3167 2238 3311 2294 Multi
3329 2252 3542 2309 quoque

1936 2340 1988 2395 in
2016 2340 2325 2394 carceribus
2370 2336 2711 2393 confessores
2752 2334 3071 2406 martyrium
3097 2332 3538 2404 opperiebantur,

1935 2449 2072 2504 quos
2115 2434 2256 2488 inter
2296 2431 2607 2486 eminebant
2665 2428 2876 2499 Moyses
2905 2438 2959 2481 et
2999 2426 3285 2488 Maximus,
3313 2425 3380 2481 ad
3404 2439 3541 2495 quos

1936 2526 2175 2597 perlatus
2203 2525 2305 2579 hoc
2334 2539 2479 2579 anno
2522 2530 2740 2593 putatur
2772 2519 2907 2575 liber
2947 2519 3015 2575 de
3053 2518 3236 2574 Laude
3277 2519 3539 2592 martyrii,

1935 2637 2090 2690 opus,
2120 2630 2179 2674 ut
2206 2619 2462 2685 creditur,
2489 2618 2744 2689 Cypriani
2774 2634 2785 2671 :
2818 2630 3139 2687 quamquam
3159 2614 3227 2669 ab
3255 2612 3373 2684 ejus
3400 2611 3542 2684 stylo

1936 2713 2141 2767 abludit
2165 2713 2250 2767 vel
2279 2712 2589 2781 plurimtnn.

2008 2828 2073 2882 ll.
2106 2827 2177 2883 At
2218 2826 2444 2882 ecclesia
2475 2825 2725 2880 Africana
2756 2825 2825 2879 ab
2852 2823 3092 2878 Ethnicis
3121 2822 3279 2892 paulo
3299 2819 3543 2877 securior

1936 2936 2059 2979 esse
2086 2930 2327 2990 cmperat
2351 2964 2365 2987 ,
2397 2934 2503 2974 non
2531 2934 2598 2974 eo
2624 2929 2805 2973 tamen
2833 2932 3103 2981 successu,
3132 2931 3288 2986 quem
3313 2914 3540 2986 Cypria-

1937 3032 2040 3071 nus
2086 3022 2400 3085 optaverat;
2427 3012 2656 3082 depulso
2686 3011 2830 3067 enim
2871 3009 3170 3065 vexationis
3193 3017 3358 3074 metu,
3384 3016 3542 3063 vetus

1932 3108 2042 3180 jam
2100 3110 2153 3163 in
2202 3107 2400 3179 populo
2452 3106 2662 3161 licentia
2715 3104 3001 3169 revixerat,
3048 3111 3101 3157 et
3138 3101 3284 3156 vitiis
3327 3116 3541 3155 rursum

1936 3203 2110 3258 aditus
2142 3202 2374 3273 patebat.
2408 3200 2515 3255 Nec
2545 3198 2886 3255 confessores
2914 3197 3012 3267 ipsi
3038 3195 3243 3250 macula
3274 3208 3463 3249 omnes
3488 3203 3543 3248 et

1935 3297 2089 3365 culpa
2114 3295 2391 3349 carebant.
2424 3311 2443 3344 ι
2476 3291 2660 3358 Doleo,
2687 3290 2959 3347 scribebat
2989 3287 3055 3343 ad
3083 3288 3286 3343 clerum
3311 3284 3541 3357 Cypria-

1941 3410 1959 3443 ι
2008 3404 2108 3445 nus
2140 3387 2334 3462 (Epist.
2362 3385 2441 3460 5),
2473 3385 2685 3456 quando
2713 3383 2892 3449 audio,
2926 3380 3186 3453 quosdam
3219 3378 3460 3450 improbe
3486 3386 3543 3433 et

1941 3503 1960 3536 ί
2009 3484 2303 3539 insolenter
2326 3482 2651 3548 discurrere,
2684 3490 2737 3535 et
2774 3479 2841 3534 ad
2884 3478 3112 3547 ineptias
3140 3476 3222 3532 vel
3247 3475 3313 3530 ad
3334 3474 3542 3530 discor-

1940 3597 1959 3631 ι
2008 3578 2122 3633 dias
2147 3591 2359 3636 vacare.
2388 3575 2587 3631 Christi
2616 3572 2857 3629 membra
2893 3580 2946 3626 et
2969 3571 3078 3640 jam
3107 3568 3381 3624 Christum
3411 3582 3542 3622 con-

1941 3690 1961 3725 t
2008 3671 2146 3726 fessa
2195 3685 2289 3739 per
2327 3668 2644 3724 concubitus
2674 3666 2886 3720 illicitos
2921 3662 3211 3733 inquinari,
3245 3675 3397 3717 neca
3426 3660 3542 3715 dia-

1934 3783 1954 3818 σ
2001 3760 2282 3819 οοηίε”;ιυι
2303 3761 2634 3833 presbyteris
2654 3759 2763 3830 regi
2791 3773 2966 3827 posse.
2994 3758 3059 3811 Et
3092 3756 3157 3811 ad
3182 3756 3537 3825 Rogatianum

1934 3875 1954 3908 ι
2003 3864 2337 3923 crateresque
2367 3852 2709 3907 confessores
2755 3848 3039 3914 scribens,
3093 3848 3395 3918 quosdam,
3459 3848 3541 3902 in-

1936 3968 1954 3999 c
2002 3948 2115 4018 quit
2148 3946 2339 4017 (Epist.
2367 3945 2447 4014 6),
2480 3944 2641 3999 audio
2669 3941 2884 3997 inficere
2912 3956 3192 3995 numerum
3219 3950 3455 3994 vestrum
3485 3949 3541 3995 et

1935 4060 1953 4092 ι
2004 4038 2212 4093 laudem
2244 4037 2497 4108 prmcipui
2528 4034 2759 4090 nominis
2812 4048 2971 4102 prava
3004 4046 3097 4085 sua
3129 4032 3538 4086 conversatione

1938 4155 1955 4187 ι
2001 4133 2287 4188 destruere
2322 4150 2334 4185 :
2364 4144 2498 4199 quos
2528 4130 2687 4184 etiam
2726 4140 2823 4181 vos
2857 4126 2978 4197 ipsi,
3014 4136 3072 4179 nt
3107 4134 3230 4194 pote
3271 4132 3539 4178 amatores

1936 4248 1954 4281 ‹
2002 4237 2056 4281 et
2086 4233 2497 4279 conservatores
2538 4221 2712 4277 laudis
2733 4229 2945 4285 vestrae,
2987 4220 3273 4289 objurgarc
3300 4226 3354 4273 et
3388 4231 3539 4271 com-

1934 4337 1953 4372 ι
2004 4320 2236 4390 prirnerc
2257 4327 2310 4371 et
2332 4315 2618 4371 emendare
2634 4313 2862 4370 debetis.
2884 4333 2903 4365 ι
2931 4312 3057 4368 Haec
3081 4311 3303 4367 edoctus
3319 4308 3538 4381 Cypria-

1930 4428 2053 4477 nus,
2089 4411 2436 4482 presbyteros
2465 4408 2517 4463 in
2544 4408 2729 4479 primis
2759 4407 2981 4477 rogabat
3011 4416 3169 4475 atque
3196 4401 3533 4469 obsecrabat,

1930 4504 2150 4577 utcirca
2192 4520 2274 4570 ea,
2312 4518 2431 4573 quae
2474 4501 2868 4556 administratio
2908 4499 3153 4569 religiosa
3197 4496 3535 4569 deposceret,

220 4586 241 4621 ί
277 4568 399 4639 iam
432 4568 923 4638 universaemgam
956 4570 1045 4665 si"
1101 4570 1220 4623 misi
1248 4568 1543 4665 eidem?"
1570 4568 1824 4624 Naricum
1850 4605 1904 4665 1)
1932 4598 2047 4652 vice
2084 4574 2191 4651 sua
2231 4605 2453 4651 strenue
2491 4596 2838 4665 fungerentur
2868 4611 2881 4644 :
2908 4608 3030 4647 nam
3070 4592 3168 4661 ipsi
3200 4568 3414 4661 quidem
3449 4588 3537 4643 vel

218 4684 240 4715 c
282 4674 342 4720 et
373 4664 622 4737 Colytum
654 4664 812 4718 aliam
863 4664 1164 4733 portionem
1188 4705 1202 4729 ,
1236 4673 1291 4718 ut
1319 4662 1519 4735 largius
1550 4672 1604 4718 et
1648 4678 1828 4733 prom-

216 4775 239 4808 ι
281 4757 437 4826 ptius
469 4758 611 4811 circa
644 4755 953 4811 laborantes
996 4757 1084 4811 fiat
1110 4756 1373 4827 Operatio.
1410 4777 1429 4808 ι

290 4850 393 4905 XI.
444 4851 695 4907 Vertente
720 4857 828 4919 jam
868 4866 1010 4906 anno
1041 4863 1323 4920 postremae
1356 4852 1607 4924 Cypriani
1638 4852 1828 4908 littera:

206 4945 285 5000 ad
321 4946 526 5000 clerum
560 4944 795 5010 fuerunt,
828 4946 1022 5015 quibus
1053 4962 1171 5000 eum
1201 4946 1267 5000 ad
1298 4948 1542 5003 assiduas
1575 4949 1681 5005 Deo
1709 4965 1829 5018 pre-

206 5053 314 5094 ces
338 5037 639 5092 fundendas
659 5037 1039 5093 inﬂammabat.
1065 5057 1083 5089 ι
1109 5039 1405 5103 Admoneo,
1436 5041 1822 5112 aiebat(Epist.

210 5156 233 5190 ι
293 5136 379 5207 7),
422 5136 720 5207 religiosam
766 5137 1177 5192 sollicitudinem
1209 5146 1463 5201 vestram,
1508 5148 1565 5193 ut
1605 5138 1672 5192 ad
1712 5140 1829 5209 pla-

207 5248 231 5281 ι
290 5229 531 5284 candum
563 5240 722 5300 atque
749 5230 1080 5285 exorandum
1106 5231 1385 5285 Dominum
1411 5245 1514 5285 non
1538 5246 1666 5286 voce
1688 5231 1824 5298 sola,

204 5342 228 5375 ‹
288 5323 394 5377 sed
426 5333 479 5377 et
502 5323 717 5392 jejuniis
745 5333 798 5377 et
825 5323 1074 5394 lacrymis
1098 5334 1150 5377 et
1178 5324 1321 5379 omni
1349 5338 1545 5393 genere
1571 5323 1826 5393 depreca-

203 5436 225 5469 ι
292 5419 467 5473 tionis
499 5416 931 5485 ingemiscamns.
984 5436 1002 5468 ι
1039 5416 1208 5471 Simul
1237 5417 1495 5473 malorum
1538 5417 1736 5472 instare
1766 5416 1828 5470 fi-

194 5525 347 5566 nem
380 5509 722 5579 praedicebat,
757 5510 835 5563 sic
858 5524 886 5561 a
917 5509 1026 5563 [leo
1048 5509 1294 5573 edoctus,
1324 5526 1480 5580 quem
1512 5526 1609 5579 pro
1635 5509 1831 5580 populo

191 5618 320 5658 suo
353 5603 475 5658 dies
509 5611 801 5671 noctesque
828 5610 1169 5658 cxoraverat.
1214 5620 1231 5653 ι
1275 5602 1533 5671 Denique,
1576 5602 1827 5669 addebat,

196 5717 220 5751 ι
285 5698 367 5753 ad
421 5697 701 5752 minimum
744 5695 1003 5749 famulum
1051 5710 1228 5758 suum,
1271 5704 1326 5750 et
1369 5696 1421 5749 in
1464 5695 1674 5751 delictis
1711 5695 1834 5752 licet

197 5811 220 5847 ί
286 5792 551 5862 plurimis
579 5789 951 5858 constitutum,
978 5800 1031 5845 et
1056 5790 1366 5861 dignatione
1393 5790 1509 5862 ejus
1532 5790 1828 5862 indignum,

190 5904 214 5937 ε
283 5895 481 5942 tamen
530 5883 621 5940 ille
671 5899 767 5954 pro
806 5897 903 5941 sua
948 5883 1089 5941 circa
1135 5898 1234 5939 nos
1280 5883 1519 5941 bonitate
1571 5883 1829 5940 mandare

1932 4690 2165 4745 maxime
2204 4688 2437 4760 cupienti
2481 4687 2716 4743 nondum
2768 4685 2970 4740 reditus
3001 4683 3234 4755 patebat.
3284 4701 3302 4733 ι
3340 4682 3538 4750 Quam-

1940 4803 1958 4835 ‹
2006 4798 2188 4854 quam,
2220 4782 2389 4852 inquit
2416 4781 2608 4852 (Epist.
2639 4779 2716 4853 5),
2750 4795 2912 4835 causa
2940 4776 3311 4849 compelleret,
3343 4784 3399 4829 ut
3426 4776 3538 4845 ipse

1939 4895 1958 4929 ι
2005 4877 2072 4932 ad
2097 4890 2192 4931 vos
2218 4891 2509 4947 properare
2540 4886 2592 4931 et
2616 4875 2798 4930 venire
2829 4873 3106 4938 deberem,
3137 4872 3309 4941 primo
3332 4868 3539 4939 cupidi—

1941 4991 1960 5024 ‹
2007 4980 2116 5026 tate
2160 4981 2214 5025 et
2255 4970 2522 5025 desiderio
2566 4969 2770 5035 vestri,
2819 4982 2937 5038 qua:
2986 4981 3071 5022 res
3116 4966 3168 5020 in
3222 4963 3357 5017 votis
3404 4960 3539 5014 meis

1942 5083 1959 5118 ι
2008 5079 2216 5119 summa
2257 5071 2358 5126 est,
2401 5070 2510 5116 tum
2536 5061 2730 5117 deinde
2760 5070 2817 5115 ut
2851 5075 2935 5125 ea,
2964 5074 3083 5129 quae
3113 5058 3255 5111 circa
3282 5051 3539 5109 Ecclesia:

1939 5176 1957 5210 ι
2006 5155 2384 5229 gubermacula
2416 5155 2616 5209 utilitas
2647 5153 2949 5209 communis
2995 5151 3259 5220 exposcit,
3308 5154 3539 5202 tractare

1939 5269 1958 5303 ι
2006 5250 2186 5315 simul,
2217 5258 2271 5304 et
2298 5247 2649 5318 plurimorum
2679 5245 2904 5300 consilio
2942 5241 3243 5298 examinata
3280 5238 3539 5295 delimarc

1939 5362 1956 5396 ε
2006 5356 2316 5413 possemus;
2368 5350 2544 5395 tamen
2588 5340 2767 5409 potius
2790 5339 2960 5392 visum
2991 5344 3075 5391 est
3113 5333 3287 5390 adhuc
3320 5332 3538 5388 interim

1938 5454 1958 5488 ι
1998 5435 2255 5489 latebram
2313 5442 2367 5488 et
2415 5433 2649 5502 quietem
2704 5438 2889 5485 tenere
2946 5438 3189 5499 rcSpectu
3248 5424 3537 5480 utilitatum

1942 5547 1960 5580 ι
2007 5528 2253 5592 aliarum,
2304 5543 2422 5594 qua:
2469 5525 2534 5578 ad
2577 5539 2763 5594 pacem
2811 5522 3049 5576 omnium
3091 5529 3334 5575 nostrum
3376 5516 3540 5587 perti-

1941 5643 1959 5676 ‹
2007 5631 2139 5678 nent
2181 5629 2235 5677 et
2283 5620 2506 5676 salutem
2552 5636 2564 5673 :
2612 5634 2835 5689 quarum
2868 5615 3018 5671 vobis
3045 5630 3074 5669 a
3104 5611 3345 5669 Tertullo
3374 5608 3539 5666 fratre

1996 5824 2069 5886 (1)
2106 5823 2293 5886 Decius
2334 5817 2956 5886 uterqu_e_appellat_ur_in
2998 5815 3106 5886 Αἲξ.
3132 5814 3233 5867 Inc.
3275 5812 3404 5881 apud
3425 5810 3536 5864 Oct.

1932 5879 2126 5937 Falcon.
2150 5888 2200 5936 in
2225 5879 2537 5937 Auctario'ad
2559 5879 2680 5933 lose.
2708 5881 2963 5944 Athletic.,
2986 5894 3035 5929 n.
3063 5879 3109 5929 8.
