4116 6258
597 303 743 365 1458

598 440 619 478 t
667 426 856 482 nostro
888 423 1208 481 charissima
1233 425 1375 482 ratio
1396 424 1678 492 reddetur;
1710 422 1799 495 qui
1849 441 1949 497 pro
1985 434 2179 482 caetera
2207 429 2257 488 Α

599 536 621 571 r
665 530 763 574 sua
790 533 936 584 cura,
966 532 1133 589 quam
1159 519 1402 589 impense
1430 516 1624 575 divinis
1648 518 1900 589 operibus
1927 519 2183 589 impertit,

597 624 619 664 ι
666 609 824 665 etiam
857 608 1017 679 hujus
1046 610 1261 665 consilii
1298 618 1486 667 au'etor
1525 610 1640 675 fuit,
1674 620 1729 665 ut
1768 619 1953 665 cautus
1982 621 2035 666 et
2073 627 2185 665 mo-

596 720 617 755 t
664 701 881 757 det-atus
898 702 1207 765 existerem.
1236 718 1335 758 nec
1362 719 1448 758 me
1478 704 1530 758 in
1548 708 1892 774 conspectum
1917 704 2184 772 publicum

596 815 617 849 ι
662 802 716 851 et
744 796 975 851 maxime
1001 796 1121 866 ejus
1146 797 1273 864 loci,
1307 797 1393 851 ubi
1434 799 1587 851 toties
1614 797 1879 868 ﬂagitatus
1909 808 1963 853 et
1992 798 2185 868 quaesi—

597 908 617 944 ‹
664 900 751 946 tus
771 889 1011 957 fuissem,
1036 899 1239 946 temere
1260 892 1669 955 Committerem.
1703 912 1722 944 ι
1750 891 1966 960 Magnus
1987 906 2183 961 nempe

588 984 938 1040 Ethn’ictrrum
963 1000 1218 1039 numerus
1237 984 1559 1056 Carthagine
1580 995 1692 1041 erat
1715 1002 1776 1040 ex
1800 985 1943 1040 omni
1972 985 2180 1051 ordine,

588 1092 814 1151 quorum
843 1080 1003 1134 etiam
1030 1078 1213 1133 furore
1244 1079 1577 1149 proscriptus
1606 1079 1773 1133 fuerat
1802 1077 1982 1150 (Pent.
2008 1078 2059 1130 in
2082 1077 2182 1131 vita

588 1188 641 1227 tt.
675 1171 755 1245 7),
781 1180 835 1229 et
872 1170 1030 1229 hortis
1059 1173 1307 1227 munibus
1340 1174 1596 1243 spoliatus
1621 1171 1798 1243 (Cypr.
1833 1170 1999 1241 Epist.
2031 1168 2121 1241 69‘;
2165 1186 2179 1223 :

585 1277 646 1323 ut
686 1268 738 1322 in
773 1276 920 1322 tanto
960 1268 1324 1336 improborum
1354 1266 1479 1321 odio
1519 1276 1663 1320 recte
1700 1263 1968 1319 Tertullus
1999 1262 2182 1318 existi-

586 1370 779 1426 maret,
813 1362 1031 1416 minime
1061 1362 1179 1428 ejus
1206 1362 1303 1416 viri
1329 1361 1489 1416 vitam
1522 1375 1641 1416 esse
1674 1356 2098 1430 periclitandam,
2129 1356 2178 1410 in

585 1464 685 1525 qna
716 1453 972 1510 Ecclesia:
1001 1463 1109 1508 tum
1142 1453 1286 1508 salus
1316 1456 1544 1510 maxime
1568 1456 1855 1509 nitebatur.

661 1546 747 1603 ΙΙΙ.
774 1548 880 1605 Sed
908 1549 1035 1606 dum
1065 1540 1147 1606 his
1176 1550 1358 1621 populi
1394 1549 1635 1606 moribus
1674 1549 1975 1621 Cyprianus
2027 1546 2178 1601 dole-

584 1640 693 1707 bat,
717 1642 931 1713 gravius
973 1643 1082 1712 jam
1127 1644 1327 1697 malum
1370 1643 1600 1697 instabat
1641 1658 1668 1695 a
1700 1638 2036 1697 Felicissimo
2063 1640 2181 1694 cive

583 1732 1015 1803 carthaginiensi
1042 1736 1319 1805 opulento,
1350 1735 1649 1805 eodemque
1675 1734 2000 1796 Christiano,
2028 1742 2080 1785 at
2113 1732 2183 1786 vi-

1801 309 2165 367 Μοιιεειιι.
2211 341 2282 351 --
2320 309 2643 368 ANNALES

3750 307 3883 367 1456

2285 441 2342 480 se
2392 425 2789 491 nuntiaverunt,
2864 433 2918 482 et
2970 424 3295 495 probaturos
3371 439 3434 481 se
3482 436 3880 483 asseverarunt.

2289 518 2419 585 Quae
2440 517 2618 572 omnia
2651 527 2775 572 tunc
2803 532 3217 588 cognoscemus,
3251 517 3468 589 quando
3489 519 3545 574 in
3573 535 3738 574 unum
3766 536 3882 574 cum

2288 610 2508 680 eollegis
2531 610 2791 680 pluribus,
2818 612 3164 682 permittente
3182 611 3427 676 Douiino,
3452 612 3881 668 converterimus.

2288 702 2394 757 Sed
2422 713 2473 758 et
2500 700 2809 773 Augendus,
2845 704 2938 773 qui
2971 702 3070 758 nec
3102 703 3412 773 episcopum
3445 720 3542 759 nec
3589 705 3885 761 Ecclesium

2286 796 2548 866 cogitans,
2578 796 2777 864 pariter
2807 810 2867 850 se
2894 812 3014 850 cum
3040 796 3133 850 illo
3158 798 3633 867 conspirationeet
3658 798 3888 857 factione

2286 889 2530 956 so‘ciavit,
2560 890 2604 943 si
2639 890 2775 943 ultra
2806 904 2927 943 cum
2957 904 3024 944 eo
3067 892 3532 959 perseveraverit,
3563 895 3884 948 sententiain

2287 980 2441 1048 ferat,
2469 997 2627 1052 quam
2666 983 2757 1037 ille
2785 983 2836 1036 in
2870 998 2929 1037 se
2959 981 3217 1037 factiosus
3244 993 3300 1038 et
3328 987 3653 1040 temerarius
3698 1003 3887 1057 provo-

2284 1074 2450 1131 cavit.
2480 1072 2583 1129 Sed
2631 1083 2684 1129 et
2731 1075 2976 1146 quisquis
3022 1092 3081 1130 se
3117 1078 3507 1146 conspirationi
3559 1091 3615 1134 et
3670 1078 3889 1139 factioni

2284 1166 2401 1235 ejus
2450 1166 2773 1236 adjonxerit,
2828 1168 2960 1222 sciat
3009 1183 3066 1224 se
3098 1169 3149 1223 in
3182 1168 3424 1225 Ecclesia
3468 1171 3756 1227 nobiscum
3791 1192 3884 1229 non

2284 1274 2404 1315 esse
2432 1261 2975 1326 communicaturum,
3008 1262 3098 1331 qui
3132 1275 3327 1331 sputtle
3373 1264 3561 1318 maluit
3600 1266 3671 1319 ab
3706 1266 3887 1322 Eccle-

2284 1356 2361 1409 sia
2390 1355 2647 1424 separari.
2688 1375 2707 1407 ι
2744 1356 2868 1410 Iltec
2896 1372 3024 1410 vero
3050 1371 3115 1411 ne
3147 1358 3330 1426 paucis
3357 1368 3478 1412 nota
3511 1366 3568 1412 et
3605 1359 3809 1415 Montis
3831 1360 3888 1416 il-

2283 1449 2387 1503 lius
2432 1449 2635 1504 ambitu
2686 1450 3092 1520 circumscripta
3151 1461 3357 1515 essent,
3413 1452 3623 1507 litteras
3670 1453 3883 1510 easdem

2283 1539 2661 1610 Carthaginem
2699 1541 2764 1595 ad
2802 1541 3005 1597 clerum
3032 1542 3320 1596 transmitti
3352 1543 3531 1612 jussit,
3573 1545 3775 1600 additis
3797 1562 3886 1601 no-

2284 1632 2517 1687 minibus
2533 1648 2717 1688 eorum
2741 1633 2831 1701 qui
2862 1648 2983 1688 cum
3010 1631 3348 1688 Felicissimo
3369 1648 3429 1689 se
3454 1635 3783 1703 iunxissent.

2355 1722 2445 1780 IV.
2482 1723 2753 1791 Neclvero
2792 1739 2943 1780 mora
2989 1724 3310 1795 interposita
3341 1726 3448 1780 ulla
3483 1737 3584 1782 est.
3628 1728 3884 1801 EpiscOpi

584 1825 673 1881 tiis
705 1826 906 1891 nbtato,
933 1837 986 1881 et
1034 1828 1215 1881 animo
1264 1828 1316 1881 in
1366 1826 1691 1899 Cyprianum
1724 1825 1953 1881 infenso.
1996 1824 2178 1891 Forte,
2215 1828 2263 1889 Β
2288 1835 2591 1877 convenere
2618 1836 2741 1876 cum
2783 1821 3141 1891 presbyteris,
3172 1820 3392 1877 Victore
3432 1839 3632 1893 quoque
3664 1826 3878 1896 collega

583 1930 725 1972 anno
750 1919 987 1983 ineunte,
1019 1916 1399 1989 Carthaginem
1445 1919 1745 1989 Cyprianus
1783 1934 1906 1974 cum
1957 1918 2178 1988 pecunia

583 2010 805 2065 miserat
847 2011 1131 2081 episcopos
1179 2011 1335 2077 duos,
1364 2010 1681 2068 Caldonium
1710 2023 1763 2068 et
1792 2013 2177 2078 llerculanum,

583 2117 811 2174 cumque
840 2102 922 2157 his
947 2105 1288 2175 presbyteros
1343 2120 1469 2161 suos
1519 2106 1963 2176 speetatissimos,
1996 2105 2175 2177 Roga-

583 2197 789 2252 tianum
827 2202 882 2251 et
928 2195 1287 2267 Numidicum,
1340 2217 1361 2251 t
1398 2200 1488 2269 qui
1550 2200 1898 2255 necessitates
1952 2198 2177 2254 fratrum

582 2291 869 2360 sumptibus
892 2290 1054 2360 ipsius
1078 2300 1472 2361 expungerent,
1507 2301 1561 2347 et
1587 2292 1631 2346 si
1677 2292 1766 2361 qui
1794 2292 1954 2345 etiam
1981 2292 2180 2346 vellent

583 2397 709 2439 suas
734 2392 878 2437 artes
898 2392 1173 2448 exercere,
1192 2382 1581 2450 additamenta,
1601 2372 1857 2455 quantum
1882 2388 2008 2442 satis
2035 2396 2179 2443 esset

583 2476 852 2535 desideria
902 2491 1088 2532 eorum
1127 2475 1377 2547 juvareut
1412 2494 1425 2531 :
1457 2476 1616 2533 simul
1668 2477 1827 2533 etiam
1882 2487 1938 2534 et
1992 2490 2177 2535 :etates

583 2586 770 2627 eorum
800 2578 857 2626 et
881 2570 1219 2626 conditiones
1250 2577 1303 2624 et
1332 2570 1520 2623 merita
1550 2570 1944 2638 discernerent,
1975 2588 2083 2643 quo
2111 2572 2178 2628 de

583 2664 688 2721 illis
710 2664 907 2722 certior
933 2667 1047 2734 ipse
1075 2666 1227 2721 lieret
1252 2674 1306 2719 et
1330 2661 1519 2732 dignos
1551 2682 1569 2715 ι
1603 2678 1848 2734 quosque
1875 2679 1939 2721 ac
1968 2666 2178 2721 virtuti-

584 2752 684 2807 bus
715 2755 949 2809 maxime
979 2753 1388 2810 commendatos
1438 2755 1491 2810 in
1526 2752 1780 2809 Ecclesia:
1836 2770 1987 2808 nsunt
2017 2765 2182 2825 atque

583 2846 831 2921 solatium
855 2846 1035 2915 legere
1063 2856 1246 2917 posset
1277 2845 1429 2918 (Cyp.
1460 2832 1606 2916 epist.
1638 2846 1876 2919 xxxvm).
1906 2845 2022 2903 Jam
2048 2862 2176 2901 vero

583 2951 704 2992 cum
731 2935 809 2991 illi
849 2936 1124 3005 mandata,
1157 2953 1277 3007 quas
1321 2949 1658 3008 receperant,
1687 2939 1968 3009 diligenter
1992 2954 2177 3011 perse-

584 3040 898 3100 querentur,
924 3044 1051 3084 ecce
1075 3031 1165 3086 tibi
1198 3031 1562 3099 improborum
1593 3029 1820 3099 stipatus
1850 3048 2006 3085 manu
2034 3012 2179 3087 Feli-

584 3120 832 3176 cissimus
878 3122 1161 3193 episc0pos
1189 3132 1348 3193 atque
1382 3124 1725 3194 presbyteros
1768 3139 2019 3179 coercere
2039 3124 2174 3182 .niti-

587 3221 694 3279 tur,
721 3228 883 3269 ausus
911 3214 1264 3281 intercedere,
1286 3217 1488 3285 nequis
1514 3228 1695 3286 posset
1715 3216 1943 3287 expungi
1971 3236 2015 3283 i,
2046 3233 2179 3275 neve
2205 3223 2251 3286 C

584 3319 779 3362 census
827 3307 969 3361 ullus
1012 3306 1385 3363 institueretur
1419 3325 1431 3360 :
1466 3310 1530 3363 iis
1558 3308 1740 3372 etiam,
1771 3309 1860 3380 qui
1891 3310 1957 3364 ad
1982 3313 2176 3383 stipem

584 3398 948 3471 accipiendam
1003 3392 1362 3466 accesserant,
1424 3419 1443 3452 ι
1498 3404 1679 3477 secum
1735 3403 1784 3456 in
1834 3413 2014 3459 monte
2073 3424 2177 3461 non

584 3491 1093 3560 communicaturus,
1146 3512 1164 3544 ι
1216 3495 1306 3563 qui
1357 3493 1627 3566 Cypriano
1672 3495 2048 3567 obtemperare
2082 3514 2178 3552 vo-

586 3582 835 3648 luissent,
868 3604 886 3635 ›
916 3568 1464 3663 ροιιιιιιίηιιίιινηιιωε
1492 3587 1543 3641 in
1590 3603 1717 3657 agro
1747 3584 2183 3667 Carthaginiensi

583 3676 874 3747 contigisse
907 3676 1172 3742 videntur,
1196 3689 1250 3734 et
1281 3664 1507 3733 Montem
1550 3664 1639 3736 ille
1669 3680 1971 3749 appellasse
1998 3664 2178 3737 credi-

586 3778 691 3838 tur,
722 3770 976 3839 prazdium
1006 3764 1287 3829 etdomum
1315 3768 1465 3828 suam
1490 3775 1540 3829 in
1569 3764 1704 3829 colle
1726 3775 1904 3837 sitam,
1929 3789 2048 3845 qua:
2073 3786 2181 3829 tum

586 3862 815 3919 fortasse
836 3855 1157 3920 CbriStianis
1185 3866 1400 3936 patebat
1426 3883 1490 3922 eo
1523 3868 1687 3921 tutius
1708 3867 2178 3935 convenientibus,

584 3942 728 4028 quod
759 3957 812 4011 in
864 3958 994 4015 urbe
1031 3959 1149 4035 sine
1193 3959 1432 4029 periculo
1478 3970 1775 4013 conventus
1820 3971 1943 4014 tunc
1996 3958 2181 4014 haberi

585 4066 691 4107 non
742 4052 967 4120 possint.
1000 4051 1131 4107 Inde
1174 4050 1334 4107 etiam
1372 4052 1695 4118 Donatistas,
1728 4051 1818 4125 qui
1849 4067 1907 4107 se
1935 4067 1965 4106 a
1992 4046 2180 4107 catho-

584 4145 688 4200 lica
725 4145 967 4200 Ecclesia
1018 4146 1222 4215 pariter
1275 4144 1667 4215 disjuuxerunt,
1729 4140 2016 4199 Monlenses
2058 4160 2180 4200 esse

584 4239 879 4309 appelatos,
896 4218 1151 4293 credibile
1168 4237 1280 4307 εει(
1299 4234 1358 4291 γ.
1380 4236 1600 4304 Baron.,
1625 4222 1693 4290 ad
1715 4255 1802 4290 an.
1829 4235 1957 4303 254,
1983 4254 2035 4290 η.
2062 4235 2175 4307 58).

586 4329 661 4384 Ea
695 4344 877 4401 porro,
902 4340 959 4383 ut
984 4320 1279 4401 Cyprianus
1307 4331 1540 4398 rescivit,
1576 4320 1680 4383 non
1712 4318 1800 4385 ille
1831 4329 2050 4384 audacia
2086 4331 2181 4385 lto-

584 4424 747 4497 tninis
776 4423 1087 4497 deterritus,
1112 4422 1200 4493 qui
1231 4438 1289 4501 se
1323 4423 1514 4478 ducem
1547 4422 1791 4505 (actionis
1816 4433 1868 4475 et
1899 4420 2179 4477 seditionis

585 4508 885 4585 principem
918 4515 1203 4569 temerario
1255 4508 1438 4568 furore
1486 4510 1765 4580 inferebat,
1798 4512 2173 4568 auctoritatem

584 4624 736 4662 suam
783 4611 1003 4677 impune
1055 4608 1345 4674 contemni,
1396 4600 1449 4663 et
1497 4624 1681 4679 pacem
1732 4607 1983 4663 Ecclesia:
2010 4607 2177 4663 inulto
2206 4576 2256 4638 Π

584 4697 792 4752 scelere
822 4684 1023 4754 turbari
1081 4714 1269 4765 passus
1319 4709 1400 4755 est
1429 4720 1444 4753 :
1472 4692 1656 4754 verum
1704 4698 1771 4755 ad
1815 4701 2098 4770 ειιίεροιιοε
2126 4688 2179 4755 ei

587 4788 930 4862 presbyteros
959 4789 1200 4857 eosdem,
1232 4806 1366 4862 quos
1395 4788 1505 4845 illic
1533 4786 1727 4846 vicaria
1758 4799 2019 4861 potestate
2054 4790 2178 4845 ω...

582 4884 633 4955 gi
656 4880 894 4953 jusserat
936 4883 1282 4954 gravissimas
1315 4885 1519 4939 litteras
1560 4883 1723 4950 misit,
1759 4883 1950 4955 quibus
1987 4876 2181 4939 litteris

584 4985 639 5033 et
667 4975 1007 5032 Felicissimo
1046 4979 1215 5031 sacris
1258 4970 1629 5041 interdicebat,
1661 4984 1715 5033 et
1743 4976 1833 5048 qui
1877 4975 1991 5046 ejus
2027 4991 2179 5032 asse«

583 5071 680 5126 cla:
704 5083 884 5127 essent
912 5070 1085 5128 eidem
1133 5068 1304 5141 [ιώηιιε
1351 5071 1616 5128 obnoxios
1644 5070 1757 5128 fore
1807 5068 2173 5142 minitabatur,

583 5163 684 5218 nisi
754 5152 900 5219 illum
946 5163 1330 5220 deseruissent.
1372 5184 1390 5217 ι
1455 5163 1692 5232 Interim,
1754 5154 1924 5237 inquit
1982 5146 2176 5237 (Epist.

583 5256 829 5325 xxxviii),
864 5270 985 5311 cum
1020 5255 1381 5313 Felieissimus
1409 5258 1767 5314 comminatus
1792 5257 1862 5313 sit
1891 5275 1995 5315 non
2027 5274 2178 5312 com-

582 5347 947 5404 municaturos
980 5350 1029 5403 in
1062 5360 1240 5405 tnontc
1271 5366 1475 5418 secum,
1503 5350 1591 5422 qui
1633 5351 1789 5407 nobis
1813 5338 2181 5422 obtemperas-

582 5451 724 5507 sent,
754 5438 807 5496 id
836 5452 920 5497 est
942 5444 1031 5512 qui
1059 5445 1213 5499 nobis
1264 5438 1756 5509 communicarent,
1788 5447 2016 5517 accipiat
2048 5463 2174 5502 sen-

583 5532 827 5600 tentiam,
878 5550 1035 5604 quam
1088 5536 1236 5605 prior
1263 5534 1415 5603 dixit,
1452 5549 1509 5593 ut
1534 5538 1840 5594 abstentum
1885 5555 1942 5595 se
1967 5555 1997 5594 a
2023 5528 2179 5595 nobis

582 5623 736 5687 sciat,
770 5625 985 5693 quando
1013 5624 1080 5680 ad
1112 5626 1325 5682 fraudes
1353 5629 1469 5699 ejus
1514 5638 1569 5684 et
1614 5632 1849 5700 rapinas,
1878 5646 2013 5702 quas
2043 5616 2181 5686 dilu-

586 5710 703 5761 cida
732 5711 955 5767 veritate
985 5716 1361 5784 cognovimus,
1389 5719 1639 5774 adulterii
1669 5722 1831 5776 etiam
1861 5724 2065 5777 crimen
2092 5738 2181 5778 ac-

587 5792 756 5861 cedit,
782 5801 924 5864 quod
967 5802 1160 5859 fratres
1188 5807 1355 5861 nostri
1388 5823 1579 5877 graves
1618 5810 1716 5865 viri
1758 5806 2183 5881 deprehendisse

2282 1915 2564 1979 advocato,
2611 1915 2703 1986 qui
2752 1916 3032 1983 proximae,
3066 1924 3124 1970 ut
3165 1914 3423 1981 arbitror,
3448 1916 3698 1973 Ecclesia:
3730 1933 3877 1989 pra-

2282 2018 2447 2075 esset,
2480 2007 2825 2078 edictumque
2874 2008 3032 2078 hujus
3087 2008 3232 2063 modi
3281 2021 3700 2079 proposuerunt,
3729 2013 3881 2082 cujus

2281 2100 2586 2169 exemplum
2635 2112 2689 2155 et
2732 2099 2799 2154 ad
2833 2097 3162 2171 Cyprianum
3220 2111 3275 2155 et
3316 2099 3386 2155 ad
3430 2100 3568 2156 alios
3604 2103 3871 2173 episcows

2283 2195 2584 2249 mitteretur
2619 2192 2811 2264 (Epist.
2848 2209 3035 2259 χχχιχ,
3073 2194 3224 2248 inter.
3257 2192 3447 2265 Cypr.)
3491 2213 3505 2249 :
3546 2213 3565 2246 ι
3599 2194 3863 2250 Caldonius

2280 2302 2401 2341 cum
2445 2285 2749 2339 llerculano
2775 2294 2829 2340 et
2854 2284 3068 2341 Victore
3102 2285 3361 2357 collegis,
3410 2288 3542 2342 item
3591 2287 3859 2358 [tog-atina

2280 2396 2401 2434 cum
2428 2377 2710 2433 Numidico
2742 2379 3095 2450 presbyteris.
3124 2378 3499 2435 Abstinuimus
3525 2395 3557 2434 a
3587 2382 3868 2435 communi-

2278 2471 2493 2527 catione
2526 2470 2917 2526 Felieissimum
2963 2481 3017 2527 et
3045 2473 3387 2542 Augendum,
3432 2473 3562 2528 item
3597 2473 3879 2544 RepOstum

2280 2562 2347 2618 de
2377 2562 2681 2618 extorribus
2720 2573 2776 2618 et
2808 2562 3017 2618 lrcnem
3055 2560 3359 2618 Rutilorum
3385 2572 3441 2619 et
3466 2563 3694 2618 Paulam
3722 2566 3874 2621 sarci-

2281 2656 2579 2723 natricem,
2619 2655 2762 2726 quod
2799 2670 2864 2711 ex
2891 2656 3238 2711 annotatione
3284 2672 3402 2712 mea
3452 2657 3600 2712 scire
3635 2656 3876 2712 debuisti.

2279 2749 2411 2803 Item
2452 2748 2809 2803 abstinuimus
2844 2749 3207 2819 Sophronium
3241 2758 3295 2805 et
3339 2750 3516 2820 ipsum
3546 2751 3618 2806 de
3660 2754 3875 2806 extorri-

2282 2842 2410 2909 bus,
2460 2841 2756 2898 Soliassum
2810 2841 3178 2896 Budinarium.
3232 2861 3253 2894 ›
3298 2842 3578 2899 Hactenus
3630 2843 3872 2908 edictum,

2279 2939 2437 3009 quale
2478 2938 2544 2992 ad
2577 2953 2677 2993 nos
2718 2940 2958 3009 pervenit
2989 2957 3003 2993 :
3044 2938 3133 2995 cui
3162 2939 3315 3009 plura
3346 2950 3457 2994 tum
3510 2942 3734 2995 nomina
3758 2941 3873 2996 sab-

2280 3033 2447 3102 scipta
2478 3030 2666 3098 fuisse,
2701 3032 2855 3087 facile
2898 3033 3233 3088 admiserim.
3276 3033 3352 3087 Eo
3372 3044 3556 3088 autem
3587 3034 3875 3104 promulga-

2283 3134 2373 3191 to,
2421 3127 2602 3179 statim
2634 3124 2920 3195 apparuit,
2972 3124 3102 3196 quid
3161 3124 3533 3181 [felicissimus
3584 3128 3875 3182 moliretur.

2283 3217 2531 3287 Quinque
2554 3218 2699 3273 enim
2743 3218 3044 3290 presbyteri
3077 3218 3572 3288 Carthaginienses,
3604 3222 3696 3290 qui
3729 3231 3882 3277 antea

2283 3312 2653 3382 pontificatum
2692 3311 2964 3382 Cypriano
3008 3312 3222 3381 eripere
3263 3313 3442 3366 conati
3486 3313 3706 3377 fuerant,
3734 3314 3772 3367 ii
3821 3329 3884 3368 se

2284 3405 2618 3460 FCIlClSaimO
2663 3404 2780 3475 ejus
2827 3405 3189 3460 successionis
3215 3406 3585 3474 antesignanos
3622 3403 3871 3471 prtcbue-

2282 3510 2425 3555 runt.
2446 3500 2635 3555 Fuisse
2655 3508 2835 3555 autem
2859 3507 3114 3569 putantur
3128 3497 3479 3563 Fortunatus,
3502 3498 3546 3550 is
3567 3496 3656 3567 qui
3672 3496 3881 3552 deinde

2281 3609 2311 3647 a
2340 3592 2570 3650 factione
2610 3594 2897 3664 episcopus
2927 3592 3397 3664 Carthaginiensis
3437 3591 3611 3645 dictus
3639 3601 3747 3657 est,
3774 3588 3887 3645 No-

2286 3697 2439 3741 vatus
2464 3728 2479 3754 ,
2511 3685 2604 3756 qui
2641 3702 2765 3741 mox
2798 3686 2983 3740 Roma:
3025 3683 3307 3740 Novatiani
3355 3694 3546 3738 auctor
3580 3682 3887 3738 schismatis

2286 3779 2404 3845 fuit,
2436 3781 2670 3836 Donatus
2692 3790 2748 3836 et
2775 3779 3032 3842 Gordius,
3050 3794 3185 3848 quos
3209 3778 3516 3850 Cyprianus
3540 3792 3662 3832 cum
3694 3776 3891 3831 Fortu-

2284 3886 2414 3928 nato
2441 3883 2496 3927 et
2520 3873 2727 3927 Novato
2753 3872 2819 3926 ad
2857 3887 2916 3925 se
2943 3870 3234 3941 aliquando
3265 3870 3426 3925 simul
3452 3871 3745 3943 scripsisse
3782 3885 3898 3924 me-

2284 3976 2460 4021 morat
2503 3963 2699 4038 (Epist.
2736 3963 2822 4035 v),
2856 3978 2921 4019 ac
2963 3963 3179 4018 demum
3210 3960 3387 4017 .Caius
3429 3962 3517 4017 ille
3562 3961 3792 4026 ltleusis,
3829 3961 3902 4017 la.

2281 4073 2501 4129 psorum
2543 4057 2739 4123 fautor,
2769 4072 2929 4127 quem
2956 4055 3241 4127 collegium
3276 4056 3731 4127 presbyterorum
3755 4052 3900 4109 Car-

2285 4150 2701 4221 thaginiensium
2750 4163 2894 4204 anno
2953 4148 3233 4219 superiore
3268 4163 3298 4201 a
3343 4149 3515 4203 sacris
3560 4158 3909 4203 removerat.

2286 4245 2485 4300 Horum
2518 4243 2807 4314 suffragiis,
2844 4253 2902 4299 ut
2925 4243 3154 4314 gratiam
3184 4241 3389 4297 referre
3419 4240 3769 4305 viderentur,
3800 4240 3910 4296 Fe-

2279 4339 2571 4394 licissimus
2597 4348 2810 4394 creatus
2841 4348 2926 4393 est
2952 4338 3254 4393 diaconus:
3284 4336 3403 4403 Quo
3440 4345 3627 4390 autem
3658 4347 3916 4391 sectato-

2282 4446 2371 4486 res
2398 4430 2662 4486 haberent
2690 4431 2906 4495 ntttltos,
2940 4429 3104 4484 iidem
3136 4431 3314 4499 lapsos
3336 4427 3587 4492 invitare,
3629 4438 3690 4483 et
3724 4430 3922 4484 venite

2281 4539 2435 4595 spem
2459 4524 2707 4581 omnibus
2754 4522 2933 4579 facere
2961 4531 3261 4592 coeperunt.
3287 4521 3396 4577 Nec
3422 4520 3659 4576 deerant
3697 4523 3806 4591 qui
3847 4524 3919 4576 ﬁ-

2281 4618 2404 4674 dem
2438 4618 2801 4688 proditoribus
2830 4616 3111 4681 habercut,
3134 4625 3190 4671 et
3216 4615 3281 4672 ad
3308 4629 3493 4671 eorum
3519 4626 3710 4670 castra
3750 4630 3925 4671 morr

2284 4721 2501 4781 temque
2530 4709 2947 4781 transfugerent.
2972 4709 3084 4764 Nisi
3109 4708 3253 4779 quod
3280 4706 3699 4780 Cyprianus,ad
3738 4723 3926 4777 quem

2283 4815 2549 4860 accuratae
2576 4803 2644 4859 de
2669 4802 2832 4858 rebus
2858 4800 3109 4857 omnibus
3132 4801 3326 4855 littera:
3350 4815 3383 4853 a
3410 4799 3767 4870 presbyteris
3793 4801 3923 4869 ejus

2283 4896 2790 4965 praescribebantur,
2836 4894 3093 4965 prmclara
3129 4892 3356 4962 epistola
3388 4891 3601 4962 plebem
3626 4893 3680 4946 in
3715 4893 3933 4947 officio

2282 4988 2559 5042 continere
2597 4997 2823 5042 conatus
2861 4997 2945 5043 cSt
2985 4985 3182 5056 (Epist.
3224 4985 3339 5054 χι).
3379 5003 3397 5036 ι
3431 4984 3654 5053 Pacem,
3694 4985 3937 5051 aiebat,

2283 5097 2425 5136 nunc
2471 5080 2751 5144 offerrunt,
2782 5081 2871 5150 qui
2900 5080 2998 5150 ipsi
3030 5096 3137 5134 non
3189 5079 3389 5133 habent
3429 5092 3621 5147 pacem
3654 5098 3671 5134 :
3714 5080 3783 5133 in
3823 5079 3941 5134 Ee-

2280 5174 2500 5229 clesiam
2522 5174 2702 5244 lapsos
2736 5172 2996 5228 reducere
3027 5182 3082 5227 et
3127 5186 3383 5227 revocare
3413 5172 3786 5241 promittunt,
3836 5172 3947 5243 qui

2282 5244 2349 5321 de
2378 5265 2618 5322 Ecclesia
2668 5274 3032 5330 recesserunt,
3079 5264 3313 5320 addebat
3350 5273 3405 5319 et
3437 5263 3524 5318 illa
3550 5306 3564 5329 ,
3598 5280 3745 5333 qua:
3788 5266 3951 5319 alios

2281 5359 2490 5430 erigere
2513 5359 2889 5430 possint,alios
2909 5358 3187 5414 deterrere
3208 5377 3220 5413 :
3243 5377 3262 5411 ι
3288 5358 3739 5415 Persecutionits
3768 5363 3951 5417 istius

2284 5452 2572 5507 novissima
2603 5451 2715 5507 hate
2731 5460 2809 5505 est
2832 5460 2887 5506 et
2906 5460 3148 5506 extrema
3171 5450 3411 5516 teutatio,
3430 5465 3551 5520 qure
3565 5459 3621 5505 et
3632 5450 3781 5522 ipsa
3794 5452 3927 5507 cito
3938 5496 3955 5519 ,

2284 5545 2511 5600 Domino
2526 5552 2856 5616 protegente,
2876 5545 3146 5613 transibit,
3164 5554 3218 5599 ut
3231 5553 3589 5616 reprzesenler
3604 5546 3790 5601 vobis
3808 5560 3961 5617 post

2282 5637 2503 5693 Pascha:
2530 5637 2671 5691 diem
2714 5651 2837 5691 cum
2877 5636 3098 5707 collegis
3130 5637 3286 5704 meis,
3305 5638 3497 5708 quibus
3514 5642 3963 5705 pnnsentibus

2283 5730 2581 5785 secundum
2608 5729 2887 5783 arbitrium
2915 5745 3130 5800 quoque
3156 5739 3392 5785 vestrum
3414 5739 3468 5785 et
3496 5731 3780 5787 omnium
3818 5750 3971 5791 n05-

2286 5833 2725 5881 trumcommune
2750 5824 3057 5892 consilium,
3079 5825 3218 5882 sicut
3240 5822 3405 5882 semel
3429 5822 3667 5894 placuit,
3688 5842 3795 5895 ea,
3816 5844 3971 5899 quae
