4116 6258
256 368 370 436 1437

1443 366 1799 432 ΕΟΟΒΕΞΙΕ
1837 361 2235 429 AFRICAN/E.

3387 354 3533 424 N38

259 496 436 569 agenda
456 504 610 564 sunt,
636 495 928 568 disponere
960 496 1161 566 pariter
1196 503 1251 553 et
1273 496 1463 551 limare
1505 498 1819 566 peterimus.
1850 499 1902 561 Α
1932 510 1952 547 t
1985 502 2039 550 et
2062 494 2198 565 ipse.
2222 492 2369 550 addit
2397 490 2723 567 Cyprianus,
2750 490 2869 548 cuin
2898 488 3147 563 plurimis
3191 478 3533 559 coepiscopis

261 588 306 645 Si
331 590 442 660 quis
471 599 650 643 autem
686 588 1060 659 pmnitentiain
1085 602 1246 659 agere
1283 596 1337 642 et
1374 587 1482 642 Deo
1512 584 1826 643 satisfacere

259 683 561 751 detrectans,
590 682 660 738 ad
693 682 1016 739 Felicissimi
1062 693 1117 737 et
1160 682 1452 738 satellitum
1495 682 1613 753 ejus
1644 691 1826 752 partes

257 778 595 844 concesserit,
656 784 711 832 et
770 792 829 832 se
883 775 1152 832 haeretica:
1183 776 1399 832 factioni
1447 774 1821 847 con‘juuxerit,

257 870 370 926 sciat
404 884 465 926 se
502 880 686 941 postea
718 870 784 925 ad
816 869 1114 925 Ecclesiam
1148 871 1345 936 redire,
1388 876 1441 925 et
1469 882 1590 926 eum
1621 870 1828 939 episco-

257 964 326 1034 pis
343 972 392 1019 et
416 962 571 1033 plebe
589 962 792 1017 Christi
827 962 1227 1017 communicare
1254 977 1360 1017 non
1390 970 1568 1031 posse.
1597 981 1615 1013 ι

316 1055 371 1111 ν.
407 1055 519 1119 llis,
551 1054 788 1127 episcopi
819 1054 902 1110 sui
928 1055 1137 1119 litteris,
1168 1054 1376 1110 animos
1392 1055 1676 1110 multorum
1708 1064 1829 1123 per-

256 1158 413 1203 motos
442 1147 753 1218 resipuisse,
782 1162 845 1202 ac
869 1155 1078 1203 mutato
1099 1148 1327 1203 consilio
1351 1147 1581 1202 schistna
1605 1146 1833 1201 detesta-

254 1249 325 1296 tos
347 1254 484 1306 esse,
517 1252 625 1293 non
651 1247 735 1295 est
780 1237 1178 1310 ambigendum.
1215 1238 1448 1294 Nimium
1484 1238 1627 1293 enim
1652 1237 1829 1292 etvir—

254 1339 401 1387 tutem
443 1330 560 1401 ejus
591 1346 780 1387 omnes
810 1329 1209 1401 suspiciebant,
1243 1342 1297 1385 et
1335 1331 1708 1386 auctoritatem
1744 1342 1829 1383 re-

254 1424 576 1481 verebantur.
618 1423 827 1479 Exinde
862 1423 1162 1495 Cyprianus
1183 1466 1197 1490 ,
1234 1424 1324 1493 qui
1356 1436 1570 1480 menses
1601 1416 1829 1493 amplius

253 1515 639 1589 quatuordecim
680 1517 948 1582 latuerat,
981 1517 1143 1572 rebus
1180 1532 1371 1589 magna
1408 1532 1472 1573 ex
1501 1526 1652 1588 parte
1684 1525 1832 1571 tran-

250 1610 432 1680 quillis,
463 1609 744 1664 ecclesiam
792 1609 979 1664 revisit
1002 1618 1174 1676 suam,
1208 1619 1261 1665 et
1292 1609 1498 1665 clerutn
1546 1607 1830 1680 populum-

249 1678 339 1772 que
378 1704 688 1755 universum
750 1701 902 1755 vultu
957 1716 1197 1771 praesens
1240 1709 1295 1757 et
1345 1702 1581 1772 alloquio
1628 1678 1827 1755 beavit.

249 1793 438 1851 Eodem
470 1805 650 1849 autem
684 1802 928 1864 tempore
954 1795 1042 1849 alii
1067 1794 1303 1864 undique
1329 1794 1588 1863 episcopi,
1621 1793 1688 1848 de
1706 1804 1830 1862 gra-

1927 583 2112 642 habito
2141 587 2387 649 consilio,
2409 587 2462 641 in
2490 586 2734 642 eamdem
2760 580 3039 640 uobiscum
3064 582 3385 638 sententiam
3413 580 3529 651 part

1926 681 2188 750 gravitate
2224 682 2280 737 et
2320 680 2517 736 salttbrl
2548 674 2917 735 moderatione
2963 677 3279 733 consensit:
3312 695 3331 729 ι
3375 672 3533 747 cujus

1927 772 2123 828 deinde
2153 773 2374 828 decreto
2405 776 2544 827 totus
2571 773 2731 827 etiam
2773 771 2919 827 orbis
2941 770 3278 825 christianos
3307 767 3532 838 adquie-

1927 867 2003 920 vit
2036 864 2275 939 (Euseb'.,
2303 865 2370 919 Η.
2410 866 2610 934 E.,lib.
2635 882 2703 929 v1,
2729 864 2976 937 cap.45).
2999 851 3263 920 Utautem
3285 861 3526 935 regulam

1929 957 2188 1014 haberent
2217 960 2452 1029 episcopi
2496 975 2621 1030 qua,
2658 967 2713 1014 et
2752 958 2819 1013 de
2863 957 3147 1031 criminum
3188 955 3448 1026 gravitate
3475 961 3532 1011 et

1928 1050 1997 1106 de
2028 1051 2219 1107 idonea
2266 1058 2428 1120 pretia
2456 1051 2786 1121 judicarent,
2822 1049 3059 1105 libellum
3091 1063 3306 1117 quoque
3348 1044 3532 1101 conle-

1932 1146 2145 1215 ce‘rum,
2182 1150 2200 1196 ι
2241 1142 2349 1207 ilbi.
2384 1146 2555 1217 inquit
2594 1144 2916 1217 Cyprianus,
2959 1142 3166 1214 singula
3212 1142 3531 1213 placitorum

1930 1236 2104 1307 capita
2158 1238 2461 1308 conscripta
2514 1240 2714 1304 essent,
2762 1250 2780 1289 ι
2830 1236 3056 1307 ejusque
3105 1232 3408 1303 exemplum
3464 1230 3531 1289 ad

1930 1332 2120 1384 clunes
2158 1330 2441 1399 episcopos
2491 1330 2717 1385 missutn
2749 1337 2831 1384 est
2866 1345 2878 1382 :
2913 1329 2962 1382 in
2990 1322 3095 1397 qu‘o
3126 1327 3334 1381 initium
3367 1342 3532 1396 agno—

1931 1437 2085 1479 scere
2108 1412 2236 1479 licet
2269 1425 2557 1494 pmnalinm
2582 1428 2871 1489 canonum,
2906 1438 3039 1494 quos
3070 1422 3121 1476 in
3153 1430 3359 1476 certum
3390 1422 3533 1475 volu-

1932 1529 2056 1571 men
2084 1513 2396 1588 relatos(V.
2435 1515 2707 1572 Mareade
2727 1515 2871 1570 Poen.
2903 1502 2957 1569 in
2989 1518 3146 1586 Ὰρρη
3182 1531 3234 1584 p.
3266 1504 3321 1585 3)
3354 1514 3534 1582 poste—

1931 1608 2062 1663 ritas
2090 1608 2402 1664 celebravit.
2432 1598 2605 1664 Causa
2638 1616 2820 1680 poStea
2855 1616 2969 1662 acta
3012 1616 3095 1662 est
3126 1606 3299 1662 Jovini
3328 1614 3383 1662 et
3414 1604 3531 1661 Ma-

1930 1698 2059 1757 ximi
2086 1704 2485 1773 episcoportim,
2511 1712 2644 1775 quos
2664 1705 2772 1775 jam
2805 1689 2872 1759 de
2904 1696 3170 1759 sententia
3200 1702 3530 1771 collegarum

1934 1804 2125 1848 novem
2171 1794 2459 1850 damnatos
2503 1794 2830 1859 constabat,
2860 1798 2981 1850 eum
3030 1794 3130 1849 alia”
3183 1794 3253 1848 σι)
3280 1794 3530 1861 crimina,

247 1887 471 1941 vissimis
503 1885 763 1941 Ecclesia:
785 1886 1015 1957 negotiis
1053 1901 1176 1942 cum
1204 1885 1351 1943 eoin
1394 1885 1624 1941 concilio
1648 1884 1825 1940 disce~
1861 1878 1904 1957 ﬁ
1934 1880 2045 1941 tum
2100 1887 2243 1957 quod
2296 1886 2544 1943 inanibus
2600 1888 2704 1943 diis
2761 1887 2884 1943 thu‘s
2937 1887 3299 1942 adolevissent
3349 1886 3531 1959 (Cypr.

244 1976 448 2048 ptaturi,
479 1974 861 2048 Carthaginem
902 1992 1227 2033 convenere.
1262 1976 1392 2031 Nam
1433 1975 1561 2031 illud
1598 1976 1827 2045 primum

245 2084 303 2124 ex
330 2069 563 2123 omnium
590 2069 860 2125 sententia
890 2069 1321 2125 constituendum
1351 2076 1484 2132 erat,
1514 2083 1620 2137 quo
1640 2067 1832 2122 ordine

243 2175 401 2231 quave
430 2161 639 2217 ratione
664 2161 840 2231 lapsos
869 2160 921 2215 in
970 2159 1271 2215 Ecclesiam
1300 2160 1465 2229 recipi
1506 2166 1782 2229 oporteret
1812 2176 1826 2213 :

242 2269 334 2324 qua
358 2252 428 2308 de
451 2268 510 2308 re
537 2252 752 2321 quidem
788 2267 882 2321 per
902 2250 1127 2306 litteras
1177 2268 1281 2305 non
1303 2251 1469 2306 semel
1502 2259 1679 2305 actum
1711 2250 1830 2307 fue-

240 2352 337 2410 rat,
382 2344 478 2399 sed
507 2344 592 2399 lex
631 2344 793 2399 etiam
837 2353 948 2397 tum
980 2341 1392 2397 desiderabatur
1415 2384 1429 2406 ,
1463 2350 1583 2411 quae
1622 2357 1829 2397 morem

242 2437 496 2502 ﬁrmaret,
548 2447 602 2491 et
648 2436 921 2507 lapsorum
957 2435 1344 2506 quaerimonias
1365 2435 1431 2490 de
1467 2434 1646 2490 medio
1674 2436 1829 2491 tolle-

239 2536 337 2583 ret.
366 2524 809 2596 Cognoscendum
835 2541 1050 2598 quoque
1073 2533 1189 2581 erat
1218 2525 1287 2581 de
1319 2524 1639 2581 Felicissimi
1664 2524 1833 2581 schis-

236 2629 373 2677 mate
410 2636 474 2676 ac
502 2620 570 2676 de
614 2631 724 2675 tota
758 2620 848 2675 illa
881 2620 1261 2677 seditiosorum
1298 2617 1551 2686 factione,
1585 2634 1703 2688 quae
1721 2619 1830 2689 jam

240 2725 345 2770 tmn
364 2714 654 2770 multorum
684 2715 736 2770 in
763 2714 942 2771 Africa
974 2714 1237 2769 malorum
1261 2713 1379 2769 fons
1403 2723 1458 2769 et
1483 2715 1632 2785 origo
1655 2715 1833 2770 futura

239 2826 356 2867 esse
397 2809 696 2865 videbatur.
743 2809 1047 2881 Cyprianus
1094 2810 1295 2864 interea
1343 2809 1580 2864 remedia
1630 2808 1834 2865 morbis

235 2901 481 2972 parabat,
514 2917 635 2971 quae
664 2912 778 2956 tum
807 2901 1040 2956 maxime
1090 2911 1392 2970 opportuna
1440 2916 1561 2956 esse
1591 2909 1829 2971 possent,

237 3010 333 3052 nec
354 2995 501 3051 domi
526 2988 723 3061 solum,
746 2994 841 3049 sed
864 2996 1027 3050 etiam
1060 2993 1192 3049 foris
1210 2995 1409 3064 quippe
1437 2995 1573 3049 miro
1601 2993 1832 3064 quodam

239 3087 855 3157 oniniumjuvandorum
878 3085 1152 3142 desiderio
1174 3086 1454 3158 ﬂagrabat.
1487 3088 1560 3142 Ea
1586 3088 1693 3141 duo
1722 3089 1833 3142 lue-

234 3197 294 3235 re
324 3181 603 3251 opuscula,
629 3196 749 3250 qua:
781 3195 876 3249 per
920 3180 1017 3234 hos
1056 3180 1173 3235 dies
1202 3181 1570 3249 composuisse
1602 3180 1827 3245 videtur,

1933 1977 2103 2049 Epist.
2136 1972 2243 2051 iv).
2268 1980 2471 2035 Aderat
2501 1988 2677 2035 autem
2706 1995 2827 2035 cum
2854 1979 2937 2034 his
2965 1986 3017 2033 et
3044 1978 3285 2034 Privatus
3309 1977 3537 2033 Lambe-

1934 2072 2139 2127 sitanus
2164 2066 2274 2142 jam
2302 2071 2508 2142 pridem
2537 2088 2564 2124 a
2600 2068 2807 2127 Donato
2833 2062 3087 2143 episcopo
3113 2074 3346 2126 notatus.
3371 2071 3538 2126 Porrd
3636 2124 3637 2129 η

1934 2178 2122 2219 omnes
2150 2166 2341 2220 iterum
2388 2165 2597 2236 rejecti,
2632 2173 2687 2221 et
2714 2167 2765 2221 in
2799 2166 3147 2223 externorum
3180 2180 3404 2245 numero
3443 2164 3537 2220 ha:

1934 2256 2028 2312 biti
2060 2275 2073 2311 :
2107 2258 2250 2328 quod
2289 2259 2495 2314 scilicet
2539 2260 2690 2316 nullo
2732 2260 3044 2331 pmn’itentis
3087 2260 3249 2315 animi
3301 2256 3537 2326 iudieio;

1937 2348 2082 2404 nulla
2107 2350 2407 2407 emendatae
2432 2348 2989 2424 vitaa'siguiﬁcatione
3021 2352 3223 2408 aditum
3251 2351 3303 2406 in
3350 2347 3540 2406 Eccle-

1935 2444 2154 2499 clesiatn
2188 2445 2287 2501 sibi
2319 2448 2660 2517 aperuissent
2691 2465 2705 2502 :
2739 2456 2833 2519 par
2869 2447 3188 2503 FellbiSsimi
3228 2450 3282 2502 et
3317 2434 3540 2516 presby-

1937 2547 2197 2605 terorum,
2229 2540 2319 2609 qui
2371 2542 2419 2595 ei
2474 2540 2833 2604 adhaeserant,
2876 2542 3015 2595 ratio
3072 2528 3187 2595 finit.
3243 2537 3375 2594 Nam
3414 2538 3541 2594 eum‘

1936 2627 2236 2702 Cyprianus
2274 2651 2293 2684 ι
2334 2634 2542 2688 hostem
2574 2634 2774 2688 Christi
2819 2630 3264 2705 app‘ellatUbiii.)
3291 2649 3397 2689 non
3438 2648 3538 2688 no-

1936 2738 2083 2788 vum,
2116 2723 2209 2779 sed
2237 2725 2347 2794 jam
2378 2724 2583 2795 pridem
2611 2727 2682 2780 ob
2704 2720 2927 2783 erimin‘a‘
2956 2732 3049 2781 s'ua
3079 2724 3302 2795 'plu‘ritna
3337 2727 3540 2796 etl'gra-

1936 2815 2151 2871 vissima‘
2182 2812 2505 2884 abSIeutum,
2534 2827 2585 2871 et
2634 2826 2739 2871 non
2789 2810 2991 2872 tantum
3026 2828 3165 2880 mea,
3212 2818 3307 2873 sed
3339 2820 3393 2873 et
3423 2818 3541 2888 plu-

1937 2907 2197 2962 rimorum
2241 2912 2686 2979 coepiscoporum
2743 2912 3009 2966 sententia
3038 2900 3473 2966 condemnatum.
3514 2929 3534 2963 ι

1938 3001 2192 3072 Idemque
2217 3008 2271 3057 et
2296 3002 2363 3057 de
2392 3003 2729 3059 Felicissimo
2756 3014 2810 3060 et
2837 3004 2901 3059 de
2936 3003 3271 3077 presbyterio
3299 2994 3543 3075 ejusdetti

1937 3110 2055 3165 qum
2082 3103 2461 3164 gestaessent,
2502 3097 2567 3151 ad
2620 3097 2826 3152 c!crutn
2858 3096 3159 3153 Retiianuni
3212 3106 3271 3154 Se
3313 3098 3545 3170 perscri-

1939 3189 2113 3256 psisse
2158 3196 2385 3243 testatur
2433 3186 2627 3260 (Epist.
2654 3192 2781 3258 χιιι)
2809 3204 2823 3258 ;
2855 3206 2916 3246 ac
2961 3191 3222 3245 Novatum
3272 3192 3324 3245 ih'
3354 3182 3545 3263 primis

234 3273 372 3327 liber
397 3289 591 3342 nempe
623 3293 641 3325 ι
672 3274 738 3328 de
766 3273 953 3343 Lapsis
978 3294 997 3326 ›
1029 3274 1232 3327 etliher
1263 3293 1281 3324 α
1315 3273 1383 3328 de
1407 3272 1622 3328 Unilate
1654 3275 1835 3329 Ecclc-
1861 3290 1905 3353 ρ
1945 3295 1964 3329 (
2003 3279 2242 3335 omnium
2272 3281 2612 3337 sacerdotum
2654 3292 2785 3337 voce
2812 3272 3120 3337 damnatum
3155 3280 3343 3355 (Epist.
3372 3285 3480 3356 xta)
3518 3303 3536 3338 ι

231 3365 360 3421 sim:
391 3385 410 3418 (
447 3381 673 3437 quorum
712 3366 879 3420 altero
915 3366 1129 3419 violatze
1160 3366 1268 3420 Deo
1299 3364 1425 3420 ﬁdei
1473 3382 1596 3422 reos
1628 3369 1831 3437 pudore

229 3456 432 3513 fractos
460 3457 527 3512 ad
560 3457 821 3529 agendam
860 3458 1227 3527 paenitentiam
1272 3460 1638 3527 pertrahebat,
1663 3461 1834 3519 altero

230 3549 557 3605 dissidentes
577 3552 789 3605 attimos
820 3564 1080 3605 novarum
1111 3565 1214 3620 que
1242 3567 1419 3606 rerum
1452 3552 1677 3622 cupidos
1705 3554 1834 3611 infe-

229 3640 351 3696 licis
375 3643 553 3696 exitus
586 3642 1008 3697 comminatione
1057 3641 1350 3698 deterritos
1395 3644 1460 3698 ad
1488 3660 1675 3715 pacem
1704 3663 1835 3704 con-

227 3733 581 3801 cordiamque
608 3733 917 3789 revocabat.

300 3816 391 3878 Vi.
424 3824 596 3893 Super
626 3823 743 3879 bace
772 3827 940 3895 optati
963 3826 1029 3882 ab
1050 3825 1194 3882 Urbe
1216 3828 1397 3882 nuncii
1431 3842 1713 3899 venerunt,
1746 3833 1839 3889 de-

222 3915 373 3970 cimo
399 3914 630 3985 septimo
649 3925 769 3983 post
791 3932 994 3977 mense,
1024 3934 1184 3988 quam
1206 3919 1473 3974 Fabianus
1503 3921 1832 3991 decesserat,

221 4007 297 4063 de
328 4022 648 4063 successore
678 4009 762 4080 agi
792 4010 1053 4078 licuisset,
1086 4013 1429 4082 maximoque
1457 4016 1692 4071 omnium
1711 4034 1839 4074 con-

220 4115 391 4155 sensu
421 4100 793 4170 pontiﬁcatum
818 4103 1109 4157 maximum
1140 4104 1397 4159 Cornelio
1427 4121 1547 4161 esse
1575 4107 1833 4165 delatum.

216 4194 273 4250 Is
306 4196 486 4265 pridie
530 4210 700 4252 nonas
747 4196 909 4266 julias
948 4196 1261 4268 designatus
1294 4208 1530 4269 putatur,
1580 4216 1699 4257 cum
1724 4201 1836 4271 jam

216 4287 426 4343 Decius
455 4288 591 4359 Aug.
621 4291 712 4359 qui
762 4289 1020 4344 hactenus
1073 4290 1384 4360 episcopum
1434 4291 1620 4348 Retine
1663 4293 1837 4350 creari

215 4390 503 4446 vetuerat,
522 4381 590 4437 ad
614 4381 813 4437 bellum
845 4384 1121 4453 prolectus
1149 4393 1313 4449 esset,
1340 4384 1566 4456 ejusque
1593 4385 1711 4442 loco
1738 4385 1802 4442 Ju
1822 4417 1834 4427 -

212 4470 330 4527 lius
360 4471 559 4528 Valens
609 4472 894 4543 imperium
934 4466 1275 4544 arripuisset,
1327 4478 1469 4546 quod
1509 4477 1664 4532 brevi
1709 4494 1833 4534 cum

212 4566 334 4621 vita
382 4565 584 4621 amisit.
622 4566 765 4641 Ergo
812 4568 1084 4638 episcopi,
1138 4570 1226 4639 qui
1278 4568 1368 4623 diu
1410 4569 1520 4640 jam
1552 4572 1729 4627 varias
1760 4575 1837 4628 la-

211 4674 455 4730 psorum
497 4675 689 4716 causas
721 4661 773 4716 in
801 4663 1228 4718 controversiam
1271 4675 1617 4733 vocaverant,
1647 4676 1703 4721 et
1729 4668 1839 4723 siu-

206 4751 347 4820 gula
372 4752 694 4823 placitorum
714 4755 886 4824 capita
902 4757 1357 4825 conscripserant,
1380 4756 1690 4813 Cornelium
1706 4772 1836 4830 quo-

207 4857 329 4912 que
356 4843 427 4898 de
474 4844 556 4899 his
594 4846 985 4901 consulendum
1018 4847 1307 4903 duxerunt.
1338 4846 1715 4906 Couveuerant
1744 4869 1839 4907 au-

210 4941 359 4997 tem,
412 4934 588 5005 inquit
623 4936 921 5006 Cyprianus
951 4937 1144 5011 (Epist.
1180 4956 1281 5005 LII,
1321 4941 1389 4994 ad
1418 4941 1745 5017 Antoniam),
1781 4954 1838 5003 ut

207 5040 328 5080 nec
372 5026 427 5080 in
477 5036 645 5082 totum
687 5044 811 5099 spes
851 5034 1355 5089 communicationis
1381 5048 1434 5090 et
1479 5038 1625 5104 pacis
1672 5040 1836 5110 lapsis

203 5119 609 5188 denegaretur,
645 5135 712 5175 ne
751 5123 870 5192 plus
897 5124 1273 5193 deSperatione
1312 5126 1629 5195 deﬁcerent,
1671 5140 1727 5187 et
1767 5147 1834 5188 eo

194 5211 370 5282 quod
404 5213 505 5269 sibi
534 5212 773 5269 Ecclesia
813 5216 1175 5285 clauderetur,
1209 5222 1379 5276 secuti
1410 5201 1665 5279 sacculum
1697 5241 1831 5296 gen-

201 5306 400 5361 tiliter
434 5308 709 5373 viverent;
742 5324 841 5364 nec
883 5319 1060 5366 tamen
1105 5328 1294 5369 rursus
1319 5306 1548 5371 censura
1598 5333 1833 5389 evange-

197 5398 323 5452 lica
353 5399 677 5467 solveretur,
703 5409 761 5455 ut
783 5402 850 5455 ad
885 5406 1430 5461 communicationem
1478 5417 1680 5464 temere
1710 5425 1833 5479 pro-

1936 3373 2118 3429 tradit.
2170 3372 2397 3430 Auditos
2446 3384 2540 3431 e05
2610 3377 2660 3430 in
2728 3377 2996 3443 concilio;
3056 3376 3391 3444 exploratum
3462 3384 3544 3434 est

1936 3465 2133 3536 (Epist.
2177 3467 2304 3539 xta)
2338 3490 2352 3533 ;
2382 3470 2478 3525 sed
2526 3474 2648 3525 cuni
2682 3471 3008 3525 sententiam
3059 3470 3246 3527 Patres
3287 3469 3544 3542 prolaturi

1935 3567 2137 3621 essent,
2170 3557 2533 3614 Felieissimus
2556 3560 2803 3623 latitavit,
2835 3554 2898 3615 ac
2927 3562 3151 3616 Romam
3177 3561 3393 3618 demota
3422 3562 3543 3618 cuni

1935 3650 2097 3705 Sociis
2128 3651 2422 3706 transmisit
2449 3651 2722 3724 (Pacian.,
2759 3652 2929 3723 Epist.
2962 3653 3066 3725 ιιι).

2011 3741 2125 3796 Vll.
2168 3741 2286 3797 Jam
2338 3759 2466 3798 vero
2497 3742 2563 3798 ab
2615 3746 2806 3799 horum
2849 3745 3082 3800 adventu
3124 3747 3304 3802 omnia
3352 3746 3543 3803 Romae

1942 3835 2176 3900 turbata,
2211 3845 2264 3890 et
2294 3836 2474 3905 gravis
2505 3832 2797 3892 admodum
2842 3838 3118 3893 calamitas
3164 3841 3417 3897 Ecclesia:
3459 3839 3543 3896 in;

1941 3925 2146 3979 cubuit.
2177 3925 2421 3982 Novatus
2454 3944 2562 3997 prie
2588 3930 2800 3984 caeteris
2829 3929 2927 3984 fuit
2956 3938 3067 3984 tum
3098 3931 3362 4002 Cypriane
3386 3914 3543 3992 'testc.

1943 4016 2111 4088 (Epit.
2144 4019 2262 4090 49),
2289 4038 2307 4073 ι
2342 4021 2513 4089 fax‘et
2560 4022 2700 4092 ignis
2726 4021 2792 4076 ad
2824 4023 3103 4077 conﬁanda
3138 4025 3420 4081 seditionis
3456 4027 3541 4081 inc'

1946 4131 1967 4164 ι
2012 4111 2224 4179 cendia,
2249 4114 2405 4170 turbo
2430 4122 2485 4168 et
2514 4124 2805 4184 tempestas
2826 4117 2893 4170 ad
2925 4115 3049 4172 ﬁdei
3076 4116 3313 4171 iacienda
3332 4117 3544 4173 natura;

1949 4223 1969 4256 ο
2014 4204 2122 4275 gia,
2158 4204 2327 4261 hostis
2349 4207 2568 4277 quietis,
2594 4207 2996 4278 tranquillitatis
3016 4207 3542 4282 adversarius,pacis

1950 4315 1969 4350 (
2016 4296 2286 4353 inimicus.
2325 4316 2344 4351 ι
2373 4297 2573 4354 Fuerat
2611 4300 2775 4371 paulo
2801 4309 2930 4355 ante
2955 4300 3193 4357 Cornelii
3220 4303 3541 4372 competitor

1940 4388 2289 4457 Novatianus,
2309 4393 2587 4464 presbyter
2604 4394 2855 4450 Ecclesim
2870 4394 3034 4450 Roma
3044 4410 3145 4463 na},
3166 4396 3407 4452 doctrina
3431 4410 3543 4452 ma-

1940 4486 2042 4556 gis,
2073 4502 2232 4557 quam
2263 4487 2467 4543 virtute
2493 4488 2693 4553 clarus,
2720 4502 2782 4544 ac
2812 4489 3080 4561 sull'ragiis
3113 4488 3414 4561 prartcritn's
3446 4480 3539 4547 ac-

1945 4589 2154 4650 ceptam
2198 4581 2469 4651 repulsam
2522 4584 2909 4653 :egreierebat.
2942 4585 3021 4639 Ad
3063 4585 3220 4657 hujus
3262 4584 3543 4640 familiari-

1947 4682 2110 4729 tatem
2166 4688 2290 4729 cum
2343 4689 2402 4730 se
2451 4675 2689 4731 Novatus
2737 4677 3121 4747 applicoissct,
3177 4686 3231 4733 et
3286 4679 3579 4735 Cornelio.

1942 4764 2135 4820 iratum
2166 4782 2229 4821 ac
2258 4783 2393 4822 nova
2427 4769 2736 4824 molientem
2784 4770 3028 4835 videret,
3078 4769 3231 4827 facile
3266 4758 3541 4827 homineui

1944 4862 2181 4932 impulit,
2213 4871 2269 4918 ut
2315 4862 2637 4919 criminibus
2682 4863 2867 4918 multis
2910 4863 2961 4917 iu
2993 4862 3300 4921 Cornelium
3330 4881 3423 4935 per
3448 4880 3540 4921 ca-

1943 4954 2199 5010 lumniam
2231 4955 2600 5025 malitiamque
2640 4957 2909 5021 conﬁctis,
2942 4957 3055 5025 lpse
3086 4957 3135 5011 in
3168 4957 3537 5027 pontiﬁcatum

1942 5046 2243 5110 invaderet.
2273 5057 2329 5102 et
2375 5057 2674 5105 sectatores
2702 5050 2865 5106 etiam
2916 5049 3400 5121 suifragatoreSque
3431 5064 3534 5106 non

1940 5150 2141 5207 paucos
2189 5138 2498 5204 inveniret,
2532 5154 2760 5210 quorum
2815 5138 2867 5193 in
2918 5154 3143 5195 numero
3195 5140 3537 5196 confessores

1938 5246 2152 5302 quoque
2189 5231 2396 5301 aliquot
2449 5235 2727 5288 exstitere.
2778 5233 2853 5288 De
2886 5232 2987 5288 hoc
3043 5234 3309 5300 tumultu,
3362 5234 3535 5305 deque

1939 5322 2149 5378 nefario
2175 5321 2597 5377 Novatianorum
2643 5324 2867 5379 dissidio
2888 5339 3081 5380 cuneta
3110 5328 3175 5379 ad
3207 5325 3534 5398 Cyprianum

1938 5413 2134 5470 litteris
2166 5414 2456 5470 multorum
2488 5416 2688 5486 perlata
2718 5424 2877 5483 sunt;
2910 5433 3009 5474 nec
3030 5418 3250 5474 defuere
3285 5420 3531 5487 epistolae

194 5492 461 5560 sitirent,
509 5491 603 5548 sed
648 5493 953 5549 traheretur
978 5495 1068 5551 diu
1099 5499 1437 5567 poenitentia,
1472 5509 1528 5556 et
1556 5514 1835 5573 rogaretur

191 5582 478 5640 dolenter
510 5595 729 5653 paterna
758 5586 1068 5652 clementia,
1093 5599 1148 5643 et
1176 5590 1619 5647 examinarentur
1654 5609 1831 5649 causa:

187 5685 258 5732 ct
294 5677 613 5732 voluntates
641 5686 695 5731 et
734 5679 1086 5735 necessitates
1111 5681 1450 5750 singulorum
1487 5700 1501 5736 :
1531 5683 1831 5742 Libellatici

183 5770 444 5827 interim
483 5770 917 5838 admitterentur,
943 5773 1257 5828 saertﬁcatis
1297 5776 1350 5828 in
1380 5775 1524 5829 exitu
1572 5778 1828 5833 subveni-

183 5870 399 5921 retur.
443 5881 462 5916 ι
494 5863 671 5935 Atque
707 5864 823 5923 haec
871 5873 927 5921 ut
963 5863 1033 5920 ad
1072 5865 1384 5924 Cornelium
1433 5869 1639 5939 perlata
1678 5880 1826 5943 sunt,

1938 5506 2006 5561 ab
2029 5506 2158 5577 ipsis
2187 5508 2570 5576 schismaticis,
2600 5510 2689 5579 qui
2717 5509 3021 5565 Cornelium
3047 5511 3340 5567 mendaciis
3369 5500 3531 5582 quam

1939 5599 2181 5669 plurimis
2212 5602 2549 5667 onerabant,
2582 5617 2702 5657 cum
2734 5603 2822 5657 hic
2871 5612 3055 5658 contra
3104 5596 3530 5660 modestissimas

1934 5691 2002 5746 de
2031 5707 2090 5746 se
2120 5692 2327 5747 litteras
2359 5693 2596 5750 misisset
2623 5694 2819 5766 (Epist.
2853 5695 2967 5766 42).
3021 5696 3270 5767 Episcopi
3299 5699 3368 5753 ob
3405 5712 3525 5752 eam

1933 5800 2045 5838 rem
2090 5784 2507 5854 lrequenlissimi
2555 5801 2621 5841 ex
2676 5785 2855 5841 Africa
2897 5786 3274 5857 Carthaginem
3328 5802 3525 5843 conve-

1931 5884 2148 5945 nerunt,
2168 5882 2223 5931 et
2237 5864 2506 5947 Cypriane
2525 5886 2745 5936 auctore
2757 5876 3072 5935 Caldouium
3095 5887 3151 5936 ct
3167 5876 3519 5935 Fortunatum
