4134 6256
420 5794 493 5839 η

586 336 727 397 1459

1775 334 2144 393 MORCELLI.
2169 363 2237 373 —
2268 333 2585 395 ANNALES

3758 337 3887 394 1440

585 455 822 531 collegas
866 454 1094 510 Romam
1146 452 1406 525 legendos
1456 467 1739 517 censuere,
1770 452 1865 522 qui
1915 452 1983 507 de
2040 449 2182 505 facto
2210 451 2260 510 Α
2293 468 2311 502 ι
2360 466 2479 505 rum
2522 464 2585 505 ac
2632 451 2805 521 plcbis
2838 452 3149 508 testimonio
3178 452 3458 523 etjudicio
3504 454 3886 524 comprobato,

585 547 888 624 praesentes
915 548 1274 620 inquirerent,
1312 556 1368 604 et
1397 563 1516 619 quae
1565 547 1978 617 comperissent,
2022 560 2183 616 quam

584 644 874 703 celerrime
902 642 1305 698 renuntiarent.
1336 642 1410 696 Ex
1429 640 1622 696 hormn
1646 641 1879 711 denique
1901 640 2181 705 relatione,

584 737 744 794 simul
788 744 844 790 et
892 735 1205 791 testimonio
1236 735 1617 805 episc0porum
1648 734 1878 790 duorum
1925 733 2183 803 Stephani

584 840 641 888 et
669 831 931 895 Pompeii,
965 830 1055 901 qui
1087 829 1273 884 Romae
1305 829 1613 895 adfuerant,
1635 845 1755 885 cum
1786 830 2025 884 omnium
2057 845 2188 884 con—

584 937 751 980 sensu
795 920 1139 993 pontiﬁcatus
1186 920 1444 975 Cornelio
1475 920 1690 975 delatus
1716 930 1820 987 est;
1866 929 1973 975 tota
2004 921 2185 975 Africa

584 1031 753 1073 unum
803 1014 1078 1070 Corelinm
1135 1013 1434 1085 legitimum
1472 1014 1786 1083 episc0pum
1844 1014 2090 1083 agnovit,
2135 1021 2189 1067 et

585 1106 947 1164 Novatianum
973 1106 1085 1176 pari
1109 1107 1512 1175 conspiratione
1553 1104 1763 1174 rejecit.
1796 1103 2001 1173 Rejecti
2060 1104 2187 1159 item

583 1199 869 1256 Novatiani
892 1199 1052 1269 legati
1079 1213 1379 1266 eorumque
1398 1198 1587 1265 libelli,
1618 1197 2096 1268 interdictumque,
2123 1214 2190 1253 ne

585 1294 797 1364 uSpiam
832 1293 1035 1364 populo
1066 1292 1398 1363 legerentur.
1452 1291 1721 1347 Catterum
1751 1307 1859 1346 non
1910 1292 2011 1347 hoc
2058 1293 2191 1347 satis

586 1385 857 1459 Cypriane
906 1386 1048 1443 fuit:
1083 1386 1178 1443 sed
1211 1402 1431 1457 operam
1465 1372 1628 1441 etiam
1682 1387 1736 1442 in
1763 1378 2079 1456 eo'posuit,
2134 1394 2194 1442 ut.

586 1481 928 1538 confessores
954 1522 968 1544 ,
1017 1496 1155 1550 quos
1204 1479 1543 1535 Novatianus
1571 1480 1756 1535 Romae
1787 1480 2095 1551 deceperat,
2124 1480 2191 1535 ad

586 1573 885 1631 Ecclesiam
907 1573 1330 1646 Corneliumque
1356 1576 1663 1631 reduceret.
1684 1574 1869 1646 Itaque
1896 1575 1964 1631 ad
1990 1574 2196 1632 Corne-

586 1666 719 1724 lium
750 1668 997 1724 scribens
1025 1667 1219 1742 (Epist.
1251 1665 1344 1740 I5)
1376 1686 1389 1722 :
1422 1687 1439 1719 ι
1478 1669 1543 1723 Ει
1592 1668 1927 1737 religiosum,
1982 1669 2191 1739 inquit,

593 1777 613 1813 ι
660 1760 820 1817 nobis
842 1773 895 1816 et
917 1762 1279 1817 necessarium
1296 1761 1643 1829 existimavit,
1668 1760 1834 1816 frater
1853 1761 2190 1829 charissime,

2296 566 2315 598 ‹
2360 546 2524 600 alium
2544 548 2802 603 constitui
2821 548 2967 603 nullo
2990 547 3151 603 modo
3171 562 3350 618 posse.
3366 567 3385 599 ι
3407 548 3585 614 Quare
3602 564 3703 617 spe
3719 564 3887 604 rerum

2290 653 2550 692 novarum
2576 640 2773 693 amissa
2795 680 2810 705 ,
2838 655 2960 695 cum
2991 654 3049 694 se
3087 639 3251 694 etiam
3282 639 3333 693 in
3366 641 3607 694 omnium
3636 639 3888 696 bonorum

2289 730 2471 785 odium
2503 731 2794 788 incurrisse
2850 732 3254 802 intelligerent,
3310 731 3491 788 Africa
3545 732 3765 788 tandem
3804 749 3892 788 ex-

2292 834 2596 881 cesserunt.
2630 826 2832 882 Verum
2863 826 3129 896 ejusmodi
3155 825 3437 881 hominum
3458 836 3608 895 peste
3638 827 3778 882 haud
3804 826 3891 883 diu

2289 916 2536 972 ecclesiae
2584 917 2855 973 Africana:
2912 933 3102 973 carere
3150 918 3335 983 licuit;
3381 917 3533 973 brevi
3562 920 3704 974 enim
3755 920 3891 990 lega-

2292 1011 2489 1067 tionem
2519 1027 2548 1066 a
2579 1011 2879 1067 Novatiano
2904 1012 2997 1067 alii
3025 1023 3370 1085 acceperunt,
3399 1029 3534 1084 quos
3563 1017 3706 1069 inter
3732 1014 3893 1069 Nova-

2292 1116 2378 1162 tus
2409 1107 2506 1161 fuit
2537 1108 2778 1161 omnium
2804 1106 3067 1161 scelerum
3098 1107 3324 1161 maculis
3370 1107 3785 1171 notatissiinus,
3812 1109 3890 1177 qui

2292 1209 2348 1255 et
2374 1201 2425 1255 in
2453 1199 2633 1256 Africa
2662 1209 2716 1254 et
2759 1199 2945 1255 Romae
2987 1199 3297 1255 schismatis
3349 1209 3537 1255 auctor
3562 1198 3791 1255 fuerat:
3832 1201 3893 1257 De

2294 1292 2377 1349 his
2405 1292 2583 1347 statim
2630 1292 2696 1347 ad
2728 1292 3054 1365 Cyprianum
3109 1292 3391 1349 Cornelius
3433 1294 3647 1363 scripsit
3709 1294 3889 1365 (Epist.

2291 1385 2364 1441 48
2394 1386 2528 1439 inter
2554 1383 2765 1456 Cypra),
2796 1395 2848 1440 et
2876 1384 3239 1455 Nicephorum
3287 1385 3595 1440 acolvthum
3645 1396 3891 1455 praeterea

2296 1483 2475 1545 misit,
2502 1483 2589 1553 qui
2611 1498 2733 1537 cum
2758 1482 3130 1552 delegatorum
3158 1482 3400 1536 moribus
3430 1491 3655 1551 totaque
3673 1480 3891 1538 factione

2294 1574 2580 1630 certiorem
2609 1576 2825 1630 faceret.
2854 1574 3042 1645 Itaque
3069 1574 3369 1647 Cyprianus
3407 1589 3471 1628 ea
3512 1573 3767 1635 edoctus,
3798 1575 3892 1642 epio

2296 1680 2496 1736 sc0pos
2540 1680 2734 1721 omnes
2796 1667 2865 1725 de
2895 1668 3229 1738 singulorum
3260 1666 3557 1722 sceleribus
3588 1666 3886 1733 admonuit,

2297 1757 2494 1813 deinde
2515 1774 2581 1814 ex
2608 1773 2795 1814 eorum
2836 1760 3065 1814 consilio
3107 1760 3423 1815 laterculum
3466 1758 3531 1812 ad
3589 1756 3886 1813 Cornelium

594 1871 615 1906 ι
664 1853 729 1906 ad
753 1852 1098 1908 confessores
1118 1894 1133 1919 ,
1163 1854 1253 1921 qui
1277 1852 1388 1907 illic
1431 1862 1578 1915 sunt,
1604 1862 1660 1907 et
1684 1852 1966 1907 Novatiani
1996 1868 2059 1907 ac
2084 1852 2192 1908 No-
2223 1846 2271 1905 B
2300 1852 2566 1917 exaravit,
2601 1853 2653 1907 in
2707 1868 2814 1923 quo
2867 1853 3244 1924 episcoporum
3277 1852 3473 1908 Africae
3502 1850 3885 1908 Catholicorum

593 1962 615 1998 ι
662 1945 773 2000 vati
801 1945 1167 2001 obstinatione
1194 1956 1247 2001 et
1274 1946 1536 2016 pravitate
1573 1945 1778 2001 seducti
1833 1946 1899 2001 de
1950 1946 2192 2001 Ecclesia

594 2056 617 2091 ι
665 2049 1047 2109 recesserunt,
1098 2038 1309 2094 litteras
1347 2039 1546 2094 breves
1591 2038 1805 2106 facere,
1856 2039 2052 2110 quibus
2098 2053 2194 2093 eos

595 2150 614 2185 ι
662 2146 760 2202 pro
785 2130 1071 2189 aﬂ‘ecdone
1100 2141 1285 2188 mutua
1342 2132 1723 2198 convenirem,
1782 2140 1839 2186 ut
1868 2132 1935 2187 ad
1968 2142 2192 2188 matrem

596 2244 614 2278 ι
663 2241 839 2293 suam,
870 2227 922 2282 id
949 2237 1033 2283 est
1060 2226 1357 2283 Ecclesiam
1390 2226 1735 2292 catholicam,
1764 2236 2127 2283 revertantur.
2170 2249 2188 2282 ι

592 2317 705 2375 Nec
735 2335 865 2375 vero
912 2318 1214 2392 Cyprianus
1256 2336 1475 2393 operam
1524 2321 1793 2391 perdidit;
1833 2322 1999 2377 misso
2046 2323 2189 2378 enim

586 2411 752 2469 simul
801 2410 1023 2479 libello,
1066 2427 1225 2485 quem
1253 2412 1322 2469 de
1354 2414 1557 2469 unitate
1586 2415 1842 2471 Ecclesia:
1877 2415 2187 2485 scripserat,

589 2518 648 2566 et
688 2508 789 2566 hoc
816 2519 872 2566 et
891 2509 1082 2566 litteris
1111 2511 1223 2565 suis
1254 2510 1453 2575 effecit,
1480 2520 1536 2566 ut
1564 2526 1803 2566 errorem
1834 2521 2193 2583 agnoscerent

593 2616 775 2666 suum,
806 2612 859 2657 et
881 2600 1119 2657 schisma
1140 2601 1390 2657 detestati
1417 2602 1627 2657 veniam
1651 2618 1681 2657 a
1698 2601 1951 2658 Cornelio
1976 2618 2191 2672 pacem-

597 2708 703 2764 que
733 2693 1094 2765 implorarint.
1143 2693 1394 2749 Reditum
1443 2710 1629 2750 eorum
1659 2694 1773 2750 fuse
1799 2695 2055 2751 describit
2082 2696 2195 2766 ipse

594 2786 883 2846 Cornelius
907 2788 958 2843 in
987 2786 1230 2859 Epistula
1257 2787 1323 2842 ad
1354 2787 1679 2861 Cyprianum
1712 2789 1905 2860 (Epist.
1949 2789 2020 2844 46
2065 2790 2195 2844 inter

592 2879 814 2954 Cypra),
843 2882 1022 2937 sciens
1054 2881 1371 2937 nominatim
1406 2881 1696 2936 Maximum
1723 2922 1738 2945 ,
1774 2882 2147 2953 presbyterum
2176 2925 2191 2949 ,

592 2973 896 3039 Urbanum,
923 2974 1228 3038 Sidonium,
1255 2974 1570 3039 Macarium,
1598 2974 1792 3045 quibus
1838 2975 1912 3028 illi
1958 2974 2024 3029 ad
2074 2988 2196 3044 pro-

596 3065 887 3124 fessionem
919 3067 1001 3122 usi
1029 3076 1184 3123 erant
1207 3066 1292 3122 his
1315 3067 1526 3123 utinciis
1554 3083 1711 3137 quam
1745 3066 1955 3122 laetatus
1984 3078 2095 3121 ttun
2126 3067 2195 3122 sit

596 3156 933 3229 Cyprianus,
986 3160 1177 3214 litterae
1231 3159 1349 3229 ejus
1404 3160 1473 3214 ad
1535 3160 1876 3216 confessores
1918 3159 2266 3256 declarantc

602 3249 793 3322 (Epist.
826 3253 942 3321 51).
980 3272 999 3305 ι
1034 3252 1245 3320 Lectis,
1277 3254 1480 3323 inquit,
1533 3252 1727 3309 litteris
1754 3254 1966 3320 vestris,
1999 3255 2193 3309 fratres

612 3363 632 3398 ι
680 3345 1008 3409 charissimi,
1038 3361 1173 3416 quas
1217 3346 1284 3399 ad
1326 3361 1414 3401 me
1441 3345 1508 3401 de
1533 3356 1710 3401 vestra
1739 3347 2077 3417 regressione
2097 3387 2113 3412 ,
2144 3355 2198 3400 et

603 3454 624 3489 ι
669 3436 739 3491 de
769 3438 1137 3493 ecclesiastica
1161 3453 1291 3505 pace
1317 3453 1381 3493 ac
1412 3437 1646 3493 fraterna
1672 3441 2092 3510 reintegratione
2119 3440 2198 3495 fe-

599 3544 621 3580 r
666 3528 816 3583 cistis
840 3527 893 3583 in
918 3538 1125 3584 tantum
1152 3545 1240 3584 me
1261 3530 1495 3585 laetatum
1512 3545 1633 3586 esse
1651 3532 1930 3598 conﬁteor,
1954 3535 2003 3588 in
2023 3548 2194 3604 quan-

609 3639 630 3674 ι
680 3630 792 3676 tum
824 3620 1032 3677 fueram
1058 3632 1112 3677 et
1142 3631 1268 3678 ante
1300 3623 1533 3689 laetatus,
1582 3623 1797 3694 quando
1849 3624 2203 3681 confessionis

602 3732 622 3768 ι
669 3724 863 3771 vestrae
883 3717 1111 3787 gloriam
1159 3718 1419 3787 comperi,
1456 3726 1510 3772 et
1537 3718 1743 3774 militia:
1772 3728 1969 3774 vestrae
1998 3720 2198 3775 cccles-

608 3826 628 3861 ι
676 3816 785 3864 tem
811 3824 875 3865 ac
911 3809 1208 3879 spiritalem
1262 3810 1473 3866 laudem
1524 3812 1946 3882 gratulabundus
1990 3815 2196 3883 excepi.

610 3920 627 3953 ι
676 3900 809 3957 Nam
840 3912 895 3958 et
924 3902 1043 3958 hare
1083 3902 1207 3959 ﬁdei
1251 3912 1305 3959 et
1331 3904 1504 3960 laudis
1539 3914 1734 3960 vestrae
1784 3905 1886 3961 alia
1934 3906 2203 3964 confessio

607 4011 627 4046 ι
672 4004 786 4060 est,
818 4010 979 4049 unam
1020 4009 1142 4050 esse
1174 3995 1473 4052 Ecclesiam
1496 3997 1766 4063 conﬁteri,
1800 4014 1899 4054 nec
1928 4000 2088 4054 alieni
2119 4015 2204 4055 er-

604 4105 627 4141 ι
676 4088 817 4143 roris
836 4089 919 4143 vel
950 4088 1130 4159 potius
1156 4090 1433 4156 pravitatis
1461 4092 1776 4161 participem
1800 4092 1935 4159 ﬁeri,
1958 4104 2204 4163 repetere

609 4201 629 4235 ι
676 4181 862 4238 eadem
892 4193 1070 4238 castra
1094 4228 1108 4250 ,
1149 4183 1293 4239 unde
1332 4183 1595 4254 prodisti,
1630 4186 1770 4243 unde
1797 4187 1862 4242 ad
1908 4188 2205 4257 gerendum

615 4293 634 4327 ι
684 4275 928 4345 praelium
975 4284 1031 4330 et
1078 4275 1456 4331 adversarium
1486 4277 1843 4349 subigendum
1899 4278 2206 4336 fortissimis

610 4386 631 4420 ι
678 4367 879 4423 viribus
908 4367 1211 4438 prosilistis.
1249 4386 1268 4419 ι

679 4457 813 4514 VIII.
859 4459 1091 4515 Africam
1162 4460 1369 4516 interea
1418 4462 1780 4532 peragrabant
1829 4463 2032 4533 legati,
2071 4480 2208 4535 quos

2300 1943 2515 1997 nomina
2546 1945 2746 2014 scripta
2779 1956 2959 2000 essent
2981 1944 3176 2018 (Epist.
3205 1946 3320 2015 54),
3345 1956 3404 1998 ut
3429 1960 3565 2014 quos
3595 1946 3645 1999 in
3670 1960 3732 2000 ea
3752 1948 3886 2000 serie

2300 2052 2405 2091 non
2435 2037 2733 2100 inveniret,
2761 2048 3020 2093 externos
3041 2053 3136 2093 eos
3166 2046 3220 2092 et
3247 2036 3627 2093 schismaticos
3644 2037 3882 2093 haberet:

2300 2134 2485 2205 quales
2513 2134 2709 2189 deinde
2740 2134 2897 2205 legati
2927 2133 3002 2188 illi
3030 2133 3227 2189 alicubi
3263 2134 3667 2188 constituerunt.

2372 2226 2465 2281 IX.
2497 2227 2654 2282 Anno
2677 2227 2789 2297 jam
2834 2234 3097 2293 vertente,
3132 2242 3251 2280 cum
3284 2226 3569 2281 Deciorum
3604 2224 3873 2283 crudelitas

2299 2327 2357 2378 in
2386 2321 2722 2377 Christianos
2756 2321 2995 2376 nondum
3025 2320 3409 2387 detumuisset,
3466 2319 3767 2375 nunciatum
3798 2336 3877 2374 rc-

2296 2427 2456 2488 pente
2479 2427 2559 2472 est
2590 2424 2644 2471 et
2670 2418 2816 2486 ipsos
2845 2415 3132 2481 extinctos,
3160 2424 3213 2469 et
3240 2428 3427 2468 eorum
3457 2413 3583 2468 loco
3606 2410 3667 2468 C.
3687 2411 3886 2466 Vibium

2296 2511 2508 2568 Gallum
2548 2526 2669 2567 cum
2731 2509 3021 2564 Volusiano
3070 2508 3177 2562 filio
3230 2508 3524 2576 imperare,
3559 2506 3629 2562 de
3681 2522 3889 2577 quorum

2299 2603 2506 2658 honore
2536 2618 2638 2658 non
2664 2601 3013 2657 mediocriter
3032 2600 3245 2671 gavisos
3262 2613 3384 2654 esse
3413 2602 3601 2663 Afros,
3621 2614 3785 2653 nemo
3807 2598 3893 2653 duo

2298 2698 2452 2754 bitet.
2486 2696 2727 2752 Indidem
2760 2697 2903 2751 enim
2934 2696 3119 2762 fuisse,
3149 2704 3308 2765 atque
3339 2695 3390 2748 in
3416 2694 3593 2749 insula
3637 2694 3887 2764 Meninge,

2298 2808 2419 2862 qum
2452 2801 2636 2853 postea
2668 2790 2830 2846 Girha
2859 2789 3001 2844 dicta
3030 2798 3133 2853 est,
3161 2788 3264 2843 nati
3293 2802 3413 2843 esse
3444 2785 3706 2842 feruntur
3744 2787 3889 2858 (Vict.

2296 2883 2351 2937 id
2375 2882 2571 2956 epist.).
2608 2884 2672 2937 Et
2710 2892 2890 2938 exstat
2917 2882 3123 2936 Tunete
3172 2880 3471 2950 inscriptio,
3497 2897 3624 2949 qua:
3642 2896 3775 2951 opus
3804 2897 3891 2950 pu-

2298 2975 2497 3031 blicum
2527 2976 2632 3029 illic
2664 2975 2730 3029 ab
2758 2975 2836 3030 eis
2867 2974 3174 3029 restitutum
3213 2972 3647 3045 testatur(Ma/f.
3705 2972 3781 3028 Μ.
3838 2972 3891 3027 ι’.

2299 3086 2353 3139 p.
2388 3066 2510 3133 459,
2544 3084 2597 3121 η.
2630 3066 2713 3139 2).

2858 3160 3111 3217 ANNUS.
3143 3159 3340 3216 CCLII.

2589 3270 2848 3311 CYPRIANO
2890 3270 3143 3311 EPISCOPO
3173 3271 3638 3313 CARTHAGINIENSI.

2370 3348 2409 3401 I.
2432 3345 2778 3401 Consulatum
2803 3360 3089 3416 suscepere
3105 3344 3166 3398 C.
3185 3345 3374 3401 Vibius
3394 3346 3753 3402 Trebonianus
3768 3348 3900 3403 Gal-

2301 3441 2387 3495 lus
2420 3441 2555 3511 Aug.
2590 3441 2804 3505 iterum,
2829 3438 2891 3493 C.
2925 3439 3248 3494 Volusianus
3280 3440 3469 3503 Caesar,
3492 3455 3606 3493 cum
3631 3442 3680 3493 in
3702 3439 3892 3495 lla-sia

2302 3546 2503 3594 essent.
2538 3535 2699 3597 unde.
2728 3534 2928 3591 ftederc
2950 3550 3073 3589 cum
3104 3533 3297 3590 Gothis
3330 3535 3456 3597 icto,
3486 3534 3703 3589 Romam
3749 3549 3906 3588 anno

2305 3627 2559 3683 inchoato
2589 3636 2874 3683 venerunt.
2910 3626 3040 3681 Inde
3066 3626 3396 3681 Novatianus
3424 3637 3483 3679 nt
3526 3626 3658 3680 alias
3702 3627 3907 3696 passim

2301 3724 2581 3791 ecclesias,
2621 3723 2699 3777 sic
2726 3720 3008 3775 Africanas
3029 3732 3082 3775 et
3110 3720 3465 3790 legationibus
3485 3728 3539 3773 et
3560 3720 3754 3775 litteris
3778 3737 3910 3791 per-

2305 3828 2519 3874 vertere
2542 3816 2829 3871 nilebatur.
2855 3814 3038 3884 Itaque
3077 3813 3143 3867 ad
3169 3814 3532 3868 Antonianum
3568 3828 3783 3883 quoque
3802 3814 3915 3884 epi-

2304 3909 2894 3981 seopnmNnmidicnm
2925 3907 3236 3977 scripserat,
3271 3917 3327 3961 ut
3382 3906 3449 3961 ad
3501 3917 3708 3962 sectam
3764 3923 3921 3962 suam

2308 4004 2677 4075 pertraheret;
2730 4017 2982 4071 eumque,
3032 4000 3197 4053 multa
3249 3999 3300 4052 io
3350 3997 3664 4054 Cornelium
3720 4001 3920 4070 probra

2308 4098 2587 4161 mentitus,
2621 4110 2757 4165 pene
2803 4102 3121 4147 commorat.
3155 4091 3259 4147 Sed
3291 4108 3411 4146 cum
3464 4093 3508 4146 is
3554 4101 3683 4147 ante
3714 4097 3779 4146 ad
3811 4092 3895 4164 Cy

2310 4192 2555 4263 priaaum
2573 4190 2640 4246 de
2658 4190 2764 4244 illis
2785 4188 3251 4243 criminatimiibus
3279 4188 3573 4253 retulisset,
3598 4188 3934 4242 consilium-

2310 4300 2418 4353 que
2430 4284 2547 4354 ejus
2567 4291 2961 4351 exspectasset,
2980 4280 3209 4349 egregiis
3229 4278 3483 4352 Cypriani
3500 4279 3705 4334 litteris
3724 4280 3933 4352 (Epist.

2311 4372 2443 4447 ΒΞ),
2492 4373 2866 4438 confirmatus,
2896 4370 3247 4427 Novatianum
3295 4371 3510 4441 repulit,
3544 4380 3599 4425 et
3635 4388 3762 4427 eam
3812 4389 3941 4429 esse

2313 4467 2613 4523 Ecclesiam
2663 4466 2981 4521 catholicam
3031 4466 3268 4536 agnovit,
3312 4465 3396 4520 cui
3444 4464 3738 4520 Cornelius
3797 4484 3943 4537 pne

604 4549 938 4607 Novatianus
983 4561 1253 4623 tamquam
1306 4552 1453 4609 urbis
1509 4555 1795 4624 episcopus
1842 4556 2166 4611 submiserat
2190 4600 2203 4623 ,
2232 4543 2285 4603 D
2311 4571 2476 4615 esset.
2498 4558 2633 4615 Nam
2662 4557 2963 4631 Cyprianus
2994 4567 3048 4611 et
3073 4574 3230 4627 quam
3256 4558 3492 4628 legitima
3516 4568 3669 4614 esset
3688 4558 3943 4615 Cornelii

605 4643 872 4700 Maximus
903 4646 1205 4717 presbyter,
1242 4647 1530 4718 Angendus
1558 4649 1837 4715 diaconus,
1868 4650 2135 4706 Machmus
2152 4664 2207 4708 et
2312 4653 2627 4717 auctoritas,
2659 4651 2861 4705 diserte
2890 4649 3226 4715 ostenderat,
3260 4659 3314 4704 et
3341 4661 3540 4717 quanto
3591 4651 3741 4706 idem
3810 4669 3951 4708 con.

606 4740 905 4811 Longinus,
921 4743 988 4798 de
1007 4744 1201 4811 quibus
1219 4747 1465 4802 scribens
1482 4746 1547 4800 ad
1565 4746 1875 4804 Cornelium
1892 4752 2195 4820 gravissime

2312 4745 2433 4799 silio
2461 4744 2642 4814 lapsos
2690 4745 2740 4796 in
2786 4743 3083 4797 Ecclesiam
3129 4744 3414 4811 reciperet,
3447 4756 3706 4799 accurate
3752 4747 3955 4801 decla-

610 4837 858 4906 qtteritnr
883 4835 1186 4907 Cyprianus
1230 4838 1425 4911 (Epist.
1448 4840 1565 4911 41).
1616 4859 1633 4893 ‹
1660 4844 1737 4897 Ac
1765 4860 1851 4909 ne,
1893 4844 2082 4914 inquit,
2117 4860 2209 4901 eo-
2312 4850 2531 4895 raverat
2558 4857 2568 4892 :
2599 4848 2711 4893 tmn
2734 4837 3163 4892 Novatiannmvi
3193 4846 3355 4907 atque
3375 4838 3559 4892 fraude
3576 4841 3959 4908 pontificatus

618 4946 637 4980 ι
686 4943 804 4983 rum
838 4929 1020 4983 furens
1052 4929 1272 4986 audacia
1296 4947 1545 5001 umquam
1562 4932 1869 5001 desisteret,
1895 4934 1982 4991 hic
1998 4952 2210 5007 quoque
2316 4933 2575 4987 honorem
2605 4931 2705 4986 sibi
2736 4931 3042 4994 vindicare,
3078 4941 3131 4985 et
3162 4930 3342 4999 lapsos
3368 4946 3557 4985 omnes
3604 4947 3670 4986 ac
3723 4935 3965 4989 scelere

617 5038 637 5073 ‹
686 5021 738 5075 in
792 5020 1106 5077 schismatis
1136 5034 1313 5092 partes
1341 5021 1542 5085 Christi
1574 5026 1813 5082 membra
1865 5026 2207 5096 distrahere,
2313 5023 2553 5095 quolibet
2577 5022 3064 5077 obstrictoscontra
3083 5021 3384 5076 divinarum
3403 5020 3744 5078 Litterarum
3785 5026 3971 5081 (locu.

619 5135 637 5168 ε
681 5125 738 5172 et
787 5115 1071 5172 catholicae
1099 5117 1359 5174 Ecclesia:
1385 5134 1583 5189 corpus
1622 5120 1867 5176 scindere
1893 5135 1956 5175 ac
2006 5120 2213 5178 laniare
2316 5126 2495 5172 menta
2524 5116 2747 5186 rejirere
2772 5115 2835 5169 ad
2858 5114 3823 5185 perpetuuminutilemqueluetum,
3859 5124 3972 5174 mi-

620 5229 639 5262 r
689 5209 972 5275 nituntur,
1004 5217 1062 5264 ut
1091 5211 1326 5265 ostiatim
1373 5226 1469 5281 per
1512 5213 1804 5268 multorum
1849 5212 2077 5280 domos,
2126 5215 2213 5271 vel
2317 5211 2465 5267 riﬁce
2504 5210 2988 5265 demonstraverat.
3034 5208 3202 5278 anns
3237 5210 3396 5264 etiam
3422 5210 3820 5279 querelteillzc
3840 5214 3973 5270 fue.

619 5319 639 5353 ι
688 5300 985 5370 oppidatim
1011 5316 1107 5372 per
1136 5302 1393 5371 quasdam
1423 5303 1673 5360 civitates
1703 5305 2067 5361 discurrentes
2111 5304 2209 5361 ob-
2317 5314 2462 5372 runt,
2493 5305 2758 5360 mitissimi
2789 5304 2953 5357 animi
2979 5312 3034 5359 et
3061 5318 3349 5357 commune
3393 5302 3593 5356 bonum
3633 5308 3980 5373 spectantis

622 5410 639 5444 ι
687 5393 993 5449 stinationis
1019 5409 1130 5449 suze
1149 5404 1202 5449 et
1223 5395 1423 5451 erroris
1440 5396 1635 5452 suisibi
1658 5406 1904 5467 quierunt
1927 5399 2208 5454 comites.)
2319 5396 3602 5466 indices:iOfrnstrandae,inquit,l‘raternitatis
3642 5398 3889 5461 irrisio,
3930 5404 3979 5454 υ

620 5484 717 5540 Vix
772 5497 947 5541 tamen
994 5487 1070 5541 illi
1123 5488 1414 5558 ouidqttam
1462 5488 1835 5559 proﬁciebant,
1871 5500 1927 5547 et
1975 5490 2078 5546 hoc
2112 5491 2216 5546 illis
2327 5509 2345 5542 ‹
2394 5490 2719 5546 miserorum
2793 5489 3203 5543 lamentantium
3257 5498 3309 5543 et
3373 5488 3668 5542 amentiam
3740 5492 3983 5547 caduca

618 5592 939 5647 responsum
970 5579 1220 5653 Episcopi
1263 5585 1461 5653 passim
1491 5582 1718 5639 dabant:
1756 5604 1775 5638 ‹
1813 5584 1884 5641 Ut
1914 5586 2215 5655 perniciosa
2327 5602 2345 5637 ι
2396 5584 2661 5653 deceptio,
2692 5584 2735 5636 0
2767 5583 3033 5637 Ιιτρισθιίοω
3058 5582 3412 5636 institutionis
3438 5581 3698 5637 inefficax
3730 5595 3797 5639 et
3831 5602 3986 5641 vana

627 5686 646 5718 ι
692 5670 1036 5726 dissensione
1073 5682 1127 5727 et
1152 5675 1562 5731 concertatione
1584 5677 1851 5748 deposita,
1887 5678 2215 5749 impietatem
2328 5694 2346 5728 ι
2395 5675 2646 5732 traditio!
2676 5675 2883 5730 hortari
2910 5674 2977 5730 ad
3027 5674 3409 5729 satisfactinnis
3451 5676 3885 5742 paenitentiam
3939 5694 3991 5732 et

632 5773 651 5803 ι
699 5772 823 5812 esse
849 5761 1051 5814 scirent
1092 5773 1322 5819 matrem
1352 5766 1641 5834 deserere,
1672 5780 1728 5824 et
1750 5782 2103 5840 agnoscerent
2132 5780 2216 5827 at-
2329 5788 2347 5820 ‹
2396 5770 2718 5825 subtrahere
2782 5768 2851 5825 de
2903 5767 3271 5825 satisfactione
3325 5765 3704 5836 medicinam,
3780 5771 3993 5827 dicere

626 5852 644 5885 ι
690 5854 794 5906 que
820 5845 1200 5918 intelligerent,
1220 5853 1477 5923 episcOpo
1502 5858 1673 5915 semel
1695 5857 1958 5926 facto,et
1976 5862 2217 5933 collega-
2330 5878 2348 5911 ‹
2398 5861 2651 5919 fratribus
2702 5864 2904 5919 nostris
2949 5862 3200 5933 :Plange
3246 5869 3301 5917 et
3338 5859 3611 5932 lacrymas
3675 5862 3897 5922 funde
3944 5880 4001 5921 et
