4134 6256
260 332 372 391 lli/il
1316 325 1337 387 ἱ

1440 322 1800 383 ΕΟΟΙΑΕΒΙᾹΞ
1840 320 2233 383 ΑΡΒΙΟΑΝᾸΞ.

3352 330 3361 352 ¹
3399 330 3546 390 1642

266 471 281 505 ι
316 451 496 509 diebus
525 464 587 506 ac
631 448 880 505 noctibus
912 446 1205 519 ingemisce
1228 485 1243 511 ,
1291 454 1345 502 et
1372 461 1469 517 pro
1494 446 1759 501 abluendo
1786 452 1840 499 et
1866 445 1914 505 Α
1951 464 1969 496 ‹
2018 460 2154 510 mus,
2189 445 2283 501 scd
2316 443 2482 500 libera
2514 459 2612 501 nos
2638 460 2667 500 a
2697 445 2861 514 malo,
2904 448 3429 520 comprehcndentes
3448 452 3547 508 ad-

265 562 280 595 t
319 544 591 617 purgando
618 543 817 599 delicto
842 551 931 596 tuo
955 540 1174 611 largiter
1187 550 1235 595 et
1263 538 1576 609 frequenter
1589 551 1834 607 operare,

265 658 280 692 ι
312 641 397 696 sed
416 648 567 695 extra
600 637 900 692 Ecclesiam
932 642 1053 705 post
1083 633 1262 688 omnia
1289 634 1389 687 ista
1418 632 1664 686 morieris
1694 644 1838 700 quzc-

262 752 279 785 ι
318 748 538 804 cumque
568 731 635 785 ad
686 745 873 801 pacem
920 727 1193 795 pertinent
1239 725 1444 790 facies,
1491 723 1586 779 sed
1638 722 1837 776 nullam

261 846 280 880 ‹
318 842 499 899 pacem
533 841 695 897 quam
724 822 925 895 quaeris
952 821 1209 891 accipies.
1248 840 1266 871 ι

318 922 374 976 ΙΙ.
405 922 521 977 Jam
551 936 678 976 vero
709 918 802 989 qui
836 916 1199 971 Antonianum
1231 916 1280 969 in
1324 912 1572 969 Numidia
1615 910 1841 985 perdere

255 1031 345 1074 n0a
367 1026 676 1088 potuerunt,
710 1013 925 1085 gravius
950 1012 1111 1066 iidem
1141 1010 1348 1065 facinus
1379 1007 1704 1077 Carthagine
1742 1021 1839 1076 ag-

255 1110 412 1182 gressi
436 1116 580 1164 sunt.
615 1106 857 1161 Reducto
888 1104 1032 1159 enim
1063 1104 1115 1157 in
1136 1102 1374 1157 Africam
1400 1100 1658 1165 Maximo,
1690 1098 1842 1167 cujus

257 1204 413 1276 prima
459 1201 656 1272 legatio
698 1214 834 1254 vana
867 1198 1063 1263 fuerat,
1093 1211 1216 1251 eum
1260 1194 1509 1251 factionis
1561 1207 1693 1257 suae,
1725 1191 1841 1262 epi—

258 1310 466 1365 scopum
485 1292 990 1362 Carthaginiensem
1006 1290 1425 1345 constituerunt.
1447 1288 1618 1353 Quam
1647 1285 1839 1339 adver-

257 1390 369 1444 sarii
396 1388 674 1443 audaciam
714 1385 1019 1456 Cyprianus
1050 1384 1128 1439 sic
1174 1382 1624 1439 contemnendam
1656 1379 1838 1445 duxit,

258 1491 309 1535 ut
333 1480 396 1535 de
425 1494 490 1534 eo
519 1478 659 1532 facto
691 1494 758 1532 ne
784 1478 849 1530 ad
881 1474 1196 1531 Cornelium
1227 1475 1444 1546 quidem
1476 1474 1657 1528 statim
1687 1470 1842 1540 quid-

258 1588 402 1641 quam
421 1568 863 1642 perscribendum
881 1570 1234 1624 existimaret.
1254 1568 1388 1622 Nam
1403 1567 1680 1637 aliquanto
1700 1573 1839 1634 post,

254 1666 313 1721 ad
338 1664 606 1729 eumdem,
643 1664 836 1719 lineris
862 1663 967 1716 alia
991 1662 1056 1717 de
1085 1678 1143 1718 re
1170 1661 1371 1727 missis,
1396 1662 1475 1715 sic
1503 1659 1572 1714 de
1612 1658 1842 1713 Maximo

255 1759 572 1815 mentionem
622 1758 798 1812 intulit
826 1756 1023 1828 (Epist.
1052 1756 1167 1827 55).
1198 1775 1216 1807 ι
1256 1756 1386 1810 Pars
1416 1753 1699 1808 Novatiani
1733 1752 1842 1807 Ma-

1950 552 1968 585 ι
2018 551 2169 590 versa
2202 545 2416 604 cuncta,
2449 554 2569 606 qua:
2601 550 2787 594 contra
2817 553 2915 595 nos
2942 540 2996 595 in
3042 540 3145 596 hoc
3185 542 3386 599 mundo
3427 560 3543 599 mo-

1949 647 1967 679 i
2016 629 2434 687 liturinimicus.
2476 652 2495 684 ι
2524 631 2659 687 Illud
2686 632 2848 688 etiam
2874 634 3192 699 admonens,
3249 636 3303 692 in
3333 638 3543 708 suppli-

1943 722 2119 777 cando
2145 739 2304 793 quam
2334 724 2526 780 intenti
2560 726 2809 796 precibus
2844 742 2965 784 esse
3006 728 3330 795 debeamus,
3386 730 3547 787 simul

1944 816 2206 887 antiquos
2237 818 2487 873 sacrificii
2513 820 2648 874 ritus
2674 835 2772 875 nos
2798 820 2959 878 docet
2979 821 3057 895 (p.
3090 822 3217 879 501.
3245 823 3414 895 Ibid):
3444 823 3547 879 Co-

1950 924 1969 957 ‹
2015 908 2224 977 gitatio,
2252 909 2444 980 inquit,
2467 911 2644 966 omnis
2665 912 2897 967 carnalis
2924 921 2978 969 et
3004 914 3277 970 saecularis
3291 914 3549 970 abscedat

1950 1020 1969 1053 ‹
2017 1016 2117 1057 nec
2139 1001 2432 1073 quidquam
2464 1013 2592 1060 tunc
2619 1006 2854 1073 animus,
2884 1023 3043 1078 quam
3069 1008 3119 1063 id
3148 1009 3320 1065 solum
3346 1010 3549 1081 cogitet

1951 1110 1969 1143 ι
2016 1093 2159 1164 quod
2211 1105 2490 1163 precatur.
2524 1097 2649 1153 Ideo
2695 1107 2749 1153 et
2796 1099 3049 1155 sacerdos
3091 1110 3215 1156 ante
3245 1102 3546 1159 orationem

1950 1205 1969 1237 ‹
2019 1189 2335 1258 prmfatione
2352 1191 2633 1260 praemissa
2662 1201 2815 1260 parat
2842 1192 3064 1248 fratrum
3089 1204 3297 1249 mentes
3318 1195 3549 1252 dicendo

1951 1299 1969 1331 ί
2018 1281 2236 1336 Sursum
2286 1284 2473 1350 corda;
2505 1293 2563 1338 ut
2591 1285 2716 1339 dum
2740 1287 3033 1355 respondet
3066 1288 3252 1357 plebs:
3284 1288 3547 1346 Habemus

1951 1390 1969 1423 ι
2018 1375 2086 1428 ad
2132 1374 2442 1443 Dominum,
2494 1378 2851 1433 admoneatur
2898 1380 3032 1433 nihil
3070 1381 3214 1436 aliud
3261 1396 3339 1447 se,
3388 1398 3547 1454 quam

1951 1487 1969 1519 ‹
2020 1469 2306 1526 Dominum
2358 1472 2598 1543 cogitare
2637 1473 2859 1529 debere.
2915 1492 2934 1525 ι
2982 1474 3274 1531 Sacriﬁciis
3331 1477 3549 1533 demum

1944 1562 2159 1632 quoties
2180 1564 2457 1631 adessent,
2492 1567 2735 1622 modeste
2762 1584 2820 1622 se
2848 1583 3058 1640 gerere,
3084 1586 3146 1625 ac
3174 1585 3341 1642 prope
3391 1572 3551 1629 tacite

1945 1656 2151 1722 precari
2177 1655 2401 1724 jubebat
2443 1659 2520 1727 (p.
2552 1660 2679 1714 495.
2725 1657 2887 1729 Ibid).
2925 1679 2944 1711 ι
2977 1660 3043 1714 Et
3068 1663 3306 1731 quando,
3340 1663 3546 1734 inquit,

1952 1764 1969 1794 ι
2019 1746 2073 1800 in
2103 1763 2265 1801 unum
2318 1764 2440 1803 cmn
2476 1750 2732 1805 fratribus
2784 1755 3158 1819 convenimus,
3187 1765 3242 1811 et
3286 1757 3551 1813 sacrificia

261 1873 278 1903 ι
323 1855 521 1908 ximum
572 1851 948 1923 presbyterum
996 1865 1166 1920 nuper
1216 1848 1283 1903 ad
1337 1862 1435 1930 nos
1484 1862 1514 1900 a
1545 1845 1843 1901 Novatiano
1872 1839 1919 1897 B
1953 1854 1973 1888 σ
2018 1838 2197 1893 divina
2226 1855 2349 1895 cum
2378 1842 2473 1895 Dei
2502 1844 2787 1899 sacerdote
2827 1846 3185 1913 celebramus,
3216 1848 3552 1904 verecundiae

262 1967 278 1999 ι
322 1949 544 2019 legatum
578 1949 801 2002 missum
823 1989 838 2013 ,
869 1956 1029 2017 atque
1061 1961 1089 1999 a
1124 1953 1307 2001 nostra
1349 1943 1843 1999 communicatione

263 2062 278 2094 ι
322 2041 605 2111 rrjectum,
634 2055 775 2095 nunc
803 2040 922 2094 istic
964 2038 1063 2093 sibi
1098 2037 1291 2093 fecisse
1323 2035 1842 2106 pseudoepiscopum

261 2154 278 2185 ί
323 2133 535 2189 dicitur.
583 2132 695 2188 Nec
729 2143 905 2187 tamen
939 2131 1043 2185 hoc
1085 2130 1180 2183 tibi
1208 2129 1570 2198 scripseram,
1629 2128 1845 2197 quando

259 2247 277 2281 ι
321 2228 433 2283 haec
456 2235 919 2282 Contemnuntura
945 2222 1119 2277 nobis.
1155 2241 1173 2273 ι
1218 2220 1483 2277 Caeterum
1514 2228 1708 2289 praeter
1737 2219 1847 2273 Ma-

253 2323 448 2378 ximum
480 2336 547 2376 ex
588 2320 901 2374 earumdem
948 2315 1248 2384 legatorum
1294 2327 1524 2367 numero
1562 2311 1846 2380 episcopus

254 2416 303 2471 in
328 2416 505 2469 Alrica
537 2429 564 2465 a
596 2408 914 2465 Novatianis
939 2408 1112 2462 factus
1134 2416 1218 2462 est
1246 2406 1582 2463 Nicostratus
1603 2419 1841 2476 quoque,

253 2504 318 2560 de
347 2518 453 2575 quo
480 2502 782 2575 Cyprianus
806 2502 878 2556 ait
910 2501 1108 2570 (Epist.
1138 2497 1253 2571 49):
1282 2517 1301 2551 ‹
1322 2498 1604 2566 Quomodo
1624 2497 1849 2552 assumit

269 2618 285 2649 ι
332 2598 432 2651 sibi
472 2595 724 2667 regendm
755 2603 848 2649 aut
888 2594 1254 2665 gubernanda:
1305 2592 1563 2649 Ecclesiae
1616 2608 1800 2648 curam
1828 2634 1843 2660 ,

260 2710 277 2739 ‹
324 2689 414 2761 qui
470 2688 725 2759 spoliavit
787 2696 839 2741 et
892 2685 1157 2740 fraudavit
1210 2685 1504 2740 Ecclesiam
1558 2683 1791 2740 Christi?
1823 2704 1842 2737 ›

253 2784 461 2853 Quippe
493 2782 579 2837 hic
600 2824 615 2847 ,
644 2796 769 2836 cum
801 2780 1063 2835 diaconus
1094 2788 1241 2833 esset
1265 2778 1521 2833 Ecclesiae
1550 2777 1806 2833 Romanae
1831 2820 1845 2844 ,

259 2897 276 2928 ί
323 2876 703 2933 ecclesiasticis
762 2875 1003 2946 pecuniis
1070 2872 1331 2941 sacrilega
1398 2871 1723 2937 subtractis,
1796 2880 1852 2927 et

259 2989 277 3020 ι
326 2969 607 3024 viduarum
650 2983 713 3021 ac
742 2967 1067 3035 pupillorum
1095 2963 1357 3033 depositis
1411 2963 1685 3034 denegatis
1714 2982 1732 3016 ι
1770 2964 1851 3019 in-

252 3062 430 3127 famis,
461 3060 609 3117 Urbe
636 3057 948 3128 profugerat
968 3099 982 3122 ,
1011 3066 1066 3111 et
1096 3056 1211 3111 haec
1236 3055 1301 3111 ad
1338 3057 1704 3122 pontificatum
1739 3057 1847 3112 No-

252 3155 593 3207 vatianorum
611 3151 868 3220 praeclara
886 3150 939 3203 in
961 3148 1199 3203 Africam
1219 3148 1410 3203 merita
1432 3150 1706 3204 attulerat.
1725 3150 1851 3206 Haec

1954 1948 1973 1983 ι
2022 1939 2077 1986 et
2105 1931 2410 2003 disciplina:
2439 1949 2713 1989 memores
2741 1950 2862 1990 esse
2892 1936 3172 2003 debemus,
3204 1954 3311 1991 non
3351 1939 3550 2009 passim

1954 2042 1973 2075 ‹
2023 2026 2280 2080 ventilare
2308 2041 2497 2096 preces
2541 2037 2754 2083 nostras
2808 2029 3094 2084 inconditis
3151 2030 3399 2099 vocibus,
3453 2047 3553 2090 nec

1956 2133 1975 2167 ‹
2022 2116 2334 2186 petitionem
2379 2121 2869 2176 commendandam
2913 2122 3158 2179 modeste
3190 2124 3303 2180 Deo
3351 2126 3552 2181 tumul-

1956 2226 1974 2258 ‹
2026 2219 2178 2265 tuosa
2210 2210 2546 2282 loquacitate
2571 2218 2779 2283 jactare
2810 2233 2821 2269 :
2855 2217 2981 2287 quia
3013 2217 3155 2273 Deus
3202 2232 3313 2273 non
3370 2220 3549 2289 vocis,

1956 2317 1974 2351 ι
2022 2301 2118 2356 sed
2146 2303 2327 2358 cordis
2355 2306 2570 2361 auditor
2617 2315 2725 2363 est.
2761 2327 2780 2360 ι

2022 2392 2111 2447 IV.
2147 2395 2352 2451 Pascha
2375 2396 2484 2467 jam
2509 2409 2646 2464 erat,
2675 2398 2819 2470 quod
2842 2399 2947 2457 hoc
2970 2416 3114 2458 anno
3149 2412 3327 2460 actum
3358 2413 3444 2461 est
3494 2421 3552 2462 ιιι

1953 2483 2072 2540 idus
2098 2488 2296 2556 apriles
2321 2530 2337 2554 ,
2382 2503 2504 2544 cum
2545 2490 2757 2546 litteras
2800 2490 3104 2564 Cyprianus
3148 2496 3357 2567 accepit
3397 2512 3426 2549 a
3455 2513 3552 2553 sex

1952 2579 2223 2648 episcOpis
2249 2581 2341 2650 qui
2367 2579 2595 2651 Capsam
2629 2582 2767 2638 forte
2800 2597 3199 2655 convenerant,
3247 2599 3305 2643 ut
3356 2603 3553 2645 novum

1952 2673 2268 2743 episc0pum
2296 2688 2703 2731 consecrarent.
2746 2678 2973 2747 Capsam
3000 2681 3185 2750 utique
3216 2680 3552 2753 Byzacenam

1953 2780 2073 2837 qua:
2107 2776 2217 2821 tum
2256 2767 2308 2821 in
2340 2766 2721 2824 Procousulari
2752 2771 3099 2836 censebatur,
3145 2779 3286 2844 quod
3315 2774 3554 2831 nondum

1953 2873 2016 2913 ea
2048 2860 2323 2929 provincia
2353 2876 2381 2915 a
2406 2861 2837 2933 Carthaginiensi
2862 2865 3051 2920 avulsa
3081 2868 3366 2935 praesidem
3396 2882 3555 2924 suum

1954 2955 2271 3023 accepisset.
2310 2954 2385 3009 De
2411 2952 2585 3024 Capsa
2615 2956 2760 3011 enim
2782 2956 3065 3012 Numidica
3093 2974 3401 3015 sermonem
3445 2975 3556 3017 non

1955 3060 2077 3100 esse
2106 3047 2445 3102 manifestum
2493 3058 2594 3102 est.
2637 3049 2771 3103 Cum
2807 3050 2942 3105 infra
2971 3048 3274 3122 Cyprianus
3319 3067 3555 3123 procono

1955 3137 2126 3191 sulem
2155 3150 2563 3204 commemoret,
2596 3142 2682 3196 cui
2731 3142 2972 3212 profecto
3020 3142 3271 3198 Numidia
3320 3127 3429 3199 non
3457 3160 3555 3216 pa-

252 3255 431 3301 autem
452 3245 629 3299 omnia
645 3244 874 3311 Novato,
897 3241 1528 3311 auctoreftehant,quem
1546 3240 1849 3314 Cyprianus
1875 3232 1921 3293 C
1955 3231 2128 3286 rebal-
2176 3230 2352 3287 Causa
2384 3242 2563 3289 θυιθιη
2592 3234 2866 3290 εοτίῧθηιίί
2894 3236 3010 3291 hmc
3038 3236 3314 3307 episcopis
3351 3237 3551 3307 fuerat:

251 3340 505 3410 procella:
526 3355 589 3394 ac
609 3341 1162 3412 turbinicomparabat
1179 3340 1445 3415 (Ibidem),
1464 3343 1606 3414 quod
1627 3353 1682 3398 et
1699 3344 1852 3414 quies

249 3449 375 3490 esse
425 3433 707 3503 inciperet,
756 3435 898 3490 unde
945 3437 1280 3503 recessisset,
1324 3446 1380 3492 et
1411 3452 1521 3507 quo
1567 3440 1852 3493 accederet

250 3536 544 3598 tempestas
572 3528 683 3582 illic
726 3530 1031 3584 turbulenta
1061 3531 1446 3587 concitaretur.
1477 3531 1667 3586 Omnia
1722 3547 1851 3589 sane

247 3637 371 3677 cum
403 3625 587 3678 Roma:
617 3631 782 3689 esset,
816 3623 977 3679 modo
1005 3623 1339 3692 turbaverat,
1370 3634 1424 3680 et
1456 3626 1508 3680 in
1534 3626 1716 3682 Africa
1736 3628 1849 3698 jam

247 3714 445 3769 itermn
473 3716 525 3769 in
550 3713 849 3769 Ecclesiam
872 3715 1132 3770 irruebat.

323 3808 411 3862 ill.
440 3809 583 3861 Inter
614 3808 729 3861 haec
751 3808 1053 3878 Cyprianus
1087 3809 1156 3864 de
1196 3820 1343 3866 recta
1376 3812 1554 3881 populi
1578 3814 1660 3867 sui
1694 3815 1850 3868 insti-

248 3902 463 3963 iutione
489 3900 764 3966 laborans,
793 3901 1108 3969 opusculum
1133 3901 1273 3956 illud
1300 3903 1724 3971 pulcherrimum
1765 3907 1853 3976 (de

252 3994 501 4049 Oratione
518 3990 813 4062 Dominica)
836 3993 1035 4059 emisit,
1061 3994 1200 4065 quod
1221 4004 1500 4064 tantopere
1523 3999 1851 4068 Augustinus

244 4086 600 4156 Hilariusth
629 4086 1095 4141 commendarunt.
1128 4087 1260 4142 Nam
1284 4097 1339 4144 et
1360 4088 1675 4159 Pelagianos
1704 4092 1755 4145 in
1786 4107 1850 4146 eo

236 4192 600 4237 antevertens
622 4180 885 4237 refutasse
915 4181 1217 4250 videbatur,
1238 4197 1357 4237 cum
1388 4184 1548 4239 verba
1573 4185 1661 4239 illa
1702 4186 1852 4240 «Fiat

254 4296 274 4328 ι
320 4277 569 4332 voluntas
592 4285 678 4331 tua
710 4276 920 4332 sicutin
951 4278 1090 4332 caelo
1112 4285 1165 4331 et
1196 4277 1247 4330 in
1273 4286 1433 4342 terra,
1464 4277 1541 4333 sic
1566 4280 1854 4349 explicavit

255 4386 275 4417 ε
324 4370 470 4439 (pag.
499 4368 627 4423 491.
654 4368 795 4421 Edit.
823 4366 1034 4437 Buluz.)
1064 4386 1076 4423 :
1108 4368 1222 4423 Non
1254 4379 1317 4424 ut
1347 4370 1487 4427 Deus
1528 4372 1684 4427 faciat
1709 4373 1852 4444 quod

256 4479 276 4512 ι
330 4460 466 4527 vult,
522 4460 616 4514 sed
640 4469 697 4513 ut
722 4474 820 4514 nos
843 4459 1025 4516 facere
1056 4462 1346 4529 possimus,
1379 4463 1520 4531 quod
1549 4463 1692 4519 Deus
1721 4466 1848 4520 vult.

255 4576 275 4608 ι
329 4556 462 4610 Nam
490 4553 599 4609 Deo
621 4554 740 4625 quis
767 4553 1001 4619 obsistit,
1032 4555 1320 4625 quominus
1354 4557 1495 4626 quod
1515 4558 1641 4613 velit
1663 4559 1853 4614 faciat?
1879 4576 1932 4636 Ι)

252 4668 274 4702 ι
326 4648 423 4705 sed
455 4650 579 4720 quia
608 4647 764 4703 nobis
793 4662 823 4702 a
858 4646 1080 4702 Diabolo
1101 4648 1402 4713 obsistitur,
1448 4651 1734 4719 quominus
1766 4668 1861 4722 per

330 4745 512 4799 omnia
546 4752 732 4798 noster
760 4742 973 4797 animus
1000 4753 1160 4813 atque
1182 4752 1335 4798 actus
1366 4744 1478 4799 Deo
1508 4745 1860 4816 obsequatur,

328 4851 548 4891 oramus
572 4845 625 4890 et
655 4835 887 4903 petimus
920 4844 979 4889 ut
1019 4834 1112 4889 fiat
1142 4836 1192 4889 in
1251 4836 1404 4891 nobis
1447 4837 1695 4892 voluntas
1742 4840 1859 4904 Dei,

328 4943 449 4997 qua:
477 4935 536 4981 ut
566 4927 656 4980 fiat
685 4930 736 4981 in
757 4928 930 4993 nobis,
957 4943 1091 4997 Opus
1118 4938 1199 4982 est
1232 4928 1326 4984 Dei
1351 4930 1644 4999 voluntate,
1676 4931 1726 4987 id
1755 4943 1856 5000 est,

329 5033 437 5088 ope
467 5018 584 5087 ejus
627 5028 679 5072 et
720 5020 1085 5087 proiectione;
1132 5021 1253 5089 quia
1306 5037 1465 5077 nemo
1516 5025 1628 5078 suis
1658 5024 1860 5081 viribus

328 5114 485 5169 fortis
512 5122 613 5175 cst.
640 5114 732 5168 sed
768 5115 860 5170 Dei
886 5115 1215 5187 indulgentia
1244 5126 1296 5171 et
1321 5116 1688 5173 misericordia
1719 5129 1862 5175 tutus

249 5224 271 5254 ι
328 5218 435 5260 est.
478 5225 496 5258 ›
530 5206 700 5260 Porro
728 5207 838 5276 ipsa
881 5209 1136 5277 precandi
1178 5208 1433 5276 formula,
1467 5226 1625 5279 quam
1676 5212 1861 5282 expla-

238 5306 369 5363 nat,
401 5296 470 5351 ab
496 5312 578 5362 ca,
613 5312 769 5367 quam
803 5314 945 5354 nunc
976 5314 1318 5369 usurpamus,
1343 5301 1733 5371 aliquantulum
1762 5301 1866 5355 dif-

236 5392 429 5456 feret;
461 5401 702 5447 cxtrema
730 5394 872 5447 enim
918 5403 1044 5447 sunt
1073 5393 1419 5459 linjusmodi:
1480 5412 1499 5443 ‹
1542 5394 1605 5447 Et
1651 5395 1862 5449 remitte

244 5503 268 5534 ι
327 5485 486 5540 nobis
518 5485 696 5540 debita
738 5495 919 5540 nostra
950 5527 963 5550 ,
1008 5485 1147 5539 sicut
1169 5494 1224 5540 et
1263 5499 1364 5539 nos
1393 5485 1719 5539 remittimus
1763 5484 1859 5539 de-

246 5596 270 5629 α
329 5579 599 5634 bitoribus
622 5580 819 5633 nostris
844 5596 858 5643 ;
888 5588 940 5633 et
971 5594 1040 5633 ne
1068 5594 1166 5633 nos
1194 5578 1413 5648 patiaris
1441 5576 1619 5632 induci
1653 5578 1707 5632 in
1741 5587 1861 5632 ten-

244 5688 269 5720 ε
331 5672 617 5733 tationem,
648 5670 743 5726 sed
789 5670 959 5725 libera
1014 5686 1116 5726 nos
1139 5687 1168 5723 a
1192 5671 1354 5737 malo,
1419 5684 1599 5725 amen.
1633 5688 1652 5722 ι
1683 5670 1860 5740 Ipsum

233 5769 442 5818 autem
470 5762 669 5816 malum
699 5762 765 5818 de
788 5762 933 5818 omni
966 5761 1228 5817 malorum
1258 5776 1459 5833 genere
1488 5764 1716 5831 accepit,
1754 5776 1860 5818 non

235 5863 314 5915 ut
336 5856 514 5912 Graeci
535 5861 633 5910 ἀπὸ
656 5863 741 5911 m7
773 5864 1028 5929 πονηροῦ.ε
1067 5855 1121 5911 In
1150 5854 1460 5922 novissimo,
1488 5853 1683 5926 inquit,
1713 5856 1865 5925 poni-

254 4764 274 4793 Ι

250 4856 272 4887 ι

252 4947 273 4978 ε

250 5037 271 5069 1

250 5134 271 5167 ι

1954 3326 2095 3394 quod
2121 3326 2370 3395 superius
2390 3325 2677 3397 episcopus
2705 3326 2774 3382 ad
2795 3342 2890 3382 eos
2914 3328 3211 3395 retulisset,
3236 3328 3390 3385 fasne
3411 3337 3559 3386 esset

1953 3415 2022 3470 ad
2072 3418 2613 3473 communicationem
2674 3419 2960 3474 admittere
3010 3417 3353 3476 Christianos
3388 3413 3554 3490 tres,

1954 3510 2171 3577 Ninum,
2199 3511 2627 3569 Clementianum
2660 3524 2714 3569 et
2735 3513 2975 3581 Florum,
3023 3515 3117 3585 qui
3159 3514 3326 3570 multa
3355 3524 3411 3572 et
3434 3531 3559 3586 gra-

1954 3607 2038 3662 via
2074 3622 2171 3677 pro
2211 3607 2426 3664 Christo
2459 3610 2739 3680 perpessi,
2786 3610 2837 3664 vi
2889 3609 3106 3681 quidem
3166 3619 3559 3668 tormentorum

1955 3701 2159 3757 subacti
2186 3702 2418 3770 fuerant,
2450 3722 2469 3754 ι
2504 3712 2557 3758 et
2582 3703 2651 3757 de
2681 3702 2848 3772 gradu
2880 3703 3092 3772 glorire,
3122 3703 3189 3757 ad
3238 3719 3397 3774 quam
3442 3704 3559 3775 ple-

1959 3814 1978 3848 t
2024 3812 2090 3850 na
2148 3795 2275 3850 ﬁdei
2323 3798 2519 3852 virtute
2570 3796 2898 3862 tendebant,
2944 3796 3172 3852 diutinis
3228 3800 3561 3856 cruciatibus

1961 3907 1979 3937 ε
2025 3888 2358 3954 exciderant,
2392 3888 2486 3943 sed
2533 3899 2709 3944 tamen
2740 3897 2862 3958 post
2889 3888 3032 3944 hunc
3076 3904 3296 3960 gravem
3348 3893 3560 3964 lapsum

1961 3996 1979 4029 ε
2027 3995 2133 4033 non
2159 3979 2457 4044 voluntate,
2487 3979 2583 4035 sed
2619 3982 2943 4034 necessitate
2991 3991 3300 4051 susceptum
3330 3999 3361 4038 a
3390 3985 3563 4052 ιιωηί-

1962 4088 1980 4121 ‹
2031 4074 2193 4126 tentia
2238 4071 2442 4143 agenda
2488 4088 2583 4141 per
2629 4071 2733 4126 hoc
2774 4071 3098 4137 triennium,
3136 4092 3154 4124 ι
3186 4089 3291 4128 non
3334 4073 3561 4130 destite-

1955 4177 2074 4222 rant
2097 4165 2277 4238 (Cypr.
2306 4167 2472 4237 Epist.
2494 4167 2609 4239 55).
2638 4166 2794 4221 Enim
2816 4182 2946 4222 vero
2971 4168 3207 4239 episcopi
3238 4169 3313 4224 illi
3333 4169 3561 4242 Cypria-

1958 4276 2085 4315 num
2130 4259 2520 4315 consulendum
2567 4268 2914 4325 censuerunt,
2964 4267 3017 4314 et
3059 4261 3127 4315 ab
3180 4276 3247 4316 eo
3298 4272 3561 4333 praeterea

1959 4352 2357 4424 postulandum,
2394 4363 2449 4406 ut
2474 4352 2541 4407 de
2584 4362 2692 4407 tota
2723 4353 3097 4408 controversia
3147 4353 3413 4424 judicium
3440 4356 3559 4411 col-

1956 4446 2200 4517 ,legarum
2232 4446 2286 4500 in
2315 4444 2545 4500 concilio
2582 4447 2903 4515 requireret.
2953 4444 3023 4500 At
3054 4443 3372 4517 Cyprianus,
3435 4462 3562 4503 cum

1960 4539 2199 4611 synodus
2249 4540 2305 4595 in
2331 4554 2569 4596 mensem
2598 4539 2903 4610 proximum
2958 4540 3158 4595 indicta
3186 4552 3350 4610 esset,
3385 4557 3454 4598 ne
3483 4542 3563 4598 illi

1963 4638 2187 4705 diutius,
2224 4637 2515 4705 haererent,
2542 4637 2666 4708 quid
2696 4643 2811 4709 ipse
2838 4638 2905 4693 de
2934 4654 2997 4694 ea
3021 4654 3080 4694 re
3102 4642 3354 4708 sentiret,
3386 4652 3565 4698 matu-

1964 4733 2077 4789 rius
2102 4734 2318 4804 aperuit
2343 4751 2356 4788 :
2388 4751 2406 4785 ‹
2437 4732 2507 4787 Ει
2526 4732 2768 4804 quidem,
2802 4732 2995 4803 inquit,
3019 4734 3163 4803 quod
3183 4735 3249 4791 ad
3273 4735 3375 4791 mei
3396 4737 3563 4793 animi

1970 4843 1989 4876 ί
2037 4825 2360 4881 sententiam
2384 4826 2642 4895 pertinet,
2660 4833 2810 4895 puto,
2832 4825 2916 4880 bis
2938 4826 3325 4895 indulgentiam
3348 4828 3563 4885 Domini

1971 4934 1991 4968 ι
2038 4933 2144 4971 non
2168 4916 2502 4979 defuturum,
2529 4931 2667 4986 quos
2680 4926 2894 4973 conetat
2914 4918 3129 4975 stetisse
3149 4919 3201 4974 iu
3221 4922 3337 4976 acie
3362 4937 3564 4978 nomen

1971 5026 1990 5060 ε
2039 5009 2247 5064 Domini
2275 5008 2553 5064 confessos
2579 5023 2724 5077 esse,
2745 5009 3051 5066 violentiam
3075 5012 3479 5082 magistratuum
3509 5023 3564 5071 et

1971 5119 1991 5152 ‹
2040 5103 2221 5173 populi
2253 5102 2479 5157 furentis
2510 5102 2785 5157 incursum
2818 5103 3107 5159 immobilis
3150 5104 3274 5161 iidei
3324 5106 3563 5163 obstina-

1972 5214 1991 5246 ι
2041 5198 2187 5251 tione
2211 5196 2421 5262 vicisse,
2456 5210 2645 5266 passos
2673 5211 2793 5252 esse
2815 5212 3115 5265 carcerem,
3147 5199 3247 5255 diu
3268 5200 3408 5257 inter
3455 5202 3563 5258 mi-

1973 5307 1992 5340 ι
2041 5304 2136 5343 nas
2177 5288 2520 5359 proconsulis
2543 5299 2599 5345 et
2634 5289 2905 5346 fremitum
2936 5292 3119 5362 populi
3164 5294 3563 5353 circumstantis

1973 5401 1992 5432 ι
2041 5384 2330 5439 tormentis
2360 5382 2711 5450 laniantibus,
2734 5398 2799 5438 ac
2823 5383 2978 5454 longa
3008 5386 3294 5443 iteratione
3314 5388 3563 5444 crucian-

1976 5498 1994 5527 ‹
2042 5478 2183 5532 tibus
2215 5491 2583 5547 repugnasse:
2621 5486 2678 5531 ut
2698 5476 2907 5547 quodin
2938 5478 3232 5534 novissima
3252 5480 3565 5539 infirmitate

1975 5592 1992 5624 ι
2040 5571 2219 5628 carnis
2240 5571 2520 5625 subactum
2552 5568 2782 5635 videtur,
2805 5571 3118 5626 meritorum
3142 5573 3564 5641 przccedentium

1976 5684 1994 5717 ‹
2041 5663 2356 5719 defensione
2387 5662 2685 5727 relevetur;
2716 5670 2772 5716 et
2801 5662 2873 5716 sit
2901 5663 3032 5719 satis
3089 5664 3286 5721 talibus
3331 5665 3562 5737 gloriam

1975 5780 1993 5812 ι
2043 5757 2365 5829 perdidisse,
2398 5770 2505 5811 non
2538 5763 2716 5810 tamen
2766 5753 2966 5811 debere
3014 5769 3114 5811 nos
3166 5757 3245 5812 eis
3292 5767 3350 5814 et
3390 5758 3563 5815 venire

1977 5871 1994 5906 ι
2042 5854 2219 5910 locum
2249 5849 2525 5915 claudere,
2564 5857 2727 5921 atque
2752 5862 2849 5906 eos
2874 5862 2905 5903 a
2933 5858 3157 5922 paterna
3183 5850 3385 5923 pietate
3404 5893 3418 5921 ,
3452 5860 3506 5908 et
3531 5866 3561 5912 α
