4134 6256
647 340 789 404 ista
1896 333 2258 394 MORCELLI.
2300 362 2369 374 --
2397 319 2713 390 ANNALES
3792 320 3896 393 ιω

654 485 674 517 ‹
722 474 904 521 nostra
934 458 1422 520 communicatione
1451 457 1686 528 privare,
1721 455 1915 526 quibus
1966 452 2243 507 existima-
2272 451 2326 511 Α
2358 472 2375 504 ‹
2426 462 2533 506 tum
2570 452 2737 521 magis
2762 449 2902 505 circa
2932 447 3162 504 infantes
3188 447 3336 518 ipsos
3367 452 3422 501 et
3448 459 3638 502 recens
3670 453 3892 505 natosob.

655 579 673 612 ‹
721 576 840 615 mus
871 558 934 613 ad
990 553 1383 626 deprecandam
1440 550 1780 606 clementiam
1829 547 2036 603 Domini
2085 559 2244 616 posse
2353 562 2372 596 ί
2421 544 2744 599 servandum
2763 552 3034 613 putamus,
3057 541 3146 610 qui
3171 541 3272 594 hoc
3303 541 3422 609 ipso
3449 538 3517 594 de
3545 555 3650 610 0pc
3679 550 3828 595 nostra
3849 560 3893 599 ac

656 670 674 704 ε
719 650 1008 712 sulllcere,
1041 646 1186 718 quod
1235 644 1472 700 triennio
1515 642 1712 711 jugitcr
1741 656 1804 695 ac
1861 640 2128 703 dolenter,
2188 647 2246 691 ttt
2292 643 2303 653 '
2357 657 2373 690 ε
2420 638 2485 693 de
2506 637 2685 692 divina
2716 635 3088 691 misericordia
3116 633 3239 704 plus
3268 642 3569 699 merentur,
3593 632 3731 703 quod
3753 635 3795 688 in
3815 638 3895 705 pri-

654 761 672 794 ι
720 742 990 807 scribitis,
1043 755 1164 794 cum
1213 751 1421 794 summa
1471 733 1804 804 poenitentia:
1860 731 2244 786 lamentatione
2353 750 2371 782 ι
2421 746 2509 785 mo
2545 732 2724 785 statim
2755 729 3056 784 nativitatis
3078 743 3190 782 suze
3221 739 3344 782 ortu
3368 727 3644 797 plorantes
3667 743 3724 782 ac
3749 727 3894 788 flentes

653 851 670 884 ι
722 835 1064 903 planxerunt.
1135 851 1153 883 ι
1203 831 1296 885 Sic
1344 829 1644 899 Cyprianus
1694 826 2034 880 severitatem
2094 821 2246 876 illam
2354 849 2370 877 ε
2422 827 2550 882 nihil
2573 827 2717 882 aliud
2745 826 2965 890 faciunt,
2996 838 3155 894 quam
3179 823 3564 893 deprecantur.
3603 842 3620 875 ι
3651 823 3720 876 Ex
3741 826 3894 882 eodem

643 924 1036 994 Novatianeam
1087 923 1453 989 temperabat,
1499 934 1618 988 qua:
1649 915 1944 971 Numidicis
1975 912 2244 984 cpiscOpis
2349 919 2450 975 hoc
2478 935 2739 990 responso
2771 934 2978 973 morem
3030 928 3140 971 tum
3201 917 3370 972 fuisse
3411 916 3784 983 discimus,ut
3819 922 3892 988 qui

647 1015 697 1070 id
720 1016 979 1083 temporis
1003 1029 1173 1084 prope
1203 1012 1442 1066 arridere
1469 1010 1771 1065 videbatur.
1801 1007 1871 1062 Αι
1891 1006 2243 1062 nihilominus
2346 1015 2621 1084 Baptismo
2649 1013 2921 1078 adessent,
2954 1011 3213 1066 infantem
3236 1011 3633 1065 oscularentnr.
3663 1009 3777 1065 Nam
3800 1028 3894 1070 cum

645 1125 706 1164 se
732 1108 800 1162 de
839 1108 932 1162 illa
979 1108 1279 1176 qtimstione
1331 1105 1398 1159 ad
1432 1115 1614 1174 patres
1646 1104 1941 1157 relaturum
1977 1100 2243 1172 pollicitus
2347 1109 2510 1164 Fidus
2539 1107 2829 1178 obiecisset
2858 1124 2870 1160 ;
2907 1125 2925 1158 ι
2962 1104 3260 1175 Vestigium
3286 1103 3505 1158 infantis
3538 1105 3588 1158 in
3610 1103 3783 1174 primis
3803 1121 3894 1176 ρπ-

645 1211 723 1256 est
745 1242 760 1267 ,
787 1200 947 1254 simul
975 1209 1138 1270 atque
1162 1197 1545 1269 Carthaginem
1572 1211 1629 1251 se
1657 1196 2064 1252 contulissent.t
2099 1193 2244 1260 Quo-
2353 1221 2371 1251 ι
2419 1211 2504 1255 ius
2534 1201 2613 1255 sui
2652 1200 2844 1254 diebus
2890 1195 3169 1254 constituti
3197 1196 3456 1252 mundum
3489 1211 3594 1251 non
3632 1213 3763 1261 esse,
3789 1199 3890 1268 quod

652 1313 673 1346 ‹
723 1297 864 1348 niam
891 1303 1095 1359 tamen,
1131 1293 1318 1363 inquit,
1358 1291 1670 1362 scripsistis,
1709 1301 1764 1345 ut
1821 1306 1942 1345 cum
2001 1288 2244 1359 pluribus
2353 1313 2372 1346 ε
2421 1293 3078 1363 unbsquisquenostrum
3111 1290 3287 1344 adhuc
3339 1289 3559 1344 horreat
3612 1292 3887 1355 exosculari;

652 1404 671 1436 ι
718 1385 941 1455 collegis
985 1384 1054 1437 de
1101 1383 1204 1437 hoc
1243 1384 1361 1453 ipso
1408 1383 1721 1452 plenissime
1769 1391 2017 1445 tractem,
2049 1389 2104 1436 et
2155 1394 2244 1436 res
2353 1405 2372 1438 ι
2419 1402 2683 1457 reposuere
2739 1395 2905 1455 patres
2964 1399 2983 1437 :
3032 1398 3100 1438 ne
3153 1382 3256 1437 hoc
3295 1382 3511 1451 quidem
3556 1382 3628 1435 ad
3677 1383 3890 1439 caelestem

651 1497 671 1529 ι
723 1488 866 1532 tanta
898 1478 1065 1547 exigit
1091 1478 1265 1545 majus
1300 1487 1354 1531 et
1391 1477 1689 1545 impensius
1722 1475 1788 1530 de
1819 1475 2108 1530 multorum
2132 1473 2242 1529 col-
2354 1499 2371 1530 ‹
2419 1478 2646 1550 gratiam
2670 1477 2901 1532 dandam
2927 1475 3316 1546 impedimento
3339 1488 3459 1529 esse
3479 1481 3748 1544 oportere.
3768 1474 3891 1545 Scrip

653 1591 672 1624 ε
721 1572 921 1625 latione
943 1571 1266 1634 consilium,
1299 1578 1357 1624 ct
1387 1585 1531 1624 nunc
1557 1584 1749 1623 omnes
1782 1568 1896 1622 fere
1943 1569 2083 1622 inter
2111 1567 2243 1622 Pas-
2353 1590 2371 1624 ι
2423 1579 2533 1626 tum
2562 1581 2646 1625 est
2691 1570 2857 1634 enim,
2883 1569 3055 1622 omnia
3101 1567 3294 1621 munda
3322 1566 3523 1619 mundis
3547 1565 3661 1637 (Ad
3689 1569 3754 1620 tit.
3781 1583 3817 1620 ι.
3853 1568 3888 1621 l.

651 1685 672 1717 ι
719 1665 834 1720 cita:
863 1665 1033 1734 prima
1063 1664 1323 1719 solemnia
1352 1663 1493 1734 apud
1523 1677 1585 1717 se
1614 1677 1735 1716 cum
1767 1661 2024 1717 fratribus
2059 1660 2244 1715 demo-
2353 1685 2372 1718 ι
2420 1683 2474 1724 n.
2513 1665 2623 1737 15).
2651 1663 2970 1733 Necaliquis
2996 1673 3242 1717 nostrum
3276 1659 3327 1716 id
3357 1659 3521 1716 debet
3558 1660 3772 1716 horrere
3789 1659 3888 1730 quod

651 1776 671 1808 ‹
719 1769 942 1824 rantur,
985 1756 1205 1826 quando
1235 1756 1563 1810 solemnitati
1589 1754 1928 1810 celebranda:
1951 1754 2091 1824 apud
2114 1767 2244 1808 suos
2354 1779 2373 1811 ‹
2421 1761 2561 1815 Deus
2593 1759 2842 1829 dignatus
2873 1767 2957 1812 est
2985 1757 3181 1811 facere.
3214 1753 3346 1809 Nam
3375 1754 3476 1808 etsi
3509 1753 3891 1809 adhuc‘infansa

653 1871 672 1902 ‹
726 1850 1106 1912 satisfecerint,
1139 1858 1194 1903 et
1219 1847 1285 1901 ad
1319 1863 1404 1901 me
1435 1848 1620 1901 venire
1645 1848 1949 1916 coeperint,
2007 1846 2248 1900 tractabo
2276 1843 2328 1905 Β
2362 1871 2379 1904 ι
2430 1864 2585 1922 parin
2617 1866 2791 1907 novus
2818 1859 2930 1914 est,
2958 1864 3065 1904 non
3100 1849 3168 1902 ita
3203 1855 3286 1902 est
3337 1858 3537 1910 tamen,
3571 1857 3632 1900 ut
3673 1849 3887 1915 quisquam

650 1961 669 1992 ι
719 1957 840 1994 cum
872 1940 1097 2009 singulis
1131 1939 1361 2008 plenius,
1396 1948 1452 1992 ut
1485 1940 1550 1992 de
1581 1951 1680 2006 eo,
1711 1937 1855 2007 quod
1893 1937 2245 1993 consuluistis
2358 1965 2377 1996 ‹
2427 1945 2642 1998 illumin
2667 1943 2836 2014 gratia
2859 1941 3032 1996 danda
3051 1951 3213 2010 atque
3238 1940 3288 1994 in
3314 1953 3448 2009 pace
3471 1937 3888 1993 faciendaltomre

720 2034 910 2104 ﬁgatur
938 2032 1078 2102 apud
1107 2048 1227 2097 ποί,
1280 2043 1335 2085 Cl
1374 2032 1703 2086 rescribam"
1745 2032 1896 2086 VODiS
1931 2032 2080 2085 ﬁrma
2115 2045 2245 2085 88η·-
2355 2058 2376 2090 ι
2424 2040 2618 2094 debeat
2642 2038 2899 2101 osculari,
2954 2035 3170 2106 quando
3201 2035 3254 2088 iu
3301 2035 3490 2088 osculo
3523 2033 3724 2088 infantis
3761 2047 3888 2087 unus-

723 2126 889 2180 tentia
945 2125 1239 2178 multorum
1271 2123 1614 2178 sacerdotum
1661 2123 1892 2177 consilio
1925 2122 2240 2192 ponderata.
2357 2151 2376 2184 ι
2424 2133 2648 2202 quisque
2666 2140 2907 2186 nostrum
2949 2143 3048 2200 pro
3083 2143 3177 2183 sua
3203 2127 3470 2198 religidne
3494 2127 3615 2196 ipsas
3634 2126 3785 2179 adhuc
3815 2139 3882 2179 re-

722 2220 785 2274 ν.
819 2219 955 2274 Huic
971 2219 1203 2274 concilio
1233 2218 1351 2271 idus
1377 2217 1532 2271 maiae
1557 2216 1772 2270 initium
1800 2216 2030 2270 attulere
2057 2214 2240 2287 (Cypr.

2358 2244 2375 2274 ι
2428 2237 2612 2282 centes
2631 2225 2724 2279 Dei
2743 2239 2934 2278 manus
2959 2222 3153 2277 debeat
3183 2221 3422 2291 cogitare
3443 2262 3458 2285 ,
3491 2234 3612 2289 quas
3633 2220 3678 2271 in
3703 2217 3879 2271 homine

649 2313 816 2385 Epist.
850 2311 983 2384 55),
1030 2313 1114 2367 cui
1171 2311 1459 2366 adfuerunt
1511 2310 1748 2379 episc0pi
1791 2309 2065 2377 sexaginta
2127 2321 2241 2361 sex.

2356 2337 2374 2368 ‹
2423 2317 2584 2372 modo
2613 2317 2842 2371 formato
2873 2324 2930 2371 et
2955 2329 3152 2370 recens
3181 2313 3420 2382 quodam
3451 2311 3615 2366 modo
3659 2311 3876 2365 exoscula-

646 2407 990 2462 (ionvocandi
1021 2415 1200 2459 autem
1235 2420 1339 2458 non
1370 2419 1474 2458 una
1503 2417 1666 2457 causa
1697 2403 1907 2455 fuerat:
1945 2415 2066 2453 nam
2101 2415 2242 2469 prae-
2357 2431 2376 2464 ε
2420 2427 2563 2478 mur,
2598 2411 2810 2481 quando
2857 2410 2907 2464 id
2938 2409 3080 2479 quod
3123 2408 3269 2464 {)eus
3318 2407 3467 2472 fecit,
3498 2407 3846 2476 ampjecumm,
3870 2421 3887 2454 ,

649 2511 730 2555 ter
747 2499 948 2569 superii
965 2498 1415 2562 controversiam,
1439 2511 1598 2566 quam
1617 2511 1683 2550 ex
1705 2493 1956 2565 Cypriani
1977 2493 2242 2548 sententia
2351 2505 2611 2561 Memorat
2634 2519 2778 2574 εωρθ
2805 2501 3050 2558 cal-"dem
3083 2501 3366 2570 epislojam
3404 2501 3740 2569 Augustinus,
3767 2496 3838 2567 qui
3856 2505 3896 2550 ei

648 2593 887 2663 synodus
916 2590 1200 2646 diremisse
1233 2591 1465 2659 putamla
1493 2597 1576 2644 est
1596 2629 1608 2652 ,
1641 2586 1834 2640 littera:
1861 2601 1890 2638 a
1916 2584 2051 2639 Fide
2080 2583 2244 2637 fratre

2351 2601 2468 2669 ejus
2491 2600 2807 2654 auctoritate
2835 2613 2962 2651 usus
2983 2606 3084 2662 est,
3113 2605 3172 2650 ut
3195 2606 3437 2650 veterem
3466 2594 3722 2650 Ecclesiae
3743 2589 3899 2645 doctri-

648 2695 908 2740 venerant
937 2683 1198 2737 adversus
1222 2681 1547 2750 T‘berapium
1573 2679 1832 2748 collegam
1853 2678 2026 2747 plena:
2047 2690 2244 2747 quere-

2351 2709 2473 2748 nam
2505 2693 2570 2748 dc
2599 2701 2822 2764 peccato
2850 2691 3098 2761 originali
3122 2699 3364 2744 tueretur
3385 2688 3586 2758 (Serm.
3617 2687 3731 2752 29L
3755 2683 3894 2750 ικὲῡ).

649 2779 845 2842 larum,
871 2775 1015 2847 quod
1045 2776 1090 2828 is
1114 2773 1316 2828 Victori
1340 2771 1611 2842 quondam
1653 2771 1999 2841 presbytero,
2035 2787 2053 2819 ι
2089 2777 2244 2822 ante—
2349 2786 2486 2841 Dum
2515 2785 2632 2840 hate
2649 2794 2824 2840 autem
2848 2785 2898 2838 in
2929 2784 3156 2838 concilio
3184 2791 3492 2854 agerentur,
3529 2781 3762 2836 Privatus
3777 2779 3902 2832 lam-

654 2890 672 2922 ‹
721 2886 880 2940 quam
905 2868 1277 2940 pmnitentiam
1302 2867 1517 2936 plenam
1539 2865 1766 2936 egisset,
1783 2876 1837 2919 et
1862 2865 2087 2917 Domino
2103 2863 2242 2930 ilco,

2352 2881 2650 2945 hcsitanus,
2691 2895 2849 2950 quem
2882 2879 3080 2948 smpius
3126 2889 3252 2932 ante
3299 2876 3622 2931 danmatum
3679 2873 3895 2933 diximus,

651 2985 672 3016 ‹
722 2968 772 3019 in
795 2980 953 3036 qucnt
977 2961 1699 3032 deliquerat,satisfecisset,
1729 2961 2018 3014 immaturo
2037 2970 2247 3028 'tempo-
2352 2983 2497 3027 [ama
2532 2973 2752 3028 audacia
2783 2973 2881 3026 [υίι
2909 2983 2966 3026 ιη
3017 2971 3212 3026 iterum
3262 2970 3326 3023 ad
3385 2969 3674 3024 concilium
3714 2966 3909 3036 aspir,”

656 3077 672 3108 ε
725 3075 783 3112 re
799 3071 855 3112 et
867 3071 1215 3127 .pra-pi-Opera
1246 3055 1587 3109 festi-natione
1607 3067 1795 3124 pacem
1819 3051 2054 3107 dedisset
2078 3050 2246 3124 (Idem

2353 3083 2458 3120 non
2483 3067 2758 3135 dubitarit,
2786 3082 2885 3121 nec
2907 3067 3075 3133 solus,
3108 3065 3200 3121 scd
3219 3064 3516 3136 gregalium
3542 3079 3749 3120 suorum
3771 3061 3904 3129 stipa-

654 3171 671 3202 ι
723 3153 889 3221 Epist.
922 3150 1038 3223 59).
1073 3171 1090 3202 ›
1122 3151 1340 3213 Litteris
1367 3160 1545 3204 autem
1575 3149 1626 3202 in
1665 3147 1897 3202 conci-lio
1951 3146 2204 3216 perlectis
2227 3191 2240 3212 ,

2351 3167 2438 3213 tus
2461 3175 2640 3213 manu.
2675 3159 2948 3214 Resistere
2995 3169 3172 3213 tamen
3215 3155 3476 3228 episcopi,
3511 3170 3610 3212 nec
3632 3168 3911 3221 quemquam

647 3245 921 3315 displicuit
951 3245 1220 3310 Patribus,
1261 3262 1279 3293 ι
1338 3257 1615 3297 recessum
1670 3256 1792 3295 esse
1819 3257 1846 3294 a
1889 3240 2097 3295 decreti
2122 3255 2252 3294 auc-

2279 3235 2328 3302 C
2361 3251 2751 3308 admittendum
2771 3262 3118 3307 censuerunt.
3146 3250 3412 3305 Absoluto
3442 3250 3650 3304 demum
3676 3246 3909 3306 concilio,

651 3357 672 3388 π
725 3339 961 3403 toritate,
993 3347 1198 3391 utante
1223 3337 1517 3406 legitimum
1543 3345 1600 3390 et
1617 3336 1835 3404 plenum
1857 3345 2070 3403 tempus
2101 3335 2255 3388 satis—
2354 3347 2639 3416 scripsisse
2687 3345 2999 3419 Cyprianus
3045 3345 3259 3400 νίάριιιτ
3307 3345 3548 3415 Epicteto
3595 3343 3832 3411 episcopo
3868 3348 3917 3393 ει

649 3450 670 3481 ‹
720 3430 987 3496 factionis,
1011 3440 1072 3484 et
1102 3430 1218 3483 sine
1248 3427 1415 3498 petitu
1438 3439 1489 3481 ct
1516 3428 1843 3482 conscientia
1874 3427 2076 3497 plebis,
2101 3428 2248 3482 nulla
2355 3439 2553 3510 ρορυιο
2587 3440 2906 3493 Assurimno
2932 3437 3125 3509 (Epist,
3149 3436 3272 3506 64),
3299 3447 3358 3490 ut
3379 3427 3907 3498 «Fortunatianum,qui

655 3543 670 3572 ι
721 3522 1030 3575 infirmitate
1088 3531 1336 3591 urgente,
1388 3535 1450 3574 ac
1482 3519 1807 3575 necessitate
1856 3529 2100 3590 cogente,
2145 3534 2246 3589 pax

2347 3531 2459 3599 jam
2490 3529 2902 3586 sacriﬁcationis
2946 3529 3125 3599 impiae
3181 3543 3342 3583 causa
3375 3528 3600 3599 dejectus
3626 3521 3924 3595 pontificatu

649 3635 672 3668 ι
719 3618 766 3672 ei
791 3615 1198 3671 concederetur.
1221 3633 1239 3667 ι
1279 3616 1345 3669 Ει
1367 3613 2063 3684 poteratTherapiusfacile
2095 3615 2162 3670 de
2184 3629 2246 3670 ea
2355 3625 2615 3681 honorem
2648 3639 2908 3694 usurpare
2936 3623 3191 3685 audebat.
3226 3631 3544 3677 constanter
3587 3616 3922 3688 repudiarent.

647 3728 707 3767 re
731 3711 1062 3783 Cyprianum
1087 3710 1406 3765 consulere:
1437 3718 1552 3763 erat
1579 3709 2013 3764 enim'Bullcnsis
2039 3709 2246 3779 episco-
2360 3736 2378 3768 ι
2426 3718 2576 3786 Quae,
2607 3719 2799 3788 inquit,
2828 3733 2916 3772 res
2943 3716 3306 3771 conm-istam
3357 3729 3482 3781 me,
3523 3713 3695 3782 primo
3735 3713 3929 3781 propter

650 3821 749 3878 pus
779 3807 828 3859 in
861 3805 1132 3875 provincia
1161 3802 1556 3874 proconsulari.
1589 3799 1856 3856 Caeterum
1889 3802 2068 3856 acerbi
2113 3800 2246 3855 nihil
2360 3829 2379 3863 ι
2428 3811 2622 3880 ipsum,
2656 3811 2744 3880 qui
2767 3810 2929 3864 miser
2966 3809 3048 3863 vel
3077 3807 3275 3862 diaboli
3305 3805 3547 3861 tenebris
3576 3806 3627 3858 in
3661 3813 3824 3857 totum
3851 3814 3930 3852 cx-

649 3909 970 3954 contraeum
995 3898 1424 3952 sancitumest.«
1457 3895 1698 3960 Librato,
1720 3895 1900 3963 inquit
1923 3894 2245 3966 Cypria-nus,
2361 3923 2380 3955 ε
2427 3911 2691 3968 emeatus,
2747 3901 2831 3956 vel
2883 3900 3239 3971 quorumdam
3285 3899 3553 3968 sacrilega
3607 3893 3940 3967 persuasione

656 4012 673 4042 ‹
720 3990 859 4062 apud
876 4005 973 4045 nos
990 3989 1339 4054 diuconsilio,
1359 3987 1492 4042 satis
1509 3984 2246 4056 fuitobjurgare'l‘berapium
2361 4015 2380 4049 ι
2429 3997 2707 4066 deceptus,
2740 4009 2861 4049 cum
2892 3993 3086 4048 debeat
3148 3993 3465 4047 satisfacere
3486 4001 3540 4046 ei
3586 3991 3654 4044 ad
3681 3987 3940 4042 Dominum

655 4104 675 4134 ‹
713 4084 983 4153 collegam
1034 4090 1301 4146 nostrum.
1356 4079 1497 4151 quod
1542 4088 1746 4134 ῑθιηθνθ
1780 4077 1882 4132 hoc
1911 4077 2098 4133 fecerit
2121 4121 2135 4145 .
2194 4087 2250 4132 εἴ
2355 4107 2382 4140 ί
2429 4086 2760 4143 exorandum
2792 4085 2984 4141 diebus
3012 4099 3075 4139 ac
3103 4084 3351 4140 noctibus
3383 4084 3647 4154 lacrymis
3692 4090 3750 4137 et
3774 4077 3947 4135 oratio-

655 4199 671 4228 ι
724 4177 1075 4243 instruxisse,
1127 4191 1194 4231 ne
1223 4175 1349 4246 quid
1383 4175 1488 4229 tale
1531 4173 1598 4228 de
1626 4181 1822 4228 extero
1851 4170 2253 4227 faciat.‘Pacem
2369 4198 2390 4232 ‹
2438 4180 2594 4233 nibus
2621 4188 2678 4234 et
2713 4176 2980 4248 praecibus
3003 4177 3332 4241 incumbere,
3363 4176 3526 4231 audet
3551 4176 3658 4231 sibi
3685 4174 3856 4229 adhuc
3880 4183 3950 4223 sa-

654 4290 671 4320 ‹
709 4267 1170 4338 tamenquontodo
1188 4264 1753 4336 cuinqucasacerdote
1772 4263 1863 4318 Dei
1886 4263 2254 4318 semel-datam
2367 4289 2388 4322 ‹
2435 4270 2766 4332 cei-donum,
2798 4269 2940 4339 quod
2968 4268 3235 4339 prodidit,
3279 4268 3597 4333 vindicare,
3642 4266 3805 4338 quasi
3849 4268 3955 4334 ψει

654 4381 671 4412 ι
702 4375 817 4416 non
840 4360 1146 4430 putavimus
1163 4359 1610 4421 nulcrendam.ac
1634 4371 1731 4426 per
1755 4356 1854 4409 hoc
1875 4354 2076 4409 Victori
2099 4371 2252 4410 com-
2368 4384 2387 4416 ‹
2435 4380 2556 4419 aras
2589 4363 2787 4419 diaboli
2808 4363 3067 4419 accedere
3106 4363 3172 4418 ad
3203 4363 3373 4418 altera
3399 4363 3492 4416 Dei
3524 4361 3729 4427 fassit;
3765 4369 3955 4414 autne!

654 4475 673 4507 ‹
708 4455 1129 4510 municationem
1147 4453 1247 4507 sibi
1268 4465 1583 4506 concessam
1604 4463 1866 4518 usurpare
1887 4449 2248 4517 permisimus.
2357 4477 2386 4510 -‹
2436 4457 2697 4526 majorem
2731 4457 2783 4511 in
2816 4472 2876 4511 se
2921 4455 3057 4510 iram
3095 4464 3151 4511 et
3191 4455 3624 4524 indignationem
3675 4453 3894 4509 Domini
3915 4451 3960 4502 in

720 4549 806 4602 Vl.
841 4545 1052 4601 Exinde
1097 4544 1215 4600 Fidi
1247 4543 1493 4614 ejusdem
1545 4542 1614 4598 de
1637 4541 1925 4610 ‘Baptismo
1971 4540 2317 4621 infantium_

2365 4571 2384 4604 ‹
2431 4550 2521 4606 die
2565 4550 2748 4621 judicii
2777 4561 3059 4620 provocet,
3089 4549 3325 4618 quicum
3353 4547 3471 4602 fidei
3516 4556 3569 4603 et
3615 4545 3961 4616 virtutisdux

647 4643 912 4697 sententia
943 4640 1214 4711 proposita
1246 4648 1348 4702 est,
1394 4637 1773 4698 existimantis,
1813 4653 1830 4686 ι
1865 4633 2015 4689 'lntra
2057 4651 2250 4691 secun-—
2272 4613 2328 4674 D
2355 4664 2380 4696 κ
2429 4643 2685 4698 fratribus
2715 4657 2836 4696 esse
2857 4658 2961 4696 non
2991 4641 3251 4711 potuerit,
3281 4639 3518 4710 perfidiae
3543 4649 3607 4694 et
3649 4640 3902 4698 audaciae.
3924 4647 3968 4690 et

655 4755 674 4788 ‹
720 4733 847 4788 dum
878 4735 961 4789 vel
1005 4733 1220 4788 tertium
1247 4731 1420 4798 diem,
1465 4745 1576 4802 quo
1607 4729 1716 4783 nati
1747 4729 1878 4790 sint,
1927 4732 2250 4786 constitutos
2361 4753 2380 4786 ‹
2431 4733 2746 4789 temeritatis
2773 4733 3029 4803 magister
3059 4731 3274 4786 existat.
3314 4750 3332 4783 ι
3362 4731 3498 4785 Tum
3527 4746 3676 4800 quae
3729 4741 3971 4801 praestare

653 4847 672 4878 ε
721 4828 980 4898 baptizari
1011 4844 1119 4883 non
1149 4837 1424 4898 oportere,
1455 4837 1508 4881 et
1533 4826 1983 4881 considerandam
2013 4839 2132 4882 esse
2165 4825 2245 4881 le~
2354 4829 2486 4900 ipsis
2513 4828 2777 4884 deberent
2814 4843 3092 4896 exponens
3115 4869 3128 4892 ,
3159 4825 3328 4880 addit.
3375 4843 3394 4876 α
3423 4823 3580 4892 Quod
3625 4828 3681 4881 si
3721 4825 3978 4882 Fortuna-

653 4938 673 4971 ‹
719 4935 839 4991 gem
891 4921 1323 4976 circumcisionis
1358 4919 1635 4989 antiqute,
1692 4929 1751 4974 ut
1801 4919 1938 4974 intra
1996 4927 2244 4974 octavum
2360 4941 2379 4974 ι
2429 4923 2605 4975 tianus
2633 4929 2725 4975 aut
2774 4921 3059 4975 immemor
3087 4919 3329 4973 criminis
3350 4919 3462 4972 suis
3491 4934 3595 4986 per
3626 4921 3860 4974 diaboli
3895 4933 3985 4972 cr

652 5034 671 5066 ι
721 5016 1036 5082 (Ιὶαπιιθιιιη,
1070 5015 1160 5085 qui
1195 5024 1353 5070 natus
1384 5024 1484 5081 est,
1537 5012 1916 5082 baptizandum
1949 5023 2001 5068 ct
2039 5013 2244 5068 sancti-
2359 5033 2378 5065 ‹
2426 5024 2621 5079 catem,
2675 5022 2768 5067 aut
2794 5012 3041 5067 minister
3083 5020 3135 5065 cl
3171 5025 3362 5066 servus
3421 5009 3635 5066 diaboli
3704 5013 3894 5067 factus
3933 5005 3984 5059 δέ

652 5128 670 5160 ι
719 5109 1119 5164 Ιίρῖιιιᾱιιιη-ηοη
1156 5117 1385 5177 putaret.
1425 5125 1444 5158 ι
1472 5105 1579 5161 Sed
1621 5106 1672 5160 in
1725 5106 1816 5160 illo
1866 5107 2246 5177 episc0porum
2362 5126 2383 5159 ι
2430 5105 2801 5175 decipiendam
2833 5104 3223 5159 fraternitatem
3255 5104 3311 5157 in
3360 5103 3465 5155 hoc
3490 5116 3594 5155 suo
3633 5103 3856 5159 furore
3883 5117 3987 5173 per-

647 5217 915 5260 conventu
945 5220 1105 5259 nemo
1136 5204 1254 5270 fuit,
1277 5204 1626 5273 qui'veterem
1655 5205 2090 5259 circumcisionis
2113 5219 2249 5257 eon-
2363 5220 2383 5253 ‹
2431 5200 2706 5262 manserit,
2742 5213 2837 5252 vos
2869 5206 3130 5268 quantum
3162 5195 3387 5266 potestis
3431 5195 3789 5264 elaborate,
3852 5206 3908 5251 et
3949 5192 3989 5244 it

648 5298 986 5353 suetudinem
1012 5297 1062 5351 in
1083 5297 1342 5367 Baptismi
1370 5296 1562 5351 diebus
1576 5297 1924 5366 designandis
1947 5297 2128 5351 valere
2153 5296 2250 5350 ali-
2365 5312 2383 5345 ‹
2431 5292 2530 5346 hac
2553 5291 2779 5361 caligine
2799 5287 3289 5367 diabolismvientis
3311 5285 3533 5340 fratrum
3563 5291 3814 5344 mentis
3840 5288 3911 5342 ab
3927 5303 3996 5339 ero

648 5394 772 5463 quid
797 5402 888 5447 aut
911 5391 1272 5462 praescribere
1304 5405 1464 5461 posse
1489 5389 1866 5456 existimaret,
1925 5390 2247 5460 rescriptum
2365 5408 2383 5440 ι
2429 5402 2556 5442 rore
2582 5394 2851 5450 revocate,
2873 5364 2949 5438 ne
2977 5385 3169 5438 alienae
3199 5383 3485 5438 dementiae
3517 5380 3712 5439 facile
3777 5397 3994 5440 consce-

649 5501 751 5555 que
775 5485 907 5539 Fido
939 5494 1022 5539 ρει
1049 5484 1264 5540 concilii
1296 5485 1514 5538 nomine
1542 5502 1554 5538 :
1589 5502 1608 5534 (
1649 5483 1776 5537 llaec
1806 5483 1906 5537 fuit
1934 5483 1986 5536 in
2015 5483 2250 5538 concilio
2363 5499 2382 5531 «
2433 5481 2584 5543 tiant,
2641 5494 2709 5532 ne
2739 5491 2799 5532 se
2833 5475 3240 5546 desperatorum
3284 5475 3490 5530 delictis
3546 5479 3903 5547 participes
3947 5483 4004 5526 ta-

657 5599 674 5631 (
721 5587 902 5632 nostra
931 5581 1220 5642 sententia,
1263 5592 1293 5630 a
1321 5577 1600 5647 Baptismo
1645 5584 1808 5646 atque
1836 5589 1863 5629 a
1889 5575 2060 5646 gratia
2114 5575 2247 5640 Dei,
2367 5594 2383 5625 ι
2432 5573 2595 5636 ciant,
2622 5569 2715 5624 sed
2742 5570 3201 5639 teneantintegris
3217 5569 3532 5623 salutissute
3557 5578 3618 5620 et
3656 5568 4000 5642 integritati:

658 5691 676 5719 ι
722 5673 812 5739 qui
851 5660 1102 5724 omnibus
1131 5671 1442 5725 misericors
1473 5679 1527 5724 et
1552 5670 1817 5740 benignus
1869 5678 1926 5724 et
1946 5671 2074 5739 pius
2133 5679 2250 5736 est,
2367 5684 2384 5718 ε
2431 5675 2763 5721 conservata;
2784 5680 2815 5718 a
2845 5679 2903 5720 se
2929 5675 2980 5719 ct
3006 5662 3288 5718 custaditze
3308 5672 3648 5732 perpetuum
3679 5673 4008 5720 teucrum

661 5777 677 5804 ‹
729 5760 994 5810 neminem
1041 5775 1135 5825 per
1180 5774 1278 5812 nos
1332 5759 1529 5813 debere
1577 5759 1873 5828 prohiberi.
1926 5759 2078 5826 Quod
2129 5774 2252 5814 cum
2359 5760 2492 5827 Quia
2539 5774 2667 5814 vero
2689 5759 2960 5828 lapsorum
2991 5758 3151 5813 etiam
3185 5771 3410 5826 magnus
3449 5754 3676 5826 ubique
3752 5765 4010 5815 numen!

665 5858 683 5892 ι
731 5843 872 5894 circa
897 5846 1172 5901 universos
1193 5848 1585 5902 observandum
1605 5851 1848 5919 sitatque
1884 5851 2250 5918 retinendum,
2361 5860 2501 5920 erat,
2529 5867 2623 5907 sua
2651 5851 2733 5907 his
2761 5866 2974 5923 quoque
2995 5849 3197 5907 monita
3245 5849 3451 5905 tradere
3501 5847 3740 5908 voluit.
3785 5874 3808 5906 σ
3855 5855 4008 5922 mihi
