4208 6276
247 343 250 346 ,
326 273 466 331 1445

1590 275 1942 335 EtZCLESlAE‘.
1975 265 2369 334 armum/3.

3491 277 3631 335 H46

329 412 348 444 ε
395 406 524 446 vero
551 390 721 462 inquit
747 388 1166 459 magnitudinem
1197 390 1376 447 delicti
1428 393 1509 448 sui
1539 404 1926 462 cognoscentes
1954 397 2007 454 Α
2106 391 2237 446 Vill.
2261 390 2331 446 Ut
2352 391 2576 445 Romam
2601 389 2974 446 Felicissimus
3001 404 3122 446 cum
3152 389 3354 462 aliquot
3381 390 3629 448 factionis

329 503 346 535 «
395 482 736 552 deprecando
770 482 997 536 Domino
1029 499 1133 536 non
1180 483 1457 550 recedant,
1495 501 1593 538 ncc
1626 485 1923 539 Ecclesiam

332 598 350 629 ‹
397 577 737 640 catholicam,
771 593 892 646 qure
927 591 1030 630 una
1057 586 1109 630 et
1133 565 1245 630 sola
1272 589 1372 643 εει,
1408 594 1436 632 a
1462 579 1690 634 Domino
1725 581 1927 633 consti~

331 689 348 720 ε
401 679 507 724 tuta
543 669 954 737 derelinquant;
983 669 1075 722 sed
1100 668 1555 725 satisfactionibus
1578 673 1925 728 immorantes

329 780 347 812 ι
395 771 447 816 et
473 761 681 814 Domini
708 759 1140 814 misericordiam
1165 761 1520 830 deprecantes
1541 762 1606 816 ad
1629 763 1924 819 Ecclesiam

327 874 346 905 ς
393 855 637 922 pulsent.
668 863 728 908 ut
755 854 921 921 recipi
957 853 1066 908 illic
1100 854 1339 923 possint,
1373 854 1460 908 ubi
1491 854 1725 922 fuerant,
1759 869 1811 911 et
1857 858 1924 912 ad

328 964 344 998 ‹
389 944 662 1000 Christum
696 945 944 1008 redeant,
979 961 1008 999 a
1042 962 1147 1016 quo
1173 957 1537 1001 recesserunt.
1587 968 1604 999 ι

396 1037 502 1091 Vll.
537 1036 793 1107 Episcopi
827 1043 1031 1092 interea
1063 1039 1128 1093 ad
1167 1039 1424 1095 ecclesias
1456 1055 1581 1095 suas
1617 1041 1921 1096 redieram:

318 1129 416 1185 sed
467 1129 736 1197 i’rivatus,
777 1131 1061 1185 haereticus
1090 1174 1102 1196 ,
1137 1142 1186 1187 et
1225 1142 1333 1187 tota
1387 1133 1707 1188 Felicissimi
1765 1134 1924 1189 factio

319 1223 634 1295 Carthagini
664 1223 973 1279 incubabat.
1009 1223 1085 1280 Ibi
1120 1227 1412 1296 repulsam,
1447 1241 1603 1297 quam
1636 1244 1664 1282 a
1695 1229 1924 1284 concilio

324 1317 597 1384 tulerant,
655 1317 816 1371 nlturi
844 1361 859 1383 ,
914 1320 1226 1388 episcopum
1268 1335 1297 1374 e
1337 1331 1480 1376 sec-ta
1520 1335 1612 1374 sua
1655 1320 1924 1392 Cypriane

319 1410 716 1477 opponunt:is
767 1409 863 1463 fuit
916 1409 1281 1480 Fortunatus,
1335 1427 1365 1467 e
1417 1427 1643 1467 numero
1690 1415 1924 1484 quinque

321 1502 761 1572 presbyterorum
782 1545 795 1567 ,
826 1518 964 1573 quos
995 1503 1294 1574 Cyprianus
1320 1505 1429 1575 jam
1461 1506 1550 1560 diu
1583 1505 1923 1563 adversarios

319 1591 590 1661 habebat,
634 1597 722 1666 qui
766 1612 877 1651 rem
917 1596 1174 1652 Cornelio
1203 1600 1281 1653 sic
1315 1608 1495 1653 narrat
1531 1599 1736 1670 (Epist.
1775 1600 1918 1672 55):

324 1707 343 1738 ε
377 1687 647 1754 Venerat,
689 1689 890 1758 inquit,
942 1705 1063 1744 cum
1112 1689 1330 1745 Privato
1371 1703 1423 1746 et
1463 1692 1616 1748 Felix
1663 1691 1916 1762 quidam,

2030 484 2394 552 antesignanis
2428 483 2707 552 pervenit,
2743 497 3067 552 quamquam
3098 493 3269 536 semet
3293 483 3402 552 jam
3436 498 3463 536 a
3495 483 3629 536 Cor-

2032 575 2174 630 nelio
2207 576 2437 645 reiectus
2467 576 2674 642 fuerat,
2709 576 2938 630 instabat
2973 587 3152 629 tamen
3197 591 3292 644 pro
3332 575 3629 630 Fortunato

2030 682 2150 731 suo,
2177 665 2306 720 falsa
2335 667 2501 721 multa
2530 675 2714 721 contra
2741 665 3072 738 Cyprianum
3103 667 3154 720 in
3187 666 3377 738 vulgus
3409 682 3629 738 sparge-

2030 759 2140 826 bat,
2173 770 2373 815 metmn
2400 760 2654 814 Cornelio
2680 761 2925 814 incutere
2950 759 3266 824 conabatur,
3297 769 3358 814 ut
3385 761 3630 816 Ecclesia

2029 852 2267 905 Itot‘nana
2301 862 2462 907 seetse
2496 867 2606 906 sua:
2637 853 2998 921 patrocinium
3044 852 3363 921 susciperet.
3398 850 3630 921 Fuitque

2027 943 2291 997 vi~cillius
2311 951 2456 997 tanta
2476 951 2528 996 et
2551 953 2656 997 tam
2676 943 2968 998 vehemens
2990 944 3157 1006 furor,
3181 953 3236 997 ut
3253 944 3487 999 Cornelii
3512 945 3629 998 ani-

2029 1051 2175 1090 mum
2206 1050 2376 1106 prope
2403 1035 2732 1091 labefaceret
2759 1053 2773 1100 ;
2807 1036 2977 1104 Quem
3009 1047 3295 1106 propterea
3324 1035 3629 1108 Cyprianus

2026 1130 2251 1200 epistola
2279 1132 2602 1185 conﬁrmare
2627 1145 2907 1201 aggressus
2934 1139 3034 1185 est.
3064 1149 3081 1179 ι
3107 1129 3213 1185 Sed
3229 1131 3393 1198 enim,
3419 1133 3625 1201 inquit,

2037 1247 2054 1279 (
2087 1229 2224 1282 lecta
2262 1235 2349 1282 tua
2381 1229 2484 1282 alia
2516 1227 2773 1298 cpistola,
2806 1227 2991 1294 frater,
3026 1243 3185 1298 quam
3215 1229 3402 1296 primis
3434 1229 3628 1283 litteris

2034 1340 2052 1372 ‹
2087 1321 2409 1392 subiunxiin
2431 1365 2445 1387 ,
2476 1322 2608 1376 satis
2637 1322 2858 1376 miratus
2889 1337 3005 1376 smn
3025 1363 3038 1382 ,
3069 1338 3190 1376 cum
3220 1323 3630 1378 animadvertis-

2034 1435 2050 1466 ι
2088 1433 2233 1482 sem,
2274 1427 2324 1471 te
2357 1416 2520 1470 minis
2550 1427 2710 1486 atque
2743 1417 3038 1470 terroribus
3071 1430 3256 1472 eorum
3282 1457 3296 1481 ,
3331 1415 3424 1488 qui
3461 1431 3627 1471 vene—

2033 1527 2051 1559 ‹
2086 1519 2222 1575 rant,
2239 1509 2568 1578 aliquantum
2588 1523 2706 1563 esse
2725 1519 3073 1574 commotum,
3097 1523 3217 1563 cum
3237 1517 3312 1572 te,
3331 1509 3627 1564 secundum

2032 1618 2050 1651 ‹
2084 1601 2224 1670 quod
2254 1601 2541 1669 scripsisti,
2570 1602 2808 1671 aggressi
2839 1611 3040 1667 essent,
3064 1617 3182 1655 cum
3212 1596 3420 1656 summa
3443 1601 3630 1672 despe-

2033 1714 2050 1746 ι
2090 1697 2294 1749 ratione
2326 1695 2721 1749 comminantes
2743 1735 2756 1756 ,
2793 1695 2934 1763 quod
2967 1695 3013 1748 si
3041 1695 3282 1762 litteras,
3317 1710 3450 1765 quas
3481 1704 3625 1750 attu-

323 1799 342 1831 ι
377 1797 539 1850 quem
575 1783 688 1851 ipse
718 1792 868 1836 extra
906 1782 1201 1838 Ecclesiam
1247 1785 1296 1838 in
1339 1783 1531 1840 haeresi
1587 1786 1908 1856 pseudoepi-
1942 1788 1990 1849 B
2026 1807 2042 1839 ‹
2077 1788 2282 1852 lerant,
2323 1803 2427 1841 non
2471 1789 2807 1858 accepisses,
2843 1788 3054 1856 publice
3112 1803 3204 1842 eas
3243 1790 3536 1844 recitarent
3575 1798 3629 1845 et

321 1892 341 1924 ι
376 1890 599 1945 scopum
641 1875 768 1930 olim
792 1877 1168 1942 constituerat,
1211 1878 1304 1931 sed
1345 1885 1400 1932 et
1442 1861 1670 1933 Iovinus,
1710 1892 1763 1934 et
1813 1879 1920 1932 Ma-

323 1988 341 2020 ι
377 1971 553 2025 ximus
575 1970 800 2024 comites
830 1986 952 2024 cum
978 1971 1212 2035 Privato,
1241 1971 1466 2040 probato
1508 1971 1786 2041 ineretico,
1829 1972 1923 2027 ad-

324 2083 342 2116 σ
377 2062 593 2119 fuerunt
653 2065 722 2118 ob
771 2063 1004 2118 nefanda
1080 2064 1342 2118 sacriﬁcia
1388 2073 1442 2118 et
1487 2065 1709 2119 crimina
1761 2067 1812 2119 in
1864 2081 1922 2120 se

321 2176 339 2209 ε
375 2158 629 2227 probata;
661 2157 930 2211 sententia
961 2172 1154 2211 novem
1185 2158 1562 2225 cpisc0porum
1592 2155 1920 2227 collegarum

319 2268 339 2302 ι
375 2261 682 2305 nostrorum
724 2253 1100 2316 condemnati,
1129 2261 1182 2307 et
1223 2252 1418 2305 iterato
1453 2268 1666 2321 quoque
1696 2268 1722 2305 a
1756 2252 1924 2322 pluri-

321 2361 339 2394 ι
377 2342 476 2397 bus
520 2343 674 2397 nobis
722 2359 864 2398 anno
913 2345 1092 2414 priore
1134 2347 1184 2398 in
1225 2345 1453 2399 concilio
1495 2346 1745 2399 abstenti.
1791 2344 1920 2398 Cum

322 2455 340 2486 ε
379 2435 464 2490 his
494 2447 668 2491 autem
701 2446 934 2506 quatuor
959 2438 1174 2506 junctus
1209 2449 1289 2492 est
1319 2447 1371 2492 et
1404 2437 1676 2505 Repostns
1705 2435 1921 2489 Tubur-

320 2547 338 2580 ι
378 2531 647 2596 niceosis,
679 2531 768 2600 qui
801 2547 905 2584 non
939 2541 1146 2585 tantum
1191 2532 1240 2585 in
1283 2531 1660 2599 persecutione
1689 2531 1802 2599 ipse
1835 2544 1922 2584 ce-

321 2640 338 2673 r
377 2623 536 2684 cidit,
581 2623 674 2677 sed
723 2633 776 2678 et
817 2624 1102 2678 maximam
1149 2633 1352 2694 partem
1399 2618 1568 2692 plebis
1599 2639 1710 2678 suae
1757 2622 1924 2677 sacri-

321 2732 338 2766 ι
375 2715 486 2785 lcga
531 2718 883 2785 persuasione
925 2716 1248 2782 dejecit.‘;lli
1291 2717 1526 2786 quinque
1568 2731 1695 2771 cum
1737 2716 1923 2785 paucis

319 2824 338 2857 ‹
370 2808 452 2862 vel
494 2809 812 2862 sacriﬁcatis
851 2809 936 2863 vel
981 2809 1119 2864 male
1149 2808 1250 2862 sibi
1292 2810 1524 2864 consciis
1563 2809 1919 2862 Fortunatum

318 2917 337 2948 ‹
373 2900 472 2954 sibi
501 2901 1023 2971 pseudoepiscopum
1054 2908 1398 2970 coeptarunt,
1430 2908 1488 2954 ut
1517 2899 1834 2954 criminibus
1865 2899 1919 2954 in

317 3011 337 3043 ι
369 3009 533 3046 unum
586 2995 1034 3048 convenientibus
1081 2994 1202 3048 talis
1247 3002 1392 3048 esset
1444 2993 1656 3047 scilicet
1699 3001 1912 3057 rector,

317 3103 334 3136 ι
372 3085 559 3155 quales
582 3086 657 3137 illi
681 3087 769 3154 qui
795 3095 1073 3154 reguntur.
1089 3104 1108 3136 ›
1131 3085 1396 3140 Czrterum
1418 3084 1579 3139 factio
1602 3095 1726 3138 ante
1748 3084 1918 3151 jacta-

2034 1900 2053 1933 ι
2090 1883 2251 1935 multa
2286 1882 2456 1951 turpia
2490 1895 2550 1934 ac
2584 1879 2847 1950 probrosa
2881 1889 2932 1932 et
2963 1894 3059 1934 ore
3089 1895 3186 1934 suo
3217 1879 3372 1950 digna
3413 1879 3626 1949 profer-

2034 1992 2051 2023 ι
2088 1984 2226 2027 rent.
2257 1992 2275 2023 ›
2295 1971 2420 2026 Post
2446 1989 2565 2042 quae
2593 1971 2817 2041 pulchre
2843 1971 3130 2026 admodum
3155 1971 3223 2026 de
3249 1972 3626 2042 episcoporum

2028 2065 2221 2120 officiis
2263 2065 2428 2119 multa
2469 2065 2716 2129 disserit,
2753 2074 2807 2120 et
2836 2081 2894 2119 se
2937 2065 3182 2121 factionis
3212 2067 3352 2120 illius
3381 2076 3625 2135 apertum

2028 2169 2459 2229 contemptorem
2483 2159 2780 2228 proﬁtetur.
2809 2177 2828 2208 ‹
2854 2159 2982 2226 Qute
3003 2201 3017 2225 ,
3052 2160 3223 2229 inquit
3261 2159 3424 2229 (ibid.
3455 2157 3625 2230 Epist.

2035 2271 2053 2303 ε
2092 2250 2229 2322 55),
2263 2253 2344 2305 sui
2375 2251 2540 2305 elatio
2571 2260 2681 2316 est,
2714 2267 2832 2320 qure
2863 2253 3305 2306 comminantium
3337 2261 3546 2308 tumens
3575 2261 3631 2307 et

2035 2364 2053 2395 ‹
2091 2343 2271 2399 inﬂata
2313 2355 2365 2399 et
2397 2361 2529 2398 vana
2558 2345 2811 2412 jactatio,
2845 2346 2953 2399 illic
2992 2345 3201 2400 absenti
3242 2347 3463 2412 tninari,
3505 2361 3628 2402 cum

2035 2456 2052 2486 ε
2093 2439 2178 2491 hic
2208 2454 2292 2492 me
2319 2437 2551 2492 habeant
2593 2438 2643 2490 in
2689 2446 2952 2507 potestate
2983 2439 3331 2506 prcsentem?
3371 2438 3628 2493 Convicia

2035 2547 2052 2578 ‹
2089 2546 2274 2584 cormn
2306 2531 2501 2598 quibus
2533 2544 2589 2583 se
2618 2539 2672 2583 et
2702 2531 2860 2582 vitam
2893 2543 3044 2582 suam
3076 2529 3316 2599 quotidie
3359 2530 3622 2598 lacerant,

2035 2640 2052 2673 ι
2091 2639 2195 2676 non
2243 2623 2528 2686 timemus;
2574 2622 2739 2676 fustes
2780 2633 2830 2676 et
2877 2623 3080 2692 lapides
3121 2633 3174 2677 et
3213 2622 3450 2694 gladios,
3492 2638 3630 2692 quos

2035 2735 2052 2766 ‹
2091 2716 2271 2770 verbis
2318 2717 2727 2786 parricidalibus
2771 2715 3050 2785 jactitant,
3103 2731 3206 2769 non
3258 2698 3629 2783 perhorresci-

2033 2826 2051 2858 ‹
2087 2825 2227 2862 nms.
2258 2831 2274 2859 ο
2310 2807 2518 2862 Exinde
2559 2807 2871 2874 Cornelius,
2906 2808 2950 2861 si
2983 2809 3117 2860 forte
3147 2806 3542 2861 Felicissimom
3574 2814 3630 2861 et

2026 2902 2266 2972 reliquos
2318 2903 2592 2957 Fortunati
2648 2901 2850 2971 legatos
2903 2900 3264 2966 subtimebat,
3317 2898 3472 2954 lectis
3518 2898 3628 2970 Cy~

2025 2996 2194 3065 priani
2241 2997 2460 3062 litteris,
2509 3007 2559 3049 ct
2602 2995 2748 3049 clero
2791 3011 3003 3066 quoque
3043 2995 3300 3076 audiente
3347 2994 3624 3060 recitatis,

2026 3102 2214 3141 omnes
2243 3103 2426 3141 eorum
2458 3095 2682 3141 conatus
2707 3087 2973 3142 retudisse
3004 3085 3268 3158 putandus
3297 3095 3400 3142 est.
3433 3085 3630 3140 Fortu-

309 3187 486 3242 verat,
519 3177 800 3231 adfuturos
830 3178 1014 3246 viginti
1047 3179 1282 3247 quinque
1311 3178 1594 3246 episcopos
1623 3176 1690 3230 de
1722 3175 1910 3229 Numi-
1932 3181 1982 3243 ς
2021 3190 2144 3233 nato
2171 3189 2318 3234 certe
2347 3179 2479 3232 nihil
2510 3181 2559 3233 in
2589 3178 2769 3234 Africa
2799 3179 3059 3234 successit
3085 3196 3149 3234 ex
3178 3179 3466 3234 sententia.
3492 3177 3626 3233 Nam

307 3269 430 3335 dia,
465 3269 553 3338 qui
586 3269 686 3322 sibi
719 3270 1028 3337 episcopum
1062 3269 1318 3324 facerent.
1357 3289 1374 3321 ι
1397 3270 1514 3336 Quo
1546 3270 1598 3323 iu
1631 3268 1916 3324 mendacio

316 3378 335 3410 ι
374 3375 506 3423 suo,
550 3360 697 3413 addit
726 3362 1057 3432 Cyprianus,
1093 3369 1277 3431 postea
1311 3377 1468 3431 quam
1502 3363 1740 3432 quinque
1781 3361 1914 3414 solis

319 3471 336 3503 ι
367 3453 816 3508 convenientibus
855 3452 1128 3523 naufragis
1159 3464 1212 3508 et
1241 3470 1269 3507 a
1303 3455 1458 3508 nobis
1487 3456 1781 3521 abstcntis,
1815 3457 1911 3511 de-

318 3563 336 3596 ι
373 3548 496 3601 tecti
522 3556 826 3615 suntatque
848 3547 1054 3601 confusi
1075 3589 1089 3613 ,
1111 3545 1336 3600 Romam
1359 3561 1481 3600 cum
1508 3549 1911 3606 mendaciorum

318 3663 337 3694 ε
355 3661 551 3700 merce
574 3647 981 3716 navigaverunt;
1008 3643 1156 3713 quasi
1184 3644 1381 3696 veritas
1407 3653 1525 3712 post
1546 3658 1638 3697 eos
1659 3645 1912 3714 navigare

319 3758 337 3789 ι
373 3754 479 3791 non
510 3747 713 3807 posset,
740 3753 858 3808 qua:
887 3736 1173 3790 mendaces
1193 3735 1407 3806 linguas
1431 3737 1506 3791 rei
1535 3747 1695 3791 certa:
1720 3741 1914 3807 proha-

226 3889 240 3896 _
320 3851 336 3882 ι
375 3831 518 3886 tione
538 3831 903 3886 convinceret.
923 3829 1154 3885 aS'olalio
1172 3840 1349 3884 autem
1367 3828 1640 3900 Cypriane
1655 3830 1775 3898 fuit,
1799 3843 1915 3887 tan-

314 3936 418 3978 tam
451 3927 588 3992 apud
621 3940 714 3978 eos
737 3925 897 3977 etiam
927 3925 1188 3977 malorum
1223 3924 1498 3992 penuriam
1531 3925 1728 3992 fuisse,
1763 3933 1818 3978 ιιι
1846 3925 1910 3978 ad

311 4020 433 4072 illos
463 4033 559 4072 nec
587 4018 654 4071 de
682 4015 998 4071 sacriﬁcatis
1023 4031 1122 4070 nec
1143 4016 1209 4071 de
1239 4015 1506 4071 luerelicis
1537 4016 1722 4087 viginti
1754 4020 1912 4088 quin-

310 4129 414 4181 que
453 4111 627 4180 colligi
674 4119 913 4178 possent.
945 4109 1099 4176 Quod
1133 4110 1323 4162 mirum
1368 4118 1481 4172 est,
1531 4109 1719 4163 horum
1755 4109 1915 4164 factio

307 4205 469 4274 plane
496 4220 523 4255 a
555 4203 865 4256 Novatianis
897 4202 1223 4267 dissidebat,
1251 4202 1442 4272 quibus
1475 4202 1736 4257 Maximus
1772 4219 1912 4273 [Will-

309 4309 448 4352 et-at.
476 4296 689 4349 Aditum
716 4296 786 4349 illi
817 4295 882 4348 ad
905 4293 1205 4350 Ecclesiam
1232 4297 1617 4364 pomitentibus
1650 4297 1912 4351 interclu-

307 4393 533 4453 dcbant,
557 4391 607 4442 lii
627 4401 808 4444 contra
831 4406 887 4444 se
907 4406 1093 4445 omnes
1109 4391 1392 4446 admittere
1410 4400 1461 4446 el
1486 4407 1696 4461 poenam
1723 4396 1916 4462 cuique

307 4486 622 4543 condonare
645 4487 937 4555 jactabant.
963 4487 1158 4542 «Datur
1185 4504 1369 4557 opera,
1391 4489 1660 4544 scribebat
1686 4487 1913 4562 Cypria-
1941 4517 1954 4562 τ

1941 4531 1994 4590 D

315 4601 333 4632 ι
373 4595 474 4634 nus
501 4581 564 4633 ad
599 4579 848 4634 eumdem
883 4580 1222 4647 Cornelium,
1255 4597 1323 4635 ne
1363 4582 1818 4638 satisfactionibus
1863 4594 1917 4638 et

316 4691 333 4723 ε
363 4673 835 4727 ιειηλιοιητιιῑοηὶὴιιε
852 4673 1008 4740 jnstis
1027 4673 1221 4726 delicta
1241 4673 1673 4739 redimantur,ue
1690 4675 1914 4729 vulnera

317 4785 335 4815 ι
371 4766 626 4836 lacrymis
653 4767 958 4820 abluantur.
989 4768 1096 4820 Pax
1121 4779 1246 4821 vera
1281 4766 1428 4820 falsae
1461 4767 1602 4834 pacis
1635 4767 1916 4821 mendacio

317 4859 596 4923 «tollitur,
627 4860 878 4914 salutaris
902 4859 1051 4914 sinus
1077 4861 1265 4914 matris
1289 4874 1516 4913 noverca
1542 4859 1915 4915 intercedente

316 4967 336 5001 α
372 4953 743 5019 praecluditur,
767 4967 832 5005 ne
860 4953 927 5007 de
956 4963 1173 5022 pectore
1195 4963 1355 5022 atque
1382 4967 1496 5016 ore,
1524 4952 1792 5022 lapsorum
1821 4951 1915 5006 ilc-

318 5063 338 5093 ι
369 5053 464 5098 tus
490 5055 538 5098 et
566 5045 797 5113 gemitus
824 5045 1091 5099 audiatur.
1118 5044 1535 5114 Compellun‘tur
1557 5043 1736 5098 adhuc
1766 5045 1911 5098 insu-

317 5157 337 5190 ι
374 5153 470 5208 per
499 5138 635 5207 lapsi
661 5148 720 5193 ut
744 5139 938 5209 linguis
967 5151 1127 5208 atque
1153 5153 1246 5193 ore
1275 5153 1380 5208 quo
1409 5139 1458 5190 iu
1489 5137 1754 5206 Capitolio
1786 5149 1910 5192 ante

316 5253 336 5286 ‹
374 5234 743 5304 deliquerant,
778 5233 1149 5289 sacerdotibus
1179 5232 1479 5287 convicium
1513 5233 1739 5297 faciant,
1775 5247 1910 5286 con-

321 5345 339 5376 σ
380 5325 614 5380 fessorcs
656 5334 711 5380 et
748 5327 983 5396 virgines
1030 5337 1082 5380 et
1116 5325 1294 5394 justos
1325 5339 1565 5394 quosque
1599 5323 1717 5378 ﬁdei
1754 5324 1912 5379 laude

322 5437 341 5468 ε
380 5419 684 5488 prtecipuos
715 5429 876 5490 atque
906 5421 956 5474 in
992 5418 1233 5473 Ecclesia
1266 5420 1530 5489 gloriosos
1562 5417 1912 5473 contumeliis

319 5531 337 5562 ι
379 5521 432 5567 et
457 5513 737 5568 maledicis
765 5514 986 5568 vocibus
1016 5521 1460 5583 prosequantur.:
1495 5510 1601 5565 Sed
1637 5510 1738 5564 hoc
1769 5523 1910 5564 sem—

311 5621 414 5675 per
436 5608 815 5662 bazreticorum
843 5607 1117 5678 proprium
1143 5606 1258 5670 fuit,
1291 5615 1349 5660 ut
1368 5605 1586 5660 modum
1613 5606 1907 5669 nescirent,

318 5715 480 5769 quem
511 5699 776 5756 catholica
814 5699 1058 5756 Ecclesia
1086 5713 1309 5754 servans
1335 5699 1645 5769 magistram
1677 5709 1735 5750 se
1763 5695 1909 5751 veri-

319 5795 442 5850 tatis
472 5796 821 5868 altricemque
853 5795 1066 5851 virtutis
1095 5793 1345 5850 ostendit.

2021 3271 2087 3326 de
2119 3283 2230 3326 toto
2261 3273 2354 3326 illo
2383 3273 2666 3343 impiorum
2696 3269 2866 3344 grege
2889 3274 3076 3328 scribit
3103 3274 3420 3344 Cyprianus.
3451 3290 3469 3322 ι
3492 3272 3626 3338 Quia

2027 3385 2044 3418 ‹
2081 3367 2467 3422 Conscientiam
2499 3381 2650 3420 suam
2677 3376 2879 3421 norunt
2899 3411 2911 3433 ,
2940 3384 3038 3422 nec
3060 3383 3161 3422 nos
3187 3368 3388 3421 audent
3434 3366 3586 3421 adire
3608 3408 3622 3432 ,

2025 3478 2043 3512 ι
2077 3469 2168 3514 aut
2197 3459 2261 3513 ad
2295 3460 2552 3514 Ecclesite
2583 3461 2746 3514 limen
2777 3459 3058 3526 accedere,
3093 3458 3185 3513 sed
3215 3459 3346 3514 foris
3374 3472 3472 3529 per
3504 3473 3628 3526 pro-

2025 3570 2042 3602 ι
2073 3552 2299 3605 vinciam
2339 3549 2828 3606 circmnvcuieudis
2853 3550 3105 3606 lratribus
3128 3559 3180 3605 et
3197 3549 3490 3619 spoliandis
3513 3564 3628 3618 per.

2023 3661 2042 3693 ‹
2080 3652 2294 3708 errant,
2330 3652 2383 3698 et
2410 3643 2658 3696 omnibus
2695 3643 2804 3712 jam
2848 3642 2976 3696 satis
3018 3643 3166 3705 noti,
3201 3652 3360 3711 atque
3388 3641 3626 3711 undique

2026 3757 2044 3787 ‹
2082 3752 2174 3805 pro
2199 3736 2306 3789 suis
2335 3736 2656 3790 facinoribus
2679 3735 2879 3790 exclusi
2901 3777 2915 3800 ,
2937 3735 3065 3789 illuc
3086 3735 3245 3789 etiam
3269 3734 3336 3789 ad
3358 3751 3454 3790 vos
3475 3735 3627 3790 navi-

2024 3849 2043 3880 ‹
2079 3837 2224 3898 gant.
2247 3827 2432 3898 Neque
2456 3829 2598 3882 enim
2625 3837 2798 3898 potest
2819 3828 2926 3882 illis
2950 3829 3098 3883 frons
3120 3842 3240 3882 esse
3260 3828 3326 3882 ad
3352 3843 3452 3884 nos
3472 3844 3626 3884 acce-

2025 3939 2044 3971 ‹
2077 3920 2236 3974 dandi
2259 3963 2272 3984 ,
2303 3931 2392 3974 aut
2418 3920 2557 3989 apud
2585 3933 2685 3975 nos
2705 3919 3072 3985 consistendi,
3104 3935 3226 3974 cum
3253 3921 3358 3976 sint
3381 3921 3622 3975 acerbis-

2026 4033 2042 4065 ι
2079 4015 2210 4068 sima
2263 4025 2315 4069 ct
2360 4014 2674 4084 gravissima
2716 4013 2937 4068 crimina
2963 4056 2976 4079 ,
3029 4029 3150 4084 qua:
3199 4013 3277 4068 eis
3307 4027 3335 4067 a
3361 4012 3623 4067 fratribus

2026 4130 2044 4160 ι
2079 4111 2414 4180 ingeruntur.
2445 4129 2461 4160 ι
2491 4109 2559 4163 At
2587 4109 2737 4162 multi
2763 4117 2971 4175 contra,
3001 4107 3090 4178 qui
3121 4108 3350 4163 Maximo
3377 4117 3466 4162 aut
3494 4105 3623 4162 For-

2022 4213 2206 4258 tunato
2246 4202 2621 4267 adbmserant,
2663 4201 2895 4256 schisma
2928 4200 3177 4256 detestati
3217 4199 3283 4254 ad
3324 4199 3622 4254 Ecclesiam

2019 4297 2288 4351 redibant.
2325 4297 2470 4363 Quos
2497 4295 2794 4366 Cyprianus
2818 4336 2834 4362 ,
2877 4311 2944 4351 ne
2973 4295 3152 4350 miseri
3187 4293 3313 4348 foris
3343 4294 3617 4363 perirent,

2021 4390 2102 4443 vel
2133 4389 2442 4459 indignante
2469 4388 2738 4444 interdum
2771 4389 3000 4460 pepulo,
3046 4388 3249 4442 facilior
3284 4387 3616 4442 admittebat.

2027 4499 2044 4532 ι
2079 4482 2122 4535 0
2151 4482 2192 4535 si
2225 4496 2433 4550 pOSscs,
2466 4482 2739 4537 scribebat
2759 4482 3039 4548 Cornelio,
3067 4480 3238 4535 frater
3264 4479 3616 4546 charissime,

2029 4592 2046 4623 ε
2079 4575 2202 4629 istic
2230 4575 2494 4630 interesse
2523 4576 2826 4640 nobiscum,
2857 4589 2974 4628 cum
3001 4575 3149 4644 pravi
3182 4575 3266 4628 isti
3299 4585 3353 4629 et
3383 4574 3622 4645 perversi

2027 4684 2046 4716 'l
2083 4666 2149 4720 de
2177 4666 2465 4722 schismate
2497 4666 2868 4722 revertuntur!
2898 4665 3131 4730 videres,
3160 4666 3283 4736 quis
3305 4666 3440 4720 mihi
3470 4666 3623 4720 labor

2027 4779 2044 4810 ι
2081 4759 2147 4814 sit
2175 4761 2501 4830 persuadere
2529 4760 2838 4830 patientiam
2871 4759 3125 4814 fratribus
3145 4761 3352 4814 nostris
3372 4802 3385 4825 ,
3413 4769 3477 4813 ut
3499 4759 3620 4813 ani-

2027 4871 2045 4903 ‹
2083 4853 2152 4906 mi
2184 4852 2371 4907 dolore
2394 4855 2569 4922 sopito
2593 4851 2894 4922 rccipendis
2915 4851 3072 4906 malis
3099 4852 3458 4922 curandisque
3484 4867 3619 4908 cou-

2027 4963 2044 4995 ‹
2083 4944 2336 4999 sentiant.
2372 4943 2612 5015 Namque
2641 4953 2701 4999 ut
2727 4943 2963 5015 gaudent
2992 4953 3046 4999 et
3076 4943 3345 5008 laetantur,
3377 4958 3499 4999 cum
3532 4953 3618 5000 to-

2027 5060 2043 5091 r
2079 5041 2327 5095 lerabiles
2366 5050 2420 5094 et
2460 5043 2637 5095 minus
2680 5041 2975 5112 culpabiles
3017 5039 3278 5108 redeunt,
3321 5041 3392 5096 ita
3432 5050 3620 5096 centra

2025 5154 2042 5184 ‹
2078 5134 2314 5189 fremunt
2353 5144 2407 5190 et
2447 5136 2800 5205 reluctantur,
2852 5137 3062 5208 quoties
3107 5136 3526 5194 inemendabiles
3566 5147 3622 5194 ct

2025 5244 2042 5276 ι
2077 5227 2344 5295 protervi,
2392 5236 2446 5282 et
2490 5227 2577 5283 vel
2617 5228 2895 5284 adulteriis
2923 5229 3008 5283 vel
3038 5230 3320 5285 sacrificiis
3348 5230 3619 5284 contami-

2025 5338 2042 5371 ο
2081 5321 2221 5386 nati,
2253 5330 2306 5374 et
2338 5331 2458 5390 post
2486 5322 2599 5375 haec
2627 5322 2802 5376 adhuc
2833 5323 3055 5391 insuper
3084 5332 3137 5377 et
3166 5323 3415 5392 superbi,
3441 5324 3524 5378 sic
3551 5322 3622 5378 ad

2025 5433 2042 5465 ι
2080 5413 2374 5469 Ecclesiam
2407 5423 2677 5482 remeant,
2709 5423 2766 5469 ut
2797 5415 2933 5469 bona
2964 5416 3107 5470 intus
3133 5414 3346 5485 ingenia
3376 5429 3622 5471 corrum-

2023 5527 2041 5559 ι
2075 5519 2221 5579 pant.
2246 5508 2345 5562 V‘ix
2371 5506 2509 5577 plebi
2539 5508 2856 5576 persuadeo,
2875 5509 3040 5564 immo
3064 5517 3380 5579 extet-queo,
3397 5518 3458 5564 ut
3483 5509 3622 5567 tales

2025 5620 2041 5652 ι
2079 5602 2348 5673 patiantur
2387 5599 2617 5655 admitti.
2647 5615 2666 5650 )

2089 5692 2182 5749 1X.
2211 5693 2338 5748 ΗΜ
2369 5693 2697 5767 Cyprianus,
2721 5693 3051 5751 1133001318“
3078 5709 3177 5766 per
3219 5692 3454 5748 Africam
3501 5696 3624 5764 epi-

2021 5786 2169 5860 scopi
2202 5788 2347 5858 pacis
2379 5790 2699 5859 pictatisque
2728 5781 2952 5848 obibant
2979 5790 3159 5843 ntuuia
3179 5830 3192 5854 ,
3224 5801 3342 5842 cmn
3371 5785 3483 5858 jam
3527 5803 3628 5848 ηοω
