4208 6276
636 316 776 373 1447

1844 308 2211 367 MORCELLI.
2248 337 2320 353 —-
2350 307 2669 366 ANNALES

3805 306 3939 362 ιμε

634 450 758 491 men
779 430 1127 489 christianum
1153 440 1343 486 rursus
1368 428 1422 485 in
1448 426 1740 485 discrimen
1766 428 1945 483 vocari
1972 434 2228 496 cmperat.
2260 427 2313 488 Α
2341 426 2526 479 nuisse
2553 408 2787 487 videtur,
2817 430 2879 478 ιιι
2906 427 3014 477 tam
3043 421 3306 478 invictum
3332 420 3527 477 ducem
3559 433 3591 475 a
3620 426 3935 476 caeterorutn

634 527 767 582 Nam
788 525 970 583 Gallus
991 525 1303 593 imperator,
1322 537 1445 578 cum
1470 521 1790 588 Hostiliano,
1824 520 1967 575 Decii
1998 520 2111 573 lilio
2138 534 2232 572 su-

634 621 803 687 blato,
835 628 888 675 et
916 602 1206 673 Volusiano
1231 617 1447 673 Czesare
1473 616 1619 671 dicto
1646 617 1886 687 Augusto
1915 615 2051 669 bella
2080 628 2231 667 cont-

634 715 902 786 posuisset
923 755 937 776 .
972 713 1159 767 Roma:
1190 710 1353 766 etiam
1386 724 1449 765 ac
1478 724 1572 779 per
1597 707 1804 763 Italiam
1836 716 2021 775 pacata
2052 704 2233 760 omnia

635 814 841 871 essent,
870 804 1160 860 Decianam
1192 801 1569 858 crudelitatem
1602 801 1840 854 imitatus
1862 841 1876 865 ,
1912 799 2017 852 lata
2047 806 2233 852 contra

634 898 975 955 Christianos
1004 897 1159 967 lege,
1193 893 1376 949 vexari
1423 906 1517 948 eos
1564 892 1759 962 ubique
1802 899 1855 945 et
1883 888 2057 960 capite
2084 888 2235 943 dam-

636 990 749 1045 nari
776 989 1029 1059 jnsserat.
1078 986 1245 1057 Cujus
1273 983 1487 1040 consilii
1521 982 1740 1038 ineundi
1774 997 1834 1037 ea
1868 981 2037 1035 fuisse
2069 994 2232 1033 causa

636 1091 876 1154 putatur,
909 1078 1052 1151 quod
1085 1077 1389 1148 pestilentia
1424 1084 1534 1130 tum
1566 1075 1713 1129 orbis
1748 1073 1972 1127 Romani
2010 1073 2233 1144 provin-

637 1177 750 1231 cias
781 1175 1064 1245 plerasque
1090 1180 1368 1235 vastante,
1398 1184 1518 1223 cum
1570 1166 1833 1222 sacrificia
1866 1166 1931 1220 iis
1962 1163 2236 1235 placandis

639 1266 836 1322 indicta
864 1272 1078 1328 essent,
1112 1260 1405 1318 Christiani
1439 1259 1877 1329 superstitionem
1912 1256 2053 1310 illam
2085 1270 2238 1309 aver-

637 1361 771 1426 sati,
806 1358 1021 1428 templis
1050 1357 1407 1410 abstinerent.
1440 1351 1497 1408 In
1528 1368 1623 1409 eos
1655 1366 1848 1420 nempe
1877 1358 1985 1405 tota
2013 1347 2239 1404 calami-

642 1454 765 1507 tatis
801 1450 957 1520 culpa
987 1448 1397 1515 c0njiciebatnr,
1429 1454 1487 1501 et
1526 1461 1627 1499 una
1667 1445 1905 1499 omnium
1948 1458 2051 1495 vox
2090 1449 2235 1507 erat,

638 1546 771 1600 deos
798 1544 963 1599 iratos
987 1542 1416 1598 Christianorum
1448 1540 1709 1611 sanguine
1737 1539 1933 1609 placari
1963 1546 2235 1607 oportere.

641 1639 823 1709 Itaque
852 1639 903 1692 in
935 1637 1112 1692 Africa
1141 1638 1252 1706 ipsa
1273 1678 1288 1702 ,
1335 1650 1457 1689 cum
1501 1632 1801 1706 Cyprianus
1846 1646 1907 1687 ea
1939 1630 2005 1685 ad
2033 1632 2238 1685 Corne-

642 1731 770 1786 liutn
800 1729 1106 1795 scribebat,
1136 1743 1256 1798 qua:
1287 1726 1449 1781 modo
1475 1724 1869 1787 recensuimus,
1903 1732 1957 1778 et
1986 1721 2123 1777 Galli
2154 1722 2239 1776 lex

2335 520 2508 573 oculis
2550 526 2901 584 amoverent,
2947 526 3002 572 et
3027 515 3460 579 Centumcellas,
3504 522 3563 569 ut
3602 523 3759 569 vetns
3799 513 3936 568 fama

2336 622 2452 678 est,
2486 610 2885 680 deportandum
2912 618 3189 664 curarent.
3224 608 3355 663 Eam
3402 616 3551 662 certe
3594 605 3782 659 multis
3822 605 3937 660 lau-

2336 702 2495 758 dibus
2545 703 2757 757 extollit
2787 701 3091 773 Cyprianus
3121 700 3174 755 in
3207 716 3270 754 ea
3302 700 3565 767 epistola,
3597 713 3761 769 quam
3798 698 3937 752 exuli

2337 795 2517 849 statim
2544 794 2872 864 praescripsit
2896 792 3102 865 (Epist.
3127 792 3197 847 56
3216 794 3265 863 );
3294 791 3691 862 «Cognovimus
3710 830 3725 853 ,
3751 790 3939 861 inquit,

2344 906 2363 938 ι
2398 887 2563 942 frater
2583 888 2921 949 charissime,
2946 886 3067 940 lidei
3094 901 3155 940 ac
3179 885 3393 939 virtutis
3417 893 3612 939 vestra:
3639 884 3942 938 testimonia

2343 1000 2363 1032 ι
2398 983 2657 1053 gloriosa,
2692 990 2746 1036 et
2773 981 3134 1036 confessionis
3164 988 3356 1034 vestra:
3384 977 3648 1033 honorem
3681 979 3761 1032 sic
3790 977 3943 1032 exul-

2345 1098 2363 1131 ι
2398 1088 2575 1134 tanter
2602 1079 2942 1149 accepimus,
2970 1087 3029 1132 ut
3058 1078 3109 1132 in
3138 1076 3347 1132 meritis
3374 1090 3439 1131 ac
3471 1075 3714 1131 laudibus
3746 1074 3944 1131 vestris

2346 1189 2365 1223 ε
2400 1188 2499 1226 nos
2516 1186 2725 1241 quoque
2752 1171 3039 1242 participes
3064 1180 3118 1226 et
3144 1170 3323 1226 socios
3342 1179 3742 1238 computemus.
3765 1187 3784 1220 ι
3802 1168 3941 1223 Tum

2341 1282 2462 1321 eum
2482 1265 2674 1321 ducem
2693 1264 3054 1321 confessionis
3080 1262 3307 1319 fratrum
3323 1262 3595 1318 exstitisse
3620 1262 3938 1334 gratulatur,

2342 1369 2398 1415 et
2424 1357 2784 1429 praecedendo
2810 1358 3000 1429 gloria:
3025 1356 3255 1412 comites
3283 1366 3499 1411 nactum
3531 1370 3653 1411 esse
3684 1366 3742 1410 et
3774 1370 3941 1426 pepu-

2343 1453 2453 1507 lum
2498 1450 2891 1507 confessorem.
2940 1450 3186 1520 Rogabat
3225 1458 3403 1503 autem
3442 1458 3496 1503 et
3538 1447 3607 1502 de
3650 1447 3945 1502 Novatiano

2343 1545 2468 1616 quid
2493 1544 2690 1599 factum
2731 1553 2910 1599 esset:
2948 1562 2967 1595 ι
3001 1542 3294 1607 Utrumne,
3336 1543 3545 1613 inquit,
3574 1544 3688 1612 jam
3731 1543 3948 1614 deponit

2351 1658 2369 1689 ‹
2405 1638 2685 1692 errorem?
2717 1638 2799 1691 An
2826 1651 2957 1691 vero
2978 1678 2991 1701 ,
3023 1637 3115 1706 qui
3145 1635 3479 1692 dementiam
3521 1651 3642 1691 mos
3672 1646 3791 1702 est,
3826 1636 3949 1706 ipsis

2350 1752 2368 1783 ‹
2402 1732 2557 1788 bonis
2586 1740 2641 1786 et
2673 1734 2948 1801 prosperis
2978 1732 3178 1786 nostris
3207 1730 3325 1800 plus
3354 1729 3577 1786 adactus
3604 1740 3688 1785 est
3714 1731 3783 1786 ad
3813 1730 3953 1785 furo-

646 1823 869 1893 perlata,
901 1830 954 1875 et
996 1820 1406 1890 magistratuum
1452 1817 1623 1871 edicta
1666 1814 1939 1886 proposita
1972 1814 2082 1883 jatn
2122 1815 2236 1866 fue-

2356 1844 2369 1875 ι
2407 1840 2553 1889 rem,
2601 1832 2655 1880 et
2694 1840 2799 1895 quo
2839 1824 3010 1893 magis
3049 1838 3112 1878 ac
3152 1823 3321 1893 magis
3371 1822 3672 1877 dilectionis
3716 1838 3781 1878 ac
3830 1822 3956 1879 fidei

643 1924 783 1969 rant.
812 1913 949 1979 Quin
983 1913 1144 1966 etiam
1177 1909 1428 1980 populus,
1457 1925 1579 1963 cum
1613 1910 1664 1963 in
1694 1909 1839 1963 circo
1866 1907 2104 1973 sederet,
2139 1906 2243 1977 Cy-

643 2007 886 2075 prianum
920 2002 1093 2074 ipsum
1134 2003 1201 2057 ad
1243 2003 1455 2057 leonem
1497 2001 1674 2057 denuo
1720 2000 2101 2071 postulaverat.
2144 2000 2244 2067 Qui

639 2096 748 2167 jam
779 2095 1040 2151 divinitus
1066 2110 1280 2165 quoque
1309 2104 1634 2165 cognoverat
1661 2093 1868 2163 (Epist.
1898 2094 1965 2147 54
1986 2096 2025 2163 ),
2049 2110 2066 2142 ‹
2093 2092 2244 2147 Diem

652 2206 670 2240 ι
706 2187 1018 2243 certaminis
1048 2187 1529 2257 appropinquasse,
1566 2186 1774 2239 hostem
1812 2184 2107 2239 violentum
2137 2184 2247 2239 cito

654 2302 671 2333 ι
708 2295 995 2351 exurgere,
1044 2295 1273 2350 pugnam
1309 2294 1414 2333 non
1447 2279 1643 2342 talem,
1674 2278 1847 2348 qualis
1880 2276 2101 2342 fuisset,
2138 2274 2246 2331 sed

653 2393 670 2426 ι
706 2374 1006 2445 graviorem
1033 2372 1203 2428 multo
1227 2382 1280 2427 et
1304 2372 1572 2427 acriorem
1601 2373 1806 2426 venire.
1829 2389 1849 2423 ι
1873 2369 2015 2439 Ergo
2038 2385 2160 2424 eum
2182 2367 2251 2423 de

648 2469 887 2526 omnium
910 2468 1085 2522 salute
1103 2467 1391 2538 plurimum
1424 2466 1716 2532 laboraret,
1736 2466 2005 2535 episcopis
2028 2465 2077 2519 in
2103 2473 2251 2518 tanto

649 2565 743 2620 illo
782 2562 1057 2634 periculo,
1090 2576 1226 2633 quos
1258 2560 1458 2631 potuit,
1503 2560 1845 2622 convocatis,
1880 2558 2029 2613 fuere
2070 2566 2249 2613 autem

650 2656 1003 2727 quadraginta
1026 2655 1156 2721 duo,
1185 2654 1328 2725 quod
1353 2665 1461 2709 tum
1488 2654 1539 2708 in
1570 2654 1807 2709 Ecclesia
1833 2654 2113 2723 permagni
2136 2667 2251 2708 mo-

650 2748 818 2803 menti
837 2758 975 2814 erat,
995 2747 1064 2802 de
1084 2761 1217 2818 pace
1238 2747 1402 2817 lapsis
1424 2745 1598 2802 danda
1621 2748 1687 2802 ad
1707 2747 1894 2802 Patres
1916 2747 2129 2803 retulit:
2154 2762 2250 2801 au-

650 2854 875 2916 ctorque
917 2843 1025 2898 illis
1080 2843 1178 2896 fuit
1230 2852 1321 2907 ιιι,
1356 2842 1637 2913 ingruente
1668 2842 1887 2913 praelia,
1926 2841 2255 2896 instruerent

650 2939 889 2993 inermes
914 2945 970 2993 et
997 2937 1049 2991 in
1077 2934 1353 2992 communi
1380 2935 1696 2991 discrimine
1722 2950 1904 3005 opem,
1934 2950 2094 3003 quam
2127 2949 2252 3003 pos-

652 3042 870 3097 cerent,
922 3030 1192 3085 universis
1236 3029 1511 3085 afferrent.
1544 3048 1563 3080 ι
1590 3026 2091 3099 Obtemperandnm
2134 3036 2251 3093 est,

659 3142 677 3176 ι
716 3123 894 3179 aiebat
936 3120 1235 3193 (ibidem),
1278 3123 1676 3179 ostentionibus
1723 3134 1885 3193 atque
1927 3120 2253 3176 admonitio-

2353 1934 2372 1966 ‹
2406 1916 2602 1971 crescit
2646 1916 2731 1969 hic
2767 1914 2962 1985 gloria,
3011 1914 3120 1968 illic
3157 1914 3510 1970 dissensionis
3542 1925 3595 1969 et
3627 1915 3727 1970 zeli
3770 1930 3961 1970 recru-

2355 2029 2373 2061 ι
2409 2010 2577 2064 deseit
2617 2008 2865 2063 insania?
2906 2007 3012 2063 Nec
3042 2008 3233 2062 vulnus
3273 2023 3429 2063 suum
3456 2009 3613 2065 miser
3640 2018 3831 2074 curat,
3864 2010 3957 2065 sed

2356 2119 2375 2150 ι
2407 2100 2582 2155 adhuc
2611 2099 2827 2171 gravius
2855 2110 2908 2154 et
2936 2114 2995 2154 se
3022 2107 3076 2154 et
3105 2114 3231 2154 suos
3259 2100 3545 2166 vulnerat,
3578 2102 3635 2154 in
3662 2100 3954 2171 perniciem

2358 2216 2375 2248 ‹
2413 2198 2634 2251 fratrum
2664 2196 2840 2265 lingua
2870 2210 2967 2251 sua
3001 2204 3379 2266 perstrepens,
3406 2204 3461 2250 et
3501 2194 3763 2250 facundia:
3791 2211 3958 2251 rene-

2359 2307 2377 2338 ‹
2412 2298 2550 2343 nata:
2583 2289 2758 2358 jacula
2800 2299 3201 2358 contorquens,
3252 2287 3425 2359 magis
3471 2287 3639 2343 durus
3676 2287 3958 2343 saeularis

2361 2399 2379 2430 ‹
2418 2380 2773 2450 philosophia:
2800 2380 3099 2449 pravitate,
3129 2395 3288 2449 quam
3318 2378 3527 2448 sophia:
3554 2378 3834 2434 dominica:
3872 2379 3959 2434 le—

2360 2492 2379 2523 (
2418 2475 2585 2529 nitate
2624 2472 2911 2543 pacificus,
2945 2472 3193 2527 desertor
3228 2472 3523 2538 Ecclesiae,
3571 2470 3961 2527 misericordia:

2362 2588 2379 2620 ‹
2415 2567 2617 2633 hostis,
2662 2566 2975 2621 interfector
3008 2567 3339 2636 pmnitentia:
3362 2607 3375 2630 ,
3402 2565 3613 2637 ,doctor
3653 2565 3959 2635 superbia,

2361 2681 2380 2713 σ
2419 2664 2658 2719 veritatis
2679 2674 2985 2734 corruptor,
3009 2663 3251 2733 perditor
3273 2662 3588 2718 cltaritatis?
3628 2663 3962 2733 Agnoscitne

2362 2777 2380 2810 ‹
2409 2758 2518 2829 jam
2548 2757 2641 2827 qui
2668 2757 2738 2811 sit
2764 2757 3027 2813 sacerdos
3050 2757 3167 2819 Dei,
3191 2771 3311 2826 qua:
3331 2756 3402 2810 sit
3420 2754 3667 2809 Ecclesia
3688 2766 3746 2810 et
3764 2755 3960 2811 domus

2361 2873 2380 2905 ‹
2414 2853 2649 2918 Christi,
2672 2855 2762 2923 qui
2794 2854 2905 2908 sint
2932 2853 3024 2907 Dei
3054 2854 3195 2908 servi
3220 2895 3234 2919 ,
3264 2866 3401 2921 quos
3429 2850 3681 2906 diabolus
3707 2851 3959 2920 infestet,

2362 2966 2380 2998 ι
2416 2946 2504 3017 qui
2527 2944 2938 3001 sintCltristiani
2958 2961 3114 3016 ,quos
3132 2944 3500 2999 Antichristus
3520 2943 3837 3013 impugnet?
3858 2943 3965 3001 Ne-

2362 3058 2381 3092 ‹
2416 3055 2520 3111 que
2545 3040 2688 3095 enim
2719 3038 2913 3110 quaerit
2939 3039 3082 3105 illos,
3103 3053 3238 3109 quos
3278 3038 3390 3107 jam
3420 3038 3638 3105 subegit,
3670 3048 3764 3091 aut
3793 3039 3967 3107 gestit

2363 3153 2382 3184 ‹
2416 3143 2685 3199 evertere,
2716 3146 2854 3203 quos
2900 3132 3011 3201 jam
3060 3146 3189 3186 suos
3240 3130 3437 3187 eﬂecit.
3471 3130 3614 3186 {Nec
3638 3146 3774 3185 sane
3792 3130 3967 3187 Chri-

660 3234 676 3267 ί
714 3216 813 3271 bus
838 3216 1030 3287 iustis.
1074 3226 1132 3271 υι
1170 3231 1199 3270 ³
1240 3216 1547 3286 Ρπειοτίυυε
1588 3232 1722 3271 ονθε
1763 3217 1817 3270 in
1859 3216 2100 3287 Ρθτίουιο
2143 3232 2248 3271 ηοη
2278 3216 2323 3280 C
2356 3229 2651 3283 stianorum
2681 3226 2733 3281 in
2765 3241 2992 3281 numero
3021 3226 3232 3280 habitus
3261 3224 3961 3289 abEtltnicisNovatianus.

659 3326 677 3357 ‹
718 3308 1055 3375 deserantur,
1088 3307 1183 3363 sed
1208 3323 1345 3379 grex
1375 3307 1553 3361 omnis
1585 3307 1639 3361 in
1672 3323 1837 3361 unum
1869 3318 2249 3377 congregetur,

658 3422 679 3456 ι
716 3412 771 3457 ct
797 3402 1070 3457 exercitus
1104 3398 1311 3453 Domini
1343 3398 1410 3453 ad
1450 3408 1729 3455 certamen
1772 3398 1979 3452 militia:
2018 3400 2256 3455 caelestis

660 3517 677 3548 ι
714 3507 973 3553 armetur.
1007 3496 1199 3551 Merito
1230 3496 1376 3551 enim
1412 3496 1768 3551 trahebantur
1798 3496 2094 3551 dolentium
2135 3514 2254 3569 pte—

660 3611 678 3643 ι
718 3591 939 3646 nitentia
968 3599 1213 3659 tempore
1236 3589 1512 3661 longiore,
1547 3598 1603 3643 ιιι
1630 3588 1852 3644 infirmis
1880 3589 1931 3643 in
1960 3590 2105 3644 exitu
2133 3592 2257 3645 sub-

660 3706 679 3739 ι
717 3686 1027 3752 veniretur,
1061 3683 1297 3755 quandiu
1338 3684 1491 3753 quies
1528 3694 1583 3738 et
1625 3683 1986 3753 tranquillitas
2030 3683 2252 3750 aderat,

661 3801 679 3834 (
711 3796 832 3853 qua:
872 3778 1091 3835 differre
1139 3778 1231 3833 diu
1270 3777 1637 3848 plangentium
1689 3777 1989 3849 laerymas,
2023 3786 2079 3832 et
2126 3777 2255 3832 sub-

662 3893 681 3927 ι
715 3874 903 3931 venire
942 3887 1067 3928 sero
1107 3872 1467 3927 morientibus
1507 3870 1558 3925 in
1603 3870 1915 3927 infirmitate
1956 3881 2253 3942 pateretur.

661 3985 679 4019 ι
716 3968 787 4021 At
813 3980 943 4022 vero
973 3978 1116 4020 nunc
1158 3979 1264 4020 non
1295 3962 1546 4031 infirmis,
1571 3962 1665 4019 sed
1709 3964 1966 4029 fortibus,
2018 3980 2118 4033 pax
2160 3979 2257 4020 ne-

662 4082 681 4114 (
718 4062 952 4118 cessaria
982 4070 1095 4126 est;
1124 4075 1227 4116 nec
1256 4059 1636 4125 morientibus,
1656 4060 1753 4115 sed
1777 4060 2079 4117 viventibus
2108 4075 2256 4116 com-

662 4173 681 4207 ι
718 4153 1013 4210 munieatio
1040 4168 1071 4207 a
1099 4152 1256 4209 nobis
1282 4153 1457 4209 danda
1488 4163 1605 4219 est;
1662 4160 1720 4207 ut
1767 4167 1905 4223 quos
1958 4153 2257 4210 excitamus

662 4268 681 4301 ι
716 4258 771 4304 ct
811 4248 1092 4303 hortamur
1131 4246 1198 4302 ad
1243 4246 1522 4316 praelium,
1566 4260 1673 4301 non
1715 4247 1951 4302 inermes
1992 4257 2047 4303 et
2085 4247 2257 4302 nudos

664 4364 679 4393 ι
719 4340 1104 4411 relinquamus,
1147 4338 1243 4394 sed
1280 4337 1618 4409 protectione
1639 4340 1914 4410 sanguinis
1930 4338 2257 4409 etCorporis

664 4452 683 4486 ι
717 4432 920 4489 Christi
950 4431 1289 4488 muniamus:
1322 4440 1377 4485 et
1405 4445 1528 4485 cum
1562 4430 1628 4485 ad
1660 4429 1763 4484 hoc
1792 4431 1884 4484 fiat
1916 4429 2254 4485 Eucharistia

2358 3320 2698 3390 intactusque
2715 3317 2973 3389 quidquid
2992 3327 3289 3373 sectatores
3304 3318 3424 3388 ejus
3443 3317 3644 3373 deinde
3668 3319 3963 3373 commenti

2358 3412 2490 3479 sint,
2517 3412 2717 3466 nmltos
2746 3410 2976 3481 perdere
3002 3410 3216 3473 inStitit,
3242 3418 3537 3481 perpetuus
3556 3410 3806 3465 Ecclesia:
3831 3411 3964 3466 hos-

2360 3506 2449 3559 tls.
2476 3506 2547 3559 At
2576 3503 2811 3559 Cornelii
2841 3520 2946 3559 non
2976 3504 3147 3558 multo
3176 3513 3294 3573 post
3334 3514 3770 3559 consummatum
3818 3520 3967 3560 mar-

2362 3598 2558 3668 tyrium
2584 3606 2669 3652 est.
2698 3595 2964 3652 xvttt.kal.
2997 3597 3253 3663 octobris,
3282 3612 3448 3667 quem
3481 3598 3631 3654 diem
3662 3609 3817 3655 sexto
3845 3608 3968 3670 post

2360 3705 2504 3745 anno
2526 3688 2781 3760 Cypriani
2803 3703 3018 3759 quoque
3043 3688 3217 3758 palma
3249 3688 3564 3745 illustravit.
3596 3690 3665 3746 Ut
3686 3707 3810 3745 vero
3835 3706 3967 3745 con-

2360 3783 2546 3838 venire
2568 3782 2746 3845 licuit,
2775 3781 3016 3836 Ecclesia
3040 3781 3275 3836 Romana
3303 3797 3495 3837 rursus
3517 3793 3767 3839 aversata
3788 3782 3967 3838 Nova-

2361 3880 2565 3929 tianum
2585 3916 2601 3941 ,
2629 3890 2660 3929 e
2688 3874 2809 3929 sinu
2836 3888 2934 3929 suo
2956 3872 3177 3928 Lucium
3206 3883 3465 3945 spectata:
3494 3876 3712 3933 virtutis
3734 3876 3969 3949 presby-

2362 3976 2533 4024 terum
2568 3967 2621 4021 in
2652 3966 2888 4021 Cornelii
2919 3969 3095 4021 locum
3127 3965 3359 4022 suffecit.

2433 4059 2527 4115 XI.
2555 4059 2669 4117 Sub
2700 4060 2840 4114 idem
2870 4069 3082 4130 tempus
3127 4059 3400 4130 Episcopi,
3433 4059 3662 4115 concilio
3704 4062 3967 4131 dimisso,

2362 4153 2428 4209 ad
2454 4152 2714 4209 ecclesias
2743 4168 2869 4209 suas
2899 4152 3102 4208 reversi
3129 4152 3373 4208 sedulam
3402 4168 3614 4223 operam
3658 4154 3827 4223 lapsis
3865 4170 3971 4211 re-

2361 4245 2626 4316 cipiendis
2675 4243 3169 4315 confirmandisque
3220 4244 3480 4299 navabant
3520 4261 3535 4296 :
3584 4252 3641 4297 ut
3684 4245 3970 4301 maculam

2361 4338 2531 4406 illam,
2560 4352 2720 4408 quam
2751 4353 2923 4409 nuper
2948 4337 3049 4394 sub
3081 4338 3245 4392 Decio
3275 4346 3647 4406 susceperant,
3675 4336 3732 4390 in
3777 4348 3975 4393 certa-

2362 4446 2485 4485 men
2510 4430 2690 4485 denuo
2719 4430 2921 4496 vocati,
2941 4430 3213 4484 constanti
3242 4428 3586 4484 confessione
3608 4444 3672 4483 ac
3699 4429 3974 4500 sanguine

664 4546 681 4576 σ
717 4535 774 4581 ut
804 4524 973 4597 possit
1000 4522 1388 4594 accipientibus
1420 4538 1541 4579 esse
1570 4523 1733 4578 tutela
1754 4563 1769 4589 ,
1798 4538 1933 4594 quos
1963 4532 2107 4577 tutos
2134 4538 2256 4579 esse
2280 4536 2335 4598 ι)
2362 4525 2479 4594 ipso
2508 4524 2694 4580 eluere
2735 4523 2905 4578 fortes
2927 4522 3371 4594 aggrederentur.
3400 4523 3547 4579 Inter
3570 4538 3668 4579 eos
3691 4524 3867 4578 studio
3912 4533 3975 4579 et

667 4639 683 4671 (
717 4630 903 4675 contra
942 4617 1316 4674 adversarium
1358 4617 1642 4684 volumus,
1690 4617 2026 4673 munimento
2073 4617 2257 4672 Domi-

665 4733 683 4766 ‹
722 4715 855 4768 nica:
887 4713 1185 4768 saturitatis
1224 4726 1518 4767 armemus.
1550 4730 1567 4762 ι
1601 4710 1695 4765 llis
1736 4725 1897 4780 porro
1934 4719 2095 4782 atque
2137 4710 2256 4766 aliis

660 4805 969 4876 ltujusmodi
1019 4806 1350 4876 argumentis
1405 4803 1564 4859 facile
1611 4802 1915 4874 Cyprianus
1965 4804 2254 4873 episcopos

659 4913 850 4955 omnes
881 4899 934 4953 in
966 4912 1120 4954 suam
1165 4896 1491 4953 sententiam
1536 4894 1777 4951 adduxit.
1819 4895 2064 4967 Cumque
2109 4895 2255 4952 idem

659 5005 851 5048 omnes
879 4991 1252 5057 censuissent,
1283 4989 1481 5060 placuit
1510 5003 1723 5061 quoque
1753 5003 1815 5044 ea
1845 4988 1914 5043 de
1944 5004 2002 5043 re
2031 4990 2099 5043 ad
2125 4986 2257 5044 Cor-

661 5086 861 5141 nelium
890 5084 1205 5141 Pontificetn
1238 5084 1529 5138 maximum
1560 5084 1757 5150 scribi,
1790 5096 1950 5153 quem
1984 5082 2036 5137 itt
2066 5084 2257 5138 eadem

659 5179 928 5236 sententia
958 5193 1080 5234 esse
1110 5177 1529 5233 arbitrabantur.

731 5273 803 5329 Χ.
828 5275 896 5328 At
915 5272 1199 5329 Cornelius
1219 5271 1332 5343 jam
1355 5256 1705 5327 incertamen
1728 5268 2112 5337 descenderat,
2136 5283 2259 5324 cum

661 5368 709 5423 ci
736 5368 929 5422 littera:
944 5364 1162 5420 Patrum
1182 5364 1562 5420 Africanorum
1586 5362 2261 5435 perferebantur.Urgente

660 5458 805 5514 enim
847 5457 985 5514 Galli
1028 5458 1371 5527 imperatoris
1409 5456 1697 5529 praesentia
1725 5496 1740 5522 ,
1781 5455 2027 5512 certatim
2072 5456 2260 5511 Roma:

663 5551 1009 5622 magistratus
1062 5550 1272 5606 cladem
1326 5549 1762 5605 Christianorum
1817 5559 2257 5617 maturaverunt,

664 5648 979 5716 primusque
1011 5648 1063 5699 in
1098 5643 1411 5701 Cornelium
1442 5644 1674 5715 impetus
1705 5645 1909 5714 fuerat,
1942 5661 2102 5718 quem
2146 5660 2263 5701 om-

666 5740 813 5794 nium
844 5739 1038 5795 ducem
1068 5752 1190 5795 esse
1220 5754 1329 5795 non
1359 5738 1697 5809 ignorabant.
1734 5740 1811 5795 Ac
1842 5738 2100 5809 praeclara
2143 5738 2263 5807 ejus

669 5830 721 5889 in
754 5833 1037 5899 repentino
1079 5830 1171 5886 illo
1214 5840 1419 5888 terrore
1460 5830 1730 5887 confessio
1775 5830 2032 5887 Ethnicos
2077 5830 2262 5891 admo-

2358 4615 2736 4673 benevolentia
2787 4631 2912 4687 erga
2960 4630 3151 4671 omnes
3194 4616 3468 4671 eminebat
3491 4615 3817 4688 Cyprianus,
3870 4618 3973 4688 qui

2358 4726 2466 4766 non
2496 4712 2659 4765 modo
2688 4709 3163 4781 Carthaginienses
3203 4724 3330 4764 suos
3356 4710 3587 4781 benigne
3628 4710 3975 4765 admittendo

2359 4804 2652 4866 solabatur,
2706 4814 2761 4858 et
2814 4804 3061 4874 martyrii
3100 4803 3371 4859 desiderio
3418 4804 3811 4867 inflammabat,
3871 4807 3976 4861 sed

2359 4896 2612 4953 finitimas
2638 4912 2854 4967 quoque
2874 4898 3124 4953 civitates
3145 4912 3333 4953 amore
3360 4899 3750 4968 complectens,
3770 4897 3977 4968 inv-are

2361 4989 2623 5061 singulos,
2654 4998 2707 5044 et
2735 4988 3204 5045 cohortationibus
3235 4989 3300 5043 ad
3332 4990 3693 5044 constantiam
3720 4991 3978 5047 excitare

2363 5098 2469 5139 non
2511 5082 2808 5137 desistebat
2838 5099 2851 5135 :
2881 5090 3098 5153 paratus
3130 5096 3471 5153 quocumque
3502 5098 3818 5145 excurrere.
3846 5084 3901 5137 si
3926 5084 3979 5139 ei

2363 5185 2476 5233 tum
2504 5174 2828 5247 Carthagine
2854 5177 3047 5231 abesse
3085 5176 3346 5231 licuisset.
3393 5176 3526 5231 Nam
3575 5185 3630 5232 et
3681 5176 3980 5233 Thibarim

2364 5272 2634 5344 proficisci
2679 5280 2963 5339 statuerat,
2992 5286 3099 5341 quo
3126 5286 3249 5326 eum
3280 5270 3534 5342 oppidani
3583 5272 3980 5335 invitaverant,

2365 5367 2468 5422 nisi
2500 5382 2621 5422 eum
2654 5364 2911 5424 Ecclesia:
2939 5365 3141 5420 bonum
3192 5364 3341 5420 domi
3390 5380 3613 5422 manere
3658 5366 3977 5437 coegisset:

2363 5459 2457 5514 sed
2488 5468 2667 5514 tamen
2714 5471 2833 5529 qua:
2879 5471 3123 5528 prtesens
3160 5457 3525 5512 Tltibaritanis
3554 5457 3798 5513 dicturus
3828 5466 3978 5523 erat,

2366 5550 2642 5622 przeclaris
2668 5549 2886 5613 litteris,
2918 5564 3039 5618 qua:
3073 5567 3091 5601 ι
3129 5548 3196 5604 dc
3230 5549 3615 5605 Exhortatiotte
3659 5552 3919 5622 martyrii
3954 5568 3973 5601 ι

2365 5644 2749 5711 inscribuntur,
2781 5642 3008 5699 mirifice
3034 5644 3284 5713 exposuit
3310 5642 3506 5714 (Epist.
3536 5642 3627 5707 56,
3659 5660 3708 5697 υ.
3740 5642 3975 5698 Hieron.

2368 5739 2431 5793 de
2475 5739 2631 5811 Cypr.
2661 5739 2949 5809 eloquentia
2977 5736 3175 5809 Episl.,
3208 5738 3298 5804 68,
3332 5756 3384 5793 tt.
3418 5738 3484 5793 10
3581 5737 3751 5793 Pares
3787 5739 3869 5793 ab
3912 5751 3975 5792 eo

2369 5830 2623 5903 epistolas
2668 5829 2735 5887 de
2764 5829 2956 5888 eodem
2990 5840 3307 5901 argumento
3336 5844 3457 5889 esse
3486 5830 3677 5887 missas
3728 5830 3797 5887 ad
3842 5830 3975 5885 alias
