4134 6256
160 6040 189 6058 υ

297 325 406 381 1M9

1460 332 1818 395 ECCLESl/E
1858 336 2249 395 AFRICANAS.

3362 346 3503 404 14ὕο

292 441 500 505 civitates,
520 440 570 495 ad
590 452 788 513 easque
809 442 1045 501 maxime
1063 448 1337 516 quaeforte
1362 451 1673 522 episcopum
1701 467 1805 506 non
1832 454 1886 513 Α
1918 471 1938 504 ‹
1977 463 2055 508 tes
2085 453 2194 507 Deo
2217 448 2361 505 Patri
2389 455 2445 503 et
2466 446 2684 504 Christo
2714 445 2853 503 Filio
2883 446 3003 520 ejus
3040 450 3269 509 Domino
3311 466 3501 513 nostro

288 530 507 597 haberent,
542 532 721 588 littera:
768 533 899 605 ipsae
939 535 1005 590 ad
1052 535 1432 597 Tbibaritanos
1462 542 1700 598 indicare
1724 543 1804 597 vi-

286 622 458 693 dentur,
483 640 578 695 qua:
600 626 817 696 propria
850 636 1153 699 temporum
1176 631 1387 687 illorum
1418 642 1472 688 et
1494 632 1803 688 Christiano

282 718 437 789 cuique
476 724 576 788 apta
622 719 947 776 documenta
993 724 1292 779 continent.
1345 726 1473 793 Quae
1503 726 1642 781 inter
1672 726 1802 780 illud

278 812 619 867 commemorari
646 813 878 869 maxime
904 823 1149 885 praestat,
1180 817 1324 887 quod
1352 817 1421 873 de
1450 818 1572 889 fuga
1601 817 1802 873 diserte

276 901 419 959 tradit.
448 922 464 955 ι
495 904 591 961 Nec
617 906 924 977 quisquam,
977 907 1168 979 inquit,
1219 908 1410 965 fratres
1436 908 1799 975 dilectissimi,

274 1011 421 1051 «cum
462 997 703 1069 populum
757 1008 1003 1055 nostrum
1058 1000 1230 1073 fugari
1284 1003 1627 1073 conspexerit
1656 1011 1805 1057 metu

275 1106 290 1141 ι
321 1090 663 1159 persecutionis
692 1099 747 1146 et
786 1092 997 1163 spargi,
1024 1093 1399 1160 conturbetur,
1445 1093 1591 1165 quod
1639 1094 1805 1150 colle-

272 1190 433 1236 «ctam
480 1182 862 1240 fraternitatem
929 1200 1035 1241 non
1090 1185 1290 1252 videat,
1349 1202 1451 1243 nec
1512 1172 1805 1243 tractantes

273 1293 287 1331 ι
320 1276 560 1347 episcopos
588 1278 788 1334 audiat.
816 1277 986 1334 Simul
1020 1288 1147 1336 tunc
1169 1295 1362 1337 omnes
1394 1295 1514 1337 esse
1543 1296 1649 1337 non
1678 1296 1805 1352 pos-

270 1387 285 1421 ι
314 1377 435 1435 sunt,
457 1370 636 1439 quibus
666 1370 915 1427 occidere
944 1386 1053 1427 non
1083 1373 1226 1441 licet,
1258 1373 1353 1429 sed
1379 1374 1553 1429 occidi
1582 1388 1808 1429 necesse

269 1477 284 1510 ι
314 1470 398 1515 cst.
420 1460 737 1532 Ubicumque
759 1463 812 1517 in
840 1462 949 1519 illis
973 1463 1164 1521 diebus
1186 1467 1554 1537 unusquisque
1581 1465 1806 1521 fratrum

264 1571 280 1603 ι
313 1553 661 1626 fueritagrege
679 1556 914 1623 interim,
941 1559 1263 1615 necessitate
1287 1560 1564 1630 temporis.
1583 1574 1811 1629 corpore

256 1663 274 1697 ι
305 1660 396 1701 non
420 1646 605 1717 spiritu
634 1658 931 1719 separatus,
962 1665 1068 1706 non
1097 1662 1375 1708 moveatur
1405 1652 1471 1707 ad
1504 1652 1641 1724 fugae
1667 1652 1809 1708 illius

249 1757 266 1791 r
297 1737 583 1809 horrorem,
617 1756 716 1797 nec
744 1742 1005 1799 recedens
1032 1753 1084 1799 et
1112 1744 1284 1800 latens
1324 1744 1521 1801 deserti
1548 1746 1649 1801 loci
1681 1746 1808 1801 soli-

249 1851 266 1885 ‹
299 1832 454 1889 tudine
496 1842 782 1890 terreatur.
815 1835 975 1891 Solus
1020 1851 1125 1891 non
1177 1847 1280 1902 est,
1329 1837 1415 1892 cui
1458 1837 1705 1893 Christus
1756 1838 1811 1893 in

248 1944 266 1977 ι
297 1926 400 1998 fuga
422 1942 613 1983 comes
642 1936 745 1983 est.
785 1927 944 1984 Solus
974 1944 1081 1984 non
1111 1938 1216 1996 est,
1257 1929 1351 2000 qui
1398 1928 1656 1999 templum
1714 1930 1808 1986 Dei

249 2037 264 2068 ι
298 2033 521 2085 servans,
552 2019 877 2090 ubicumque
906 2019 1085 2086 fuerit,
1114 2024 1232 2077 sine
1261 2022 1371 2077 Deo
1396 2037 1501 2077 non
1534 2030 1636 2077 est.
1666 2020 1736 2076 Et
1765 2021 1811 2077 si

251 2129 266 2161 ι
300 2111 569 2182 fugientem
604 2113 655 2168 in
686 2113 976 2170 solitudine
1002 2129 1065 2169 ac
1104 2114 1380 2169 montibus
1412 2113 1549 2168 latro
1582 2128 1812 2184 oppres-

246 2223 264 2256 r
300 2207 435 2272 serit,
478 2207 587 2262 fera
617 2206 895 2272 invaserit,
929 2205 1095 2261 fames
1135 2214 1226 2261 aut
1253 2206 1392 2271 sitis,
1424 2215 1515 2260 aut
1550 2205 1714 2275 frigus
1738 2205 1815 2259 af-

248 2317 265 2351 r
300 2300 505 2367 flixerit',
551 2301 637 2356 vel
683 2315 778 2371 per
805 2299 971 2354 maria
1009 2299 1273 2369 prrecipiti
1320 2300 1657 2369 navigatione
1684 2314 1813 2369 pro-

247 2409 264 2443 ι
296 2402 560 2461 parantem
634 2399 927 2461 tempestas
997 2406 1059 2445 ac
1124 2391 1363 2460 procella
1415 2391 1813 2460 submerserit,

248 2502 264 2537 ι
294 2494 486 2555 spectat
517 2485 741 2539 militem
769 2500 923 2540 suum
952 2484 1199 2541 Christus
1225 2486 1545 2555 ubicumque
1572 2499 1814 2558 pugnanf

241 2594 259 2627 ‹
294 2586 414 2646 tem,
443 2589 495 2634 et
525 2578 912 2648 persecutionis
940 2592 1098 2633 eausa
1126 2593 1221 2649 pro
1242 2577 1474 2633 nominis
1500 2578 1579 2633 sui
1610 2577 1816 2633 honore

242 2689 259 2723 ι
294 2671 533 2727 morienti
563 2671 842 2742 praemium
875 2670 1074 2737 reddit,
1104 2670 1244 2740 quod
1275 2669 1526 2724 daturum
1555 2685 1614 2725 se
1642 2670 1694 2725 in
1723 2686 1815 2726 re-

239 2784 255 2817 ι
289 2765 617 2821 surrectione
638 2764 906 2835 promisit.
938 2763 1047 2819 Nec
1073 2763 1249 2817 minor
1268 2771 1350 2817 est
1376 2763 1616 2832 martyrii
1644 2763 1819 2832 gloria

240 2874 257 2910 ι
289 2872 389 2913 non
419 2855 633 2928 publice
659 2866 713 2911 et
740 2856 878 2911 inter
900 2855 1100 2910 multos
1129 2854 1377 2924 periisse,
1402 2868 1525 2908 cum
1557 2853 1821 2923 pereundi

241 2970 259 3006 ι
294 2967 450 3007 causa
476 2951 547 3006 sit
576 2958 793 3021 pr0pter
813 2948 1086 3003 Chrismm
1113 2947 1312 3017 perire.
1338 2944 1548 3001 Sufficit
1574 2944 1638 2999 ad
1672 2944 1821 3001 testi-

240 3064 258 3098 ι
293 3046 528 3100 monium
579 3042 824 3113 martyrii
845 3041 929 3096 sui
961 3039 1113 3095 testis
1143 3039 1257 3106 ille,
1288 3039 1376 3109 qui
1405 3037 1595 3108 probat
1624 3045 1827 3108 marty-

1912 563 1929 595 r
1965 543 2164 616 gratias
2215 556 2377 613 agere
2415 548 2470 595 et
2508 555 2665 595 orare
2719 541 2922 610 pariter
2972 556 3035 596 ac
3084 554 3290 613 petere,
3322 552 3501 619 utqui

1912 654 1930 685 α
1971 635 2243 705 perfectus
2266 643 2345 688 est
2374 642 2535 701 atque
2556 630 2862 701 perficieus,
2888 633 3223 690 custodiatet
3254 639 3501 707 perficiat

1907 746 1925 778 ι
1961 728 2014 781 in
2039 726 2187 781 vobis
2217 724 2573 781 confessionis
2604 732 2797 778 vestrae
2834 724 3123 795 gloriosam
3177 743 3433 785 coronam
3481 750 3494 787 :

1912 836 1929 869 ‹
1969 818 2057 888 qui
2114 826 2168 873 et
2206 816 2275 870 ad
2331 817 2433 871 hoc
2480 830 2579 872 vos
2610 815 2840 870 fortasse
2883 819 3178 886 revocavit,
3213 835 3280 875 ne
3331 822 3501 892 gloria

1912 930 1929 963 ι
1964 920 2108 967 esset
2151 910 2385 979 occulta,
2431 911 2476 964 si
2506 909 2637 965 foris
2684 919 2867 965 essent
2925 910 3283 967 confessionis
3306 922 3504 970 vestrm

1914 1024 1931 1054 σ
1966 1012 2337 1060 consummata
2385 1004 2662 1074 martyria.
2705 1002 2839 1057 Nam
2869 1003 3107 1069 victima,
3151 1020 3271 1075 qua:
3312 1005 3505 1062 fratcr-

1870 1158 1873 1159 γ
1914 1117 1931 1150 ι
1969 1097 2119 1152 nitati
2150 1096 2354 1168 praebet
2383 1097 2689 1167 exemplum
2718 1105 2771 1152 et
2799 1097 3033 1165 virtutis,
3065 1108 3119 1155 et
3142 1102 3503 1169 praesentibus

1915 1208 1933 1241 ι
1974 1189 2135 1245 debet
2162 1187 2417 1245 fratribus
2446 1189 2728 1244 immolari.
2776 1208 2793 1241 ι

2195 1324 2422 1381 ANNUS
2487 1323 2946 1381 CIIBISTIANUS
3000 1326 3221 1383 CCLlll.

2158 1432 2413 1472 CYPRIANO
2489 1431 2737 1473 EPISCOPO
2811 1432 3252 1477 CARTHAGINIENSI
3263 1464 3273 1478 .

1986 1554 2027 1607 l.
2056 1552 2407 1608 Consulatum
2454 1554 2692 1609 inierunt
2716 1552 2775 1608 C.
2812 1554 2997 1611 Vibius
3026 1558 3348 1614 Volusianus
3371 1562 3508 1633 Aug.

1913 1645 2129 1713 iterum,
2154 1644 2222 1698 Μ.
2264 1644 2508 1700 Valerius
2552 1646 2829 1701 Maximus.
2866 1646 3106 1703 chatos
3144 1666 3354 1705 rursum
3406 1653 3514 1707 llo-

1914 1752 2017 1791 mte
2042 1735 2398 1801 Christianos,
2429 1736 2578 1791 Lucii
2619 1741 2934 1808 martyrium
2982 1740 3240 1808 declarat,
3270 1759 3375 1813 quo
3402 1745 3512 1813 Cy-

1918 1828 2086 1897 priani
2130 1827 2434 1881 vaticinium
2469 1827 2745 1897 impletum
2800 1840 2903 1884 est.
2936 1830 3197 1887 Lauream
3246 1836 3389 1889 enim
3424 1837 3516 1891 ille

1915 1919 2141 1990 adeptus
2180 1919 2351 1973 fertur
2387 1919 2543 1973 nonis
2608 1920 2850 1985 martiis,
2898 1930 3021 1990 post
3065 1939 3223 1993 quem
3278 1926 3516 1983 Ecclesia

1915 2014 2155 2070 Romana
2185 2012 2545 2083 pontificatum
2572 2012 2845 2083 Stephano
2873 2013 3083 2069 detulit.
3108 2016 3217 2071 Nec
3255 2018 3434 2072 minus
3462 2020 3515 2073 in

1917 2110 2095 2165 Africa
2140 2108 2331 2164 eodem
2386 2118 2627 2177 tempore
2673 2117 2860 2162 contra
2917 2108 3214 2164 Ecclesiam
3266 2112 3513 2166 szevitum

1918 2217 2058 2267 esse,
2089 2201 2289 2255 indicat
2307 2199 2565 2271 Cypriani
2606 2200 2739 2255 liber
2778 2200 2843 2254 ad
2878 2201 3294 2269 Demetrianum,
3330 2204 3445 2259 sive
3472 2204 3517 2258 is

1919 2293 2231 2363 proconsul,
2265 2291 2379 2345 sive
2425 2292 2760 2360 proconsulis
2801 2308 3045 2347 assessor
3088 2293 3271 2361 fuerit,
3304 2296 3517 2351 hostem

1918 2393 2063 2440 certe
2113 2383 2393 2439 christiani
2444 2385 2679 2439 nominis
2731 2385 3051 2439 acerrimum
3100 2396 3152 2441 et
3205 2388 3519 2444 crudelissi-

1920 2493 2087 2543 mum,
2118 2476 2481 2546 eumdemque
2503 2476 2799 2546 sophistam
2830 2476 3068 2546 ineptum
3099 2488 3259 2545 atque
3288 2480 3517 2536 maledi-

1918 2587 2040 2627 cum
2070 2572 2506 2626 conviciatorem.
2550 2571 2605 2625 In
2635 2587 2701 2625 co
2737 2574 2877 2625 enim
2912 2572 3049 2627 libro
3078 2574 3376 2644 Cyprianus
3427 2592 3520 2631 va-

1918 2663 1997 2717 ria
2030 2678 2311 2733 prenarum
2340 2677 2559 2729 genera,
2589 2677 2721 2732 quas
2751 2672 2859 2716 tum
2914 2662 3204 2720 Christiani
3247 2667 3517 2729 subirent.

1921 2756 1999 2810 sic
2026 2766 2307 2811 enumerat
2332 2754 2434 2825 (Ad
2453 2752 2666 2808 'Demet.
2693 2772 2745 2822 p.
2780 2755 2907 2809 516.
2952 2754 3079 2825 Voy.
3106 2756 3349 2811 Bolland.
3377 2771 3412 2812 ι.
3446 2777 3519 2826 tv,

1922 2857 2052 2918 sept.
2081 2866 2134 2918 p.
2162 2846 2332 2916 289):
2369 2865 2386 2896 ‹
2421 2846 2705 2911 Innuxios,
2758 2845 2932 2914 justos
2954 2889 2967 2910 ,
3002 2848 3108 2902 Dco
3162 2865 3318 2902 caros
3359 2851 3522 2907 domo

1924 2943 2122 3012 privas,
2171 2941 2494 3012 patrimonio
2526 2942 2746 3009 spolias,
2790 2943 2993 2995 catenis
3038 2946 3257 3010 premis,
3302 2960 3521 3003 carcere

1926 3035 2177 3101 includis,
2226 3034 2403 3105 gladio
2424 3074 2437 3100 ,
2470 3034 2679 3099 bestiis,
2713 3033 2922 3102 ignibus
2952 3035 3143 3104 punis;
3198 3052 3296 3090 nec
3326 3039 3520 3094 saltem

236 3157 256 3190 c
294 3154 377 3194 res
405 3146 459 3191 et
502 3143 744 3191 coronat.
778 3153 796 3186 ι
831 3134 961 3189 Haec
1009 3147 1170 3202 porro
1223 3139 1350 3186 nota
1379 3130 1627 3185 omnibus
1671 3144 1815 3195 esse,
1844 3131 1888 3195 Ο
1923 3137 2208 3184 contentus
2236 3142 2295 3181 es
2321 3126 2569 3181 dolorum
2603 3133 2909 3180 nostrorum
2931 3128 3273 3196 compendio,
3307 3140 3359 3183 et
3388 3132 3524 3184 sim-

232 3230 464 3286 maxime
491 3228 777 3294 intererat,
810 3236 863 3281 et
907 3224 999 3296 qui
1031 3225 1145 3279 haec
1190 3223 1523 3288 didicissent,
1566 3222 1819 3292 Sperabat

230 3322 547 3394 Cyprianus,
581 3321 625 3375 si
656 3320 794 3375 forte
831 3317 1113 3389 quaestioni
1146 3332 1204 3372 se
1233 3316 1467 3387 impares
1510 3315 1814 3381 crederent,

227 3426 282 3471 et
310 3423 697 3472 tormentorum
724 3422 869 3469 metu
900 3411 1249 3483 trepidarent,
1282 3410 1405 3482 fuga
1448 3410 1549 3465 sibi
1572 3424 1668 3465 eos
1693 3424 1823 3464 con-

229 3509 485 3571 sulturos,
512 3522 581 3561 ne
619 3505 761 3576 capti
790 3505 949 3560 fidem
981 3503 1267 3571 violarent,
1296 3502 1625 3572 nefariisque
1651 3500 1822 3556 sacri-

207 3601 369 3657 ‘ftciis
397 3600 790 3672 polluerentur.

300 3695 423 3750 Xll.
474 3694 769 3749 Postrema:
818 3691 1067 3747 exeuntis
1110 3694 1237 3745 anni
1282 3689 1475 3745 litterae
1502 3704 1531 3743 a
1558 3689 1829 3759 Cypriano

228 3787 650 3858 accepitLucius
666 3786 913 3842 Pontifex
936 3786 1223 3849 maximus,
1248 3784 1481 3854 quicum
1504 3783 1662 3852 paulo
1682 3793 1826 3847 ante,

230 3888 490 3950 suscepto
516 3880 604 3934 vix
629 3878 961 3943 sacerdotio,
992 3878 1046 3934 in
1074 3877 1293 3932 exilium
1328 3887 1481 3931 actus
1526 3883 1693 3939 esset,
1743 3888 1829 3929 re-

227 3973 342 4029 dux
390 3972 501 4043 jam
545 3971 611 4027 ad
641 3970 942 4027 Ecclesiam
987 3986 1138 4027 suam
1164 3984 1354 4041 magna
1381 3969 1617 4025 omnium
1648 3968 1830 4022 laetitia

227 4075 602 4124 remeaverat.
651 4065 777 4121 Hrec
828 4065 1078 4120 nimirum
1133 4074 1192 4120 ut
1235 4064 1534 4136 Cyprianus
1577 4062 1831 4129 rescivit,

224 4159 403 4215 officii
456 4159 539 4214 sui
591 4158 799 4229 putavit
848 4172 992 4225 esse,
1046 4166 1104 4211 ut
1168 4157 1245 4212 illi
1312 4155 1543 4211 reditum
1606 4154 1838 4226 gratula-

226 4264 411 4310 retur.
468 4273 486 4306 ι
545 4254 613 4311 Ει
665 4267 836 4324 nuper
892 4251 1145 4322 quidem,
1208 4250 1381 4321 inquit
1430 4249 1624 4319 (epist.
1676 4247 1830 4317 58),

232 4364 253 4396 ι
295 4347 423 4413 tibi,
454 4346 620 4401 frater
648 4345 989 4412 charissime,
1043 4344 1290 4415 gratulati
1343 4358 1560 4405 sumus,
1609 4358 1732 4398 cum
1781 4348 1835 4396 te

233 4458 253 4492 ‹
296 4440 515 4495 honore
542 4439 814 4509 geminato
845 4439 897 4493 in
943 4437 1200 4493 Ecclesia:
1226 4452 1336 4492 sum
1365 4434 1837 4491 administratione

230 4551 251 4584 ε
291 4532 674 4591 confessorem
694 4532 895 4603 pariter
917 4538 973 4587 et
988 4529 1338 4587 Sacerdotem
1362 4527 1638 4584 constituit
1657 4525 1835 4581 divina

228 4644 251 4677 ι
292 4627 569 4698 dignatio.
602 4624 767 4681 Sedet
795 4639 940 4680 nunc
975 4640 1084 4679 non
1114 4624 1293 4679 minus
1323 4620 1416 4677 tibi
1448 4629 1502 4675 et
1549 4618 1837 4675 comitibus

1922 3217 2047 3289 plici
2075 3233 2139 3272 ac
2167 3216 2340 3271 veloci
2364 3218 2628 3271 brevitate
2656 3231 2960 3286 poenarum.
3007 3217 3281 3274 Admoves
3315 3222 3522 3277 lanian-

1925 3313 2009 3368 dis
2037 3311 2351 3382 corporibus
2400 3310 2557 3381 longa
2606 3318 2894 3377 tormenta,
2926 3312 3250 3380 multipliras
3281 3315 3524 3369 laceran-

1928 3406 2011 3461 dis
2037 3403 2334 3459 visceribus
2376 3417 2662 3458 numerosa
2693 3403 2979 3472 supplicia,
3023 3420 3122 3458 nec
3152 3404 3338 3461 feritas
3364 3420 3525 3479 atque

1930 3497 2235 3553 immanitas
2264 3504 2351 3549 tua
2380 3495 2589 3549 usitatis
2618 3503 2793 3565 potest
2820 3504 3067 3549 contenta
3117 3512 3235 3551 esse
3286 3509 3526 3556 tormen-

1934 3591 1999 3645 tis
2043 3606 2056 3642 :
2104 3589 2376 3659 excogitat
2407 3603 2575 3643 novas
2616 3602 2803 3657 poenas
2836 3588 3112 3658 ingeniosa
3149 3592 3463 3649 crudelitas.
3501 3615 3520 3647 ι

1931 3682 2043 3739 Nec
2066 3697 2196 3738 vero
2222 3682 2384 3735 alium
2414 3681 2466 3735 in
2495 3696 2692 3734 annum
2737 3680 2873 3734 liber
2906 3681 2994 3735 ille
3042 3681 3296 3749 Cypriani
3337 3685 3526 3741 referri

1931 3781 2141 3845 potest,
2171 3788 2291 3827 cum
2315 3781 2372 3829 et
2406 3771 2628 3825 Pontius
2660 3768 2750 3839 (In
2780 3771 2883 3822 vita
2912 3770 3068 3839 Cypr.
3098 3788 3153 3824 η.
3183 3774 3238 3841 7)
3266 3777 3526 3846 scriptum

1934 3866 2183 3922 ostendat
2226 3874 2348 3936 post
2384 3863 2579 3917 librum
2617 3881 2635 3913 r
2682 3862 2751 3917 de
2797 3862 3051 3916 Oratione
3085 3864 3378 3935 Dominica,
3420 3890 3438 3922 ι
3473 3880 3530 3925 et

1935 3958 2235 4030 Cyprianus
2299 3957 2415 4026 ipse
2480 3954 2799 4024 pestilentia:
2864 3964 3074 4023 tempus
3123 3956 3368 4027 designet
3426 3961 3528 4031 (ad

1936 4051 2163 4106 Demetr.
2198 4067 2251 4119 p.
2286 4047 2391 4103 508
2432 4056 2477 4100 et
2516 4045 2669 4116 5H),
2711 4061 2829 4115 qua:
2860 4047 2959 4099 hoc
3007 4061 3150 4101 anno
3177 4049 3407 4105 Africam
3442 4052 3528 4105 in-

1936 4143 2093 4197 vasit.
2125 4140 2258 4195 Nam
2307 4147 2543 4193 veterem
2586 4136 2731 4190 illam
2775 4136 3095 4189 calumniam
3154 4137 3529 4198 Demetrianus

1937 4237 1989 4291 in
2022 4234 2209 4305 primis
2240 4229 2554 4295 renovabat,
2588 4227 2844 4298 quidquid
2885 4227 3096 4283 adversi
3142 4245 3363 4301 usquam
3414 4235 3530 4289 exi-

1938 4335 2526 4396 steret,quamcumque
2557 4320 2857 4389 respublica
2882 4320 3243 4378 calamitatem
3285 4328 3527 4395 accepis-

1937 4430 2039 4485 set,
2098 4418 2432 4475 Christianos
2480 4398 2621 4485 jure‘
2654 4412 2931 4480 accusari,
2980 4428 3275 4486 eorumque
3323 4433 3529 4484 causae;

1939 4516 2027 4587 qui
2060 4513 2277 4569 numina
2303 4515 2717 4567 contemnerent
2745 4507 2911 4560 iratos
2944 4506 3081 4560 Deos
3111 4522 3298 4575 poenas
3321 4510 3533 4565 violatae

1940 4606 2233 4678 rnajeslatis
2280 4604 2349 4659 ab
2397 4601 2646 4656 omnibus
2692 4597 3007 4652 mortalibus
3039 4610 3304 4668 repetere.
3360 4600 3531 4665 Quam

228 4740 251 4773 r
296 4687 416 4777 tuis
454 4731 616 4792 atque
646 4719 912 4775 universae
960 4716 1284 4773 fraternitati
1307 4713 1665 4786 gratulamur,
1694 4711 1836 4782 quod
1862 4716 1915 4775 D
1941 4699 2124 4769 υιὶίιιιε
2167 4693 2490 4792 Cfllumniam
2545 4689 2845 4789 (ἷὶῬτξδηιυδ
2876 4704 2940 4789 ῗο
2972 4687 3109 4788 ίίίπξ)
3152 4690 3389 4792 bellum?
3419 4706 3530 4792 ηδε·

228 4833 252 4866 ι
293 4830 432 4871 cum
462 4813 651 4869 eadem
682 4812 873 4883 gloria,
905 4818 961 4865 et
1001 4810 1248 4865 laudibus
1270 4808 1464 4863 vestris
1488 4804 1716 4861 reduces
1743 4818 1841 4859 vos

230 4927 253 4963 ‹
299 4910 495 4965 denuo
550 4908 619 4962 ad
658 4921 786 4962 suos
840 4904 1028 4960 fecerit
1072 4903 1303 4973 benigna
1351 4899 1561 4955 Domini
1615 4906 1670 4954 et
1696 4897 1840 4967 larga

231 5024 255 5057 ς
300 5003 605 5074 protectio,
631 5010 689 5056 ut
715 4999 987 5071 parcendo
1010 4998 1155 5069 gregi
1180 5004 1383 5065 pastor,
1407 5003 1462 5049 et
1482 4990 1844 5064 gubernandre

229 5116 254 5150 ‹
299 5097 437 5152 navi
463 5096 809 5167 gubernator,
834 5101 889 5148 et
907 5091 1047 5162 plebi
1073 5088 1323 5160 regenda:
1338 5094 1519 5143 rector
1534 5084 1842 5146 adderetur;

230 5210 252 5243 σ
296 5200 361 5248 et
380 5197 685 5261 appareret,
704 5185 1082 5257 relegationem
1102 5191 1336 5238 vestram
1360 5179 1438 5234 sic
1458 5177 1712 5233 divinitus
1723 5189 1846 5230 esse

230 5303 253 5337 σ
301 5282 671 5354 dispositam,
704 5295 811 5335 non
843 5287 900 5332 ut
927 5277 1213 5347 episcopus
1264 5272 1540 5341 relegatus
1577 5276 1631 5323 et
1658 5265 1850 5336 pulsus

229 5395 253 5429 c
303 5374 582 5432 Ecclesiae
601 5372 837 5439 deesset,
869 5370 962 5425 sed
987 5376 1047 5423 ut
1071 5367 1137 5422 ad
1176 5363 1473 5421 Ecclesiam
1505 5358 1677 5429 major
1705 5355 1852 5410 redi-

230 5489 254 5524 σ
298 5476 426 5525 ret.
466 5486 484 5519 ι
530 5466 642 5523 Sub
691 5465 853 5520 finem
884 5461 1132 5518 ecclesiae
1176 5473 1289 5513 suae
1319 5453 1550 5510 studium
1579 5465 1704 5520 erga
1728 5460 1851 5503 eum

220 5567 674 5624 commemorat,
699 5567 753 5613 et
777 5564 981 5613 certam
1029 5549 1272 5620 martyrii
1301 5562 1451 5617 spem
1483 5543 1648 5599 facit:
1689 5559 1707 5591 ‹
1745 5539 1853 5594 Rc-

230 5672 257 5707 c
304 5659 719 5725 praesentantes
736 5648 888 5704 vobis
900 5662 996 5717 per
1012 5642 1295 5715 epistolam
1312 5637 1563 5710 gaudium
1589 5645 1855 5700 nostrum,

231 5768 258 5801 ε
306 5724 433 5803 fida
452 5742 710 5816 obsequia
736 5738 1013 5798 charitatis
1030 5735 1418 5808 expromimus,
1454 5730 1541 5786 hic
1564 5741 1777 5799 quoque
1806 5724 1859 5780 in

228 5860 258 5901 ί
311 5839 616 5898 sacrificiis
642 5846 805 5907 atque
826 5835 880 5889 in
907 5829 1249 5889 orationibus
1269 5826 1470 5885 nostris
1496 5839 1607 5881 non
1639 5835 1843 5880 cessau~

759 5930 1034 5997 PATROL.
1069 5921 1171 5986 ιιι.

1944 4805 2160 4862 gressus
2186 4788 2290 4842 hoc
2310 4799 2453 4839 anno
2480 4791 2585 4848 est,
2617 4779 2707 4849 qui
2755 4779 2986 4833 maxime
3018 4778 3325 4849 reipublicae
3357 4782 3533 4837 infau-

1944 4892 2060 4939 stus
2087 4881 2201 4935 fore
2226 4876 2507 4932 videbatur
2537 4892 2551 4929 :
2586 4870 3139 4940 Commemoratisque
3182 4873 3535 4927 barbarorum

1946 4972 2346 5031 incursionibus
2396 4979 2450 5023 et
2504 4965 2787 5020 sterilitate
2830 4971 2884 5017 et
2939 4961 3100 5026 fame,
3145 4963 3337 5031 quibus
3382 4964 3538 5020 malis

1945 5069 2147 5143 jamdiu
2171 5064 2317 5121 orbis
2350 5062 2623 5115 Romanus
2660 5054 3040 5119 afflictabatur,
3066 5070 3171 5108 non
3202 5055 3538 5111 Christiano-

1950 5176 2069 5217 rum
2093 5158 2269 5227 culpa,
2314 5153 2410 5209 sed
2460 5149 2759 5206 sceleribus
2792 5146 3161 5211 Ethnicorum,
3196 5164 3313 5215 quae
3342 5148 3393 5201 in
3426 5149 3540 5205 dies

1952 5251 2302 5313 crescebant;
2362 5246 2451 5301 illa
2521 5255 2734 5312 quoque
2798 5239 2994 5308 adjecit
3043 5237 3204 5310 (Ibid.
3266 5259 3317 5309 ρ,
3372 5242 3540 5309 δίνης

1960 5366 1978 5399 ι
2006 5347 2221 5401 Pestem
2253 5349 2307 5394 et
2351 5339 2494 5392 luem
2538 5332 2864 5397 criminaris,
2896 5346 3013 5384 cum
3051 5338 3201 5399 peste
3227 5331 3337 5400 ipsa
3372 5341 3426 5386 et
3455 5332 3543 5388 lue

1954 5439 2041 5495 vel
2076 5437 2286 5492 detecta
2331 5431 2439 5485 sint
2468 5428 2553 5483 vel
2580 5436 2734 5481 aucta
2766 5424 2987 5479 crimina
3034 5424 3384 5494 singulorum,
3416 5426 3543 5481 dum

1958 5544 2055 5586 nec
2076 5526 2301 5583 infirmis
2327 5520 2609 5577 exhibetur
2637 5514 3022 5581 misericordia,
3046 5524 3101 5570 et
3129 5515 3393 5571 defunctis
3419 5532 3547 5573 ava-

1958 5624 2082 5680 ritia
2118 5618 2285 5675 inhiat
2313 5630 2375 5669 ac
2406 5612 2613 5683 rapina.
2648 5609 2812 5663 Iidem
2862 5606 2929 5662 ad
2975 5607 3186 5677 pietatis
3225 5608 3543 5679 obsequium

1962 5713 2157 5779 timidi,
2188 5710 2253 5765 ad
2285 5707 2445 5778 impia
2488 5704 2634 5759 lucra
2666 5699 2963 5761 temerarii,
2995 5697 3256 5768 fugientes
3304 5700 3543 5755 morien-

1964 5810 2097 5867 tium
2129 5804 2314 5860 funera
2342 5842 2358 5870 ,
2403 5807 2456 5853 ct
2497 5801 2812 5866 appetentes
2867 5789 3034 5860 spolia
3090 5798 3457 5859 mortuorum;
3492 5800 3549 5853 ut

3037 5876 3113 5943 ῖιϐ
