4134 6256
637 313 774 372 ιιει
1926 294 2295 362 MORCELU,

637 434 915 499 appareat.
950 425 1002 480 in
1031 420 1350 493 {egritudine
1379 431 1477 474 sua
1506 417 1739 472 miseros
1765 415 1831 471 ad
1871 416 1977 472 hoc
2001 415 2228 470 forsitan
2259 415 2304 473 Α

641 520 930 576 derelictos
969 529 1110 578 esse,
1132 528 1204 568 ne
1240 511 1454 582 possint
1479 508 1608 564 dum
1652 515 1909 561 curantur
1925 505 2180 560 evadere.
2214 522 2232 554 ι

626 616 632 630 ¹
713 613 778 667 ii.
803 611 958 666 Enim
987 621 1116 662 vero
1146 605 1190 659 si
1221 603 1346 674 quid
1375 601 1591 657 Ethnici
1620 599 1879 654 adversus
1898 597 2236 652 Christianos

641 705 709 758 de
751 700 1072 758 credulitate
1109 711 1207 753 sua
1233 697 1287 750 in
1322 704 1465 749 tanta
1495 694 1584 747 illa
1610 691 1851 745 omnium
1883 689 2241 758 trepidatione

640 795 996 854 remiserunt;
1027 799 1082 844 at
1108 789 1248 842 alius
1274 787 1456 854 utique
1475 798 1700 853 campus
1732 783 1796 836 iis
1825 780 2025 852 patuit,
2052 781 2103 833 in
2131 793 2239 849 quo

637 887 810 940 virtus
862 897 1049 948 eorum
1106 892 1400 934 excurrere
1428 874 1788 944 cognoscique
1817 881 2016 940 posset.
2048 889 2068 923 ι
2103 871 2240 925 Eru-

639 978 716 1047 pit
745 972 1164 1044 postmodum,»
1197 970 1367 1038 inquit
1397 966 1625 1022 Pontius
1653 963 1746 1029 (In
1772 964 1888 1018 eod.
1921 964 2045 1029 vita,
2070 979 2125 1015 η.
2153 961 2234 1031 9),

647 1069 794 1124 clues
818 1065 936 1121 dira
963 1073 1019 1118 et
1045 1060 1384 1118 detestabilis
1397 1058 1572 1113 morbi
1592 1057 1818 1112 vastitas
1851 1057 2036 1117 nimia,
2073 1056 2230 1110 innu-

638 1174 821 1215 meros
855 1173 950 1227 per
974 1155 1117 1210 diem
1149 1152 1374 1223 populos
1414 1167 1441 1202 a
1473 1166 1568 1203 sua
1611 1163 1879 1218 quemque
1913 1147 2043 1201 sede
2073 1148 2237 1200 abru-

639 1261 732 1319 pto
762 1253 963 1318 impetu
991 1245 1205 1314 rapiens
1228 1286 1243 1310 ,
1275 1241 1618 1296 continuatus
1647 1255 1742 1308 per
1774 1238 2018 1293 ordinem
2048 1240 2238 1292 domos

638 1342 787 1412 vulgi
821 1337 1100 1395 trementis
1139 1335 1355 1390 invasit.
1391 1333 1626 1387 llorrere
1655 1347 1844 1386 omnes
1867 1372 1881 1397 ,
1915 1331 2126 1400 fugere,
2160 1332 2272 1383 vi--

643 1441 761 1485 tare
800 1429 1128 1499 contagium,
1185 1439 1459 1495 exponere
1506 1437 1635 1477 suos
1683 1423 1877 1491 impie,
1913 1422 2065 1490 quasi
2114 1437 2236 1476 cum

642 1522 737 1574 illo
764 1529 912 1590 peste
941 1519 1201 1572 morituro
1231 1516 1391 1570 etiam
1441 1523 1669 1567 mortem
1695 1513 1867 1581 ipsam
1893 1512 2087 1580 aliquis
2114 1525 2240 1580 pos-

643 1624 726 1670 set
758 1611 1069 1669 excludere.
1107 1609 1371 1665 Jacebant
1407 1606 1620 1661 interim
1655 1607 1704 1658 in
1737 1613 1846 1658 tota
1892 1605 2107 1658 civitate
2129 1618 2238 1658 non

635 1706 748 1776 jam
775 1718 996 1772 copora,
1029 1700 1124 1757 sed
1151 1699 1411 1754 cadavera
1443 1698 1815 1766 plurimorum,
1849 1705 1904 1750 et
1925 1695 2238 1749 misericor-

2337 325 2405 336 --
2445 289 2763 352 ANNALES
3757 285 3762 294 ’
3781 285 3888 348 “5'2

2337 426 2434 465 nos
2460 408 2842 466 redundarent.
2878 423 2897 459 t
2925 403 3065 476 Quid
3093 403 3296 469 aliud»,
3318 401 3636 476 aiebat(De
3663 406 3885 479 mortal.)‘,

2345 505 2395 556 in
2425 502 2624 556 mundo
2673 516 2833 570 quam
2885 513 3062 570 pugna
3117 496 3376 552 adversus
3404 496 3683 550 diabolum
3706 498 3887 565 quotidie

2341 595 2566 664 geritur,
2599 608 2758 662 quam
2807 592 3064 645 adversus
3085 588 3261 660 iacula
3317 587 3435 658 ejus
3483 596 3540 641 et
3577 587 3681 642 tela
3717 588 3888 644 conﬂic-

2345 686 2638 740 tationibus
2683 682 2916 739 assiduis
2969 678 3291 736 dimicatur?
3328 693 3452 733 cum
3499 679 3708 733 avaritia
3750 680 3886 744 nobis,

2341 791 2462 833 cum
2509 773 2838 844 impudicitia
2861 814 2876 838 ,
2905 787 3028 827 cum
3069 773 3146 826 ira
3169 811 3184 835 ,
3215 785 3337 824 cum
3364 768 3652 823 ambitione
3679 784 3891 840 congres-

2342 884 2434 924 sus
2463 877 2577 936 est,
2610 884 2730 923 cttm
2775 865 3082 922 carnalibus
3129 864 3308 929 vitiis,
3359 877 3482 916 cum
3527 862 3760 916 illecebris
3801 878 3890 917 sae-

2341 961 2614 1016 cularibus
2657 959 2870 1013 assidua
2918 966 2973 1012 et
3021 956 3252 1010 molesta
3309 953 3531 1008 luctatio
3568 961 3669 1006 ea.
3701 955 3890 1009 Obsessa

2341 1071 2496 1109 mens
2544 1054 2775 1108 hominis
2822 1062 2877 1106 et
2907 1049 3150 1120 undique
3181 1047 3380 1102 diaboli
3431 1046 3759 1101 infestatione
3800 1049 3896 1100 val-

2341 1147 2482 1208 lata,
2513 1146 2599 1199 vix
2633 1144 2869 1198 occurrit
2908 1141 3163 1212 singulis,
3207 1140 3294 1193 vix
3336 1139 3565 1192 resistit.
3619 1136 3684 1189 Si
3723 1139 3893 1193 avaritia

2341 1248 2609 1310 prostrata
2651 1248 2772 1301 est,
2815 1237 3033 1304 exurgit
3077 1234 3278 1298 libido';
3313 1234 3356 1288 si
3411 1231 3582 1286 libido
3646 1246 3890 1300 compressa

2342 1341 2458 1397 est,
2499 1330 2741 1384 succedit
2799 1328 3052 1390 ambitio;
3107 1327 3155 1381 si
3203 1324 3422 1379 ambitio
3470 1331 3772 1392 contempta
3806 1335 3892 1386 est,

2342 1424 2419 1478 ira
2473 1430 2792 1492 exasperat,
2839 1418 2988 1474 inﬂat
3044 1417 3328 1487 superbia,
3370 1415 3678 1470 vinolentia
3721 1415 3890 1479 inritat,

2342 1516 2540 1570 invidia
2582 1511 2930 1587 concordiam
2959 1509 3191 1580 rumpit,
3237 1508 3528 1562 amicitiam
3557 1507 3710 1561 zelus
3733 1507 3889 1562 abscin-

2341 1608 2440 1663 dit.
2471 1607 2694 1676 Cogeris
2723 1604 3080 1668 maledicere,
3127 1600 3268 1671 quod
3301 1599 3483 1655 dis-tua
3527 1599 3620 1653 lex
3669 1598 3889 1668 prohibet,

2341 1699 2689 1770 cotnpelleris
2732 1698 2951 1768 jurare,
2998 1695 3142 1765 quod
3190 1710 3296 1748 non
3341 1694 3488 1748 licet.
3541 1692 3652 1746 Tot
3700 1706 3890 1763 perm

641 1799 784 1854 diam
817 1798 868 1850 in
902 1811 960 1849 se
1003 1794 1391 1848 transeuntium
1437 1789 1895 1858 contemplatione
1932 1789 2095 1842 sortis
2119 1803 2240 1840 mu-
2267 1800 2314 1858 Β
2345 1793 2517 1846 tiones
2568 1791 2780 1844 animus
2833 1787 3076 1858 quotidie
3117 1786 3334 1856 patitur,
3374 1793 3452 1838 tot
3477 1785 3719 1852 periculis
3743 1793 3888 1852 pectus

643 1900 747 1942 tuae
775 1885 1106 1956 ﬂagitabant.
1153 1901 1173 1936 ι
1203 1883 1304 1937 llic
1334 1893 1441 1935 tum
1491 1880 1826 1948 Carthaginis
1865 1879 2238 1949 frequentissi-

639 1993 744 2032 mre
766 1976 915 2032 urbis
944 1983 1196 2043 aSpectus
1225 1981 1371 2028 erat:
1405 1987 1506 2027 nec
1532 1975 1583 2026 in
1610 1981 1752 2025 tanta
1783 1970 2061 2023 hominum
2083 1969 2240 2025 clade

639 2079 857 2139 tamque
897 2065 1189 2122 miserabili
1217 2065 1469 2131 squalore
1497 2075 1656 2133 atque
1689 2063 1855 2142 luctu,
1890 2063 2028 2116 inter
2050 2061 2239 2115 Ethni-

639 2177 732 2218 cos
808 2159 1184 2216 inveniebatur
1214 2199 1230 2222 ,
1280 2158 1370 2227 qui
1422 2171 1604 2211 curam
1641 2170 1860 2208 suorum
1916 2155 2236 2223 susciperet,

637 2268 905 2324 opemque
971 2250 1381 2321 implorantibus
1434 2248 1765 2302 subveniret.
1831 2247 1902 2300 At
1961 2262 2066 2302 non
2123 2245 2239 2299 haec

636 2346 928 2402 Christiani
972 2353 1218 2414 spectare
1265 2339 1723 2396 immisericordes
1752 2350 1998 2408 potuere,
2029 2347 2121 2392 aut
2162 2347 2240 2392 tot

637 2442 862 2495 miseros
906 2440 957 2492 in
993 2437 1082 2492 illa
1109 2437 1289 2506 inopia
1316 2444 1371 2489 et
1401 2434 1692 2488 solitudine
1740 2432 1823 2486 vel
1871 2431 2236 2485 alienissimos

635 2533 754 2586 sine
805 2528 1046 2585 subsidio
1075 2542 1196 2582 esse
1238 2525 1378 2594 passi
1420 2533 1543 2577 sunt
1576 2545 1587 2578 :
1615 2538 1751 2592 quos
1788 2523 1949 2577 etiam
1978 2521 2234 2591 Cypriani

634 2624 810 2678 oratio
839 2621 904 2678 ad
927 2635 1135 2675 summa
1165 2619 1260 2672 illa
1295 2616 1508 2688 pietatis
1537 2625 1593 2671 et
1623 2615 2006 2670 misericordiae
2053 2614 2234 2668 munia

635 2715 1085 2771 inflammaverat.
1119 2711 1252 2768 Nam
1281 2720 1632 2765 convocalam
1659 2717 1817 2764 antea
1848 2708 2058 2778 plebem
2079 2721 2234 2776 egre-

634 2811 737 2880 giis
777 2807 1054 2878 Evangelii
1107 2804 1446 2860 documentis
1495 2803 1843 2859 instituerat:
1881 2821 1899 2853 ι
1938 2801 2054 2855 Non
2111 2814 2232 2856 esse

638 2903 886 2958 mirabile
916 2901 1098 2972 (Pent.
1132 2900 1184 2952 in
1216 2899 1316 2952 vita
1335 2897 1494 2968 Cypr.
1527 2914 1578 2966 ρ.
1611 2895 1692 2966 9),
1719 2896 1765 2949 si
1791 2903 2005 2949 nostros
2027 2901 2231 2947 tantum

637 2993 820 3048 debito
847 2991 1126 3047 cbaritatis
1147 2989 1408 3057 obsequio
1435 2987 1740 3043 foveremus
1760 3001 1771 3035 :
1788 3000 1909 3039 eum
1937 2983 2231 3056 perfectum

639 3099 800 3153 posse
843 3082 980 3146 fieri,
1010 3083 1100 3151 qui
1148 3080 1268 3149 plus
1307 3079 1507 3148 aliquid
1541 3078 1833 3133 Publicano
1879 3078 1963 3132 vel
2009 3075 2234 3131 Ethnico

636 3177 862 3239 fecerit;
893 3177 984 3246 qui
1014 3177 1209 3230 malum
1235 3175 1377 3230 bono
1404 3173 1625 3227 vincens
1649 3213 1662 3235 ,
1695 3181 1751 3226 et
1776 3171 1972 3226 divina:
1995 3171 2237 3225 clemen—

639 3273 726 3328 tiae
781 3273 951 3325 instar
1007 3284 1310 3332 exercens,
1372 3266 1618 3318 inimicos
1673 3279 1886 3332 quoque
1938 3263 2233 3317 dilexerit:

639 3363 731 3432 qui
764 3377 859 3430 pro
881 3359 1316 3430 persequentium
1346 3372 1402 3409 se
1429 3355 1622 3421 salute,
1649 3355 1805 3408 sicuti
1837 3355 2091 3424 Dominus
2124 3369 2236 3407 mo-

639 3464 734 3508 net
763 3461 818 3507 et
869 3451 1134 3513 hortatur,
1168 3447 1337 3501 orarit
1384 3464 1401 3496 ι
1439 3456 1547 3499 tum
1599 3445 1690 3498 illa
1719 3445 1880 3497 etiam
1907 3443 2188 3498 addiderat
2220 3464 2233 3500 :

648 3562 665 3595 ι
703 3543 844 3597 Oriri
873 3542 1012 3596 Deus
1046 3538 1168 3593 facit
1189 3538 1390 3608 jugiter
1418 3537 1588 3590 solem
1615 3549 1792 3599 suum,
1825 3546 1879 3589 et
1911 3535 2113 3602 pluvias
2143 3550 2236 3589 su-

641 3633 803 3689 binde
843 3629 1146 3687 nutriendis
1176 3628 1471 3684 seminibus
1523 3626 1792 3694 impertit;
1825 3624 2240 3680 exhibenscun-

643 3737 726 3782 cta
755 3727 854 3780 ista
887 3739 992 3778 non
1025 3722 1138 3778 suis
1163 3730 1392 3785 tantum,
1427 3719 1521 3774 scd
1549 3720 1710 3774 etiam
1739 3712 1963 3782 alienis;
1987 3728 2042 3771 et
2068 3718 2158 3788 qui
2181 3734 2241 3774 se

645 3819 741 3876 Dei
763 3819 921 3872 etiam
950 3816 1114 3870 lilium
1161 3829 1282 3870 esse
1319 3812 1603 3883 proﬁtetur
1623 3853 1636 3876 ,
1666 3827 1763 3868 cur
1795 3828 1903 3866 non
1927 3814 2237 3882 exemplum

649 3911 826 3965 Patris
863 3906 1140 3963 imitatur?
1172 3904 1502 3975 respondere
1531 3919 1628 3959 nos
1661 3905 1821 3958 decet
1843 3904 2114 3960 natalibus
2145 3920 2246 3959 no-

648 4003 795 4064 stris,
825 4011 877 4056 et
907 4014 1044 4070 quos
1087 4007 1302 4052 renatos
1337 4012 1433 4066 per
1466 3997 1630 4051 Deum
1678 4005 1910 4060 constat,
1948 3996 2244 4067 degeneres

650 4109 770 4150 esse
810 4107 917 4146 non
960 4089 1225 4160 congruit,
1255 4088 1350 4143 sed
1383 4087 1600 4157 probari
1631 4090 1806 4156 potius
1837 4087 1889 4140 in
1928 4088 2114 4143 sobole
2135 4096 2243 4144 tra-

652 4186 840 4241 ducem
864 4184 988 4238 boni
1018 4182 1185 4250 patris
1210 4181 1556 4234 mmulatione
1585 4179 1859 4242 bonitatis.
1885 4179 2048 4247 )Quid
2067 4180 2243 4248 plura?

650 4278 734 4332 vel
767 4275 981 4331 desides
1021 4273 1186 4327 animi
1231 4272 1488 4342 Cypriani
1524 4271 1702 4327 verbis
1743 4272 1983 4336 excitati,
2012 4271 2244 4325 mirabili

654 4367 891 4424 omnium
931 4365 1292 4435 juvandorum
1333 4363 1514 4419 studio
1559 4379 1838 4420 exercere.
1877 4383 1897 4416 ‹
1953 4365 2242 4419 Distributa

2261 3135 2304 3196 C

2343 1895 2558 1954 urgetur
2599 1900 2613 1936 :
2660 1891 2716 1936 et
2759 1881 2997 1936 delectat
3037 1878 3127 1932 hic
3172 1878 3312 1931 inter
3355 1875 3555 1929 diaboli
3602 1874 3777 1946 gladios
3814 1873 3885 1926 diu

2341 1985 2522 2040 stare,
2553 1989 2676 2027 cum
2710 1972 2882 2041 magis
2921 1967 3415 2038 concupiscendum
3457 1966 3516 2020 ﬁt
3551 1976 3608 2020 et
3647 1965 3885 2035 modum

2340 2069 2406 2124 ad
2469 2068 2745 2122 Christum
2803 2064 3158 2118 subveniente
3213 2061 3454 2115 velocius
3509 2069 3670 2112 morte
3715 2071 3878 2126 prope-

2341 2161 2501 2216 rare?
2531 2178 2550 2211 ι
2597 2159 2771 2225 Atque
2815 2159 2916 2212 hoc
2953 2158 3042 2211 ille
3095 2157 3324 2224 primum
3381 2155 3433 2207 in
3477 2154 3617 2206 bonis
3659 2167 3871 2206 numera-

2339 2253 2448 2320 bat,
2475 2261 2557 2306 tot
2586 2251 2742 2305 malis
2777 2265 2965 2304 carere
2986 2293 3000 2316 ,
3032 2262 3314 2317 aevumque
3353 2247 3563 2301 beatum
3583 2256 3716 2315 atque
3738 2253 3868 2297 ater-

2339 2360 2466 2399 num
2517 2343 2622 2397 vita
2673 2341 2776 2396 hac
2824 2341 3017 2395 misera
3066 2348 3124 2395 et
3169 2339 3370 2394 caduca
3421 2348 3648 2392 mutare.
3679 2336 3769 2390 Sed
3805 2336 3880 2389 illa

2337 2438 2533 2499 etiam,
2563 2435 2757 2503 quibus
2783 2443 2892 2487 tum
2913 2447 3142 2502 corpora
3169 2431 3587 2495 afflictabantur,
3612 2429 3888 2484 Christianis

2336 2528 2473 2582 mala
2493 2543 2596 2580 non
2621 2541 2741 2582 esse
2765 2525 3015 2580 docebat.
3040 2543 3061 2576 ‹
3091 2524 3226 2590 Hoc,
3257 2542 3276 2575 ι
3321 2521 3719 2595 ἱηῳιὶι(1ὑὶἀ.),
3750 2520 3888 2590 «quod

2335 2635 2474 2676 nunc
2523 2619 2765 2688 corporis
2789 2619 2934 2673 vires
2980 2617 3186 2672 solutus
3215 2615 3477 2671 inﬂuxum
3523 2627 3706 2671 venter
3723 2617 3890 2668 evisce-

2337 2723 2414 2769 rat
2437 2756 2452 2780 ,
2482 2713 2622 2784 quod
2667 2713 2722 2766 in
2751 2712 2987 2766 faucium
3010 2712 3232 2765 vulnera
3279 2720 3582 2779 conceptus
3635 2709 3890 2765 medullitus

2335 2809 2475 2878 ignis
2502 2814 2783 2871 extestuat,
2831 2805 2972 2874 quod
3027 2803 3248 2858 assiduo
3290 2804 3498 2858 vomitu
3529 2803 3759 2858 intestina
3779 2815 3887 2870 qua-

2337 2902 2562 2960 tiuntur.
2593 2899 2735 2970 quod
2781 2900 2921 2953 oculi
2962 2899 3011 2951 vi
3059 2898 3337 2968 sanguinis
3379 2898 3749 2958 inardescunt,
3777 2894 3896 2964 quod

2356 2993 2711 3065 quorumdam
2735 2993 2822 3047 vel
2860 2993 3045 3063 pedes,
3077 2992 3156 3047 vel
3185 2993 3378 3062 aliqua
3423 2993 3768 3048 membroru
3790 3004 3891 3058 par-

2341 3097 2420 3143 tes
2462 3086 2710 3156 contagio
2749 3085 3006 3141 morbida:
3049 3085 3349 3154 putredinis
3393 3094 3745 3154 amputantur,
3772 3079 3894 3152 quod

2338 3194 2434 3248 per
2465 3179 2702 3248 iacturas
2741 3186 2795 3230 et
2831 3178 3024 3230 damna
3075 3191 3382 3245 corporum,
3418 3185 3781 3248 prorumpente
3803 3174 3903 3227 lan-

2339 3285 2507 3339 guore
2533 3312 2547 3336 ,
2580 3269 2665 3322 vel
2698 3267 3012 3323 debilitatur
3039 3268 3302 3334 incessus,
3347 3268 3432 3323 vel
3465 3269 3666 3321 auditus
3689 3265 3908 3321 obstrui-

2341 3371 2445 3423 tur,
2487 3363 2568 3416 vel
2619 3371 2862 3416 etecatur
2908 3370 3189 3432 aspectus,
3229 3362 3298 3414 ad
3347 3361 3691 3414 documentum
3745 3356 3899 3424 proﬁ-

2339 3455 2412 3507 cit
2431 3453 2572 3508 fidei.
2595 3452 2796 3508 Contra
2823 3444 2900 3507 tot
2921 3453 3155 3522 impetus
3176 3455 3440 3508 vastitatis
3455 3461 3505 3506 et
3521 3451 3699 3505 mortis
3720 3450 3904 3503 incoa-

2341 3545 2483 3599 cussi
2536 3545 2698 3598 animi
2756 3544 3042 3599 virtutibus
3103 3545 3402 3614 congredi,
3457 3553 3643 3615 quanta
3691 3541 3916 3612 pectoris

2344 3636 2652 3706 magnitudo
2677 3646 2760 3692 est
2776 3677 2790 3703 ,
2821 3647 3019 3707 quanta
3049 3637 3351 3692 sublimitas
3371 3638 3515 3692 inter
3532 3638 3712 3691 ruinas
3729 3634 3917 3706 generis

2344 3729 2558 3785 humani
2599 3737 2745 3784 stare
2765 3738 3032 3792 erectum,
3060 3744 3160 3784 nec
3181 3744 3303 3782 cum
3345 3729 3434 3784 eis
3453 3770 3469 3793 ,
3494 3729 3690 3799 quibus
3715 3742 3835 3795 spes
3876 3725 3924 3779 in

2346 3823 2510 3878 Deum
2563 3821 2713 3876 nulla
2761 3830 2885 3885 est,
2915 3823 3117 3889 jacere.
3145 3831 3493 3890 prostratam.
3541 3841 3564 3874 ο
3611 3821 3733 3878 lam
3779 3829 3835 3876 et
3862 3826 3932 3873 tot

2346 3923 2546 3970 mortes
2595 3913 2840 3969 beneficii
2895 3915 3014 3969 loco
3063 3914 3336 3969 habendas
3391 3930 3520 3970 esse
3566 3912 3931 3970 contendebat.

2353 4026 2370 4058 t
2401 4007 2702 4076 lmprtwidi,
2729 4025 2753 4060 st
2790 4007 2962 4076 inquit
3002 4005 3173 4078 (Ibid.
3207 4024 3257 4075 ρ.
3291 4007 3426 4075 155)
3452 4048 3467 4071 ,
3499 4018 3605 4062 «et
3857 4019 3936 4058 su-

2346 4114 2464 4154 mus
2487 4139 2501 4163 ,
2538 4095 2733 4152 fratres
2763 4097 3135 4163 dilectissimi,
3183 4097 3248 4151 ad
3290 4096 3472 4152 divina
3515 4097 3941 4162 beneficia,nec

2345 4188 2473 4257 quid
2531 4188 2684 4246 nobis
2727 4187 3054 4250 conferatur,
3097 4188 3460 4258 agnoscimus.
3510 4186 3940 4244 Exoeduatm

2344 4281 2397 4333 in
2429 4295 2559 4348 pace
2583 4288 2708 4332 tuta:
2731 4295 2852 4334 cum
2876 4279 3044 4348 gloria
3089 4294 3184 4334 sua
3218 4280 3474 4348 virgines,
3499 4280 3793 4336 venientis
3823 4278 3948 4333 Auti-

2347 4371 2531 4426 christi
2558 4371 2732 4425 minas
2761 4381 2814 4424 et
2840 4371 3178 4438 corruptelas
3203 4380 3257 4426 et
3287 4371 3575 4440 lupanaria
3627 4388 3752 4428 non
3783 4372 3948 4427 tinia-

653 4470 944 4527 suntergo,
967 4476 986 4508 ι
1014 4456 1189 4524 inquit
1211 4455 1432 4508 Pontius
1464 4453 1554 4523 (In
1582 4456 1703 4518 vita,
1736 4473 1792 4509 ιι.
1821 4455 1932 4528 10),
1958 4457 2245 4514 «continuo
2270 4474 2321 4532 υ
2351 4473 2430 4522 tes
2455 4482 2466 4515 :
2518 4464 2670 4532 pueri
2721 4464 3018 4533 periculum
3058 4463 3284 4519 lubrica:
3335 4466 3508 4522 etatis
3561 4467 3830 4524 evadant
3851 4509 3867 4531 ,
3904 4465 3956 4517 ad

653 4565 751 4620 pro
799 4549 1055 4620 qualitate
1104 4546 1378 4600 hominum
1429 4555 1590 4616 atque
1635 4545 1882 4600 ordinum
1926 4549 2245 4604 ministeria.

656 4643 826 4707 Multi,
869 4643 958 4711 qui
1013 4640 1258 4710 angustia
1311 4641 1642 4709 paupertatis
1697 4639 1956 4694 beneficia
2001 4650 2248 4712 sumptus

657 4733 915 4789 exhibere
955 4746 1061 4786 non
1107 4742 1373 4801 poterant,
1404 4731 1522 4801 plus
1567 4732 1868 4799 sumptibus
1899 4731 2246 4800 exhibebant,

657 4834 1064 4895 compensautes
1090 4825 1305 4893 proprio
1328 4825 1510 4880 labore
1533 4827 1834 4878 mercedem
1857 4824 2057 4880 divitiis
2077 4828 2253 4882 omni-

659 4921 759 4976 bus
785 4918 1070 4972 cariorem.
1117 4935 1135 4967 ι

732 5010 816 5064 Ill.
859 5008 1056 5064 Verum
1086 5008 1224 5060 inter
1252 5005 1347 5060 has
1376 5020 1532 5060 curas
1561 5005 1998 5062 animadvertcns
2023 5006 2254 5078 Cypria-

660 5116 795 5163 nus.
835 5100 972 5154 haud
1005 5099 1229 5163 deesse,
1276 5099 1367 5167 qui
1412 5098 1777 5167 magnitudine
1812 5099 2130 5154 calamitatis
2158 5102 2256 5156 ab-

655 5195 787 5267 jecti
827 5194 1204 5257 conciderent,
1257 5201 1311 5246 et
1340 5206 1459 5262 quae
1501 5206 1713 5246 summo
1756 5191 1847 5245 Dei
1877 5192 2114 5246 omnium
2147 5193 2254 5250 D0-

662 5287 792 5342 miui
823 5284 1048 5339 consilio
1076 5294 1130 5337 et
1161 5283 1434 5337 voluntate
1464 5280 1682 5345 ﬁebant,
1716 5283 1978 5349 patienter
2003 5285 2254 5347 tolerare,

661 5393 714 5435 et
737 5394 892 5449 aequo
921 5381 1102 5433 animo
1134 5377 1272 5431 ferre
1302 5377 1602 5430 nescirent:
1653 5391 1719 5430 ne
1749 5376 1845 5432 hos
1878 5376 2092 5446 quidem
2122 5379 2258 5436 obli-

665 5483 783 5536 tus,
817 5471 1076 5539 optimum
1109 5467 1413 5536 aegritudini
1447 5485 1633 5524 eorum
1667 5469 1965 5524 remedium
2009 5474 2251 5540 paravit,

665 5565 803 5617 libro
844 5563 908 5617 ad
941 5577 1126 5616 eorum
1182 5563 1569 5616 institutionem
1617 5563 1950 5631 proscripto,
1983 5565 2070 5618 cui
2132 5584 2149 5615 ι
2190 5565 2256 5619 de

667 5653 992 5707 mortalitate
1021 5673 1038 5702 ι
1075 5654 1285 5708 titulum
1316 5653 1460 5707 fecit.
1479 5651 1780 5708 Ostendere
1800 5655 1942 5707 enim
1971 5656 2123 5710 nisus
2152 5665 2255 5724 est,

667 5744 929 5805 permulta
959 5757 1079 5796 esse
1107 5744 1242 5796 bona
1268 5785 1280 5808 ,
1326 5759 1445 5812 quae
1473 5760 1540 5798 ex
1571 5743 1686 5812 ipsa
1714 5753 1887 5798 morte
1919 5745 1968 5798 in
1997 5745 2256 5804 Christia-

2351 4557 2694 4610 conti-nentia:
2719 4564 2879 4624 atque
2917 4557 3236 4612 innocentiae
3262 4556 3545 4625 praemium
3577 4558 3835 4618 felidter
3859 4571 3958 4624 m-

2352 4647 2573 4700 vcniunt
2603 4664 2615 4699 :
2648 4656 2912 4703 tormenta
2948 4647 3060 4715 jam
3089 4663 3196 4701 non
3227 4648 3379 4702 timet
3413 4645 3684 4720 delicata
3719 4662 3964 4710 mamma.

2356 4749 2554 4802 metum
2595 4740 2992 4807 persecutionis
3012 4782 3027 4806 ,
3049 4749 3103 4798 et
3150 4755 3344 4795 munus
3369 4739 3792 4813 cruciatusque
3817 4743 3968 4798 carui-

2360 4831 2476 4885 ficis
2506 4832 2767 4888 moriendi
2791 4833 3073 4887 celeritate
3118 4831 3343 4888 lucrata.
3374 4831 3606 4888 Pavore
3635 4835 3976 4892 mortalitatis

2355 4933 2410 4978 et
2439 4925 2697 4992 temporis
2725 4923 3098 4978 accenduntur
3139 4923 3300 4992 tepidi
3325 4965 3339 4988 ,
3370 4925 3862 4998 constringuntur
3905 4940 3976 4980 re-

2359 5017 2537 5081 missi,
2569 5015 2872 5072 excitantur
2915 5018 3124 5087 ignavi,
3174 5017 3479 5072 desertores
3527 5022 3976 5091 compelluntur.

2358 5120 2414 5162 ut
2464 5109 2707 5177 redeant,
2735 5109 2980 5164 Gentiles
3015 5118 3314 5178 coguntur,
3349 5118 3404 5166 ut
3429 5110 3718 5176 credant,
3753 5125 3914 5169 vetus
3937 5110 3978 5162 ti-

2357 5202 2556 5258 delium
2599 5202 2824 5274 populus
2871 5203 2937 5257 ad
2978 5202 3214 5272 quietem
3246 5213 3495 5268 vocatur,
3528 5203 3616 5260 ad
3677 5209 3874 5264 aciem
3927 5222 3989 5260 re.-

2359 5309 2486 5348 cens
2527 5303 2582 5348 et
2637 5295 2887 5363 copiosus
2935 5294 3206 5357 exercitus
3259 5295 3450 5349 robore
3484 5313 3505 5346 ‹
3545 5293 3831 5360 fortiore
3858 5301 3988 5354 colli-

2357 5385 2532 5455 gitur,
2584 5394 2911 5455 pugnaturus
2955 5387 3074 5439 sine
3117 5396 3264 5442 metu
3291 5385 3515 5451 mortis,
3563 5402 3726 5448 cum
3763 5393 3994 5463 prndium

2363 5476 2605 5536 venerit.
2655 5477 2748 5545 qui
2775 5475 2840 5532 ad
2874 5476 3118 5532 militiam
3152 5487 3394 5547 tempore
3424 5482 3835 5544 mortalitatis
3861 5499 3996 5540 accc»

2359 5566 2505 5621 dit.»
2553 5567 2808 5624 llortatur
2863 5579 3167 5638 postremo,
3230 5580 3284 5624 ut
3311 5580 3542 5624 mortem
3597 5573 3858 5634 alacres
3895 5593 3999 5633 oue

2363 5670 2695 5726 temnerent,
2752 5671 2807 5716 et
2857 5677 2963 5732 quo
3013 5663 3221 5718 venturi
3252 5671 3434 5717 essent
3475 5661 3604 5720 lani
3665 5672 3997 5742 cogitat-uti.

2369 5771 2386 5804 ι
2420 5753 2673 5821 Patriam,
2700 5774 2718 5807 ι
2775 5754 2947 5826 inquit
3003 5752 3222 5830 (lbid.)
3251 5771 3270 5807 ι
3296 5797 3314 5824 ,
3345 5762 3604 5814 nostram
3681 5759 4004 5821 Paradisua
