4208 6276
299 340 446 403 1453

1628 348 1980 409 ECCLESIIE
2019 350 2413 409 AFRICANAE.

3459 363 3598 422 1454

298 474 674 536 computamus
705 483 717 519 :
753 472 1004 536 parentes
1036 465 1372 522 Patriarchas
1399 467 1600 524 habere
1645 469 1754 538 jam
1795 485 1900 526 cue-
1930 482 1975 536 Α
2007 467 2161 535 stipis
2187 465 2337 521 fuere
2368 466 2478 520 duo
2505 466 2671 521 millia
2719 477 2771 523 et
2821 467 3096 540 quingenti
3143 475 3338 529 scutati
3371 480 3598 533 nummi.

298 560 498 629 pimus.
546 557 683 626 Quid
729 573 834 611 non
865 572 1254 628 pr0peramus,
1296 567 1350 613 et
1370 562 1636 616 currimus
1661 603 1676 629 ,
1724 570 1785 616 ut
1815 578 1905 632 pa-

292 650 492 714 triam,
525 657 764 704 nostram
794 647 1009 708 videre.
1057 659 1114 702 ut
1154 660 1404 718 parentes
1451 652 1685 708 salutare
1730 655 1904 723 possi-

297 743 462 796 mus?
482 741 703 812 Magnus
733 741 846 796 illic
876 755 975 796 nos
1005 755 1253 795 carorum
1302 758 1554 799 numerus
1591 753 1900 815 exspectat,

295 845 620 907 parentum,
669 835 931 902 fratrum,
987 836 1216 891 filiorum
1271 836 1528 907 frequens
1558 854 1655 893 nos
1718 848 1773 895 et
1806 855 1900 895 co-

296 932 452 1000 piosa
495 930 648 985 turba
690 929 962 985 desiderat
991 973 1004 994 ,
1054 930 1164 997 jam
1194 932 1262 985 de
1303 946 1398 985 sua
1431 933 1791 987 incolumitate
1818 948 1902 988 se-

297 1035 449 1088 cura,
485 1031 539 1076 et
561 1021 736 1076 adhuc
762 1021 830 1077 de
853 1032 1036 1077 nostra
1065 1023 1237 1077 salute
1285 1023 1533 1078 sollicita.
1581 1023 1662 1078 Ad
1709 1023 1899 1078 horum

299 1123 656 1182 conspectum
701 1123 754 1168 et
793 1114 1132 1183 complexum
1166 1115 1351 1168 venire
1396 1097 1592 1183 quanta
1638 1123 1692 1168 et
1718 1115 1821 1168 illis
1847 1123 1903 1169 et

298 1206 463 1260 nobis
501 1207 552 1260 in
579 1221 863 1261 commune
905 1205 1424 1273 lmtitiaestiQualis
1459 1207 1564 1262 illis
1600 1206 1899 1262 cmlcstium

299 1313 592 1369 regnorum
635 1300 879 1370 voluptas
929 1300 1046 1355 sine
1105 1301 1296 1356 timore
1334 1301 1631 1368 moriendi,
1677 1311 1728 1356 et
1780 1316 1898 1356 eum

301 1392 606 1448 aeternitate
638 1392 850 1448 vivendi
899 1408 1058 1463 quam
1081 1407 1297 1448 summa
1325 1403 1382 1448 et
1431 1403 1686 1464 perpetua
1731 1394 1901 1450 felici-

295 1494 409 1542 tas.
444 1507 464 1540 ι

374 1579 466 1635 ιν.
509 1580 598 1635 Sic
621 1579 729 1650 jam
759 1579 1124 1651 phi1050phari
1165 1579 1431 1636 didicerat
1456 1581 1798 1653 Cyprianus,
1849 1563 1904 1636 et

299 1674 420 1728 haec
465 1674 764 1744 sapientia,
794 1690 951 1745 quam
995 1675 1322 1744 eloquentiae
1360 1675 1602 1746 junctam
1651 1675 1900 1738 habebat,

298 1766 547 1822 subsidio
591 1776 702 1821 tum
751 1777 912 1836 atque
956 1765 1151 1821 solatio
1197 1767 1380 1822 multis
1423 1767 1743 1822 mortalibus
1787 1766 1900 1820 fuit.

293 1856 434 1914 Late
456 1859 598 1913 enim
625 1870 810 1928 vagata
827 1832 1138 1928 pestilentia
1161 1869 1273 1925 est,
1299 1868 1353 1915 et
1375 1861 1681 1932 provincias
1706 1861 1900 1928 passim
1932 1832 1979 1891 Β

298 1964 354 2004 ιη
387 1965 559 2005 annos
591 1950 770 2020 plures
788 1950 951 2006 modo
974 1950 1278 2017 remissior,
1313 1951 1473 2005 modo
1490 1951 1708 2022 gravior
1729 1964 1903 2004 vexa-

302 2043 399 2096 vit.
425 2039 688 2098 Caeterum
738 2046 840 2098 hoc
887 2058 1030 2098 anno
1055 2043 1384 2110 Christiani,
1433 2059 1570 2113 quos
1615 2044 1741 2098 hinc
1787 2043 1903 2097 lues

302 2135 571 2197 terrebat,
625 2135 750 2191 inde
789 2135 971 2190 feralia
1019 2135 1324 2206 principum
1392 2136 1567 2190 edicta
1627 2135 1903 2189 exanima-

301 2225 467 2292 bant,
498 2227 719 2283 relevati
742 2244 807 2283 ex
834 2238 986 2299 parte
1013 2237 1171 2293 sunt,
1206 2229 1435 2298 depulso
1459 2227 1734 2298 periculof,
1760 2227 1902 2297 quod

301 2317 548 2389 religioni
571 2333 757 2374 eorum
785 2335 848 2374 ac
863 2320 990 2374 ﬁdei
1011 2319 1365 2374 conﬂabatur.
1391 2320 1528 2374 Maio
1551 2320 1694 2374 enim
1716 2335 1901 2375 mense

305 2413 488 2467 nuncii
531 2428 760 2480 venere,
809 2413 1021 2470 Gallum
1068 2423 1121 2468 et
1170 2413 1522 2468 Volusianum
1565 2429 1591 2465 a
1640 2413 1902 2467 militibus

305 2503 548 2561 sublatos
575 2520 695 2562 esse
721 2548 734 2571 ,
760 2521 1056 2576 eorumque
1084 2506 1205 2560 loco
1229 2505 1292 2560 C.
1325 2505 1522 2560 Julium
1551 2505 1901 2560 Ailmilianum

304 2598 608 2665 imperare,
669 2613 829 2667 quem
877 2597 1085 2668 origine
1133 2596 1373 2651 Maurum
1428 2611 1548 2651 esse
1594 2597 1736 2650 fama
1785 2604 1905 2650 erat

307 2687 479 2759 (Vict.
533 2690 586 2743 in
636 2688 894 2760 epirum).
945 2688 1130 2744 Tertio
1173 2699 1354 2743 autem
1407 2697 1498 2742 aut
1543 2697 1736 2758 quarto
1784 2697 1907 2757 post

306 2799 525 2852 mense,
555 2801 676 2841 cum
705 2793 760 2840 et
786 2785 873 2840 hic
902 2785 969 2840 ab
997 2783 1238 2839 exercitu
1264 2783 1474 2837 occisus
1507 2783 1729 2848 fuisset,
1764 2798 1905 2835 nun-

307 2878 506 2933 ciatum
533 2889 651 2942 est,
682 2878 967 2948 imperium
995 2892 1158 2947 penes
1181 2877 1242 2930 P.
1273 2876 1534 2931 Licinium
1561 2874 1904 2930 Valerianum

305 2985 462 3040 esse,
494 2972 584 3042 qui
613 2972 704 3026 ditt
735 2970 950 3025 virtutis
978 2969 1138 3024 laude
1164 2968 1453 3035 ﬂoruerat,
1485 2984 1548 3024 ac
1578 2977 1689 3022 tmn
1720 2965 1907 3023 Chris-

306 3063 576 3117 tianorum
608 3060 1038 3117 studiosissimus
1056 3059 1350 3115 ferebatur.
1373 3059 1492 3114 Mox
1517 3069 1572 3115 et
1592 3058 1912 3129 pestilentiae

2009 557 2098 613 Sic
2152 561 2296 613 enim
2337 558 2639 630 Cyprianus
2689 561 2989 632 designat:
3041 582 3059 614 ι
3107 565 3368 633 Misimus,
3405 571 3597 642 inquit,

2005 653 2315 706 sestertium
2366 661 2583 707 centum
2638 654 2806 708 millia
2866 672 3241 723 nmumorum,
3297 677 3415 730 qua:
3480 663 3600 718 istic

2004 742 2058 795 in
2089 743 2339 808 ecclesia,
2394 745 2478 799 cui
2529 745 2596 801 de
2638 746 2850 803 Domini
2897 748 3227 819 indulgentia
3279 768 3598 822 pracsemus,

2003 833 2134 888 cieri
2163 844 2218 889 et
2249 835 2421 904 plebis
2457 837 2596 906 apud
2629 852 2729 892 nos
2769 840 3119 895 consistentis
3164 844 3452 901 collatione
3483 849 3600 902 coll

2001 926 2141 980 lecta
2185 937 2331 990 sunt,
2367 944 2488 999 quae
2536 946 2633 985 vos
2678 931 2788 987 illic
2818 948 2915 1002 pro
2963 944 3141 989 vestra
3172 937 3448 1009 diligentia
3487 942 3600 996 dis-

2003 1019 2321 1087 pensabitis.
2378 1039 2396 1072 ι
2467 1021 2638 1078 Porro
2688 1033 2744 1079 et
2795 1023 2924 1081 illud
2975 1026 3274 1098 Cyprianus
3332 1033 3604 1104 episcopis

2003 1120 2185 1165 notum
2213 1127 2334 1167 esse
2362 1112 2552 1178 voluit,
2583 1116 2708 1186 quid
2730 1118 2957 1187 quisque
2982 1121 3322 1189 contulisset,
3353 1133 3406 1179 et
3435 1143 3602 1195 quare

2001 1201 2052 1256 id
2082 1203 2267 1268 vellet,
2318 1205 2572 1276 praefatus
2594 1217 2680 1262 est
2726 1227 2738 1263 :
2793 1227 2810 1262 ι
2852 1209 2921 1264 Ut
2945 1220 3146 1278 autem,
3185 1231 3203 1264 ι
3236 1216 3328 1277 ait,
3366 1216 3601 1273 «fratres

2001 1303 2217 1348 nostros
2236 1309 2300 1348 ac
2317 1310 2560 1361 sorores,
2582 1299 2672 1364 qui
2699 1298 2764 1353 ad
2796 1298 2898 1355 hoc
2927 1315 3065 1370 opus
3097 1315 3205 1357 tam
3232 1309 3598 1364 necessarium

2004 1395 2254 1457 prompte
2284 1403 2347 1443 ac
2375 1388 2606 1445 libenter
2635 1394 2842 1461 operati
2871 1403 3014 1461 sunt,
3053 1405 3109 1450 ut
3135 1412 3351 1468 semper
3375 1413 3603 1470 operan-

2004 1487 2112 1544 tur,
2145 1480 2199 1533 in
2227 1489 2408 1536 mente
2449 1481 2690 1537 habeatis
2714 1485 2770 1538 in
2799 1488 3138 1542 orationibus
3168 1493 3386 1557 vestris,
3434 1502 3490 1547 et
3523 1495 3604 1550 eis

2005 1573 2178 1627 vicem
2204 1573 2332 1628 boni
2363 1576 2542 1644 operis
2570 1576 2622 1630 in
2651 1579 2932 1634 sacrificiis
2958 1590 3010 1636 et
3034 1583 3285 1652 precibus
3305 1600 3601 1655 repracsen-

2007 1666 2154 1728 tetis,
2184 1665 2400 1722 subdidi
2421 1669 2637 1724 nomina
2661 1671 3030 1742 singulorum;
3070 1677 3164 1732 sed
3197 1687 3251 1735 et
3267 1680 3603 1749 collegarum

2012 1773 2228 1827 quoque
2273 1769 2326 1814 et
2372 1763 2823 1818 consacerdotum
2872 1776 3203 1836 nostrorum,
3255 1772 3346 1842 qui
3397 1781 3451 1826 et
3504 1774 3606 1844 ipsi

2007 1865 2128 1905 cum
2162 1861 2455 1920 przcsentcs
2485 1863 2689 1921 essent,
2723 1863 2776 1909 et
2805 1870 2904 1909 suo
2944 1865 3000 1912 et
3039 1859 3213 1928 plebis
3244 1875 3355 1916 sua:
3389 1866 3608 1920 nomine

2005 1943 2251 2014 quaedam
2283 1959 2382 2014 pro
2408 1945 2614 2000 viribus
2654 1947 3022 2016 contulerunt,
3055 1952 3274 2018 nomina
3300 1954 3480 2010 addidi
3506 1973 3519 2021 ;
3553 1965 3610 2012 et

2009 2047 2209 2106 prmter
2247 2038 2603 2106 quantitatem
2644 2040 2919 2108 propriam
2951 2051 3213 2106 nostram,
3256 2025 3442 2100 eorum
3473 2063 3609 2117 quo-

2005 2145 2110 2199 que
2151 2131 2450 2185 summulas
2481 2131 2780 2201 significavi
2817 2142 2871 2187 et
2898 2135 3021 2189 misi
3056 2153 3070 2192 :
3103 2151 3332 2206 quorum
3365 2141 3604 2195 omnium

2005 2222 2302 2275 secundum
2324 2221 2466 2291 quod
2499 2223 2630 2277 fides
2645 2234 2695 2278 et
2717 2224 2955 2282 charitas
2981 2227 3162 2299 exigit,
3196 2230 3248 2284 in
3279 2217 3612 2288 orationibus

2005 2315 2207 2369 nostris
2238 2323 2292 2368 et
2325 2314 2577 2384 precibus
2606 2317 2802 2371 vestris
2831 2319 3145 2374 meminisse
3175 2321 3408 2379 debetis.
3444 2341 3463 2377 δ
3495 2325 3612 2391 Quo

2003 2407 2055 2462 in
2073 2409 2193 2463 loco
2217 2408 2588 2480 intelligimus,
2619 2409 2971 2465 ecclesiarum
2993 2428 3059 2466 ex
3083 2412 3458 2470 Africanarum
3489 2433 3610 2472 mo-

2001 2517 2117 2558 rem
2152 2501 2338 2568 fuisse,
2387 2510 2443 2555 ut
2487 2503 2532 2556 si
2581 2517 2701 2572 qua:
2749 2504 2955 2572 uspiam
2995 2505 3275 2560 calamitas
3325 2509 3609 2564 ecclesiam

2004 2596 2240 2665 aliquam
2300 2594 2606 2660 afflixisset,
2661 2596 2786 2651 huic
2835 2607 3047 2654 czctera?
3111 2605 3385 2658 communi
3432 2606 3611 2661 studio

2006 2703 2166 2756 quam
2192 2697 2416 2755 possent
2438 2703 2596 2757 opem
2620 2688 2896 2744 afferrent.
2924 2691 3029 2746 Sed
3060 2693 3110 2745 in
3140 2694 3336 2764 litteris
3357 2696 3611 2769 Cypriani

2006 2778 2116 2834 duo
2146 2790 2412 2850 praeterea
2444 2781 2760 2836 admiranda
2791 2794 2936 2845 sunt,
2985 2784 3218 2853 primum
3251 2790 3393 2857 quod
3425 2802 3613 2861 postu-

2007 2870 2263 2925 lationem
2293 2872 2673 2941 episcoporum
2713 2873 2958 2929 beneficii
2994 2876 3114 2931 loco
3155 2878 3426 2946 habuerit,
3477 2883 3612 2938 alte-

2009 2981 2130 3020 rum
2161 2965 2304 3036 quod
2355 2981 2451 3021 eos
2494 2967 2549 3020 in
2597 2967 2798 3034 auxilio
2830 2968 3191 3038 implorando,
3225 2975 3438 3041 quoties
3478 2991 3614 3046 opus

2016 3055 2200 3124 fuerit,
2225 3066 2283 3112 ut
2310 3073 2602 3128 numquam
2626 3057 2842 3114 desides
2869 3071 3072 3125 essent,
3101 3077 3386 3140 commune
3403 3065 3609 3122 fecerit.

305 3156 504 3212 modus
531 3154 726 3223 aliquis
756 3154 962 3224 positus
993 3152 1205 3208 videtur
1235 3171 1247 3206 :
1280 3168 1401 3207 nam
1425 3161 1724 3208 conventus
1753 3151 1820 3206 ab
1847 3167 1913 3206 eo
1939 3143 1984 3206 C
2025 3169 2044 3201 ‹
2078 3150 2358 3218 Maximas,
2384 3172 2403 3204 ι
2429 3153 2620 3223 inquit,
2651 3154 2831 3209 «vobis
2859 3156 3058 3225 gratias
3080 3157 3308 3226 agimus,
3340 3159 3481 3228 quod
3513 3175 3612 3214 nos

304 3247 611 3303 celebratos
641 3256 884 3318 apparet.

382 3340 446 3392 V.
489 3340 593 3395 Sed
627 3339 796 3395 tristis
818 3340 1037 3395 omnino
1063 3355 1224 3395 causa
1252 3349 1399 3403 erat,
1435 3353 1554 3407 quae
1575 3336 1905 3409 Cyprianum

306 3433 375 3488 ad
440 3431 646 3487 clerum
697 3432 1063 3502 populumque
1113 3430 1516 3486 convocandum
1575 3429 1905 3498 impellebat.

295 3525 543 3580 Litteras
594 3537 790 3588 nempe
829 3523 897 3578 ab
935 3523 1207 3593 episcOpis
1236 3520 1534 3576 Numidicis
1579 3527 1905 3589 acceperat,

309 3615 569 3671 barbaros
597 3630 794 3686 magno
823 3631 1051 3670 numero
1098 3615 1151 3668 in
1202 3614 1534 3683 provinciam
1579 3613 1725 3666 illam
1772 3613 1911 3667 irru-

309 3710 488 3780 pisse,
527 3724 686 3780 agros
740 3717 1015 3774 vastasse,
1061 3709 1304 3778 captivos
1341 3707 1543 3761 multos
1589 3707 1643 3761 in
1695 3706 1810 3773 his,
1857 3714 1912 3761 et

311 3803 548 3874 virgines
577 3804 630 3858 in
683 3802 998 3858 servitutem
1045 3800 1361 3856 adduxisse.
1403 3798 1692 3866 Rogabant
1730 3809 1910 3851 autem

309 3898 550 3970 episcopi
594 3899 670 3953 illi
735 3910 963 3952 numero
1005 3905 1128 3951 octo
1177 3904 1232 3950 et
1277 3894 1603 3966 Cyprianum
1647 3901 1700 3946 et
1746 3899 1910 3944 totam

309 3992 595 4047 ecclesiam
638 3990 1141 4060 Carthaginiensem
1162 4030 1176 4056 ,
1205 3998 1262 4042 ut
1293 3987 1534 4057 pecunia
1561 3983 1761 4054 aliquid
1789 3997 1916 4051 cap.

313 4086 549 4140 tlvorum
578 4083 1017 4140 redimendorum
1039 4096 1200 4137 causa
1229 4079 1658 4149 suppeditarent.
1683 4076 1914 4131 Exstant

311 4193 444 4233 vero
473 4177 646 4232 adhuc
669 4174 923 4246 Cypriani
957 4173 1022 4227 ad
1053 4189 1146 4228 eos
1172 4173 1397 4235 litterae,
1446 4169 1720 4239 antiquam
1769 4167 1913 4219 illam

310 4271 628 4327 charitatem
658 4269 936 4338 mutuique
959 4267 1158 4321 amoris
1174 4263 1597 4335 magnitudinem
1621 4263 1912 4332 spirantes,

309 4378 437 4433 qua:
461 4360 944 4419 olim-Christianos
965 4367 1456 4431 omnesltantopere
1478 4353 1913 4414 commendabat;

311 4463 478 4524 atque
507 4452 686 4507 ex-his
715 4452 840 4521 quid
873 4450 1204 4522 Cyprianus,
1254 4447 1381 4518 quid
1429 4445 1670 4501 Ecclesia
1703 4444 1914 4513 praesti-

2013 3254 2210 3298 vestrae
2227 3244 2626 3310 sollicitudinis,
2642 3254 2697 3300 et
2712 3254 2819 3300 tam
2835 3246 2990 3300 home
3008 3261 3070 3301 ac
3089 3249 3411 3326 necessaria:
3430 3265 3615 3322 Opera-

2014 3337 2172 3390 tionis
2197 3336 2488 3407 participes
2509 3353 2630 3394 esse
2655 3339 2922 3405 voluistis,
2947 3350 3003 3394 ut
3025 3341 3266 3396 offeretis
3281 3344 3434 3398 nobis
3455 3359 3616 3415 agros

2011 3426 2226 3495 uberes,
2276 3429 2328 3482 in
2378 3429 2574 3498 quibus
2604 3430 2720 3499 spei
2771 3441 2970 3485 nostrae
3002 3418 3612 3502 serninavmitteremus,

2011 3523 2375 3592 exspectaturi
2404 3538 2635 3578 messem
2659 3524 2725 3578 de
2747 3523 3100 3592 amplissimis
3127 3513 3412 3594 fructibus,
3435 3527 3525 3598 qui
3546 3526 3615 3582 de

2010 3612 2112 3669 hac
2135 3616 2343 3670 caelesti
2368 3624 2424 3669 et
2453 3616 2676 3671 salutari
2705 3617 3022 3686 operatione
3047 3620 3389 3686 proveniunt.
3429 3638 3448 3671 ι
3477 3609 3614 3673 Tum

2011 3703 2079 3759 de
2109 3706 2369 3772 periculo,
2402 3706 2545 3776 quod
2572 3722 2668 3761 eos
2698 3721 2892 3776 urgere
2917 3707 3110 3760 iterum
3139 3716 3346 3776 posset,
3369 3709 3570 3780 adjecit
3596 3728 3611 3764 :

2020 3814 2039 3847 ι
2078 3796 2144 3850 Ει
2174 3805 2425 3866 optamus
2467 3795 2683 3866 quidem
2729 3797 2863 3849 nihil
2911 3797 3017 3851 tale
3058 3797 3126 3852 de
3165 3811 3365 3855 caetero
3393 3802 3530 3868 fieri,
3563 3811 3617 3859 et

2013 3887 2211 3943 fratres
2237 3898 2452 3945 nostros
2483 3889 2692 3942 Domini
2726 3889 3012 3959 majestate
3039 3899 3339 3960 protectos,
3385 3895 3455 3950 ab
3497 3896 3616 3963 ejus

2015 3979 2161 4034 modi
2213 3979 2466 4050 periculis
2528 3980 2827 4034 incolumes
2872 3982 3161 4038 reservari.
3213 3983 3268 4037 Si
3321 3993 3498 4040 tamen
3548 3961 3617 4042 ad

2016 4073 2400 4143 explorandam
2417 4072 2586 4126 nostri
2603 4071 2764 4126 animi
2780 4072 3118 4139 charitatem,
3137 4076 3615 4143 etexaminandam

2016 4167 2187 4222 nostri
2237 4166 2469 4236 pectoris
2518 4164 2676 4220 fidem
2725 4165 2832 4219 tale
2875 4164 3079 4235 aliquid
3119 4165 3400 4240 acciderit,
3453 4171 3619 4226 nolite

2015 4258 2254 4315 cunctari
2315 4261 2566 4312 nuntiare
2619 4256 2733 4312 haec
2786 4257 2941 4312 nobis
2999 4257 3196 4313 litteris
3248 4261 3464 4328 vestris,
3519 4277 3617 4331 pro

2017 4360 2166 4405 certo
2197 4348 2482 4413 habentes,
2514 4347 2798 4404 ecclesiam
2847 4357 3086 4404 nostram
3128 4359 3183 4405 et
3224 4350 3615 4423 fraternitatem

2018 4443 2141 4499 istic
2164 4442 2497 4506 universam,
2533 4457 2600 4497 ne
2629 4442 2744 4497 hmc
2776 4440 2913 4497 ultra
2943 4444 3094 4511 fiant,
3124 4447 3378 4513 precibus
3418 4461 3574 4501 orare
3601 4464 3615 4500 :

313 4547 474 4608 terit.
503 4543 1144 4616 compertum-habemus.
1178 4543 1415 4597 Primum
1441 4549 1498 4596 ut
1527 4539 1664 4594 lecta
1687 4537 1914 4607 epistola
1939 4554 1993 4616 D
2020 4538 2064 4592 si
2083 4537 2223 4591 facta
2247 4536 2468 4603 fuerint,
2487 4536 2720 4591 libenter
2736 4533 3272 4608 etlargitersubsidia
3295 4547 3610 4608 praestare.)

309 4653 694 4709 episcoporum
733 4638 864 4702 fuit,
899 4635 1082 4692 fletum
1117 4635 1357 4689 omnium
1388 4642 1443 4688 et
1471 4630 1911 4686 lamentationem

312 4732 484 4786 fuisse
505 4775 518 4797 ,
547 4737 798 4801 apparet.
833 4748 851 4780 ι
879 4730 1016 4783 Cum
1044 4727 1299 4794 maximo,
1328 4747 1346 4780 ›
1369 4725 1542 4796 inquit
1567 4724 1753 4795 (epist.
1787 4721 1912 4791 60),

322 4823 528 4876 «animi
558 4822 727 4876 nostri
781 4820 986 4891 gemitu
1016 4828 1071 4874 et
1117 4835 1223 4874 non
1256 4821 1372 4874 sine
1402 4807 1656 4889 lacrymis
1688 4815 1915 4886 legimus

316 4915 529 4971 litteras
583 4923 828 4979 vestras,
877 4914 1071 4968 fratres
1123 4913 1463 4979 charissirni,
1510 4926 1644 4982 quas
1691 4910 1755 4964 ad
1818 4923 1916 4963 nos

315 5025 420 5082 pro
446 5011 751 5066 dilectionis
779 5017 975 5064 vestrae
1004 5007 1366 5064 sollicitudine
1399 5005 1467 5059 de
1515 5005 1736 5058 fratrum
1787 5017 1914 5056 nos-

316 5113 525 5159 trorum
562 5113 616 5159 et
667 5118 918 5160 sororum
972 5101 1281 5172 captivitate
1310 5099 1534 5154 fecistis.
1564 5118 1582 5149 ι
1616 5096 1920 5152 Commise-

316 5197 589 5252 rationem
629 5204 811 5250 autem
843 5193 1149 5265 benignitas
1178 5191 1324 5245 illico
1367 5205 1429 5243 ac
1457 5188 1752 5244 liberalitas
1783 5203 1918 5241 con-

315 5298 506 5346 secuta
553 5299 654 5357 cst,
713 5305 858 5356 nam,
905 5297 962 5341 ut
1007 5284 1155 5339 addit
1193 5283 1517 5353 Cyprianus,
1559 5300 1577 5332 ι
1619 5281 1794 5333 omnia
1828 5295 1918 5333 se-

317 5381 558 5436 cundum
621 5381 830 5435 litteras
898 5375 1210 5432 fraternitas
1269 5376 1511 5446 cogitans
1567 5377 1621 5428 et
1674 5371 1971 5445 dolenter.

319 5472 662 5540 examinans,
709 5479 957 5541 prompte
1007 5485 1198 5524 omnes
1239 5477 1295 5524 et
1341 5469 1571 5522 libenter
1611 5481 1672 5520 ac
1704 5465 1923 5534 largiter

317 5567 564 5625 Subsidia
615 5565 914 5622 nummaria
966 5564 1220 5618 fratribus
1270 5561 1654 5621 contulerunt,
1706 5571 1922 5625 semper

322 5660 544 5730 quidem
582 5659 882 5716 secundum
926 5656 1048 5712 fidei
1078 5670 1189 5710 suae
1217 5655 1530 5709 firmitatem
1562 5651 1627 5706 ad
1661 5664 1796 5721 opus
1823 5649 1917 5703 Dei

321 5755 509 5825 proni,
533 5768 677 5808 nunc
702 5763 879 5807 tamen
909 5749 1079 5819 magis
1110 5747 1175 5802 ad
1199 5762 1361 5817 opera
1395 5745 1655 5800 salutaria
1686 5750 1918 5798 contem-

323 5849 564 5924 platione
587 5846 720 5901 tanti
739 5844 947 5902 doloris
967 5841 1204 5898 accensi.
1231 5859 1251 5894 ν
1267 5840 1488 5897 Summa
1507 5847 1686 5895 autem
1709 5834 1921 5891 collatae

2091 4631 2178 4687 Vl.
2203 4632 2294 4686 llis
2309 4631 2593 4686 defunctus
2617 4629 2830 4696 officiis,
2855 4629 3156 4701 Cyprianus
3177 4645 3207 4685 e
3232 4646 3291 4686 re
3326 4631 3618 4687 christiana

2020 4727 2135 4780 fore
2175 4723 2345 4787 duxit,
2399 4723 2445 4778 si
2494 4724 2705 4776 animos
2742 4723 2851 4791 jam
2909 4721 3281 4794 misericordia
3320 4735 3621 4781 commotos

2020 4830 2182 4890 atque
2213 4817 2374 4886 etiam
2407 4827 2517 4870 tum
2549 4816 2811 4880 calentes,
2846 4813 2986 4868 libro
3014 4814 3082 4869 de
3109 4831 3175 4870 eo
3204 4829 3525 4886 argumento
3565 4820 3619 4872 in

2019 4911 2193 4964 lucem
2254 4911 2475 4975 emisso,
2538 4907 2749 4960 foveret
2806 4906 2978 4975 magis
3023 4915 3186 4975 atque
3239 4897 3614 4966 inﬂammaret.

2019 5000 2206 5070 Itaque
2254 4999 2355 5053 sub
2401 4998 2540 5052 idem
2592 5007 2806 5066 tempus
2850 4999 3169 5066 opusculum
3200 5013 3424 5053 aureum
3453 4999 3622 5054 edidit

2019 5073 2162 5163 quod
2217 5110 2234 5141 ι
2292 5091 2354 5143 de
2409 5089 2574 5159 Opere
2621 5099 2667 5143 et
2723 5073 3441 5161 Efeemosyniainscriptum
3515 5101 3618 5164 est,

2021 5185 2250 5242 summis
2281 5199 2376 5238 eos
2407 5182 2657 5236 laudibus
2683 5189 3024 5250 prosecutus,
3059 5181 3148 5250 qui
3179 5181 3409 5252 benigne
3431 5181 3499 5237 de
3521 5177 3622 5236 bo-

2024 5279 2108 5333 nis
2137 5277 2248 5333 suis
2275 5275 2522 5330 ecclesia:
2562 5274 2989 5345 suppeditarent.
3023 5273 3165 5328 unde
3191 5275 3461 5344 egentium
3502 5277 3624 5331 inoc

2021 5373 2125 5436 piae
2160 5369 2557 5438 subveniretur.
2616 5367 2693 5422 Ex
2728 5382 2832 5436 quo
2875 5368 3037 5420 etiam
3069 5367 3351 5434 discimus,
3373 5371 3481 5438 jam
3513 5378 3621 5425 tum

2023 5465 2192 5535 sacris
2220 5463 2272 5515 in
2297 5463 2502 5517 aedibus
2519 5477 2683 5516 cavos
2711 5460 2927 5515 stetisse
2960 5461 3150 5530 cippos
3166 5462 3291 5540 sive
3320 5455 3622 5528 thesauros,

2025 5557 2078 5610 in
2120 5570 2256 5624 quos
2289 5555 2479 5622 stipem
2528 5553 2758 5622 quisque
2803 5551 3096 5620 conjiceret
3129 5570 3140 5604 :
3176 5561 3227 5608 et
3258 5569 3462 5608 morem
3497 5557 3623 5611 item

2032 5645 2351 5720 obtinuisse,
2387 5653 2443 5697 ut
2468 5643 2626 5714 panis
2657 5653 2711 5699 et
2736 5643 2919 5697 vinum
2961 5642 3026 5695 ad
3059 5644 3383 5700 sacrificium
3408 5648 3629 5704 offerre-

2033 5749 2135 5795 tur.
2170 5737 2300 5792 Nam
2337 5745 2610 5792 matronas
2640 5735 2919 5807 quasdam,
2953 5751 3075 5805 quae
3101 5728 3220 5790 haec
3270 5729 3628 5810 negligerent,

2033 5832 2112 5887 sic
2144 5829 2461 5901 perstringit
2493 5827 2596 5902 (De
2623 5845 2710 5899 ορ.
2741 5836 2785 5882 et
2813 5828 2988 5884 efeem.
3012 5842 3066 5896 ι).
3095 5826 3233 5898 569)
3319 5847 3336 5880 t
3368 5830 3634 5904 Locuples
