4134 6256
625 326 767 384 1455

1894 298 2259 369 MORCELLI,
2321 330 2370 339 —-
2401 292 2716 353 ANNALES

3712 286 3713 289 “
3780 282 3898 343 “56

626 451 683 498 et
722 440 874 495 dives
914 444 997 491 est
1038 438 1094 489 et
1131 427 1467 486 Dominicum
1515 421 1791 480 celebrare
1820 429 1872 476 te
1902 419 2078 475 credis
2106 433 2226 489 quae
2253 422 2306 483 Α
2332 415 2505 486 questi
2552 414 2761 465 fuerant
2815 402 3091 480 (Cyprian.
3136 400 3290 470 epist.
3332 399 3398 454 67
3420 398 3463 471 ),
3524 398 3605 453 sic
3645 396 3896 455 Faustinus

628 532 843 589 Corban
896 527 1118 583 omnino
1163 537 1270 577 non
1322 518 1574 589 respicis,
1629 530 1747 586 qua:
1791 514 1842 567 in
1886 511 2224 566 Dominicum

626 626 746 679 sine
770 620 1036 677 sacriﬁcio
1062 616 1235 683 venis,
1264 628 1383 683 qua:
1412 620 1617 681 partem
1656 607 1724 661 de
1759 604 2050 667 sacrificio,
2078 599 2224 671 quod

629 732 835 790 pauper
860 712 1077 776 obtulit,
1107 708 1297 765 sumis.
1329 725 1347 758 ›
1379 703 1570 758 Fuisse
1614 700 1777 754 etiam
1797 697 1907 767 jam
1936 706 2047 749 tum
2076 691 2227 747 addi-

627 783 754 866 ctos
784 805 1009 878 singulis
1054 803 1210 856 almae
1253 797 1402 854 urbis
1446 792 1758 865 regionibus
1803 788 2096 849 diaconos,
2140 783 2234 849 qui

632 916 926 975 egenorum
984 895 1203 951 nomina
1261 896 1506 955 nossent,
1565 883 1910 954 in0piamque
1966 880 2229 943 levarent,

634 993 897 1053 credibile
924 1001 1025 1046 est.
1053 988 1215 1043 Certe
1247 986 1297 1039 in
1329 980 1556 1054 synodo,
1593 992 1752 1049 quam
1776 975 1959 1030 multis
1988 980 2111 1041 post
2131 986 2230 1024 an-

634 1089 718 1143 nis
735 1086 834 1142 sub
851 1081 1127 1138 Bonifacio
1145 1086 1318 1133 actam
1338 1073 1645 1142 accepimus
1675 1068 1847 1143 (apud
1878 1064 2041 1120 Hard.
2073 1062 2227 1118 Cone.

636 1190 770 1235 tom.
788 1194 846 1243 ιι,
864 1193 916 1248 p.
950 1170 1137 1243 1082),
1154 1172 1325 1225 cietur
1343 1166 1649 1222 Gaudiosus
1672 1181 1690 1213 ι
1716 1162 1976 1215 diaconus
1999 1154 2235 1225 regionis

638 1274 886 1346 quintae:
930 1288 947 1320 ›
1000 1277 1059 1321 ut
1085 1263 1337 1335 exemplo
1392 1261 1539 1314 urbis
1598 1258 1784 1311 Roma:
1831 1252 2135 1324 Cyprianus
2180 1248 2234 1302 in

633 1344 826 1437 primis
857 1362 1142 1424 diaconos,
1192 1356 1309 1426 ejus
1340 1353 1489 1409 modi
1522 1364 1759 1410 creasse,
1791 1346 1966 1416 iisque
2008 1344 2237 1398 misero.

638 1434 759 1516 rum
785 1472 816 1512 e
844 1455 1003 1527 plebe
1035 1466 1224 1507 curam
1245 1446 1507 1504 detulisse
1534 1441 1802 1514 putandus
1831 1440 1922 1505 sit,
1953 1452 2113 1508 quam
2138 1434 2237 1490 sub

637 1552 971 1628 presbyteris
1001 1553 1288 1621 gererent.

943 1661 1172 1719 ANNUS
1211 1653 1676 1715 CHRISTIANUS
1714 1648 1934 1708 CCLIV.

880 1793 1170 1842 CYPRIANO,
1236 1787 1483 1830 EPISCOPO
1541 1778 2001 1824 CARTHAGINIENSI.

718 1900 760 1953 1.
790 1893 1058 1952 Consules
1088 1889 1214 1944 dicti
1248 1884 1493 1956 Augusti.
1538 1882 1597 1935 P.
1646 1878 1888 1934 Licinius
1919 1871 2241 1927 Valerianus

2330 507 2615 576 episcopus
2648 495 3040 570 Lugdunensis,
3088 493 3177 563 qui
3222 500 3278 547 et
3329 490 3647 559 dignitatem
3690 491 3897 544 ecclesia

2332 592 2773 665 Carthaginiensis
2798 595 3001 653 nosset,
3032 594 3087 641 et
3107 582 3364 655 Cypriani
3395 581 3692 636 doctrinam
3720 596 3898 636 summa

2335 706 2455 745 eum
2483 688 2679 741 virtute
2698 682 3039 751 conjunctam
3068 692 3174 731 non
3205 676 3501 744 ignoraret,
3530 671 3593 726 ad
3621 671 3756 727 hunc
3784 686 3899 741 quo-

2336 797 2439 852 que
2477 779 2735 834 adversus
2761 773 3086 829 Marcianum
3118 769 3356 838 scripsit,
3385 776 3443 822 et
3466 767 3529 821 ab
3553 766 3725 820 eodem
3747 765 3901 835 impe-

2338 875 2516 940 travit,
2540 880 2599 927 ut
2623 872 2737 941 ipse
2763 871 2923 924 etiam
2952 880 3148 937 graves
3194 862 3417 917 omnino
3464 861 3654 914 litteras
3673 870 3722 914 et
3748 859 3900 915 vehe-

2341 976 2548 1024 mentes
2597 965 2831 1019 mitteret
2859 962 2926 1015 ad
2965 958 3325 1029 Stephanum,
3370 963 3425 1009 et
3453 954 3572 1008 loco
3612 953 3897 1008 movendum

2340 1063 2688 1125 Marcianum,
2732 1072 2796 1113 ac
2820 1067 3135 1110 successore
3165 1051 3292 1122 dato
3329 1046 3587 1103 Ecclesia:
3612 1048 3903 1115 prospicien-

2342 1158 2470 1213 dum
2499 1152 2827 1209 ostenderet.
2882 1149 3056 1204 Pauca
3093 1160 3224 1200 sane
3250 1141 3505 1212 prwfatus
3549 1139 3827 1210 Cyprianus
3849 1139 3904 1195 de

2345 1248 2762 1304 Novatianorum
2803 1241 3001 1296 duritie
3043 1254 3109 1293 ac.
3138 1238 3424 1293 severitate
3451 1233 3803 1302 implacabili,
3844 1234 3900 1286 sic

2347 1341 2676 1412 Stephanum
2704 1335 3011 1408 aggreditur
3041 1354 3055 1388 :
3090 1352 3107 1384 ι
3143 1332 3481 1400 Quapropter
3504 1328 3689 1382 facere
3712 1337 3759 1381 te
3782 1342 3903 1396 opor-

2348 1444 2424 1489 tet
2472 1431 2813 1503 plenissimas
2866 1428 3073 1482 litteras
3126 1424 3193 1478 ad
3241 1424 3591 1492 coepiscopos
3646 1430 3834 1475 nostros
3864 1421 3901 1474 in

2341 1526 2531 1584 Galliis
2589 1523 2952 1586 constitutos,
3013 1534 3082 1574 ne
3143 1518 3278 1571 ultra
3325 1516 3659 1570 Marcianum
3714 1515 3901 1582 pervica-

2341 1635 2456 1675 cem
2509 1627 2563 1673 et
2606 1615 2900 1685 superbum
2954 1620 3010 1667 et
3047 1611 3240 1665 divina‘.
3301 1609 3515 1679 pietatis
3569 1623 3642 1662 ac
3703 1607 3901 1662 fraterna

2268 1698 2273 1699 ί
2346 1712 2535 1766 salutis
2588 1708 2863 1763 inimicum
2919 1704 3145 1774 collegio
3194 1711 3377 1757 nostro
3422 1702 3687 1756 insultare
3742 1703 3902 1771 patian-

2346 1813 2451 1867 tur,
2495 1800 2639 1872 quod
2668 1799 2898 1855 necdum
2948 1797 3196 1851 videatur
3222 1810 3250 1849 a
3303 1794 3459 1848 nobis
3519 1794 3794 1855 abstentus,
3832 1793 3901 1862 qui

2342 1894 2665 1966 jampridem
2706 1893 2876 1961 jactat
2902 1898 2957 1945 et
2988 1887 3244 1959 praedicat
3274 1928 3288 1955 ,
3322 1886 3466 1956 quod
3504 1885 3781 1940 Novatiano
3813 1897 3901 1939 stu-

645 1993 866 2048 iterum;
896 1986 958 2039 Ρ.
992 1982 1227 2039 Licinius
1252 1977 1551 2034 Gallienus.
1576 1973 1670 2027 llis
1691 1967 2023 2032 consulibus,
2047 1963 2243 2033 quieta:
2273 1980 2321 2039 B
2343 1963 2519 2052 deus,
2580 1984 2766 2053 eteius
2819 1980 3175 2050 pervicaciam
3224 1991 3462 2047 sequens
3500 1991 3528 2029 a
3583 1977 3899 2030 οοηηηηηίω,

648 2099 739 2141 res
788 2077 1222 2136 Christianorum
1284 2071 1467 2133 fuere;
1540 2074 1596 2120 at
1667 2060 1967 2132 respublica
2044 2054 2247 2110 turbari

649 2176 1005 2233 barbarorum
1034 2163 1433 2224 incursionibus
1472 2158 1639 2229 cmpit
1658 2198 1672 2222 ,
1697 2168 1752 2210 et
1782 2152 2087 2208 defectione
2130 2161 2253 2217 pro-

649 2267 948 2322 vinciarum
995 2256 1315 2331 periclitari.
1361 2253 1539 2308 Africa
1588 2260 1771 2304 tamen
1817 2247 1870 2300 in
1921 2243 2101 2298 ofﬁcio
2139 2254 2255 2293 ma—

652 2362 847 2424 nebat;
882 2371 984 2412 nee
1008 2354 1113 2409 ulla
1141 2348 1398 2406 Ecclesiae
1434 2345 1683 2401 molestia
1705 2385 1718 2406 ,
1752 2341 1854 2395 nisi
1885 2355 1913 2393 a
1945 2337 2257 2392 domesticis

649 2451 897 2509 hostibus
939 2445 1288 2502 all'erebatur.
1333 2441 1414 2495 Ex
1443 2439 1529 2493 his
1576 2436 1676 2490 fuit
1717 2435 2005 2504 opulentus
2035 2429 2252 2498 quidam

647 2545 782 2601 civis
809 2537 1272 2610 Carthaginiensis
1293 2576 1307 2599 ,
1343 2531 1548 2588 asseela
1597 2526 1959 2589 Felicissimi,
2005 2522 2095 2592 qui
2125 2536 2255 2575 cou-

652 2638 809 2693 viciis
863 2634 1195 2706 Cyprianum
1245 2626 1488 2699 quotidie
1542 2622 1863 2693 appetebat,
1916 2618 2256 2688 fingebatque

654 2730 710 2783 in
767 2742 890 2782 eum
940 2724 1074 2778 falsa
1119 2720 1289 2777 multa
1353 2726 1409 2773 et
1454 2715 1749 2786 probrosa,
1803 2722 2074 2766 auctorem
2132 2724 2255 2763 eum

659 2821 903 2876 omnium
934 2818 1198 2871 malorum
1246 2810 1554 2882 appellans,
1602 2816 1656 2861 et
1699 2820 1859 2875 quam
1922 2813 2100 2871 posset
2156 2802 2253 2855 bo-

653 2927 849 2967 norum
895 2909 1106 2963 animos
1150 2905 1218 2959 ab
1246 2918 1313 2958 eo
1363 2902 1700 2957 abalienans.
1732 2896 1936 2952 Nomen
1979 2894 2102 2947 huic
2141 2900 2257 2947 erat

652 3003 963 3063 Florentius
1005 3001 1316 3070 Pupianus,
1353 3011 1511 3066 quem
1558 2991 1864 3064 Cyprianus
1903 3008 1920 3039 ι
1973 2988 2191 3041 fratrem
2230 3003 2248 3035 ι

656 3112 834 3167 vocat,
885 3099 1011 3170 quia
1056 3096 1398 3153 Christianus
1438 3100 1590 3153 erat;
1632 3101 1806 3157 neque
1851 3098 1973 3140 eum
2027 3080 2256 3154 presby-

657 3202 835 3249 terum
890 3198 984 3244 aut
1028 3189 1343 3257 episcopum
1373 3183 1575 3247 fuisse,
1608 3178 1806 3234 indicia
1854 3176 1964 3231 ulla
2007 3175 2259 3229 demons-

657 3291 820 3338 trant.
854 3280 1014 3336 Multa
1068 3278 1214 3334 enim
1265 3289 1395 3330 vero
1446 3289 1476 3327 a
1530 3272 1772 3341 Pupiano
1818 3268 2085 3338 patienter
2133 3281 2255 3334 per-

660 3391 853 3446 pessus
920 3371 1261 3442 Cyprianus,
1335 3375 1393 3419 ut
1437 3364 1505 3417 ab
1554 3363 1745 3418 eodem
1800 3362 2006 3414 litteras
2046 3372 2261 3426 quoque

659 3428 872 3537 accepit
911 3428 1243 3533 irreligiosas
1290 3459 1447 3528 plane
1499 3466 1662 3525 atque
1707 3453 2035 3516 maledicas,
2085 3450 2260 3503 homi~
2288 3428 2331 3488 (ἶ

665 3576 790 3617 nem
840 3555 1054 3612 tandem
1094 3552 1332 3609 refutare
1374 3563 1660 3619 aggressus
1710 3556 1828 3608 est,
1878 3544 2105 3614 epistola
2143 3558 2264 3613 gra-

660 3655 881 3711 vissima
908 3650 975 3704 ad
1005 3664 1129 3705 eum
1160 3646 1358 3716 scripta
1383 3685 1397 3709 ,
1429 3643 1481 3696 in
1523 3656 1629 3714 qua
1675 3649 1730 3695 et
1786 3638 2103 3708 dignitatem
2135 3650 2261 3690 aue-

668 3748 1049 3813 toritatemque
1067 3754 1243 3803 suam,
1269 3751 1428 3808 quam
1450 3731 1909 3803 illeinfringebat,
1930 3731 2125 3785 acriter
2149 3738 2264 3783 tue-

667 3851 777 3907 tur,
800 3833 1171 3893 adversarium
1197 3842 1250 3886 et
1272 3826 1580 3884 schismatis
1604 3826 2080 3893 patrocinatorem,
2110 3831 2262 3877 extra

665 3923 1373 3988 Ecclesiamessedeclarat.
1407 3939 1425 3972 ι
1456 3918 1666 3985 Unde,»
1705 3917 1881 3987 inquit
1908 3915 2098 3985 (Epist.
2131 3914 2260 3985 69),

674 4044 693 4078 ι
729 4025 872 4080 scire
898 4020 1064 4076 debes
1094 4017 1407 4087 episcopum
1440 4013 1493 4067 in
1525 4011 1767 4066 Ecclesia
1796 4025 1947 4073 esse,
1983 4018 2037 4063 et
2067 4008 2261 4063 Eccle-

665 4118 803 4173 siam
847 4116 898 4168 in
958 4110 1251 4181 episcopo;
1306 4117 1362 4162 et
1414 4106 1459 4161 si
1510 4104 1632 4176 quis
1689 4120 1810 4159 cum
1868 4104 2123 4172 episcopo
2153 4117 2259 4156 non

668 4211 772 4277 sit,
829 4209 883 4262 in
911 4203 1152 4260 Ecclesia
1184 4216 1291 4256 non
1344 4213 1502 4266 esse,
1534 4206 1589 4253 et
1638 4197 1834 4252 frustra
1887 4196 1987 4250 sibi
2032 4194 2261 4250 blandiri

672 4316 800 4367 eos,
856 4297 948 4369 qui
998 4310 1187 4367 pacem
1210 4308 1329 4347 cum
1355 4289 1731 4346 sacerdotibus
1755 4290 1847 4344 Dei
1871 4303 1976 4343 non
2002 4287 2264 4342 habentes

671 4394 980 4463 obrepunt,
1035 4398 1090 4444 et
1140 4388 1372 4442 latenter
1437 4383 1579 4454 apud
1654 4384 1913 4453 quosdam
1964 4382 2267 4437 communi-

670 4502 799 4543 care
850 4500 909 4541 se
965 4480 1224 4546 credunt,
1268 4477 1483 4550 quando
1514 4476 1786 4542 Ecclesia,
1832 4491 1950 4544 quae
1999 4474 2263 4529 catholica

674 4594 730 4639 et
756 4596 861 4636 una
920 4588 1039 4643 est,
1093 4576 1259 4632 scissa
1293 4588 1399 4628 non
1458 4572 1529 4626 sit
1575 4585 1750 4640 neque
1797 4569 1966 4623 divisa
1996 4610 2009 4634 ,
2059 4567 2154 4623 sed
2198 4569 2267 4621 sit

673 4674 861 4741 utique
918 4684 1196 4734 connexa,
1248 4675 1303 4721 et
1340 4663 1729 4719 cohaerentium
1784 4660 1883 4715 sibi
1916 4659 2144 4715 invicem
2176 4674 2264 4713 sa-

2356 2078 2502 2134 tione
2529 2092 2590 2132 se
2649 2085 2833 2129 nostra
2887 2072 3276 2143 segregaverit,
3310 2086 3434 2124 cum
3462 2068 3759 2123 Noratianus
3799 2068 3900 2137 ipse

2354 2187 2513 2242 quem
2557 2170 2820 2240 sequitur,
2840 2168 2969 2222 olim
3008 2167 3287 2221 abstentus
3326 2173 3385 2218 et
3403 2165 3551 2217 hostis
3573 2162 3800 2216 Ecclesia:
3816 2160 3896 2228 ju-

2356 2265 2565 2320 dicatus
2579 2264 2668 2318 sit.
2710 2280 2727 2311 ι
2752 2261 2886 2315 Tum
2902 2258 3061 2328 hujus
3077 2257 3425 2312 damnatione
3441 2256 3597 2310 fusius
3615 2267 3894 2308 commemo-

2360 2365 2495 2421 rata,
2529 2357 2732 2409 instare
2763 2353 2942 2423 pergit
2975 2369 2989 2406 :
3032 2369 3050 2401 (
3090 2350 3417 2419 Dirigantur,
3452 2345 3641 2416 inquit,
3687 2345 3770 2399 (in
3793 2360 3901 2414 pro-

2363 2449 2591 2503 vinciam
2638 2456 2691 2502 et
2730 2447 2796 2500 ad
2848 2444 3059 2515 plebem
3128 2443 3340 2497 Arelate
3379 2441 3752 2496 consistentem
3808 2449 3906 2493 ate

2362 2540 2554 2594 litterae
2581 2580 2595 2605 ,
2645 2539 2839 2609 quibus
2889 2537 3136 2591 abstento
3173 2535 3444 2589 Marciano
3497 2533 3637 2587 alius
3677 2534 3725 2587 in
3770 2534 3906 2586 locum

2362 2632 2480 2701 ejus
2527 2630 2881 2686 substituatur
2908 2669 2921 2692 ,
2975 2640 3030 2683 et
3068 2644 3195 2698 grex
3246 2625 3472 2691 Christi,
3506 2629 3597 2696 qui
3647 2629 3694 2680 in
3738 2627 3907 2680 hodier-

2364 2737 2491 2777 num
2526 2723 2594 2776 ab
2628 2722 2722 2775 illo
2778 2720 3070 2790 dissipatus
3111 2730 3165 2775 et
3215 2720 3531 2774 vulneratus
3574 2720 3903 2782 contemnitur,

2361 2815 2663 2885 colligatur.
2704 2832 2724 2865 ι
2758 2814 2993 2883 Denique
3013 2824 3065 2868 et
3092 2812 3159 2868 de
3185 2814 3437 2883 episcopo
3465 2811 3692 2867 suffecto
3712 2827 3907 2867 commo-

2364 2907 2480 2962 neri
2504 2922 2561 2960 se
2577 2906 2809 2959 maxime
2840 2904 3109 2975 postulat:
3152 2923 3171 2955 ‹
3195 2903 3506 2975 ὃίεηίίὶειι,»
3536 2906 3725 2975 inquit,
3750 2926 3767 2955 ‹
3785 2904 3915 2972 plane

2362 3000 2517 3055 nobis
2563 2999 2684 3069 quis
2724 3000 2777 3054 in
2824 2999 2999 3053 locum
3039 2998 3541 3053 MareianiArelate
3572 2999 3721 3054 fuerit
3742 2998 3910 3051 substi-

2362 3101 2533 3158 tutus,
2564 3101 2621 3145 ut
2672 3092 2922 3157 sciamus,
2951 3092 3016 3146 ad
3061 3106 3220 3162 quem
3272 3092 3463 3146 fratres
3518 3104 3720 3147 nostros
3750 3092 3917 3161 dirige

2364 3200 2421 3239 re
2449 3228 2462 3252 ,
2510 3194 2565 3238 et
2611 3184 2696 3239 cui
2736 3184 2975 3239 scribere
3011 3184 3323 3240 debeamus.
3362 3203 3381 3236 ι
3420 3184 3587 3239 Porro
3615 3200 3805 3239 morem
3836 3184 3919 3251 Cy.

2365 3280 2551 3348 priano
2576 3278 2809 3347 gessisse
2837 3278 3163 3348 Stephanus,
3206 3287 3261 3332 et
3299 3277 3611 3333 Marcianum
3636 3278 3923 3332 deturbasse

2364 3372 2632 3440 putandus
2676 3378 2962 3440 est,neque
3006 3371 3152 3425 enim
3198 3379 3381 3426 vetera
3416 3370 3639 3439 diptyclia
3679 3370 3925 3422 Ecclesia:

2368 3464 2697 3520 Arelatensis
2747 3465 2923 3535 (apud
2951 3465 3151 3519 Mabill.
3196 3466 3334 3519 Ann.
3384 3477 3423 3520 t.
3444 3482 3514 3530 ιιι,
3537 3483 3585 3533 p.
3612 3463 3770 3535 439..)
3800 3463 3934 3518 Mar-

2366 3557 2581 3611 cianum
2608 3556 2851 3612 referunt
2882 3576 2893 3612 :
2937 3557 3043 3612 Sed
3076 3560 3195 3628 quis
3217 3560 3264 3614 ei
3296 3558 3547 3614 suffectus
3574 3558 3748 3619 fuerit,
3775 3558 3934 3612 minus

2366 3650 2552 3720 liquet.
2616 3650 2972 3723 AtCypriano
3025 3668 3093 3707 ne
3132 3653 3235 3707 hoc
3282 3654 3498 3723 quidem
3529 3654 3660 3708 satis
3708 3653 3813 3715 fuit,
3850 3650 3936 3705 sed

2366 3742 2661 3799 Novatiano
2691 3746 2788 3815 ipsi
2818 3747 3222 3817 repugnandum
3251 3747 3423 3814 duxit,
3472 3764 3539 3802 ne
3566 3749 3725 3803 latius
3766 3748 3940 3802 malum

2368 3835 2832 3903 disseminaretur,
2866 3845 2922 3892 et
2947 3840 3228 3905 opusculo,
3269 3840 3414 3910 quod
3450 3859 3469 3892 ‹
3508 3840 3578 3895 ad
3619 3841 3944 3895 Novatianum

2369 3926 2682 3983 haereticum
2728 3948 2746 3980 )
2785 3930 3081 3999 inscripsit,
3109 3946 3417 4001 perversam
3447 3933 3569 4001 ejus
3595 3934 3879 3989 doctrinam
3906 3942 3947 3987 et

2366 4019 2751 4076 inexorabilem
2775 4024 3033 4091 animum,
3060 4025 3361 4080 divinarum
3377 4025 3720 4084 Litterarum
3741 4030 3951 4083 testimo-

2366 4112 2469 4166 niis
2492 4129 2639 4180 usus,
2669 4115 2805 4169 mire
2827 4116 3135 4185 exagitavit.

2436 4203 2524 4260 lll.
2556 4205 2761 4262 interea
2795 4207 3044 4278 Hispanae
3090 4224 3302 4281 quoque
3329 4212 3573 4267 ecclesize
3601 4214 3960 4269 auctoritatem

2368 4299 2758 4369 consiliumque
2810 4299 3063 4372 Cypriani
3115 4306 3514 4374 requirebant:
3558 4306 3694 4374 Quo
3748 4318 3961 4376 tempore

2370 4389 2609 4459 episc0pi
2645 4406 2711 4445 ex
2741 4391 2921 4447 Africa
2944 4393 3322 4466 Carthaginem
3348 4411 3739 4454 convenerant
3769 4413 3964 4455 numen

2372 4480 2585 4550 triginta
2614 4498 2709 4539 sex
2737 4485 2756 4552 (_
2770 4483 3027 4556 Cyprian.
3062 4489 3210 4557 epist.
3246 4489 3356 4561 68).
3388 4489 3644 4560 Ignotum
3671 4506 3801 4549 erat
3824 4496 3969 4549 nemi-

2371 4573 2426 4627 ni
2454 4576 2595 4646 apud
2634 4576 2916 4648 Hispanos,
2948 4580 3235 4635 Basilidem
3270 4585 3585 4655 episcopum
3621 4588 3700 4642 ad
3733 4590 3973 4659 legionem

2368 4679 2423 4724 et
2452 4672 2741 4736 Asturiezc,
2772 4673 2898 4728 item
2944 4674 3238 4730 Martialem
3266 4679 3578 4748 episc0pum
3611 4680 3901 4745 Emerita,
3924 4683 3977 4736 Ii-

676 4764 960 4821 eerdotum
1000 4762 1206 4832 glutino
1253 4758 1521 4829 copulata.
1565 4775 1582 4805 ι
1619 4754 1817 4809 Ultima
1873 4754 2037 4807 verba
2089 4761 2256 4807 sunt:

2372 4759 2528 4815 bellis
2552 4762 2870 4819 idololatria:
2899 4768 3343 4835 commaculatos,
3381 4780 3437 4824 et
3463 4770 3851 4830 nefandorum
3876 4774 3981 4827 (δάε

682 4876 701 4911 ε
738 4856 915 4912 [labes
947 4864 1001 4910 tu
1028 4854 1240 4908 litteras
1268 4867 1437 4915 meas,
1466 4858 1520 4904 et
1546 4863 1645 4918 ego
1676 4857 1826 4911 tuas;
1860 4849 1910 4901 in
1940 4846 2027 4902 die
2048 4846 2263 4917 judicii,

674 4959 803 5007 ante
833 4948 1067 5006 tribunal
1099 4945 1301 5001 Christi
1354 4953 1642 5013 utrumque
1692 4940 2030 4997 recitabitur.
2072 4959 2089 4991 ι

748 5046 812 5101 Il.
830 5045 1006 5101 Alium
1024 5038 1636 5097 habebatadversarium
1654 5035 1952 5107 Cyprianus
1966 5034 2058 5089 toti
2080 5033 2271 5089 Eccle-

677 5137 772 5192 sia:
805 5134 1083 5190 catholica:
1110 5130 1382 5193 infestum,
1412 5127 1768 5183 Novatianum
1793 5125 2018 5191 scilicet,
2043 5125 2131 5190 qui
2162 5124 2271 5180 lon-

675 5243 743 5300 ge
763 5229 874 5299 jam
900 5227 1097 5296 plures,
1127 5238 1286 5294 quam
1324 5222 1376 5274 in
1414 5219 1591 5274 Africa
1622 5217 1914 5283 habuisset,
1948 5227 2096 5272 extra
2128 5217 2273 5272 Afri-

675 5334 793 5376 cam
834 5324 1127 5373 sectatores
1172 5310 1508 5375 numerabat,
1548 5324 1698 5363 nece
1752 5308 1906 5378 plebe
1933 5308 2132 5371 solum,
2178 5307 2272 5364 sed

679 5414 842 5468 etiam
874 5425 905 5467 e
933 5410 1098 5466 clero.
1153 5407 1232 5462 Ex
1262 5405 1347 5460 his
1372 5404 1525 5460 facile
1548 5402 1798 5473 princeps
1850 5412 1965 5457 erat
1986 5401 2276 5457 Martianus

680 5507 961 5577 cpiscopus
987 5501 1341 5565 Arelatensis,
1373 5498 1599 5553 multum
1628 5495 2028 5566 indignantibus
2054 5496 2277 5565 reliquis

683 5598 973 5656 Galliarum
1018 5594 1317 5663 episcopis,
1371 5606 1507 5661 quos
1532 5607 1636 5647 una
1686 5591 1949 5662 professio
2001 5591 2278 5661 Stephano

684 5686 931 5740 l’ontilici
986 5683 1221 5737 maximo
1264 5682 1527 5736 catholica
1592 5681 1950 5737 consensione
1995 5681 2276 5753 iungebat.

686 5769 863 5833 Quare
906 5783 964 5831 ut
996 5771 1148 5825 multi
1205 5770 1346 5841 apud
1396 5772 1724 5841 Stephanum
1776 5773 1949 5842 ipsum
1996 5772 2065 5829 de
2112 5789 2174 5831 ea
2219 5789 2278 5831 re

2370 4866 2560 4907 norum
2585 4856 2914 4912 conscientia
2939 4860 3148 4915 vinctos
3164 4862 3284 4916 loco
3303 4863 3594 4919 excidisse.
3656 4868 3859 4939 Itaque
3888 4884 3988 4922 suc-

2370 4958 2616 5001 cessores
2647 4949 2859 5019 utrique
2893 4951 3005 5021 jam
3034 4953 3143 5007 dati
3191 4954 3422 5021 fuerant,
3466 4957 3711 5014 Basilidi
3749 4962 3988 5023 Sabinus.

2371 5035 2597 5092 Martiali
2621 5038 2788 5107 Felix,
2824 5044 2915 5112 qui
2944 5053 2999 5099 et
3038 5045 3102 5099 ad
3133 5045 3463 5117 Cyprianum
3490 5051 3665 5121 legati
3717 5068 3991 5112 venerant

2371 5126 2476 5181 Sed
2522 5128 2786 5199 llispanos
2818 5133 3067 5189 turbabat
3096 5136 3433 5206 dejectorum
3462 5142 3885 5215 episcoporum
3918 5164 3991 5200 au-

2373 5217 2525 5274 dacia
2548 5231 2785 5277 veterem
2816 5223 3076 5281 honorem
3104 5228 3205 5282 sibi
3232 5229 3621 5287 vindicantium
3676 5254 3692 5289 :
3733 5238 3882 5293 Nam
3906 5241 4000 5307 ejus

2373 5311 2454 5366 rei
2480 5327 2639 5368 causa
2694 5314 2959 5373 Basilides
3002 5318 3227 5374 Romani
3270 5323 3430 5377 etiam
3473 5325 3782 5394 profectus
3823 5332 3999 5391 fuerat.

2376 5415 2431 5461 et
2459 5426 2477 5459 ‹
2510 5408 2865 5478 Stephanum,
2900 5431 2917 5463 ι
2956 5422 3013 5468 ut
3038 5414 3341 5485 Cyprianus
3367 5427 3618 5485 testatur,
3657 5440 3683 5473 ‹
3717 5425 4003 5483 fefellerat,

2379 5510 2437 5554 ut
2475 5504 2773 5593 exambiret
2801 5509 2987 5577 reponi
3042 5524 3102 5565 se
3152 5511 3347 5580 injuste
3397 5513 3449 5566 in
3487 5514 3927 5586 episcopatum,
3958 5520 4006 5572 de

2379 5608 2487 5662 quo
2533 5595 2710 5651 fuerat
2771 5598 2893 5668 jure
2954 5600 3254 5671 depositus.
3304 5622 3321 5654 ι
3362 5603 3473 5659 Nec
3518 5606 3722 5664 minus
3809 5614 4009 5668 fallacia

2380 5700 2508 5742 usus
2536 5698 2652 5744 erat
2696 5689 2974 5761 Martialis,
3016 5702 3074 5748 ut
3115 5694 3293 5751 locum
3326 5707 3379 5752 et
3430 5697 3546 5767 ipse
3578 5708 3861 5773 teneret,
3892 5708 4009 5760 unde

2379 5778 2583 5849 ejectus
2622 5781 2814 5839 fuerat.
2870 5783 3047 5845 Lectis
3087 5786 3248 5858 igitur
3295 5788 3647 5847 ecclesiarum
3714 5794 3941 5856 litteris
3979 5810 4015 5853 rt
