4134 6256
260 312 387 369 1457

1570 310 1928 369 ECCLESME
1956 310 2348 368 AFRICAN/E.

3400 310 3541 366 1458

261 425 437 495 legatis
486 424 541 479 in
584 421 813 477 concilio
858 421 1075 489 auditis,
1129 422 1405 492 rescripsit
1448 423 1747 495 Cyprianus
1775 442 1838 481 ex
1868 430 1919 489 Α
1948 428 2026 497 pis
2058 426 2110 480 in
2135 427 2249 479 haec
2286 424 2449 481 verba
2476 423 2649 497 (Epist
2673 424 2805 496 70):
2839 444 2869 477 ι
2895 425 2970 480 De
2997 438 3101 497 qua
3129 440 3188 482 re
3216 439 3539 499 quamquam

260 520 574 589 collegarum
626 517 914 584 sententia,
972 518 1151 571 omnia
1200 518 1389 573 ordine
1444 528 1496 573 et
1527 518 1647 587 jure
1691 530 1839 589 gesta

259 613 439 675 videri,
473 626 569 665 nec
617 610 873 679 Stephani
927 611 1244 665 auctoritate
1277 627 1370 680 per
1391 611 1571 665 dolum
1599 612 1837 680 interpo-

257 706 369 771 sita,
394 705 797 759 ambitiosorum
818 704 1037 768 abolita,
1062 704 1155 759 sed
1183 705 1448 758 cumulata
1476 719 1596 759 esse
1623 703 1837 758 delicta.

259 798 450 853 Deinde
505 799 783 868 utriusque
828 799 1141 867 complexus
1170 791 1391 861 Scelera,
1425 799 1501 851 sic
1554 797 1756 851 clerum
1787 802 1842 850 et

258 890 457 960 plebem
513 891 789 944 ambarmn
840 891 1191 945 ecclesiarum
1244 891 1575 960 alloquitur:
1643 908 1661 939 ι
1700 888 1841 956 Qua-

259 991 488 1051 propter,
535 997 677 1047 cum,
710 981 848 1035 sicut
900 982 1212 1051 scripsistis,
1240 980 1431 1035 fratres
1461 980 1838 1041 dilectissimi,

256 1082 304 1128 et
335 1082 390 1127 ut
434 1072 582 1127 Felix
633 1081 687 1127 et
744 1072 976 1127 Sabinus
1014 1072 1235 1142 collegae
1280 1072 1446 1126 nostri
1500 1080 1833 1134 asseverant,

254 1174 407 1234 atque
449 1163 584 1217 alius
620 1163 769 1219 Felix
787 1165 853 1218 de
869 1163 1299 1235 Czesar-augusta
1320 1164 1442 1218 ﬁdei
1466 1165 1639 1218 cultor
1665 1180 1728 1219 ac
1743 1165 1838 1219 de-

256 1254 429 1311 fensor
458 1255 700 1309 veritatis
730 1256 923 1310 litteris
972 1256 1084 1310 suis
1133 1256 1430 1325 signiﬁcat,
1482 1255 1740 1311 Basilides
1784 1264 1838 1311 et

255 1346 499 1400 Martialis
516 1346 745 1401 nefando
772 1346 1084 1401 idololatriae
1111 1346 1297 1401 libello
1325 1348 1675 1401 contaminati
1708 1348 1836 1414 sint,

255 1439 510 1494 Basilides
564 1439 739 1493 adhuc
784 1441 1022 1509 insuper,
1067 1449 1263 1510 praeter
1318 1442 1483 1496 libelli
1533 1443 1835 1508 maculam,

255 1547 367 1587 cum
401 1532 455 1585 in
486 1530 797 1587 infirmitate
853 1533 1204 1589 decumberet
1230 1577 1243 1600 ,
1278 1536 1328 1588 in
1371 1535 1538 1590 Deum
1590 1536 1842 1605 blasphe-

254 1623 510 1687 maverit,
542 1632 595 1677 et
639 1638 697 1678 se
726 1623 1132 1694 blasphemasse
1161 1624 1441 1680 confessus
1472 1626 1541 1680 sit
1567 1667 1581 1692 ,
1636 1636 1687 1680 et
1720 1625 1835 1696 epi-

252 1727 526 1783 scotiatum
561 1732 655 1785 pro
686 1719 1029 1773 conscientia:
1066 1734 1177 1772 sme
1228 1718 1449 1773 vulnere
1506 1728 1700 1787 sponte
1741 1719 1836 1774 de—

1943 530 1997 575 et
2040 520 2138 590 ipsi
2194 519 2301 574 illic
2354 518 2633 574 veritatem
2680 530 2733 573 et
2786 518 3095 575 ﬁrmitatem
3141 520 3420 576 catholica:
3457 536 3543 575 re-

1943 613 2079 681 gula:
2137 611 2403 675 teneatis,
2474 620 2651 664 tamen
2704 610 2955 679 quoniam
3021 610 3381 665 consulendos
3444 625 3541 665 nos

1946 719 2042 773 pro
2104 701 2379 756 communi
2455 702 2743 757 dilectione
2805 702 3165 768 existimatis,
3224 704 3539 757 sententiam

1946 803 2184 849 nostram
2232 811 2337 848 tton
2389 810 2582 849 novam
2633 794 2948 864 promimus,
2995 794 3088 850 sed
3132 794 3452 864 jampridem
3477 796 3543 850 ab

1945 888 2378 942 antecessoribus
2412 888 2608 942 nostris
2655 896 2906 941 statutam
2962 896 3017 942 et
3056 903 3087 942 a
3114 888 3268 942 nobis
3290 888 3545 943 observa—

1944 988 2051 1033 tam
2116 978 2391 1033 vobiscum
2459 980 2573 1049 pari
2602 980 2959 1035 consensione
2989 979 3386 1050 conjungimus,
3416 996 3545 1034 cen-

1942 1080 2122 1126 sentes
2162 1072 2393 1139 scilicet,
2450 1081 2501 1126 et
2531 1088 2625 1142 pro
2676 1081 2824 1127 certo
2884 1082 3129 1127 tenentes
3159 1073 3428 1128 nemiuem
3476 1071 3550 1127 f0-

1942 1167 2018 1221 ris
2060 1166 2317 1236 baptizari
2368 1174 2520 1221 extra
2568 1166 2863 1221 Ecclesiam
2917 1182 3102 1236 posse.
3148 1182 3269 1221 cum
3311 1167 3382 1221 sit
3411 1166 3549 1235 Bap-

1944 1258 2099 1313 tisma
2164 1274 2325 1312 unum
2372 1258 2427 1313 in
2485 1266 2669 1312 sancta
2726 1258 2964 1313 Ecclesia
3011 1258 3382 1313 constitutum.
3422 1277 3440 1309 ›
3478 1256 3550 1311 Et

1941 1366 2060 1420 qua:
2112 1350 2385 1420 deinceps.
2434 1349 2534 1405 Vix
2566 1352 2851 1405 concilium
2890 1350 3171 1405 dimissum
3202 1349 3393 1416 fuerat,
3418 1365 3542 1404 cum

1943 1442 2134 1496 eadem
2164 1441 2536 1497 controversia
2589 1457 2655 1496 ex
2706 1442 3038 1497 Mauretania
3092 1441 3157 1495 ad
3216 1441 3545 1514 Cyprianum

1942 1534 2118 1589 delata
2165 1545 2265 1589 est.
2298 1534 2586 1601 Quaerebat
2622 1549 2817 1605 nempe
2855 1534 3108 1601 Quintus,
3134 1534 3420 1603 episcopus
3442 1534 3549 1588 Bu-

1941 1628 2282 1696 rugiatensis,
2310 1626 2439 1696 quid
2466 1626 2696 1681 sentires
2730 1645 2747 1677 ‹
2786 1624 2853 1679 de
2878 1623 2959 1678 his
2982 1626 3070 1694 qui
3095 1624 3235 1693 apud
3263 1624 3546 1679 luereticos

1939 1731 1993 1776 et
2038 1722 2411 1776 schismaticos
2456 1722 2717 1792 baptizari
2748 1722 3015 1777 videntur.
3054 1741 3072 1772 ι
3124 1721 3219 1776 Cui
3246 1721 3547 1793 Cyprianus

255 1823 462 1878 ponens
515 1808 582 1861 ad
629 1808 892 1879 agendam
956 1809 1328 1878 paenitentiam
1378 1824 1678 1864 conversus
1726 1811 1832 1879 sit,
1865 1786 1913 1845 B
1946 1814 2141 1885 (Epist.
2172 1813 2261 1885 71)
2297 1830 2339 1870 ;‹
2377 1786 2736 1882 Quid—nuper,
2773 1813 2963 1882 inquit,
2995 1814 3049 1867 in
3076 1786 3308 1867 concilio
3332 1786 3549 1884 plurimi

256 1902 417 1956 Dcmn
466 1901 799 1971 deprecans,
851 1911 905 1955 ct
958 1903 1089 1956 satis
1135 1902 1445 1972 gratulans,
1499 1902 1545 1955 si
1602 1902 1703 1956 sibi
1752 1904 1837 1958 vel

254 1992 388 2047 laico
443 1994 839 2048 communicare
882 1994 1264 2064 contingeret:
1313 1993 1569 2047 Martialis
1626 2009 1838 2065 quoque

256 2097 447 2158 praeter
490 2087 785 2142 Gentilium
846 2088 1021 2156 turpia
1070 2098 1124 2141 et
1172 2087 1431 2141 lutulenta
1476 2086 1723 2140 convivia
1788 2089 1839 2140 in

254 2178 478 2247 collegio
503 2177 593 2232 diu
625 2178 959 2248 frequentata
986 2220 1000 2244 ,
1033 2186 1087 2232 et
1132 2178 1270 2231 ﬁlios
1299 2179 1349 2229 in
1380 2174 1587 2233 eodem
1617 2178 1842 2249 collegio

254 2284 557 2329 exterarum
587 2274 827 2343 gentium
885 2286 1035 2326 more
1080 2270 1219 2341 apud
1252 2270 1527 2339 prophana
1557 2270 1840 2339 sepulchra

256 2366 527 2435 depositas
572 2375 622 2418 et
667 2364 979 2432 alienigenis
1033 2364 1417 2432 consepultos,
1498 2362 1631 2415 actis
1683 2364 1842 2417 etiam

260 2456 472 2525 publice
507 2454 701 2509 habitis
751 2454 889 2524 apud
937 2463 1343 2524 procuratorem
1374 2453 1719 2507 ducenarium
1749 2454 1846 2508 ob-

259 2559 588 2619 temperasse
646 2564 705 2603 se
756 2548 1114 2613 idololatriae,
1175 2556 1229 2601 et
1285 2546 1559 2600 Christum
1618 2561 1845 2616 negasse

257 2650 591 2696 contestatus
639 2641 742 2705 sit;
790 2656 1020 2710 cumque
1065 2639 1167 2692 alia
1222 2638 1386 2691 multa
1416 2638 1525 2691 sint
1568 2647 1621 2690 et
1660 2638 1841 2706 gravia

257 2733 473 2800 delicta,
506 2733 699 2804 quibus
732 2732 991 2787 Basilides
1040 2740 1093 2787 ct
1132 2731 1391 2785 Martialis
1448 2730 1706 2798 implicati
1758 2740 1840 2784 te.

259 2836 497 2892 nentur,
557 2824 755 2879 frustra
804 2825 937 2878 tales
991 2824 1357 2891 episcopatum
1433 2822 1534 2874 sibi
1591 2836 1848 2890 usurpare

258 2929 553 2983 conantur;
608 2935 729 2972 cum
787 2917 1127 2971 manifestum
1160 2916 1248 2977 sit,
1284 2913 1548 2983 ejusmodi
1599 2913 1849 2968 homines

258 3029 357 3067 nec
388 3011 641 3066 Ecclesia:
670 3010 873 3065 Christi
915 3024 1072 3079 posse
1118 3024 1371 3077 praeesse,
1402 3023 1500 3063 nec
1547 3008 1655 3062 Deo
1683 3006 1851 3062 sacri-

1942 1906 2247 1975 coepiscopi
2292 1920 2415 1958 cum
2478 1904 2970 1974 compresbyteris,
3016 1906 3106 1970 qui
3136 1904 3382 1969 aderant,
3415 1920 3547 1959 cenv

1942 1998 2211 2053 suerimus
2242 2039 2255 2063 ,
2304 2005 2362 2050 ut
2391 1996 2559 2049 scires
2590 2037 2604 2059 ,
2658 1994 2902 2064 ejusdem
2943 1994 3187 2064 epistolae
3238 1994 3547 2064 exemplum

1946 2093 2039 2147 tibi
2090 2092 2230 2145 misi.
2268 2110 2286 2143 ›
2323 2089 2507 2159 Neque
2562 2090 2663 2143 hoc
2709 2098 3027 2153 contentus,
3091 2088 3259 2141 multa
3304 2086 3545 2150 addidit,

1948 2201 2068 2255 qua:
2109 2182 2175 2236 ad
2222 2182 2545 2237 sententiam
2590 2197 2741 2235 suam
2796 2180 3045 2235 tuendam
3089 2180 3313 2235 mirifice
3368 2180 3550 2236 valere

1949 2274 2329 2328 arbitrabatur.
2393 2293 2410 2324 ι
2444 2273 2636 2327 Nescio
2684 2273 2905 2338 etenim,
2935 2291 2954 2324 ι
2989 2272 3182 2342 inquit,
3238 2287 3381 2342 (qua
3424 2288 3551 2343 pre-

1950 2368 2253 2435 sumptiouc
2301 2366 2564 2421 ducuntur
2618 2364 2834 2433 quidam
2884 2364 2950 2417 de
2979 2363 3200 2434 collegis
3228 2364 3426 2417 nostris
3457 2404 3473 2430 ,
3495 2373 3556 2418 ut

1951 2469 2176 2530 putent,
2211 2474 2328 2523 eos,
2361 2458 2452 2529 qui
2499 2456 2641 2527 apud
2666 2456 2949 2511 haereticos
2973 2456 3123 2509 tineti
3170 2464 3313 2524 sunt,
3338 2456 3556 2526 quando

1952 2553 2019 2607 ad
2063 2570 2163 2607 nos
2200 2553 2468 2618 venerint,
2520 2552 2779 2621 baptizari
2813 2566 2917 2606 non
2949 2561 3238 2622 oportere;
3285 2566 3353 2607 eo
3403 2552 3550 2621 quod

1951 2646 2134 2701 dicant
2198 2661 2362 2699 umtm
2404 2645 2676 2713 Baptisma
2733 2660 2891 2710 esse,
2946 2644 3088 2714 quod
3123 2660 3286 2699 unum
3342 2643 3551 2699 scilicet

1957 2738 2081 2792 ideo
2111 2747 2214 2803 est,
2270 2736 2395 2806 quia
2456 2735 2701 2790 Ecclesia
2748 2752 2852 2789 una
2893 2744 2995 2801 est,
3030 2746 3235 2791 etesse
3279 2737 3551 2807 Baptisma

1950 2840 2099 2886 extra
2160 2829 2455 2883 Ecclesiam
2506 2844 2612 2881 non
2671 2836 2861 2897 potest.
2902 2847 2919 2879 ι
2974 2828 3150 2895 Atque
3215 2828 3318 2881 alia
3370 2827 3552 2897 hujus-

1955 2926 2120 2979 modi.
2169 2922 2281 2978 Sub
2312 2922 2452 2976 idem
2488 2920 2715 2975 fortasse
2748 2929 2959 2988 tempus
2990 2935 3053 2974 ex
3078 2919 3265 2975 eadem
3289 2919 3556 2973 Maureta-

1955 3019 2042 3072 nia
2078 3017 2403 3085 Rogatianus
2432 3014 2718 3083 episcopus
2760 3012 3023 3067 Novensis
3052 3012 3192 3079 apud
3222 3011 3553 3083 Cyprianum

261 3106 399 3160 ﬁicia
453 3104 649 3159 oﬁ‘erre
702 3102 935 3167 debere;
983 3103 1211 3155 maxime
1254 3116 1375 3155 cum
1402 3100 1721 3170 jampridem
1752 3114 1850 3153 no-

1957 3109 2025 3163 de
2066 3109 2295 3162 diacono
2336 3120 2434 3159 suo
2464 3114 2705 3174 quaestus
2735 3113 2871 3169 erat,
2911 3123 2928 3155 ι
2967 3104 3110 3173 quod
3148 3104 3432 3158 immemor
3470 3118 3557 3159 sa-

262 3200 466 3254 biscum
508 3209 561 3253 et
618 3214 739 3253 cum
776 3198 1025 3253 omnibus
1079 3197 1297 3251 omnino
1353 3196 1621 3265 episcopis
1653 3196 1705 3248 iu
1736 3204 1849 3249 toto

262 3291 461 3345 nmndo
512 3291 835 3355 constitutis,
882 3291 1039 3345 etiam
1067 3288 1353 3343 Cornelius
1399 3288 1601 3356 collega
1631 3294 1847 3351 noster,

259 3385 513 3439 sacerdos
570 3385 820 3454 pacificus
870 3398 931 3436 ac
976 3383 1172 3452 justus,
1216 3392 1269 3436 et
1323 3380 1581 3450 martyrio
1636 3394 1849 3448 quoque

259 3478 569 3547 dignatione
620 3476 827 3531 Domini
884 3477 1177 3529 honoratus
1208 3473 1532 3538 decreverit,
1584 3469 1850 3540 ejusmodi

261 3568 510 3623 homines
554 3568 620 3621 ad
677 3566 1044 3636 pmniteotiam
1112 3564 1327 3634 quidem
1374 3563 1631 3633 agendam
1694 3576 1850 3631 posse

260 3660 492 3723 admitti,
536 3660 602 3711 ab
644 3657 979 3710 ordinatione
1020 3666 1197 3708 autem
1228 3654 1358 3707 cleri
1408 3663 1567 3722 atque
1601 3653 1852 3707 sacerdo-

262 3753 355 3805 tali
390 3753 592 3803 honore
616 3748 908 3817 prohiberi.
933 3746 1055 3801 )"lS
1094 3746 1309 3799 demum
1354 3744 1606 3813 Cypriani
1633 3753 1688 3796 et
1716 3759 1849 3798 con-

261 3846 369 3900 cilii
422 3846 537 3912 ejus
582 3844 771 3897 litteris
817 3844 1033 3895 evulsus
1086 3842 1332 3909 llispanis
1389 3842 1706 3910 scrupulus,
1759 3840 1849 3907 qui

263 3954 359 3993 eos
392 3938 721 4003 stimulabat,
756 3937 1126 4006 repudiatith
1158 3935 1414 4005 episcopi,
1470 3935 1663 4004 quibus
1715 3932 1856 3986 redi-

264 4040 375 4085 tum
398 4032 463 4085 ad
492 4031 709 4085 honoris
738 4030 818 4083 sui
850 4028 1031 4083 sedem
1055 4029 1401 4083 interclusum
1427 4031 1853 4097 esse;constaret.

339 4122 429 4177 IV.
466 4122 771 4190 Ataliajam
803 4120 1024 4188 urgebat
1050 4135 1234 4184 causa,
1266 4119 1335 4173 oh
1357 4133 1515 4189 quam
1557 4117 1857 4188 Cyprianus

264 4214 555 4284 provincia:
592 4213 986 4282 proconsularis
1036 4212 1318 4281 episcopos
1349 4222 1689 4266 convocarat.
1746 4210 1857 4265 th-

268 4317 411 4361 teras
431 4308 570 4361 enim
604 4323 631 4359 a
663 4305 956 4359 Numidicis
1002 4305 1267 4374 episcopis
1312 4314 1629 4373 acceperat,
1665 4304 1859 4373 quibus

268 4400 588 4453 sententiam
625 4399 739 4466 ejus
786 4399 1063 4467 rogabant,
1101 4416 1119 4448 ι
1150 4397 1216 4451 de
1253 4398 1318 4451 iis
1364 4397 1454 4467 qui
1505 4396 1645 4467 apud
1683 4396 1857 4451 hwre-

272 4494 407 4547 ticos
448 4502 501 4547 et
532 4491 906 4545 schismaticos
937 4491 1191 4559 baptizari
1228 4490 1500 4554 videntur,
1539 4505 1606 4543 an
1658 4488 1723 4541 ad
1759 4488 1861 4541 Ec-

269 4584 487 4639 clesiam
521 4583 874 4648 catholicam,
904 4598 1022 4651 qure
1042 4598 1148 4635 una
1179 4591 1233 4635 et
1260 4597 1385 4636 vera
1435 4589 1538 4648 est,
1583 4580 1862 4634 venientes

271 4677 529 4747 baptizari
559 4676 806 4731 debeant.
851 4695 868 4726 ι
908 4675 1012 4729 Res
1042 4676 1184 4729 enim
1210 4675 1320 4729 illic
1350 4675 1401 4727 in
1434 4672 1863 4728 controversiam

271 4777 455 4821 vocata
488 4776 596 4819 tum
626 4767 827 4821 esseab
847 4766 909 4819 iis
936 4765 1170 4829 videtur,
1199 4768 1287 4836 qui
1312 4780 1514 4819 morem
1545 4773 1862 4818 eteterarum

273 4860 622 4913 ecclesiarum
658 4867 846 4910 norant
866 4900 878 4922 ,
909 4872 971 4910 ac
999 4867 1280 4925 propterea
1325 4857 1557 4926 antiquis
1589 4854 1865 4925 Agrippini

274 4950 510 5018 episc0pi
543 4948 999 5017 Carthaginiensis
1026 4946 1255 5001 decretis
1284 4947 1529 5001 standum
1560 4962 1665 5000 nou
1713 4955 1867 5016 puta-

278 5042 425 5095 bant.
459 5040 744 5094 Enimvero
765 5055 880 5093 eam
910 5039 1214 5108 opinionem
1237 5040 1533 5109 Cyprianus
1560 5040 1741 5094 animo
1769 5040 1874 5093 imc

278 5134 507 5194 biberat,
531 5134 843 5202 penitusque
867 5133 1076 5187 insitam
1104 5132 1573 5194 habebat,sacrum
1594 5132 1868 5201 Baptisma

278 5225 417 5295 apud
439 5225 718 5278 hmreticos
745 5234 798 5279 et
826 5223 1372 5293 schismaticos,quod
1395 5233 1542 5277 extra
1570 5224 1870 5278 Ecclesiam

280 5326 479 5379 essent,
506 5316 709 5369 nullum
740 5330 857 5370 esse
879 5330 1055 5385 posse.
1078 5315 1263 5381 Itaque
1293 5313 1718 5378 consuetudinis,
1752 5328 1872 5383 qua}

280 5407 693 5470 obtendebatur,
730 5407 834 5459 vim
878 5408 1047 5459 levem
1077 5414 1234 5475 atque
1262 5404 1583 5458 imbecillam
1613 5418 1872 5472 agnosce-

285 5501 393 5564 bat,
422 5509 473 5553 et
501 5497 709 5551 veritati
754 5496 945 5549 cedere
973 5512 1088 5548 eam
1123 5504 1370 5561 oportere
1399 5492 1717 5545 afﬁrmabat.
1769 5492 1873 5561 lgi-

285 5602 371 5645 tur
402 5600 458 5645 ut
486 5605 549 5643 ea
577 5589 804 5660 quiatstio
832 5588 885 5641 in
919 5586 1145 5641 concilio
1175 5586 1361 5655 agitari
1402 5584 1584 5653 coepit,
1624 5599 1724 5653 qua
1759 5594 1876 5639 erat

284 5683 423 5753 apud
450 5697 640 5737 omnes
669 5680 1005 5744 auctoritate,
1036 5677 1185 5732 facile
1208 5677 1442 5746 singulos
1466 5677 1516 5729 in
1548 5675 1874 5729 sententiam

286 5776 543 5847 perduxit
571 5789 743 5841 suam,
776 5772 1202 5841 rescriptumque
1226 5780 1308 5824 est
1346 5768 1637 5825 Numidicis
1666 5769 1875 5839 episco-

1954 3201 2245 3257 cerdotalis
2292 3200 2440 3265 loci,
2498 3207 2554 3250 et
2581 3196 2746 3250 ofﬁcii
2788 3210 2851 3249 ac
2896 3196 3179 3250 ministerii
3222 3196 3303 3249 sui
3336 3195 3552 3259 oblitus,
3602 3252 3607 3257 ,

1958 3292 2298 3349 contumeliis
2346 3300 2400 3344 et
2447 3289 2654 3359 injuriis
2718 3304 2840 3342 eum
2892 3288 3290 3342 exacerbasset.
3334 3308 3352 3339 ι
3413 3286 3555 3340 Lau-

1957 3386 2106 3440 davit
2132 3384 2434 3455 Cyprianus
2472 3382 2570 3435 viri
2608 3381 2951 3447 modestiam,
2980 3382 3068 3449 qui
3091 3382 3240 3450 queri
3269 3379 3337 3435 de
3352 3394 3418 3435 eo
3446 3395 3559 3435 ma-

1958 3479 2139 3542 luerit,
2169 3491 2329 3545 quam
2358 3474 2676 3527 auctoritate
2703 3487 2831 3527 usus
2860 3472 2910 3525 in
2937 3488 3060 3526 eum
3089 3471 3517 3527 animadvertere
3542 3495 3553 3525 :

1960 3569 2069 3625 Sed
2127 3567 2473 3637 indulgentia:
2531 3577 2711 3620 tamen
2758 3564 2978 3619 modum
3037 3565 3339 3634 ponendum
3387 3565 3559 3620 duxit.

1958 3661 2204 3730 Oportet,
2249 3680 2266 3711 ι
2320 3660 2491 3728 inquit
2541 3657 2745 3728 (Epist.
2781 3654 2906 3727 65),
2966 3676 2983 3706 ‹
3016 3656 3321 3720 diaconum,
3354 3656 3422 3712 de
3451 3672 3560 3728 quo

1959 3752 2173 3817 scribis,
2230 3765 2389 3819 agere
2440 3748 2679 3802 audaciae
2705 3762 2815 3801 sua:
2864 3747 3259 3816 pmnitentiam,
3294 3758 3347 3804 et
3386 3748 3561 3804 hono-

1962 3858 2078 3897 rem
2130 3841 2429 3895 saccrdolis
2470 3854 2807 3907 agnoscere,
2854 3848 2908 3891 et
2960 3838 3215 3909 episcopo
3269 3840 3558 3911 praeposito

1961 3948 2061 3986 suo
2121 3931 2277 3999 plena
2326 3929 2625 3983 humilitate
2671 3926 3006 3982 satisfacere.
3045 3946 3063 3979 ι
3098 3930 3163 3983 Et
3202 3928 3360 3984 affert
3417 3930 3559 3985 idem

1963 4022 2205 4077 criminis
2231 4020 2531 4074 vindicandi
2561 4020 2932 4088 gravissimam
2961 4033 3197 4073 causam.
3231 4039 3249 4071 ι
3287 4021 3411 4075 llaec
3436 4031 3567 4075 sunt

1966 4116 2132 4179 enim,
2171 4133 2189 4164 ι
2223 4112 2411 4182 inquit,
2443 4130 2461 4162 ι
2498 4111 2646 4165 initia
2699 4111 3097 4176 haereticorum,
3148 4120 3205 4165 et
3230 4120 3378 4165 ortus
3403 4122 3565 4182 atque

1964 4219 2191 4265 conatus
2244 4205 2709 4261 schismaticorum
2743 4204 2881 4259 male
2920 4204 3268 4274 cogitantium
3304 4245 3318 4268 ,
3346 4212 3404 4257 ut
3461 4204 3562 4258 sibi

1964 4301 2248 4371 placeant,
2307 4307 2365 4351 ut
2406 4296 2750 4365 praepositum
2803 4299 3036 4363 superbo
3080 4307 3289 4350 tumore
3315 4304 3564 4349 contem-

1966 4400 2115 4446 nant.
2147 4389 2235 4445 Sic
2258 4388 2325 4444 de
2370 4388 2607 4443 Ecclesia
2651 4387 2940 4454 receditur,
2970 4388 3047 4443 sic
3074 4388 3242 4442 altare
3281 4385 3565 4457 profanum

1967 4485 2098 4539 foris
2152 4482 2468 4544 collocatur,
2502 4481 2582 4535 sic
2612 4490 2797 4533 contra
2855 4494 3039 4547 pacem
3070 4477 3306 4545 Christi,
3336 4486 3391 4533 et
3415 4477 3565 4533 ordi-

1968 4576 2239 4630 nationem
2272 4581 2432 4643 atque
2460 4573 2719 4625 unitatem
2757 4571 2850 4625 Dei
2882 4570 3197 4625 rebellatur.
3243 4590 3261 4622 ι

2049 4666 2107 4719 V.
2152 4665 2345 4719 Pacata
2392 4678 2521 4719 vero
2569 4671 2809 4733 tempora
2858 4672 2912 4715 et
2952 4661 3260 4731 disputandi
3281 4662 3449 4717 otium
3478 4676 3566 4718 res

1970 4760 2103 4814 alias
2134 4758 2184 4812 in
2227 4756 2649 4813 controversiam
2691 4754 2996 4820 adduxere,
3032 4766 3394 4825 praaterquam
3421 4754 3568 4825 quod

1973 4853 2091 4921 ipsa
2116 4850 2342 4919 quzestio
2367 4847 2434 4901 de
2461 4846 2735 4915 Baptismo
2764 4842 3096 4898 subdifﬁcilis
3124 4845 3307 4899 multis
3349 4859 3413 4899 ac
3443 4844 3569 4899 sub-

1972 4944 2200 4999 obscura
2240 4941 2537 4995 videbatur.
2579 4940 2916 5007 Quapropter
2942 4938 3228 4992 concilium
3253 4939 3446 4992 iterum
3468 4952 3571 4989 an-

1976 5046 2027 5092 te
2054 5036 2177 5090 anni
2205 5034 2405 5088 exitum
2447 5030 2564 5101 cogi
2600 5044 2820 5085 necesse
2860 5030 2989 5091 fuit,
3021 5028 3087 5083 ad
3138 5028 3280 5099 quod
3332 5029 3574 5098 episcopi

1974 5126 2232 5183 advenire
2253 5123 2586 5194 septuaginta
2606 5130 2660 5176 et
2686 5137 2823 5175 unus
2854 5120 3044 5191 partim
3074 5135 3104 5174 e
3144 5119 3416 5189 provincia
3448 5132 3573 5187 pro-

1974 5220 2269 5285 consulari,
2302 5217 2495 5289 partim
2521 5231 2550 5269 e
2588 5214 2860 5269 Numidia.
2910 5213 3070 5267 Multa
3118 5228 3247 5267 vero
3279 5213 3332 5266 in
3363 5226 3428 5266 eo
3459 5221 3573 5265 tum

1982 5332 2000 5364 ε
2032 5313 2232 5381 prolata
2267 5321 2425 5379 atque
2471 5316 2757 5364 transacta.
2796 5326 2815 5357 ι
2860 5314 3084 5361 testatur
3122 5307 3238 5375 ipse
3277 5303 3575 5376 Cyprianus

1978 5405 2173 5477 (Epist.
2202 5404 2333 5471 '79.);
2361 5402 2452 5457 sed
2482 5401 2589 5455 duo
2616 5401 2954 5471 potissimum
2984 5409 3131 5465 sunt,
3161 5415 3282 5468 quae
3313 5397 3452 5452 idem
3475 5396 3574 5452 de-

1978 5500 2152 5568 signat
2182 5506 2340 5565 atque
2386 5494 2653 5573 explicat;
2706 5493 2957 5561 primum,
2996 5491 3063 5547 de
3106 5505 3212 5561 quo
3238 5500 3292 5544 et
3330 5491 3383 5543 in
3413 5502 3577 5557 supe-

1979 5591 2123 5645 riore
2149 5589 2376 5644 concilio
2403 5596 2578 5641 actmn
2608 5584 2801 5646 fuerat,
2836 5603 2853 5635 ‹
2884 5599 2979 5639 eos
3020 5586 3109 5654 qui
3136 5584 3245 5638 sint
3268 5582 3399 5637 foris
3419 5588 3574 5636 extra

1983 5680 2277 5735 Ecclesiam
2335 5677 2481 5732 tineti
2531 5685 2585 5731 et
2614 5675 2751 5745 apud
2785 5674 3068 5731 htcreticos
3116 5685 3168 5730 et
3200 5672 3576 5729 schismatiCOs

1980 5770 2219 5841 profana:
2260 5785 2411 5841 aqua:
2454 5767 2570 5824 labe
2590 5767 2858 5834 maculati,
2882 5766 3094 5837 quando
3114 5766 3180 5823 ad
3201 5781 3298 5825 nos
3315 5775 3474 5836 atque
3507 5761 3575 5818 ad
