4216 6282
383 217 518 274 1461

1651 216 2008 276 ECCLBSUE
2052 221 2447 280 AFRICANIE.

3457 244 3461 250 '
3549 235 3689 289 “6'2

381 341 510 388 tunc
549 332 724 388 beatae
783 328 1066 384 memoria:
1115 328 1281 399 Papa,
1326 329 1632 400 Stephanus
1673 333 1984 400 apostolicae
2012 337 2060 396 Α
2089 335 2232 391 il-lam
2277 339 2378 394 sibi
2425 350 2732 410 suspectam
2781 356 2936 406 esse,
2989 358 3094 396 non
3147 345 3316 401 semel
3362 345 3686 416 signiﬁcavit

386 424 546 482 Sedis
577 423 806 479 antistes
846 437 970 477 eum
1027 422 1242 477 caeteris
1297 424 1514 493 quidem
1560 425 1784 496 collegis
1831 428 1982 496 suis,

384 517 481 574 sed
542 525 724 570 tamen
780 529 892 584 prie
917 513 1133 568 caeteris
1155 515 1390 582 restitit;
1419 510 1748 583 dignum,'ut
1773 517 1986 586 opinor,

382 609 734 675 existimans,
801 608 846 663 si
890 607 1132 677 reliquos
1161 622 1350 663 omnes
1414 619 1618 665 tantum
1661 610 1786 667 ﬁdei
1817 612 1986 666 devo-

382 704 530 758 tione
561 703 824 768 vinceret,
875 711 1138 770 quantnm
1195 704 1294 756 loci
1323 705 1649 759 auctoritate
1676 708 1987 776 superabat.

382 793 622 862 Denique
685 792 741 846 in
799 791 1062 861 epistola,-
1110 808 1228 862 qute
1269 802 1396 849 tunc
1433 795 1487 849 in
1529 795 1765 851 Africam
1825 799 1987 852 missa

377 894 494 949 est,
548 883 634 938 his
687 882 868 937 verbis
928 884 1126 937 sanxit.
1164 902 1181 934 ι
1263 884 1406 940 Nihil
1474 890 1815 953 novandum,
1886 890 1986 944 nisi

379 976 521 1046 quod
556 975 815 1030 traditum
846 984 950 1030 est.
990 995 1007 1027 ι
1047 975 1385 1052 lntelligcbat
1426 980 1625 1034 etenim
1660 983 1740 1034 vir
1767 992 1989 1036 sanctus

381 1077 436 1123 ct
482 1067 754 1138 prudens,
798 1067 933 1122 nihil
993 1067 1139 1122 aliud
1189 1072 1458 1125 rationem
1531 1073 1747 1142 pietatis
1787 1073 1987 1128 admit-

382 1169 536 1228 tere,
570 1161 672 1216 nisi
726 1171 786 1215 ut
826 1160 1008 1217 omnia
1031 1203 1044 1226 ,
1079 1176 1199 1232 quae
1247 1162 1353 1218 ﬁde
1383 1180 1411 1217 a
1444 1165 1692 1220 Patribus
1734 1179 1984 1236 suscepta

383 1251 563 1306 forent
597 1297 611 1319 ,
685 1252 875 1306 eadem
923 1251 1029 1306 ﬁde
1079 1252 1206 1307 liliis
1248 1255 1726 1325 consignarentur,
1782 1271 1988 1326 nosque

378 1344 699 1415 religionem
752 1361 857 1400 non
899 1359 1004 1415 qua
1055 1345 1324 1402 vellemus
1386 1347 1586 1404 docere
1644 1349 1740 1404 sed
1809 1349 1985 1420 potius

379 1455 482 1508 qua
523 1440 612 1495 illa
682 1439 938 1506 duceret,
981 1439 1134 1509 sequi
1173 1447 1456 1508 oportere;
1492 1441 1653 1512 idque
1707 1457 1828 1497 esse
1858 1458 1984 1512 pro-

381 1533 559 1600 prium
603 1532 915 1588 christiauae
971 1531 1256 1586 modestia:
1299 1540 1355 1588 et
1395 1535 1680 1602 gravitatis
1716 1548 1822 1589 nou
1886 1548 1983 1588 sua

376 1627 611 1697 posteris
657 1625 892 1692 tradere,
942 1625 1034 1680 sed
1059 1640 1086 1677 a
1115 1625 1412 1694 majoribus
1441 1634 1658 1695 accepta
1686 1641 1923 1682 servare.
1954 1646 1974 1679 ι

2092 426 2292 497 (contra
2321 430 2556 486 (Irascen.
2587 433 2676 487 lib.
2712 449 2780 498 ιι,
2811 451 2856 487 c.
2889 435 2978 498 51,
3010 432 3162 505 etc.),
3196 435 3556 508 eamdemque
3595 440 3689 494 alii

2091 518 2159 572 ob
2203 535 2379 576 causae
2421 537 2532 576 sure
2579 524 2932 584 patrocinium
2978 539 3006 576 a
3052 525 3348 582 Donatistis
3399 527 3686 586 confictam

2091 611 2434 666 crediderunt
2473 613 2570 683 (V.
2599 614 2811 670 Missor.
2853 613 3066 686 Disput.
3105 618 3219 672 crit.
3259 620 3313 672 in
3345 619 3492 690 epist.
3527 621 3684 691 Cypr.

2092 711 2138 755 et
2168 701 2373 758 Fit-mil.
2407 723 2459 775 p.
2491 705 2644 772 264).

2162 794 2248 850 ΠΙ.
2281 797 2542 853 Cazlcrum
2574 800 2875 871 Cyprianus
2908 801 2958 854 in
2989 801 3252 872 rescripto
3283 801 3540 871 Stephani
3575 819 3684 858 non

2093 887 2265 957 legem
2295 890 2528 960 aliquam
2581 892 2684 946 sibi
2713 893 3012 963 impositam
3041 944 3053 960 ,
3085 895 3178 949 sed
3204 895 3462 964 judicium
3491 899 3680 965 privati

2093 981 2325 1036 hominis
2357 983 2590 1037 oblatum
2623 986 2956 1052 existimans,
2991 987 3150 1040 tertio
3173 987 3558 1056 experiendum
3589 988 3688 1042 du-

2090 1074 2186 1137 xit,
2222 1072 2346 1141 quid
2376 1074 2602 1127 ecclesia
2634 1074 2885 1130 Africana
2921 1076 2988 1132 de
3012 1076 3388 1132 haarcticorum
3413 1078 3687 1148 Baptismo

2087 1164 2329 1217 sentiret.
2366 1164 2631 1219 lndictmn
2663 1167 2820 1237 igitur
2853 1168 3072 1222 tertium
3106 1169 3393 1223 concilium
3429 1170 3478 1223 in
3507 1171 3686 1224 calen-

2090 1253 2185 1307 das
2226 1257 2562 1322 scptembres
2602 1268 2659 1310 ut
2707 1273 2774 1311 ex
2821 1257 3155 1313 Mauretania
3199 1258 3360 1313 etiam
3418 1269 3474 1312 et
3527 1270 3690 1315 cauc-

2090 1346 2199 1411 ris,
2247 1363 2364 1414 qum
2421 1348 2586 1416 magis
2635 1348 2907 1403 distabant
2945 1350 3210 1415 ecclesiis,
3243 1350 3553 1421 frequentes
3580 1352 3691 1421 cpi-

2087 1437 2236 1504 scopi
2287 1437 2478 1492 adesse
2530 1451 2768 1507 possent.
2803 1440 2920 1495 Jam
2954 1452 3135 1496 autem
3180 1443 3552 1497 controversia
3601 1444 3687 1497 illa

2088 1543 2236 1582 mare
2269 1539 2622 1600 transgressa,
2647 1531 2920 1587 Orientem
2952 1547 3165 1604 quoque
3188 1544 3513 1603 pervaserat,
3549 1536 3689 1590 mul-

2086 1623 2264 1691 tisque
2297 1626 2348 1678 in
2394 1619 2720 1680 ecclesiis-in
2751 1635 3034 1696 utramque
3061 1628 3383 1682 sententiam
3421 1643 3525 1682 non
3583 1628 3688 1683 levi

375 1679 648 1773 Craterum
693 1719 887 1772 litterte
931 1719 1060 1786 ipsa:
1085 1679 1382 1787 Stephani,
1416 1679 1837 1788 qualescumque
1866 1717 1982 1772 fuc-
2010 1679 2058 1738 Β
2087 1716 2310 1770 dissidio
2345 1716 2736 1787 disputabatur.
2768 1679 2984 1773 Littera:
3034 1721 3197 1774 etiam
3232 1720 3296 1771 ad
3351 1718 3684 1789 Stephanum

377 1812 506 1876 rint,
531 1811 598 1865 ad
628 1827 727 1866 nos
756 1826 865 1865 non
894 1820 1294 1880 pervenerunt:
1314 1827 1413 1867 nec
1437 1812 1581 1866 aliud
1602 1829 1665 1867 ex
1696 1814 1761 1867 iis
1791 1828 1981 1880 super-

377 1912 496 1968 est,
551 1917 710 1971 quam
763 1903 1022 1971 particula
1069 1902 1192 1966 illa.
1247 1919 1367 1973 qua:
1414 1905 1464 1958 iu
1513 1904 1739 1973 epistola
1787 1904 1982 1974 legitur

378 1995 631 2067 Cypriani
677 1995 744 2051 ad
792 1995 1148 2066 Pompeium,
1191 2011 1543 2065 quaecumque
1591 1995 1806 2051 demum
1865 1996 1979 2051 haec

376 2103 587 2158 quoque
616 2103 738 2144 esse
771 2088 1002 2155 putanda
1037 2089 1128 2142 sit.
1157 2105 1175 2138 ι
1205 2089 1257 2140 Si
1282 2087 1402 2156 quis
1429 2102 1612 2157 ergo,»
1641 2088 1822 2144 aiebat
1855 2073 1977 2142 Ste-

379 2183 590 2250 phanus
650 2181 941 2254 (Cyprian.
993 2183 1046 2235 in
1091 2181 1256 2250 Epist.
1315 2182 1416 2245 74,
1463 2182 1524 2234 de
1569 2170 1664 2234 hoc
1723 2180 1978 2252 Stephani

373 2277 576 2331 decreto
615 2277 726 2347 lege
767 2276 1060 2330 missorium
1103 2274 1251 2344 Disp.
1286 2275 1400 2327 crit.
1454 2291 1505 2342 p.
1541 2261 1721 2345 5*5),
1756 2289 1784 2326 a
1838 2290 1974 2344 qua-

374 2383 602 2436 cumque
653 2367 847 2420 haeresi
891 2367 1100 2421 venerit
1153 2367 1217 2419 ad
1267 2380 1395 2430 vos,
1467 2363 1600 2420 nihil
1654 2365 1976 2430 innovetur,

375 2460 478 2514 nisi
533 2459 675 2529 quod
731 2459 983 2514 traditum
1017 2465 1131 2526 est,
1165 2468 1218 2512 ut
1252 2473 1442 2516 manus
1475 2457 1553 2510 illi
1582 2458 1889 2525 imponatur
1920 2457 1975 2511 in

377 2553 751 2624 paenitentiam
779 2567 937 2608 :cum
995 2553 1095 2622 ipsi
1129 2551 1355 2606 ltzeritici
1405 2538 1621 2621 proprie
1651 2549 1972 2604 alterutrum

371 2647 438 2700 ad
481 2663 541 2702 se
587 2647 862 2702 venientes
921 2661 1030 2700 non
1097 2645 1408 2716 baptizcnt,
1445 2645 1540 2699 sed
1572 2645 1976 2699 communicent

374 2750 603 2797 tantum.
643 2761 661 2793 ι

441 2831 506 2885 ll.
549 2832 890 2901 Responsum
945 2829 1243 2898 Stephani,
1295 2829 1341 2882 sl
1401 2827 1506 2882 tale
1556 2826 1688 2888 fuit,
1745 2828 1973 2881 multum

369 2924 639 2994 Cypriane
661 2923 1023 2990 displicuisse,
1050 2920 1207 2974 facile
1233 2918 1494 2972 dederim.
1526 2917 1595 2972 At
1622 2917 1969 2987 Cyprianum,

369 3015 566 3069 litteris
601 3032 619 3064 ι
661 3029 688 3065 a
717 3012 862 3066 Petri
908 3009 1178 3064 Cathedra
1211 3019 1370 3079 atque
1399 3008 1468 3061 ab
1496 3007 1739 3062 Ecclesia
1769 3009 1970 3076 princi-
1997 3042 2042 3105 Ο

367 3107 496 3177 pali,
531 3107 674 3160 unde
700 3106 874 3158 unitas
926 3103 1277 3157 sacerdotalis
1317 3109 1504 3155 exorta
1533 3109 1616 3153 est
1654 3117 1672 3148 ι
1705 3095 1891 3167 (Idem
1915 3101 1970 3153 in

367 3212 451 3264 ep.
489 3195 604 3263 55),
640 3195 808 3248 semel
841 3209 946 3248 non
979 3208 1044 3247 ex
1071 3191 1239 3245 animi
1286 3189 1368 3245 sui
1412 3188 1680 3244 sententia
1709 3190 1967 3258 acceptis,

367 3288 437 3341 ita
470 3287 854 3354 excanduisse,
891 3295 945 3340 ut
973 3300 1034 3340 ea
1064 3286 1244 3338 omnia
1284 3292 1504 3354 repente
1534 3281 1967 3349 oblivisceretur,

365 3396 484 3450 qua:
528 3380 741 3450 publice
787 3381 1064 3448 professus
1113 3378 1320 3441 fuerat,
1365 3391 1549 3430 secum
1593 3373 1816 3444 collegis
1860 3375 1972 3430 suis

367 3475 565 3530 nemini
608 3475 713 3528 vim
759 3472 974 3537 facere,
1010 3470 1210 3525 nemini
1258 3471 1430 3539 legem
1460 3468 1621 3531 dare,
1657 3469 1972 3536 servarique

365 3581 392 3619 a
416 3581 474 3621 se
504 3565 823 3621 charitatem
856 3562 1053 3626 animi,
1098 3560 1312 3628 collegii
1355 3559 1650 3623 honorem,
1695 3559 1965 3613 vinculum

365 3657 489 3711 ﬁdei
521 3666 574 3710 et
604 3654 949 3710 concordiam
982 3650 1303 3712 sacerdotii;
1337 3649 1438 3702 hoc
1470 3663 1599 3702 vero
1627 3658 1683 3701 ut
1711 3647 1962 3716 credam,

372 3746 564 3802 adduci
601 3747 757 3816 plane
784 3760 891 3799 non
924 3758 1168 3811 possum.
1203 3740 1386 3809 Neque
1427 3741 1571 3793 enim
1619 3739 1757 3793 levia
1802 3748 1962 3805 sunt,

362 3855 480 3909 qua:
510 3839 599 3894 ille
623 3838 882 3892 adversus
905 3836 1236 3904 Stephanum
1266 3832 1548 3886 admisisse
1572 3831 1837 3897 arguitur,
1868 3831 1962 3885 sed

365 3929 490 3984 talia
521 3930 731 3998 potius,
763 3942 884 3997 quae
915 3927 967 3979 in
1017 3927 1224 3978 tantum
1259 3923 1430 3977 virum
1461 3921 1652 3976 cadere
1685 3922 1773 3974 vix
1807 3924 1965 3989 posse

283 4062 288 4065 ι
365 4020 671 4075 videantur.
709 4017 838 4071 Nam
869 4018 912 4070 si
945 4032 1065 4086 qua:
1097 4017 1264 4069 fertur
1295 4011 1520 4083 epistola
1553 4007 1618 4065 ad
1648 4011 1964 4081 Pompeium

360 4115 674 4184 episc0pum
702 4110 1080 4165 Sabratensem
1114 4105 1585 4176 missa,Cypriano
1608 4104 1966 4160 adscribcuda

360 4203 474 4270 cst’,
505 4205 620 4274 ipse
653 4220 758 4258 non
792 4201 954 4258 modo
987 4199 1246 4270 Stephani
1277 4198 1482 4268 judicio
1529 4214 1632 4251 non
1664 4197 1964 4267 acquievit,

360 4297 453 4352 sed
488 4297 622 4351 alios
651 4298 809 4350 etiam
841 4304 1027 4350 eontra
1084 4310 1206 4349 eum
1239 4292 1534 4347 commovit
1562 4309 1575 4347 :
1607 4291 1856 4358 eumdem
1891 4289 1960 4346 ob

363 4387 469 4444 tale
511 4390 827 4458 rescriptum
870 4389 1072 4441 erroris
1101 4385 1460 4447 insimulavit,
1491 4385 1642 4450 quasi
1679 4404 1696 4436 ι
1739 4383 1957 4438 h:ereti~

359 4497 546 4548 eorum
579 4497 793 4537 causam
851 4493 1039 4535 contra
1071 4479 1409 4532 Christianos
1463 4487 1518 4530 et
1545 4486 1731 4530 contra
1777 4475 1960 4530 Eccle-

359 4574 493 4628 siatn
528 4573 620 4627 Dei
671 4588 916 4627 asserere
954 4581 1242 4625 conaretur
1268 4585 1286 4622 :
1317 4589 1334 4621 ›
1370 4570 1566 4636 scripta
1594 4568 1662 4622 ab
1687 4584 1752 4622 co
1793 4569 1958 4622 inulta

356 4666 643 4720 aflirmavit
685 4684 704 4715 ι
742 4665 992 4732 imperite
1055 4673 1220 4733 atque
1265 4661 1599 4730 improvide,
1669 4681 1686 4713 ι
1741 4670 1795 4715 ct
1838 4677 1958 4730 quae

357 4758 443 4814 vel
477 4778 494 4810 ι
534 4757 762 4826 superba
787 4799 800 4822 ,
835 4757 917 4811 vel
949 4756 1013 4808 ad
1056 4771 1167 4809 rem
1200 4770 1303 4807 non
1336 4754 1662 4824 pertinentia
1683 4794 1696 4815 ,
1737 4752 1823 4806 vel
1855 4753 1958 4807 sibi

358 4851 459 4922 ipsi
513 4851 782 4905 contraria
840 4858 1038 4903 essent.
1078 4865 1095 4898 ι
1133 4845 1439 4915 Stephanus
1474 4864 1491 4896 ‹
1530 4845 1957 4899 obstinationem

359 4941 544 4995 duram
583 4960 599 4991 ›
633 4940 954 5009 appellavit,
988 4955 1108 5009 qua:
1135 4938 1438 4992 constantia
1473 4936 1629 5000 l‘oret,
1665 4943 1960 5006 auctorque

358 5035 625 5104 episcopis
656 5033 774 5098 fuit,
808 5043 863 5086 ut
894 5032 1153 5101 Stephani
1185 5030 1482 5084 doctrinam
1534 5040 1917 5085 aversarentur
1944 5049 1956 5085 :

365 5145 382 5176 r
423 5127 651 5196 Propter
677 5124 819 5195 quod
838 5165 853 5190 ,
886 5125 1086 5193 inquit,
1121 5123 1308 5179 relicto
1335 5137 1522 5177 errore
1548 5135 1841 5192 sequamur
1869 5139 1959 5176 ve-

356 5221 598 5275 ritatem.
636 5239 655 5271 ›
722 5217 848 5273 llaec
891 5234 1021 5272 sane
1047 5219 1136 5287 qui
1181 5215 1496 5287 perpendit,
1539 5231 1832 5285 numquam
1893 5231 1958 5270 ex

358 5313 476 5383 ejus
499 5328 595 5367 ore
628 5310 894 5381 prodiisse
926 5311 1232 5380 putaverit,
1266 5324 1430 5379 quem
1473 5323 1577 5362 non
1624 5307 1786 5362 modo
1830 5317 1954 5362 ante

358 5403 462 5458 hoc
495 5412 726 5474 tempus,
757 5405 850 5458 sed
881 5400 1110 5457 subinde
1136 5401 1298 5456 etiam
1328 5401 1449 5454 vita:
1478 5399 1781 5462 sanctitate,
1827 5413 1957 5451 cou-

359 5495 556 5550 cordite
584 5495 762 5549 studio
782 5536 795 5558 ,
827 5495 994 5547 animi
1021 5492 1314 5561 gravitate,
1346 5506 1526 5544 rerum
1562 5489 1850 5543 arduarum
1896 5503 1959 5543 ac

356 5588 656 5643 difﬁcilium
703 5589 1004 5643 voluntaria
1047 5603 1110 5641 ac
1154 5586 1410 5639 diuturna
1455 5584 1808 5654 perpessione
1851 5584 1961 5638 cla-

359 5684 538 5742 ruisse
571 5693 816 5755 apparet.
861 5682 1067 5740 Idcirco
1088 5679 1420 5750 Augustinus
1446 5691 1660 5750 quoque
1678 5675 1962 5749 epistolam

2087 1811 2266 1864 missa:
2298 1809 2529 1876 fuerant,
2554 1827 2674 1880 quae
2695 1811 2985 1866 multorum
3019 1813 3398 1881 episcoporum
3435 1814 3684 1883 eamjam

2086 1916 2206 1956 esse
2228 1901 2673 1958 consuetudinem
2710 1903 3047 1970 nunciarent,
3075 1913 3128 1956 ut
3172 1904 3456 1957 haereticos
3482 1904 3548 1957 ad
3581 1905 3683 1958 Ee-

2084 1994 2306 2048 clesiam
2335 1993 2624 2049 redeuntes
2651 1995 2845 2049 iterum
2900 1996 3178 2065 Baptismo
3205 1996 3498 2066 tingerent.
3531 1997 3684 2062 Quod

2084 2085 2357 2153 Stephano
2390 2085 2528 2140 adeo
2550 2101 2715 2156 grave
2745 2086 2864 2152 luit,
2899 2097 2956 2140 ut
2987 2086 3170 2140 multis
3201 2089 3433 2140 minatus
3451 2085 3519 2140 sit
3541 2127 3555 2150 ,
3589 2101 3680 2152 sc,

2082 2176 2182 2228 nisi
2216 2178 2594 2247 resipiscerent
2623 2219 2638 2242 ,
2671 2179 2738 2232 ab
2784 2192 2970 2234 eorum
3002 2181 3384 2234 communione
3431 2195 3682 2236 recessu-

2080 2283 2197 2320 rutn
2226 2269 2448 2338 (Euseb.
2487 2259 2559 2323 Η.
2594 2268 2656 2326 L.
2689 2269 2779 2324 lib.
2811 2286 2904 2324 vn.
2933 2287 2979 2323 c.
3015 2269 3114 2341 5).
3150 2270 3254 2326 Sed
3281 2271 3557 2342 Stephano
3583 2272 3684 2326 da-

2083 2370 2192 2416 tum
2226 2377 2329 2416 non
2364 2373 2480 2429 est,
2529 2373 2583 2417 ut
2647 2364 2804 2417 ﬁnem
2853 2365 3024 2420 errori
3055 2366 3396 2435 imponeret,
3454 2369 3542 2437 qui
3575 2383 3682 2422 non

2079 2457 2250 2510 multo
2273 2456 2541 2525 postXiSIi
2560 2457 2890 2513 successoris
2907 2457 3024 2526 ejus
3039 2461 3385 2526 auctoritate,
3406 2471 3459 2515 ct
3479 2460 3681 2531 Diony-

2079 2548 2140 2600 sii
2161 2548 2502 2602 Alexandrini
2529 2565 2689 2618 opera
2711 2549 3072 2608 sublatusest.
3097 2551 3229 2606 Nam
3252 2553 3295 2606 si
3313 2547 3549 2607 Eusebio
3565 2568 3685 2609 cre-

2080 2639 2264 2693 demus
2306 2638 2413 2708 (Η.
2463 2640 2527 2694 L.
2570 2641 2658 2694 lib.
2692 2657 2764 2695 vn
2795 2683 2810 2706 ,
2841 2658 2886 2695 c.
2919 2644 2991 2714 5)
3021 2686 3036 2711 ,
3071 2643 3172 2698 hoc
3201 2660 3344 2700 anno
3380 2643 3683 2715 Stephanus

2077 2732 2352 2787 biennium
2383 2732 2697 2802 pontiﬁcatu
2731 2732 2948 2789 functus
2973 2735 3228 2799 decessit,
3264 2752 3336 2790 tv.
3372 2751 3541 2791 nonas
3567 2737 3680 2792 Au-

2077 2831 2299 2890 gustas,
2335 2840 2442 2890 quo
2480 2823 2566 2878 die
2610 2825 2660 2876 in
2705 2825 2941 2893 antiquis
2984 2825 3377 2895 Martyrologiis
3420 2827 3680 2882 memoria

2079 2915 2196 2982 ejus
2227 2915 2531 2969 celebratur
2571 2916 2618 2970 ei
2645 2931 2751 2985 que
2781 2914 2969 2970 Xislus
2998 2919 3282 2972 successit.

2152 2993 2237 3058 IV.
2272 3002 2647 3074 Carthaginem
2705 3007 2912 3060 interea
2962 3005 3198 3074 undique
3227 3007 3464 3077 episcopi
3492 3007 3559 3062 ad
3588 3023 3682 3080 sy-

2078 3098 2276 3152 nodum
2305 3108 2671 3153 conveneraut
2720 3114 2944 3155 numero
2988 3101 3257 3170 octoginta
3300 3105 3538 3170 quinque
3563 3142 3578 3166 ,
3611 3117 3678 3155 ex

2078 3192 2250 3260 iisque
2305 3190 2510 3244 Natalis
2553 3191 2781 3247 Oeensis
2822 3192 3071 3246 mandata
3113 3193 3366 3246 attulerat
3393 3194 3678 3262 episcopo-

2076 3299 2192 3336 rum
2239 3283 2476 3352 Pompeii
2504 3283 2843 3338 Sabratensis
2871 3293 2926 3338 et
2967 3285 3149 3355 Diogac
3176 3286 3637 3355 Leptimagnensis
3661 3327 3676 3350 ,

2074 3373 2162 3442 qui
2195 3373 2340 3427 domi
2385 3385 2697 3428 manserant
2728 3396 2740 3430 :
2773 3391 3000 3444 quorum
3050 3392 3213 3431 causa
3256 3378 3525 3446 octoginta
3553 3393 3678 3447 sep-

2075 3472 2181 3518 tem
2208 3465 2444 3534 episcopi
2476 3465 2619 3520 idem
2641 3467 2843 3521 sentire
2870 3467 3198 3522 ferebantur.
3219 3468 3320 3534 Qui
3347 3468 3400 3522 in
3423 3469 3523 3524 alia
3548 3485 3677 3524 sen~

2075 3559 2237 3610 tentia
2293 3567 2448 3612 erant
2477 3600 2491 3623 ,
2549 3557 2738 3627 pedem
2770 3575 2800 3613 e
2830 3558 3028 3614 ﬁnibus
3073 3563 3186 3614 suis
3214 3576 3318 3615 non
3344 3563 3674 3617 extulerunt.

2073 3639 2304 3702 Exstant
2335 3664 2466 3703 vero
2493 3659 2610 3703 acta
2639 3650 2755 3717 ejus
2794 3651 3008 3703 concilii
3052 3666 3172 3720 qnte
3203 3667 3380 3707 rerum
3400 3662 3675 3722 gestarant

2070 3738 2314 3791 ordinem
2343 3737 2494 3791 nobis
2511 3738 2785 3792 exhibent.
2807 3742 2884 3792 Ae
2912 3742 3138 3805 primum
3163 3744 3482 3800 convenisse
3508 3745 3678 3815 pluri-

2071 3830 2141 3881 mi
2171 3828 2409 3897 cpiscopi
2461 3829 2710 3882 dicuntur
2739 3830 2980 3884 calcudis
3012 3832 3413 3900 septembribus
3444 3852 3506 3890 ex
3539 3852 3669 3905 pro-

2071 3920 2241 3973 vincia
2270 3919 2448 3973 Africa
2473 3959 2488 3985 ,
2519 3917 2765 3973 Numidia
2789 3961 2803 3983 ,
2834 3921 3159 3975 Mauretania
3187 3939 3307 3976 cum
3339 3925 3669 3997 presbyteris

2069 4021 2123 4065 et
2148 4007 2462 4064 diaconibus
2492 4051 2506 4075 ,
2551 4020 2816 4079 praesente
2839 4011 2998 4065 etiam
3032 4010 3205 4081 plebis
3230 4014 3460 4068 maxima
3495 4023 3668 4082 parte.

2075 4102 2272 4157 Coram
2303 4103 2386 4157 his
2407 4102 2562 4157 lectae
2588 4111 2713 4155 sunt
2741 4103 2934 4156 littera:
2964 4099 3211 4157 Jubaiani
3241 4104 3308 4160 ad
3338 4105 3670 4176 Cyprianum

2071 4201 2126 4250 et
2156 4210 2288 4264 quas
2318 4195 2622 4266 Cyprianus
2652 4195 2719 4249 ad
2763 4195 3087 4250 Jubaianum
3133 4199 3406 4265 misisset,
3438 4209 3492 4253 ct
3531 4214 3666 4269 quas

2070 4299 2285 4339 rursum
2332 4287 2399 4339 ab
2431 4283 2619 4340 eodem
2674 4285 3009 4355 accepisset:
3045 4287 3096 4342 in
3121 4285 3327 4366 quibus
3344 4290 3669 4360 rescriptum

2065 4393 2277 4448 quoque
2304 4375 2581 4447 Stephani,
2615 4390 2670 4432 ut
2710 4379 2918 4447 opinor,
2953 4381 3348 4435 continebatur.
3381 4381 3510 4436 Post
3546 4397 3668 4453 quae

2063 4469 2382 4537 Cyprianus,
2416 4488 2433 4520 ι
2466 4469 2758 4536 Audistis,»
2797 4470 2987 4538 inquit,
3011 4471 3280 4540 (collegae,
3303 4472 3664 4539 dilectissimi,

2063 4561 2190 4631 quid
2220 4561 2348 4614 mihi
2396 4560 2688 4616 .Iubaiauus
2732 4563 3086 4632 coepiscopus
3136 4573 3322 4618 noster
3345 4565 3664 4633 scripserit,

2063 4652 2352 4709 eunsulcns
2375 4651 2802 4707 mediocritatem
2846 4664 3091 4707 nostrum
3114 4653 3387 4734 de'illicito
3414 4665 3466 4709 et
3490 4653 3667 4723 profa-

2065 4761 2134 4800 no
2164 4746 2541 4800 [hereticorum
2574 4743 2868 4813 Baptismo,
2903 4755 2955 4798 et
2982 4746 3108 4815 quid
3136 4759 3237 4816 ego
3264 4745 3313 4802 ei
3362 4749 3664 4817 rescripse-

2065 4837 2167 4890 ri'm
2199 4878 2214 4898 .
2246 4851 2476 4890 censeris
2517 4836 2720 4890 scilicet
2750 4874 2763 4898 ,
2797 4829 2942 4905 quod
2965 4838 3134 4891 semel
3161 4848 3319 4907 atque
3349 4840 3580 4903 iterum,
3613 4848 3668 4894 ct

2066 4946 2211 4996 szepe
2253 4929 2583 4995 censuimus,
2634 4927 2918 4985 hrcrcticos
2946 4930 3010 4984 ad
3046 4929 3341 4986 Ecclesiam
3385 4933 3665 4988 venientes

2066 5023 2342 5092 Baptismo
2373 5022 2632 5091 baptizari
2655 5031 2708 5076 et
2739 5023 3058 5077 sanctilicari
3087 5031 3360 5091 oportere.
3393 5017 3524 5077 Item
3553 5023 3665 5078 lec-

2066 5119 2130 5169 ta:
2155 5123 2280 5168 sunt
2309 5114 2463 5168 vobis
2492 5123 2544 5169 et
2573 5114 2689 5168 alia:
2715 5113 2958 5168 Jubaiani
2992 5114 3202 5180 litterae,
3233 5113 3424 5184 quibus
3453 5129 3549 5182 pro
3568 5129 3664 5169 sua

2064 5208 2273 5262 sincera
2297 5216 2350 5261 et
2375 5206 2625 5276 religiosa
2647 5205 2934 5261 devotione
2957 5205 3023 5259 ad
3050 5205 3332 5275 epistolam
3359 5206 3667 5261 rescribens

2060 5315 2168 5357 non
2202 5309 2405 5355 tantum
2446 5297 2742 5364 consensit,
2775 5297 2870 5353 sed
2901 5298 3062 5353 etiam
3096 5297 3417 5354 instructum
3457 5313 3517 5354 se
3543 5312 3666 5353 esse

2061 5391 2340 5460 confessus
2389 5389 2591 5460 gratias
2631 5389 2760 5458 egit.
2816 5389 3077 5457 Superest
3125 5394 3181 5442 ut
3227 5386 3295 5442 de
3334 5386 3434 5441 hac
3464 5388 3576 5458 ipsa
3605 5401 3664 5442 re

2063 5454 2257 5552 singuli
2283 5482 2410 5551 quid
2439 5481 2736 5536 sentiamus
2761 5521 2774 5545 ,
2806 5479 3142 5550 proferamus
3167 5497 3179 5534 :
3216 5475 3488 5534 neminem
3517 5476 3662 5548 judi-

2064 5577 2271 5641 cantes,
2297 5581 2390 5627 aut
2415 5588 2444 5626 a
2467 5571 2588 5642 jure
2609 5569 3115 5627 communicationis
3145 5567 3396 5640 aliquem,
3424 5569 3467 5623 si
3496 5566 3664 5623 diver-

2065 5684 2184 5725 sum
2237 5666 2502 5736 senserit,
2556 5672 2888 5724 amoventes.
2938 5661 3123 5735 Neque
3172 5662 3317 5721 enim
3381 5661 3665 5734 quisquam
