4134 6256
570 260 705 313 1465
1779 252 2146 319 MORCELLI,
2189 282 2202 293 -

2255 282 2261 292 ι
2297 247 2615 307 ANNALES
3762 247 3887 303 1466

568 386 815 430 nosmim
866 374 1175 442 episcopum
1209 386 1267 427 se
1298 386 1418 427 esse
1450 371 1826 441 episcoporum
1855 371 2165 436 constituit,
2200 381 2249 439 Α
2277 381 2375 423 nec
2398 365 2561 421 debet
2588 378 2686 420 nec
2722 372 2901 434 potest
2939 361 3154 432 excipi,
3184 360 3481 431 quominus
3515 360 3646 431 ipse
3680 377 3886 433 quoque

571 467 956 537 auttyranuico
973 474 1175 519 terrore
1190 463 1254 517 ad
1286 463 1618 534 obsequendi
1644 462 2021 519 necessitatem
2054 462 2165 517 σοι·
2267 468 2417 516 extra
2450 456 2747 513 Ecclesiam
2787 455 3116 520 consistens,
3145 462 3202 509 et
3238 464 3430 508 contra
3479 468 3685 525 pacem
3712 468 3776 509 ac
3805 453 3885 509 di-

576 560 725 630 legas
757 573 881 613 suos
911 558 1075 626 adigit
1110 599 1124 621 ,
1157 558 1373 628 quando
1418 558 1612 613 habeat
1652 560 1829 612 omnis
1879 558 2166 627 episcopus
2270 551 2557 607 lectionem
2591 547 2792 602 Christi
2822 546 3054 611 faciens,
3097 546 3238 601 inter
3262 544 3623 601 adversarios
3650 556 3705 601 et
3747 548 3880 601 anti-

574 664 678 721 pro
709 649 919 703 licentia
969 648 1231 703 libertatis
1284 658 1339 703 et
1392 649 1673 718 potestatis
1721 663 1833 703 suae
1889 648 2169 703 arbitrium
2272 644 2504 700 cbristos
2534 650 2896 711 computetur.
2939 660 2957 692 ι
2991 640 3169 696 Aliam
3191 640 3360 696 etiam
3385 642 3754 711 quaestionem
3783 640 3889 697 la-

575 744 852 813 pr0prium
880 784 893 808 ,
931 740 1391 811 tainquejudicari
1416 741 1481 795 ab
1503 742 1631 807 alio,
1661 755 1767 796 non
1791 741 1979 810 possit,
2011 755 2169 809 quam
2272 756 2407 813 gnus
2435 746 2709 810 posuerat,
2741 736 2809 792 de
2836 737 2925 803 iis,
2968 738 3060 805 qui
3087 736 3189 791 sub
3235 744 3471 791 mortem
3510 736 3773 805 baptizati
3800 752 3886 792 asc

572 856 679 896 nec
712 842 827 911 ipse
856 849 1031 910 potest
1060 840 1286 893 alterum
1324 840 1590 910 judicare.
1647 840 1750 895 Sed
1796 848 2174 909 exspectemus
2274 842 2415 901 sent,
2447 846 2607 903 quam
2634 830 2938 901 Cyprianus
2976 830 3057 884 sic
3102 828 3312 883 dirimit
3345 846 3364 879 ι
3392 828 3623 898 (μεθίεῑὶ
3650 830 3878 894 etiam,»

585 936 827 990 universi
845 935 1102 1003 judicium
1123 934 1333 989 Domini
1360 936 1527 989 nostri
1543 934 1669 989 Jesu
1687 933 1909 999 Christi,
1930 932 2019 1001 qui
2038 946 2176 986 unus
2278 927 2472 997 inquit,
2503 925 2609 979 «ﬁli
2633 923 2974 988 charissime,
2997 921 3127 993 quid
3149 920 3280 976 mihi
3304 922 3373 977 de
3400 922 3767 989 illisvideatnr,
3783 924 3878 993 qui

582 1036 638 1083 et
667 1026 815 1081 solus
854 1026 1016 1079 habet
1044 1035 1360 1095 potestatem
1390 1035 1442 1080 et
1486 1024 1830 1095 praeponendi
1863 1039 1962 1078 nos
1988 1024 2039 1077 in
2072 1025 2177 1078 Ec-
2279 1021 2332 1076 in
2365 1020 2677 1075 inﬁrmitate
2704 1026 2759 1071 et
2789 1018 3047 1087 languore
3069 1017 3297 1087 gratiam
3332 1016 3429 1071 Dei
3457 1026 3872 1085 consequuntur,

580 1118 763 1172 elcsiae
790 1118 1319 1187 suaegnhernatione,
1342 1128 1395 1171 et
1425 1117 1487 1171 de
1506 1126 1626 1172 actu
1650 1115 2173 1185 nostrojudicandi.»
2282 1130 2348 1169 an
2403 1112 2635 1168 habendi
2689 1112 2799 1166 sint
2849 1111 3074 1181 legitimi
3105 1110 3437 1175 Christiani,
3469 1126 3539 1165 eo
3574 1110 3719 1180 quod
3753 1126 3882 1181 aqua

586 1210 798 1265 Exinde
830 1212 893 1264 ad
925 1212 1219 1265 sententias
1245 1211 1501 1265 dicendas
1530 1220 1749 1267 ventum
1776 1221 1859 1266 est
1888 1230 1899 1265 :
1925 1227 2183 1283 suamque
2282 1206 2502 1263 salutari
2537 1221 2643 1261 non
2688 1204 2782 1259 loti
2815 1205 2943 1269 sint,
2977 1204 3074 1259 sed
3116 1205 3348 1274 perfusi;
3377 1218 3487 1275 qua
3517 1204 3579 1258 in
3631 1215 3780 1274 parte
3806 1218 3887 1258 ne-

581 1305 789 1375 primus
820 1304 1058 1357 omnium
1090 1304 1311 1373 protulit
1339 1304 1585 1358 Caecilius
1632 1320 1661 1358 a
1690 1304 1824 1358 Bilta
1844 1345 1858 1370 ,
1892 1320 2051 1373 quem
2081 1320 2185 1361 cze-
2287 1300 2415 1355 mini
2437 1296 2763 1353 verecundia
2792 1306 2847 1352 et
2873 1296 3140 1352 modestia
3170 1305 3357 1351 nostra
3386 1296 3746 1366 praejudicat,
3772 1309 3889 1366 quo-

586 1396 687 1449 teri
714 1436 728 1460 ,
761 1406 818 1450 ut
848 1396 1073 1464 quisque
1102 1395 1372 1465 antiquior
1417 1405 1561 1451 esset
1590 1437 1603 1460 ,
1636 1396 1912 1451 consecuti
1943 1407 2103 1461 sunt,
2135 1406 2189 1452 et
2288 1394 2465 1448 minus
2490 1392 2855 1462 unusquisque
2896 1391 3041 1461 quod
3087 1398 3240 1461 putat
3265 1390 3486 1452 sentiat,
3521 1399 3586 1444 et
3612 1388 3757 1459 quod
3785 1402 3890 1443 seu.

586 1500 913 1555 quamquam
943 1486 1031 1538 alii
1053 1487 1156 1539 alia
1184 1486 1345 1541 verba
1380 1496 1703 1555 usurparunt
1736 1528 1750 1551 ,
1796 1502 1957 1542 nemo
1989 1503 2125 1544 unus
2158 1503 2189 1543 a
2290 1488 2421 1542 serit
2470 1486 2646 1541 faciat.
2680 1484 2791 1541 Nos
2813 1528 2828 1553 ,
2852 1494 3114 1555 quantum
3140 1482 3379 1552 concipit
3418 1481 3781 1537 mediocritas
3806 1496 3889 1534 no-

586 1579 839 1651 Cypriani
873 1581 1137 1634 sententia
1169 1580 1441 1635 dissensit.
1495 1581 1677 1651 Itaque
1707 1580 1930 1635 ultimus
1968 1581 2191 1652 Cypria-
2293 1592 2426 1645 stra,
2457 1581 2789 1636 mstimamus
2817 1582 2870 1636 in
2906 1581 3054 1635 nullo
3084 1578 3323 1633 mutilari
3350 1586 3407 1631 et
3436 1576 3724 1631 debilitari
3754 1587 3889 1645 pom

582 1686 686 1725 nus
708 1713 720 1737 ,
750 1694 766 1723 ‹
791 1672 959 1726 Meam
981 1714 995 1737 ,
1034 1672 1235 1742 inquit,
1267 1673 1587 1727 sententiam
1607 1672 1918 1742 plenissime
1940 1672 2194 1742 exprimit
2296 1675 2554 1732 beneﬁcia
2584 1676 2782 1741 divina,
2818 1689 2919 1730 nec
2962 1674 3138 1727 minus
3181 1670 3387 1741 aliquid
3437 1669 3553 1724 illic
3584 1682 3752 1738 posse
3776 1681 3891 1722 con-

586 1764 836 1834 cpistola,
867 1780 985 1832 qua:
1012 1765 1079 1817 ad
1107 1764 1427 1819 Jubaianum
1454 1765 1714 1835 collegam
1749 1777 1987 1820 nosuum
2019 1766 2187 1834 scrip-
2217 1773 2263 1833 Β
2293 1768 2516 1838 tingere,
2550 1766 2637 1822 ubi
2689 1766 2847 1837 plena
2889 1774 2943 1821 et
2973 1772 3084 1819 tota
3112 1762 3217 1817 ﬁde
3262 1773 3316 1817 et
3343 1760 3527 1815 dantis
3558 1768 3615 1815 et
3644 1757 3895 1813 sumentis

588 1864 643 1909 ta
674 1865 775 1917 est,
813 1854 1099 1909 haereticos
1128 1855 1423 1909 secundum
1455 1856 1822 1925 evangelicam
1848 1865 1902 1910 et
1931 1855 2190 1926 apostoli-
2294 1858 2553 1928 accipitur
2581 1856 2726 1927 quod
2753 1856 2821 1911 de
2848 1853 3048 1910 divinis
3076 1852 3393 1908 muneribus
3434 1850 3703 1905 hauritur.
3745 1867 3765 1899 ι
3798 1847 3895 1902 Ex-

587 1964 707 2002 cam
756 1949 1203 2003 contestationem
1254 1958 1309 2003 et
1357 1948 1701 2005 adversarios
1730 1950 1925 2005 Christi
1976 1959 2031 2005 et
2056 1950 2193 2004 anti—
2297 1960 2464 2005 trema
2490 1952 2652 2005 etiam
2683 1948 2927 2018 epistolze
2958 1946 3123 2002 verba
3147 1954 3464 2000 consuetam
3492 1943 3641 1996 illam
3680 1940 3892 2012 Cypria-

595 2038 834 2093 christos
866 2040 1167 2109 appellatos
1194 2081 1206 2104 ,
1239 2040 1454 2108 quando
1486 2040 1551 2094 ad
1578 2041 1873 2095 Ecclesiam
1903 2041 2149 2097 venerint
2178 2083 2192 2106 ,
2295 2044 2349 2098 ni
2374 2042 2690 2099 modestiam
2718 2051 2773 2097 et
2802 2040 3076 2111 singulare
3102 2036 3408 2094 concordia:
3430 2033 3667 2089 studium
3692 2047 3892 2101 repue-

598 2133 764 2187 nnico
796 2132 1049 2187 Ecclesia:
1081 2134 1351 2203 Baptismo
1399 2134 1747 2203 baptizaudos
1785 2149 1932 2200 esse,
1990 2145 2046 2189 ut
2073 2150 2195 2206 pos—
2296 2146 2545 2193 seutant:
2575 2133 2933 2203 (Rescripsi,i
2964 2131 3156 2202 inquit,
3184 2128 3293 2183 «ﬁli
3315 2126 3625 2189 charissime,
3651 2125 3881 2177 adline-

598 2226 711 2280 sint
764 2227 880 2281 ﬁeri
930 2227 997 2282 de
1046 2227 1367 2283 adversariis
1423 2230 1631 2293 amici,
1676 2238 1731 2285 et
1759 2229 1827 2284 de
1857 2229 2195 2284 antichristis
2301 2248 2390 2288 ras
2421 2241 2539 2287 tuas
2568 2240 2830 2302 quantum
2880 2242 3041 2300 parva
3084 2235 3274 2282 nostra
3322 2222 3648 2279 mediocritas
3687 2218 3874 2283 valuit,

593 2319 908 2376 Christiani.
954 2342 972 2374 ›
1022 2322 1145 2375 Hmc
1177 2338 1306 2377 vero
1350 2339 1419 2378 ex
1473 2332 1716 2379 veterum
1748 2324 1919 2394 magis
1944 2322 2198 2393 opinione
2300 2336 2355 2383 et
2378 2326 2608 2393 ostendi,
2638 2324 2765 2396 quid
2819 2339 2939 2389 nos,
2969 2331 3227 2393 quantum
3271 2321 3323 2374 in
3356 2318 3506 2373 nobis
3551 2325 3653 2379 est,
3692 2314 3886 2369 sentia-

592 2412 817 2481 δενίριθν
846 2428 1004 2483 quam
1038 2423 1220 2469 nostra
1253 2425 1426 2484 putes.
2302 2437 2443 2488 mus,
2473 2420 2677 2476 nemini
2712 2418 3121 2490 przescribentes
3142 2457 3156 2479 ,
3196 2415 3486 2486 quominus
3528 2418 3733 2464 statuat
3757 2407 3892 2479 quod

665 2504 729 2557 V.
760 2504 897 2572 Quid
941 2515 1062 2575 post
1094 2506 1256 2561 haeca
1286 2507 1535 2563 Patribus
1564 2509 1917 2563 constitutum
1950 2516 2194 2576 gestum-
2299 2522 2449 2584 putat
2495 2513 2859 2583 unusquisque
2906 2507 3257 2581 praepositus,
3311 2516 3465 2561 actus
3513 2505 3601 2560 sui
3647 2504 3893 2558 nationem

594 2611 662 2651 ve
704 2597 794 2662 sit,
839 2596 994 2666 plane
1045 2598 1374 2667 ignoramus.
1431 2599 1563 2653 Nam
1598 2601 1687 2669 qui
1728 2600 1934 2669 legatos
1961 2589 2196 2654 Romam
2300 2607 2530 2663 Domino
2555 2606 2889 2663 redditurus.
2924 2623 2942 2657 ›
3864 2590 3871 2594 ’

595 2687 665 2742 ad
713 2687 1026 2743 Pontiﬁcem
1058 2690 1351 2743 maximum
1384 2690 1576 2745 missos
1605 2700 1813 2759 putant,
1844 2699 1901 2743 ut
1952 2707 2074 2746 eum
2127 2692 2194 2747 de
2612 2721 2837 2779 ANNUS
2865 2716 3315 2778 CHRISTIANUS
3338 2715 3548 2772 CCLV'

593 2781 788 2851 synodi
846 2780 1079 2835 decretis
1136 2782 1424 2837 certiorem
1456 2782 1712 2848 facerent,
1762 2782 1968 2837 litteras
2018 2798 2079 2837 ea
2129 2783 2195 2838 de

594 2886 757 2927 causa
794 2872 1023 2941 scriptas
1053 2873 1293 2941 proferre
1321 2874 1494 2928 nullas
1522 2884 1767 2944 possunt.
1798 2875 1896 2943 Qui
1927 2891 2055 2930 vero
2084 2876 2195 2932 Ro-

590 2962 863 3033 gatianuin
894 2964 1178 3018 diaconum
1227 2965 1279 3019 in
1311 2964 1704 3036 Cappadociam
1745 2981 1916 3037 usque
1937 3010 1950 3033 ,
1986 2967 2053 3022 ad
2083 2967 2200 3022 Fir-
2378 2972 2417 3026 I.
2448 2971 2673 3041 Signant
2697 2970 2840 3025 hunc
2866 2984 3065 3023 annum
3084 2966 3334 3022 consules
3362 2964 3431 3019 Μ.
3463 2964 3713 3019 Valerius
3739 2961 3895 3017 lfui-

594 3058 877 3111 tnilianum
922 3058 1234 3127 episcopum
1276 3058 1538 3114 Ctesareae
1587 3059 1822 3128 legatum
1877 3076 1907 3113 a
1934 3059 2201 3131 Cypriano
2234 3119 2271 3131 Α
2305 3078 2445 3130 mus,
2473 3064 2616 3118 Man.
2657 3064 2862 3118 Acilius
2908 3060 3130 3117 Glabrio
3160 3077 3174 3114 :
3206 3073 3314 3128 quo
3344 3073 3490 3111 anno
3521 3056 3778 3127 Aspasius
3799 3055 3892 3110 Pa.

593 3151 805 3218 dicunt,
838 3162 896 3204 ut
923 3168 1081 3221 quem
1115 3154 1165 3205 in
1212 3151 1401 3207 eadem
1432 3152 1701 3207 sententia
1754 3167 1876 3207 esse
1916 3164 2093 3219 norat,
2132 3154 2201 3209 de
2227 3148 2272 3182 υ
2306 3165 2490 3211 ternus
2536 3156 2823 3224 proconsul
2871 3152 3069 3208 Africa:
3107 3150 3417 3221 designatus
3438 3158 3540 3204 est.
3568 3148 3776 3203 Eodem
3804 3163 3898 3202 an-

596 3244 790 3313 synodi
845 3246 1109 3300 Africanae
1138 3260 1409 3300 consensu
1452 3246 1737 3310 edoceret;
1772 3262 1871 3300 nec
1902 3247 1965 3300 iis
1995 3262 2201 3316 graecas
2305 3262 2375 3302 no
2404 3245 2609 3309 Xistus,
2646 3246 2736 3316 qui
2768 3247 2821 3300 in
2863 3243 3123 3316 Stephani
3173 3243 3347 3296 locum
3394 3239 3653 3295 suffectus
3701 3240 3899 3305 fuerat,

595 3334 900 3389 Firmiliani
936 3335 1142 3390 litteras
1176 3336 1396 3402 habent,
1436 3346 1527 3390 aut
1568 3336 1759 3391 latinas
1786 3335 2035 3407 Cypriani
2068 3352 2201 3407 quas
2304 3356 2424 3396 cum
2466 3340 2582 3409 ipse
2616 3340 2777 3393 etiam
2827 3339 3037 3393 litteras
3072 3336 3140 3390 de
3187 3332 3431 3405 Baptismi
3449 3332 3828 3385 controversia
3862 3346 3895 3384 a

594 3426 916 3491 ostendant;
960 3437 1013 3480 et
1071 3444 1202 3496 quas
1245 3426 1502 3481 exhibent
1547 3426 1843 3480 Firmiliani
1888 3426 2078 3481 latinas
2109 3426 2197 3481 lit—
2306 3430 2561 3503 Dionysio
2588 3432 2846 3500 episcopo
2873 3428 3245 3484 Alexandrino
3269 3425 3537 3493 accepisset
3556 3420 3773 3489 (Euseb.
3812 3420 3888 3474 ﬂ.

597 3528 741 3574 teras
767 3520 938 3588 (inter.
984 3518 1140 3589 Cypr.
1193 3518 1364 3588 Epist.
1414 3516 1600 3589 Lxxv),
1632 3532 1711 3571 ea:
1738 3533 1911 3587 neque
1939 3518 2199 3589 Dionysio
2303 3523 2370 3577 E.
2403 3524 2491 3577 lib.
2517 3539 2613 3589 vn,
2641 3539 2757 3591 cap.
2792 3522 2870 3592 5),
2901 3520 3128 3576 dissidio
3150 3520 3378 3588 denique
3397 3517 3624 3581 sublato,
3660 3513 3905 3568 Africam

595 3610 967 3665 Alexandrino
989 3654 1002 3676 ,
1050 3628 1221 3682 neque
1250 3611 1480 3665 Eusebio
1502 3652 1516 3677 ,
1549 3626 1723 3680 neque
1772 3612 2070 3681 Augustino
2102 3614 2201 3683 ipsi
2305 3625 2361 3671 et
2389 3614 2664 3670 Orientem
2706 3628 2926 3684 pacasse
2952 3611 3163 3682 videtur
3189 3610 3365 3666 dictus
3395 3618 3682 3678 propterea
3706 3622 3733 3659 a
3769 3606 3907 3660 Pon-

595 3712 742 3758 nottc
774 3702 1007 3757 fuerunt.
1040 3704 1173 3758 Sunt
1209 3714 1387 3758 autem
1423 3703 1724 3772 ejusmodi,
1755 3706 1942 3775 quales
1989 3721 2095 3761 non
2124 3708 2203 3762 vir
2305 3709 2380 3764 tio
2400 3709 2628 3764 diacono
2656 3708 2855 3779 (invita
2876 3706 3034 3778 Cypr.
3060 3724 3112 3759 η.
3152 3705 3264 3772 14).
3310 3722 3328 3754 ί
3363 3704 3543 3758 Bonus
3567 3711 3625 3755 et
3654 3699 3909 3771 paciﬁcus

598 3804 820 3850 sanctus
850 3803 953 3849 eta
984 3795 1166 3850 multis
1189 3796 1629 3860 commendatus,
1660 3795 1755 3851 sed
1792 3796 2080 3852 haereticus
2110 3814 2205 3853 ne»
2303 3804 2579 3871 sacerdos,
2619 3822 2636 3853 ι
2685 3804 2775 3872 qui
2831 3811 3009 3856 tamen
3058 3799 3315 3870 Stephani
3356 3797 3681 3853 sententiam
3726 3803 3913 3849 sancte

597 3902 761 3957 quam
792 3896 846 3941 et
870 3886 1084 3941 infamis
1106 3888 1343 3942 scribere
1374 3887 1607 3956 potuerit
1637 3905 1650 3940 :
1679 3888 1813 3944 adeo
1843 3897 2028 3943 contra
2058 3889 2203 3945 Petri
2305 3895 2568 3963 defendit,
2624 3909 2852 3965 eamque
2895 3892 3156 3948 Ecclesia:
3202 3894 3494 3954 universae,
3535 3898 3595 3942 ut
3646 3902 3745 3958 par
3777 3896 3912 3948 erat,

597 3981 847 4050 Apostoli
872 3996 1243 4037 successorem
1266 3981 1597 4051 Stephanum
1621 3984 2025 4039 contumeliosm
2046 3994 2203 4053 atque
2305 4003 2653 4044 communem
2685 3988 2832 4043 fecit.
2861 3986 3117 4042 Eamdein
3152 3987 3202 4040 in
3235 3983 3413 4039 Africa
3442 3984 3610 4039 etiam
3654 3995 3796 4035 noro
3819 3980 3916 4034 de-

602 4073 869 4143 improbm
900 4084 1023 4128 sunt
1054 4073 1150 4145 (V.
1184 4074 1391 4141 Missor,
1421 4075 1559 4129 Ibid.
1602 4096 1653 4145 p.
1701 4076 1787 4143 l8,
1817 4089 1863 4131 et
1899 4078 2063 4132 Notas
2092 4082 2206 4150 eju-
2306 4090 2457 4137 creto
2488 4089 2757 4149 receptam
2787 4089 2841 4135 et
2871 4080 3247 4135 conﬁrmatam
3281 4076 3522 4131 indicare
3550 4075 3915 4145 Hieronymus

603 4164 765 4229 silem,
803 4182 853 4234 p.
888 4165 1038 4233 112).
1075 4165 1179 4220 Eas
1203 4166 1453 4236 equidem
1485 4167 1553 4221 ab
1579 4168 1767 4223 eodem
1795 4169 2074 4238 produisse
2099 4170 2202 4225 du-
2306 4174 2542 4240 videtur,
2571 4188 2692 4228 cum
2724 4173 2799 4226 ait
2844 4170 3012 4245 (Dial.
3040 4170 3154 4224 adv.
3196 4169 3430 4239 Lucifer,
3465 4186 3517 4221 η.
3550 4166 3672 4235 9.5),
3699 4185 3720 4217 ι
3755 4181 3913 4220 cona-

604 4257 802 4320 xerim,
828 4258 916 4325 qui
942 4258 1223 4326 epistolam
1257 4275 1473 4329 quoque
1495 4260 1746 4332 Cypriani
1786 4263 1849 4316 ad
1888 4263 2201 4334 Pompeium
2309 4276 2393 4321 tus
2414 4275 2498 4321 est
2536 4267 2724 4321 beatus
2754 4263 3053 4336 Cyprianus
3082 4262 3348 4318 eontritos
3376 4261 3526 4315 lacus
3557 4258 3787 4328 fugere,
3822 4272 3917 4312 nec

602 4348 887 4402 conﬁnxit.
923 4348 1055 4403 Nam
1098 4359 1312 4404 exstare
1367 4350 1524 4421 hujus
1568 4353 1711 4407 modi
1760 4357 2003 4427 exempla
2035 4358 2204 4426 pluri~
2306 4359 2491 4415 bibere
2536 4358 2604 4412 de
2634 4372 2770 4427 aqua
2796 4356 3006 4420 aliena;
3036 4365 3091 4410 et
3139 4354 3338 4409 idcirco
3392 4348 3789 4406 hmretiCorum
3819 4350 3925 4404 Bac

601 4454 749 4494 mum
785 4441 1074 4494 Donatistis
1118 4442 1398 4505 intererat,
1432 4444 1521 4511 qui
1551 4444 1824 4500 Pontiﬁcis
1862 4448 2080 4502 maximi
2112 4464 2205 4505 au-
2229 4460 2283 4520 Β
2308 4452 2506 4522 ptisma
2537 4449 2833 4520 reprobans
2862 4449 2928 4503 ad
2951 4448 3283 4519 Stephanum
3316 4456 3442 4500 tunc
3466 4444 3740 4499 Romanae
3775 4444 3924 4497 urbis

602 4533 908 4587 ctoritatem
954 4534 1183 4598 elevare,
1220 4548 1282 4587 ac
1304 4533 1562 4603 judicium
1590 4535 1845 4606 defugere
1873 4538 2200 4597 nitebantur.
2309 4546 2621 4615 episcopum
2639 4560 2801 4615 super
2830 4544 2930 4599 hac
2958 4558 3015 4598 re
3045 4542 3351 4598 Africanam
3381 4539 3648 4611 synodum
3685 4539 3924 4594 direxit:

599 4625 898 4691 Scripsisse
928 4636 1104 4681 tamen
1148 4626 1249 4681 hoc
1280 4636 1520 4697 tempore
1550 4627 1877 4699 Cyprianum
1915 4633 2200 4702 epistolam
2307 4637 2405 4693 sed
2451 4646 2675 4694 conatus
2714 4638 2829 4707 ejus
2878 4637 3074 4691 frustra
3105 4637 3200 4689 fuit
3234 4653 3246 4689 :
3278 4634 3511 4704 denique
3540 4634 3619 4687 illi
3653 4634 3767 4703 ipsi
3807 4633 3924 4699 eii-

600 4717 668 4770 ad
717 4715 986 4783 Magnum,
1021 4734 1141 4788 qua:
1196 4728 1392 4785 exstat,
1440 4719 1699 4776 credibile
1750 4731 1852 4787 est,
1885 4738 2006 4778 cum
2055 4725 2107 4778 in
2136 4741 2200 4781 ea
2306 4730 2477 4798 scapi,
2508 4730 2597 4800 qui
2643 4729 3053 4799 rebaptizandos
3102 4728 3390 4783 haereticos
3416 4742 3541 4781 cum
3590 4741 3662 4780 eo
3712 4737 3925 4781 statue-

607 4806 870 4879 quidqmd
925 4808 992 4861 dc
1059 4810 1333 4879 Baptismo
1412 4810 1791 4867 lucreticorum
1872 4814 2200 4885 disputatum
2306 4830 2446 4886 rant,
2474 4820 2542 4875 ad
2586 4822 2861 4891 antiquam
2924 4818 3669 4885 consuetudinem_revoluti
3718 4831 3931 4873 navum

600 4914 825 4987 usquam
856 4900 1047 4967 fuerat,
1082 4901 1222 4956 simil
1255 4906 1462 4957 ratione
1493 4903 1719 4974 attingat
1758 4914 1917 4975 atque
1947 4908 2197 4976 explicet.
2306 4914 2539 4971 emisere
2569 4914 2868 4970 decretum,
2908 4935 2926 4967 ι
2968 4915 3171 4970 Eodem
3211 4922 3455 4983 spectant
3477 4911 3764 4967 Vincenlii
3787 4912 3937 4967 Liri-

598 4992 1045 5063 Rogaverateum
1075 4993 1314 5063 Magnus,
1348 4995 1670 5066 quicumque
1698 4997 1917 5053 demum
1944 4998 1989 5054 is
2016 4998 2197 5066 fuerit,
2303 5006 2485 5061 nensis
2525 5004 2688 5060 verba
2718 5006 2796 5077 (l)
2831 5024 2843 5060 :
2888 5026 2906 5059 ι
2944 5005 3082 5074 Quid
3122 5014 3394 5076 postremo
3438 5003 3613 5073 ipsius
3662 5003 3929 5060 Africani

598 5086 715 5142 sive
740 5086 807 5141 de
830 5086 1029 5155 populo
1050 5087 1265 5157 aliquis,
1297 5089 1413 5142 sive
1438 5089 1607 5143 sacris
1632 5088 1891 5157 initiatus,
1925 5106 2047 5146 nam
2074 5107 2196 5149 eum

2303 5098 2513 5155 concilii
2543 5099 2657 5154 sive
2683 5099 2887 5155 decreti
2913 5116 3033 5170 qua:
3059 5100 3245 5154 vires?
3270 5098 3502 5153 donante
3552 5097 3664 5152 deo
3711 5100 3894 5155 nullm.
3920 5118 3935 5153 :

596 5178 899 5250 Cyprianus
927 5200 944 5231 ι
994 5181 1159 5235 ﬁlium
1191 5200 1209 5232 ι
1262 5180 1501 5251 appellat
1534 5199 1545 5235 :
1577 5194 1902 5254 rogaverat,
1933 5186 2150 5253 inquam
2177 5231 2192 5256 ,
2297 5191 2395 5248 sed
2423 5194 2672 5248 universa
2696 5202 2968 5263 tamquam
3001 5193 3503 5266 somniahtanquam
3521 5190 3751 5259 fabulae,
3772 5203 3933 5248 tarn-

596 5284 725 5323 num
749 5278 802 5323 et
832 5270 923 5339 qui
971 5284 999 5323 a
1030 5268 1330 5325 Novatiano
1373 5272 1643 5341 venirent,
1676 5275 1788 5343 pari
1819 5275 1979 5331 modo
2024 5276 2197 5347 bapti-
2300 5300 2459 5355 quam
2485 5284 2773 5355 superﬂua,
2797 5286 3016 5351 abolita,
3046 5286 3342 5356 antiquam,
3370 5284 3577 5339 ualeam
3609 5296 3773 5341 sum,
3810 5285 3939 5342 Nisi

596 5362 756 5451 ῖὲηάί
809 5364 1024 5418 essent?
1072 5364 1157 5419 ευί
1201 5362 1536 5435 (ῘΥΡτίαηυδν
1598 5386 1617 5419 σ
1668 5367 1957 5435 Quantum,
1985 5388 2004 5421 ›
2032 5371 2205 5441 inquit
2302 5379 2447 5449 quod
2470 5388 2613 5434 tanta
2635 5393 2721 5434 res
2747 5380 3045 5451 Augustino
3072 5380 3250 5449 ignota
3275 5377 3391 5446 fuit,
3420 5378 3513 5448 qui
3542 5376 3609 5435 de
3631 5376 3938 5451 Cypriane

599 5450 795 5523 (Epist.
814 5452 1023 5525 um),
1054 5473 1072 5506 ι
1088 5455 1205 5511 ﬁdei
1234 5466 1431 5513 nostrte
1460 5458 1733 5528 capacitas
1754 5469 1855 5524 est,
1876 5469 1929 5515 et
1952 5460 2197 5531 Scriptu-

596 5558 781 5598 rarum
812 5544 1117 5601 divinarum
1149 5549 1407 5605 sanctitas
1437 5566 1501 5607 ac
1526 5552 1731 5607 veritas
1757 5554 2030 5623 suggerit,
2059 5553 2195 5609 diei-
2375 5594 2454 5664 m
2504 5595 2529 5649 ι
2850 5597 2862 5608 ι
3552 5610 3558 5615 ·
3662 5599 3672 5607 ’

597 5647 715 5667 mm
748 5651 930 5667 mm“
977 5640 1192 5667 Ama“
1227 5640 1507 5667 manu“-
1567 5652 1613 5667 Α.
1659 5643 2029 5667 “nunc”-
2062 5636 2195 5667 ΔΛ
2537 5614 2569 5649 η
2612 5606 2904 5651 commouit.
2952 5613 3005 5649 η.
3049 5595 3138 5650 10.
3168 5594 3308 5667 Voy.
3356 5595 3556 5652 Bedan.
3630 5598 3730 5652 ιώ.
3815 5617 3921 5655 τω

597 5647 717 5739 pius
746 5651 932 5739 omnes
976 5640 1194 5739 omnino
1227 5640 1511 5739 haereticos
1562 5652 1617 5698 et
1658 5636 2197 5739 schismaticosnihil
3296 5636 3797 5738 ⁸ίιι
3816 5636 3945 5729 ἳέᾷ

592 5724 788 5778 nabere
817 5728 1100 5785 potestatis
1133 5744 1194 5783 ac
1233 5730 1391 5798 juris.
1422 5732 1649 5805 Propter
1669 5735 1813 5806 quod
1860 5736 2195 5796 Novatianus
2298 5724 2461 5793 sensu
2492 5724 2749 5795 abundet.

2582 2853 2836 2894 CYPRIANO
2863 2850 3109 2892 EPISCOPO
3137 2848 3607 2890 CARTHAGINIEXSI.
