4134 6256
251 316 378 372 1465

1480 314 1839 374 ΒασιΕὸιῶ
1866 317 2256 377 AFRICANAE.

3390 325 3528 383 1460

247 432 317 487 sic
337 430 673 503 scripsit(l):
704 448 721 483 ε
749 430 995 487 Profecto
1019 438 1076 487 et
1092 431 1180 486 uni
1206 445 1389 487 verum
1421 434 1619 489 dicenti
1652 435 1826 504 etjde-
1850 447 1902 505 Α
1931 440 2111 495 multis
2148 455 2361 511 quoque
2381 440 2687 496 divinarum
2719 439 3043 497 Litterarum
3069 441 3333 498 vaticiniis
3354 442 3530 499 fuerat

248 526 559 581 monstranti
576 534 757 594 posset
778 524 1031 579 facillime
1048 526 1355 582 consentire
1380 536 1488 581 tam
1511 536 1693 582 sancta
1712 528 1827 582 ani-

246 634 346 684 ma,
380 631 485 674 tam
510 628 694 689 pacata
729 637 741 675 :
770 628 824 675 et
850 620 1082 676 fortasse
1114 619 1312 675 factum
1357 628 1440 675 est
1471 637 1483 671 :
1515 621 1609 676 sed
1653 622 1826 677 nesci-

245 727 376 803 ttgus,
414 730 433 763 ›
459 712 542 766 cui
568 721 745 767 tamen
775 712 947 782 ipsum
980 711 1233 783 Cypriani
1252 713 1524 769 silentium
1553 729 1828 784 opponere

245 801 381 870 licet,
414 803 544 858 nihil
576 813 761 874 postea
810 803 878 859 de
923 807 1222 875 quaestione
1263 805 1349 860 illa
1392 806 1827 875 interloquentis,

245 907 329 952 aut
370 898 630 969 epistolas
670 901 1181 969 commemorantis,
1222 915 1355 971 quas
1396 916 1606 957 summo
1653 901 1831 957 studio

245 991 565 1062 perscriptas
590 999 715 1047 ante
741 994 1068 1064 vulgaverat.

309 1103 373 1160 ll.
417 1106 482 1159 Et
530 1106 636 1160 alio
663 1106 811 1175 (sane
855 1107 1186 1179 diligentiam
1237 1123 1387 1163 suam
1416 1107 1712 1181 Cyprianus
1739 1123 1833 1164 cu-

243 1212 461 1267 ramque
504 1208 859 1268 converterat,
916 1209 973 1255 ut
1018 1216 1212 1271 nempe
1257 1201 1390 1256 cleri
1422 1203 1712 1273 populique
1750 1202 1832 1256 sui

244 1290 468 1355 animos,
510 1289 554 1345 si
594 1291 713 1361 quis
751 1290 893 1347 forte
924 1292 975 1347 in
1024 1293 1113 1347 illa
1153 1293 1489 1349 dissensione
1519 1293 1666 1349 labes
1698 1294 1833 1347 invi-

244 1382 341 1437 dite
364 1384 536 1453 aliqua
566 1382 857 1452 iniecisset,
887 1386 954 1440 ad
980 1394 1218 1441 veterem
1258 1386 1713 1456 conjunctionem,
1744 1400 1830 1440 re-

244 1484 459 1531 vocatos
486 1476 843 1533 excoleretae
884 1479 1249 1536 conﬁrmaret.
1285 1480 1645 1548 Quamobrem
1678 1479 1832 1535 libel-

242 1568 348 1623 lum
408 1568 557 1622 illum
616 1569 1039 1639 pulcherrimum
1115 1572 1481 1639 elucubravit,
1558 1588 1719 1643 quem
1770 1572 1833 1626 de

243 1661 362 1717 Zelo
392 1672 438 1717 et
468 1662 653 1718 Livore
700 1664 990 1735 inscripsit,
1026 1666 1164 1721 mala
1195 1666 1247 1721 in
1280 1667 1466 1737 primis
1494 1667 1829 1737 complexus,

240 1772 355 1825 qua:
380 1772 443 1812 ex
475 1756 672 1813 invidia
709 1758 764 1814 in
806 1758 1082 1815 hominum
1130 1761 1293 1815 vitam
1325 1769 1539 1829 tamque
1578 1774 1644 1814 ex
1688 1760 1833 1814 fonte

240 1860 534 1906 manarent.
558 1870 577 1903 ι
608 1851 738 1906 Late
757 1852 1154 1921 pateti,aiebat
1182 1852 1267 1925 (de
1290 1853 1400 1908 Zel.
1426 1862 1473 1907 et
1497 1854 1585 1907 liv.
1607 1871 1659 1923 p.
1677 1851 1823 1923 597'),

246 1944 372 2000 «zeli
401 1945 681 2017 multiplex
704 1956 759 2002 et
780 1946 1027 2003 foecunda
1051 1948 1343 2018 pernicies.
1362 1947 1534 2003 Radix
1556 1957 1638 2003 est
1661 1948 1831 2003 malo-

240 2050 356 2090 rum
403 2038 678 2107 omnium,
730 2037 848 2094 fons
898 2039 1147 2108 cladium,
1208 2041 1557 2097 seminarium
1606 2039 1829 2095 delicto-

240 2141 353 2182 rum
379 2169 395 2194 ,
424 2131 645 2184 materia
693 2132 992 2201 culparum.
1025 2132 1153 2187 Inde
1183 2132 1362 2186 odium
1404 2131 1594 2201 surgit,
1623 2131 1830 2186 animo-

237 2220 369 2275 sitas
398 2220 520 2278 inde
552 2222 811 2292 procedit.
846 2224 1137 2277 Avaritiam
1169 2223 1315 2278 zelus
1342 2223 1637 2277 inﬁammat
1657 2264 1670 2287 ,
1700 2224 1829 2277 dum

237 2314 355 2384 quis
386 2329 484 2369 suo
516 2330 623 2369 non
658 2324 830 2385 potest
880 2330 999 2370 esse
1031 2323 1346 2381 contentus,
1382 2316 1570 2371 videns
1597 2316 1827 2372 alterum

238 2405 507 2460 ditiorem.
540 2406 903 2462 Ambitionem
927 2408 1073 2463 zelus
1100 2408 1317 2472 excitat,
1352 2407 1477 2462 dum
1511 2410 1682 2464 cernit
1710 2410 1830 2480 quis

239 2498 401 2553 alium
433 2500 484 2555 in
516 2500 814 2557 honoribus
835 2504 1104 2560 altiorem.
1129 2504 1257 2559 Zelo
1300 2515 1613 2561 excaecante
1640 2521 1832 2563 sensus

239 2603 473 2660 nostros,
498 2603 658 2667 atque
690 2596 741 2651 in
772 2597 1029 2653 ditionem
1071 2614 1223 2654 suam
1253 2602 1449 2655 mentis
1476 2615 1668 2655 arcana
1691 2600 1834 2656 redi—

239 2697 396 2759 gente
430 2688 519 2744 Dei
547 2688 707 2745 timor
731 2692 1023 2761 spernitur,
1042 2693 1406 2763 magisterium
1436 2692 1635 2748 Christi
1660 2694 1830 2764 negli-

237 2784 398 2850 gitur,
434 2782 621 2852 judicii
664 2784 781 2840 dies
822 2799 927 2840 non
972 2787 1301 2857 providetur.
1356 2788 1510 2843 lnflat
1555 2789 1828 2859 superbia,

237 2872 525 2928 cxacerbat
555 2875 782 2943 saevitia,
832 2878 1055 2946 perfidia
1093 2880 1496 2948 prmvaricatur,
1546 2881 1829 2951 impatien-

238 2962 309 3018 tia
333 2965 589 3033 concutit,
623 2966 747 3022 furit
777 2967 1067 3037 discordia,
1097 2970 1172 3025 ira
1197 2970 1467 3040 fervescit,
1500 2988 1599 3028 nec
1626 2987 1685 3028 se
1714 2973 1825 3043 jam

236 3065 412 3128 potest
435 3058 689 3115 cohibere
716 3061 798 3115 vel
837 3076 1054 3133 regere,
1098 3063 1189 3133 qui
1223 3064 1392 3120 factus
1434 3073 1518 3120 est
1547 3069 1827 3137 potestatis

1931 534 2368 603 praenuntiatum.
2412 533 2483 588 Et
2522 534 2850 589 miscendam
2894 543 3072 590 tamen
3114 549 3308 607 aquam
3342 535 3525 603 docet,

1932 625 1985 680 in
2014 641 2116 695 qua
2146 625 2401 696 populum
2432 626 2723 696 significari
2755 635 2970 682 censet:
3004 644 3023 679 ι
3048 626 3206 693 Nam,
3237 628 3415 697 quia,»
3448 628 3533 683 in-

1933 719 2066 788 quit,
2103 737 2121 770 t
2157 734 2257 773 nos
2285 734 2475 775 omnes
2522 719 3056 789 portabatChristus,
3091 719 3182 790 qui
3225 728 3279 774 et
3308 728 3530 789 peccata

1933 820 2115 865 nostra
2147 812 2412 882 portabat,
2451 810 2691 867 videmus
2717 812 2769 867 in
2800 829 2936 883 aqua
2972 812 3228 883 populum
3261 811 3486 882 intelligi
3514 852 3529 879 ,

1934 904 1986 959 in
2022 906 2145 960 vino
2174 920 2303 960 vero
2329 905 2540 960 ostendi
2582 905 2897 976 sanguinem
2929 905 3149 961 Christi.
3181 904 3408 971 Quando
3430 919 3530 959 au-

1936 1006 2045 1052 tem
2090 999 2141 1052 in
2169 997 2338 1053 calice
2377 998 2502 1052 vino
2532 1012 2667 1068 aqua
2712 998 2988 1067 miscetur,
3028 997 3247 1053 Christo
3302 997 3532 1068 populus

1935 1091 2223 1158 adunatur,
2254 1100 2307 1145 et
2329 1090 2669 1145 credentium
2701 1090 2851 1161 plebs
2880 1091 2951 1155 ei,
2986 1090 3039 1145 in
3080 1105 3239 1161 quem
3281 1089 3527 1157 credidit,

1937 1183 2221 1253 copulatur
2266 1193 2320 1238 et
2349 1183 2712 1254 conjungitur.
2752 1201 2770 1235 ι
2808 1182 3003 1252 Rejicit
3029 1181 3403 1238 difficultatem
3430 1196 3528 1237 eo-

1937 1293 2076 1343 rum,
2109 1278 2197 1347 qui
2227 1278 2572 1343 verebantur,
2609 1296 2628 1329 ‹
2674 1294 2742 1333 ne
2773 1294 2869 1348 per
2895 1292 3144 1347 saporem
3175 1277 3286 1332 vini
3314 1276 3532 1332 redole-

1932 1380 2054 1425 rent
2084 1372 2401 1441 sanguinem
2435 1371 2633 1426 Christi
2665 1388 2678 1427 :
2713 1391 2731 1423 ι
2768 1371 2977 1426 litteras
3007 1370 3073 1424 ad
3105 1370 3340 1441 collegas
3361 1369 3525 1426 scribi

1932 1464 2066 1529 vult,
2098 1482 2117 1517 ‹
2152 1476 2208 1519 ut
2234 1465 2427 1535 ubique
2456 1464 2538 1520 lex
2570 1464 2895 1534 Evangelica
2917 1473 2969 1518 et
2994 1462 3207 1519 traditio
3248 1463 3527 1518 Dominica

1934 1566 2199 1623 servetur,
2233 1566 2288 1612 et
2312 1556 2379 1612 ab
2407 1572 2494 1624 eo,
2543 1557 2685 1627 quod
2717 1556 2965 1611 Christus
3008 1564 3062 1610 et
3089 1553 3269 1609 docuit
3302 1563 3357 1609 et
3382 1553 3528 1619 fecit,

1936 1632 2390 1705 non‘reccdatnr.
2445 1670 2464 1703 ›
2522 1649 2816 1719 Epistolam
2860 1648 3093 1719 denique
3132 1647 3405 1703 concludit
3446 1648 3531 1703 his

1936 1741 2117 1797 verbis
2148 1761 2159 1795 :
2198 1762 2216 1793 ‹
2254 1742 2517 1813 Religioni
2549 1744 2710 1812 igitur
2740 1750 2941 1796 nostra:
2971 1741 3221 1811 congruit
3262 1749 3318 1795 et
3350 1739 3527 1795 timori

1861 1806 1909 1865 Β
1936 1842 1993 1888 et
2029 1834 2128 1902 ipsi
2167 1834 2307 1898 loco,
2355 1806 2517 1904 atque
2571 1806 2754 1889 ofﬁcio
2794 1806 3103 1887 sacerdotii.
3126 1835 3321 1899 nostri,
3362 1831 3532 1887 frater

1933 1924 2273 1992 cbarissime,
2298 1926 2350 1981 in
2382 1927 2658 1981 Dominico
2679 1926 2847 1981 calice
2878 1923 3154 1981 miscendo
3177 1933 3232 1979 et
3258 1924 3536 1979 offerendo

1933 2018 2209 2073 custodire
2255 2018 2560 2073 traditionis
2604 2018 2897 2073 Dominiete
2944 2018 3261 2085 veritatem;
3304 2018 3531 2089 etquod

1935 2112 2084 2180 prius
2108 2112 2247 2182 apud
2287 2111 2547 2181 quosdam
2577 2110 2789 2167 videtur
2834 2119 3093 2176 erratum,
3130 2110 3361 2165 Domino
3406 2125 3528 2165 mo~

1933 2214 2095 2258 nente
2116 2203 2386 2271 corrigere
2416 2221 2427 2255 :
2459 2212 2514 2257 ut
2535 2218 2653 2257 cum
2678 2203 2732 2257 in
2756 2202 3002 2257 claritate
3031 2217 3127 2256 sua
3157 2211 3212 2257 et
3231 2202 3516 2273 majestate

1932 2295 2143 2351 caelesti
2162 2296 2342 2350 venire
2363 2297 2610 2366 coeperit,
2642 2297 2879 2352 inveniat
2904 2310 3002 2349 nos
3032 2304 3216 2351 tenere
3242 2295 3383 2366 quod
3407 2311 3527 2351 mo-

1934 2389 2067 2455 nuit,
2120 2388 2410 2443 ohservare
2450 2388 2592 2457 quod
2649 2390 2852 2451 docuit,
2908 2388 3084 2443 facere
3131 2388 3271 2458 quod
3322 2387 3467 2443 fecit.
3502 2408 3520 2441 ι

1935 2481 2016 2538 Ex
2042 2481 2229 2537 eadem
2256 2491 2435 2537 autem
2465 2481 2695 2552 epistola
2740 2481 2868 2536 illttd
2911 2496 3126 2552 quoque
3155 2480 3399 2537 ediscere
3425 2490 3528 2548 est,

1934 2591 2275 2632 communem
2333 2576 2473 2646 apud
2519 2576 2681 2632 Afros
2734 2578 2785 2631 in
2832 2575 3112 2639 Sacriﬁcio
3164 2591 3321 2631 usum
3367 2575 3534 2631 fuisse

1934 2683 2244 2740 azymorum
2271 2685 2283 2721 :
2308 2684 2499 2739 panem
2526 2669 2721 2739 quippe
2750 2678 2913 2723 tanta:
2940 2670 3015 2724 rei
3059 2684 3218 2724 causa
3245 2679 3530 2734 memorat,

1936 2761 2079 2816 nulla
2123 2760 2375 2816 fermenti
2418 2761 2693 2816 mentione
2745 2761 2905 2827 facta,
2958 2777 3027 2814 ex
3076 2759 3248 2815 farina
3296 2769 3351 2815 ct
3395 2775 3531 2831 aqua

1942 2872 1960 2907 ι
1991 2852 2283 2908 adunatum
2324 2853 2741 2923 copulatumque
2780 2851 2881 2925 (V.
2907 2849 3250 2920 Ciampinttm
3290 2851 3354 2904 de
3382 2868 3527 2922 perp.

1935 2947 2116 3019 Azym.
2171 2964 2267 3002 usu
2314 2964 2362 3001 c.
2411 2948 2465 3011 5,
2498 2963 2550 3016 p.
2583 2945 2678 3018 45)
2710 2963 2722 2999 :
2763 2965 2781 2998 ι
2808 2945 2962 3014 Quod
2995 2956 3050 3000 et
3078 2946 3367 3017 Augustini
3411 2962 3533 3002 aevo

1932 3040 2231 3096 obdnebaL

235 3150 443 3205 aliente.
466 3152 601 3207 Hinc
624 3130 920 3210 Dominicze
931 3157 1076 3226 pacis
1098 3130 1365 3213 vinculum
1392 3130 1679 3231 rumpitur,
1702 3161 1826 3217 hinc
1851 3150 1898 3216 C
1928 3202 1931 3205 ι
2134 3130 2245 3231 δίῴ
2273 3130 2400 3186 anni
2432 3131 2631 3231 em)“
2657 3130 2926 3231 Cypriimn
2952 3132 3264 3231 nmmum
3294 3140 3396 3231 es."
3424 3130 3531 3187 Ge-

234 3240 468 3299 charitas
498 3243 733 3300 fraterna
779 3247 1029 3323 violatur,
1066 3249 1189 3305 hinc
1225 3251 1558 3307 adulteratur
1603 3255 1818 3322 veritas,

232 3335 410 3390 unitas
431 3337 710 3405 scinditur,
733 3339 799 3394 ad
818 3340 1053 3397 hrcreses
1077 3352 1238 3414 atque
1256 3345 1321 3400 ad
1338 3348 1629 3403 schismata
1650 3349 1822 3418 prosi-

230 3424 378 3495 litur,
395 3428 520 3483 dum
550 3430 881 3488 obtrectator
893 3436 1283 3504 sacerdotibus,
1309 3439 1434 3494 dum
1459 3442 1727 3512 episcopis
1744 3442 1825 3496 in-

232 3520 465 3587 videtur,
495 3524 622 3578 dum
651 3525 770 3595 quis
791 3536 881 3581 aut
907 3530 1152 3598 queritur
1180 3546 1287 3585 non
1311 3546 1368 3587 se
1397 3534 1573 3603 potius
1603 3534 1823 3589 ordina-

230 3625 364 3683 tum,
397 3627 488 3671 aut
509 3617 831 3689 dedignatur
847 3622 1074 3677 alterum
1089 3624 1232 3678 ferre
1264 3628 1628 3696 praepositum.
1658 3647 1675 3680 ι
1695 3628 1819 3685 Haec

224 3705 548 3781 Cyprianus,
579 3722 844 3777 recentes,
881 3714 1074 3782 Opinor
1102 3758 1115 3781 ,
1152 3716 1453 3772 animorum
1494 3721 1818 3777 acerbitates

226 3800 539 3871 designans,
570 3818 703 3873 quas
729 3813 782 3860 et
821 3806 1020 3863 invitus
1040 3819 1344 3878 aspexerat,
1368 3821 1423 3865 et
1445 3811 1680 3867 sublatas
1704 3829 1819 3868 ma-

226 3893 373 3947 xime
399 3892 699 3952 laetabatur.

297 4006 385 4062 IIl.
418 4006 563 4064 Inter
588 4010 723 4078 haec,
753 4009 1000 4068 Caecilius
1032 4014 1321 4087 episcopus
1349 4019 1692 4087 Bittensium,
1726 4022 1820 4091 qui

220 4114 369 4156 anno
417 4103 699 4172 superiore
742 4106 971 4160 concilio
1019 4107 1357 4177 interfuerat,
1413 4110 1480 4165 ad
1529 4113 1813 4168 ecclesiam

218 4210 375 4252 suam
405 4213 676 4265 reversus,
708 4198 1014 4269 Opinionem
1039 4203 1347 4272 quamdam,
1376 4222 1495 4276 qua:
1525 4207 1594 4261 ab
1619 4208 1818 4263 Encra-

220 4289 334 4344 titis
386 4300 503 4344 orta
536 4290 703 4345 videri
739 4294 905 4361 possit
933 4294 1040 4349 vini
1089 4295 1387 4363 abstemiis,
1423 4298 1677 4366 paulatim
1708 4300 1817 4356 dis-

218 4381 542 4435 seminatam
591 4383 893 4454 invenerat,
936 4402 1127 4456 aquam
1179 4404 1371 4459 nempe
1412 4392 1464 4445 in
1514 4391 1810 4460 Sacriﬁcio,

218 4487 332 4528 non
373 4473 557 4528 vinum
601 4475 779 4531 offerri
822 4494 884 4533 ac
928 4483 1232 4536 consecrari
1274 4495 1549 4552 oportere.
1590 4487 1811 4542 Tantam
1839 4502 1893 4563 Ι)

214 4566 313 4622 ille
338 4568 629 4626 novitatem
674 4583 968 4637 aversatus,
1002 4589 1123 4628 cum
1165 4576 1353 4631 tollere
1382 4579 1602 4632 omnino
1628 4580 1809 4647 vellet,

211 4658 433 4719 felicius
451 4679 562 4719 rem
582 4678 952 4720 successuram
980 4676 1063 4722 est
1089 4668 1399 4738 arbitratus,
1419 4673 1461 4725 si
1486 4671 1809 4743 Cyprianmn

211 4756 598 4824 consuluisset,
640 4761 1120 4832 auctoritatemque
1161 4766 1278 4834 ejus
1310 4767 1655 4837 interponere
1684 4784 1809 4838 pos-

207 4856 319 4902 set.
378 4847 559 4919 Itaque
596 4854 862 4907 accuratis
889 4853 955 4908 ad
985 4870 1105 4909 eum
1131 4857 1327 4912 litteris
1357 4857 1424 4914 de
1456 4868 1566 4914 toto
1594 4862 1811 4932 negotio

208 4939 420 5006 missis,
454 4942 668 5011 longam
714 4959 743 4997 a
789 4945 1057 5017 Cypriane
1100 4950 1384 5019 epistolam
1431 4954 1656 5024 accepit,
1688 4971 1809 5027 quae

207 5030 457 5099 Opinioni
485 5032 557 5086 illi
590 5033 747 5090 finem
769 5036 1059 5093 afferretet
1080 5055 1270 5097 omnes
1290 5043 1451 5113 plane
1478 5045 1547 5100 ad
1576 5058 1810 5103 veterem

206 5124 661 5181 censuetudinem
730 5140 1029 5185 revocaret.
1099 5132 1414 5190 inscribitur
1470 5152 1532 5191 ea
1586 5138 1811 5206 epistola

204 5215 423 5288 (Epist.
450 5216 555 5288 65)
593 5238 609 5270 ι
648 5220 717 5275 de
762 5222 1111 5280 Sacramento
1158 5226 1420 5282 [)ominici
1460 5226 1675 5294 Calicis,
1704 5249 1724 5282 ι
1758 5231 1810 5285 in

201 5323 317 5380 qua
339 5308 639 5382 Cyprianus
665 5313 789 5368 illttd
816 5317 1047 5371 maxime
1071 5318 1327 5385 ostendit,
1349 5320 1417 5375 ab
1440 5320 1555 5390 ipso
1582 5322 1811 5378 Domino

202 5412 402 5458 nostro
434 5404 732 5460 institutum
762 5417 923 5478 atque
956 5412 1326 5481 prtescriptum
1360 5426 1500 5477 esse,
1555 5423 1612 5467 ut
1657 5415 1809 5483 panis

199 5506 265 5554 et
312 5497 495 5555 vinum
548 5501 600 5555 in
640 5502 908 5559 sacrificio
946 5505 1233 5560 offerretur
1283 5524 1295 5559 :
1355 5506 1807 5575 quemadmodum

201 5746 363 5818 ,7,.A_(|)
393 5746 467 5801 De
484 5748 731 5816 baptismo
765 5746 954 5818 Contra
984 5746 1177 5803 Donat.
1208 5747 1296 5802 lib.
1324 5762 1380 5813 ll,
1411 5764 1457 5802 c.
1482 5747 1515 5801 4
1539 5764 1552 5809 ;
1578 5764 1625 5800 υ.
1658 5751 1804 5815 epist.

195 5812 300 5883 π
323 5812 374 5873 ti.
410 5819 508 5890 56;
540 5812 879 5877 ttLBost‘ltium
905 5812 1147 5889 Bollmtd,
1168 5829 1205 5877 ι.
1234 5835 1269 5875 t.
1290 5812 1423 5891 Aug.
1449 5832 1500 5891 ρ.
1532 5819 1658 5886 “8,
1689 5812 1721 5888 ’ς
1752 5823 1803 5877 4.

1931 3225 2154 3279 minium
2179 3224 2440 3279 victorem
2464 3225 2776 3295 episcopum
2802 3223 3246 3290 Furnitanorum,
3272 3224 3362 3294 qui
3385 3238 3529 3278 anno

1927 3318 2208 3389 superiore
2254 3318 2320 3372 ad
2367 3318 2634 3391 synodum
2686 3328 2931 3385 venerat,
2981 3319 3176 3374 morbo
3204 3319 3524 3374 decessisse.

1878 3471 1882 3476 ,
1926 3410 2102 3466 Grave
2129 3410 2181 3466 id
2216 3411 2432 3482 quidem
2464 3412 2735 3484 Cypriane
2762 3411 2883 3480 fuit,
2916 3411 3059 3483 quod
3090 3412 3354 3482 collegam
3386 3412 3527 3466 ami-

1926 3508 2123 3571 sisset;
2150 3506 2243 3561 sed
2263 3506 2390 3561 illud
2410 3506 2833 3578 multogravius,
2865 3506 3008 3577 quod
3039 3506 3201 3560 simul
3222 3520 3525 3575 cognosce—

1927 3609 2029 3668 rat,
2081 3600 2151 3654 ita
2204 3614 2327 3655 eum
2379 3614 2500 3655 esse
2558 3599 2662 3654 vita
2722 3597 3055 3662 defunctum,
3109 3606 3166 3651 ut
3218 3596 3525 3652 Geminium

1920 3694 2241 3749 Faustinum
2296 3693 2673 3763 presbyterum
2741 3700 3066 3745 testamento
3128 3704 3227 3745 suo
3290 3698 3524 3744 tutorem

1924 3800 2048 3843 ante
2072 3787 2396 3841 nominaret.
2436 3785 2603 3840 Norat
2650 3785 2794 3839 enim
2825 3784 3154 3855 Cyprianus,
3199 3784 3522 3855 jampridem

1922 3883 1975 3935 in
2032 3880 2262 3935 concilio
2331 3880 2708 3948 episcoporum
2760 3885 3022 3931 statutum
3093 3891 3216 3931 esse
3280 3876 3516 3949 (Cypr.,

1924 3970 2094 4042 Epist.
2129 3972 2220 4034 66,
2253 3986 2304 4023 v.
2349 3969 2593 4023 Bolland.
2625 3978 2757 4022 tom.
2793 3983 2863 4021 tv.
2892 3968 3042 4039 Sept.
3074 3982 3198 4037 pag.
3231 3968 3384 4036 211),
3411 3986 3429 4019 ε
3455 3983 3524 4022 ne

1921 4066 2041 4136 quis
2070 4066 2136 4118 de
2166 4063 2382 4118 clericis
2425 4074 2479 4117 et
2511 4061 2606 4115 Dei
2635 4060 2895 4115 ministris
2920 4068 3152 4113 tutorem
3189 4059 3271 4113 vel
3302 4068 3523 4113 curato-

1921 4173 2035 4213 rem
2068 4164 2391 4211 tcstamcnto
2420 4170 2520 4208 suo
2547 4153 2923 4208 constitueret.
2962 4169 2980 4201 ι
3017 4149 3115 4205 Cui
3156 4149 3378 4204 decreto
3400 4148 3519 4203 haec

1920 4249 2188 4318 adscripta
2216 4262 2375 4301 causa
2407 4245 2577 4301 fuerat
2607 4261 2620 4297 :
2659 4264 2676 4295 ι
2707 4242 2933 4311 Quando
2961 4242 3157 4309 singuli
3205 4240 3388 4295 divino
3428 4255 3519 4294 sa-

1919 4341 2162 4397 cerdotio
2190 4339 2461 4405 honorati,
2493 4347 2548 4392 et
2578 4338 2630 4391 in
2667 4336 2868 4392 clerico
2900 4335 3202 4390 ministerio
3233 4334 3519 4389 constituti

1922 4449 2027 4490 non
2079 4434 2178 4488 nisi
2220 4433 2375 4487 altari
2422 4442 2475 4487 et
2523 4430 2803 4485 sacrificiis
2851 4428 3151 4493 deservire,
3179 4437 3231 4482 et
3263 4427 3519 4497 precibus

1976 4541 2079 4594 que
2107 4524 2440 4580 orationibus
2470 4537 2660 4577 vacare
2687 4521 2938 4577 debeant.
2976 4540 2994 4572 ι
3029 4519 3139 4575 Nec
3168 4534 3301 4574 vero
3333 4519 3513 4588 ignota

1917 4630 2033 4675 erat
2086 4634 2263 4689 paena,
2292 4634 2453 4688 quam
2484 4615 2646 4672 iidem
2678 4616 2917 4687 episc0pi
2950 4615 3002 4669 in
3057 4630 3152 4669 eos
3191 4622 3511 4679 sanxerant,

1915 4712 2003 4780 qni
2037 4710 2207 4780 legem
2251 4709 2615 4779 neglexissent
2670 4725 2684 4761 :
2735 4722 2856 4761 nam
2906 4707 2996 4775 qui
3046 4714 3394 4770 censuerant,
3447 4719 3515 4759 ne

1914 4804 2045 4860 illttd
2076 4805 2322 4874 cuiquam
2355 4802 2434 4856 fas
2473 4810 2640 4866 esset,
2693 4798 3033 4854 addiderant.
3102 4818 3120 4851 ‹
3165 4800 3241 4853 Ac
3291 4798 3335 4853 si
3386 4798 3509 4867 quis

1915 4895 2018 4951 hoc
2064 4896 2298 4960 fecisset,
2344 4911 2451 4949 non
2482 4893 2767 4949 offerretur
2795 4908 2890 4962 pro
2917 4905 3004 4954 eo,
3049 4906 3149 4946 nec
3180 4889 3507 4945 sacriﬁcium

1916 5004 2013 5059 pro
2045 4988 2368 5043 dormitione
2399 4986 2514 5057 ejus
2542 4985 2930 5041 celebraretur.
2966 4982 3150 5052 Neque
3188 4982 3358 5047 enim,
3392 4981 3509 5035 aie-

1917 5081 2065 5147 bant,
2096 5080 2240 5151 apud
2270 5081 2440 5134 altare
2465 5079 2557 5133 Dei
2592 5087 2833 5132 meretur
2864 5076 3132 5131 nominari
3175 5076 3227 5129 in
3257 5073 3513 5128 sacerdo-

1917 5186 2028 5230 tum
2057 5190 2236 5244 prece,
2260 5173 2349 5243 qui
2379 5173 2446 5226 ab
2475 5172 2628 5226 altari
2659 5168 2972 5225 sacerdotes
3002 5178 3057 5223 et
3100 5168 3378 5222 ministros
3408 5180 3511 5219 vo~

1916 5272 2017 5326 iuit
2042 5285 2291 5325 avocare.
2325 5288 2344 5321 ›
2377 5268 2523 5337 Ergo
2553 5266 2878 5337 Cyprianus,
2926 5265 3017 5333 qui
3054 5277 3115 5318 se
3141 5276 3406 5318 canonum
3429 5272 3514 5316 sa-

1916 5377 2130 5418 crorum
2153 5359 2423 5415 vindicem
2451 5366 2888 5425 assertoremque
2914 5370 3034 5410 esse
3052 5364 3324 5424 oportere,
3346 5352 3514 5423 probe
3602 5372 3611 5381 ·

1914 5455 2258 5519 meminerat,
2300 5453 2436 5507 nihil
2468 5459 2772 5516 cunctatus,
2806 5447 3090 5518 epistolam
3122 5447 3190 5502 ad
3223 5447 3430 5501 clerum
3456 5453 3515 5500 et

1912 5546 2123 5617 plebem
2172 5545 2368 5600 Furnis
2405 5544 2795 5599 consistentem
2844 5541 3083 5611 scripsit,
3130 5541 3181 5594 in
3225 5554 3329 5608 qua
3378 5538 3513 5607 legis

1909 5639 2109 5694 veteris
2139 5639 2414 5694 mentione
2444 5636 2582 5691 facta
2611 5637 2691 5690 sic
2721 5635 2966 5705 praecipit
2988 5653 3000 5689 :
3024 5652 3041 5686 t
3064 5632 3274 5688 Etideo
3298 5630 3504 5695 Victor,

1911 5746 2032 5787 cum
2060 5739 2246 5786 contra
2270 5729 2501 5785 formam
2535 5744 2706 5798 nuper
2735 5726 2789 5782 in
2813 5726 3046 5783 concilio
3073 5740 3103 5779 a
3132 5722 3508 5780 sacerdotibus

1909 5824 2109 5891 datam,
2142 5822 2448 5882 Geminium
2490 5821 2815 5880 Faustinum
2848 5819 3227 5892 presbyterum
3260 5823 3421 5874 ausas
3448 5818 3493 5873 si
