4216 6282
659 261 798 322 1467

1863 266 2233 335 Μθηεειω,
2271 296 2342 308 -
2379 264 2702 325 ΑΝΝΑιΕε

3816 272 3956 329 1468

661 392 905 441 tutorum
952 387 1305 452 etrestituere;
1350 394 1456 441 non
1499 395 1584 443 est
1621 386 1762 457 quod
1794 402 1890 456 pro
1926 386 2251 442 dormitione
2278 397 2328 456 Α
2357 384 2450 440 tibi
2481 383 2696 439 misisse
2720 424 2735 449 ,
2768 399 2931 454 quam
2980 384 3260 440 materiam
3306 384 3663 441 tractantibus
3693 388 3954 457 praebuis-

657 468 775 551 ejus
806 478 951 550 apud
979 493 1078 535 nos
1106 468 1203 534 fiat
1230 472 1455 547 oblatio,
1490 484 1581 535 aut
1609 480 1919 549 deprecatio
1951 481 2126 550 aliqua
2157 495 2252 533 no-

659 573 809 627 mine
836 570 977 641 ejus,
1024 572 1077 626 in
1130 570 1370 627 Ecclesia
1400 564 1805 642 frequentatur,
1830 582 1886 626 nt
1909 572 2251 628 sacerdotum

656 663 935 719 decretum
982 663 1236 735 religiose
1283 671 1338 719 et
1391 666 1693 719 necessarie
1721 664 1921 720 factum
1950 676 2251 720 servetura

657 754 836 821 nobis,
866 755 1101 812 simulet
1124 758 1337 812 caeteris
1368 756 1622 812 fratribus
1645 757 1804 812 detur
1834 758 2251 830 exemplum,ne

653 848 774 919 quis
803 848 1115 904 sacerdotes
1132 856 1188 905 et
1210 850 1489 904 ministros
1514 851 1604 904 Dei
1632 851 1811 917 altari,
1843 851 1959 921 ejus
1984 861 2038 906 et
2066 852 2251 906 Eccle-

652 938 750 995 siae
781 948 1035 995 vacantes
1054 940 1121 995 ad
1144 941 1432 997 saeculares
1461 941 1740 996 molestias
1766 942 2009 997 devocet.
2046 943 2248 997 Obser-

651 1032 767 1087 vari
796 1034 939 1087 enim
967 1032 1035 1088 de
1061 1042 1263 1088 caetero
1312 1035 1530 1104 poterit,
1575 1052 1643 1090 ne
1672 1037 1809 1089 ultra
1843 1036 1943 1090 hoc
1973 1036 2067 1090 fiat
2108 1037 2250 1092 circa

652 1138 940 1194 personam
992 1125 1349 1191 clericorttm,
1407 1128 1452 1181 si
1510 1128 1653 1197 quod
1699 1144 1840 1183 nunc
1895 1127 2094 1183 factum
2145 1139 2248 1196 est,

652 1216 819 1273 fuerit
866 1219 1213 1274 rindicatum.
1265 1240 1284 1273 ›
1326 1220 1498 1276 Porro
1534 1235 1656 1275 cum
1690 1223 1988 1293 Cyprianus
2021 1223 2152 1277 nihil
2183 1223 2251 1278 de

649 1311 743 1369 illa
766 1312 898 1383 legis
927 1315 1216 1369 severitate
1244 1315 1533 1379 remiserit,
1565 1331 1632 1370 ne
1675 1318 1788 1387 ipse
1815 1317 2032 1387 quidem
2061 1332 2247 1373 curam

652 1407 960 1475 sustepisse
985 1408 1256 1477 putandus
1282 1416 1363 1464 est
1385 1410 1631 1480 conjugis
1650 1419 1705 1466 et
1731 1411 2020 1466 liberorum
2045 1411 2248 1466 chilii

647 1499 975 1569 preslryteri,
1001 1501 1155 1570 cujus
1182 1502 1301 1572 ipse
1322 1517 1485 1573 opera
1507 1503 1846 1559 Christianus
1864 1503 2035 1559 factus
2056 1506 2244 1569 fuerat,

646 1596 703 1644 et
754 1596 913 1660 quem
941 1599 1215 1663 tamquam
1250 1609 1404 1650 nova:
1436 1595 1560 1650 vita)
1589 1606 1868 1667 parentem
1898 1597 2243 1653 observabat.

648 1681 1079 1755 Seribitquidem
1099 1687 1246 1742 deeo
1271 1688 1491 1743 Pontius
1518 1689 1599 1743 his
1621 1689 1822 1756 verbis(
1829 1688 1854 1742 Ι
1864 1704 1896 1742 η
1926 1689 2037 1743 Vita
2053 1687 2240 1760 Gymn,

647 1790 703 1829 n.
738 1774 797 1846 4)
848 1793 863 1830 :
924 1793 945 1829 t
998 1777 1243 1848 Denique
1273 1778 1364 1834 ille
1392 1778 1666 1834 demulsus
1710 1781 1826 1849 ejus
1856 1782 2148 1850 obsequiis,
2182 1783 2235 1835 in
2267 1766 2315 1837 Β

647 1873 853 1924 tantum
879 1869 1187 1926 dilectionis
1212 1872 1489 1926 immensae
1520 1873 1715 1927 merito
1755 1882 2076 1944 provocatus
2129 1884 2232 1941 est,

648 1968 706 2014 ut
734 1959 805 2015 de
832 1962 1039 2017 saeculo
1084 1963 1375 2026 excedens,
1411 1964 1765 2020 arcessitione
1811 1966 1921 2034 jam
1970 1967 2232 2035 proxima,

643 2052 1055 2108 commendaret
1104 2054 1183 2109 illi
1232 2057 1515 2125 conjugem
1568 2071 1631 2111 ac
1685 2057 1887 2112 liberos
1938 2061 2067 2113 suos
2117 2074 2131 2113 :
2180 2068 2239 2114 ut

641 2159 807 2214 quem
830 2143 1033 2200 fecerat
1061 2145 1130 2200 de
1151 2156 1316 2202 sectte
1341 2148 1722 2203 communione
1745 2149 2082 2218 participem,
2118 2162 2238 2220 post

638 2235 856 2290 modum
885 2235 1087 2291 faceret
1109 2237 1323 2306 pietatis
1355 2237 1649 2295 heredem.
1683 2258 1701 2291 ι
1734 2240 2002 2295 Cunarum
2030 2243 2101 2295 ita
2124 2243 2235 2314 Cy-

638 2326 885 2396 prianum
915 2325 1134 2382 Caeilio
1165 2343 1265 2383 suo
1295 2329 1626 2388 satisfecisse
1655 2334 2002 2399 crediderim,
2054 2345 2113 2390 ut
2137 2336 2235 2390 do-

637 2433 761 2473 mus
786 2419 905 2488 ejus
935 2434 1121 2474 amore
1149 2431 1204 2476 et
1229 2422 1411 2478 studio
1441 2424 1603 2479 veluti
1638 2439 1832 2494 parcus
1858 2435 2023 2493 esset,
2058 2437 2113 2483 at
2154 2428 2232 2483 rei

636 2512 913 2569 familiaris
942 2522 1221 2569 curatores
1252 2528 1316 2570 ac
1343 2516 1638 2570 liberorum
1687 2527 1893 2574 tutores
1937 2531 2087 2574 extra
2118 2521 2231 2576 cle-

634 2618 757 2665 rum
781 2604 981 2683 probos
1016 2606 1164 2668 viros
1194 2606 1526 2685 idoneusque
1566 2611 1871 2684 requireret
1901 2612 2230 2683 praeﬁceret-

632 2712 755 2782 que.
2100 2702 2105 2705 ’

705 2803 768 2859 V.
807 2801 1054 2859 Nondum
1097 2818 1270 2859 annos
1309 2804 1524 2874 elapsus
1568 2808 1707 2869 erat,
1747 2816 1869 2860 cum
1918 2804 2110 2861 litterte
2174 2804 2227 2859 in

633 2893 874 2951 Africam
906 2896 1127 2966 perlata:
1162 2908 1308 2961 sunt,
1362 2897 1659 2953 Ecclesiam
1710 2898 1897 2954 Roma:
1936 2914 2129 2970 magno
2174 2899 2226 2954 in

581 3002 588 3008 ‘
631 2990 947 3047 discrimine
972 2993 1199 3059 versari,
1232 2992 1574 3048 Valerianum
1602 2996 1740 3063 Aug.
1766 2994 1857 3063 qui
1887 2991 2225 3049 Christianos

2355 489 2433 531 se.
2471 495 2489 528 ι
2525 476 2583 529 In
2614 490 2721 545 quo
2766 483 2821 530 et
2864 474 2995 529 illud
3047 488 3108 530 se
3153 475 3497 545 prospexisse
3540 480 3651 546 ait,
3703 498 3724 532 ε
3762 481 3823 535 in
3862 498 3955 539 ex.

2356 571 2664 626 hortatione
2695 581 2805 626 tam
2858 573 3186 637 necessaria,
3235 588 3358 644 qua:
3414 585 3684 647 martyres
3749 578 3950 644 faciat,

2354 664 2706 735 amputendas
2754 680 2883 722 esse
2958 666 3246 723 verborum
3296 676 3604 725 nostrorum
3668 684 3955 735 moras‘et

2357 761 2673 827 tarditatcs,
2730 768 2893 831 atque
2941 762 3194 832 ambages
3250 764 3518 819 sermonis
3544 764 3766 821 humani
3822 761 3885 824 su

2357 853 2689 919 trahendas,
2757 840 3009 925 ponenda
3088 854 3202 909 sola
3276 855 3412 923 illa,
3480 870 3602 928 qua
3658 860 3803 916 Deus
3871 862 3954 917 lo.

2354 946 2561 1015 quitur,
2621 946 2815 1017 quibus
2868 961 3056 1001 servos
3106 962 3237 1002 suos
3288 948 3355 1003 ad
3413 952 3731 1020 martyrium
3795 952 3957 1010 Chri-

2352 1052 2468 1093 stus
2515 1038 2780 1093 hortatur.
2823 1057 2841 1090 )
2900 1037 3166 1109 Scriptam
3219 1038 3357 1095 hanc
3394 1040 3679 1112 epistolam
3719 1046 3777 1099 ad
3805 1045 3952 1101 For-

2358 1139 2599 1185 tunatuni
2665 1132 2979 1201 cpiscoiium
3048 1132 3553 1187 Thuccahorensem
3626 1140 3755 1191 satis
3812 1138 3952 1194 mihi

2353 1225 2689 1295 exploratum
2736 1232 2838 1278 est.
2890 1223 3023 1279 Nam
3082 1239 3204 1279 eum
3262 1226 3564 1297 Cyprianus
3611 1245 3630 1279 t
3663 1227 3892 1284 fratrem
3928 1251 3947 1285 ι

2352 1316 2618 1386 appellat,
2654 1331 2898 1387 unusque
2949 1318 3167 1372 nomine
3211 1302 3538 1373 Fortunatus
3567 1320 3745 1376 cietur
3769 1323 3953 1379 Thuc-

2352 1408 2665 1464 caborensis
2714 1410 2854 1463 inter
2884 1410 3188 1479 episcopos,
3232 1417 3322 1479 qui
3366 1410 3755 1484 Carthaginem
3784 1433 3954 1487 nuper

2349 1499 2415 1554 ad
2463 1501 2750 1556 concilium
2806 1512 3186 1557 convenerant.
3244 1502 3350 1559 Sed
3403 1507 3647 1576 ejusdem
3705 1511 3952 1580 exempla

2349 1591 2419 1646 ad
2451 1593 2592 1647 alios
2626 1608 2842 1664 quoque
2885 1596 3069 1656 missa.
3104 1604 3163 1649 ut
3206 1612 3373 1667 quam
3422 1598 3610 1655 multis
3660 1603 3784 1656 usui
3837 1618 3954 1660 esse

2347 1694 2530 1753 posset
2551 1724 2567 1751 ,
2602 1694 2753 1740 recte
2771 1684 3136 1756 judicaveris.

2643 1817 2872 1877 ANNUS
2895 1816 3344 1880 CHRISTIANUS
3365 1822 3608 1882 CCLV“.

2608 1946 2868 1989 CYPRIANO
2892 1948 3142 1992 EPISCOPO
3166 1948 3625 1997 CARTEAGINIENSI.

2411 2041 2453 2097 l.
2484 2045 2715 2101 Rursum
2742 2047 2968 2117 Augusti
2995 2051 3248 2106 consules
3288 2052 3436 2119 facti,
3489 2055 3807 2114 Valerianus
3849 2060 3946 2118 iV.

2340 2137 2619 2194 Gallienus
2650 2138 2736 2196 ΙΙΙ.
2778 2158 2914 2212 quos
2964 2143 3074 2212 jam
3122 2144 3473 2201 barbarorum
3501 2151 3943 2218 conspirationes

2336 2241 2390 2285 et
2413 2230 2700 2287 Persarum
2724 2245 2902 2289 motus
2927 2235 2993 2289 ad
3018 2237 3156 2291 bella
3185 2238 3497 2293 evocabant.
3514 2240 3568 2294 in
3588 2240 3726 2297 Urbe
3745 2254 3941 2301 tamen

2340 2325 2651 2390 manebant,
2684 2328 2776 2397 qui
2811 2326 3075 2383 Valeriani
3105 2329 3364 2386 adversus
3393 2326 3723 2389 Christianos
3748 2334 3944 2392 odium

2266 2420 2296 2441 ‘
2337 2417 2692 2487 susciperent,
2725 2416 3103 2475 crudelitatem
3131 2418 3436 2491 exiilereut.
3467 2424 3535 2478 Et
3579 2428 3947 2485 numeraban-

2337 2506 2423 2563 tur
2454 2510 2564 2579 jam
2597 2510 2782 2567 Romae
2814 2521 3084 2583 martyres
3109 2514 3197 2583 qui
3230 2514 3388 2585 primi
3416 2530 3684 2587 prtercpta
3718 2518 3939 2589 laurea,

2336 2602 2478 2658 viam
2497 2607 2710 2661 caeteris
2731 2604 2798 2661 ad
2819 2610 3014 2664 caelum
3039 2611 3299 2681 sanguine
3335 2626 3436 2665 suo
3460 2612 3935 2684 consignaverant.

2334 2698 2402 2752 At
2426 2698 2478 2753 in
2504 2698 2682 2754 Africa
2700 2716 2819 2755 una:
2839 2701 3098 2757 hactenus
3116 2702 3447 2774 privatorum
3464 2705 3663 2761 litterae
3678 2718 3939 2763 terrorem

2330 2791 2619 2862 augebant,
2654 2807 2752 2847 nec
2802 2793 3016 2862 publice
3041 2792 3332 2865 quidquam
3361 2797 3674 2851 nunciatum
3723 2797 3936 2853 fuemt:

2329 2894 2387 2938 ut
2415 2883 2548 2939 satis
2591 2885 2847 2954 temporis
2879 2884 3133 2941 habuisse
3159 2884 3399 2958 episc0pi
3430 2888 3732 2953 videantur,
3793 2890 3943 2959 quod

2330 2977 2532 3046 populo
2556 2976 2622 3031 ad
2656 2978 3020 3032 constantiam
3047 2977 3409 3045 cohortando,
3436 2979 3736 3049 animisque
3790 2980 3941 3036 divi-

628 3082 787 3139 antea
821 3086 957 3140 mire
989 3085 1204 3140 fovebat
1256 3085 1468 3155 (Euseb.
1499 3085 1565 3141 Η.
1624 3085 1688 3141 E.
1735 3085 1824 3140 lib.
1876 3102 1967 3152 vn,
2005 3103 2051 3140 c.
2100 3084 2216 3157 l0),

2333 3066 2521 3122 noram
2546 3068 2929 3139 mysteriorum
2974 3066 3266 3124 tributionc
3302 3069 3678 3125 confirmandis
3710 3071 3940 3141 impetr-

2338 3160 2522 3183 .|-_-_i.
2582 3152 2709 3183 κῃ..-
2747 3161 2797 3183 ι..
2824 3177 2843 3183 -
2879 3163 2909 3183 2.
2959 3163 3146 3183 _,_:,M:.-
3198 3174 3329 3183 -mem
3368 3174 3470 3183 A_,.
3538 3174 3576 3183 -.
3603 3164 3659 3183 LA
3688 3180 3735 3183 ,A
3906 3168 3920 3179 -

632 3175 909 3243 Macriani,
941 3177 1093 3247 cujus
1122 3178 1367 3234 conciliis
1396 3180 1677 3246 utebatur,
1708 3178 1834 3234 dolo
1856 3189 2015 3250 atque
2046 3178 2230 3234 fraude

633 3270 926 3326 alienatum
959 3272 1251 3340 perniciem
1283 3273 1541 3333 minitari.
1572 3273 1771 3327 multos
1793 3272 1905 3342 jam
1930 3274 1981 3327 in
2015 3273 2228 3328 vincula

626 3362 903 3431 conjectos
932 3376 1054 3418 esse
1081 3381 1093 3416 :
1124 3364 1297 3417 edicta
1348 3363 1398 3417 in
1434 3364 1737 3431 provincias
1786 3364 2042 3419 adversus
2072 3363 2228 3420 Chri-

624 3452 857 3506 stianum
911 3466 1105 3508 nomen
1162 3454 1473 3523 propediem
1523 3455 1745 3509 missum
1790 3456 1873 3511 iri.
1934 3456 2226 3513 Enimvero

628 3542 891 3598 nunciato'
924 3553 1085 3598 tantae
1116 3545 1282 3599 cladis
1306 3547 1546 3616 periculo
1590 3547 1877 3603 exanimati
1935 3550 2107 3615 multi,
2164 3565 2227 3606 ac

625 3645 833 3693 terrore
864 3637 1053 3691 mortis
1083 3636 1278 3707 abjecti
1307 3655 1320 3690 :
1366 3638 1474 3693 Nec
1507 3648 1686 3695 tamen
1718 3639 1940 3695 defuere
1989 3654 2220 3711 quorum

626 3728 880 3783 alacritas
902 3728 1187 3793 emineret,
1208 3739 1261 3783 et
1282 3739 1601 3786 cancrorum
1617 3732 1865 3787 virtutem
1889 3733 1954 3787 ad
1972 3734 2222 3801 prmclara

624 3820 879 3892 martyrio
911 3822 1197 3878 excitaret.
1226 3822 1352 3878 Fuit
1395 3823 1558 3878 etiam
1586 3824 1677 3894 qtti
1709 3838 1737 3876 a
1770 3822 2040 3894 Cypriane
2062 3823 2222 3880 scribi

620 3914 826 3983 aliquid
864 3922 1113 3984 cuperet,
1136 3924 1243 3987 quo
1273 3917 1513 3972 omnium
1557 3918 1723 3972 animi
1780 3917 1961 3971 studio
2010 3918 2223 3972 invicta:

620 4006 981 4062 confessionis
1013 4007 1500 4064 inﬂammarentur.
1534 4009 1703 4065 Porro
1752 4010 2076 4081 Cyprianus,
2131 4010 2222 4080 qui

622 4099 738 4154 inec
765 4106 960 4170 sponte
990 4106 1207 4173 semper
1236 4105 1561 4171 priestabat,
1608 4114 1673 4158 ut
1728 4104 1920 4159 idonea
1963 4106 2221 4174 temporis

618 4191 998 4248 cohortatione
1027 4194 1283 4263 populum
1314 4194 1573 4259 erudiret;
1610 4195 1778 4250 multo
1805 4195 1974 4265 magis
2003 4206 2221 4265 rogatus

619 4282 767 4350 fecit,
791 4285 1184 4355 epistulamque
1206 4286 1272 4341 ad
1301 4287 1649 4341 Fortunatam
1674 4289 1872 4354 emisit,
1897 4305 2017 4358 quae
2034 4303 2226 4343 secun-

617 4376 687 4430 da
738 4385 821 4432 est
857 4395 876 4428 r
910 4376 978 4431 de
1006 4374 1385 4434 exhortatione
1413 4379 1675 4451 Martyrii,
1716 4398 1734 4432 ι
1771 4380 2108 4434 documentis
2132 4396 2217 4436 re-

2334 3160 2548 3217 derent.
2576 3161 2711 3216 Nam
2746 3161 2848 3217 hoc
2878 3163 2929 3216 in
2959 3163 3150 3233 primis
3191 3174 3335 3219 curae
3359 3174 3496 3232 erat,
3529 3174 3582 3219 et
3603 3164 3742 3219 hanc
3772 3168 3943 3222 maxi-

2334 3270 2424 3308 me
2448 3269 2670 3309 causam
2723 3255 2997 3324 lapsorum
3052 3254 3487 3325 recipiendorum
3516 3257 3781 3311 attulerat
3809 3258 3936 3312 olim

2331 3345 2655 3419 Cyprianus,
2706 3364 2772 3402 ne
2802 3347 2942 3402 hosti
2974 3349 3241 3417 ingruenti
3276 3349 3511 3403 inermes
3542 3348 3930 3418 objicerentur.

2336 3457 2355 3493 ς
2402 3438 2535 3495 Nam
2565 3440 2859 3510 quomodo,
2898 3459 2916 3493 ι
2970 3441 3147 3495 aiebat
3192 3439 3387 3514 (Epist.
3443 3439 3515 3494 54
3556 3440 3628 3493 ad
3676 3439 3932 3513 σίνται),

2334 3533 2622 3589 «ducemus
2651 3545 2742 3589 aut
2760 3550 3116 3604 provocamus
3131 3549 3226 3591 eos
3250 3535 3302 3589 in
3332 3533 3682 3591 confessione
3702 3538 3939 3592 nominis

2334 3630 2652 3700 sanguinem
2705 3645 2862 3684 suum
2918 3626 3163 3696 fundere,
3198 3630 3241 3683 si
3268 3630 3347 3683 eis
3379 3630 3692 3685 militaturis
3733 3629 3935 3687 Christi

2330 3722 2614 3793 Saguineni
2664 3718 3037 3793 denegamus?
3094 3721 3202 3777 Aut
3251 3721 3527 3793 quomodo
3575 3720 3645 3776 ad
3688 3722 3934 3794 martyrii

2330 3817 2582 3886 poculqu
2631 3806 2858 3871 idoneos
2909 3814 3158 3884 facimus,
3204 3816 3248 3870 si
3280 3830 3385 3870 nun
3414 3831 3510 3873 eos
3543 3819 3693 3886 prius
3741 3817 3808 3871 ad
3850 3818 3934 3872 bi-

2327 3909 2564 3964 bendum
2616 3910 2668 3963 in
2701 3908 2944 3963 Ecclesia
3000 3909 3251 3978 poculum
3279 3908 3490 3963 Domini
3531 3910 3658 3979 jure
3686 3924 3936 3965 cominu-

2328 4003 2615 4058 nicationis
2644 4003 3021 4058 admittimus?
3045 4018 3066 4055 ι

2397 4096 2461 4151 ll.
2488 4096 2593 4153 Sed
2618 4098 2730 4165 ipsa
2752 4097 2966 4152 demum
2988 4096 3354 4169 Augustorum
3372 4095 3540 4151 edicta
3555 4095 3620 4149 ad
3632 4095 3933 4164 Aspasium

2325 4194 2613 4249 Paternum
2641 4192 3017 4263 prosonsulem
3044 4194 3206 4247 allata
3222 4190 3587 4260 Carthaginem
3625 4196 3776 4254 sunt,
3800 4191 3935 4260 qui-

2325 4286 2423 4340 hus
2448 4284 2858 4355 praecipiebatur
2885 4281 2975 4355 (In
3005 4284 3118 4339 Act.
3166 4282 3383 4339 Procas.
3427 4282 3615 4353 κατίῃ.
3649 4279 3812 4352 Cypr.
3859 4281 3935 4338 de

2326 4378 2554 4432 Paterno
2591 4374 2650 4432 ν.
2691 4377 2823 4447 Lup.
2850 4376 3023 4451 Epist.
3069 4393 3168 4434 sev.
3209 4377 3285 4432 Μ.
3321 4378 3348 4449 §
3390 4376 3476 4433 Ill.
3507 4395 3557 4448 p.
3588 4375 3668 4447 8).
3714 4394 3734 4428 ι
3796 4375 3929 4440 Eos,

615 4467 811 4525 {ortam
840 4471 1216 4539 sanctissimis,
1262 4480 1381 4543 qua:
1429 4472 1672 4529 desidem
1724 4489 1993 4544 quemque
2022 4490 2087 4529 ac
2125 4492 2293 4554 re-D
2324 4473 2415 4543 qui
2485 4473 2785 4527 Romanam
2837 4472 3158 4543 religionem
3211 4486 3318 4526 non
3380 4474 3668 4537 colerent,
3726 4471 3931 4527 debere

620 4563 845 4617 missum
868 4573 973 4617 tam
999 4564 1172 4620 felicis
1188 4566 1366 4620 exitus
1383 4565 1654 4621 desiderio
1671 4567 1874 4635 possint
1896 4565 2214 4622 accendere.

616 4651 847 4706 Fecerat
870 4662 1048 4709 autem
1073 4657 1190 4723 ejus
1223 4656 1389 4711 libelli
1420 4658 1596 4727 capita
1627 4656 1933 4721 duodecim,
1962 4657 2217 4727 subjectis

615 4744 909 4813 unicuique
934 4746 1240 4802 divinarum
1270 4748 1593 4803 Litterarum
1633 4748 2046 4804 auctoritatibus
2097 4764 2218 4819 qun

612 4835 947 4906 singulorum
974 4838 1211 4907 capitum
1236 4840 1418 4894 titulos
1439 4839 1775 4908 exlilicarent
1801 4839 2216 4895 confirmarent-

612 4942 753 5000 que,
791 4941 846 4984 ut
889 4930 1116 4987 haberet
1157 4934 1390 5003 quisque
1440 4944 1681 5003 paratam
1737 4934 1903 4989 veluti
1937 4935 2215 4988 materiam

610 5037 718 5077 non
747 5022 910 5077 modo
940 5023 1007 5078 ad
1034 5023 1321 5094 legendum
1369 5040 1434 5080 ac
1465 5025 1853 5091 meditandum,
1907 5024 2001 5080 sed
2046 5026 2209 5078 etiam

610 5114 680 5169 ad
715 5114 1136 5183 colluquendum
1161 5125 1321 5186 atque
1347 5117 1715 5173 scribendum.
1749 5135 1768 5168 ι
1815 5121 1893 5172 Ac
1914 5131 1980 5171 ne
2008 5117 2060 5170 in
2090 5115 2211 5170 lon-

607 5222 791 5277 gum,»
821 5208 1085 5280 inquit(p.
1112 5209 1216 5265 708
1235 5209 1379 5265 Edit.
1406 5209 1643 5281 Betim),
1670 5226 2006 5267 «sermonem
2032 5226 2210 5265 meum

608 5299 1003 5367 extenderem,
1060 5301 1227 5357 frater
1274 5303 1628 5370 charissime,
1679 5313 1734 5359 et
1784 5304 2090 5359 audientem
2129 5306 2213 5360 vel

609 5394 879 5464 legentem
918 5394 1042 5465 styli
1086 5396 1294 5452 latioris
1316 5400 1472 5467 copia
1490 5398 1796 5468 fatigarem,
1830 5396 2212 5468 compendium

611 5486 744 5551 feci;
796 5496 855 5543 ut
906 5492 1193 5560 propositis
1245 5491 1450 5562 titulis,
1483 5508 1620 5565 quos
1672 5508 1793 5565 qlllS
1823 5496 1897 5548 et‘
1922 5509 2082 5549 nosse
2115 5493 2212 5549 de-

611 5580 738 5637 beat
764 5589 820 5634 et
846 5590 1034 5639 tenere
1058 5627 1073 5650 ,
1106 5588 1336 5656 capitula
1396 5587 1670 5644 dominica
1709 5589 2085 5644 subnecterent
2113 5629 2128 5653 ,
2160 5597 2215 5642 et

612 5672 688 5732 id.
721 5673 866 5742 quod
914 5692 1331 5745 proposueram,
1375 5678 1577 5735 divina.
1616 5679 1867 5736 lectionis
1893 5678 2215 5735 auctoritate

614 5764 906 5823 solidarem
952 5787 967 5824 :
1016 5779 1074 5825 ut
1125 5785 1235 5829 non
1292 5782 1400 5831 tam
1461 5781 1748 5831 taetratum
1800 5786 1979 5828 meum
2030 5770 2216 5829 videar

2320 4564 2592 4619 Romanas
2641 4565 2995 4619 cteremonias
3043 4576 3455 4632 recognoscere.
3490 4583 3509 4616 ι
3545 4562 3658 4618 Nec
3701 4562 3930 4615 dubium

2319 4665 2400 4712 est
2428 4655 2663 4710 Paterno
2692 4656 3063 4723 praescriptum
3093 4653 3279 4720 fuisse,
3322 4653 3678 4724 utepiscopos
3696 4652 3931 4721 primum

2317 4757 2481 4820 atque
2509 4749 2858 4820 presbyteros
2898 4755 3177 4817 totumque
3196 4747 3404 4801 clerum
3444 4748 3842 4817 aggrederetur,
3871 4759 3932 4804 et

2322 4852 2458 4912 quos
2495 4843 2651 4898 exiis
2677 4850 3043 4911 repugnantes
3079 4840 3393 4903 invenisset,
3448 4839 3596 4895 illico
3635 4841 3926 4911 relegaret.

2321 4935 2454 4991 Nam
2479 4943 2533 4989 et
2558 4933 2754 4989 deinde
2778 4948 2899 4987 cum
2949 4932 3017 4987 ad
3044 4932 3248 4987 caedem
3272 4940 3327 4987 et
3354 4932 3670 5003 sanguinem
3701 4942 3930 4988 ventum

2313 5039 2418 5095 est,
2452 5028 2653 5098 primos
2679 5026 2964 5096 episcopos
3003 5035 3056 5080 et
3084 5023 3369 5093 collegium
3401 5039 3590 5079 eorum
3621 5026 3928 5080 mortides-

2315 5122 2515 5177 tinatos
2538 5127 2763 5190 apparet
2806 5116 2987 5191 (Cypr.
3018 5117 3187 5188 Epist.
3218 5117 3334 5187 82).
3364 5116 3569 5171 Idcirco
3597 5114 3930 5189 Carthagine

2314 5214 2621 5288 Cyprianus
2650 5222 2777 5268 ante
2804 5212 2940 5267 alios
2972 5212 3024 5266 in
3054 5225 3275 5266 arenam
3307 5210 3619 5276 descendit,
3670 5211 3931 5278 extmplo

2318 5307 2502 5361 multis
2553 5305 2802 5369 futurus,
2836 5319 2943 5374 quo
2991 5312 3150 5372 pacto
3190 5301 3261 5356 de
3300 5303 3457 5356 hoste
3502 5300 3924 5371 triumpharent.

2321 5398 2470 5454 lianc
2515 5412 2647 5452 sane
2688 5395 2902 5451 laudem
2936 5394 3013 5449 illi
3041 5393 3288 5448 tribuunt
3316 5392 3677 5449 Nemesianus
3704 5403 3763 5449 et
3790 5393 3929 5449 socii

2318 5492 2683 5554 confessores,
2712 5489 2765 5543 in
2802 5487 3043 5558 Epistula
3083 5501 3186 5555 qua
3214 5485 3410 5539 litteris
3444 5483 3564 5553 ejus
3588 5482 3931 5538 suavissimis

2319 5582 2652 5654 respondent
2678 5580 2873 5653 (Epist.
2909 5579 2997 5634 78.
3036 5577 3184 5632 Inter
3211 5577 3422 5648 Cypra):
3460 5595 3478 5627 ‹
3513 5575 3634 5631 Scis
3660 5577 3871 5645 etipse,
3902 5592 3924 5625 ›

2319 5676 2569 5747 inquiunt
2594 5693 2611 5726 ι
2650 5672 2991 5738 charissime,
3021 5681 3265 5725 nostrum
3296 5667 3533 5738 cptahile
3560 5676 3751 5721 votum
3781 5680 3921 5729 esse,

2320 5767 2466 5841 quod
2499 5778 2551 5824 te
2583 5765 2860 5823 videamus
2916 5761 3198 5821 doctorem
3246 5769 3303 5818 et
3348 5769 3645 5817 amatorem
3674 5765 3923 5816 nostrum
