4134 6256
217 119 252 134 ⁴-ωι

271 275 372 334 “69

1465 265 1826 335 semesos
1859 258 2254 336 Ara-totes.

3357 267 3497 332 i470

270 393 320 451 ad
357 406 586 451 coronam
648 395 860 466 magna;
902 394 1255 451 confessionis
1291 396 1618 466 pervenisse.
1670 385 1802 448 Nam
1829 382 1882 453 Α
1907 387 2096 449 exacta
2120 397 2202 449 est
2226 436 2240 458 ,
2274 393 2446 448 visum
2497 389 2547 449 ei
2584 383 2870 449 (tormienti
2904 383 3180 466 quam,
3211 387 3317 465 q’uo
3343 403 3496 449 certa

268 489 382 559 quasi
425 489 590 554 bonus
644 497 700 543 et
765 497 928 543 verus‘
977 488 1167 542 doctor
1215 479 1344 558 quid
1396 503 1496 542 nos
1549 487 1800 555 discipuli

268 581 398 636 secuti
445 579 582 650 apud
637 579 923 648 praesidem
997 578 1176 633 dicere
1231 577 1595 642 deberemus,
1655 577 1802 645 prior

267 675 374 746 apud
408 685 516 732 acta
569 676 912 745 proconsulis
966 666 1371 743 prononciasti,
1420 678 1474 726 et
1520 669 1644 725 tuba
1705 683 1800 724 ca-

267 783 400 834 nens,
449 766 540 820 Dei
596 766 786 819 milites
826 762 1137 820 cmiestib‘us
1189 763 1356 818 armis
1405 765 1695 818 instructos
1733 761 1801 817 ad

262 856 616 928 congressionis
663 858 904 925 praelium
960 854 1227 922 excitasti,
1269 865 1323 911 et
1363 859 1416 910 in
1462 857 1577 911 acie
1630 856 1800 926 prima

263 963 456 1019 pugnans
501 948 724 1019 spiritali
781 947 960 1018 gladio
1015 943 1290 1004 diabo‘lu’m
1333 948 1667 1012 interfecisti,"
1711 962 1804 1015 ag-

259 1042 374 1097 mina
429 1057 636 1112 quoque
703 1041 926 1097 fratrum
981 1042 1108 1097 hinc
1169 1041 1219 1097 et
1276 1035 1400 1096 inde
1460 1043 1638 1096 verbis
1699 1042 1804 1096 tuis

257 1133 583 1203 composuisti,
617 1142 674 1187 ut
709 1134 1152 1189 ittsidiaeiniinico
1196 1129 1430 1205 undique
1462 1134 1806 1189 tenderentur

260 1235 303 1280 et
321 1225 571 1280 cadaveris
616 1226 784 1295 ipsius
827 1227 1212 1297 publicihostis
1235 1227 1414 1281 nervis
1460 1227 1662 1282 caucisi
1693 1226 1804 1281 cal-

263 1334 278 1368 ι
315 1323 560 1372 carentttr.
603 1335 620 1368 ι
665 1333 772 1387 quo
795 1333 979 1373 mense
1009 1320 1060 1373 in
1109 1320 1406 1373 custodiam
1430 1319 1622 1374 ductus
1647 1318 1810 1373 fuerit

254 1403 534 1477 Cyprianus,
567 1422 595 1460 a
624 1409 916 1476 majoribus
940 1424 1044 1464 non
1068 1412 1395 1481 accepimus".
1424 1411 1528 1467 Sed
1556 1421 1610 1466 et
1636 1411 1809 1480 ipsum

250 1497 434 1552 ut.kal.
486 1500 822 1568 septembres
854 1502 1207 1572 productum,
1264 1503 1316 1557 iu
1343 1504 1635 1558 secretario
1686 1511 1811 1556 aute

252 1592 598 1660 proconsulem
629 1594 841 1648 stetisse
861 1637 874 1661 ,
905 1599 1023 1650 acta
1065 1596 1466 1666 proconsula‘ria
1525 1587 1808 1651 testantur.

1901 485 1978 538 illi
2006 490 2129 555 spes
2158 485 2293 540 facta
2323 489 2564 557 martyrii
2598 482 2712 541 fuit.
2748 483 2858 542 Nec
2884 481 2969 543 ilie
3001 487 3180 542 socios
3208 491 3320 541 rem
3349 483 3496 541 oeta-

1902 581 1996 643 vi't,
2028 581 2188 633 immo
2219 577 2465 636 accurate
2493 582 2693 643 omnia,
2728 581 2920 636 Pontio
2956 590 3117 646 teste,
3143 584 3389 649 exposuit
3415 579 3500 637 his

1902 661 2077 727 verbis
2099 669 2287 743 (Idem,
2315 669 2442 744 ibid)
2471 691 2485 726 :
2519 691 2536 724 t
2569 674 2824 743 Apparuit
2867 669 3018 736 mihi,
3047 683 3063 725 ι
3093 673 3281 742 inquit,
3319 690 3337 722 σ
3363 687 3501 726 non-

1905 763 2031 817 dum
2055 763 2228 817 s‘omni
2255 759 2435 834 quiete
2461 765 2635 832 sepito
2658 805 2674 833 ,
2699 765 2911 832 juvenis
2942 764 3077 818 ultra
3117 762 3497 818 modumenor-

1906 855 2044 918 mis;
2074 856 2162 924 qui
2191 863 2310 910 cum
2345 865 2428 910 me
2472 855 2623 926 quasi
2656 856 2723 910 ad
2751 857 3058 925 praetorium
3091 855 3348 920 duceret,
3379 855 3498 910 vide

1909 947 2004 1002 bar
2027 948 2156 1002 inihi
2177 941 2432 1003 tribt't'naii
2456 958 2564 1002 tum
2587 948 2823 1004 sedentis
2837 949 3169 1019 proconSulis
3199 943 3497 1002 admbveri.

1908 1036 1957 1091 Is
1985 1047 2040 1092 ut
2079 1039 2128 1092 iu
2159 1031 2245 1093 me
2281 1039 2559 1109 respexit,
2585 1039 2840 1094 adnotare
2889 1041 3075 1094 s‘tatim'
3124 1039 3288 1108 coepit
3332 1033 3383 1091 in
3421 1046 3526 1102 ta-,

1910 1126 2033 1183 bula
2094 1121 2437 1196 sententiam,
2489 1135 2647 1200 quam
2679 1131 2786 1184 n'on‘
2810 1130 3078 1194 sciebam;
3110 1127 3241 1182 nihil
3264 1123 3406 1182 enim
3434 1127 3500 1182 de

1911 1235 1998 1277 me
2045 1221 2198 1278 solita
2241 1223 2658 1294 interrogatione
2719 1221 3026 1293 qumsie'rat.
3054 1218 3158 1276 Sed
3226 1222 3369 1275 enim
3411 1211 3499 1290 ju-

1916 1316 2086 1382 venis,
2119 1316 2209 1385 qui
2236 1321 2270 1370 α
2307 1307 2458 1387 tergo
2511 1318 2629 1386 ejus
2672 1318 2884 1383 stabat,
2918 1317 3205 1371 admodum
3257 1316 3502 1370 curiosus

1916 1403 2041 1479 legit
2094 1409 2350 1479 quidquid
2399 1408 2923 1472 fueratadnotatnm',
2948 1420 2999 1464 et
3024 1410 3145 1479 quia
3178 1405 3301 1463 inde
3325 1407 3501 1462 verbis

1914 1501 2158 1571 proferre
2197 1508 2301 1556 nun
2360 1511 2600 1573 poterat,
2657 1512 2786 1557 nutu
2827 1501 3134 1556 deelarante
3187 1500 3505 1554 monstravit

1913 1593 2040 1662 quid
2094 1594 2145 1646 in
2178 1593 2368 1648 litteris
2425 1587 2616 1648 tabulae
2660 1593 2802 1648 iiiiUS
2835 1593 3140 1648 haberetur.
3175 1591 3329 1646 Manu
3361 1592 3503 1644 enim

249 1682 399 1752 Atque
437 1681 522 1737 hic
565 1684 815 1754 quidem,
869 1695 1150 1757 postquam
1200 1688 1527 1759 Cyprianum
1576 1691 1626 1744 in
1656 1691 1812 1744 eous-
1841 1720 1890 1791 ῃ
1917 1694 2152 1756 expansa
2179 1695 2233 1741 et
2279 1679 2614 1756 complanata
2660 1687 2727 1741 ad
2756 1687 2921 1756 space
2966 1686 3204 1750 modum,
3231 1687 3392 1738 ictum
3422 1698 3509 1738 so-

248 1785 384 1846 pectu
409 1775 610 1842 habuit,
645 1797 665 1828 ‹
692 1779 965 1848 Exquisivi
995 1795 1153 1851 ergo,
1180 1801 1198 1834 ι
1234 1782 1438 1851 inquit,
1477 1777 1572 1835 tde
1599 1783 1814 1837 nomine

249 1876 328 1922 tuo
363 1869 522 1938 :quid
555 1870 683 1924 mihi
724 1873 1058 1940 respondes?
1093 1891 1111 1925 ι
1147 1875 1282 1929 iluic
1319 1888 1450 1930 vero
1475 1875 1812 1946 Cyprianus,

246 1975 388 2030 quem
422 1961 620 2016 assidui
652 1960 865 2019 labores
894 1975 947 2020 et
981 1965 1232 2020 diuturna
1273 1966 1558 2036 disciplina
1589 1967 1655 2022 ad
1697 1973 1814 2022 eam

249 2067 453 2123 pugnam
482 2054 869 2121 instruxerant,
893 2075 910 2110 ‹
934 2053 1270 2114 Cirristiaiius
1300 2067 1441 2124 sum,
1471 2078 1489 2111 ι
1516 2060 1814 2128 respondit,

253 2165 270 2196 ι
297 2155 345 2200 et
383 2147 661 2216 episcopus
687 2165 698 2201 '.
732 2149 909 2205 nullos
935 2151 1071 2205 alios
1109 2151 1240 2206 deos
1267 2152 1410 2219 novi,
1443 2151 1543 2206 nisi
1574 2152 1624 2206 in
1654 2165 1816 2207 unum

247 2247 294 2292 et
331 2253 502 2292 verum
541 2240 728 2305 Deum,
771 2241 860 2313 qui
919 2242 1042 2298 fecit
1067 2245 1263 2300 ccelun't
1315 2254 1369 2302 ct
1411 2255 1638 2308 terram,
1673 2249 1822 2301 mare

247 2339 296 2386 et
315 2345 426 2400 quae
470 2341 594 2388 sunt
640 2333 690 2390 in
735 2338 815 2393 eis
852 2339 1053 2394 omnia.
1099 2339 1234 2395 lluic
1275 2337 1381 2396 Deo
1413 2356 1510 2396 nos
1536 2338 1822 2397 Christiani

249 2427 586 2498 deservimus,
628 2432 770 2490 hunc
820 2437 1175 2504 deprecamur
1211 2437 1400 2494 diebus
1453 2450 1518 2493 ac
1555 2437 1824 2506 noctibus,

1921 1781 2026 1833 litae
2083 1780 2568 1834 animadversionis
2624 1779 3057 1848 imitatus;quod
3100 1777 3310 1832 volebat
3352 1776 3509 1830 intel-

1919 1872 2037 1942 ligi,
2087 1871 2152 1926 a‘d
2209 1873 2376 1926 instar
2407 1871 2592 1940 liquidi
2633 1869 2899 1925 sermonis
2942 1863 3226 1940 expressit.
3271 1865 3510 1921 lu‘tcllexi

1917 1966 2239 2022 sententiam
2297 1967 2558 2037 p'ass'io’nis
2610 1964 2864 2020 fu‘tttram.
2901 1964 3112 2034 Rogare
3160 1961 3298 2030 ccepi
3328 1957 3383 2015 et
3424 1973 3514 2027 pe-

1921 2073 2034 2118 tere
2080 2052 2353 2127 continuo,
2388 2071 2446 2115 ut
2489 2058 2674 2116 dilatio
2724 2057 2856 2114 mih‘i
2882 2049 2967 2113 vel
2997 2055 3156 2111 unius
3185 2053 3290 2109 diei
3325 2067 3513 2120 proro-

1920 2165 2154 2228 garetur,‘
2203 2156 2376 2212 donec
2416 2159 2503 2210 res
2549 2152 2695 2208 meas
2752 2152 2986 2224 legitima
3025 2148 3367 2205 ordinatione
3404 2145 3516 2199 dis-

1924 2255 2198 2319 ponerem.
2229 2249 2292 2302 Et
2313 2257 2434 2302 cum
2471 2251 2658 2317 preces
2691 2243 2997 2316 frequenter
3045 2244 3321 2298 iterassem
3349 2280 3364 2305 ,
3397 2246 3517 2291 rur-

1923 2351 2014 2396 sus
2057 2341 2108 2396 in
2156 2338 2331 2396 tabula
2381 2339 2619 2410 creperat
2659 2329 2840 2393 nescio
2858 2336 2984 2406 quid
3027 2334 3307 2389 adnota‘re‘.
3360 2327 3516 2385 Sensi

1926 2446 2104 2491 tamen
2160 2434 2227 2490 de
2273 2434 2448 2488 vultus
2490 2421 2778 2488 sereriiiate
2841 2430 3038 2500 jttdlbis
3092 2422 3323 2482 mentem
3367 2423 3517 2494 quasi

250 2538 340 2593 pro
377 2525 525 2579 nobis
567 2535 621 2581 et
644 2542 739 2595 pro
779 2529 1029 2584 omnibus
1071 2529 1396 2596 hominibus,
1452 2539 1505 2586 et
1539 2545 1636 2600 pro
1677 2532 1826 2584 inco-
1922 2526 2062 2599 jtlSta
2096 2527 2351 2599 petitione
2402 2517 2744 2583 commotam.
2776 2513 2882 2585 Sed
2934 2529 2986 2583 et
3018 2521 3383 2596 iilcjuvenis,
3429 2515 3518 2593 (pii

251 2618 477 2674 lutnitate
527 2622 763 2690 ipsorum
799 2623 1237 2694 imperatorum.»
1297 2625 1506 2679 Etcum
1558 2639 1680 2680 eum
1707 2637 1830 2693 pro-
1925 2620 2238 2694 jamdudtrm
2271 2617 2339 2678 de
2389 2616 2651 2694 passionis
2691 2612 2924 2687 iiidicio,
2973 2607 3330 2703 gestupolius
3360 2615 3518 2688 quam

249 2711 427 2766 consul
453 2723 712 2783 rugasset,
746 2717 872 2771 num
916 2717 967 2771 in
998 2717 1186 2772 eadem
1217 2719 1491 2772 voluntate
1518 2727 1830 2786 persevera.
1929 2726 2180 2771 sermone
2246 2715 2608 2786 prodiderat;
2655 2703 2990 2771 clandestino
3053 2701 3342 2768 identidem
3390 2703 3521 2764 iiuiu

252 2813 352 2870 ret,
394 2805 644 2874 subjecit,
685 2826 703 2860 ε
740 2809 884 2864 Bona
919 2810 1166 2864 voluntas
1191 2852 1205 2876 ,
1257 2823 1374 2880 qua:
1427 2809 1591 2864 Deum
1638 2809 1826 2873 novit,

246 2896 507 2952 immutari
561 2914 665 2954 non
724 2907 922 2969 potest.
965 2919 983 2953 ι
1022 2899 1206 2970 Itaque
1251 2909 1539 2971 paternus,
1585 2891 1675 2970 qui
1727 2891 1826 2956 ito-

245 2990 399 3043 minis
441 2993 795 3045 constantiam
845 3003 1046 3055 nosset,
1081 2992 1259 3048 missis
1311 2988 1647 3062 ambagibus,
1681 3010 1698 3043 ι
1735 2998 1830 3060 po-

1929 2807 2240 2865 concessa’m
2289 2809 2620 2875 dilationem,
2645 2815 2764 2878 quae
2809 2808 2864 2862 in
2890 2799 3181 2861 ciastihun't
3218 2799 3519 2874 petebatur,

1927 2905 2187 2959 contortis
2227 2909 2348 2974 post
2387 2903 2612 2957 invicem
2652 2901 2833 2971 digitis
2855 2889 3156 2982 significare
3185 2889 3514 2966 properavit.

1932 2995 2076 3065 Ego,
2116 2995 2362 3065 quamvis
2423 3009 2530 3048 non
2600 2985 2743 3048 esset
2781 2985 2917 3048 lecia
2970 2989 3272 3055 'sententla‘,’
3316 2987 3414 3040 etsi
3455 2981 3524 3066 de

243 3079 391 3146 teris,
420 3095 602 3149 ergo,»
637 3081 829 3150 inquit,
865 3085 1186 3138 «secundum
1207 3094 1529 3154 praeceptum
1553 3083 1820 3140 Valeriani
1850 3104 1896 3168 ρ
1929 3088 2123 3159 gaudio
2171 3085 2442 3142 dilationis
2486 3084 2716 3157 acceptte
2741 3086 2861 3140 laeto
2898 3082 3184 3139 admodum
3212 3079 3374 3136 corde
3397 3075 3526 3156 ‘gaii-

240 3170 542 3226 etGallieni
585 3173 709 3226 exul
758 3173 823 3227 ad
856 3175 1039 3228 urbem
1071 3176 1453 3230 Curubitanatn
1480 3173 1819 3246 proficisci?»

237 3264 334 3318 Cui
381 3264 703 3336 Cyprianus,
741 3285 758 3318 ι
799 3269 1136 3336 proficiscor,
1179 3289 1196 3321 ι
1238 3271 1310 3324 ait
1336 3312 1349 3333 ,
1403 3271 1497 3325 llic
1543 3270 1829 3339 proconsul

235 3356 483 3412 mandata
511 3373 568 3413 se
596 3356 794 3414 habere
822 3357 1080 3430 prtefatus
1106 3378 1211 3415 non
1226 3363 1399 3417 solum
1431 3364 1498 3417 de
1537 3364 1825 3432 episc0pis,

234 3462 423 3503 verum
465 3449 627 3504 etiam
655 3450 722 3505 de
752 3452 1085 3523 presbyteris
1105 3493 1119 3515 ,
1157 3471 1175 3503 t
1221 3454 1342 3507 volo
1373 3467 1523 3524 ergo,
1552 3473 1571 3506 ι
1617 3454 1787 3523 inquit
1812 3494 1827 3517 ,

227 3541 372 3595 scire
401 3555 468 3597 ex
497 3550 568 3606 te,
595 3542 682 3610 qtti
730 3543 838 3597 sint
887 3544 1218 3615 Presbyteri,
1252 3546 1339 3614 qui
1373 3547 1425 3599 in
1468 3545 1568 3600 hac
1611 3548 1827 3603 civitate

226 3636 551 3688 consistunt.
584 3635 665 3688 Ad
694 3650 811 3704 quie
854 3635 1178 3707 Cyprianus,
1209 3635 1413 3705 legibus
1455 3639 1648 3692 vestris
1693 3641 1828 3695 bene

224 3737 392 3795 atque
450 3725 653 3779 utiliter
697 3728 1005 3792 censuistis,
1036 3727 1307 3781 delatores
1350 3743 1453 3780 non
1483 3741 1622 3782 esse.
1651 3727 1831 3797 itaque

223 3816 409 3884 detegi
447 3825 502 3869 et
549 3816 747 3870 deferri
779 3833 806 3871 a
841 3833 925 3872 me
984 3835 1087 3872 non
1127 3831 1372 3887 possunt.
1426 3817 1480 3873 lii
1530 3811 1832 3875 civitatibus

219 3913 412 3959 autem
469 3906 578 3960 suis
612 3907 976 3964 invenientur.
1018 3929 1035 3960 ι
1096 3909 1326 3964 Instabat
1381 3919 1558 3965 tamen
1603 3926 1831 3978 procon-

216 3999 328 4061 sul,
363 3997 568 4067 (Εὲομ
605 4000 875 4069 inquiens,
910 4002 1140 4056 liodiein
1170 4002 1270 4057 hoc
1294 4003 1414 4058 loro
1438 4005 1682 4074 exquiro.
1724 4005 1834 4060 iAt

214 4089 536 4161 Cyprianus
573 4103 756 4146 contra
783 4111 801 4144 ι
825 4092 959 4149 Cum
981 4094 1287 4164 disciplina,
1325 4115 1344 4147 ι
1387 4097 1596 4166 inquit,
1621 4095 1834 4166 «probis-

209 4182 371 4248 beat,
411 4193 470 4238 ut
496 4186 614 4254 quis
636 4199 694 4238 se
723 4185 862 4238 ultro
886 4185 1095 4252 oli‘erat,
1124 4197 1179 4240 et
1211 4195 1312 4240 tua:
1347 4201 1560 4258 quoque
1583 4203 1832 4244 censurae

211 4274 329 4330 hoc
390 4276 712 4346 displiceat;
744 4293 841 4332 nec
888 4278 1056 4333 offere
1085 4293 1144 4333 se
1185 4279 1283 4348 ipsi
1308 4288 1551 4349 possunt,
1597 4281 1689 4336 sed
1719 4297 1746 4335 a
1782 4287 1833 4338 te

205 4371 485 4437 exquisiti
535 4372 898 4429 invenientur.
946 4390 964 4424 ι
993 4372 1086 4427 llis
1137 4374 1408 4442 acquievit
1453 4375 1735 4440 Paternus,
1770 4391 1833 4430 ac

201 4476 272 4516 se
309 4462 668 4532 presbyteros
692 4463 1033 4518 inventurum
1063 4465 1220 4520 dixit.
1251 4466 1354 4520 Sed
1386 4466 1487 4519 alia
1519 4473 1734 4536 quoque
1762 4467 1830 4522 ab

201 4554 492 4625 Augustis
519 4555 619 4610 sibi
645 4556 894 4611 mandata
949 4575 1069 4612 esse
1120 4558 1337 4627 adjecit.
1388 4575 1407 4608 ‹
1447 4558 1833 4628 Ρηεοθρυίιιιηι

194 4650 407 4716 etiam,
429 4669 450 4702 ›
478 4652 571 4716 ait,
607 4670 626 4702 ‹
657 4668 724 4706 ne
766 4653 816 4706 iu
857 4654 1122 4724 aliquibus
1153 4657 1284 4710 locis
1313 4649 1670 4710 conciliabula
1701 4655 1833 4710 fiant

191 4756 310 4796 nec
344 4744 628 4797 caemetria
679 4743 1067 4814 ingrediantur.
1091 4748 1143 4802 Si
1193 4750 1313 4818 quis
1355 4750 1534 4819 itaque
1588 4749 1687 4803 hoc
1720 4757 1827 4802 tam

186 4835 444 4889 salubre
502 4845 827 4904 praceptutn
882 4853 988 4892 non
1041 4839 1431 4906 observaverit,
1466 4841 1640 4910 capite
1681 4840 1828 4910 plec-

184 4932 381 4977 tetur.
421 4943 443 4974 ι
480 4927 548 4979 At
576 4926 828 4997 Cypriani
870 4945 1188 4999 responsum
1232 4931 1369 4998 fuit,
1401 4951 1421 4984 ε
1451 4932 1556 4987 Fac
1577 4932 1830 5002 quodtibi

178 5024 544 5083 preceptum
571 5027 676 5071 est.
717 5037 736 5069 ι
772 5018 945 5089 Atque
999 5022 1084 5075 hic
1144 5021 1267 5076 finis
1314 5021 1675 5078 confessionis
1710 5023 1830 5092 ejus

177 5107 297 5161 fuit
326 5123 344 5171 ;
385 5121 519 5161 nam
549 5109 744 5165 exinde
769 5114 1058 5181 proconsul
1105 5129 1227 5168 cum
1259 5115 1312 5168 in
1343 5115 1571 5170 exilium
1622 5115 1826 5185 depor-

173 5199 299 5251 tari
328 5199 535 5264 jUSsil.

262 5289 370 5344 Ill.
424 5291 722 5356 Curubim,
767 5295 1022 5365 oppidum
1067 5297 1117 5352 in
1161 5298 1407 5354 Mercurii
1455 5302 1826 5375 promontorio

162 5383 400 5449 situm,
446 5385 685 5452 pervenit
711 5386 1011 5458 Cyprianus
1044 5400 1165 5459 post
1190 5391 1309 5445 idus
1343 5393 1701 5461 septembres,
1729 5393 1823 5448 ba-

157 5475 447 5544 buitque
470 5476 606 5531 inter
629 5477 954 5536 domesticos
979 5483 1204 5537 comites
1229 5485 1438 5538 exulem
1462 5485 1818 5540 voluntarium

155 5565 473 5619 Pontium
514 5567 794 5623 diaconum
823 5571 1015 5641 (Pent.
1055 5573 1108 5625 in
1133 5573 1234 5626 vita
1269 5573 1427 5644 Cypr.
1463 5592 1515 5630 ti.
1554 5574 1695 5645 12),
1727 5577 1818 5646 qui

147 5663 397 5725 postea
437 5656 600 5712 vitam
627 5659 744 5729 ejus
772 5662 1003 5730 scripsit,
1037 5677 1157 5718 cum
1189 5662 1384 5718 frustra
1419 5667 1604 5719 mortis
1635 5669 1814 5723 socius

145 5751 742 5820 esseetmcupiissct.
769 5753 900 5821 Quae
928 5755 1102 5823 prima
1125 5753 1324 5811 Curubi
1352 5773 1456 5814 uox
1484 5772 1514 5812 a
1541 5758 1812 5832 Cypriane

1931 3183 2161 3246 derem;
2215 3192 2358 3235 metu
2425 3181 2602 3235 tamen
2672 3170 3134 3248 interpretationis
3184 3173 3402 3227 incertae“
3447 3171 3525 3252 sic

1933 3277 2250 3337 tremebant;
2282 3284 2338 3328 ut
2398 3271 2635 3344 reliquiae
2692 3271 2988 3327 formidinis
3027 3275 3120 3326 c'or
3147 3265 3391 3323 exultans
3431 3261 3525 3317 atl-

1933 3369 2036 3422 bnc
2091 3371 2202 3422 toto
2232 3367 2428 3436 "pavore
2451 3363 2738 3436 pulsarent.
2775 3356 3040 3419 iAlvei‘o
3080 3359 3302 3415 eventus
3353 3349 3527 3411 osteu.

1931 3461 2030 3526 dit,
2063 3459 2204 3514 diem
2235 3457 2416 3522 illum,
2447 3460 2536 3528 qui
2564 3457 2612 3510 ei
2657 3449 2815 3511 rebus
2853 3449 3168 3510 ordinandis
3195 3439 3527 3506 concedeba-

1932 3559 2036 3615 tur,
2067 3541 2267 3606 annum
2299 3565 2453 3616 esse,
2501 3563 2604 3620 quo
2641 3545 2830 3604 exacto
2864 3535 3163 3618 Cyprianus
3211 3531 3525 3614 martyrium

1934 3649 2089 3700 suum
2105 3643 2303 3698 eodem
2333 3643 2441 3708 die,
2461 3642 2552 3712 qui
2572 3637 2667 3694 fuit
2688 3635 2816 3694 xviii
2849 3633 2953 3692 kal.
2976 3633 3246 3702 octobres,
3271 3643 3524 3688 censum-

1935 3741 2118 3794 mavit.
2153 3738 2256 3792 lies
2282 3736 2498 3799 autem,
2530 3739 2661 3800 quas
2690 3734 2775 3788 ille
2813 3724 2936 3785 ante
2963 3717 3215 3784 ordinare
3243 3725 3485 3796 eugiiebat
3509 3766 3524 3790 ,

1934 3831 1999 3885 ad
2028 3830 2296 3900 egentium
2328 3829 2576 3884 sdlatium
2608 3834 2663 3882 et
2702 3825 3071 3879 confessorutn
3111 3821 3294 3875 curam
3334 3831 3387 3875 et
3430 3819 3528 3873 Ec-

1937 3924 2113 3978 clesiae
2139 3937 2402 3976 summam
2450 3922 2786 3990 pertinebant
2813 3937 2825 3972 :
2851 3922 2984 3988 qiras
3014 3917 3152 3971 idem
3197 3913 3384 3984 partim
3434 3930 3529 3984 per

1936 4016 2212 4086 epistulas,
2243 4017 2431 4085 partim
2454 4017 2639 4070 eoruiu
2663 4021 2846 4084 opera,
2875 4013 2962 4082 qui
2987 4011 3050 4065 ad
3072 4009 3192 4065 eum
3219 4001 3529 4078 frequentes

1938 4108 2160 4169 itaba‘nt,
2195 4107 2427 4161 maximo
2451 4105 2688 4160 omnium
2721 4099 2863 4160 bono
2891 4101 3187 4183 expedivit.
3269 4179 3274 4183 _
3359 4175 3362 4178 Δ

2009 4202 2096 4256 IV.
2119 4201 2236 4255 .lam
2264 4216 2388 4255 vero
2410 4201 2534 4254 dum
2557 4192 2751 4254 Curubi
2774 4197 3075 4270 Cyprianus
3096 4181 3395 4260 exsulabat,
3422 4206 3528 4247 non

1935 4293 2256 4363 Carthagine
2285 4293 2492 4360 solum,
2525 4293 2617 4348 sed
2664 4293 2781 4346 aliis
2826 4289 3022 4362 passim
3062 4290 3112 4343 in
3155 4287 3376 4343 urbibus
3413 4285 3530 4356 epi-

1934 4388 2110 4457 sc0pi,
2147 4387 2475 4458 presbyteri,
2511 4386 2720 4440 diaconi
2757 4385 2822 4438 ad
2851 4382 3130 4439 tribunalia
3165 4382 3528 4450 rapiebantur,

1934 4493 2069 4550 quos
2091 4480 2319 4551 jutlices,
2349 4481 2508 4535 simul
2530 4489 2691 4549 atque
2715 4479 3049 4535 Christianos
3077 4493 3134 4532 se
3157 4481 3277 4532 esse
3306 4475 3531 4546 professi

1932 4583 2103 4639 erant,
2129 4573 2196 4630 ad
2221 4574 2433 4629 metalla
2458 4565 2816 4628 damnabant:
2839 4573 2958 4642 quae
2980 4571 3031 4625 id
3057 4567 3312 4639 temporis
3336 4567 3532 4622 ftidina:

1934 4666 2220 4722 marmoris
2248 4676 2422 4731 erant,
2455 4667 2613 4736 quale
2639 4666 2690 4719 iu
2721 4665 2966 4720 Numidia
2995 4663 3333 4732 potissimum
3371 4657 3533 4714 effodi

1932 4758 2163 4824 solebat,
2199 4758 2340 4812 unde
2369 4767 2446 4813 tot
2490 4757 2663 4812 adhuc
2693 4757 2744 4809 in
2778 4756 2910 4810 urbe
2941 4755 3232 4809 Numidicae
3254 4753 3532 4809 Columnae

1932 4859 2077 4917 sunt,
2101 4864 2236 4920 quas
2256 4849 2454 4917 hospes
2475 4850 2698 4903 miratur
2720 4843 2862 4920 (Viti.
2887 4839 2943 4901 J.
2968 4847 3246 4902 Castalian.
3271 4837 3324 4900 ot
3345 4845 3530 4913 Lamp.

1935 4939 2082 4995 Grut.
2115 4951 2154 4996 t.
2187 4958 2261 5004 tv,
2295 4960 2346 5009 ρ.
2371 4942 2450 5013 5).
2483 4942 2708 4996 Exstant
2732 4937 2861 4996 vero
2891 4957 3010 5012 quat
3036 4942 3153 4994 eam
3185 4938 3532 4994 acerbitatem

1933 5043 2210 5099 testentur,
2241 5033 2435 5088 littera:
2464 5033 2719 5105 Cypriani
2748 5037 2967 5104 scripta:
3004 5054 3022 5086 ι
3054 5033 3395 5098 Netncsiano,
3430 5032 3533 5087 Fe-

1929 5126 2014 5181 lici
2035 5169 2048 5192 ,
2106 5127 2272 5182 Lucio
2301 5170 2316 5193 ,
2349 5128 2502 5182 alteri
2535 5123 2732 5193 Felici,
2775 5126 2980 5194 Licteo,
3011 5127 3269 5191 Polliauo,
3303 5123 3526 5194 Victori,

1927 5216 2106 5273 Jaderi
2137 5259 2151 5281 ,
2187 5219 2372 5274 Dativo
2415 5221 2782 5288 coepiscopis,
2819 5221 2943 5274 item
2991 5221 3446 5292 comprcsbyteris
3477 5233 3531 5275 et

1932 5329 1952 5361 ι
1988 5309 2301 5365 diacouibus
2321 5319 2375 5365 et
2394 5313 2606 5366 caeteris
2634 5311 2688 5364 in
2717 5311 2934 5367 metallo
2955 5315 3264 5368 constitutis
3291 5331 3302 5366 :
3337 5335 3354 5366 ι
3391 5329 3530 5384 quo-

1926 5416 2042 5456 rum
2072 5402 2232 5456 etiam
2264 5417 2534 5457 aerumnas
2558 5403 2635 5457 sic
2665 5402 2941 5470 describit,
2976 5414 3033 5459 ut
3066 5405 3326 5475 proximre
3359 5404 3532 5461 felici:

1927 5495 2049 5547 tatis
2069 5495 2472 5562 comparatione
2489 5495 2702 5549 elevare
2722 5505 2968 5551 conetur.
2993 5499 3065 5552 (υ
3088 5497 3272 5567 pedes,
3287 5518 3304 5551 ι
3333 5500 3504 5569 inquit

1923 5583 2114 5657 (Epist.
2145 5584 2236 5656 77)
2257 5627 2271 5649 ,
2304 5603 2323 5636 ι
2353 5586 2578 5641 feliciter
2606 5587 2767 5640 vincti
2788 5629 2802 5652 ,
2833 5590 2924 5659 qui
2952 5605 3057 5644 non
3086 5607 3114 5643 a
3155 5591 3308 5646 fabro
3328 5635 3342 5658 ,
3371 5592 3464 5647 sed
3493 5607 3526 5647 a

1922 5677 2146 5732 Domino
2199 5677 2639 5734 resolvunturiO
2663 5678 2825 5746 pedes
2870 5681 3095 5738 feliciter
3116 5684 3276 5738 vincti
3298 5727 3311 5749 ,
3339 5683 3428 5754 qtti
3469 5684 3524 5737 in

1917 5766 2110 5822 itinere
2167 5767 2386 5822 salutari
2451 5767 2516 5822 ad
2563 5767 2876 5826 Paradisum
2916 5772 3249 5842 diriguntur!
3283 5775 3328 5829 Ο
3357 5773 3534 5846 pedes
