4216 6282
627 271 765 331 1471

1844 275 2207 345 MORCELLI,
2250 304 2316 316 -
2355 274 2675 331 ANNALES

3786 279 3926 333 H79.

627 389 679 447 in
736 388 935 445 smculo
971 388 1039 445 ad
1081 403 1316 459 praesens
1358 391 1535 460 ligati,
1569 400 1627 447 ut
1676 393 1784 449 sint
1819 408 2031 465 semper
2069 394 2207 465 apud
2239 396 2288 455 Α
2316 392 2651 447 confessores
2673 391 2981 462 scripserat,
3004 406 3121 462 qua:
3142 394 3381 448 maximo
3405 393 3510 448 illis
3531 395 3723 449 solatio
3748 395 3924 450 fuere.

626 477 914 535 Dominum
955 479 1138 535 liberi!
1171 481 1215 537 Ο
1244 482 1406 551 pedes
1447 483 1798 554 compedibus
1848 495 1901 540 et
1956 495 2219 541 traversa-

625 573 721 628 riis
770 574 981 628 interim
1010 573 1370 629 cunctabundi
1392 618 1406 641 ,
1436 576 1531 630 sed
1584 577 1831 631 celeriter
1853 578 1917 632 ad
1940 578 2216 633 Christum

628 665 866 739 glorioso
918 664 1111 721 itinere
1158 668 1401 721 cursari!
1438 668 1703 736 Quantum
1748 670 1857 724 vult
1901 669 1992 727 hic
2017 671 2098 726 vel
2132 670 2215 724 in-

628 758 751 814 vida
804 756 1094 815 crudelitas
1146 760 1230 815 vel
1260 760 1490 830 maligna
1520 761 1745 816 nexibus
1766 776 1864 815 vos
1887 764 1996 843 suis
2024 772 2076 817 et
2102 762 2217 817 vin-

624 853 762 910 eulis
795 863 995 920 teneat,
1027 855 1135 910 cito
1174 871 1203 909 a
1256 858 1415 911 terris
1442 866 1494 911 et
1517 857 1689 927 poenis
1722 858 1837 912 istis
1865 858 1930 911 ad
1957 859 2213 914 caelorum

628 961 793 1016 regna
862 949 1112 1004 venietis.
1158 949 1275 1005 Non
1346 953 1554 1007 fovetur
1604 953 1655 1006 in
1708 953 1939 1008 metallis
1984 954 2123 1008 lecto
2166 964 2219 1009 et

626 1036 867 1093 culcitris
914 1052 1128 1109 corpus,
1182 1041 1279 1096 sed
1333 1042 1613 1114 refrigerio
1660 1052 1715 1099 et
1770 1044 1961 1098 solatio
2016 1044 2217 1101 Christi

596 1123 853 1184 'fovetur.
887 1129 1042 1186 Humi
1077 1132 1257 1202 jaceat
1298 1132 1439 1189 fessa
1492 1135 1764 1190 laboribus
1818 1138 2023 1191 viscera
2049 1178 2064 1203 ,
2123 1136 2215 1192 sed

629 1235 788 1292 pwna
832 1237 936 1277 non
992 1232 1077 1279 est
1128 1241 1250 1281 cum
1292 1227 1504 1282 Christo
1548 1229 1749 1297 jacere.
1798 1229 2055 1300 Squalent
2102 1232 2219 1287 sine

628 1311 838 1368 balneis
892 1315 1130 1370 membra
1185 1317 1293 1372 situ
1342 1328 1396 1374 et
1423 1320 1583 1375 sorde
1610 1319 1899 1387 difformia,
1932 1324 2026 1377 sed
2054 1324 2213 1393 spiri-

629 1405 848 1462 tualiter
874 1406 1017 1463 intus
1046 1410 1300 1475 abluitur,
1331 1414 1474 1482 quod
1528 1412 1660 1469 foris
1697 1416 1987 1471 carnaliter
2040 1418 2215 1472 sordio

631 1497 811 1554 datur.
843 1499 1003 1555 Panis
1060 1502 1167 1558 illic
1219 1506 1461 1576 exiguus,
1488 1517 1542 1561 at
1569 1524 1674 1562 non
1704 1509 1756 1564 in
1782 1512 1900 1565 solo
1932 1527 2064 1580 pane
2090 1513 2223 1565 vivit

633 1589 796 1645 homo
819 1632 834 1657 ,
885 1592 980 1648 sed
1032 1594 1087 1649 in
1132 1611 1382 1653 sermone
1435 1600 1546 1653 Dei.
1577 1600 1780 1656 Vestris
1806 1602 2105 1672 algentibus
2133 1603 2224 1657 de-

635 1695 737 1750 est,
787 1687 882 1741 sed
934 1688 1026 1758 qui
1073 1688 1345 1746 Christum
1390 1693 1577 1761 induit,
1608 1705 1662 1749 et
1686 1696 1904 1750 vestitus
1957 1696 2228 1751 abundan-

636 1786 719 1831 ter
769 1788 825 1833 et
858 1780 1033 1835 cultus
1078 1792 1181 1836 est.
1212 1783 1503 1839 Semitonsi
1553 1788 1741 1853 capitis
1783 1788 2005 1857 capillus
2040 1788 2228 1844 horre-

635 1870 757 1933 scit,
788 1870 882 1925 sed
935 1886 1054 1926 cum
1110 1875 1179 1928 sit
1205 1886 1364 1946 caput
1402 1878 1501 1931 viri
1531 1878 1774 1933 Christus
1794 1921 1808 1945 ,
1839 1881 2230 1951 qualecumque

636 1963 769 2017 illud
824 1974 983 2033 caput
1038 1966 1226 2022 deceat
1257 1984 1480 2025 necesse
1506 1981 1608 2038 est,
1640 1972 1781 2041 quod
1802 1974 1873 2027 ob
1896 1974 2103 2028 Domim
2136 1989 2230 2029 no-

634 2070 759 2113 men
787 2057 992 2129 insigne
1022 2068 1126 2115 est.
1164 2082 1181 2113 ι
1239 2064 1427 2119 Dolere
1469 2074 1647 2121 autem
1668 2082 1761 2122 eos
1800 2070 2033 2139 angique
2058 2072 2231 2140 suspi-

636 2161 807 2219 catus,
834 2153 974 2223 qnod
1006 2155 1058 2209 in
1089 2158 1357 2227 ergastulo
1383 2159 1475 2215 illo
1516 2162 1683 2216 sacris
1710 2164 1923 2232 operari
1963 2178 2069 2219 non
2100 2180 2227 2234 pos-

636 2254 776 2310 sent,
809 2260 926 2301 eant
976 2263 1188 2320 quoque
1226 2254 1528 2309 molestiam
1573 2256 1883 2327 luctumque
1930 2260 2225 2315 abstersit:

637 2339 744 2395 Sed
774 2356 928 2410 nec,»
960 2342 1150 2414 inquit,
1184 2367 1204 2399 ι
1240 2348 1291 2402 in
1320 2348 1431 2414 illo,
1453 2348 1646 2406 fratres
1671 2351 2024 2417 dilectissimi,
2055 2355 2231 2425 aliqua

640 2444 819 2505 potest
871 2447 962 2491 aut
993 2439 1266 2507 religionis
1317 2453 1410 2497 aut
1438 2443 1561 2498 ﬁdei
1594 2445 1797 2511 jactura
1839 2448 2061 2515 sentiri,
2091 2448 2232 2518 quod

640 2529 752 2585 illic
802 2547 943 2586 nunc
994 2535 1363 2591 sacerdotibus
1398 2537 1491 2592 Dei
1524 2537 1748 2594 facultas
1776 2555 1883 2595 non
1919 2542 2075 2597 detur
2104 2542 2234 2597 olfe-

638 2625 792 2681 rendi
820 2636 875 2681 et
900 2628 1208 2684 celebrandi
1232 2633 1494 2688 sacriﬁcia
1518 2633 1717 2690 divina.
1744 2636 2041 2693 Celebratis
2068 2638 2233 2693 immo

640 2728 802 2791 atque
828 2720 1031 2777 olfertis
1084 2724 1405 2781 sacriﬁcium
1456 2727 1566 2783 Deo
1596 2738 1650 2784 et
1701 2731 1991 2800 pretiosum
2036 2734 2235 2801 pariter

642 2821 696 2867 et
717 2814 1031 2883 gloriosum,
1066 2826 1122 2872 et
1166 2818 1452 2889 plurimum
1506 2822 1658 2877 vobis
1709 2824 1776 2878 ad
1826 2825 2232 2881 retributionem

639 2906 991 2978 prtemiorum
1038 2910 1336 2967 caelestium
1389 2914 1792 2984 profecturum:
1826 2937 1844 2969 ι
1872 2928 2062 2988 etquae
2088 2918 2237 2973 dein-

644 3014 794 3070 ceps.
832 3002 999 3059 Porro
1026 3004 1205 3061 invicti
1240 3007 1313 3061 illi
1355 3010 1695 3067 confessores
1738 3014 1877 3083 apud
1911 3033 1929 3066 t
1961 3014 2234 3069 Metallum

2324 484 2589 538 Czctermn
2620 500 2723 537 non
2748 484 2957 540 litteras
2978 484 3067 539 ille
3092 494 3319 551 tantum,
3350 485 3445 541 sed
3468 488 3744 556 suppetias
3764 489 3925 543 etiam

2322 575 2544 629 ferendo
2570 574 2814 640 dederat,
2832 592 2967 644 quas
2992 576 3026 629 ii
3055 592 3185 631 sane
3207 593 3266 632 se
3294 579 3583 647 recepisse,
3608 580 3841 648 epistola
3863 582 3926 635 ad

2321 664 2645 735 Cyprianum
2675 667 2835 720 missa
2860 666 3051 735 (Epist.
3083 666 3153 722 78
3175 668 3307 721 inter
3335 668 3545 739 Cypr.),
3582 682 3929 739 peramentcr

2323 756 2663 825 profitentur.
2703 775 2720 807 ‹
2756 757 2937 826 Agunt
2965 773 3148 828 ergo,»
3184 759 3451 829 inquiunt,
3484 761 3609 816 «tibi
3641 763 3927 818 nobiscum

2320 850 2554 905 damnati
2613 852 2873 905 maximas
2913 856 3052 920 apud
3104 853 3270 908 Deum
3300 856 3521 923 gratias,
3548 854 3816 925 Cypriane
3841 859 3927 910 di-

2322 944 2612 997 lectissime
2638 984 2653 1009 ,
2686 943 2828 1011 quod
2880 943 3076 998 litteris
3105 946 3210 999 tuis
3240 945 3542 1000 laborantia
3573 958 3788 1016 pectora
3834 966 3927 1003 rc-

2320 1039 2548 1103 crcasti,
2590 1038 2818 1093 fustibus
2874 1039 3147 1093 vulnerata
3207 1040 3446 1094 membra
3490 1044 3730 1107 curasti;
3768 1058 3925 1097 com-

2324 1128 2549 1199 pedibus
2599 1130 2762 1199 pedes
2802 1130 2992 1200 ligatos
3046 1131 3350 1198 resolvisti,
3379 1132 3690 1187 scntitonsis
3728 1136 3923 1203 capitis

2322 1225 2687 1293 capillaturam
2754 1223 3082 1293 adacquasti,
3140 1228 3391 1280 tenebras
3444 1227 3680 1282 carceris
3725 1227 3928 1281 illumi-

2325 1318 2462 1371 nasti
2496 1357 2511 1382 ,
2569 1326 2779 1370 montes
2810 1318 3011 1370 metalli
3050 1318 3101 1370 iu
3134 1316 3353 1387 planum
3381 1317 3671 1384 deduxisti,
3709 1320 3928 1375 naribus

2326 1411 2484 1465 etiam
2545 1412 2840 1479 fragrantes
2888 1410 3080 1466 odores
3110 1412 3445 1481 imposuisti;
3476 1422 3530 1467 et
3561 1423 3761 1467 tetrum
3803 1414 3932 1468 odo-

2328 1518 2440 1557 rem
2508 1503 2637 1557 fumi
2702 1504 2999 1559 exclusisti.
3051 1504 3200 1559 Fecit
3270 1514 3448 1559 autem
3489 1516 3539 1559 et
3586 1518 3930 1575 prosecutum

2330 1595 2687 1649 ministerium
2747 1604 2892 1649 tuum
2940 1605 2994 1651 et
3053 1596 3261 1663 Quirini
3332 1599 3675 1654 dilectissimi
3727 1604 3930 1665 nostri,

2331 1688 2473 1758 quod
2524 1705 2617 1759 per
2679 1689 3074 1743 llerenuianum
3149 1690 3577 1760 hypodiaconum
3624 1703 3681 1747 et
3745 1695 3931 1748 Lucia-

2334 1798 2460 1837 nunt
2507 1794 2560 1837 et
2609 1782 3301 1837 MaximumetAmantium
3342 1784 3587 1853 acolytos
3609 1785 3934 1839 distribuen-

2332 1876 2458 1931 dum
2518 1877 2739 1941 misisti,
2771 1892 3121 1946 quascumque
3177 1877 3590 1931 necessitatibus
3643 1893 3932 1947 corporum

2332 1968 2615 2023 defuerant
2668 1968 2926 2037 expediri.
2967 1988 2984 2018 ι
3017 1968 3147 2034 Quis
3200 1968 3291 2022 ille
3330 1968 3585 2034 Quirinus
3614 1970 3811 2034 fuerit,
3841 1972 3933 2040 qui

2332 2061 2563 2115 studium
2594 2076 2751 2114 suum
2780 2076 2901 2114 cum
2927 2060 3199 2132 Cypriano
3220 2060 3499 2132 jungebat,
3526 2072 3580 2115 ut
3605 2062 3937 2117 confessori—

2333 2161 2432 2215 bns
2463 2160 2659 2230 largius
2690 2160 3083 2225 subveniretur,
3114 2161 3293 2214 minus
3318 2161 3638 2229 exploratum
3667 2170 3752 2214 est
3778 2180 3792 2212 :
3821 2162 3929 2214 nisi

2336 2253 2428 2307 ille
2462 2252 2737 2307 habendus
2767 2252 2873 2317 sit,
2914 2252 3000 2306 cui
3042 2250 3345 2323 Cyprianus
3382 2252 3537 2307 libros
3563 2251 3929 2307 Testimonio-

2337 2360 2453 2399 rum
2478 2345 2740 2399 adversus
2763 2344 2980 2399 Iudaeos
3004 2344 3353 2413 inscripserat
3381 2363 3394 2400 :
3423 2360 3581 2414 quem
3606 2345 3775 2399 civem
3798 2344 3930 2400 Car-

2338 2438 2718 2508 thaginiensem
2765 2438 2897 2492 satis
2948 2439 3269 2507 locupletem
3300 2448 3354 2493 et
3396 2440 3646 2509 Cypriani
3691 2450 3932 2495 veterem

2338 2534 2568 2587 amicum
2614 2534 2778 2587 fuisse
2823 2533 3169 2588 crediderim.
3215 2533 3347 2587 Illud
3389 2550 3603 2604 quoque
3645 2536 3931 2590 obscurum

2338 2634 2421 2680 est
2450 2667 2464 2691 ,
2492 2627 2702 2695 qualem
2735 2627 3075 2680 confessores
3118 2626 3193 2679 illi
3236 2626 3436 2680 exitum
3486 2626 3794 2682 habuerint.
3828 2628 3933 2682 Ma-

2334 2719 2508 2788 jorcm
2540 2728 2741 2788 partem
2774 2719 2824 2772 in
2858 2719 3128 2789 ergastulo
3174 2719 3373 2773 ohiiSse
3395 2761 3408 2783 ,
3439 2721 3554 2775 veri
3598 2722 3730 2775 mihi
3775 2723 3934 2775 simili

2341 2811 2568 2865 videtur.
2620 2811 2750 2865 Nam
2791 2826 2911 2865 cum
2959 2810 3255 2881 Cyprianus
3306 2814 3586 2881 pecuniam
3617 2829 3685 2868 eo
3729 2831 3935 2869 rursum

2340 2903 2693 2965 submisisset,
2726 2915 2832 2958 tres
2874 2914 3077 2958 tantum
3107 2906 3344 2974 episcopi
3379 2908 3802 2975 rcSponderunt,
3839 2908 3939 2962 Fc-

2340 2995 2433 3060 lix,
2462 2997 2639 3060 Jader,
2672 2998 2941 3051 Pollianus
2973 2997 3166 3067 (Epist.
3197 2999 3265 3054 8t)
3294 3000 3423 3051 inter
3451 2998 3655 3068 Cypr.),
3688 3003 3834 3053 nulla
3868 3002 3938 3055 de

643 3090 904 3163 Siguense
961 3115 979 3148 ι
1046 3102 1367 3155 commorari
1420 3118 1478 3158 se
1518 3104 1702 3161 dicunt
1728 3106 1747 3178 (
1774 3079 1944 3175 πρίει.
1995 3108 2065 3165 80
2108 3110 2239 3163 in”...
2265 3079 2308 3140 C
2343 3090 2502 3144 sociis
2530 3089 2802 3144 mentione
2829 3089 2986 3153 facta,
3016 3090 3157 3159 quod
3187 3101 3346 3145 antea
3388 3092 3452 3144 ad
3479 3108 3592 3145 eum
3619 3092 3686 3146 de
3714 3093 3937 3147 illorum

644 3182 866 3258 Cypr.);
901 3188 952 3243 id
981 3200 1063 3245 est
1087 3208 1253 3263 prope
1297 3193 1477 3266 Sigum
1510 3197 1772 3254 Numidiae
1801 3201 2056 3270 oppidum
2103 3203 2242 3257 inter

646 3276 1032 3337 Macomadiam
1063 3296 1115 3339 et
1144 3285 1345 3342 Cirtam
1374 3307 1386 3341 :
1411 3298 1466 3344 et
1494 3289 1592 3358 ipsi
1621 3306 1754 3347 sane
1780 3294 2017 3363 episcopi
2054 3310 2243 3349 omnes

647 3368 909 3428 Numidici
929 3385 1100 3437 erant.
1126 3386 1179 3429 et
1202 3379 1431 3434 concilio
1448 3381 1851 3451 Carthaginensi
1876 3384 2092 3439 biennio
2118 3398 2242 3442 ante

650 3460 1035 3531 interfuerant,
1065 3466 1417 3526 Nemesianus
1447 3472 1838 3542 Tubuniensis,
1891 3476 2043 3532 Felix
2071 3478 2242 3547 Baga-

645 3554 843 3625 jensis,
876 3557 1076 3614 Tucius
1102 3561 1447 3627 Tebestinus,
1478 3567 1627 3622 Felix
1658 3569 2124 3636 Bamaccorensis,
2149 3575 2242 3629 Li-

651 3656 801 3703 cteus
822 3649 1182 3718 Gimellensis.
1212 3656 1482 3713 Pollianus
1503 3658 1856 3728 Milevitanus,
1884 3664 2064 3720 Victor
2089 3667 2245 3722 Octa-

651 3742 864 3809 vensis,
897 3743 1058 3799 Jader
1102 3747 1440 3818 Midilensis,
1482 3753 1703 3808 Dativus
1748 3756 2029 3815 Badieusis
2054 3802 2067 3824 ,
2108 3777 2245 3830 quos

654 3844 848 3888 omnes
878 3835 929 3888 in
958 3843 1349 3898 commentario
1370 3886 1383 3909 ,
1422 3861 1583 3915 quem
1614 3849 1911 3907 Annalibus
1949 3856 2246 3925 praaposuio

655 3939 795 3990 mus,
824 3942 1209 3999 recognoscere
1238 3936 1431 4003 possis.

732 4018 794 4072 V.
836 4020 1105 4080 Hactenus
1132 4028 1184 4081 in
1216 4030 1498 4100 episcOpos
1521 4042 1575 4087 et
1600 4035 1799 4090 clerum
1828 4038 2074 4095 ethnicus
2101 4041 2251 4097 furor

661 4123 933 4180 eruperat.
966 4116 1163 4173 Verum
1191 4120 1341 4176 brevi
1370 4124 1421 4178 in
1454 4128 1705 4195 populum
1733 4146 1946 4201 quoque
1975 4134 2130 4189 facile
2164 4152 2255 4197 re—_

663 4206 940 4263 dundavit.
983 4211 1115 4267 Nam
1162 4216 1314 4284 quia,
1346 4228 1401 4272 ut
1426 4218 1685 4287 ASpasius
1714 4227 1994 4292 proconsul
2026 4224 2249 4282 Cartim-

657 4301 782 4371 gine
825 4302 1117 4371 eduxerat,
1147 4310 1429 4366 sanctione
1472 4326 1565 4366 sua
1612 4316 1834 4384 Augusti
1866 4320 2153 4379 vetabant.
2187 4338 2253 4376 ne

660 4394 1012 4450 conciliabula
1048 4396 1266 4463 ﬁerent.
1297 4416 1364 4456 ne
1396 4418 1461 4458 ve
1486 4406 1606 4473 quis
1644 4411 1953 4463 cmmeteria
1996 4411 2245 4481 ingrede-

2344 3191 2518 3234 morte
2547 3180 2772 3235 fortasse
2800 3182 3150 3250 scripserant.
3176 3181 3445 3236 Caeterum
3477 3193 3687 3237 exstant
3709 3192 3767 3239 et
3789 3183 3941 3239 Lucii

2344 3274 2581 3342 episcopi
2614 3273 2805 3327 littera:
2848 3273 2913 3327 ad
2943 3274 3267 3344 Cyprianum
3294 3276 3497 3342 gratias
3528 3284 3582 3329 et
3610 3290 3709 3330 suo
3753 3287 3809 3331 et
3837 3276 3941 3331 fra-

2348 3375 2486 3420 trum
2543 3368 2760 3421 nomine
2808 3368 3014 3436 agentis
3046 3367 3239 3438 (Epist.
3274 3368 3339 3422 79
3368 3369 3502 3421 inter
3533 3368 3714 3439 Cypr.)
3737 3412 3751 3435 ,
3799 3371 3941 3438 quod

2347 3460 2586 3513 muneris
2629 3460 2825 3528 aliquid
2876 3460 2941 3512 ad
2973 3475 3067 3513 eos
3116 3475 3237 3513 cum
3268 3459 3495 3525 Quirino
3539 3462 3942 3516 transmisisset.

2347 3556 2523 3623 Quare
2544 3556 2801 3623 SllSIliC‘al‘l
2820 3555 2977 3609 etiam
3003 3556 3143 3617 licet,
3160 3554 3499 3609 confessores
3522 3570 3746 3610 numero
3765 3566 3950 3610 auctos

2350 3648 2401 3700 in
2434 3648 2579 3715 plura
2608 3647 2833 3701 subinde
2858 3647 3124 3716 ergastula
3156 3647 3355 3700 divisos
3383 3662 3527 3712 esse,
3556 3663 3618 3701 ac
3661 3658 3945 3717 propterea
3975 3670 3989 3678 -

2351 3739 2403 3794 in
2432 3754 2617 3793 eorum
2644 3740 2837 3795 litteris
2865 3740 3077 3793 nomina
3111 3740 3415 3808 cpiscornm
3448 3740 3774 3805 desiderari,
3801 3741 3946 3809 quod

2351 3832 2518 3886 semel
2550 3831 2777 3900 amplius
2804 3846 2907 3884 non
2935 3840 3133 3885 essent.
3161 3833 3227 3884 At
3250 3831 3578 3899 quicumque
3600 3833 3815 3886 demum
3841 3843 3956 3885 tan-

2354 3934 2527 3979 torum
2559 3922 2926 3977 confessormn
2973 3924 3095 3975 vitae
3139 3924 3208 3975 sit
3239 3922 3357 3975 finis
3407 3924 3691 3991 impositus
3712 3967 3725 3987 ,
3750 3925 3864 3993 jam
3892 3927 3959 3977 ab

2356 4017 2558 4072 Adonis
2592 4017 2920 4086 temporibus
2948 4016 3201 4071 Ecclesia:
3218 4016 3476 4069 Romana:
3498 4032 3552 4069 tv
3576 4016 3698 4069 ldus
3716 4027 3961 4083 septem-

2356 4109 2479 4164 bres
2507 4110 2818 4163 memoriam
2848 4124 3031 4163 eorum
3057 4108 3305 4174 honorat,
3334 4118 3387 4161 et
3418 4127 3434 4157 ι
3464 4108 3705 4176 gloriosm
3734 4108 3957 4160 confes—

2354 4202 2523 4256 sionis
2566 4215 2789 4270 agonem
2816 4216 3219 4255 consunnnasse
3250 4219 3268 4251 1
3318 4208 3546 4254 testatur.
3569 4198 3646 4251 Ad
3670 4197 3787 4252 lucc
3829 4199 3958 4265 ipsa

2358 4304 2594 4361 tempora
2624 4294 2957 4348 referendum
2990 4306 3115 4363 puto
3145 4294 3482 4348 Timotheum
3508 4292 3825 4356 diaconum,
3856 4294 3959 4362 qui

2358 4386 2408 4439 in
2437 4386 2749 4440 Mauritania
2790 4388 2879 4441 ditt
2926 4388 3125 4442 carceri
3160 4388 3398 4441 inclusus
3423 4429 3437 4452 ,
3467 4386 3661 4441 deinde
3687 4388 3810 4456 igne
3840 4402 3965 4440 am-

660 4499 827 4555 retur,
861 4492 1056 4548 multos
1084 4510 1148 4549 eo
1175 4498 1395 4552 nomine
1425 4503 1660 4556 accusati
1705 4519 1925 4560 necesse
1956 4506 2080 4568 fuit,
2110 4519 2162 4561 et
2195 4510 2238 4561 il-

2359 4476 2566 4541 bustus,
2598 4479 2912 4549 martyrium
2960 4478 3103 4533 fecit.
3142 4478 3318 4533 Multis
3368 4494 3508 4532 nunc
3555 4478 3803 4532 laudibus
3849 4494 3956 4531 non

661 4581 813 4638 lustri
856 4585 1195 4644 confessione
1232 4589 1511 4647 defunctos
1541 4595 1590 4648 in
1617 4598 1914 4653 custodiam
1963 4601 2103 4655 duri.
2139 4604 2255 4671 Quo

662 4677 934 4743 pertinent
972 4695 1091 4748 qua:
1119 4682 1416 4753 Cyprianus
1448 4688 1732 4757 episcopus
1762 4692 2161 4750 confessoribus
2188 4698 2254 4751 ad

658 4766 931 4824 Metallum
963 4772 1223 4840 Sigueuse
1249 4779 1464 4833 scribit:
1496 4782 1767 4852 «Denique
1793 4788 2148 4856 exemplum,»
2170 4790 2255 4843 in-

662 4859 778 4929 quit
807 4860 1001 4929 (Epist.
1034 4865 1122 4930 '77,
1147 4883 1192 4921 υ.
1237 4867 1399 4935 Βοιι.,
1426 4879 1463 4923 t.
1487 4884 1689 4941 Ittsept.
1715 4894 1767 4943 p.
1791 4877 1940 4951 435),
1970 4898 1988 4930 ι
2020 4891 2255 4937 vestrum

662 4963 845 5009 secuta
895 4957 1179 5028 multiplex
1237 4960 1405 5029 plebis
1438 4966 1614 5032 portio
1669 4968 1915 5024 confessa
1961 4984 2043 5027 est
2072 4975 2252 5030 vobis-

665 5062 788 5103 eum
816 5051 1033 5118 pariter,
1063 5060 1117 5107 et
1170 5054 1366 5122 pariter
1404 5070 1657 5114 coronata
1690 5071 1791 5126 est,
1823 5078 2063 5119 connexa
2106 5066 2258 5124 vobis

667 5140 881 5195 vinculo
908 5141 1213 5198 fortissimae
1232 5145 1529 5213 charitatis,
1550 5159 1645 5205 eta
1669 5156 1970 5223 prmpositis
1996 5160 2126 5226 suis,
2160 5177 2259 5217 nec

667 5248 885 5290 carcere
930 5252 1029 5291 nec
1095 5240 1324 5295 metallis
1384 5253 1649 5311 separata.
1694 5246 1858 5315 Cujus
1898 5265 2121 5306 numero
2163 5269 2261 5310 nec

664 5328 902 5398 virgines
956 5329 1182 5398 desunt,
1224 5334 1418 5403 quibus
1471 5335 1537 5389 ad
1577 5341 1981 5408 sexagenarium
2032 5344 2261 5402 fructum

668 5431 929 5478 centenus
980 5426 1225 5493 accessit,
1277 5442 1556 5499 quousque
1598 5430 1664 5485 ad
1695 5434 1966 5488 cmlestem
2007 5452 2262 5495 coronam

670 5515 840 5584 gloria
913 5517 1125 5584 gemina
1174 5520 1435 5588 provexit.
1483 5520 1539 5575 In
1610 5525 1789 5591 pueris
1835 5542 2049 5597 quoque
2096 5532 2267 5587 virtus

675 5610 849 5678 major
898 5618 1088 5677 aetate,
1144 5627 1313 5668 annos
1351 5630 1476 5669 suos
1517 5616 1871 5676 confessionis
1915 5623 2067 5678 laude
2098 5634 2269 5683 trans-

673 5704 855 5760 cendit
885 5747 901 5772 ,
953 5716 1010 5760 ut
1039 5709 1280 5777 martyrii
1326 5709 1490 5763 vestri
1520 5710 1731 5766 beatum
1761 5729 1976 5785 gregem
2008 5726 2060 5772 et
2104 5735 2270 5777 sexus

677 5804 732 5849 et
759 5805 887 5857 tetas
917 5801 1094 5861 omnis
1122 5808 1361 5859 ornaret.
1399 5817 1419 5852 ι
1456 5800 1581 5861 Haec
1627 5803 1931 5875 Cyprianus
1956 5807 2159 5872 Curuhi
2202 5814 2269 5871 ad

2359 4571 2533 4626 Latini
2567 4572 2747 4635 modo,
2778 4571 2871 4625 sed
2895 4572 3051 4625 etiam
3095 4572 3268 4627 Grzcci
3290 4614 3305 4639 ,
3336 4571 3569 4625 eﬁcrunt
3596 4573 3648 4625 in
3676 4571 3821 4625 fastis
3842 4570 3964 4623 suis

2369 4678 2461 4716 MV
2489 4663 2597 4716 kal.
2626 4663 2923 4732 januarias.

2435 4778 2520 4831 Vl.
2553 4778 2704 4845 Quod
2742 4778 3021 4847 reliquiunt
3045 4787 3127 4832 est
3157 4820 3169 4841 ,
3208 4779 3258 4830 in
3295 4786 3441 4831 tanto
3486 4778 3682 4831 Africa:
3732 4779 3973 4832 tumultu

2360 4871 2647 4925 stationem
2675 4885 2826 4923 suam
2859 4870 3161 4939 Cyprianus
3187 4870 3387 4923 Curuhi
3414 4871 3493 4923 sic
3522 4871 3731 4939 agebat,
3762 4880 3819 4923 ut
3848 4874 3975 4925 ani-

2362 4978 2450 5017 mo
2475 5003 2489 5025 ,
2528 4963 2852 5031 cogitatione
2883 5004 2897 5022 ,
2949 4962 3137 5016 ofﬁciis
3165 5004 3179 5026 ,
3206 4978 3368 5031 opera
3415 4963 3606 5016 adesse
3648 4963 3927 5018 videretur
3959 5009 3973 5027 ,

2364 5053 2685 5123 ubicumque
2737 5053 3071 5109 Christianos
3115 5054 3391 5107 calamitas
3441 5065 3713 5122 premeret
3742 5097 3754 5115 .
3791 5066 3847 5110 et
3876 5059 3979 5111 ad-

2363 5146 2725 5198 versariorum
2756 5145 2879 5200 odia
2915 5147 2966 5198 in
3014 5146 3302 5199 discrimen
3336 5146 3688 5200 adducerent.
3720 5147 3791 5200 Et
3833 5151 3978 5217 epis-

2366 5238 2503 5291 tolas
2546 5236 2759 5305 quidem
2787 5237 2903 5305 ejus
2949 5252 3043 5306 per
3075 5252 3273 5307 paucas
3307 5239 3570 5291 habemus
3595 5280 3609 5303 ,
3662 5240 3758 5292 sed
3808 5241 3877 5294 ab
3910 5257 3979 5295 eo

2367 5328 2662 5397 permultas
2686 5343 2779 5396 per
2796 5328 3031 5382 Africam
3064 5330 3369 5383 universam
3394 5330 3620 5397 scriptas
3652 5346 3777 5385 esse
3808 5334 3982 5387 fatcn.

2369 5418 2495 5473 dum
2520 5429 2600 5474 est
2628 5462 2641 5482 ,
2692 5435 2812 5473 cum
2856 5421 3063 5474 litteras
3091 5421 3159 5475 ab
3199 5422 3391 5476 eodem
3425 5424 3478 5475 in
3511 5422 3716 5477 italiam
3761 5441 3983 5495 quoque

2372 5512 2564 5565 missas
2629 5520 2841 5565 constet
2896 5513 2994 5579 (in
3045 5514 3154 5565 Act.
3211 5512 3351 5567 ΜΜ.
3423 5513 3588 5566 Oxon.
3642 5533 3697 5583 ρ.
3746 5517 3857 5585 55)
3912 5518 3981 5570 ad

2372 5602 2730 5673 Augustinum
2772 5612 2825 5657 et
2868 5603 3225 5660 Felicitatem.
3261 5605 3347 5671 qui
3400 5602 3596 5672 Capuae
3630 5604 3683 5658 id
3715 5608 3982 5675 temporis

2374 5695 2609 5751 defuncti
2685 5703 2830 5749 sunt.
2890 5693 3036 5749 Idem
3111 5704 3164 5749 et
3214 5696 3530 5765 Opusculum
3581 5696 3646 5749 ad
3706 5709 3980 5767 martyres

2375 5790 2618 5850 emisisse
2651 5797 2865 5859 putatur
2891 5829 2905 5855 ,
2960 5786 3105 5843 aliud
3147 5787 3214 5843 ab
3246 5802 3334 5856 eo,
3364 5787 3505 5857 quod
3543 5790 3798 5857 superius
3824 5803 3977 5845 com-
