4216 6282
282 358 422 414 M75
1533 334 1885 398 ECCLESLE
1916 332 2309 396 AFRICANAE.
2468 332 2492 368 τι
3424 330 3587 403 {tm

278 471 718 533 memoravimus,
760 483 777 516 ι
814 464 883 519 de
911 461 1303 517 Exhortatione
1348 460 1588 532 Martyrii
1622 480 1641 512 ι
1685 458 1872 528 appel-
1906 468 1952 524 Α
1984 457 2410 521 madvertantnr,
2438 462 2491 509 et
2518 454 2657 510 bona
2674 450 3008 509 eorumfisco
3030 449 3387 507 vindicentur.
3428 470 3446 502 ›
3477 448 3586 506 Sed

279 572 469 625 latum.
515 557 923 623 Nam.Pontius,
966 555 1056 625 qui
1097 555 1164 609 de
1207 571 1273 609 eo
1328 553 1606 617 meminit,
1637 552 1780 605 aliud
1810 550 1889 603 in-
1992 549 2141 618 paria
2180 546 2429 601 mandata
2464 547 2782 602 Valerianus
2809 546 2876 602 ad
2909 545 3165 616 praesides
3193 544 3590 614 provinciarum

282 662 460 717 dicare
481 672 539 713 se
553 651 813 718 ostendit,
839 664 962 705 cum
987 646 1132 702 addit
1161 648 1236 719 (in
1264 648 1375 700 Vita
1398 644 1555 716 Cypr.
1582 642 1662 714 η.)
1683 685 1697 711 ,
1720 661 1739 694 ‹
1768 644 1888 712 quis
1985 640 2096 710 jam
2139 639 2381 708 dederat,
2411 640 2477 695 de
2504 641 2697 711 quibus
2732 640 2800 695 ad
2846 648 3090 696 senatum
3130 637 3321 693 eodem
3350 645 3592 705 tempore

283 754 510 821 denique
559 756 638 803 tot
676 742 1020 801 confcssores
1051 739 1309 793 frontium
1342 746 1646 793 notatarum
1691 749 1885 789 secnn-
1991 735 2313 803 scripserat,
2347 749 2450 803 que
2489 743 2612 788 tunc
2639 742 2730 788 aut
2754 732 3160 803 perferebantur
3188 729 3592 821 Carthaginem,

282 847 348 901 da
380 820 736 910 inscriptione
781 836 1020 905 signatos
1056 848 1071 897 ;
1117 841 1171 886 et
1198 831 1265 885 ad
1309 830 1616 900 exemplum
1646 826 1887 897 martyrii
1991 834 2081 879 aut
2112 825 2316 894 perlata
2338 825 2449 894 jam
2479 834 2653 880 erant.
2694 825 2966 895 «Subiecit
2994 823 3210 890 etiam,»
3245 821 3454 893 inquit,
3489 820 3596 875 Va-

285 936 599 1009 superstites
636 938 943 988 reservatos
968 970 981 993 ,
1017 926 1288 981 incentivo
1320 924 1459 979 tuba:
1504 922 1742 977 caelestis
1770 919 1889 973 ani-
1994 919 2231 974 lerianus
2256 920 2571 990 imperator,
2605 938 2623 971 ι
2652 920 2887 975 orationi
2916 934 3027 974 sua:
3052 918 3361 988 exemplum
3391 916 3597 970 littera—

286 1007 507 1087 marct?
544 1046 563 1079 ι
596 1024 757 1080 Certe
786 1024 839 1077 in
888 1018 1135 1090 epistolis
1160 1017 1415 1088 Cypriani
1440 1058 1455 1082 ,
1486 1031 1606 1086 qua:
1631 1020 1843 1068 exstant
1871 1054 1884 1076 ,
1994 1027 2135 1075 rum,
2166 1028 2299 1081 quas
2326 1012 2393 1067 ad
2422 1012 2683 1083 praesides
2710 1011 3107 1082 provinciarum
3146 1010 3214 1065 de
3251 1009 3407 1064 nobis
3435 1007 3561 1063 fecit
3581 1048 3597 1076 ,

287 1119 577 1192 stigmatici
605 1131 710 1171 non
763 1120 1167 1169 memorantur:
1200 1125 1319 1180 quae
1347 1108 1576 1163 fortasse
1610 1115 1735 1160 nota
1765 1119 1894 1159 con-
1994 1121 2127 1175 quas
2156 1106 2359 1161 litteras
2382 1105 2623 1177 quotidie
2644 1122 2924 1177 speramus
2945 1106 3152 1171 venire,
3171 1113 3375 1160 stantes
3401 1118 3598 1159 secun-

290 1211 587 1268 fessoribus
627 1209 800 1263 serius
841 1205 1019 1259 inusta
1069 1211 1168 1268 est,
1196 1210 1482 1272 postquam
1516 1214 1679 1269 Opere
1723 1198 1892 1251 inter-
1993 1198 2118 1253 dum
2150 1200 2270 1254 fidei
2296 1200 2603 1255 firmitatem
2630 1199 2696 1254 ad
2727 1199 2994 1270 passionis
3026 1196 3396 1264 tolerantiam,
3428 1205 3481 1251 et
3508 1210 3603 1250 ex-

292 1306 483 1373 misso,
514 1303 732 1359 domum
755 1299 986 1370 quisque
1006 1310 1158 1349 suam
1185 1294 1363 1349 redire
1388 1293 1529 1362 jussi
1561 1299 1712 1346 sunt.
1996 1301 2306 1363 spectantes
2333 1294 2402 1349 de
2428 1309 2530 1364 ope
2551 1302 2607 1349 et
2637 1292 2967 1365 indulgentia
2994 1290 3204 1348 Domini
3232 1292 3355 1345 vitae
3386 1300 3604 1344 aeterna:

579 1411 808 1470 ANNUS
844 1406 1303 1466 CHRISTIANUS
1334 1404 1606 1460 CCLVIII.
1998 1401 2275 1441 COI'Onam.
2289 1406 2308 1438 ι

2072 1480 2135 1535 ll.
2156 1481 2281 1536 Haec
2301 1480 2605 1552 Cyprianus
2622 1496 2688 1535 ex
2708 1479 2879 1535 hortis
2909 1480 3021 1535 suis
3046 1478 3114 1534 ad
3129 1479 3448 1534 Successum
3471 1474 3609 1531 scri-

2005 1584 2188 1643 pserat
2212 1615 2226 1638 ,
2252 1588 2371 1643 quae
2400 1573 2490 1627 ille
2518 1574 2733 1628 cmteris
2767 1571 2987 1642 collegis
3012 1580 3066 1626 et
3088 1572 3340 1625 omnibus
3367 1567 3613 1625 ecclesiis

370 1669 407 1723 I.
452 1664 717 1721 Consules
748 1661 898 1717 fuere
925 1658 994 1712 M-
1037 1656 1285 1712 Aurelius
1310 1654 1594 1711 Memmius
1646 1651 1852 1705 T115005
1881 1688 1898 1717 θ
2007 1665 2396 1718 transmitteret
2420 1679 2434 1727 ;
2460 1679 2580 1717 cum
2599 1662 2844 1718 Galerius
2865 1663 3149 1733 proconsul
3176 1662 3380 1717 Uticam
3405 1677 3463 1717 se
3485 1675 3616 1716 con-

300 1758 631 1831 Ροῐηροηίυδ
676 1756 903 1810 Bassus:
953 1766 1058 1822 (1υο
1095 1758 1338 1819 tempore
1381 1748 1701 1803 Valerianus
1746 1757 1900 1813 Ρετδ·
1931 1817 1975 1831 “
2010 1756 2148 1821 tulit,
2179 1755 2392 1809 initium
2424 1754 2532 1809 illic
2562 1755 2727 1808 cmdis
2758 1763 2810 1808 et
2836 1753 3321 1807 animadversionis
3349 1754 3403 1806 in
3433 1752 3618 1807 Chris-

300 1817 452 1927 grato
496 1851 711 1922 Illyrico
741 1817 1056 1920 Byzantium
1107 1817 1456 1914 pervenerat:
1493 1841 1675 1895 Romae
1714 1846 1898 1891 autem
1931 1817 1976 1875 Β
2008 1817 2182 1903 uanos
2204 1847 2307 1901 ςπι

2008 1847 2182 1903 tianos
2204 1847 2460 1901 facturus.
2490 1844 2547 1900 ld
2570 1857 2627 1899 ut
2666 1845 2883 1900 rescivit
2912 1844 3211 1915 Cyprianus
3239 1888 3254 1912 ,
3279 1845 3368 1915 qui
3394 1844 3497 1899 hoc
3527 1844 3621 1897 ha-

303 1945 620 2018 przefectura
648 1941 794 1995 urbis
825 1938 1145 2009 fungebatur
1171 1935 1450 1991 Cornelius
1480 1931 1779 1988 saecularis.
1811 1929 1901 1983 In-
2008 1939 2169 1996 bcbot
2216 1940 2270 1994 in
2315 1940 2490 2005 votis,
2526 1947 2583 1992 ιιι
2613 1938 2665 1992 in
2700 1938 2876 1993 media
2922 1938 3149 1993 ecclesia
3174 1951 3271 1991 sua
3296 1977 3311 2001 ,
3343 1946 3397 1992 ei,
3444 1937 3508 1991 iis
3529 1950 3619 1992 co.

309 2048 455 2092 terea
484 2033 807 2105 Cyprianus,
835 2030 1036 2085 Curubi
1068 2027 1349 2083 etiamtum
1378 2025 1628 2088 exulans,
1658 2032 1903 2091 optatum
2008 2048 2124 2088 mm
2151 2073 2167 2100 ,
2208 2047 2343 2103 quos
2376 2034 2493 2102 ipso
2517 2031 2585 2085 ad
2616 2031 2935 2101 martyrium
2978 2031 3288 2085 ίιιειίιυειιδι
3318 2070 3333 2096 ,
3361 2029 3509 2100 prior
3547 2029 3625 2083 νί-

308 2128 551 2198 martyrii
580 2125 663 2179 sui
692 2123 836 2179 diem
864 2121 1057 2191 cupide
1082 2118 1449 2189 exspectabat,
1469 2129 1522 2172 et
1543 2115 1801 2171 Ecclesiae
1830 2115 1908 2167 si-
2013 2138 2119 2181 tam
2153 2125 2306 2196 prof"

2013 2138 2119 2181 tam
2153 2125 2503 2196 profunderet
2528 2166 2544 2191 ,
2576 2141 2720 2197 aegre
2759 2124 3049 2180 admodum
3078 2124 3259 2179 ferens
3279 2166 3295 2192 ,
3323 2122 3457 2194 eripi
3478 2122 3579 2178 sibi
3607 2164 3622 2189 ,

310 2220 440 2286 mul,
472 2227 732 2289 quantum
764 2216 841 2271 fas
864 2223 999 2281 erat,
1024 2222 1080 2268 et
1108 2213 1350 2267 omnium
1379 2209 1650 2280 egentium
1679 2217 1735 2262 et
1762 2206 1909 2261 cala-
2014 2229 2074 2273 ιιι
2099 2227 2307 2274 ρχιιοειη

2014 2229 2074 2273 ut
2099 2227 2403 2274 extremum
2444 2217 2576 2272 illud
2598 2217 2849 2272 ecclesiae
2881 2231 2992 2271 sua:
3017 2216 3324 2285 exemplum
3348 2215 3628 2284 relinque-

313 2316 629 2370 mitosorum
661 2324 845 2366 curam
868 2308 1107 2379 gerebat.
1148 2305 1436 2359 Enimvero
1460 2303 1585 2357 dum
1618 2316 1705 2355 res
1728 2299 1914 2354 Chris-
2019 2321 2101 2366 rc;
2131 2352 2145 2377 ν
2177 2311 2465 2365 concilium
2497 2309 2787 2365 scccdcodi
2838 2309 3023 2378 coepit,
3056 2308 3311 2377 quamdiu
3340 2305 3632 2378 proconsul

316 2409 579 2463 tianorum
623 2405 805 2459 mitius
835 2420 894 2459 se
922 2403 1120 2457 habere
1161 2401 1467 2455 viderentur
1497 2439 1511 2463 ,
1555 2398 1781 2466 Aspasio
1810 2395 1913 2447 Pa-
2020 2402 2351 2473 Carthagine
2371 2404 2587 2458 abesse;
2616 2444 2631 2468 ,
2664 2402 2841 2473 dcquc
2870 2403 2973 2457 hoc
3000 2402 3116 2471 ipso
3143 2401 3374 2456 concilio
3397 2441 3412 2467 ,
3440 2416 3470 2457 c
3496 2401 3633 2456 huc-

318 2513 474 2558 ιρι·ηο
506 2500 813 2572 proconsuli
863 2511 1147 2552 SUCCCSSOI‘
1174 2494 1331 2549 datus
1357 2501 1441 2548 est
1481 2491 1729 2546 Galerius
1752 2486 1918 2543 Maxi-
2020 2497 2133 2552 bris
2164 2514 2296 2568 quas
2326 2498 2575 2567 petierat,
2612 2508 2914 2568 postremas
2934 2496 3003 2552 ad
3036 2498 3324 2553 ecclesiam
3354 2511 3506 2552 Suam
3548 2497 3638 2551 ιη..

322 2612 460 2652 mus.
494 2597 590 2651 Hic
629 2603 689 2649 ut
727 2593 1106 2662 Carthaginem
1156 2592 1321 2654 venit,
1356 2587 1684 2659 Cyprianum
1716 2583 1919 2639 Curubi
2025 2598 2167 2645 teras
2191 2591 2429 2656 mittens,
2460 2589 2721 2644 rationem
2740 2591 2818 2645 sic
2836 2590 3069 2645 reddidit
3089 2588 3286 2660 (Epist.
3311 2590 3440 2653 83):
3473 2591 3638 2646 «Cum

323 2691 627 2755 revocavit,
661 2696 715 2742 ct
744 2688 793 2741 in
824 2685 1010 2740 hortos
1039 2684 1155 2737 urbi
1185 2682 1465 2753 proximos
1487 2721 1500 2743 ,
1530 2677 1783 2733 secedere
1807 2678 1921 2746 jus-
2028 2684 2347 2753 perlatum,»
2380 2683 2573 2752 inquit,
2593 2701 2611 2733 ‹
2642 2682 2708 2737 ad
2737 2698 2837 2737 nos
2864 2681 3072 2747 fuisset,
3092 2681 3293 2736 fratres
3313 2682 3636 2750 charissimi,

325 2784 431 2848 sit,
460 2797 597 2852 quos
625 2781 712 2835 ille
741 2778 957 2849 quidem
988 2775 1329 2831 Christianus
1358 2772 1533 2826 factus
1560 2769 1877 2825 vendiderat
1905 2810 1921 2835 ,
2028 2778 2447 2833 commentarios
2477 2791 2599 2832 esse
2626 2777 2825 2833 missos
2850 2817 2865 2843 ,
2896 2778 2985 2847 qui
3015 2791 3102 2831 me
3128 2776 3338 2832 Uticam
3380 2777 3643 2846 perduce.

328 2886 387 2931 ut
412 2878 684 2931 redactam
718 2873 1000 2943 pecuniam
1031 2870 1215 2939 egenis
1245 2867 1591 2921 distribuerat
1614 2907 1629 2933 ,
1663 2874 1716 2918 at
1742 2872 1926 2933 postea
2028 2882 2170 2939 rent,
2202 2881 2255 2926 et
2284 2871 2513 2925 consilio
2539 2870 2983 2925 cltarissimorum
3020 2884 3341 2939 persuasum
3368 2879 3548 2936 esset,
3582 2879 3643 2925 ut

330 2971 398 3025 ab
418 2985 503 3033 eo,
529 2969 742 3038 opinor,
775 2965 866 3034 qui
888 2973 1113 3027 emerat,
1138 2962 1217 3016 sic
1236 2969 1556 3016 testamento
1578 2959 1796 3013 relictos
1819 2957 1927 3025 jam
2031 2964 2099 3019 dc
2145 2963 2308 3018 ιιονιίε

2031 2964 2099 3019 de
2145 2963 2314 3018 hortis
2346 2963 2547 3018 nostris
2592 2964 2807 3018 interim
2840 2962 3218 3018 secederemus
3244 3004 3257 3030 ,
3286 2962 3431 3033 justa
3479 2964 3646 3019 inter-

331 3072 629 3133 receperat.
662 3060 777 3114 Illic
809 3070 1079 3128 tamquam
1137 3058 1188 3110 in
1220 3054 1462 3110 custodia
1504 3053 1671 3107 libera
1716 3052 1792 3106 sic
1819 3065 1932 3105 ma-
2033 3058 2283 3111 veniente
2306 3070 2466 3110 causa
2497 3057 2791 3121 consensi,
2825 3071 2890 3110 eo
2929 3055 3073 3126 quod
3102 3065 3401 3127 congruat,
3434 3056 3649 3127 episco-

343 3157 528 3221 nebat,
562 3161 625 3208 ut
656 3153 723 3207 de
759 3150 1002 3206 ecclesiae
1031 3165 1141 3204 suae
1169 3157 1311 3203 statu
1342 3147 1540 3201 certior
1568 3145 1805 3216 quotidie
1840 3142 1936 3197 fie-
1962 3157 2007 3220 ρ
2040 3165 2167 3221 pum
2203 3152 2253 3202 in
2284 3164 2308 3204 ε

2005 3201 2007 3217 ἱ
2040 3165 2167 3221 pum
2203 3152 2253 3202 in
2284 3164 2346 3204 ea
2369 3148 2606 3215 civitate,
2632 3148 2811 3219 inqua
2836 3148 3095 3203 Ecclesiae
3119 3149 3413 3204 Dominicae
3431 3158 3647 3219 przeest,

334 3259 465 3314 ret,
496 3248 823 3315 haberetque
853 3244 920 3299 de
964 3242 1319 3298 familiaribus
1360 3240 1623 3310 obsequio
1672 3247 1890 3309 paratos
1916 3278 1932 3303 ,
2046 3242 2158 3295 illic
2186 3241 2470 3295 Dominum
2498 3240 2781 3307 confiteri,
2815 3249 2870 3296 et
2896 3240 3109 3309 plebem
3159 3241 3466 3296 universam
3514 3256 3653 3311 prae-

337 3341 425 3412 qui
460 3340 525 3394 ad
562 3340 676 3408 ejus
704 3347 889 3392 nutum
917 3351 1023 3407 quo
1041 3336 1201 3391 vellet
1231 3334 1723 3405 proﬁciscerentur.
1760 3332 1942 3401 Itaque
2049 3337 2209 3407 positi
2248 3346 2543 3407 praesentes
2597 3335 2940 3391 confessione
2994 3336 3297 3391 clariiicari.
3347 3336 3657 3403 Quodcum-

342 3448 460 3487 cum
504 3431 644 3486 scire
669 3430 901 3484 maxime
930 3438 1192 3498 cuperet,
1237 3427 1365 3499 quid
1411 3427 1597 3481 Romae
1645 3435 1897 3496 ageretur
1926 3465 1940 3490 ,
2038 3444 2154 3498 que
2199 3431 2341 3483 enim
2383 3429 2483 3483 sub
2514 3429 2605 3483 illo
2632 3428 2990 3484 confessionis
3044 3440 3322 3486 momento
3377 3430 3658 3487 confessor

346 3524 713 3593 Ecclesizeque
766 3522 908 3577 illius
949 3538 1069 3592 quae
1100 3522 1245 3576 vices
1272 3530 1457 3576 essent
1481 3562 1497 3588 ,
1530 3519 1685 3574 facile
1714 3519 1942 3583 invenit,
2053 3522 2339 3591 episcopus
2379 3522 2637 3592 loquitur,
2697 3522 2973 3593 aspirante
3002 3524 3112 3578 Deo
3152 3540 3245 3579 ore
3288 3525 3530 3580 omnium
3576 3526 3660 3579 lo-

347 3619 435 3689 qui
465 3618 689 3671 Romam
714 3616 855 3670 illico
877 3616 1211 3685 navigarent,
1235 3630 1298 3669 ac
1322 3613 1471 3669 brevi
1486 3623 1633 3669 certa
1657 3614 1942 3668 referrent.
2054 3614 2254 3684 quitur.
2303 3614 2570 3669 Caeterum
2599 3616 2934 3669 mutilahitur
2965 3614 3141 3670 honor
3167 3614 3411 3671 ecclesia":
3459 3626 3661 3672 nostra:

348 3714 479 3779 ωυω
506 3712 648 3766 idem
679 3710 907 3765 subinde
947 3726 1068 3764 cum
1093 3710 1203 3779 jam
1236 3711 1288 3764 in
1321 3709 1499 3765 Africa
1523 3723 1737 3779 quoque
1764 3709 1948 3764 clerici
2051 3716 2159 3761 tam
2178 3708 2448 3776 gloriosae,
2470 3708 2515 3762 si
2542 3723 2643 3778 ego
2684 3710 2971 3778 episcopus
3000 3709 3221 3764 alterius
3250 3710 3491 3767 ecclesia:
3520 3727 3661 3783 prae-

352 3805 404 3860 in
430 3805 612 3874 primis
652 3822 672 3856 ‹
727 3803 826 3859 sub
857 3804 964 3858 ictu
995 3804 1183 3874 agonis
1215 3844 1230 3868 ,
1273 3822 1292 3855 ›
1328 3815 1382 3857 ut
1409 3805 1523 3873 ipse
1553 3815 1642 3858 aut
1673 3802 1949 3858 constituti
2054 3801 2279 3869 positus,
2313 3809 2530 3869 accepta
2552 3801 2692 3872 apud
2722 3801 2927 3857 Uticam
2958 3817 3121 3873 super
3157 3804 3497 3863 confessione
3539 3823 3666 3864 seu-

353 3905 537 3952 cssent
565 3937 581 3963 ,
604 3895 670 3950 ad
702 3910 1011 3951 successum
1044 3896 1357 3966 episcopum
1390 3896 1557 3951 Abbir
1584 3897 1950 3951 Germanicia-
2058 3893 2243 3958 tentia,
2265 3894 2459 3947 exinde
2494 3894 2777 3964 martyrad
2804 3895 3088 3951 Dominum
3115 3899 3455 3966 proficiscar:
3486 3903 3665 3969 Quan-

356 3992 531 4046 nmsic
557 3990 773 4060 scripsit
794 3989 984 4061 (Epist.
1016 3990 1106 4061 82)
1143 4010 1160 4042 ‹
1188 3990 1380 4047 Sciatis
1411 3999 1587 4045 autem
1617 4005 1711 4046 eos
1738 3991 1952 4044 venisse
2058 3986 2343 4055 doquidem
2386 4001 2488 4057 ego
2535 3996 2591 4041 et
2620 4003 2718 4056 pro
2751 4004 2837 4044 me
2865 3997 2920 4044 et
2946 4005 3044 4059 pro
3074 3991 3227 4047 vobis
3255 3993 3393 4062 apud
3424 4008 3516 4048 vos
3541 4008 3670 4048 con-

356 4099 492 4154 quos
517 4084 583 4137 ad
614 4083 815 4138 Urbem
847 4092 1067 4153 propter
1116 4082 1218 4137 hoc
1246 4086 1525 4148 miseram,
1560 4094 1616 4137 ut
1661 4083 1960 4153 quomodo-
2064 4082 2200 4136 fiteri
2224 4090 2278 4136 et
2300 4082 2372 4135 ibi
2392 4082 2499 4151 pati
2525 4091 2577 4136 et
2600 4082 2796 4137 exinde
2823 4083 2890 4137 ad
2920 4083 3204 4139 Dominum
3232 4086 3519 4156 proficisci,
3548 4102 3672 4142 ora-

356 4190 587 4244 cumque
610 4174 682 4228 de
705 4174 857 4228 nobis
890 4175 1211 4243 rescriptum
1236 4174 1449 4242 fuisset,
1476 4175 1813 4244 exploratam
1857 4174 1961 4229 sibi
2062 4174 2293 4228 tionibus
2320 4172 2584 4227 continuis
2618 4174 2880 4243 deprecer
2904 4216 2919 4243 ,
2946 4186 2999 4230 et
3026 4177 3165 4232 votis
3204 4179 3455 4234 omnibus
3496 4194 3669 4250 exop-

354 4267 640 4322 veritatem
672 4266 738 4321 ad
772 4282 867 4321 nos
901 4266 1223 4336 perferrent.
1252 4266 1413 4322 Multa
1443 4269 1585 4322 enim
1630 4271 1775 4323 varia
1806 4279 1857 4323 et
1882 4270 1963 4324 in-
2065 4278 2172 4324 tein
2229 4278 2282 4323 et
2318 4268 2564 4323 debeam.
2618 4270 3011 4341 Exspectamus
3057 4287 3187 4343 ergo
3218 4273 3304 4328 hic
3351 4274 3405 4329 in
3454 4288 3675 4331 secessu

360 4368 511 4416 certa
530 4358 867 4427 Opinionibus
897 4360 1359 4429 ventilanturqua:
1376 4370 1552 4416 autem
1585 4372 1708 4417 sunt
1734 4363 1785 4416 in
1811 4378 1961 4427 vero,
2066 4362 2247 4417 abdito
2293 4363 2571 4419 constituti
2595 4363 2890 4420 adventum
2919 4367 3257 4436 proconsulis
3294 4366 3673 4438 Carthaginem

364 4451 439 4505 ita
480 4465 538 4504 se
566 4450 761 4505 habent
790 4468 804 4506 :
834 4452 1197 4522 Rescripsisse
1228 4452 1569 4509 Valerianum
1595 4456 1660 4509 ad
1689 4466 1956 4522 senatum,
1986 4514 2034 4529 ἢ
2068 4453 2362 4519 redeuntis,
2406 4454 2645 4509 audituri
2691 4456 2760 4511 ab
2804 4472 2892 4523 eo,
2933 4456 3060 4526 quid
3110 4457 3466 4528 imperatores
3512 4474 3677 4529 super

364 4552 425 4597 ut
470 4542 705 4612 episcopi
734 4552 787 4598 et
820 4544 1120 4615 presbyteri
1175 4553 1230 4600 et
1274 4545 1528 4602 diaconos
1558 4548 1609 4601 in
1664 4549 1959 4604 continenti
1986 4514 2039 4573 D
2066 4544 2497 4601 Christianorum
2525 4547 2777 4603 laieorum
2802 4557 2858 4604 et
2882 4549 3256 4619 episcoporum
3277 4551 3492 4605 nomine
3522 4565 3678 4606 man-

367 4634 886 4691 animadvertantur.
922 4638 1213 4694 Senatores
1263 4654 1393 4694 vero
1425 4650 1477 4695 et
1515 4641 1715 4713 egregii
1764 4641 1863 4696 viri
1912 4651 1968 4697 et
2072 4636 2338 4705 daverint,
2368 4646 2420 4693 et
2450 4638 2643 4694 dicturi
2665 4640 2806 4711 quod
2830 4639 2899 4694 ad
2942 4639 3126 4694 horam
3169 4641 3422 4697 Dominus
3450 4643 3552 4698 dici
3580 4659 3681 4699 vo-

373 4728 585 4797 cqnites
615 4730 827 4784 romani
864 4773 877 4796 ,
912 4730 1170 4799 dignitate
1194 4733 1390 4788 amissa
1428 4776 1440 4799 ,
1468 4733 1628 4789 etiam
1661 4735 1813 4789 bonis
1843 4750 1969 4805 spo-
2070 4730 2251 4785 luerit.
2291 4750 2309 4782 ›
2342 4730 2613 4786 Hactenus
2638 4731 2938 4803 Cyprianus
2970 4733 3063 4802 qui
3085 4742 3137 4787 et
3172 4748 3298 4789 suos
3324 4733 3528 4791 hortari
3559 4751 3683 4806 pos-

371 4819 573 4875 licntur
599 4862 613 4887 ,
649 4830 703 4875 et
734 4863 748 4886 ,
782 4822 827 4876 si
856 4823 1120 4894 ademptis
1147 4826 1490 4881 facultatibus
1533 4828 1820 4884 Christiani
1849 4844 1973 4885 esse
2074 4833 2304 4877 tremum
2339 4840 2443 4878 ιιοη
2470 4825 2673 4879 άεειίῑίι
2697 4864 2713 4890 9
2749 4835 2805 4878 ιιι
2831 4840 3019 4880 eorum
3049 4842 3315 4883 memores
3342 4869 3357 4894 9
3387 4844 3507 4898 (illa!
3535 4844 3683 4899 Sinite

346 4916 793 4983 ‘perseverarint,
842 4918 1017 4986 capite
1044 4935 1257 4989 quoque
1303 4922 1663 4979 mulcteutur:
1714 4934 1974 4980 matrona:
2077 4918 2144 4971 8b
2176 4918 2293 4987 ipso
2330 4917 2651 4983 “Udiel‘anl;
2682 4918 2916 4988 quietem
2948 4926 3003 4974 et
3044 4920 3483 4989 tranqmllitalem
3533 4930 3684 4976 lene-

375 5019 508 5059 vero
546 5006 815 5078 ademptis
837 5008 993 5064 bonis
1047 5012 1100 5066 in
1155 5013 1370 5067 exilium
1426 5015 1765 5087 relegentur:
1802 5019 1977 5073 Caesa-
2080 5018 2245 5075 Γεηιο
2278 5025 2306 5063 ϐ

2080 5018 2245 5075 rent,
2278 5019 2631 5080 caverentque
2674 5024 2741 5065 ne
2785 5011 2869 5065 cui
2900 5011 3199 5080 periculum
3231 5022 3507 5080 crearent;
3550 5028 3687 5071 neve

380 5095 517 5149 riani
545 5107 721 5153 autem
750 5142 764 5165 ,
804 5102 1128 5173 quicumque
1168 5105 1251 5159 vel
1279 5106 1431 5175 prius
1459 5107 1691 5163 confcssi
1721 5110 1932 5164 fueram
1962 5151 1977 5176 ,
2084 5099 2347 5171 quisuiam
2396 5100 2462 5155 ad
2495 5100 2726 5155 tribunal
2772 5102 3126 5158 Ethnicorum
3157 5118 3216 5160 se
3247 5106 3388 5159 ultro
3444 5103 3684 5160 offerret.

385 5190 469 5243 vel
504 5206 646 5246 nunc
672 5193 906 5249 confessi
947 5196 1168 5265 fuerint,
1222 5200 1604 5266 conﬁscentur,
1640 5212 1691 5256 et
1735 5202 1901 5256 vincti
1929 5203 1982 5258 in
2160 5192 2249 5247 ΙΠ-
2282 5193 2352 5249 Αι
2391 5209 2519 5248 V810
2550 5193 2721 5251 Uliczﬁ
2748 5198 3059 5265 proconsul,
3090 5212 3211 5252 cum
3242 5196 3546 5269 Cyprianus
3576 5215 3689 5256 non

385 5279 719 5339 (Ezesarianas
748 5289 1117 5356 possessiones
1146 5291 1400 5361 descripti
1432 5295 1724 5349 mittantur.
1762 5314 1779 5345 ›
1817 5297 1988 5365 Atque
2092 5290 2445 5353 inveniretur,
2480 5288 2623 5344 haud
2673 5290 2763 5344 diu
2807 5305 3029 5346 secures
3075 5292 3281 5347 otiosas
3328 5308 3451 5349 esse
3496 5308 3688 5364 passus

386 5372 507 5429 haec
534 5377 749 5444 quidem
782 5380 847 5434 ad
879 5380 1075 5436 Urbem
1130 5385 1468 5453 potissimum
1502 5386 1843 5455 pertinebant
1867 5427 1881 5449 ,
1937 5387 1989 5441 in
2094 5390 2196 5438 est.
2227 5381 2396 5436 Erant
2420 5381 2591 5438 Uticae
2639 5383 2691 5436 in
2742 5384 2974 5438 vinculis
3004 5383 3298 5440 Christiani
3328 5402 3558 5443 numero
3582 5396 3691 5443 tre-

390 5478 494 5533 qua
523 5482 652 5523 sane
681 5480 806 5525 ante
826 5472 960 5527 alios
990 5473 1190 5545 Xystus
1214 5486 1477 5532 mactatus
1502 5479 1693 5533 fuerat.
1733 5478 1993 5548 «Xystum
2097 5475 2260 5541 conti,
2295 5474 2532 5529 indidem
2578 5475 2732 5530 multi
2777 5485 2869 5531 aut
2912 5492 2979 5532 ex
3019 5478 3211 5534 vicinis
3264 5480 3509 5549 urbibus,
3540 5483 3699 5540 multi

392 5568 600 5624 autem,
623 5578 641 5611 ι
674 5562 879 5633 inquit,
917 5567 999 5619 «in
1049 5570 1330 5623 coemetrio
1377 5570 1811 5625 animadversum
1852 5569 1995 5625 scia-
2099 5569 2264 5623 etiam
2296 5566 2751 5638 Carthaginienses
2777 5585 2791 5634 ;
2817 5584 2939 5623 nam
2968 5584 3061 5625 eos
3081 5569 3410 5629 Prudentius
3438 5574 3700 5646 Cypriani

393 5646 463 5701 tis
493 5659 683 5706 octavo
713 5654 894 5710 iduum
923 5656 1285 5729 Augustarum
1321 5661 1408 5716 die
1434 5705 1446 5727 ,
1482 5670 1535 5716 et
1560 5677 1682 5717 cum
1712 5677 1779 5717 eo
1819 5662 1999 5717 diaco-
2102 5660 2400 5731 discipulos
2430 5659 2667 5731 appellat
2702 5660 2920 5731 (Perist.
2952 5660 3149 5733 Hymn.
3210 5681 3327 5732 xm,
3378 5681 3427 5719 v.
3471 5668 3584 5737 88).
3618 5667 3702 5722 Ex

397 5756 497 5795 nes
535 5757 782 5815 quatuor.
814 5750 918 5807 Sed
951 5762 1005 5808 et
1042 5755 1164 5809 huic
1195 5755 1550 5824 persecutioni
1575 5756 1814 5826 quotidie
1844 5755 2003 5811 insis-
2104 5764 2333 5826 utroque
2363 5771 2496 5811 sexu
2522 5766 2576 5811 et
2622 5771 2688 5811 ex
2737 5757 2885 5812 omni
2939 5765 3098 5814 aetate
3127 5757 3295 5816 fuisse
3321 5803 3334 5825 ,
3368 5760 3598 5832 legimus
3650 5761 3707 5815 in

402 5841 521 5891 tunt
543 5840 781 5910 prmfecti
807 5844 859 5901 in
886 5845 1052 5917 urbe;
1084 5849 1201 5906 utsi
1225 5849 1316 5922 qui
1339 5849 1441 5907 sibi
1466 5850 1630 5907 oblati
1646 5850 1866 5921 fuerint,
1884 5849 2001 5907 ani-
2106 5848 2277 5906 veteri
2306 5864 2583 5920 sermone,
2628 5851 2717 5923 qui
2748 5849 2839 5910 diu
2890 5851 3179 5925 Augustini
3217 5852 3459 5929 prtetulit
3486 5864 3714 5917 nomen.

559 1543 817 1586 CYPRIANO
869 1538 1119 1580 EPISCOPO
1174 1535 1641 1578 CARTKAGI‘NIENSI.
