4134 6256
629 375 769 438 M75

1408 367 1776 450 MOBCELLI,
1809 410 1881 425 --
1917 380 2231 449 ANNALES
2273 376 2626 449 κρεωδιῶ
2669 382 3069 442 ΔΕΒΙΕΛΝᾹΞ.

3782 389 3905 447 14ἳῦ

625 495 796 550 Porro
824 500 1011 548 auctor
1047 492 1188 548 idem
1221 499 1275 547 ct
1306 495 1496 549 mortis
1524 511 1695 566 genus
1723 496 1979 552 describit
2009 517 2024 552 :
2051 516 2073 550 ι
2105 497 2219 551 Non
2251 500 2298 557 Λ
2329 513 2545 562 neream
2593 509 2655 565 et
2683 498 3031 567 Sulutariam,
3061 519 3082 554 ›
3108 515 3241 572 quas
3285 502 3534 559 celebres
3583 507 3704 573 ejus
3725 515 3904 561 tractus

625 601 847 650 senex,»
877 584 1258 655 inquit(Serm.
1282 584 1477 653 517,:‘n
1495 589 1730 659 Append.
1753 588 1855 662 0p.
1880 589 2060 661 Aug.),
2086 609 2105 642 ί
2135 606 2222 644 an-

630 681 714 733 nis
735 679 844 746 jam
862 679 1208 748 vergentibus
1237 678 1460 746 fractus,
1485 692 1855 739 marcescente
1872 684 2085 756 jugulo,
2119 695 2223 739 trc-

625 772 824 826 mnlam
869 771 1134 826 cervicem
1183 773 1495 830 subtraxit:
1531 790 1636 829 non
1685 791 1822 830 anus
1869 791 2027 844 sexu,
2062 784 2222 832 :etate

624 862 892 928 confecta,
924 862 1167 917 dextram
1214 867 1423 918 cruenti
1473 868 1805 934 percussoris
1853 866 2079 938 .etl‘ugit:
2116 883 2222 923 non

623 956 848 1025 juvenes
897 973 923 1006 a
984 969 1183 1008 corona
1235 957 1359 1011 vita:
1419 957 1578 1028 hujus
1641 958 1872 1014 dulcedo
1927 962 2221 1015 revocavit.

624 1049 740 1104 Non
774 1049 1130 1119 expirantium
1183 1051 1422 1106 membra
1449 1051 1828 1124 palpitantium
1875 1053 2221 1124 parvulorum

631 1153 892 1198 cruentus
946 1159 1233 1214 percussor
1259 1145 1570 1218 perhorruit
1606 1164 1620 1200 :
1649 1145 1744 1200 sed
1777 1146 1820 1200 si
1865 1146 1956 1221 qui
1997 1145 2221 1202 forsitan

625 1234 888 1289 infantum
927 1235 1185 1289 maternis
1211 1237 1466 1292 uberibus
1499 1236 1767 1294 inhiantes
1801 1237 2000 1302 ferrum
2032 1246 2222 1306 potue-

625 1336 752 1382 runt
806 1328 1177 1398 persequentis
1223 1327 1454 1382 evadere
1478 1369 1492 1392 ,
1539 1329 1783 1398 oppressi
1817 1330 1968 1388 ruina
1998 1331 2225 1386 cadave-

627 1438 744 1475 rum
794 1431 1068 1475 maternos
1096 1421 1236 1475 inter
1263 1421 1448 1476 dulces
1472 1423 1656 1477 obiere
1693 1423 2026 1492 complexus.
2060 1441 2080 1475 ι
2118 1423 2224 1480 Sed

626 1514 950 1570 Prudentius
983 1515 1121 1570 fama
1156 1530 1214 1570 se
1237 1517 1511 1590 accepisse
1541 1517 1615 1570 ait
1639 1515 1831 1589 _(lbid.,
1857 1531 1907 1569 υ.
1941 1515 2055 1590 76),
2082 1532 2223 1572 mar-

632 1617 780 1678 tyres
810 1608 955 1675 illos,
1002 1623 1122 1663 cum
1150 1624 1240 1662 ara
1272 1608 1394 1663 hinc
1421 1609 1614 1678 posita,
1647 1609 1771 1666 inde
1818 1611 1958 1664 fossa
1994 1610 2223 1664 calcaria

621 1703 886 1768 fumante,
917 1711 1009 1756 aut
1049 1703 1355 1760 sacrificare
1376 1701 1500 1768 diis,
1534 1709 1625 1756 aut
1651 1715 1710 1756 se
1739 1703 1911 1756 vivam
1935 1700 1989 1754 in
2017 1702 2221 1758 calcem

619 1795 835 1850 mittere
858 1795 1202 1863 juberentur,
1235 1794 1442 1847 alacres
1494 1793 1681 1862 rapido
1713 1807 1875 1847 cursu
1920 1792 2079 1846 simul
2117 1801 2226 1847 tre-

2326 590 2440 644 vias
2476 590 2639 655 fuisse
2679 590 3029 655 ccediderim,
3064 602 3116 646 et
3147 593 3287 661 apud
3319 609 3442 648 eum
3490 594 3788 664 bospitatus
3813 606 3904 653 est.

2325 680 2452 735 llaec
2481 692 2533 745 ut
2561 681 2875 752 Carthagini
2927 684 3138 753 vulgata
3181 682 3478 740 Christiani
3522 689 3807 754 rescivere,
3849 704 3908 745 eo

2325 788 2495 844 prope
2523 790 2735 841 omnes,
2786 779 2840 832 in
2897 779 3136 846 parentis
3186 778 3387 849 publici
3421 779 3720 837 discrimine
3761 782 3906 838 anxii

2325 867 2674 937 sollicitique,
2704 869 3066 924 convolarunt
3111 889 3126 922 :
3173 887 3405 940 quorum
3460 873 3511 926 in
3557 875 3748 929 eorico
3777 885 3906 931 ante

2327 959 2573 1012 stratoris
2620 958 2767 1014 (edes
2807 969 2950 1014 tanta
2997 969 3118 1014 erat
3149 961 3482 1029 frequentia,
3529 974 3586 1018 ut
3621 963 3904 1034 Cyprianus

2329 1051 2682 1121 puellas,th
2705 1053 2862 1108 simul
2880 1053 3232 1117 advenerant,
3255 1071 3352 1125 pro
3376 1057 3582 1112 foribus
3601 1071 3900 1129 pernoctan-

2327 1149 2411 1195 tes
2439 1157 2469 1196 a
2511 1145 2675 1196 certis
2704 1144 2834 1198 viris
2861 1145 3120 1202 custodiri
3170 1151 3512 1218 praeceperit.
3565 1149 3780 1206 Postero
3802 1152 3906 1219 die,

2324 1249 2430 1303 quo
2455 1233 2700 1291 Galerius
2742 1239 3259 1304 commentarienses
3291 1255 3422 1296 suos
3449 1249 3507 1296 et
3547 1242 3813 1313 reliquam
3835 1261 3911 1314 ap-

2329 1328 2628 1396 paritorum
2658 1328 3018 1400 lictorumque
3071 1330 3279 1386 turbam
3326 1331 3399 1388 ad
3448 1334 3684 1390 Sextum
3734 1336 3910 1392 adesse

2327 1418 2586 1488 jusserat,
2616 1417 2920 1492 Cyprianus
2967 1420 3185 1484 demum
3237 1437 3422 1478 coram
3464 1439 3534 1478 eo
3559 1425 3779 1480 oblatus
3821 1437 3907 1480 est.

2326 1511 2563 1567 Sedebat
2595 1497 2886 1583 proconsul
2909 1529 3004 1583 pro
3022 1515 3273 1570 tribunali
3304 1517 3352 1569 in
3383 1517 3522 1570 atrio
3550 1517 3822 1586 Sauciolo,
3847 1521 3907 1574 sic

2328 1604 2472 1657 enim
2509 1619 2536 1656 a
2571 1603 2818 1659 Sontium
2851 1606 3120 1675 supplicio
3151 1606 3495 1677 appellabant
3522 1607 3778 1678 (V.Conc.
3807 1609 3907 1663 Ha-

2329 1696 2443 1748 tise.
2475 1711 2552 1759 xi,
2582 1710 2632 1749 c.
2661 1693 3037 1764 49),.stabate
3065 1689 3642 1767 regioneCyprianus,
3677 1701 3733 1755 in
3767 1717 3904 1772 quem

2329 1788 2568 1842 omnium
2617 1803 2711 1849 ora
2762 1804 3024 1846 conversa
3061 1802 3247 1845 erant.
3293 1791 3583 1848 Enimvero
3615 1797 3908 1863 proconsul,

618 1898 806 1941 contos
835 1886 1172 1954 prosiluisse,
1192 1893 1245 1937 et
1271 1885 1423 1938 calce
1449 1899 1641 1940 omnes
1662 1894 1991 1952 assumptos,
2015 1903 2035 1934 ι
2077 1883 2219 1938 Mas-
2250 1867 2300 1928 Β
2327 1880 2590 1949 conjectis
2635 1882 2689 1935 in
2731 1896 2855 1936 eum
2901 1883 3094 1948 oculis,
3123 1902 3151 1934 .c
3191 1884 3270 1938 Tu
3301 1899 3386 1951 es,
3437 1886 3635 1956 inquit,
3666 1888 3911 1946 Thascius

622 1995 735 2032 sam
778 1977 1061 2033 candidam
1096 1996 1114 2029 ι
1151 1977 1346 2040 exinde
1373 1992 1495 2041 esse
1526 1977 1828 2046 appellatos
1858 1995 1870 2030 :
1915 1978 2078 2048 idque
2105 1977 2223 2034 Ado

625 2075 787 2127 etiam
817 2073 1044 2142 recepit,
1074 2081 1128 2127 et
1175 2072 1226 2125 in
1274 2071 1719 2144 tuartyrologium
1748 2087 1905 2136 suum
1945 2071 2225 2127 transtulit

619 2169 737 2236 (rm
801 2166 906 2220 kal.
957 2164 1137 2238 δεμ).
1168 2149 1435 2220 Caeterum
1468 2165 1799 2235 Augustinus
1848 2164 1988 2218 hunc
2033 2177 2220 2218 eorum

622 2263 825 2318 exitum
853 2261 1139 2331 ignorarit,
1162 2269 1214 2315 et
1239 2261 1290 2314 in
1320 2273 1593 2324 sermone,
1623 2273 1784 2330 quem
1811 2257 1996 2312 habuit
2023 2255 2220 2327 (Serm.

619 2355 745 2417 506,
797 2371 843 2408 ο.
879 2354 935 2419 ‘2,
961 2353 1033 2412 id.
1079 2351 1247 2416 Boll.,
1281 2361 1321 2406 t.
1367 2368 1440 2416 IV,
1470 2351 1628 2422 Aug.,
1651 2365 1714 2420 pp.
1759 2348 1889 2418 285)
1919 2367 1937 2399 ι
1969 2349 2018 2404 in
2049 2346 2227 2406 Natali

621 2459 918 2517 martyrum
965 2445 1156 2504 Massae
1183 2443 1425 2502 candida:
1453 2462 1474 2495 ›
1514 2444 1650 2498 hanc
1679 2440 2057 2519 appellationis
2083 2439 2228 2513 ejus-

621 2539 766 2595 modi
797 2554 1012 2594 causam
1035 2537 1214 2592 attulit
1246 2553 1261 2589 :
1291 2554 1315 2600 ¹ι
1352 2535 1550 2602 Massa,
1590 2553 1608 2586 ι
1643 2533 1835 2612 inquit,
1865 2532 2037 2586 «dicta
2061 2530 2228 2586 estde

623 2634 835 2688 numeri
895 2631 1264 2694 multitudine,
1298 2627 1524 2688 candida
1581 2626 1649 2682 de
1699 2640 1882 2692 causa:
1933 2623 2162 2694 fulgure.
2197 2642 2218 2678 ι

625 2725 752 2781 Veri
783 2735 961 2780 autem
996 2722 1123 2776 mihi
1152 2721 1336 2789 simile
1362 2720 1596 2783 videtur,
1629 2719 1846 2782 famam,
1878 2731 1999 2786 qua:
2031 2715 2097 2780 ad
2128 2731 2225 2768 au-

626 2836 714 2875 res
751 2816 1038 2874 .Prudentii
1087 2823 1332 2880 venerat,
1367 2814 1494 2868 inde
1541 2821 1738 2878 ortam,
1779 2810 1923 2880 quod
1961 2808 2222 2870 cadavera

628 2923 921 2985 martyrum
955 2913 1005 2966 in
1036 2910 1236 2975 fossam
1269 2907 1716 2971 illamcalcariam
1745 2905 1989 2972 conjecta
2018 2911 2224 2970 essent,

626 3023 734 3076 quo
753 3006 912 3060 citius
935 3000 1446 3066 absumert;ntur.At
1473 2999 1564 3064 ditt
1586 2998 1803 3063 mansit,
1830 2995 1972 3065 apud
1998 2994 2224 3058 Cartha-

624 3101 878 3168 ginenses
921 3098 973 3162 in
1022 3097 1229 3165 primis,
1263 3109 1450 3156 eorum
1504 3091 1789 3158 memoria,
1817 3105 2001 3159 quam,
2047 3097 2106 3144 ut
2159 3103 2224 3154 ex

2327 1972 2627 2043 Cyprianus
2677 1973 2751 2046 (in
2797 1977 2911 2034 Act.
2969 1975 3203 2044 910601.,
3253 1995 3308 2032 η.
3359 1979 3396 2034 3
3457 1989 3506 2035 at
3544 1981 3606 2049 ι)
3637 1980 3660 2032 2
3693 2000 3713 2034 ι
3767 1982 3911 2038 Unde

2329 2081 2523 2136 nempe
2551 2081 2677 2122 eum
2699 2084 2729 2122 e
2747 2079 2913 2138 gente
2939 2068 3169 2126 Thascia
3210 2069 3384 2126 fuisse
3401 2072 3669 2128 norimus.
3691 2074 3790 2130 Cui
3815 2076 3911 2147 Cy-

2327 2157 2548 2226 prianus
2587 2172 2708 2220 cum
2738 2158 3125 2229 respondisset,
3155 2179 3182 2211 ,ι
3197 2160 3312 2231 Ego
3327 2175 3465 2226 sum,
3497 2182 3514 2215 ι
3544 2164 3857 2220 itteaddt'dit
3887 2185 3905 2222 :

2335 2272 2352 2304 ι
2386 2254 2463 2308 Tu
2498 2270 2691 2324 papam
2715 2264 2770 2311 te
2804 2257 3082 2328 sacrilegae
3111 2259 3312 2313 mentis
3340 2259 3634 2315 hominibus
3679 2261 3908 2330 νηιλωί-

2331 2349 2444 2401 sti?
2477 2367 2498 2402 ›
2533 2347 2599 2402 ad
2649 2348 2763 2404 hinc
2790 2363 3002 2404 rursum
3025 2350 3358 2420 Cyprianus.
3387 2371 3407 2403 ι
3449 2352 3811 2424 Εεορὶιιηιιὶιτ
3839 2356 3909 2409 At

2330 2440 2622 2509 proconsul
2649 2440 2877 2510 adjecit:
2903 2441 3219 2499 «Jusserunt
3236 2451 3288 2498 te
3315 2444 3674 2498 sacratissimi
3695 2445 3915 2514 impera-

2330 2542 2476 2590 tores
2490 2535 2891 2594 cmremoniari.
2921 2533 3288 2605 rCyprianus,
3327 2547 3574 2603 «contra,
3605 2552 3712 2592 non
3738 2537 3911 2594 facio.»

2329 2626 2424 2682 Ille
2437 2641 2586 2692 vero,
2609 2629 2860 2686 (consule
2883 2628 2998 2693 tibi,
3019 2629 3112 2682 ait.
3127 2646 3145 2678 ι
3175 2627 3272 2683 Cui
3293 2629 3629 2700 Cyprianus,
3656 2629 3768 2684 «fac
3789 2633 3916 2698 quod

2327 2720 2422 2774 tibi
2452 2730 2779 2790 prreccptum
2803 2729 2907 2785 est,
2941 2721 2993 2778 in
3025 2736 3085 2775 re
3113 2730 3218 2776 tam
3248 2721 3393 2790 justa
3418 2722 3570 2776 nulla
3608 2732 3694 2778 est
3715 2723 3914 2778 consul-

2329 2817 2482 2870 tatio.
2525 2835 2544 2869 ι
2576 2815 2711 2870 Tum
2741 2815 3058 2884 proconsul,
3095 2815 3164 2870 de
3186 2830 3337 2870 more
3375 2830 3692 2872 assessores
3713 2832 3827 2871 suos
3861 2817 3914 2871 in

2330 2911 2619 2968 consilium
2651 2909 2918 2976 adhibuit,
2939 2917 3002 2966 et
3044 2924 3166 2965 cum
3195 2909 3262 2964 de
3290 2909 3646 2966 damnatione
3670 2909 3920 2980 Cypriani

2327 3003 2472 3062 inter
2495 3016 2592 3058 eos
2632 3003 3003 3068 convenisset,
3049 3015 3174 3056 mox
3205 3000 3370 3066 idem,
3397 3011 3692 3072 antequam
3715 3013 3922 3058 senten-

2329 3095 2458 3156 tiam
2511 3110 2577 3150 ex
2625 3093 2820 3154 tabella
2853 3094 3129 3158 recitaret,
3180 3091 3587 3161 [traiectionem
3628 3093 3759 3150 dixit
3781 3094 3923 3160 ejus.

626 3188 937 3244 calendario
983 3186 1230 3252 ecclesia:
1278 3184 1418 3239 illius
1453 3191 1698 3254 apparet,
1750 3189 1870 3251 post
1897 3180 2016 3235 idus
2057 3193 2224 3250 augu—
2251 3197 2297 3262 ρ
2330 3188 2495 3252 modi,
2523 3203 2645 3258 qua;
2663 3198 2927 3256 quantum
2969 3186 3359 3244 contumeliosa
3393 3196 3536 3250 erat,
3561 3194 3771 3246 tantum
3796 3201 3922 3240 san-

625 3293 738 3336 stas
777 3280 1120 3343 celebrabant
1150 3296 1162 3331 :
1196 3286 1378 3332 manet
1423 3276 1476 3330 in
1525 3274 1768 3342 Ecclesia
1813 3272 2078 3344 Romana,
2106 3284 2225 3341 quae
2260 3271 2281 3276 “’

623 3379 734 3445 jam
765 3375 855 3430 diu
893 3390 944 3436 ix
993 3372 1100 3426 kal.
1136 3369 1473 3440 septembres
1522 3369 1769 3434 honorat,
1817 3367 1946 3422 olim
1995 3380 2062 3420 xv
2113 3364 2225 3428 kal.

625 3469 845 3523 eosdem
875 3465 1173 3520 recolebat.

703 3559 791 3614 IV.
825 3557 1033 3622 Uticam
1071 3555 1290 3610 demum
1324 3561 1403 3608 tot
1437 3551 1675 3608 exedibus
1704 3550 1970 3618 funestam
2013 3548 2228 3619 reliquit

625 3649 940 3725 proconsul,
982 3663 1043 3702 ac
1075 3662 1134 3702 se
1180 3643 1504 3701 valetudinis
1551 3657 1712 3710 causa
1756 3643 1809 3710 in
1859 3640 2225 3710 suburbanum

628 3743 969 3812 Carthaginis
1014 3741 1264 3806 contulit,
1293 3754 1453 3810 quem
1510 3738 1686 3792 locum
1735 3737 1960 3792 Sextum
1986 3733 2230 3803 appella-

633 3837 783 3891 bant.
817 3835 928 3890 Nec
956 3835 1172 3903 segnior
1198 3831 1501 3904 Cyprianus
1527 3839 1582 3886 et
1623 3829 1842 3888 latebris
1867 3829 1985 3896 suis
2025 3829 2077 3890 in
2105 3825 2230 3890 hor.-

628 3938 714 3984 tos
745 3929 924 3984 rediit.
962 3946 980 3980 ι
1007 3925 1416 3983 Conveniebant
1446 3923 1681 3992 interim,
1722 3941 1741 3974 ›
1794 3921 1967 3992 inquit
2007 3919 2230 3986 Pontius

633 4024 708 4094 (in
741 4022 857 4076 Vita
887 4021 1071 4094 (Συρίη,
1095 4039 1147 4076 n.
1181 4019 1294 4090 lli),
1332 4038 1350 4070 ί
1383 4021 1564 4088 plures
1609 4016 1810 4088 egregii
1843 4026 1901 4084 et
1943 4014 2227 4072 clarissimi

629 4116 836 4171 ordinis
851 4124 904 4172 et
921 4113 1223 4185 sanguinis,
1246 4113 1338 4168 sed
1362 4120 1417 4168 et
1443 4111 1624 4166 smculi
1655 4109 1934 4176 nobilitate
1955 4108 2229 4178 generosi,

631 4211 718 4281 qui
751 4216 968 4280 propter
998 4207 1288 4262 amicitiam
1321 4205 1439 4273 ejus
1467 4205 1741 4275 antiquam
1780 4217 2054 4266 secessum
2097 4201 2227 4272 sub-

629 4304 756 4357 inde
772 4301 1072 4366 suaderint;
1097 4308 1152 4354 et
1171 4315 1238 4353 ne
1268 4314 1452 4368 parum
1473 4307 1618 4354 esset
1640 4296 1780 4353 nuda
1801 4295 2041 4359 suadela,
2065 4295 2226 4350 etiam

630 4397 748 4449 loca
773 4437 788 4462 ,
837 4395 891 4447 in
938 4408 1058 4462 quae
1104 4389 1422 4455 secederet,
1455 4387 1774 4444 olferebant.
1806 4387 1902 4442 Ille
1951 4401 2079 4441 vero
2115 4385 2227 4455 jam

630 4487 912 4551 mundum,
942 4497 1201 4553 suspensa
1231 4481 1297 4536 ad
1321 4481 1517 4537 caelum
1547 4489 1749 4545 mente,
1771 4478 2102 4550 neglexerat,
2131 4490 2231 4548 nec

631 4578 868 4634 suadelis
917 4575 1317 4631 blandientibus
1362 4573 1655 4640 annuebat.
1695 4591 1714 4624 ι
1750 4572 1895 4626 lntcr
1939 4571 2074 4638 haec,
2106 4584 2251 4642 eum

631 4672 706 4725 nil
733 4672 841 4740 jam
870 4669 1036 4732 aliud,
1068 4684 1228 4738 quam
1260 4675 1569 4737 exoptatum
1600 4667 1724 4739 vita:
1756 4665 1918 4719 finem
1946 4665 2226 4736 cogitaret,

632 4774 686 4820 et
713 4764 970 4834 religandi
1006 4773 1217 4833 tempus
1257 4762 1448 4816 adesse
1465 4759 1755 4832 gauderet,
1781 4768 1840 4820 ut
1871 4759 2006 4818 liber
2032 4759 2142 4827 jam
2167 4771 2229 4828 ac

630 4860 822 4914 beatus
850 4856 1124 4912 crelestem
1157 4859 1208 4910 in
1242 4843 1472 4926 patriam
1499 4854 1807 4925 perveniret
1831 4871 1875 4905 ;‹
1908 4852 2172 4923 Repente,
2201 4869 2222 4906 ι

631 4965 687 5008 ιιι
714 4955 764 5008 in
793 4953 926 5009 actis
955 4957 1073 5023 ejus
1100 4952 1349 5022 legimus,
1386 4948 1594 5005 «idibus
1622 4947 1944 5017 septembris
1975 4947 2151 5018 Tusco
2177 4956 2232 5004 et

631 5048 800 5102 Basso
851 5060 994 5102 coss.
1037 5051 1303 5099 venerunt
1343 5041 1409 5110 ad
1460 5057 1583 5112 eum
1626 5040 1898 5112 principes
1927 5038 2056 5110 duo,
2090 5054 2228 5104 unus

631 5150 832 5196 strator
870 5139 1030 5195 officii
1077 5135 1276 5204 Galerii
1331 5134 1546 5204 Maxirm
1599 5133 1959 5203 proconsulis,
1989 5140 2043 5188 et
2089 5131 2230 5198 alius

630 5237 956 5306 equistrator
1001 5248 1030 5286 a
1059 5229 1318 5286 custodiis
1343 5225 1585 5298 ejusdem
1604 5225 1765 5298 ofﬁcii
1791 5241 1804 5278 :
1830 5225 1918 5296 qui
1947 5234 2006 5282 .et
2029 5225 2078 5278 in
2101 5241 2226 5277 cur-

632 5327 862 5382 riculum
906 5339 1029 5380 eum
1066 5324 1399 5387 levaverunt,
1430 5319 1481 5373 in
1515 5318 1802 5388 medioque
1826 5326 2145 5390 posuerunt,
2173 5326 2228 5374 et

627 5423 684 5475 in
741 5416 898 5474 Sexti
929 5415 1320 5486 perduxerunt.
1359 5429 1376 5464 ι
1413 5409 1524 5466 Nec
1556 5419 1734 5464 tamen
1784 5424 1849 5464 eo
1879 5409 1966 5463 die
1991 5424 2228 5478 procon-

627 5512 710 5566 sul
742 5509 1070 5581 Cyprianum
1098 5521 1279 5562 coram
1326 5502 1551 5575 produci
1600 5501 1793 5566 voluit,
1823 5501 1917 5564 sed
1946 5503 1998 5556 in
2031 5502 2225 5558 crasti-

627 5618 756 5658 num
791 5599 999 5670 rejecit,
1029 5601 1120 5669 qui
1166 5597 1275 5658 diei
1323 5597 1464 5652 illius
1516 5595 1920 5650 anniversarios
1950 5604 2089 5661 erat,
2119 5608 2226 5665 quo

630 5691 830 5743 Curubi
859 5705 953 5757 per
970 5690 1141 5742 visum
1167 5688 1235 5741 de
1263 5688 1522 5758 martyrio
1545 5702 1642 5743 suo
1662 5696 1807 5742 certa
1831 5685 2224 5757 significatione

635 5787 981 5842 cognoverat.
1037 5779 1309 5830 Deductus
1356 5787 1533 5829 autem
1581 5788 1663 5831 cst
1705 5778 1770 5831 ad
1819 5779 2118 5832 Stratorem
2171 5778 2221 5832 in

639 5861 943 5927 proximum
968 5865 1170 5928 vicum,
1198 5867 1289 5932 qui
1318 5866 1536 5918 Saturni
1568 5866 1863 5932 dicebatur,
1894 5868 2034 5934 inter
2063 5888 2081 5922 ς
2122 5870 2225 5926 Vc-

2252 4536 2310 4598 D

2330 3283 2557 3340 ctissimi
2601 3282 2840 3350 episcopi
2873 3290 3176 3352 perpetuos
3222 3279 3436 3338 labores
3477 3291 3539 3335 et
3588 3290 3932 3337 constantem

2331 3375 2583 3434 virtutem
2615 3373 2930 3434 extollebat.
2957 3391 2978 3423 ι
3011 3374 3161 3440 Diu,»
3194 3373 3388 3442 inquit,
3415 3373 3697 3442 «sacrilega
3739 3383 3936 3429 mente

2329 3469 2534 3533 vixisti,
2566 3477 2620 3524 et
2673 3468 2936 3537 plurimos
2977 3466 3199 3536 nefariae
3241 3468 3338 3523 tibi
3363 3464 3764 3536 conspirationis
3819 3467 3938 3520 bo-

2324 3566 2510 3628 ,mines
2563 3559 2866 3630 aggregasti
2891 3600 2906 3626 ,
2937 3570 2991 3616 et
3036 3559 3318 3626 inimicum
3367 3569 3419 3613 te
3443 3556 3541 3614 diis
3561 3554 3833 3613 Romanis
3872 3568 3942 3613 et

2331 3653 2503 3708 sacris
2535 3651 2744 3722 legibus
2782 3651 3129 3716 constituisti,
3165 3665 3266 3712 nec
3303 3660 3358 3704 te
3390 3650 3460 3720 pii
3485 3659 3540 3705 et
3571 3650 3941 3704 sacratissimi

2332 3745 2604 3816 principes
2622 3743 2941 3808 Valerianus
2958 3751 3013 3797 et
3039 3741 3322 3808 Gallienus
3350 3741 3596 3813 Augusti,
3616 3750 3675 3796 et
3699 3742 3945 3798 Valeria-

2331 3853 2433 3909 nus
2465 3837 2835 3906 nobilissimus
2879 3836 3062 3902 Caesar
3101 3835 3172 3902 ad
3219 3844 3431 3901 sectam
3483 3835 3946 3892 caeremoniarum

2333 3948 2554 3990 suarum
2586 3946 2845 3988 revocare
2865 3938 3174 4002 potuerunt.
3199 3930 3280 3985 .Et
3309 3929 3433 3986 ideo
3459 3945 3583 3986 cum
3609 3930 3684 3985 sis
3719 3930 3950 3999 nequis-

2332 4030 2594 4086 simorum
2626 4027 2916 4084 criminum
2971 4035 3160 4082 auctor
3189 4033 3246 4080 et
3271 4022 3499 4095 signifer
3534 4023 3952 4093 deprehensos,

2319 4121 2442 4178 .eris
2469 4123 2585 4192 ipse
2625 4121 2952 4188 documento
2981 4119 3090 4184 bis,
3124 4133 3263 4188 quos
3287 4118 3499 4174 scelere
3515 4124 3614 4172 tuo
3640 4127 3830 4176 tecum
3855 4131 3959 4187 ag.

2331 4214 2566 4286 gregasti
2593 4231 2605 4267 :
2631 4213 3027 4284 Sanguinetuo
3053 4211 3328 4268 sancietur
3370 4209 3683 4278 disciplina.
3715 4228 3739 4262 ι
3776 4209 3956 4278 Atque

2333 4305 2452 4360 haec
2500 4303 2787 4375 praefatus,
2819 4303 3094 4362 decretum
3139 4304 3226 4365 «sic
3266 4301 3679 4372 pronuntiavit:
3751 4322 3774 4353 α
3813 4301 3961 4355 τω.

2333 4399 2506 4453 scium
2533 4396 2859 4468 Cyprianum
2878 4396 3062 4466 gladio
3083 4394 3442 4458 animadverti
3465 4395 3716 4464 placet.)
3741 4393 3962 4451 Ultima

2336 4505 2466 4546 vero
2490 4488 2744 4561 Cypriani
2777 4503 2877 4543 vox
2906 4487 3029 4553 fuit,
3057 4506 3074 4538 ι
3107 4487 3217 4544 Deo
3241 4486 3461 4558 gratias.
3499 4503 3520 4536 ι

2406 4581 2474 4635 ν.
2508 4582 2603 4638 llic
2631 4589 2742 4636 tota
2785 4579 3215 4638 Christianorum
3259 4576 3552 4640 multitudo
3577 4578 3849 4647 graviter
3877 4577 3968 4631 in-

2320 4674 2539 4748 genuit,
2569 4672 2851 4740 auditique
2884 4673 2974 4741 qui
3019 4671 3264 4732 dicerent
3295 4688 3307 4722 :
3345 4688 3364 4720 ι
3402 4668 3468 4724 Et
3521 4682 3626 4722 nos
3665 4683 3806 4729 cum
3846 4669 3977 4736 ipse

2332 4767 2683 4824 decollemur.
2717 4785 2734 4819 ι
2765 4765 2837 4822 Ut
2861 4773 3046 4830 autem
3066 4762 3368 4836 Cyprianus
3397 4761 3530 4817 foris
3555 4760 3629 4816 ad
3673 4773 3980 4832 patentem

2329 4874 2512 4926 aream
2561 4858 2683 4924 duci
2712 4858 2898 4928 erepit,
2931 4870 3128 4926 magno
3156 4870 3278 4912 eum
3312 4852 3540 4908 tumultu
3583 4867 3808 4910 omnes
3845 4869 3990 4923 pro-

2331 4949 2500 5004 secuti
2523 4957 2668 5013 sunt,
2694 4960 2750 5002 ut
2777 4947 2982 5002 exitum
3010 4947 3256 5008 cominus
3283 4954 3532 5014 spectare
3579 4956 3848 5012 possent
3879 4961 3900 5009 ;
3933 4957 3993 4996 at

2327 5041 2468 5096 latus
2489 5040 2605 5109 ejus
2635 5039 2979 5106 centuriones
3006 5047 3062 5094 et
3084 5037 3282 5108 tribuni
3315 5037 3585 5106 tegebant,
3619 5047 3687 5091 et
3715 5038 3994 5092 militum

2329 5146 2531 5187 corona
2560 5131 2792 5200 stipabat
2815 5129 3081 5202 (Pontius,
3109 5129 3161 5182 in
3189 5130 3292 5182 vita
3319 5127 3502 5198 Cypr.,
3527 5143 3586 5194 _n.
3649 5127 3787 5198 18).
3823 5127 4000 5184 Μ

2329 5222 2456 5278 dum
2486 5221 2553 5278 ad
2579 5223 2822 5295 martyrii
2852 5221 3030 5290 locum
3060 5230 3278 5296 ventum
3309 5227 3442 5285 erat,
3471 5228 3526 5273 et
3545 5220 3718 5280 multi
3749 5220 3912 5290 jam
3949 5222 3999 5272 is

2328 5316 2551 5382 arbores
2579 5313 2955 5376 ascenderant,
2981 5322 3181 5382 caetera
3216 5311 3368 5384 turba
3399 5310 3541 5366 circa
3569 5325 3804 5368 aream
3839 5324 4004 5367 asta-

2330 5410 2440 5466 bat.
2488 5409 2623 5464 Tum
2667 5405 2968 5480 Cyprianus
3023 5407 3075 5462 in
3130 5405 3362 5462 mediam
3411 5419 3766 5475 progressus
3845 5408 4006 5479 (Aet.

2330 5502 2571 5568 Procos.,
2620 5519 2672 5556 η.
2709 5500 2789 5574 5),
2820 5499 3017 5564 rufam,
3050 5515 3212 5570 quam
3233 5497 3478 5569 gerebat,
3511 5496 3850 5556 lacerum
3905 5501 4010 5555 de-

2328 5596 2529 5665 posuit,
2554 5610 2617 5652 ae
2650 5594 2804 5654 ﬂexis
2832 5593 3084 5665 genibus,
3117 5602 3173 5647 ct
3216 5591 3390 5660 capite
3419 5589 3722 5664 inclinato,
3787 5604 4012 5662 prece;

2329 5689 2658 5750 Deotacitus
2687 5688 2841 5758 fudit.
2885 5685 3009 5749 Mox
3043 5694 3096 5742 et
3123 5682 3466 5755 dalataticam
3509 5683 3700 5749 exuit,
3751 5700 3850 5740 ac
3895 5684 4014 5738 dia-

2327 5781 2479 5836 conis
2511 5779 2748 5846 tradidit,
2779 5780 2895 5850 ipse
2921 5780 2975 5834 in
3001 5778 3142 5854 linea
3184 5785 3335 5832 veste
3363 5773 3830 5846 speculatorias);
3887 5793 4002 5846 api

2327 5871 2636 5944 rienszqui
2691 5880 2753 5944 _ut
2779 5869 2978 5939 adfuit,
3020 5868 3086 5926 ad
3133 5882 3263 5926 suos
3287 5880 3593 5938 conversus
3621 5866 4018 5943 Cypri-iussi
