4216 6282
637 298 778 362 1479

2060 312 2587 382 PROLEGOMENA.

3811 339 3946 397 1480

638 431 746 486 quo
766 414 958 472 mortis
982 420 1187 513 genere
1213 415 1418 513 finierit
1456 418 1644 478 vitam.
1674 421 1843 481 Nemo
1888 441 2233 487 consumma-
2261 438 2313 497 A
2340 439 2486 495 diani
2518 441 2621 512 (1).
2676 442 2747 498 At
2789 441 3062 513 Rigaltius
3102 445 3209 502 levi
3250 445 3543 505 admodum
3584 451 3946 512 fundamento

644 518 759 563 tum
787 508 1067 581 martyrio,
1102 509 1247 580 quod
1276 512 1707 581 meminerimus,
1742 519 1924 573 tradit.
1956 521 2091 576 Nam
2124 524 2246 579 ridi-

639 603 819 656 culum
852 611 970 667 est,
1012 610 1246 673 pergunt
1289 604 1487 668 iidem,
1521 607 1665 677 quod
1695 609 1933 667 Jacobus
1961 613 2243 685 Philippus

641 693 1024 764 Bergomensis
1066 696 1118 750 in
1152 698 1512 767 supplemento
1551 700 1921 759 Chronicorum
1950 706 2088 763 libro
2120 724 2243 775 vnt,

640 790 707 845 ad
736 807 934 846 annum
978 793 1086 850 259
1112 836 1127 861 ,
1158 796 1211 850 in
1251 797 1398 852 hunc
1436 798 1656 855 modum
1699 803 1890 859 scribit
1922 824 1933 859 :
1966 825 1984 857 ‹
2020 806 2245 864 Pontius

606 893 825 960 _antem
873 887 1041 956 ipsius
1092 889 1355 961 Cypriani
1406 895 1730 968 presbyter,
1783 900 1865 954 vir
1912 900 2248 959 sufﬁcienter

642 978 888 1034 eruditus
911 1021 925 1047 ,
959 990 1013 1036 et
1042 982 1093 1036 in
1124 982 1325 1041 divinis
1355 987 1844 1048 declamationibus
1868 997 2086 1066 egregie
2108 996 2243 1052 doc-

646 1081 754 1140 tus,
786 1082 1108 1146 tempestate
1139 1077 1239 1133 hac
1264 1088 1387 1150 post
1411 1080 1666 1153 Cypriani
1696 1095 1926 1141 mortem
1955 1088 2007 1143 in
2040 1088 2247 1145 Gallias

646 1166 869 1222 veniens
895 1209 911 1234 ,
956 1169 1097 1239 apud
1138 1168 1438 1241 Cymellam
1480 1174 1673 1231 urbem
1722 1180 1967 1249 martyrii
2016 1181 2247 1250 palmam

644 1261 872 1333 adeptus
901 1271 1005 1318 est.
1040 1264 1161 1333 Ipse
1190 1266 1335 1321 enim
1359 1283 1456 1324 sua
1489 1270 1873 1339 praedicatione
1897 1281 1953 1327 et
1984 1273 2248 1330 industria

645 1354 784 1409 duos
806 1354 1085 1425 Philippos
1108 1357 1464 1427 imperatores
1489 1361 1554 1415 ad
1579 1360 1851 1417 Christum
1879 1375 2247 1435 converterat,

644 1459 697 1503 ct
716 1449 857 1504 inter
882 1459 1099 1518 caetera,
1126 1462 1185 1506 ut
1204 1454 1546 1522 prtemissum
1571 1465 1674 1523 est,
1699 1459 1974 1529 egregium
2000 1460 2248 1515 volumen

645 1539 715 1595 dc
744 1541 852 1596 vita
895 1552 950 1598 et
989 1545 1243 1614 passione
1284 1548 1529 1619 magistri
1572 1559 1624 1605 et
1658 1552 1826 1621 patris
1871 1554 1953 1607 sui
1995 1552 2251 1625 Cypriani

646 1644 769 1703 post
793 1649 853 1691 se
882 1636 1127 1708 reliquit.
1154 1640 1224 1694 Et
1250 1656 1371 1696 cum
1401 1650 1621 1698 sanctus
1642 1643 1858 1700 habitus
1894 1646 1985 1713 sit,
2010 1647 2128 1716 ejus
2147 1646 2254 1701 fes-

2348 545 2456 585 non
2487 532 2661 586 solum
2705 533 3061 593 subdubitare
3086 537 3157 593 de
3200 538 3482 597 Pontiante
3512 542 3754 600 historia:
3805 546 3946 613 lide,

2348 624 2443 679 sed
2471 640 2588 679 eam
2629 627 2793 682 etiam
2842 629 3060 686 elevare
3088 632 3235 687 visus
3274 644 3379 689 est.
3428 634 3633 692 Scribit
3669 640 3819 694 enim
3863 639 3947 711 (2)

2346 720 2595 776 Pontium
2638 723 2924 781 rhetorica:
2965 726 3219 784 dictionis
3263 731 3490 800 gratiam
3535 734 3731 805 magis,
3781 751 3953 806 quam

2347 816 2672 871 narrationis
2692 816 2967 874 historicae
2984 820 3321 891 diligentiam
3344 822 3511 879 fuisse
3528 836 3909 882 consectatum
3938 849 3954 885 ε

2351 916 2611 977 praeterea
2645 910 2819 978 ipsum
2849 912 2918 966 de
2946 916 3113 982 gestis
3140 916 3469 971 sanctissimi
3502 918 3640 987 viri,
3669 936 3793 991 qua:
3823 932 3957 979 sunt

2352 1000 2472 1070 ejus
2513 1002 2756 1071 epistolis
2799 1006 3195 1075 comprehensa
3220 1049 3236 1074 ,
3283 1007 3418 1063 nihil
3461 1010 3705 1083 attigisse
3737 1030 3751 1067 :
3781 1023 3956 1086 atque

2352 1093 2485 1148 illud
2513 1095 2785 1165 praecipue
2807 1099 3073 1168 queritur,
3106 1101 3175 1156 ab
3199 1116 3266 1156 eo
3291 1101 3461 1158 fuisse
3486 1105 3766 1174 omissum,
3798 1110 3953 1180 quod

2351 1183 2420 1239 de
2452 1200 2510 1240 se
2543 1187 2664 1257 ipso
2707 1188 2895 1244 scribit
2919 1190 2977 1246 S.
3009 1190 3317 1262 Cyprianus
3341 1191 3456 1267 ('5);
3498 1196 3756 1253 nimirum
3788 1215 3957 1256 sanc-

2354 1286 2463 1332 tum
2505 1289 2799 1351 martyrem
2822 1324 2837 1349 ,
2870 1299 2991 1338 cum
3025 1286 3284 1343 rescisset
3312 1302 3372 1343 se
3400 1303 3431 1343 a
3457 1288 3835 1348 frumentariis
3870 1310 3958 1351 re.

2352 1371 2494 1441 quiri
2514 1412 2529 1439 ,
2566 1374 2831 1445 tantisper
2865 1376 3109 1434 latuisse.
3135 1379 3273 1448 Quin
3298 1397 3363 1437 eo
3395 1386 3665 1453 processit
3693 1387 3781 1442 vir
3806 1390 3958 1444 criti-

2351 1480 2481 1533 cus,
2528 1476 2585 1521 ut
2635 1468 2941 1526 istiusmodi
2985 1472 3253 1541 judicium
3302 1476 3545 1545 proferre
3585 1494 3697 1535 non
3742 1482 3960 1539 dubita-

2353 1560 2423 1613 rit
2451 1559 2526 1631 (4)
2553 1578 2566 1614 :
2598 1580 2616 1613 ι
2654 1561 2859 1631 Hanc,»
2893 1565 3088 1636 inquit,
3124 1567 3221 1622 «de
3241 1566 3499 1639 Cypriani
3527 1576 3799 1646 martyrio
3830 1593 3957 1633 nar-

2355 1654 2657 1710 rationem:
2692 1667 2750 1712 ut
2775 1668 2859 1713 est
2881 1657 3226 1729 brevissima,
3250 1661 3331 1719 sic
3349 1665 3514 1720 etiam
3542 1682 3668 1723 esse
3692 1670 3957 1742 antiquis-

646 1738 759 1784 tum
806 1746 842 1786 ιι
882 1730 1003 1787 idus
1047 1734 1174 1788 maii
1225 1735 1535 1791 celebratur
1576 1736 1678 1809 (1).
1718 1758 1736 1790 ι
1780 1739 1895 1805 Qua
1941 1740 2255 1794 narratione
2356 1748 2550 1802 simam
2606 1749 2961 1807 arbitramur.
2986 1753 3225 1809 Plurima
3256 1754 3487 1814 Pontius
3524 1762 3760 1833 pioerga
3792 1730 3957 1819 situm

646 1824 1000 1879 confunditur
1032 1825 1119 1879 hic
1147 1827 1373 1881 Pontius
1402 1828 1665 1883 diaconus
1702 1846 1823 1884 cum
1855 1832 2028 1887 altero
2058 1832 2252 1887 Pontio
2280 1838 2328 1898 B
2356 1844 2673 1914 episcopum
2726 1844 2921 1902 ali‘ectu
2944 1889 2959 1913 ,
3021 1848 3290 1905 rhetorica
3357 1824 3613 1910 libertate
3666 1824 3957 1926 ingeniose

647 1924 920 1987 martyre,
953 1917 1108 1987 cujus
1132 1917 1307 1988 agitur
1341 1935 1433 1973 xrv
1465 1922 1591 1976 mali
1632 1924 1924 1988 memoria;
1958 1924 2100 1993 quod
2132 1932 2255 1995 post

647 2010 945 2064 Aubertum
981 2009 1219 2065 Miramm
1249 2010 1331 2082 (‘2)
1369 2022 1706 2070 annotarnnt
1740 2015 2054 2071 Ruinartius
2084 2016 2162 2088 (5)
2196 2026 2250 2072 et

649 2101 961 2159 Ceillierius
990 2103 1093 2174 (4).

1248 2248 1546 2289 Αιιτιευιυε
1584 2251 1641 2290 ΙΙ.

1124 2322 1303 2379 Pontii
1327 2326 1530 2381 diaconi
1562 2327 1793 2396 Scripta.

724 2437 809 2493 llI.
842 2438 1030 2494 Exstat
1052 2438 1211 2509 hujus
1242 2440 1418 2496 Pontii
1448 2442 1517 2497 de
1540 2441 1660 2496 Vita
1692 2452 1745 2497 et
1768 2440 2030 2498 Passione
2061 2443 2119 2498 S.
2148 2440 2253 2514 Cy-

656 2532 827 2601 priani
859 2535 1120 2601 narratio,
1145 2550 1265 2605 qua:
1293 2549 1359 2590 eo
1391 2534 1603 2591 ﬁdelior
1636 2545 1691 2591 et
1722 2537 1946 2602 certior,
1981 2545 2038 2591 ut
2070 2536 2251 2592 verbis

652 2624 924 2679 liuinartii
970 2634 1088 2680 utar
1115 2624 1196 2696 (5)
1239 2626 1520 2695 habenda,
1566 2628 1711 2698 quod
1739 2630 1826 2694 ei,
1866 2638 1925 2684 ut
1954 2630 2250 2700 plurimum

652 2717 994 2783 interfuerat,
1020 2728 1074 2774 et
1095 2736 1217 2791 qua!
1245 2736 1428 2777 coram
1455 2724 1669 2793 positus
1698 2724 1945 2791 viderat,
1981 2734 2036 2781 et
2061 2726 2252 2781 audie-

655 2818 763 2876 rat,
794 2810 863 2865 ab
890 2825 955 2866 eo
981 2811 1307 2867 referantur.
1339 2813 1429 2869 Sic
1451 2814 1594 2869 enim
1627 2816 1763 2886 ipse,
1787 2816 2044 2888 Cypriani
2071 2833 2255 2875 comes

656 2901 964 2959 individuus
992 2945 1006 2970 ,
1040 2906 1409 2962 narrationem
1450 2921 1601 2962 suam
1643 2909 1846 2964 claudit
1892 2908 2010 2981 (6):
2054 2929 2073 2962 ι
2111 2911 2256 2967 Inter

657 2994 911 3063 gaudium
945 2997 1215 3068 passionis
1240 3008 1294 3053 et
1324 3000 1640 3055 remanendi
1670 3000 1913 3057 dolorem
1936 3046 1950 3068 ,
1991 3002 2041 3056 in
2076 3012 2259 3071 partes

654 3086 861 3144 divisus
891 3090 1144 3157 animus,
1186 3100 1241 3146 et
1283 3102 1570 3163 angustum
1602 3092 1762 3149 nimis
1803 3104 1992 3165 pectus
2031 3095 2257 3152 affectus

656 3180 907 3253 duplices
948 3194 1201 3239 onerant.
1240 3184 1464 3240 Multum
1498 3201 1561 3242 ac
1599 3186 1759 3241 nimis
1792 3188 2018 3243 multum
2050 3187 2119 3244 de
2143 3188 2261 3255 ejus

2349 1946 2690 1993 commentus
2717 1948 2822 1995 est.
2854 1938 3019 1995 Multa
3070 1942 3235 1997 etiam
3266 1942 3355 1997 alii
3386 1959 3489 2015 pro
3533 1957 3690 2017 captu
3717 1951 3955 2021 quisque

2352 2044 2453 2084 suo
2522 2029 2840 2100 adjecerunt
2904 2033 3081 2088 aliena
3141 2036 3384 2103 saeculo,
3436 2037 3610 2093 aliena
3656 2045 3953 2110 personis,

2353 2121 2599 2192 quazdanr
2654 2124 2815 2180 etiam
2875 2125 3231 2183 detraxerunt
3296 2128 3454 2185 valde
3490 2131 3667 2197 bona;
3730 2143 3789 2187 ut
3825 2135 3949 2203 jam

2352 2230 2522 2286 pauca
2560 2218 2858 2287 supersint,
2891 2234 3009 2289 qua:
3026 2228 3284 2289 praestare
3299 2222 3561 2292 possimus
3574 2223 3899 2295 sincera(5).
3917 2244 3939 2277 ι

2356 2307 2485 2363 Hazc
2515 2306 2630 2374 ille,
2663 2310 2843 2367 verbis
2874 2321 2996 2367 utor
3023 2312 3225 2369 Labbei
3254 2311 3335 2386 (6)
3369 2325 3698 2387 praepostero
3728 2318 3949 2372 novita-

2355 2399 2424 2455 tis
2456 2400 2637 2455 studio
2680 2402 2733 2456 in
2767 2402 3158 2460 detrimentum
3193 2406 3477 2463 catholicae
3515 2409 3760 2464 veritatis
3786 2428 3800 2465 :
3824 2426 3953 2481 qua:

2353 2488 2645 2547 falsissima
2676 2494 2932 2564 arbitror,
2965 2506 3021 2552 et
3045 2499 3221 2553 sancti
3251 2498 3591 2571 Hieronymi,
3614 2503 3707 2572 qui
3741 2520 3759 2553 ‹
3802 2518 3957 2574 egre-

2353 2583 2499 2654 gium
2522 2586 2798 2653 volumen,
2838 2605 2858 2640 ι
2895 2589 3055 2659 quale
3093 2590 3257 2646 modo
3290 2607 3487 2649 omnes
3515 2591 3785 2651 Catholici
3826 2612 3954 2653 eru-

2354 2679 2558 2735 ditione
2612 2690 2935 2751 praestantes
2975 2696 3295 2756 agnoscunt,
3337 2688 3399 2742 de
3448 2686 3563 2741 Vita
3609 2699 3661 2743 et
3703 2689 3955 2747 Passione

2354 2772 2603 2844 Cypriani
2632 2775 2701 2831 ab
2728 2792 2793 2831 eo
2822 2777 3072 2833 relictum
3106 2789 3332 2834 testatus
3355 2792 3469 2847 est,
3498 2784 3809 2837 auctoritati
3828 2801 3953 2839 cer-

2358 2866 2601 2933 tissimae,
2622 2876 2784 2939 atque
2810 2873 3055 2926 omnium
3078 2870 3345 2929 bonorum
3369 2874 3435 2931 de
3461 2876 3636 2931 Pontii
3666 2881 3955 2936 sanctitate

2356 2974 2420 3015 ac
2448 2959 2551 3016 ﬁde
2585 2961 2829 3032 opinioni
2865 2964 3285 3035 implacabiliter
3317 2972 3633 3040 pugnantia.
3674 2974 3765 3027 Est
3802 2974 3954 3029 enim

2358 3054 2787 3112 sincerissimum
2818 3057 2951 3113 illud
2983 3061 3338 3130 opusculum,
3372 3078 3437 3118 ac
3465 3066 3647 3135 primae
3672 3067 3812 3122 inter
3842 3084 3952 3123 au-

2356 3146 2505 3216 tiqua
2535 3156 2779 3203 veterum
2817 3159 3115 3222 martyrum
3146 3164 3297 3221 acta,
3331 3156 3451 3211 sive
3482 3158 3617 3213 vitas
3647 3167 3813 3230 atque
3837 3160 3953 3216 clo-

657 3232 2260 3349 ;.:.;;.';;.i.‘;;;i;;.naggara:1.1.1.4123;sit:13:
2285 3232 2329 3296 C
2362 3238 2448 3308 είει
2477 3238 2823 3344 sanationis.
2856 3241 3010 3348 (ξυοα
3030 3244 3074 3299 εί
3095 3245 3212 3301 haec
3373 3249 3609 3349 ουξιιίεπη
3640 3251 3950 3349 coram?"

658 3368 885 3438 proinde
924 3369 1103 3423 Pontii
1135 3370 1387 3438 libellus,
1435 3386 1597 3440 quem
1632 3391 1649 3423 ι
1690 3373 2058 3428 cultissimum
2108 3375 2259 3429 volu-

660 3477 781 3517 men
819 3481 837 3514 ›
864 3460 1104 3531 appellat
1149 3461 1394 3533 Scaliger
1432 3463 1511 3535 (7)
1566 3464 1650 3519 vel
1700 3480 1767 3520 eo
1806 3465 1998 3520 saltem
2038 3467 2257 3523 nomine

658 3553 877 3624 plurimi
914 3552 1196 3609 ducendus
1236 3555 1505 3624 videatur,
1540 3558 1683 3628 quod
1726 3559 1845 3629 ejus
1880 3570 2069 3616 auctor
2102 3563 2255 3618 testis

658 3649 915 3708 αὐτοπτης
957 3645 1155 3712 fuerit,
1186 3647 1312 3702 licet
1335 3648 1387 3703 in
1419 3649 1584 3704 rebus
1610 3652 1930 3708 enarrandis
1963 3654 2107 3726 stylo
2134 3653 2250 3711 for-

660 3750 805 3797 tasse
834 3741 1123 3811 comptiori
1148 3756 1300 3804 usus.
1333 3759 1494 3814 quam
1520 3753 1581 3800 ut
1610 3740 1928 3803 historicum
1962 3749 2171 3805 deceat.

741 3833 831 3889 lV.
865 3835 1046 3906 Atque
1077 3836 1151 3890 ita
1192 3835 1411 3905 quidem
1452 3837 1576 3908 jure
1611 3851 1940 3896 censuerunt
1978 3840 2046 3897 de
2090 3842 2261 3897 sancti

661 3927 823 3997 hujus
850 3927 1064 3983 diaconi
1096 3928 1358 3999 opusculo
1385 3929 1487 3984 viri
1510 3931 1841 4001 doctissimi,
1874 3933 2140 3991 Baronius
2169 3937 2257 3991 in-

661 4020 871 4092 primis,
898 4021 976 4077 sic
998 4023 1251 4092 inquiens
1272 4022 1351 4096 (8)
1383 4042 1395 4078 :
1437 4042 1455 4076 ι
1486 4024 1689 4081 Eadem
1717 4036 1836 4082 acta
1857 4044 1885 4081 a
1915 4029 2073 4085 nobis
2097 4046 2258 4101 supe-

660 4113 773 4168 rius
795 4128 940 4184 saepe
965 4114 1149 4183 citata,
1174 4131 1238 4171 ac
1263 4117 1464 4186 pariter
1483 4120 1734 4187 recitata,
1775 4136 1929 4188 neque
1960 4121 2260 4180 fulciuntur

662 4209 974 4264 testimonio
1001 4211 1286 4281 Augustini
1310 4212 1501 4269 eadem
1525 4214 1578 4268 in
1611 4228 1706 4269 sua
1731 4216 2052 4273 tractatione
2081 4218 2133 4273 in
2162 4236 2257 4275 na-

661 4301 756 4356 tali
784 4302 872 4356 die
913 4301 973 4358 S.
1014 4301 1273 4374 Cypriani
1302 4306 1652 4372 attextentis,
1686 4324 1807 4378 qua:
1848 4309 2034 4366 itidem
2062 4327 2255 4368 recen-

661 4396 769 4451 suit
797 4395 1024 4452 Pontius
1050 4394 1334 4452 diaconus.
1369 4398 1474 4453 Sed
1505 4400 1607 4455 etsi
1636 4400 1781 4455 nulla
1802 4402 1869 4458 ab
1896 4401 2023 4459 aliis
2056 4421 2256 4476 suppe-

663 4500 841 4548 terent
877 4491 1220 4558 testimonia,
1254 4491 1368 4562 ipsa
1407 4492 1509 4548 sibi
1542 4502 1745 4550 certam
1785 4505 1948 4566 atque
1988 4499 2255 4556 sinceram

662 4585 715 4639 in
737 4584 987 4641 omnibus
1008 4599 1108 4641 suo
1128 4584 1369 4641 candore
1388 4585 1550 4642 ﬁdem
1572 4586 1865 4643 vindicant.
1899 4608 1918 4640 ι
1942 4588 2067 4645 Haec
2089 4591 2259 4647 maxi-
2283 4625 2336 4686 Β

664 4693 784 4732 mus
813 4677 1085 4732 annalium
1117 4677 1378 4735 Ecclesia:
1399 4695 1618 4751 parens.
1641 4680 1827 4751 Neque
1856 4683 2015 4739 aliter
2043 4684 2259 4740 Bollan-

738 4788 816 4862 (Ι)
846 4788 1054 4845 Eodem
1077 4791 1238 4847 modo
1260 4792 1495 4865 loquitur
1522 4795 1856 4853 Trithcmius
1882 4798 1949 4855 de
1972 4798 2031 4855 S.
2059 4799 2257 4858 Pontio

752 4861 998 4903 ίῖηιηιηηη
1050 4878 1151 4903 mm
1201 4863 1270 4903 ιφ

669 4862 722 4918 in
752 4861 1020 4934 Catalogo,
1050 4878 1171 4932 cap.
1200 4863 1291 4920 42.
1330 4861 1345 4865 ’

669 5007 679 5019 .
739 4933 1908 5028 (Ξ),,⁹Ξ³ξ,ίι,“ὶεὲ--ἓέί.ι1ἱἐξμὲ,εἶρξὶιίρηιηπεγτθ
1941 4941 2258 5028 Gallican?»

666 5006 893 5083 irrideri)
917 5007 1354 5083 martyrologium
1379 5008 1551 5065 relato
1577 5027 1669 5065 xrv
1698 5006 1849 5077 mali,
1878 5013 2018 5083 apud
2042 5006 2259 5073 Fabric:

667 5077 914 5132 Biblioth.
946 5077 1148 5144 eodem,
1176 5077 1272 5133 lib.
1305 5096 1376 5135 vr.

740 5150 818 5228 (ἦ)
849 5149 1218 5228 Cave-tamen,
1242 5164 1310 5206 ne
1334 5151 1476 5228 hunc
1506 5167 1627 5207 cum
1649 5154 1842 5228 Pontio
1869 5165 2105 5228 martyre
2127 5174 2255 5214 con-

669 5218 884 5293 fundas,
917 5221 1025 5293 qui;
1049 5218 1325 5293 Philippos
1365 5223 1721 5293 imperatores
1760 5227 1825 5281 ad
1860 5218 2028 5282 ﬁdem
2052 5228 2257 5286 Christi

668 5291 958 5367 adduxisse
996 5291 1213 5367 dicitur,
1243 5292 1321 5367 tle
1363 5291 1472 5365 quo
1500 5295 1653 5365 plura
1695 5298 1837 5367 apud
1869 5299 2258 5357 Bollandianos

669 5364 735 5444 ad
766 5363 908 5419 diem
931 5379 1038 5444 λίψ
1063 5364 1210 5418 maii.
1242 5363 1769 5444 Ruinart,'r_r_ot._62',
1796 5370 1847 5425 in
1881 5369 1997 5423 Act.
2030 5371 2256 5444 Martyr.

672 5434 898 5506 Sineret
924 5434 1292 5506 Setect.,gpag.
1329 5437 1454 5504 188,
1487 5437 1619 5494 edit.
1646 5439 1950 5497 Veronens.

744 5506 826 5576 (4)
856 5504 1108 5583 Ceillier,
1145 5504 1285 5564 Hist.
1318 5524 1509 5583 gener.
1553 5510 1641 5564 des
1685 5510 1923 5581 Auteurs,
1976 5522 2107 5570 tom.
2161 5530 2257 5583 tn,

671 5576 830 5649 chap.
861 5580 914 5649 1,
944 5589 1046 5631 art.
1076 5579 1131 5643 7,
1155 5592 1280 5649 pag.
1312 5576 1445 5634 ἷξε.

768 5649 823 5723 εξ)
856 5648 1105 5723 Buinart,
1128 5647 1244 5723 A_c_t.
1280 5650 1530 5723 Martyr.,
1557 5668 1610 5720 ρ.
1639 5669 1713 5707 ιη.
1746 5656 1872 5711 171.

774 5719 830 5796 6)
859 5720 1038 5796 fon},
1072 5720 1139 5796 de
1170 5719 1270 5796 Yit.
1299 5733 1346 5796 et
1374 5719 1527 5796 Pass.
1558 5719 1621 5779 S.
1650 5723 1923 5796 Cyprium,
1950 5726 1978 5796 §
2012 5729 2100 5784 l9.

856 5790 1077 5868 Scalig.,
1108 5791 1378 5868 Αζιὶιηιιιίυἶ
1400 5796 1452 5868 in
1478 5790 1977 5868 Chronici'Euseb'q'
1999 5815 2050 5868 ρ.
2078 5800 2205 5858 256.

746 5857 825 5924 (δ)
853 5857 1072 5923 Βίιινοιιη
1105 5861 1173 5912 ad
1202 5878 1325 5917 ann.
1352 5865 1479 5928 261,
1516 5865 1543 5939 ᾗ
1573 5867 1663 5919 59.

2358 3333 2728 3404 suspicionem
2773 3337 2994 3404 veniat,
3039 3349 3292 3411 suspecta
3336 3345 3541 3412 pariter
3567 3354 3725 3402 erunt
3760 3356 3815 3402 et
3848 3347 3948 3402 alia

2356 3435 2475 3480 acta
2505 3428 2715 3497 quaevis
2752 3437 2807 3485 et
2846 3431 2962 3501 ipse
2989 3434 3163 3488 sancti
3203 3437 3493 3506 Augustini
3523 3454 3701 3494 sermo
3728 3438 3798 3494 de
3834 3438 3948 3509 Cy-

2357 3519 2548 3586 priano
2576 3522 2901 3577 veneranda:
2944 3527 3284 3595 antiquitatis
3330 3530 3600 3585 eximium
3670 3533 3951 3605 κειμήλιον.

2355 3610 2627 3669 Hactenus
2654 3615 2735 3670 vir
2764 3616 2975 3675 doctus.
3007 3619 3139 3687 Quae
3170 3620 3331 3677 latius
3362 3623 3553 3680 videas
3570 3627 3717 3696 apud
3737 3626 3956 3681 Bollan-

2357 3711 2548 3768 dianos
2580 3713 2658 3785 (7)
2689 3712 2930 3771 diducta.
3864 3720 3869 3723 “
3890 3706 3948 3725 “”

2945 3847 3239 3890 Αιιτιευιυε
3278 3849 3356 3892 Ill.

2358 3968 2436 4023 De
2451 3968 2589 4024 Actis
2616 3968 2888 4028 Pontiano:
2917 3972 3145 4029 histor-iw
3186 3975 3459 4045 subiectis,
3501 3987 3547 4032 et
3573 3980 3699 4049 quid
3733 3997 3875 4036 cura:
3910 3981 3967 4037 in

2465 4065 2688 4130 utrisque
2714 4064 2921 4120 edendis
2961 4065 3247 4121 adhibitum
3282 4069 3434 4138 fuerit
3452 4086 3482 4123 a
3508 4070 3625 4124 viris
3650 4071 3835 4125 doctis.

2430 4200 2549 4256 Jam
2576 4216 2703 4256 vero
2734 4201 2803 4258 de
2833 4202 2983 4257 Actis
3010 4203 3140 4270 illis,
3172 4218 3295 4273 qum
3333 4203 3490 4274 pontii
3531 4204 3789 4273 opusculo
3818 4221 3968 4275 pas-

2360 4295 2459 4349 sim
2506 4296 2853 4362 adtexuntur,
2906 4297 3090 4368 accipe
3130 4297 3212 4353 Cl.
3244 4297 3508 4353 Ruinartii
3540 4296 3825 4367 judicium,
3876 4300 3972 4355 in-

2359 4389 2474 4459 quit
2512 4387 2827 4445 Gallandius
2858 4388 2936 4461 (8)
2979 4390 3133 4461 cujus
3172 4390 3467 4446 editionem
3501 4391 3641 4463 typis
3682 4392 3975 4449 excuden-

2362 4482 2484 4539 dam
2528 4483 2834 4541 curavimus
2872 4485 2977 4559 (9).
3025 4504 3045 4539 r
3096 4488 3229 4543 Acta
3269 4488 3538 4557 passionis
3570 4490 3631 4545 S.
3678 4488 3971 4561 Cypriani,

2431 4645 2509 4718 (1)
2538 4645 2807 4776 ῗοιιειιιίη
2849 4647 2963 4703 Act.
2994 4647 3102 4705 SS.
3135 4647 3299 4717 MM.,
3326 4658 3457 4705 tom.
3491 4665 3532 4715 ι,
3559 4649 3713 4705 Mart.
3745 4664 3802 4720 p.
3831 4650 3973 4717 75o,

2431 4737 2513 4776 Im.
2580 4759 2595 4774 .

2362 4736 2513 4776 num.
2541 4736 2595 4776 4.

2434 4791 2514 4865 (2)
2557 4793 2781 4864 Rigalt.,
2818 4795 2886 4848 ad
2913 4794 3162 4865 Cyprian.
3208 4792 3311 4864 Ep.
3352 4810 3583 4862 Lxxxnt,
3621 4802 3676 4849 et
3714 4792 3773 4849 in
3831 4793 3979 4850 edit.

2362 4864 2464 4919 0x.
2494 4879 2688 4920 Lxxxr.

2462 4934 2519 5005 5)
2546 4934 2827 5007 Cyprium,
2862 4935 2966 5007 Ep.
2996 4952 3215 5002 Lxxxnt,
3248 4937 3333 4992 ed.
3360 4937 3464 4993 ΟΧ.
3495 4953 3685 4993 Lxxxt.

2461 5008 2515 5083 4)
2558 5007 2757 5083 Rigalt.
2800 5017 2923 5083 post
2958 5008 3169 5083 pratiat.
3215 5011 3268 5062 in
3308 5019 3419 5083 not.
3449 5011 3517 5083 ad
3551 5012 3676 5063 Acta
3709 5008 3981 5083 Martyr.,

2363 5094 2482 5151 qua)
2500 5080 2768 5151 incipiunt
2800 5097 2813 5133 :
2847 5079 2973 5136 Cum
2999 5080 3061 5135 S.
3093 5079 3315 5150 Martyr.
3349 5079 3657 5151 Cyprianus,
3683 5091 3806 5137 etc.

2435 5150 2514 5222 (5)
2544 5150 2869 5221 lnterpolala
2901 5151 3088 5207 eadem
3114 5153 3256 5206 mala
3283 5150 3625 5206 librariorum
3651 5153 3972 5210 admodum

2362 5224 2725 5294 recentisitevi
2758 5223 3045 5278 sedulitate
3072 5223 3232 5278 etiam
3264 5225 3494 5289 censuit,
3517 5222 3613 5294 sed
3646 5225 3808 5279 nullo
3842 5243 3978 5294 pro-

2364 5293 2473 5365 lato
2514 5293 2691 5349 solido
2741 5305 3059 5365 argumento
3103 5295 3286 5349 Ernst.
3338 5294 3485 5349 Salo.
3537 5292 3864 5364 Cyprianus
3914 5295 3980 5350 ad

2363 5364 2750 5436 Hieronymum
2774 5364 2976 5421 docuit.

2434 5434 2513 5508 (6)
2540 5434 2735 5504 Labb.,
2770 5436 2986 5493 Dissert.
3031 5438 3154 5492 hist.
3184 5437 3247 5491 de
3281 5435 3474 5508 Script.
3515 5438 3666 5500 eccl.,
3716 5447 3865 5494 tom.
3913 5455 3977 5504 ιι,

2443 5507 2575 5563 252.

2365 5522 2575 5579 p.202.

2437 5579 3071 5661 (ἒὶιέοὲἓειηίὲονιοεο.οίι-
3314 5652 3346 5661 ί.
3416 5658 3425 5661 ,
3697 5652 3711 5661 .

2461 5580 2515 5651 7)
2549 5580 2819 5645 Bolland.,
2847 5580 2953 5636 loc.
2978 5580 3071 5636 cit.

2436 5580 2513 5722 (8)
2546 5651 2791 5708 Galland.
2823 5660 2918 5705 vet.
2940 5650 3091 5706 Patr.
3134 5650 3381 5707 Biblioth.
3413 5658 3543 5704 tom.
3571 5664 3665 5719 ιιι,
3696 5652 3758 5708 in
3795 5653 3979 5710 Prole-

2366 5739 2511 5796 3003:
2554 5722 2790 5796 cap-10.
2824 5737 2944 5796 pag:
2978 5722 3068 5778 50-

2437 5793 2540 5936 (9)§
2566 5793 2834 5921 iRuinart.
2902 5792 3017 5849 Act.
3079 5792 3275 5867 Marty.
3330 5793 3474 5850 Siuc.
3539 5808 3663 5867 pag.
3729 5796 3867 5865 171,
3927 5803 3976 5851 et

2437 5884 2481 5936 ιι.
2603 5903 2617 5919 .

2366 5882 2481 5939 seq.
2512 5866 2540 5936 ἐ
2566 5866 2617 5921 1.
