4134 6256
244 276 348 333 M81

819 271 878 329 S.
920 266 1215 327 PONTIUS
1256 266 1611 334 DIACONUS,
1652 266 1741 323 DE
1784 264 1943 322 VITA
1982 263 2069 319 ET
2110 262 2443 321 PASSIONE
2471 262 2529 319 S.
2558 258 2902 320 CYPRIANI.

3360 259 3495 313 1482

240 399 368 461 prout
391 404 452 446 ea
480 403 620 445 nunc
646 387 927 451 habemus,
960 384 1228 454 duplicem
1258 385 1428 455 ipsius
1456 400 1639 439 coram
1668 400 1791 455 pro-
1818 407 1871 467 Α
1896 384 2034 439 libus
2065 384 2303 447 redacta;
2345 382 2505 437 simul
2531 396 2653 437 cum
2696 381 2871 437 Pontii
2916 378 3099 435 libello
3139 377 3207 433 de
3235 374 3489 449 Cypriani

238 482 428 536 consule
466 479 861 535 confessionem
905 476 1203 541 continent,
1252 491 1318 530 ex
1364 476 1493 545 ipsis
1518 476 1664 530 Actis
1694 492 1792 545 pn-

237 572 368 628 blicis
404 581 653 641 excerpta
677 612 691 635 ,
725 584 845 640 qua:
875 583 904 621 a
952 567 1009 622 S.
1052 568 1354 638 Augustino
1392 569 1505 621 visa
1551 568 1795 638 lectaque

236 666 374 720 luisse
400 673 611 720 constat
651 678 721 719 ex
764 662 881 731 ejus
908 660 1169 717 Sermone
1197 659 1303 715 309
1347 659 1652 715 novissimae
1682 660 1796 715 edi-

237 758 386 821 tionis,
418 772 538 812 cum
587 756 632 810 is
682 755 792 809 fere
822 762 964 807 totus
990 767 1059 807 ex
1097 751 1288 806 horum
1332 756 1586 806 Actorum
1616 752 1797 806 verbis

235 858 490 906 contextus
532 849 623 904 sit.
666 847 863 914 Quanti
893 861 1022 901 vero
1048 844 1310 915 ejusmodi
1339 846 1467 901 Acta
1494 862 1519 897 a
1548 845 1797 901 fidelibus

234 943 350 997 facta
392 941 612 1007 fuerint,
658 938 785 994 illud
828 947 1147 1007 argumento
1190 945 1294 999 est,
1327 937 1491 1007 quod,
1522 938 1795 1008 Cypriano

232 1036 369 1090 etiam
397 1032 709 1104 superstite,
747 1031 857 1101 jam
889 1031 1075 1101 prima:
1115 1029 1232 1099 ejus
1272 1029 1628 1085 confessionis
1665 1032 1796 1084 Acta

232 1127 275 1180 in
303 1121 527 1181 omnium
548 1124 795 1178 manibus
818 1123 1164 1178 haberentur.
1197 1121 1275 1186 ld,
1300 1134 1498 1192 praeter
1520 1123 1792 1189 Pontium,

229 1216 579 1282 thnesianns,
609 1216 808 1286 aliique
840 1225 1105 1285 martyres
1146 1216 1197 1269 in
1236 1217 1458 1271 metallo
1494 1218 1792 1282 constituti,

228 1317 453 1363 asserunt
480 1307 534 1361 in
566 1307 813 1376 epistola,
832 1324 953 1378 quae
980 1318 1063 1362 est.
1089 1308 1230 1363 inter
1260 1308 1611 1380 Cyprianicas
1641 1324 1793 1364 novae

229 1400 454 1455 editionis
470 1414 669 1463 Lxxvtt,
692 1398 912 1453 Parnelii
933 1415 1121 1463 vam,
1151 1399 1503 1466 Quasibonus,
1525 1401 1791 1470 inquiunt,

225 1502 423 1547 etvetus
457 1491 653 1554 doctor,
705 1491 829 1560 quid
868 1507 957 1545 nos
1006 1492 1245 1562 discipuli
1270 1498 1427 1546 secuti
1474 1494 1616 1563 apud
1658 1510 1794 1564 prte-

223 1584 366 1636 sidem
405 1584 571 1636 dicere
621 1582 856 1636 debemus
884 1624 898 1649 ,
941 1585 1083 1653 prior
1114 1586 1255 1654 apud
1303 1585 1434 1638 Acta
1477 1586 1797 1654 proconsulis

221 1675 561 1744 pronuntiasti,
589 1683 637 1728 et
667 1675 784 1728 tuba
805 1691 990 1729 canens
1010 1673 1108 1728 Dei
1130 1676 1313 1729 milites
1330 1676 1611 1731 caelestibus
1640 1677 1797 1730 armis

217 1766 470 1821 instructos
511 1766 579 1819 ad
626 1767 998 1836 congressionis
1046 1768 1281 1835 praelium
1354 1769 1606 1822 excitaui.
1673 1769 1795 1823 Haec

215 1871 361 1926 porro
381 1854 528 1910 Actis
559 1856 622 1910 iis
639 1855 934 1925 adjunctis,
957 1872 1075 1926 quae
1095 1857 1146 1910 in
1166 1868 1404 1912 extrema
1430 1857 1791 1925 confessione,

209 1958 260 2004 ct
287 1949 391 2016 ipsa
417 1954 592 2003 morte
607 1950 964 2018 contigerant,
986 1948 1041 2001 in
1071 1964 1233 2003 unum
1259 1949 1575 2004 fasciculum
1604 1965 1633 2003 a
1664 1950 1794 2007 lide-

218 2093 632 2147 Ξ

769 2135 1003 2145 -ι-ι

632 2281 901 2423 DE
993 2279 1473 2427 VITA
1566 2282 1811 2423 ET

1901 478 2017 532 Vita
2052 475 2118 530 ad
2150 491 2246 530 nos
2277 490 2447 546 usque
2482 484 2875 543 pervenerunt;
2918 486 3087 541 eaque
3124 470 3301 525 omnia
3327 469 3493 538 ipsius

1897 571 2068 624 sancti
2116 569 2369 640 Cypriani
2421 569 2676 639 operibus
2734 566 2951 638 praefixa
2988 574 3114 620 sunt
3154 565 3207 619 in
3248 564 3491 620 editione

1898 661 2197 717 Oxoniensi
2228 660 2332 735 (l).

1978 774 1996 806 ε
2030 754 2273 824 Utraque
2303 762 2486 809 autem
2515 753 2583 809 ad
2614 753 2903 809 nonnullos
2930 753 3086 809 codd.
3143 768 3274 807 mss.
3308 768 3494 809 rursus

1898 855 2085 901 exacta
2114 846 2203 901 hic
2232 846 2411 901 denuo
2433 846 2785 911 exhibemus;
2819 847 2978 899 vitam
3011 845 3228 915 quidem
3264 846 3330 900 ad
3358 845 3496 900 duos

1898 940 2117 1009 optimae
2162 947 2324 1001 nota},
2368 946 2422 993 et
2457 939 2785 1007 antiquitatis
2816 937 3136 993 venerandae
3181 937 3338 993 codd.
3386 938 3498 991 col-

1896 1031 2095 1094 latam,
2146 1045 2374 1100 quorum
2422 1047 2558 1085 unus
2608 1031 2776 1086 sancti
2815 1031 2958 1085 Petri
3010 1031 3349 1086 Fossatensis
3397 1046 3497 1086 an-

1897 1138 1997 1177 nos
2026 1122 2131 1177 800
2175 1132 2426 1191 superat,
2470 1123 2607 1177 alter
2646 1138 2775 1178 vero
2810 1138 2872 1177 ex
2908 1121 3271 1177 Floriacensis
3312 1137 3500 1176 mona-

1897 1216 2046 1271 sterii
2091 1215 2293 1271 celebri
2339 1216 2467 1269 olim
2519 1215 2853 1271 Bibliotheca
2894 1229 3063 1268 annos
3108 1214 3235 1275 600,
3286 1213 3497 1270 videtur

1898 1310 2156 1381 prteferre
2179 1328 2192 1364 :
2219 1312 2351 1366 Acta
2374 1326 2503 1365 vero
2519 1309 2919 1380 proconsularia
2946 1310 2996 1362 in
3015 1308 3259 1379 plurimis
3278 1307 3495 1377 quidem

1897 1404 2171 1460 codicibus
2195 1405 2355 1459 etiam
2387 1403 2775 1472 antiquissimis
2796 1410 3033 1471 reperta,
3065 1400 3158 1455 sed
3210 1400 3261 1454 in
3310 1399 3495 1468 paucis

1898 1511 2027 1565 pura
2060 1506 2116 1551 et
2154 1497 2374 1551 omnino
2407 1496 2650 1557 sincera;
2701 1509 2929 1564 quorum
2964 1493 3253 1547 varietates
3300 1492 3343 1545 si
3391 1506 3496 1560 qua

1898 1590 2275 1644 observatione
2312 1588 2472 1658 digna
2501 1596 2791 1643 occurrent
2818 1587 2868 1641 in
2907 1588 3049 1641 notis
3076 1599 3429 1655 apponetnus.
3472 1602 3489 1635 ι

1902 1678 2169 1735 Hactenus
2192 1680 2309 1734 Vir.
2340 1680 2422 1733 Cl.
2448 1678 2779 1733 Ruinartins.

1971 1814 2047 1883 (l)
2091 1813 2161 1867 Et
2211 1814 2264 1866 in
2298 1812 2535 1867 editione
2574 1827 2786 1881 quoque
2826 1812 3099 1865 Parisiana
3128 1811 3494 1883 Maurinorum

1914 1881 2083 1935 Vita‘et
2100 1885 2225 1935 Acta
2239 1884 2534 1935 consularia
2556 1884 2829 1949 praemissa
2848 1891 2975 1935 sunt
2990 1882 3229 1946 ejusdem
3246 1882 3501 1950 Operibus

1896 1969 1925 2006 a
1956 1969 2075 2024 pag.
2112 1953 2214 2008 129
2243 1954 2309 2007 ad
2345 1954 2466 2019 tas,
2501 1954 2552 2006 in
2581 1952 2669 2007 ed.
2702 1952 2909 2007 Veneta
2939 1950 3101 2006 1748.

2893 2092 3469 2147 m1

2204 2137 2675 2148 ___._—.~,
2690 2138 2792 2147 ._.._.
2809 2139 2828 2146 _

1908 2279 2277 2427 PAS
2299 2280 2893 2429 SIONE

252 2554 1105 2722 SANCTI
1216 2562 2206 2727 CfECILII
2302 2566 3461 2730 CYPRIANI

627 2887 1157 2973 EPISCOPI
1198 2889 2225 2981 CARTHAGINENSIS
2266 2896 2415 2977 ET
2444 2892 3077 2994 MARTYRIS,

684 3062 687 3065 ’
806 3096 1115 3205 PER
1199 3100 1912 3212 PONTIUM
1985 3099 2863 3210 DIACONUM.

1220 3329 2471 3372 +—

718 3502 945 3563 CAPUT
999 3500 1286 3561 PRIMUM.

200 3645 395 3699 Auctor
420 3643 645 3696 rationes
670 3638 922 3693 scribendi
953 3636 1178 3707 exponit.
1210 3634 1335 3687 Acta
1357 3631 1649 3702 Martyrum
1674 3629 1797 3684 olim

366 3736 637 3805 diligenter
658 3731 841 3786 litteris
870 3730 1026 3802 fuisse
1054 3728 1352 3798 consignata
1382 3724 1629 3795 perhibet.

273 3899 601 3962 Cvrruauus,
629 3893 913 3963 religiosus
966 3888 1192 3945 antistes
1237 3902 1299 3941 ac
1345 3886 1497 3941 testis
1539 3884 1634 3939 Dei
1683 3883 1799 3953 glo-

196 3992 383 4048 riosus
405 4032 419 4055 ,
454 3988 666 4043 tametsi
690 3985 852 4039 multa
880 3980 1234 4050 conscripsit,
1270 3993 1365 4048 per
1394 3993 1513 4043 qua:
1540 3974 1803 4029 memoria

194 4085 349 4155 digni
397 4080 634 4137 nominis
678 4077 1022 4149 supervivat;
1060 4075 1160 4129 etsi
1215 4071 1543 4142 eloquentiae
1580 4069 1699 4138 ejus
1742 4082 1806 4121 ac

195 4176 297 4231 Dei
343 4173 533 4245 gratiae
570 4172 718 4241 larga
758 4166 1058 4224 fecunditas
1096 4165 1165 4218 ita
1211 4178 1269 4218 se
1292 4162 1447 4231 c0pia
1482 4169 1536 4216 et
1563 4159 1806 4215 ubertate

191 4268 476 4323 sermonis
505 4262 780 4327 extendit,
812 4268 869 4315 ut
900 4273 1067 4329 usque
1098 4256 1151 4311 in
1178 4255 1339 4310 linem
1368 4253 1551 4308 mundi
1577 4251 1804 4305 fortasse

193 4377 312 4417 non
364 4365 543 4414 taceat
578 4366 822 4417 :tamen,
852 4352 978 4423 quia
1028 4348 1285 4418 operibus
1326 4346 1444 4416 ejus
1486 4361 1551 4401 ac
1596 4342 1806 4397 meritis

191 4454 370 4509 etiam
445 4452 560 4506 haec
605 4445 957 4518 prairogativa
1026 4442 1255 4499 debetur
1297 4450 1344 4507 τι,
1396 4448 1455 4494 ut
1501 4438 1808 4507 exemplum

188 4560 360 4601 suum
392 4544 446 4598 in
478 4543 685 4597 litteras
725 4539 1029 4609 digeratur,
1065 4534 1268 4606 placuit
1296 4531 1606 4587 summatim
1639 4544 1809 4599 pauca

187 4636 588 4695 conscribere:
629 4647 737 4689 non
771 4629 912 4702 quod
952 4628 1188 4698 aliquem
1217 4624 1246 4664 δ
1280 4625 1363 4680 vel
1395 4623 1675 4694 gentilium
1730 4620 1807 4674 la-

1829 3498 1872 3560 C
1908 3506 2018 3554 teat
2055 3500 2188 3555 tanti
2226 3502 2323 3557 viri
2358 3503 2497 3571 vita,
2528 3503 2622 3559 sed
2665 3512 2723 3558 ut
2751 3504 2816 3558 ad
2858 3512 3105 3574 posteros
3133 3518 3347 3575 quoque
3374 3520 3505 3559 nos-

1902 3602 2014 3647 tros
2057 3593 2481 3664 incomparabile
2522 3605 2576 3652 et
2614 3596 2818 3667 grande
2864 3596 3247 3652 documentum
3298 3597 3351 3650 in
3400 3598 3503 3651 im-

1900 3686 2187 3741 mortalem
2231 3689 2547 3742 memoriam
2602 3688 2920 3757 porrigatur.
2953 3688 3113 3743 Certe
3142 3690 3335 3741 durum
3365 3697 3500 3753 erat,

1902 3786 1983 3845 ut,
2001 3793 2121 3832 cum
2141 3779 2375 3847 majores
2398 3780 2568 3835 nostri
2598 3780 2821 3848 plebeiis
2838 3788 2891 3833 et
2915 3778 3337 3846 catechumenis,
3363 3797 3508 3836 mar-

1900 3870 2099 3940 tyriurn
2118 3872 2422 3925 consecutis
2446 3881 2649 3925 tantum
2675 3870 2917 3935 honoris,
2948 3885 3044 3939 pro
3068 3872 3307 3941 martyrii
3337 3873 3506 3943 ipsius

1906 3965 2276 4030 veneratione,
2323 3966 2572 4021 dederint
2620 3978 2680 4029 ε,
2732 3975 2789 4019 ut
2817 3965 2885 4019 de
2945 3964 3284 4031 passionihus
3314 3982 3501 4020 eorum

1908 4058 2072 4112 multa
2092 4097 2106 4123 ,
2146 4065 2266 4124 aut,
2298 4073 2465 4128 prope
2499 4057 2727 4112 dixerim
2748 4099 2761 4123 ,
2786 4069 2921 4126 pene
2947 4063 3137 4109 cuncta
3163 4056 3502 4123 conscripse-

1907 4150 2059 4216 rint,
2111 4157 2171 4202 ut
2222 4149 2288 4204 ad
2332 4159 2571 4204 nostram
2623 4164 2841 4220 quoque
2871 4147 3116 4202 notitiam
3144 4147 3232 4217 qui
3266 4145 3503 4199 nondum

1908 4244 2016 4298 nati
2066 4242 2263 4297 luimus
2304 4243 2654 4313 pervenirent
2686 4285 2700 4307 ,
2747 4242 2998 4312 Cypriani
3033 4240 3167 4294 tanti
3205 4239 3505 4294 sacerdotis

1909 4346 1964 4390 et
2014 4336 2146 4391 tanti
2196 4337 2449 4408 martyris
2493 4336 2674 4406 passio
2716 4334 3127 4405 praeteriretur,
3170 4332 3260 4403 qui
3303 4343 3357 4387 et
3386 4333 3506 4386 sine

1908 4429 2167 4501 martyrio
2203 4429 2391 4485 habuit
2447 4445 2567 4500 qua:
2602 4428 2853 4491 doceret,
2893 4437 2946 4483 et
2975 4424 3002 4463 ἀ
3045 4442 3165 4496 qua:
3196 4425 3322 4480 dum
3375 4425 3510 4479 vixit

1906 4522 2168 4590 gesserit,
2218 4535 2325 4575 non
2379 4528 2644 4589 paterent.
2694 4518 2825 4585 Quae
2861 4517 3077 4586 quidem
3142 4526 3288 4571 tanta
3344 4524 3505 4583 atque

1908 4620 2014 4665 tam
2045 4625 2235 4680 magna
2257 4622 2311 4666 et
2340 4610 2475 4665 mira
2503 4618 2648 4676 sunt,
2682 4618 2737 4663 ut
2758 4606 3143 4677 magnitudinis
3167 4604 3504 4676 contempla-

1439 4732 1819 4791 LECTIONES
1856 4727 2271 4787 VARIANTES.

259 4851 288 4878 ⁸
330 4847 395 4896 Et
419 4845 478 4894 ad
517 4841 796 4896 exemplum
836 4840 912 4889 sui
953 4837 1133 4886 litteris
1173 4834 1412 4895 dirigatur
1439 4828 1564 4879 Bod.
1610 4829 1653 4879 1.
1680 4828 1798 4877 Sur.

184 4911 337 4963 Imp.
365 4908 623 4967 Dirigatur
647 4896 778 4967 deest
800 4900 1063 4967 injianut.
1093 4897 1204 4948 cod.
1230 4896 1367 4946 Foss.

257 4959 293 5007 ἣ
330 4970 428 5020 Vel
452 4959 514 5021 ea:
537 4966 648 5017 cod.
677 4966 813 5017 Foss.
840 4959 979 5013 Flor.

1967 4825 1989 4853 ο
2031 4820 2365 4871 Veneratione
2390 4819 2658 4868 debuerint
2681 4817 2804 4867 Bod.
2836 4818 2878 4865 1.
2910 4819 3092 4866 Manut.

1970 4882 1999 4923 d
2031 4884 2095 4933 Et
2118 4895 2228 4947 qua:
2247 4882 2363 4931 dum
2387 4882 2526 4942 vixit,
2552 4882 2785 4942 gesserit.
2802 4881 2923 4929 llwc
2944 4877 3115 4928 desunt
3135 4875 3185 4928 in
3209 4878 3346 4928 Foss.
3368 4879 3505 4926 Man.

1528 5031 1889 5090 VARIORUM
1925 5028 2153 5087 ΝΟΤᾹΞ.

265 5143 409 5198 CAP.
442 5141 483 5195 1.
506 5137 849 5195 —Voculam
881 5136 956 5190 vel
983 5150 1050 5191 cx
1071 5132 1229 5189 codd.
1263 5133 1473 5187 Fossat.
1496 5139 1549 5183 et
1571 5129 1803 5184 Floriac.

183 5215 571 5280 restituimus,
623 5224 742 5281 qua:
780 5207 993 5263 videtur
1031 5206 1097 5259 ad
1122 5203 1423 5327 cmpgusim
1472 5200 1801 5255 necessaria.

1302 5287 1521 5327 uruanr.

1302 5287 1521 5328 UINART.

267 5356 514 5419 Maiores
573 5351 752 5405 nostri.
812 5350 939 5402 Post
978 5345 1345 5419 AEvangelium
1404 5354 1458 5398 et
1498 5339 1805 5419 _Apo_stolo-

176 5444 322 5483 rum
358 5412 493 5481 Aeta
515 5464 529 5484 .
562 5420 923 5478 succedebant
960 5412 1390 5472 Christianorum
1424 5412 1807 5484 qtrihdeinceps

176 5482 579 5568 sentiebantur
627 5493 904 5568 passiones
925 5488 1165 5568 breviter
1189 5494 1475 5568 enarratur.
1508 5482 1677 5549 Hujus
1715 5495 1806 5549 ge-

175 5555 355 5625 neris
398 5575 605 5619 vetusta
628 5555 733 5617 'illa
774 5571 891 5614 acta
924 5559 1201 5628 Polycarpi
1247 5555 1530 5628 martyris,
1559 5565 1799 5628 quorum

176 5623 425 5711 partem
449 5634 598 5691 dedit
620 5632 880 5711 Euseb._l.
906 5645 978 5711 1!,
1011 5623 1177 5711 totum
1202 5642 1331 5711 vero
1354 5623 1805 5711 er‘xhibnit‘noster

174 5692 586 5773 rArinachanus
624 5722 637 5759 :
682 5704 760 5759 sic
802 5703 891 5758 illa
939 5692 1221 5767 Perpetuus
1270 5706 1325 5751 et
1373 5694 1689 5762 Felicitatis,
1736 5692 1804 5749 de

987 5794 1262 5857 Panos.
1302 5790 1415 5855 Ill.

1908 5123 2101 5193 quibus
2149 5119 2514 5193 Tertullianus
2563 5121 2892 5193 mentionem
2940 5116 3111 5193 facit__:
3153 5130 3362 5193 necnon
3399 5115 3503 5171 alia

1909 5186 2096 5250 multa,
2139 5207 2259 5261 qttzn
2289 5190 2606 5257 interpolata
2641 5190 2797 5243 fidem
2830 5204 2988 5258 quam
3014 5186 3153 5261 alias
3177 5187 3501 5261 meruissent

1908 5257 2214 5331 perdidere.
2246 5262 2302 5315 In
2342 5261 2565 5315 Deciana
2599 5257 3335 5331 persecutionehocinunps
3366 5257 3497 5331 Acta

1907 5326 2412 5401 Carthaginiensium
2481 5326 2776 5402 martyrum
2825 5326 3207 5395 describendi,
3259 5327 3501 5382 Tertullo

1908 5404 2273 5461 concreditum
2304 5402 2419 5455 fuit.
2452 5401 2615 5456 FELL.

1985 5474 2105 5527 Non
2164 5482 2410 5542 paterent.
2474 5472 2574 5527 Per
2626 5470 2945 5526 modestiam
3002 5468 3276 5542 Cypriani,
3317 5468 3503 5542 notitia

1909 5539 2185 5601 hominum
2234 5544 2557 5597 substracta.
2588 5543 2696 5599 Sed
2744 5542 2859 5597 haec
2904 5543 2955 5596 in
3004 5539 3222 5595 Manutii
3269 5539 3506 5593 editione

1908 5616 2301 5673 desiderantur.
2337 5614 2500 5669 FELL.

1981 5687 2175 5745 Cuncta
2240 5686 2653 5757 conscripserint.
2730 5683 2952 5741 Videtur
3014 5682 3299 5753 designare
3372 5680 3505 5738 Acta

2946 5775 3023 5841 lt7
