4134 6256
754 126 771 151 )

592 238 732 294 ηαδ

1832 220 1893 275 5.
1934 212 2226 273 PONTIUS
2261 210 2620 279 DIACONUS,

3762 212 3876 270 ηδε

583 362 731 415 tione
768 356 1081 416 deterrear,
1121 362 1186 403 ac
1223 347 1485 417 imparem
1526 354 1615 397 me
1655 352 1778 397 esse
1826 335 2086 392 conﬁtear
2114 332 2182 388 ad
2209 332 2264 391 Α
2288 329 2450 384 rebus
2467 328 2580 383 suis
2597 324 2662 380 ad
2684 324 3039 417 indigentiam
3053 338 3371 417 pauperum
3404 328 3875 398 sustentandam,

588 446 969 520 proferendum
1011 442 1173 511 digne
1218 454 1316 509 pro
1354 436 1671 491 meritorum
1721 431 1930 486 honore
1974 441 2186 520 sermo-

589 518 746 607 nem,
790 553 891 593 nec
930 548 1091 606 posse
1134 532 1212 586 sic
1254 528 1510 599 prosequi
1538 526 1678 580 facta
1707 533 1814 577 tam
1840 518 2099 590 grandia,
2133 525 2193 571 ut

591 642 790 705 quanta
817 639 975 693 sunt,
1004 634 1149 680 tanta
1180 622 1492 677 videantur:
1525 619 1626 672 nisi
1660 614 1801 686 quod
1830 611 2192 705 numerositas

592 701 888 799 gloriarum
919 728 948 757 α
971 719 1190 774 sibimet
1215 716 1329 785 ipsa
1373 712 1680 773 sufﬁciens,
1711 708 1890 763 alieno
1920 701 2191 775 praeconio

592 797 701 877 non
747 825 889 888 eget.
925 812 1148 869 Accedit
1187 810 1252 865 ad
1285 807 1557 863 cumulum
1581 846 1594 870 ,
1625 802 1768 875 quod
1806 810 1861 856 et
1896 813 1991 853 vos
2017 797 2086 851 de
2124 809 2193 850 eo

591 911 845 971 mullum,
866 915 980 970 aut,
1010 907 1055 960 si
1084 902 1198 958 fieri
1220 910 1415 971 potest,
1444 908 1613 952 totum
1644 891 1961 949 desideratis
1982 888 2189 952 audire,

590 1001 1041 1071 concupiscentes
1062 996 1257 1051 ardore
1270 991 1519 1063 ﬂagranti
1544 989 1627 1044 vel
1656 988 1793 1041 facta
1818 984 1934 1052 ejus
1960 993 2192 1051 cognos-

593 1110 752 1162 cere,
782 1093 882 1147 etsi
912 1089 1126 1146 interim
1152 1089 1271 1141 viva
1304 1085 1466 1139 verba
1499 1088 1799 1137 tacuerunt.
1830 1076 1887 1131 lu
1909 1088 2015 1144 qua
2041 1079 2194 1141 parte

595 1187 643 1243 si
663 1187 853 1241 dixero
885 1198 982 1237 nos
1013 1181 1206 1251 opibus
1245 1177 1511 1233 facundia:
1537 1173 1567 1214 δ
1595 1173 1750 1228 delici
1773 1215 1785 1237 ,
1818 1170 1996 1224 minus
2047 1165 2189 1220 dico.

594 1279 870 1336 Facundia
906 1278 1051 1333 enim
1120 1276 1234 1345 ipsa
1269 1272 1453 1327 deﬁcit
1487 1281 1509 1309 ε
1541 1268 1701 1339 digna
1752 1264 2040 1327 facultate,
2073 1274 2195 1331 qua:

596 1373 927 1428 desiderium
966 1379 1208 1426 vestrum
1257 1368 1417 1438 pleno
1442 1364 1633 1435 spiritu
1673 1362 1850 1415 satiet.
1890 1358 1965 1412 Ita
2005 1356 2196 1409 utrim-

594 1462 753 1535 que‘1
782 1464 1020 1534 graviter
1061 1476 1346 1533 urgemur:
1386 1457 1654 1528 siquidem
1696 1456 1787 1508 ille
1835 1466 1933 1506 nos
1984 1448 2196 1504 virtuti-

594 1559 698 1616 bus
738 1559 854 1614 suis
897 1565 1121 1625 onerat,
1163 1570 1259 1611 vos
1305 1569 1407 1609 nos
1460 1550 1715 1623 precibus
1745 1557 1767 1586 ε
1801 1544 2056 1616 fatigatis.

1243 1667 1469 1725 CAPUT
1510 1667 1579 1722 II.

603 1790 730 1859 Qute
757 1804 790 1842 a
818 1785 1080 1858 Cypriane
1112 1793 1224 1852 post
1265 1782 1573 1852 baptismum
1602 1779 1742 1846 facta
1766 1783 1915 1841 sunt,
1962 1777 2192 1827 enarrat.

706 1878 1031 1934 Contiiientia
1069 1874 1373 1929 necessaria.
1402 1873 1534 1927 Alia:
1572 1868 1821 1940 Cypriani
1852 1867 2084 1921 virtutes.

671 2011 824 2070 Unde
856 2013 1016 2082 igitur
1052 2009 1342 2080 incipiam?
1388 2007 1531 2062 unde
1578 2016 1630 2059 et
1685 2001 1970 2059 exordium
2019 1999 2195 2053 bono-

600 2121 719 2161 rum
754 2105 872 2173 ejus
900 2101 1181 2172 aggrediar
1202 2142 1217 2165 ,
1252 2098 1353 2153 nisi
1385 2114 1412 2150 a
1444 2096 1707 2166 principio
1739 2093 1861 2147 fidei
1882 2133 1895 2157 ,
1923 2099 1977 2146 et
2006 2088 2199 2143 nativi-

602 2206 709 2253 tate
740 2194 949 2249 cccleSti
975 2194 996 2245 ?
1023 2191 1297 2261 Siquidem
1326 2187 1559 2243 hominis
1584 2186 1679 2240 Dei
1702 2186 1838 2239 facta
1863 2199 1971 2237 non
1998 2182 2200 2236 debent

598 2287 817 2343 aliunde
858 2287 1167 2349 numerari,
1204 2282 1307 2337 nisi
1350 2298 1415 2337 ex
1459 2297 1566 2350 quo
1600 2279 1708 2333 Deo
1738 2287 1897 2333 natus
1924 2286 2028 2330 est.
2063 2273 2200 2327 Fue-

598 2382 708 2436 rint
743 2380 871 2434 licet
909 2376 1114 2443 studia,
1147 2386 1201 2430 et
1224 2376 1377 2428 bonae
1410 2383 1554 2427 artes
1582 2368 1837 2424 devotum
1873 2374 2059 2437 pectus
2096 2371 2197 2419 im-

598 2471 845 2535 biierint,
884 2478 1059 2522 tamen
1105 2466 1192 2519 illa
1238 2475 1519 2535 praetereo.
1549 2461 1794 2516 Nondum
1826 2459 1968 2513 enim
1998 2458 2064 2511 ad
2094 2458 2197 2511 titi-

596 2562 803 2618 litatein
881 2562 983 2615 nisi
1064 2557 1250 2613 saeculi
1301 2554 1322 2594 ί
1370 2554 1738 2627 pertinebant.
1796 2551 2085 2620 Postquam
2146 2558 2202 2605 et

596 2668 782 2710 sacras
826 2653 1059 2707 Litteras
1099 2649 1318 2712 didicit,
1355 2657 1408 2702 et
1437 2646 1621 2701 mundi
1660 2646 1802 2699 nube
1833 2645 2073 2697 discussa
2096 2683 2109 2707 ,
2146 2642 2198 2695 in

596 2746 773 2801 lucem
826 2745 1106 2814 sapientim
1155 2742 1411 2812 spiritalis
1458 2740 1712 2806 emersit,
1755 2740 1800 2792 si
1842 2739 2037 2807 quibus
2083 2738 2200 2805 ejus

598 2836 854 2903 interlui,
900 2836 945 2889 si
982 2850 1084 2905 qua
1144 2833 1211 2888 de
1259 2832 1656 2903 antiquioribus
1696 2838 1720 2875 ε
1773 2832 1892 2899 ejus
1944 2829 2200 2897 operibus

596 2928 873 2998 comperi,
922 2927 1097 2981 dicam
1133 2924 1331 2979 :‘lianc
1379 2934 1555 2977 tamen
1601 2934 1789 2991 petens
1849 2923 2093 2985 veniam,
2145 2930 2201 2975 ut

598 3020 855 3089 quidquid
890 3032 1068 3070 minus
1094 3016 1287 3071 dixero
1348 3014 1548 3087 (minus
1588 3017 1731 3067 enim
1770 3012 1943 3067 dicant
1976 3026 2200 3065 neocsse

2294 430 2404 475 tota
2470 418 2672 488 praidia
2741 418 2914 487 pretio
2946 413 2966 453 1
3011 415 3363 486 dispensans,
3398 418 3507 474 duo
3558 419 3703 474 bona
3742 422 3879 479 simul

2288 512 2493 582 junxit,
2526 518 2582 566 ut
2611 519 2666 565 et
2711 509 3062 563 ambitionem
3087 510 3271 564 saeculi
3301 521 3610 580 sperneret,
3638 526 3749 582 qua
3780 528 3880 581 per-

2294 603 2546 659 niciosius
2604 601 2735 655 nihil
2789 608 2913 665 est,
2963 608 3017 654 et
3062 601 3491 657 misericordiam
3537 615 3708 671 quam
3768 603 3881 662 Deut

2295 696 2454 751 etiam
2478 693 2754 749 sacriﬁciis
2776 693 2889 747 suis
2907 694 3176 763 praitulit,
3206 710 3369 764 quam
3405 710 3509 749 nec
3553 696 3647 751 ille
3681 696 3879 769 (Matth.

2294 804 2413 854 XIX,
2446 787 2540 858 20)
2567 787 2659 857 qui
2686 787 2822 857 legis
2847 787 3028 841 omnia
3048 787 3299 842 mandata
3319 802 3571 844 serrasse
3585 804 3647 845 se
3668 790 3877 861 dixerat,

2295 883 2437 949 fecit,
2486 883 2734 952 impleret
2771 900 2784 948 ;
2830 892 2883 937 et
2923 897 3270 953 praepropera
3316 884 3613 940 velocitate
3640 887 3875 956 pietatis,

2296 994 2432 1050 pene
2461 990 2588 1033 ante
2614 978 2778 1047 etepit
2804 976 3076 1047 perfectus
3104 992 3227 1033 esse
3249 992 3413 1048 quam
3444 977 3700 1036 disceret.
3730 979 3875 1047 Quis,

2294 1087 2411 1136 oro,
2431 1072 2498 1127 de
2527 1072 2798 1126 veteribus
2830 1070 2932 1125 hoc
2958 1071 3125 1126 fecit?
3153 1072 3276 1141 quis
3318 1072 3387 1126 de
3413 1072 3801 1141 antiquissimis
3829 1074 3878 1129 in

2295 1165 2401 1220 fide
2417 1166 2654 1229 senibus,
2680 1180 2905 1235 quorum
2925 1174 3134 1220 mentes
3150 1172 3206 1220 ct
3229 1179 3389 1220 aures
3408 1180 3503 1234 per
3523 1166 3791 1234 plurimos
3810 1182 3880 1222 an-

2295 1275 2393 1314 nos
2420 1259 2599 1314 divina
2630 1260 2794 1314 verba
2824 1260 3198 1328 pulsaverant,
3228 1259 3338 1314 tale
3370 1258 3571 1329 aliquid
3598 1259 3875 1329 impendit,

2297 1355 2453 1424 quale
2497 1352 2675 1408 adhuc
2717 1354 2868 1407 rudis
2898 1352 3018 1407 fidei
3059 1353 3258 1420 homo,
3297 1362 3351 1408 et
3395 1353 3479 1408 cui
3513 1352 3763 1407 nondum
3797 1352 3880 1407 for-

2298 1446 2437 1501 sitan
2490 1447 2840 1512 crederetur,
2892 1460 3277 1516 supergressus
3326 1445 3609 1501 vetustatis
3658 1454 3874 1511 tetateni,

2297 1540 2547 1611 gloriosis
2593 1549 2648 1596 et
2684 1540 3016 1595 admirandis
3045 1542 3300 1610 operibus
3329 1542 3655 1610 perpetravit
3682 1542 3709 1595 ?
3740 1541 3879 1597 Nemo

2298 1634 2453 1689 metit
2476 1635 2654 1688 statim
2700 1644 2758 1689 ut
2789 1636 2925 1690 sevit
2958 1651 2972 1687 :
3012 1648 3171 1689 nemo
3217 1632 3538 1689 vindemiam
3578 1633 3649 1689 de
3676 1636 3877 1689 novellis

2223 1728 2272 1789 B
2300 1729 2579 1783 scrobibus
2604 1728 2873 1795 expressit
2898 1744 2911 1782 :
2936 1742 3094 1782 nemo
3124 1727 3300 1797 adhuc
3322 1744 3577 1798 umquam
3600 1730 3665 1782 de
3689 1730 3881 1783 naviter

2299 1822 2556 1892 plantatis
2608 1822 2911 1876 arbusculis
2952 1829 3159 1875 matura
3213 1836 3370 1891 poma
3417 1823 3674 1890 qumsiv’it.
3719 1821 3877 1877 [uilio

2299 1916 2477 1970 omnia
2538 1914 2881 1969 incredibilia
2914 1922 2954 1949 ω
2984 1923 3366 1969 cucurrerunt.
3394 1913 3694 1975 Praevenit,
3722 1915 3766 1967 si
3797 1929 3877 1983 po-

2302 2016 2403 2062 test
2427 2007 2531 2062 dici
2557 2010 2667 2077 (res
2684 2007 2827 2061 enim
2852 2006 3010 2060 fidem
3030 2021 3136 2060 non
3155 2004 3344 2076 capit),
3364 2006 3634 2074 prteveuit,
3648 2006 3873 2075 inquam,

2300 2100 2485 2153 tritura
2544 2111 2841 2155 sementem
2868 2109 2917 2162 ιι,
2952 2099 3219 2154 vindemia
3273 2098 3536 2167 palmitem
3559 2140 3571 2162 _.
3606 2112 3757 2167 poma
3785 2111 3869 2150 ra-

2304 2192 2483 2251 dicem
2518 2201 2565 2246 ο.

2920 2352 3149 2408 CAPUT
3188 2350 3274 2407 lﬂ.

2299 2488 2382 2543 Ad
2412 2504 2585 2544 sacrm
2624 2488 2834 2544 ordiim
2870 2488 2970 2541 cito
3011 2493 3352 2555 promouetur.
3386 2485 3610 2541 Sancto:
3649 2484 3741 2540 sibi
3774 2484 3881 2537 imi-

2753 2578 2933 2633 tandos
2952 2578 3183 2649 jititgiter
3210 2577 3453 2649 proponit

2374 2740 2541 2793 Aiunt
2580 2737 2824 2807 Apostoli
2871 2736 3070 2790 littera:
3128 2734 3184 2804 (Ι
3237 2732 3371 2786 Tim.
3436 2749 3518 2797 iii,
3572 2731 3663 2801 6),
3702 2730 3879 2786 debere

2301 2829 2609 2899 ncepbytos
2638 2828 2919 2897 prmtcriri,
2948 2841 3016 2880 ne
3048 2835 3266 2894 stupore
3302 2824 3625 2893 gentilitatis
3660 2822 3879 2875 nondum

2301 2924 2537 2978 fundatis
2558 2924 2804 2977 sensibus
2825 2922 3157 2986 adhaerente,
3183 2920 3381 2989 aliquid
3410 2918 3465 2972 in
3493 2920 3658 2973 Deum
3686 2917 3881 2970 novitas

2301 3016 2571 3073 hiet'udita
2615 3025 2880 3086 peccaret.
2925 3014 3022 3068 Ille
3064 3012 3167 3067 fuit
3208 3012 3417 3080 primus
3458 3020 3538 3077 et,
3583 3021 3724 3081 puto,
3748 3008 3885 3062 solus

600 3112 741 3183 est),
782 3110 1103 3180 ignorantiae
1148 3124 1282 3163 metu
1309 3110 1486 3177 potius
1522 3122 1685 3176 quam
1719 3106 1861 3160 illius
1888 3106 2074 3173 gloria:
2104 3104 2195 3157 de-
2229 3111 2273 3173 ς,
2306 3111 2584 3178 exemplo,
2618 3109 2734 3177 plus
2764 3107 2869 3161 lide
2900 3120 3059 3175 posse
3088 3118 3244 3173 quam
3279 3112 3529 3172 tempore
3571 3099 3887 3172 promoveri.

596 3217 836 3273 rogetur.
872 3202 1016 3255 Inter
1049 3200 1175 3253 lidci
1199 3217 1310 3253 suae
1343 3202 1512 3267 prima
1546 3196 1851 3251 rudimenta
1884 3197 2018 3248 iiitiil
2056 3194 2203 3247 aliud

596 3297 827 3350 credidit
854 3297 962 3349 Dco
986 3294 1227 3362 dignum,
1254 3308 1413 3360 quam
1437 3293 1480 3343 si
1503 3292 1891 3343 continentiam
1938 3298 2200 3342 tueretur.

606 3387 758 3441 Tunc
789 3386 931 3440 enini
964 3399 1124 3452 posse
1156 3384 1410 3436 idoneum
1444 3383 1556 3434 lieri
1596 3392 1785 3448 pectus
1815 3390 1869 3434 ct
1889 3395 2106 3433 sensum
2137 3380 2205 3433 ad

599 3478 812 3547 plenam
854 3476 971 3528 veri
1011 3474 1367 3542 capacitatem
1418 3473 1711 3541 pervenire
1739 3472 1789 3539 ιι,
1843 3473 1889 3525 si
1941 3473 2204 3542 concupi-

598 3569 859 3623 scentiam
907 3567 1088 3620 carnis
1127 3568 1353 3620 robusto
1387 3578 1550 3635 atque
1592 3566 1803 3634 integro
1834 3567 2207 3621 sanctimonia:

597 3662 782 3731 vigore
813 3659 829 3695 ί
864 3666 1121 3715 calcaret.
1162 3659 1291 3725 Quis
1333 3674 1585 3728 umquam
1618 3662 1751 3712 tanti
1804 3660 2048 3714 miraculi
2086 3676 2201 3715 nie-

600 3755 795 3809 miuit?
824 3752 1074 3808 Nondum
1106 3752 1341 3807 secunda
1388 3753 1641 3805 iiativitas
1682 3767 1881 3805 novum
1927 3751 2202 3807 hominem

601 3848 895 3918 splendore
944 3856 1057 3903 toto
1096 3846 1293 3901 divinae
1344 3847 1481 3901 lucis
1540 3846 1859 3902 oculaverat
1899 3850 1947 3913 i,
1989 3858 2043 3901 et
2091 3846 2203 3917 jam

605 3952 819 3997 veteres
843 3957 908 3997 ac
939 3940 1193 4011 pristinas
1222 3942 1474 3997 tenebras
1499 3941 1612 3997 sola
1642 3941 1776 3995 lucis
1810 3950 2059 4011 paratura
2083 3945 2205 3995 vin-

611 4036 786 4091 cebat.
842 4035 1075 4101 Deinde,
1128 4035 1273 4105 quod
1322 4036 1497 4104 majus
1540 4046 1659 4102 est,
1703 4050 1827 4089 cum
1868 4034 1936 4089 de
1977 4034 2207 4089 lectione

2307 3202 2411 3257 Sed
2463 3212 2515 3255 et
2564 3203 2607 3255 si
2664 3202 2715 3255 in
2758 3200 3144 3269 Apostolorum
3194 3200 3342 3253 Actis
3384 3197 3569 3266 (At-1.,
3640 3211 3753 3258 riu,
3788 3194 3893 3261 57)

2306 3293 2585 3348 eunuchus
2639 3293 2728 3347 ille
2773 3292 3137 3356 describitur,
3191 3289 3317 3359 quia
3371 3297 3480 3342 toto
3524 3286 3680 3341 corde
3713 3285 3901 3338 credi-

2309 3388 2494 3454 derat,
2550 3403 2579 3439 a
2632 3385 2882 3453 Philippo
2925 3384 3104 3438 statim
3159 3380 3397 3447 tinctus,
3437 3396 3534 3433 non
3573 3386 3653 3431 est
3692 3374 3899 3429 similis

2307 3477 2660 3548 comparatio.
2707 3478 2799 3531 llle
2826 3476 2968 3530 enim
3002 3482 3056 3529 ct
3092 3472 3313 3527 Judmus
3369 3480 3518 3535 erat,
3541 3479 3594 3524 et
3633 3469 3698 3522 de
3751 3476 3911 3520 tem-

2309 3574 2397 3644 plo
2458 3574 2670 3628 Domini
2725 3572 2946 3626 veniens
3003 3572 3323 3641 prophetam
3395 3567 3608 3637 legebat
3663 3562 3916 3625 Batiam,

2306 3677 2360 3722 et
2405 3666 2657 3735 sperabat
2705 3666 2759 3720 in
2801 3662 3049 3727 Christo,
3094 3661 3198 3716 etsi
3229 3664 3471 3715 nonduin
3525 3672 3654 3713 eum
3692 3656 3916 3711 venisse

2311 3759 2668 3815 crediderat:
2719 3758 2805 3811 liic
2866 3758 2933 3811 de
2982 3755 3248 3825 imperitis
3314 3751 3575 3823 gentibus
3642 3750 3922 3813 veniens,

2313 3863 2422 3906 tam
2446 3859 2652 3906 matura
2680 3850 2846 3920 cmpit
2884 3849 3021 3916 fide,
3054 3858 3254 3918 quanta
3289 3846 3447 3917 pauci
3475 3845 3717 3900 fortass
3748 3840 3933 3913 perle-

2313 3956 2525 4002 cerunt.
2558 3946 2703 4001 Mora
2743 3946 2975 4015 denique
3004 3945 3147 3998 circa
3184 3941 3277 3996 Dei
3304 3942 3533 4012 gratiam
3567 3940 3728 3995 nulla
3749 3981 3765 4006 ,
3794 3936 3935 3992 nulla

2316 4038 2524 4092 dilatio.
2559 4038 2756 4092 Parum
2806 4037 2922 4091 dixi
2950 4055 2962 4089 :
2992 4033 3390 4105 presbyterium
3437 4041 3489 4087 et
3512 4042 3539 4081 Ρ
3562 4032 3943 4086 sacerdotium

606 4129 786 4183 divina
826 4130 1074 4199 quaedam
1120 4130 1231 4199 jam
1270 4146 1375 4185 non
1418 4145 1516 4199 pro
1561 4130 1875 4183 conditione
1916 4131 2213 4197 novitatis,
2316 4134 2497 4185 statim
2555 4132 2764 4199 accepit
2818 4140 2864 4182 (ι.
2917 4130 3049 4196 Quis
3089 4130 3235 4182 enim
3291 4141 3403 4180 non
3434 4139 3625 4180 omnes
3664 4125 3945 4179 bonorum

616 4221 713 4275 sed
762 4235 861 4290 pro
909 4221 1035 4275 fidei
1072 4220 1417 4275 festinatione
1460 4220 1781 4286 didicisset,
1825 4222 2007 4275 statim
2040 4224 2216 4289 rapuit
2319 4227 2516 4298 gradus
2546 4225 2789 4279 crederet
2819 4224 2910 4277 tali
2936 4232 3116 4277 mente
3140 4219 3435 4276 credenti?
3465 4218 3635 4273 Multa
3665 4226 3812 4273 sunt
3839 4228 3955 4285 qua

616 4318 762 4385 quod
795 4317 1000 4371 invenit
1028 4318 1388 4386 promerendo
1414 4317 1523 4371 Deo
1545 4316 1904 4386 profuturum.
1938 4316 2221 4371 Distractis
2244 4328 2297 4387 Ι)
2323 4319 2499 4373 adhuc
2547 4318 2822 4387 plebeius,
2878 4316 3045 4371 multa
3096 4330 3217 4385 qute
3264 4315 3376 4383 jam
3426 4312 3741 4384 presbyter
3788 4309 3919 4367 iccil
3940 4348 3953 4371 i

1859 4448 2245 4511 LECTlONES
2256 4452 2702 4526 ‘VARIANTES.

682 4585 710 4647 ξ
744 4585 1081 4636 Numeresitas
1103 4585 1316 4647 gloriosa
1342 4582 1467 4634 Bod.
1497 4585 1543 4635 1.
1572 4583 1712 4635 Fest.
1739 4581 1878 4633 Flor.

684 4644 713 4683 δ
750 4650 949 4697 Viribus
970 4644 1202 4696 facundiae
1230 4649 1356 4697 Bod.
1386 4652 1430 4697 l.

690 4710 714 4737 °
753 4710 989 4758 Delicitui'
1016 4709 1152 4757 Flor.

690 4768 719 4808 εἰ
752 4771 807 4819 lu
835 4782 1097 4831 utrumque
1124 4774 1309 4823 Manut.
1334 4819 1337 4822 .

693 4837 718 4866 ⁸
753 4834 853 4881 Nos
875 4839 1074 4882 atii-inus
1098 4838 1288 4882 Manut.
1317 4834 1455 4884 Foss.

695 4892 716 4931 ί
758 4895 879 4945 Vitae
903 4902 994 4944 sed
1017 4904 1181 4945 διυυυιι
1210 4900 1335 4945 Βοα.
1364 4899 1406 4945 1.

696 4960 807 5028 [Si
831 4972 925 5021 qua
950 4960 1015 5028 de
1039 4961 1397 5020 antiquioribus
1418 4957 1637 5020 comperi
1676 4958 1815 5009 Foss.
1843 4955 1981 5009 Flor.
2023 4958 2142 5009 Sur.
2182 4964 2229 5009 et

634 5020 830 5083 quidem
852 5020 1052 5071 rectius.

698 5083 729 5122 ιι
763 5084 1107 5145 Capaiatatcin,
1132 5084 1175 5133 si
1198 5083 1336 5135 Foss.
1362 5084 1547 5133 Manut.

2391 4585 2411 4625 ί
2450 4587 2791 4637 Sanotimouiaa
2814 4591 2993 4634 tenore
3019 4586 3143 4636 Bod.
3171 4587 3216 4636 1.
3245 4586 3385 4636 Fors.
3413 4584 3556 4635 Flor.

2393 4648 2411 4700 i
2455 4651 2576 4699 Luci
2602 4652 2833 4701 induerat
2858 4648 2983 4697 Berl.
3012 4650 3060 4697 1.

2390 4711 2419 4775 l}
2456 4712 2782 4775 liidigeutiaui
2803 4721 3060 4759 inuitorum
3079 4708 3739 4775 pauperumsustinengam
3764 4712 3903 4763 Bod.
3930 4714 3971 4759 t.
4070 4728 4071 4769 ι

2331 4813 2340 4837 ε
2396 4773 2417 4812 1
2456 4772 2584 4824 'I’Ota'
2600 4778 2759 4837 pretia
2783 4776 2969 4837 Manut.
2996 4772 3306 4826 Pretio‘dm
3345 4773 3397 4824 in
3421 4773 3561 4825 F058.
3590 4772 3773 4827 Fiat.

2391 4837 2429 4863 ¹¹¹
2464 4838 2832 4885 lucrediniliter
2857 4836 3001 4886 Flor.

2334 4898 2353 4959 ζ
2394 4899 2422 4926 υ
2458 4899 2634 4947 Messis
2654 4910 2932 4949 sementem
2956 4903 3094 4948 Hom.

2398 4964 2421 4988 υ
2457 4961 2639 5010 ﬂauius
2662 4964 2879 5010 radicem
2904 4962 3029 5010 Bod.
3060 4962 3103 5009 1.

2398 5024 2425 5062 1’
2459 5023 2549 5071 Vel
2577 5027 2889 5073 sacerdotum
2913 5023 3052 5073 Foss.
3077 5020 3219 5073 Flor.

2396 5088 2425 5128 ς
2460 5085 2637 5136 Statim
2662 5087 2869 5137 emersit
2890 5085 3019 5136 Bod.
3047 5086 3094 5135 1.

1966 5188 2333 5246 VARIORUM
2370 5188 2598 5249 NOTAE.

650 5332 748 5405 δεῖ..
782 5330 1087 5405 Perpetute,
1105 5340 1213 5385 etc.
1234 5344 1354 5401 quis
1377 5344 1543 5400 supra
1575 5328 1847 5405 edidimus
1867 5329 1929 5398 (t.
1957 5344 2015 5383 iii
2038 5339 2239 5385 nostra:
2342 5333 2606 5390 Henricus
2635 5331 2943 5390 Dodwellus
2999 5330 3227 5389 Dissert.
3281 5330 3539 5404 Cypriae.
3586 5349 3658 5389 ιι
3686 5380 3709 5405 ,
3757 5343 4015 5399 ηωιι,ῖ,,

656 5404 935 5471 Bibliotli.,
970 5420 1022 5471 p.
1061 5404 1174 5473 M).
1225 5406 1490 5459 Lieteruin
1514 5403 1677 5455 multa
1728 5403 1931 5470 quideiit
1979 5412 2065 5452 aut
2116 5417 2243 5470 pene
3332 5403 3377 5404 λ
3463 5403 3787 5465 “visust.

651 5477 911 5569 illl‘llt‘Cl‘llnd'e
930 5476 1057 5569 istis
1084 5474 1410 5569 Marlxt‘tbus
1439 5477 1631 5569 scripta
1654 5474 1819 5569 filisse
1840 5472 1971 5569 dicit
1997 5474 2197 5554 Potittu:

2420 5496 2550 5553 Car.
2582 5494 3082 5553 ll.-Crederetiir.
3110 5494 3211 5552 Vix
3240 5496 3440 5567 quippe
3476 5497 3583 5555 sibi
3619 5510 4015 5569 persuades;

653 5543 1875 5646 ἒξεξ..¹εη¹.ξ’.ίξξξξηιιῖιιηλετ..ξξξξςδνεεεθξυιθξξεῑξξξέ
1892 5559 2095 5646 sine
2112 5559 2243 5646 βδεῖ
2354 5579 2602 5646 ροιφωιιι
2626 5580 2737 5625 iam
2766 5569 2968 5646 eum
2995 5583 3155 5639 quam
3194 5543 3298 5646 ίρξι
3333 5543 3571 5646 the.
3613 5543 4019 5646 assam

981 5616 989 5623 '
1222 5632 1233 5644 η
1313 5634 1320 5643 -
1524 5635 1532 5647 .
2052 5616 2081 5625 ·’
2221 5645 2245 5655 ,,
2354 5615 2601 5652 ι’νσῖ-’Ἶητ
2626 5615 2737 5625 ν’“·’·
2769 5615 2968 5651 “τ··τ·“·
2997 5615 3155 5639 ‘1‘"—
3194 5615 3298 5639 ἰη’
3347 5615 3571 5649 ’·-“’7’
3619 5615 3723 5644 -ι
3744 5615 3819 5646 ι’·
3836 5615 4017 5634 mw

656 5615 2254 5753 252$...”‘i‘3lé33n3333342313533‘i‘iiiiiiiresi5°ﬂiiiii3¥ii
2355 5646 2704 5700 οίπιειιεωθω
2744 5643 3059 5711 “Mm”
3098 5643 3406 5710 δωνιειωυ
3446 5641 3649 5699 “ese-
3714 5648 4017 5708 Reum»

4069 5228 4071 5387 Ψ
