4216 6282
353 207 494 265 “85

1350 196 1438 255 DE
1479 197 1641 255 VlTA
1678 197 1770 265 ΕΤ
1808 194 2137 265 PASSIONE
2178 196 2234 259 S-
2274 194 2621 252 CYPRIANI.

3511 190 3649 246 1486

352 324 519 383 multa
547 334 667 392 quae
688 318 756 377 ad
778 324 1019 373 veterum
1051 315 1296 386 exempla
1321 316 1613 385 justorum,
1644 316 1943 373 imitatione
1970 314 2023 377 A
2050 324 2250 369 tantum
2270 314 2572 370 dilectionis
2619 314 2894 367 immensae
2916 309 2943 346 ά
2988 308 3189 380 merito,
3208 318 3530 379 provocatus
3547 320 3650 376 est,

354 412 623 470 consimili
667 414 1021 480 prosecutus,
1063 408 1426 477 promerendo
1468 409 1751 464 Dominum
1786 407 1953 463 totius

356 506 634 579 religionis
657 504 923 573 obsequio
942 502 1209 572 praestitit.
1228 502 1359 558 Nam
1379 513 1432 557 et
1455 519 1635 559 sermo
1658 504 1730 559 illi
1762 503 1829 561 de
1851 503 1955 559 hoc

357 601 535 657 fuerat
594 602 821 651 usitatus
844 638 858 661 ,
921 602 981 649 ut
1010 594 1056 649 si
1085 610 1244 667 quem
1275 598 1624 668 praedicatum
1652 598 1743 652 Dei
1772 595 1956 653 lamia-

360 694 506 747 tione
524 687 1036 759 legisset,suaderet
1068 687 1261 758 inquiri
1295 700 1513 759 propter
1533 705 1652 761 qua:
1684 688 1821 745 facta
1848 690 1958 749 Deo

360 783 669 856 placuisset.
702 780 759 837 Si
784 780 887 839 Job
918 778 1060 852 (Job.
1087 796 1103 837 ι
1131 778 1149 850 )
1200 780 1293 836 Dei
1328 782 1637 837 testimonio
1666 782 1957 852 gloriosus,

360 876 535 932 dictus
560 882 643 930 est
666 888 827 929 verus
857 872 947 926 Dei
970 871 1164 939 cultor,
1194 883 1245 927 et
1267 874 1352 929 cui
1376 875 1427 928 in
1448 875 1607 930 terris
1636 890 1795 931 nemo
1817 890 1963 931 com-

360 978 644 1039 pararetur
669 1010 683 1033 ,
716 965 1021 1023 faciendum
1045 965 1274 1022 docebat
1300 968 1410 1035 ille,
1440 968 1693 1039 quidquid
1716 968 1818 1025 Job
1839 978 1965 1025 ante

366 1059 591 1116 fecisset
616 1078 631 1114 :
666 1069 723 1114 ut
746 1059 873 1114 dum
916 1068 969 1114 et
997 1072 1099 1113 nos
1126 1058 1274 1129 paria
1296 1060 1519 1117 facimus
1538 1102 1553 1128 ,
1582 1060 1758 1117 simile
1787 1066 1840 1117 in
1866 1075 1967 1116 nos

370 1153 470 1209 Dei
504 1153 871 1208 testimonium
906 1165 1280 1221 provocemus.
1334 1150 1674 1223 Contemptis
1722 1152 1815 1211 ille
1855 1152 1969 1209 disv

372 1244 587 1317 pendiis
618 1244 694 1299 rei
726 1243 1036 1308 familiaris,
1087 1244 1139 1298 in
1184 1251 1389 1299 tantum
1432 1243 1726 1300 exercitata
1772 1244 1971 1301 virtute

371 1337 635 1409 profecit,
667 1345 725 1391 ut
764 1350 864 1391 nec
880 1335 1095 1405 pietatis
1124 1337 1438 1406 temporalia
1492 1336 1688 1393 damna
1720 1337 1970 1394 sentiret.

374 1428 493 1486 Non
524 1428 670 1483 illum
720 1429 972 1497 penuria,
1019 1442 1125 1487 non
1172 1428 1328 1485 dolor
1376 1429 1574 1500 fregit,
1622 1445 1730 1485 non
1784 1431 1976 1487 uxoris

377 1521 600 1579 suadela
651 1521 898 1587 deﬂexit,
958 1536 1065 1579 non
1119 1524 1319 1593 proprii
1380 1526 1625 1596 corporis
1662 1524 1779 1580 dira
1810 1539 1973 1595 pretia

380 1616 676 1672 concussit.
722 1615 1025 1670 Permansit
1053 1614 1105 1669 in
1138 1616 1250 1670 suis
1277 1616 1494 1673 sedibus
1525 1618 1635 1673 ﬁxa
1681 1618 1880 1682 virtus,
1924 1626 1982 1673 et

2055 420 2113 466 ut
2150 410 2217 465 de
2264 409 2465 463 smculo
2512 406 2817 469 excedens,
2849 404 3205 459 arcessitione
3244 404 3353 473 jam
3408 404 3648 474 proxima

2056 502 2461 560 commendaret
2534 501 2609 555 illi
2670 498 2956 568 conjugem
3024 512 3087 551 ac
3130 496 3331 551 liberos
3371 512 3541 563 suos,
3593 505 3655 551 ut

2058 612 2218 667 quem
2244 596 2447 649 fecerat
2465 596 2532 648 de
2558 602 2721 649 secta:
2744 592 3126 647 communione
3155 591 3492 661 participem,
3518 599 3657 658 post-

2062 686 2279 740 modum
2309 684 2507 739 faceret
2540 684 2748 752 pietatis
2780 682 3077 739 haeredem.

2694 772 2921 828 CAPUT
2976 773 3037 826 V.

2103 869 2284 922 Adhuc
2307 869 2608 938 neophytus,
2636 868 2979 935 episcopatum
3007 880 3262 919 assumere
3283 866 3598 935 compulsus.

2139 960 2380 1031 Longum
2411 970 2494 1015 est
2521 960 2600 1014 ire
2629 974 2727 1029 per
2770 958 2979 1028 singula
3014 976 3025 1011 :
3056 966 3249 1013 cuncta
3301 966 3322 993 θ
3372 957 3489 1027 ejus
3530 958 3666 1011 facta

2071 1070 2361 1111 onerosum
2415 1060 2500 1109 est
2552 1068 2891 1109 enumerare.
2946 1053 3025 1107 Ad
3084 1053 3457 1122 probationem
3500 1052 3671 1105 bono-

2074 1166 2193 1205 rum
2225 1166 2482 1219 operum,
2515 1150 2690 1203 solum
2742 1150 2847 1203 hoc
2882 1150 3120 1203 arbitror
3160 1150 3291 1203 satis
3325 1162 3467 1211 esse,
3526 1148 3671 1218 quod

2071 1242 2278 1313 judicio
2306 1242 2399 1297 Dei
2425 1250 2479 1297 et
2510 1242 2684 1312 plebis
2715 1241 2921 1310 favore,
2951 1241 3017 1295 ad
3045 1240 3281 1295 ofﬁcium
3310 1240 3597 1294 sacerdotii
3619 1250 3674 1295 et

2077 1334 2420 1404 episcopatus
2460 1334 2685 1402 gradum
2738 1332 2917 1388 adhuc
2967 1331 3305 1402 ne0phytus,
3347 1340 3399 1384 et
3439 1338 3497 1383 ut
3525 1340 3676 1397 puta-

2080 1425 2273 1492 batur,
2306 1425 2551 1480 novellus
2588 1426 2793 1481 electus
2824 1434 2923 1479 est.
2957 1424 3213 1491 Quamvis
3243 1422 3294 1476 in
3329 1423 3513 1492 primis
3556 1422 3680 1478 ﬁdei

2081 1534 2193 1576 suae
2221 1520 2397 1575 adhuc
2427 1518 2654 1585 diebus,
2700 1529 2754 1573 et
2790 1517 2909 1573 rudi
2934 1526 3057 1572 vrtze
3086 1517 3341 1587 spiritalis
3368 1526 3528 1570 anate
3556 1558 3569 1581 ,
3603 1516 3681 1570 sic

2083 1630 2349 1685 generosa
2381 1612 2590 1668 indoles
2621 1614 2922 1677 relueeret;
2962 1620 3021 1666 ut
3065 1612 3166 1666 etsi
3210 1610 3447 1665 nondum
3479 1610 3639 1665 ofﬁcii
3668 1653 3683 1678 ,

383 1711 508 1765 altis
540 1708 807 1764 radicibus
835 1707 1048 1763 fundata
1078 1708 1294 1764 devotio
1325 1710 1471 1765 nullo
1498 1710 1695 1765 diaboli
1726 1710 1980 1765 tentantis
2009 1710 2055 1769 B
2084 1709 2198 1777 Spei
2256 1717 2435 1761 tamen
2476 1706 2689 1777 fulgore
2717 1706 3070 1775 resplendens
3095 1748 3107 1769 ,
3143 1705 3475 1758 imminentis
3503 1720 3685 1759 sacer—

383 1803 591 1873 impetu
642 1803 840 1858 cessit:
872 1802 1161 1871 quominus
1194 1812 1218 1837 ει
1252 1803 1418 1857 Deum
1471 1817 1628 1858 suum
1660 1803 1766 1859 ﬁde
1789 1813 1972 1874 grata,

2080 1801 2213 1856 dotii
2274 1810 2443 1854 totam
2519 1799 2767 1853 ﬁduciam
2819 1798 3186 1867 polliceretur.
3233 1796 3349 1851 Non
3399 1798 3689 1866 praeteribo

383 1895 544 1951 etiam
588 1896 729 1951 inter
772 1893 999 1949 adversa
1039 1894 1405 1950 benediceret.
1438 1896 1639 1952 Domus
1664 1896 1781 1965 ejus
1809 1898 1981 1965 patuit
2076 1896 2240 1949 etiam
2273 1892 2404 1947 illud
2435 1894 2694 1947 eximium
2720 1934 2733 1955 ,
2766 1890 3246 1960 quemadmodum,
3272 1904 3395 1942 cum
3428 1890 3478 1942 in
3508 1889 3686 1945 dilec-

385 1989 697 2057 cuicumque
728 1987 983 2043 venienti.
1012 1985 1165 2042 Nulla
1198 1987 1353 2043 vidua
1380 2002 1597 2043 reversa
1618 1998 1704 2044 est
1730 1990 1854 2043 sinu
1884 2004 1981 2043 va-

384 2093 521 2143 cuo;
564 2078 741 2131 nullus
786 2077 1032 2147 indigens
1078 2078 1319 2144 lumine,
1371 2094 1481 2132 non
1518 2078 1612 2139 illo
1659 2079 1861 2133 comite
1899 2079 1982 2137 di-

381 2182 564 2226 rectus
610 2179 692 2225 est
726 2189 738 2225 :
794 2170 973 2224 nullus
1015 2169 1207 2226 debilis
1252 2185 1479 2244 gressu,
1511 2185 1620 2226 non
1662 2171 1754 2227 illo
1798 2171 1983 2241 bajulo

383 2273 569 2319 vectus
596 2272 710 2317 cst:
741 2262 922 2316 nullus
942 2260 1116 2315 nudus
1146 2260 1345 2317 auxilio
1366 2261 1433 2316 de
1456 2263 1776 2332 potentioris
1804 2278 1986 2329 nianu,

384 2372 493 2412 non
528 2356 622 2410 illo
655 2364 829 2409 tutore
856 2363 1134 2425 protectus
1183 2362 1286 2410 est.
1340 2354 1468 2412 Haec
1513 2355 1717 2411 debent
1769 2354 1950 2410 facere
1976 2397 1989 2420 ,

386 2449 630 2513 dicebat,
664 2450 755 2520 qui
790 2448 899 2503 Deo
942 2448 1155 2517 placere
1198 2448 1529 2504 desiderant.
1564 2449 1632 2504 Et
1660 2449 1739 2504 sic
1768 2464 1864 2518 per
1890 2448 1987 2503 bo-

388 2559 583 2599 norum
633 2543 874 2598 omnium
948 2541 1269 2599 documenta
1322 2542 1656 2609 decurrens,
1703 2543 1832 2597 dum
1881 2556 1995 2597 me-

389 2638 552 2695 liores
596 2652 812 2709 semper
857 2637 1129 2703 imitatur,
1165 2637 1327 2695 etiam
1364 2638 1482 2709 ipse
1508 2653 1574 2695 se
1613 2636 1739 2693 fecit
1770 2636 1992 2691 imitan-

390 2728 537 2785 dum.
1329 2736 1348 2755 ’-

999 2840 1229 2897 CAPUT
1292 2840 1383 2896 Ν.

611 2956 905 3027 Cyprianus
935 2970 965 3008 a
989 2954 1195 3009 Caecilio
1224 2956 1291 3009 ad
1318 2956 1471 3024 [idem
1500 2957 1771 3037 adductus.

2088 1986 2292 2040 tionem
2340 1986 2459 2053 ejus
2487 1992 2543 2037 et
2599 1983 2860 2036 honorem
2897 1992 3040 2035 totus
3081 1981 3314 2050 populus
3346 1980 3365 2017 τ
3400 1983 3677 2050 aspirante

2086 2080 2317 2135 Domino
2348 2078 2663 2146 prosiliret,
2698 2076 2975 2130 humiliter
3005 2075 3096 2128 ille
3124 2075 3385 2138 secessit,
3419 2075 3688 2143 antiquio-

2091 2174 2245 2228 ribus
2292 2172 2528 2235 ccdens,
2582 2181 2635 2225 ct
2684 2170 2959 2239 indignum
3005 2185 3063 2223 se
3105 2168 3258 2222 titulo
3300 2168 3434 2221 tanti
3474 2168 3697 2222 honoris

2092 2268 2441 2329 existimans,
2495 2273 2553 2319 ut
2594 2264 2788 2333 dignus
2834 2265 3005 2331 magis
3035 2262 3206 2317 ﬁeret.
3247 2261 3415 2331 Magis
3443 2261 3585 2315 enim
3616 2261 3700 2314 di-

2094 2376 2230 2430 gnus
2295 2358 2565 2419 efﬁcitur,
2627 2356 2717 2425 qui
2776 2355 2915 2425 quod
2977 2364 3215 2409 meretur
3290 2365 3529 2409 excusat.
3584 2354 3701 2421 Quo

2094 2462 2220 2507 tunc
2252 2462 2276 2499 Β
2326 2452 2521 2506 ardore
2567 2452 2719 2519 plebs
2794 2460 3027 2503 :estuans
3082 2450 3411 2514 fluetuahat,
3469 2448 3702 2515 spiritali

2092 2543 2365 2599 desiderio
2395 2542 2789 2610 concupiscens
2812 2583 2825 2605 ,
2860 2548 2918 2593 ut
2948 2541 3125 2593 exitus
3157 2540 3369 2606 docuit,
3425 2555 3531 2593 non
3584 2548 3704 2593 tan-

2093 2643 2207 2690 tum
2253 2636 2611 2704 episcopum;
2656 2635 2708 2686 in
2754 2648 2820 2687 eo
2865 2633 3010 2687 enim
3062 2649 3221 2700 quem
3266 2643 3394 2687 tunc
3453 2633 3643 2687 latenti
3674 2630 3701 2669 ιι

2093 2727 2390 2783 divinitatis
2434 2727 2696 2796 praesagio
2742 2726 2921 2779 taliter
2976 2723 3293 2793 ﬂagitabati
3330 2740 3437 2778 non
3496 2727 3703 2778 solum-

2095 2820 2257 2874 modo
2302 2818 2637 2873 sacerdotem
2667 2858 2680 2881 ,
2722 2816 2817 2871 sed
2848 2828 2902 2870 et
2943 2816 3177 2869 futurum
3211 2815 3375 2868 etiam
3406 2824 3702 2885 martyrem

2093 2913 2424 2983 requirebat.
2482 2910 2782 2966 Obsederat
2832 2909 2975 2963 fores
3021 2908 3212 2962 domus
3248 2910 3466 2977 c0piosa
3513 2907 3707 2967 frater-

2089 3005 2252 3069 nitas,
2277 3015 2330 3057 et
2359 3018 2455 3071 per
2481 3017 2670 3056 omnes
2701 3002 2876 3055 aditus
2907 3000 3137 3055 sollicita
3163 3000 3399 3055 charitas
3425 3001 3710 3054 circuibat.

470 3091 603 3146 Erat
640 3105 771 3145 sane
822 3089 898 3143 illi
940 3090 1100 3144 ﬁliam
1149 3090 1216 3145 de
1244 3092 1400 3145 "Obis
1446 3093 1857 3147 contubernium
1890 3094 1989 3147 viri
2014 3116 2063 3177 ς
2097 3096 2345 3153 Potuisse
2372 3095 2602 3149 fortasse
2626 3104 2751 3148 tunc
2783 3094 2858 3146 illi
2890 3094 3246 3162 apostolicum
3291 3090 3423 3145 illud
3470 3089 3710 3158 evenire,

396 3185 527 3255 justi
584 3193 637 3237 et
694 3181 977 3235 laudabilis
1040 3184 1315 3241 memoriae
1370 3182 1572 3238 Caecilii
1614 3182 1661 3247 1’,
1723 3191 1779 3238 et
1834 3191 1993 3239 aetate

402 3285 531 3331 tunc
558 3283 611 3328 et
656 3275 862 3329 honore
892 3275 1187 3346 presbyteri
1218 3317 1230 3340 ,
1279 3277 1368 3346 qui
1414 3293 1534 3331 eum
1567 3278 1633 3331 ad
1665 3279 1996 3347 agnitionem

403 3384 547 3425 verae
588 3368 883 3423 divinitatis
914 3384 942 3421 a
971 3368 1218 3422 saeculari
1249 3383 1438 3424 errore
1484 3380 1816 3426 correxerat.
1850 3371 2001 3427 Hunc

410 3472 525 3518 toto
557 3461 769 3516 honore
823 3470 985 3530 atque
1023 3461 1169 3515 omni
1209 3462 1551 3517 observantia
1584 3462 1873 3534 diligebat,
1908 3465 2004 3521 ob-

412 3553 661 3624 sequenti
702 3552 1053 3607 veneratione
1088 3553 1391 3621 suspiciens
1417 3594 1430 3618 ,
1481 3567 1589 3606 non
1618 3555 1727 3623 jam
1774 3563 1832 3609 ut
1876 3556 2011 3610 ami-

411 3659 531 3702 cum
554 3645 747 3699 anim
771 3644 1123 3713 coaequalem,
1157 3644 1249 3698 sed
1281 3653 1552 3715 tamquam
1580 3661 1733 3700 nova:
1760 3647 1885 3702 vitaz
1916 3664 1980 3719 pa
2001 3684 2013 3692 ο

415 3749 623 3796 rentem
652 3750 700 3792 ε.
735 3738 977 3808 Denique
1002 3738 1093 3794 ille
1121 3738 1401 3794 demulsus
1443 3738 1560 3809 ejus
1610 3740 1925 3808 obsequiis,
1962 3743 2013 3797 in

2102 3190 2168 3261 (Il
2191 3191 2334 3253 Cor.,
2376 3193 2473 3257 χι),
2506 3186 2646 3255 quod
2674 3186 2863 3249 voluit,
2884 3195 2941 3239 ut
2968 3201 3063 3255 per
3086 3185 3380 3238 fenestram
3417 3183 3717 3250 deponere-

2104 3288 2191 3337 tur
2208 3324 2222 3348 ,
2266 3282 2309 3336 si
2330 3281 2342 3330 i
2368 3295 2488 3334 cum
2512 3279 2770 3347 Apostolo
2790 3279 2949 3333 etiam
2981 3275 3337 3331 ordinationis
3354 3275 3562 3329 honore
3580 3272 3721 3326 simi-

2107 3374 2311 3427 laretur
2359 3370 2406 3424 ¹ί.
2438 3370 2571 3426 Erat
2605 3369 2788 3424 videre
2814 3378 3039 3423 caeteros
3089 3383 3278 3421 omnes
3315 3379 3581 3434 suspenso
3610 3373 3664 3419 et
3695 3362 3716 3401 ι

2110 3473 2272 3523 anxio
2294 3466 2484 3537 spiritu
2514 3475 2828 3534 exspectare
2854 3472 3307 3528 venturum,_eum
3332 3460 3527 3529 gaudio
3555 3458 3723 3513 nimio

2114 3562 2367 3631 excipere
2389 3561 2716 3615 venientem.
2753 3557 2951 3611 Invitus
2979 3556 3132 3619 dico;
3164 3554 3260 3609 sed
3286 3554 3459 3607 dicam
3494 3566 3723 3605 necesse

2116 3664 2217 3711 est.
2267 3653 2495 3719 Quidam
2547 3652 2619 3706 illi
2687 3650 3004 3706 restiterunt
3053 3650 3213 3702 etiam
3278 3655 3335 3701 ut
3399 3648 3642 3701 vinceret
3711 3664 3724 3699 :

2118 3745 2311 3815 quibus
2339 3753 2515 3798 tamen
2542 3750 2740 3812 quanta
2766 3742 2985 3796 lenitate
3005 3750 3064 3805 ω,
3084 3754 3245 3810 quam
3269 3738 3725 3808 patienter,quam

1632 3874 1926 3932 LECTION
1935 3876 2018 3933 ES
2058 3876 2475 3935 VARIANTES.

488 3989 513 4017 8
549 3988 782 4017 ΠιιΛι-ιίηηι
815 3986 903 4017 17Λᾶ

488 3989 513 4017 ⁸
549 3988 783 4048 Quoniam
809 3988 940 4040 Edit.

485 4047 515 4086 ι)
549 4051 793 4101 Czeeiliani
819 4052 953 4100 Foss.
980 4051 1117 4103 Flor.

490 4114 513 4143 °
552 4113 842 4163 Sectabatur
868 4114 991 4163 Bod.
1020 4115 1065 4164 1.

492 4173 519 4213 d
552 4175 744 4226 Meritis
770 4178 898 4227 Bod.
928 4178 971 4225 1.

495 4239 520 4267 ⁸
552 4237 727 4287 Sancta
754 4241 913 4290 Oxon.

498 4296 521 4335 ί
558 4299 835 4361 Inspirante
862 4299 986 4349 Bod.
1015 4301 1060 4348 t.

500 4362 524 4401 ι
560 4360 803 4421 Quantum
826 4360 954 4413 Bod.
981 4362 1027 4411 1.

2048 4349 2107 4408 ι)

2188 3991 2218 4029 h
2254 3990 2511 4042 Latentem
2537 3990 2674 4041 Foss.
2702 3989 2839 4041 Flor.

2197 4054 2213 4092 ί
2256 4054 2551 4115 Flagitabat,
2580 4054 2795 4117 futurum
2822 4055 2951 4117 Imp.

2197 4117 2211 4167 i
2255 4118 2307 4166 Si
2335 4112 2497 4167 tamen
2530 4129 2638 4163 cum
2664 4112 2799 4165 Flor.

2193 4179 2221 4217 k
2256 4178 2506 4227 Similaret
2532 4176 2659 4227 Edil.
2688 4176 2827 4227 Flor.

2194 4240 2213 4280 ι
2255 4241 2536 4303 Suspensos
2556 4242 2704 4290 anxio
2731 4242 2886 4291 Oxon.

2191 4304 2232 4335 "
2264 4302 2495 4354 Lenitate
2518 4314 2784 4366 suspensos
2808 4304 2992 4353 Manut.

1676 4494 1679 4499 ν
1776 4470 2138 4533 VARIORUM
2177 4472 2404 4530 ΝΟΤιίΕ.

436 4587 449 4597 '
509 4585 636 4639 Car.
662 4579 750 4638 ΠΙ.
769 4611 842 4627 -ι-
864 4581 1055 4639 Uxoris
1074 4582 1307 4641 suadela.
1342 4582 1427 4637 Et
1450 4581 1554 4638 hoc
1572 4584 1701 4639 loco
1732 4584 2034 4647 deduxerat

440 4655 615 4713 editor
632 4655 855 4723 Anglus,
873 4654 1198 4724 Cyprianum
1223 4669 1442 4709 uxorem
1461 4654 1737 4710 habuisse:
1755 4657 1850 4711 sed
1876 4674 1932 4713 re
1949 4666 2026 4721 at-

441 4728 642 4783 tentius
662 4735 966 4794 perspecta,
994 4726 1355 4779 advertitheic
1386 4727 1631 4781 Pontium
1657 4726 1723 4783 de
1746 4727 1901 4791 Jobo,
1926 4743 2029 4795 non

444 4798 513 4853 de
542 4797 809 4867 Cypriano
831 4796 1003 4863 loqui,
1036 4805 1092 4850 ut
1125 4798 1239 4866 ipse
1271 4797 1525 4853 lectorem
1559 4809 1741 4853 monet
1771 4798 1821 4853 in
1849 4815 2036 4854 eruen-

447 4866 660 4923 dandis.
692 4866 747 4920 In
776 4867 1022 4922 eumdem
1054 4868 1334 4934 scepulum
1376 4869 1673 4937 impegerat
1715 4869 1781 4931 Β.
1815 4870 1871 4923 Ρ.
1905 4870 2034 4926 Ant.

446 4938 578 5008 Pagi
602 4939 667 4992 ad
692 4954 819 4991 ann.
846 4938 975 4999 248,
1003 4937 1144 5006 quod
1167 4951 1403 4994 erratum
1428 4941 1508 4993 vir
1539 4940 1679 4997 haud
1712 4942 1890 4996 minus
1918 4944 2033 4995 sin-

450 5024 609 5065 cerus
646 5024 804 5081 quam
834 5008 1074 5065 eruditus
1119 5010 1173 5065 in
1204 5010 1370 5066 altera
1397 5012 1636 5067 editione
1682 5015 1884 5081 pariter
1911 5028 2037 5067 cor-

450 5082 614 5137 rexit.
645 5078 907 5135 RUINART.

524 5151 655 5205 CAP.
676 5150 1060 5207 lV.——Cazcilii.
1080 5151 1249 5206 Codd.
1265 5151 1476 5207 Fossat.
1494 5162 1545 5206 et
1562 5153 1793 5207 Floriac.
1812 5154 2040 5207 chilia-

454 5224 531 5295 ni.
547 5223 628 5295 Ab
653 5237 739 5287 eo,
756 5232 1056 5295 ut_testatur
1071 5223 1427 5295 Hieronymus
1452 5225 1501 5277 in
1523 5224 1799 5293 Catalogo,
1822 5237 2040 5279 sanctus

456 5292 760 5364 Cyprianus
797 5292 996 5348 Caecilii
1045 5310 1238 5348 nomen
1275 5292 1509 5364 accepit.
1564 5296 1692 5362 Ejus
1720 5292 1940 5350 ’festum
1992 5296 2043 5349 in

458 5364 733 5434 Martyrol.
762 5364 1005 5419 Romano
1034 5366 1121 5420 die
1143 5382 1201 5420 ιιι
1221 5366 1364 5421 Junii
1385 5367 1658 5420 recolitur.
1686 5366 1949 5421 Rursanr.

534 5434 921 5491 Commendare!
951 5436 1028 5489 illi
1070 5438 1357 5507 conjugem.
1390 5436 1689 5507 Antequam
1730 5438 1935 5492 scilicet
1968 5451 2050 5493 sa-

462 5506 704 5563 cerdotio
734 5508 1070 5563 initiaretur:
1101 5506 1199 5561 nisi
1228 5506 1271 5561 Si
1300 5510 1413 5562 haec
1436 5506 1618 5571 tutela,
1644 5509 1811 5564 amica
1844 5517 2049 5563 tantum

464 5577 861 5635 commendatio
887 5588 989 5633 est.
1021 5578 1150 5632 Nam
1173 5579 1306 5633 alias
1334 5580 1555 5634 vetitum
1601 5590 1716 5633 erat
1743 5595 1810 5635 ne
1840 5580 2052 5635 clericis

470 5649 630 5710 tutela
657 5650 1123 5711 commendaretur
1177 5660 1231 5705 ut
1262 5664 1334 5707 ex
1379 5650 1495 5721 ipso
1534 5649 1804 5722 Cypriane
1844 5659 2052 5709 certum

2136 4597 2238 4652 est,
2265 4589 2353 4657 qui
2380 4588 2431 4641 in
2455 4588 2679 4655 epistola
2704 4603 2720 4641 ι
2760 4602 2913 4642 novre
2938 4586 3210 4651 editionis,
3242 4587 3444 4642 Pamel.
3473 4587 3562 4655 66,
3590 4598 3737 4645 vetat

2138 4674 2207 4714 ne
2238 4675 2333 4732 pro
2351 4658 2572 4714 Victore
2592 4660 2683 4727 qui
2706 4658 3009 4732 Geminium
3034 4660 3345 4732 Faustinum
3365 4660 3734 4732 presbyterum

2138 4731 2376 4784 moriens
2407 4739 2639 4783 tutorem
2667 4731 3045 4796 constituerat,
3082 4731 3170 4796 ﬁat
3200 4730 3409 4795 oblatio,
3442 4730 3537 4784 aut
3557 4734 3738 4800 depre-

2138 4803 2272 4853 catio
2301 4801 2474 4870 aliqua
2518 4802 2719 4854 nomine
2760 4803 2869 4869 ejus
2914 4802 2964 4853 in
3008 4802 3217 4853 ecclesia
3259 4802 3622 4868 frequentetnr.
3674 4802 3733 4857 Id

2141 4872 2307 4935 enim,
2342 4873 2531 4937 inquit,
2567 4872 2627 4923 ab
2679 4872 3078 4925 antecessoribus
3110 4874 3359 4942 episcOpis
3386 4873 3735 4927 Constitutum

2140 4942 2315 4996 fuerat
2334 4985 2348 5007 ,
2380 4954 2431 4994 ut
2460 4944 2501 4995 si
2532 4944 2641 5010 quis
2675 4946 2835 5013 frater
2861 4943 3105 5013 excedens
3135 4945 3203 4996 ad
3225 4944 3434 4997 tutelam
3460 4945 3537 4996 vel
3562 4961 3739 4995 curam

2142 5014 2380 5067 clericum
2406 5012 2705 5073 nominaret,
2740 5032 2840 5066 non
2872 5012 3135 5080 offerretur
3166 5032 3259 5083 pro
3300 5031 3377 5075 eo.
3410 5031 3499 5067 nec
3525 5016 3731 5081 sacriﬁ-

2143 5086 2276 5138 cium
2316 5102 2407 5154 pro
2447 5085 2750 5137 dormitione
2789 5087 2898 5147 eius
2939 5087 3293 5139 celebraretur.
3343 5086 3511 5138 Porro
3544 5088 3739 5138 mirum

2144 5164 2228 5210 est
2249 5155 2559 5217 Baronium,
2578 5155 2643 5207 ad
2658 5172 2744 5208 an.
2770 5156 2896 5217 950,
2924 5157 3064 5208 hunc
3094 5158 3269 5210 locum
3293 5159 3371 5209 sic
3392 5157 3740 5219 intellexisse,

2148 5228 2301 5296 quasi
2324 5227 2619 5296 Cyprianus
2645 5228 2880 5279 moriens
2901 5225 3118 5281 Cmcilio
3140 5229 3421 5295 coniugem
3454 5242 3518 5279 ac
3548 5227 3745 5279 liberos

2150 5295 2577 5350 eommeinlarit:
2609 5312 2730 5351 cum
2761 5314 2791 5351 e
2819 5299 3092 5352 contrario
3136 5298 3185 5351 id
3232 5297 3417 5351 fecerit
3468 5295 3738 5349 Cn-cilius.

2154 5367 2289 5422 Vide
2308 5368 2378 5422 Pa
2422 5370 2525 5421 ium
2555 5369 2673 5421 loco
2700 5384 2858 5437 quem
2889 5369 3045 5421 modo
3077 5368 3443 5423 laudabamus.
3480 5367 3743 5421 RUINART.

2225 5437 2355 5491 CAP.
2490 5470 2559 5478 —
2589 5439 2954 5491 Felicissimus
2976 5439 3203 5491 scilicet.
3222 5438 3743 5491 sehismatisantesi—

2225 5437 2355 5492 CAP.
2392 5437 2456 5492 V.
2490 5470 2559 5478 —
2589 5439 2954 5493 FeliciSsimus
2976 5438 3747 5499 scilicet.sehismatisantesh

2156 5526 2362 5580 gnanus
2392 5525 2512 5563 cum
2559 5510 2713 5576 aliis,
2747 5526 2881 5579 quos
2922 5508 3214 5565 Caldonius
3256 5520 3310 5565 et
3353 5511 3440 5563 alii
3491 5510 3531 5563 C
3576 5507 3750 5577 priani

2158 5581 2393 5635 absentis
2423 5582 2603 5635 vicarii
2628 5582 3164 5635 excommuniearunt
3193 5599 3205 5634 :
3232 5582 3391 5635 eoist.
3413 5580 3506 5635 42.
3534 5525 3740 5635 ilamel.

2158 5578 2393 5636 absentis
2423 5582 2603 5635 vicarii
2628 5578 3164 5636 excommuniearunt
3193 5599 3205 5634 :
3232 5582 3391 5650 epist.
3413 5580 3506 5649 42,
3534 5578 3740 5635 Pamel.

2161 5652 2250 5709 '59.
2280 5651 2411 5711 Vide
2441 5660 2493 5708 et
2520 5653 2677 5723 epist.
2706 5653 2797 5723 41,
2832 5652 3035 5712 Pamel.
3069 5653 3161 5711 ιε.
3194 5654 3460 5713 ΒυιιιΑιιι.
