4134 6256
536 263 672 320 1487

1785 256 1842 313 S.
1886 252 2175 312 PONTIUS
2213 252 2461 311 DIACON
2471 252 2572 318 US.

3693 249 3818 307 N88

531 376 916 435 benevolenter
943 373 1196 437 indulsit,
1221 388 1379 443 quam
1400 373 1695 427 clementer
1723 372 1956 443 ignovit,
1990 373 2125 427 ami-
2151 374 2203 434 Α
2230 383 2468 427 mentum
2521 371 2703 440 gratiae
2753 385 2849 439 per
2896 367 3056 425 fidem
3096 365 3429 439 proficientis
3468 368 3821 424 ostenderet?

528 470 782 527 eissimos
811 483 907 523 eos
935 465 1275 536 postmodum
1306 475 1361 520 et
1388 465 1529 520 inter
1558 466 1891 520 necessarios
1914 479 2128 533 compu-

531 572 683 626 tans,
733 559 1052 614 mirantibus
1102 557 1306 612 multis.
1336 556 1432 611 Cui
1465 558 1608 613 enim
1645 566 1827 626 posset
1857 571 1962 611 non
2004 570 2128 611 esse

533 654 794 711 miraculo
836 651 1310 723 tam_memorios.'e
1341 651 1536 706 mentis
1563 650 1761 705 oblivio
1784 649 1806 702 ?

1138 783 1366 841 CAPUT
1426 784 1512 839 γι.

861 900 1255 972 EpiscOpalibus
1294 899 1562 953 virtutibus
1601 899 1801 952 emicat.

613 1017 843 1083 Exinde,
888 1013 1341 1085 quemadmodum
1384 1029 1442 1069 se
1481 1012 1728 1083 gesserit,
1773 1011 1894 1082 quis
1923 1010 2131 1067 referre

533 1108 804 1167 sufﬁciat?
834 1123 953 1178 qua:
1003 1108 1076 1161 illi
1111 1116 1133 1142 ιι
1169 1106 1383 1176 pietas?
1412 1106 1501 1174 qui
1546 1104 1723 1173 vigor?
1753 1102 2125 1158 misericordia

530 1202 777 1274 quanta?
824 1208 1023 1269 quanta
1073 1212 1305 1252 censura
1345 1195 1415 1249 b?
1456 1194 1687 1249 Tantum
1721 1194 2021 1249 sanctitatis
2073 1202 2130 1247 et

530 1295 720 1366 gratiae
742 1308 807 1347 ex
828 1306 923 1346 ore
962 1290 1077 1360 ejus
1109 1289 1350 1355 lucebat,
1379 1296 1437 1342 ut
1474 1287 1827 1342 confunderet
1859 1297 1879 1324 ο
1913 1286 2127 1340 intuen-

528 1388 661 1442 tium
708 1392 941 1439 mentes.
984 1382 1174 1438 Gravis
1219 1383 1399 1435 vultus
1430 1390 1485 1435 et
1514 1380 1701 1443 laetus;
1742 1394 1840 1433 nec
1866 1378 2128 1437 severitas

529 1480 731 1543 tristis,
766 1493 863 1533 nec
891 1476 1119 1531 comitas
1173 1477 1338 1530 nimia
1376 1472 1435 1539 τις
1470 1474 1562 1529 sed
1586 1473 1824 1529 admixta
1858 1472 2129 1541 utrimque

529 1573 825 1641 temperies
853 1587 866 1624 :
897 1579 955 1624 ut
993 1578 1139 1624 esset
1167 1568 1471 1638 ambigere,
1522 1566 1699 1622 vereri
1740 1568 1855 1634 plus
1884 1580 1950 1617 an
1981 1562 2132 1632 diligi

536 1672 875 1728 mereretur;
908 1663 1012 1716 nisi
1064 1661 1209 1731 quod
1239 1669 1295 1716 et
1322 1660 1497 1715 vereri
1526 1668 1580 1713 et
1611 1658 1760 1727 diligi
1793 1657 2125 1712 merebatur.

529 1757 639 1813 Sed
666 1772 765 1811 nec
789 1756 968 1810 cultus
997 1754 1093 1809 fuit
1116 1754 1300 1823 dispar
1326 1769 1354 1807 a
1383 1753 1555 1817 vultu,
1590 1759 1919 1820 temperatus
1941 1756 1996 1803 et
2016 1749 2131 1818 ipse

531 1853 599 1908 de
641 1852 840 1906 medio.
889 1849 1003 1903 Non
1050 1850 1197 1903 illum
1229 1848 1479 1916 superbia
1509 1846 1785 1900 smcnlaris
1815 1844 2129 1909 inflaverat,

532 1957 633 1998 nec
664 1950 842 1995 tamen
870 1956 1091 2009 prorsus
1115 1939 1358 1994 affectata
1391 1938 1610 2006 penuria
1638 1936 1940 1992 sordiderat
1968 1954 1981 1989 :
2009 1935 2133 2007 quia

528 2044 584 2092 et
628 2035 730 2089 hoc
773 2036 998 2088 vestitus
1042 2048 1213 2103 genus
1251 2049 1279 2085 a
1326 2032 1584 2101 jactantia
1636 2032 1814 2085 minus
1860 2046 1965 2085 non
2009 2040 2132 2095 est,

529 2143 691 2199 quam
725 2136 749 2164 ε
780 2134 1049 2181 ostentata
1108 2125 1289 2179 taliter
1317 2125 1602 2179 ambitiosa
1650 2124 1948 2194 frugalitas.
1996 2122 2135 2189 Quid

530 2230 713 2276 autem
762 2218 780 2256 ί
830 2219 971 2272 circa
1025 2231 1292 2287 pauperes
1367 2216 1655 2285 episcopus
1716 2216 1951 2281 faceret,
2000 2228 2136 2285 quos

530 2312 952 2368 catechumenns
1029 2310 1323 2379 diligebat?
1387 2308 1633 2363 Viderint
1695 2308 1911 2378 pietatis
1967 2308 2136 2362 antis-

530 2404 687 2467 tites,
719 2418 814 2458 seu
847 2416 982 2467 quos
1014 2400 1079 2454 ad
1111 2399 1348 2455 officium
1393 2400 1520 2454 boni
1551 2399 1733 2467 operis
1765 2398 2016 2453 instruxit
2046 2398 2130 2467 ip-

532 2496 646 2550 sius
675 2493 883 2549 ordinis
924 2492 1240 2561 diseiplina,
1276 2506 1372 2545 seu
1414 2504 1552 2560 quos
1590 2491 1915 2544 sacramenti
1946 2489 2133 2559 religio

531 2586 836 2643 communis
882 2584 947 2638 ad
988 2583 1304 2653 obsequium
1331 2580 1653 2637 exhibenda:
1680 2581 1991 2635 dilectionis
2016 2595 2133 2636 arc-

534 2677 689 2735 tavit.
738 2676 1069 2750 Cyprianum
1111 2675 1178 2730 de
1220 2690 1319 2729 suo
1366 2675 1527 2730 talem
1575 2675 1785 2745 accepit
1832 2674 2130 2742 cathedra,

536 2787 644 2828 non
667 2770 815 2827 fecit.

1137 2884 1364 2941 CAPUT
1420 2885 1524 2939 VII.

2230 464 2363 531 Quis
2389 463 2623 532 virgines
2651 461 2717 515 ad
2749 468 3139 530 congruentem
3181 458 3453 527 pudicitia:
3489 459 3818 529 disciplinam

2231 567 2285 611 et
2311 557 2551 611 habitum
2576 555 2933 610 sanctimonia
2960 553 3204 624 dignum,
3237 552 3384 607 velut
3414 552 3588 608 frenis
3619 554 3821 621 quibus-

2231 648 2355 703 dam
2417 648 2667 702 lectionis
2704 646 2716 683 ί
2758 646 3053 701 Βοηιίηίςω
3084 646 3409 700 coerceret?
3439 644 3573 711 Quis
3617 645 3823 703 doceret

2232 740 2606 811 paenitentiam
2637 740 2851 809 lapsos,
2882 738 3164 792 veritatem
3216 736 3531 801 litereticos,
3570 738 3821 793 schisma-

2233 834 2367 886 ticos
2413 831 2669 885 unitatem
2695 872 2710 898 ,
2747 831 2887 885 filios
2933 829 3029 884 Dei
3066 842 3251 898 pacem
3281 837 3338 882 et
3358 830 3675 898 evangelica:
3704 848 3817 900 pre-

2228 924 2306 979 cis
2355 922 2368 973 i
2409 922 2627 993 legem?
2656 923 2762 978 Per
2809 937 2969 992 quem
3021 921 3253 991 gentiles
3318 920 3613 991 blaSpliemi
3654 922 3677 959 ¹ί
3732 942 3816 980 rc-

2230 1015 2499 1084 percussis
2530 1015 2581 1068 in
2608 1029 2666 1069 se
2690 1014 2756 1068 iis
2777 1029 2898 1084 qua
2937 1014 3092 1069 nobis
3114 1012 3365 1082 ingerunt
3391 1056 3406 1079 ,
3439 1016 3771 1071 vincerentur
3792 1023 3813 1071 ’ἰ

2228 1106 2275 1161 Α
2301 1121 2410 1177 quo
2434 1106 2728 1161 Christiani
2773 1106 3038 1161 mollioris
3084 1104 3099 1143 ι
3132 1106 3359 1161 affectus
3400 1108 3542 1162 circa
3575 1110 3813 1164 amissio-

2230 1213 2353 1253 nem
2382 1212 2603 1252 suorum
2624 1238 2637 1261 ,
2670 1206 2761 1251 aut
2812 1198 2956 1268 quod
2988 1196 3156 1267 magis
3193 1208 3277 1252 est
3321 1208 3381 1264 ἠ,
3418 1198 3543 1253 fidei
3576 1203 3826 1269 parvioris

2230 1289 2641 1345 consolarentur
2687 1305 2783 1359 spe
2828 1289 3173 1345 futurorum?
3217 1289 3375 1346 Unde
3415 1292 3495 1347 sic
3527 1294 3827 1349 miscricor-

2230 1381 2373 1437 diam
2395 1423 2409 1447 ,
2443 1381 2585 1436 unde
2615 1383 2930 1451 patientiam
2958 1383 3337 1438 disceremus?
3365 1384 3497 1452 Quis
3524 1386 3756 1441 livorem
3775 1388 3830 1443 de

2232 1482 2496 1528 venenata
2546 1472 2766 1529 invidia:
2798 1474 3134 1544 malignitate
3166 1477 3509 1544 venientem,
3554 1478 3828 1536 dulcedine

2234 1566 2460 1623 remedii
2489 1577 2515 1602 ιι
2554 1568 2810 1623 salutaris
2868 1567 3178 1625 inhiberet?
3205 1570 3337 1637 Quis
3368 1587 3614 1641 maryres
3672 1584 3829 1630 tantas

2233 1663 2611 1719 exhortatione
2637 1663 2810 1718 divini
2833 1665 3101 1719 sermonis
3140 1666 3419 1735 erigeret?
3444 1667 3578 1733 Quis
3608 1669 3828 1739 denique

2236 1763 2317 1809 tot
2337 1753 2701 1821 confessores,
2727 1753 2985 1810 frontium
3010 1764 3314 1811 notatarum
3344 1761 3585 1813 secunda
3616 1762 3826 1832 inscrip-

2241 1846 2385 1901 tione
2413 1847 2687 1916 signatos,
2720 1856 2775 1901 et
2810 1846 2876 1900 ad
2906 1848 3213 1917 exemplum
3245 1851 3490 1918 martyrii
3518 1856 3824 1920 superstites

2237 1947 2544 1992 reservatos
2569 1978 2585 2005 ,
2611 1937 2881 1993 incentivo
2907 1939 3048 1993 tuba:
3076 1940 3316 1995 ccelestis
3342 1943 3639 1998 animaret?
3667 1946 3819 2007 Bene,

2238 2030 2378 2086 bene
2422 2040 2549 2085 tunc
2588 2040 2643 2086 et
2684 2046 2814 2086 vere
2854 2031 3170 2100 spiritaliter
3231 2033 3457 2103 contigit
3501 2044 3545 2099 ο,
3578 2038 3724 2105 quod
3752 2041 3824 2092 vir

2238 2124 2577 2179 necessarius
2618 2131 2727 2177 tam
2769 2123 2954 2178 multis
3000 2133 3054 2179 et
3086 2133 3193 2178 tam
3223 2125 3379 2180 bonis
3408 2128 3585 2191 rebus,
3616 2144 3645 2181 a
3677 2146 3810 2182 mar-

2240 2220 2362 2290 tyrii
2402 2218 2875 2273 consummatione
2901 2218 3099 2273 dilatus
3124 2230 3228 2273 est.
3261 2219 3438 2275 Vultis
3472 2223 3601 2276 scire
3637 2238 3813 2277 seces-

2238 2326 2357 2366 sum
2412 2311 2562 2365 illum
2605 2325 2711 2365 non
2759 2311 2927 2365 fuisse
2963 2310 3354 2366 formidinem?
3404 2324 3459 2367 ut
3505 2313 3634 2367 nihil
3679 2315 3819 2368 aliud

2236 2417 2489 2460 excusem
2514 2445 2530 2469 ,
2564 2404 2681 2473 ipse
2707 2404 3056 2475 postmodum
3088 2419 3282 2474 passus
3312 2415 3413 2471 est,
3438 2422 3594 2475 quam
3627 2410 3824 2478 passio-

2238 2511 2360 2550 nem
2392 2496 2575 2565 utiqne
2605 2511 2671 2550 ex
2704 2511 2857 2551 more
2886 2495 3116 2561 vitaret,
3140 2498 3184 2551 si
3213 2508 3267 2551 et
3288 2507 3415 2553 ante
3441 2498 3688 2553 vitasset.
3719 2500 3831 2554 Fuit

2233 2600 2362 2641 vere
2390 2597 2417 2635 ιι
2448 2585 2683 2641 formido
2736 2586 2854 2652 illa,
2890 2586 2986 2641 sed
3030 2586 3173 2657 justa
3200 2605 3215 2641 :
3246 2586 3481 2642 formido
3506 2606 3629 2658 quae
3660 2592 3830 2643 Domi-

2235 2692 2363 2731 num
2398 2678 2613 2732 timeret
2660 2676 2974 2734 offendere:
3009 2676 3241 2733 formido
3271 2695 3392 2749 quae
3422 2682 3711 2749 prteceptis
3745 2682 3826 2734 ιιςί

2238 2769 2425 2825 mallet
2472 2770 2718 2840 obsequi,
2748 2786 2910 2841 quam
2956 2771 3036 2826 sic
3081 2772 3354 2827 coronari.
3398 2771 3582 2828 Dicata
3611 2776 3751 2828 enim
3779 2775 3825 2829 iu

2239 2859 2490 2915 omnibus
2519 2860 2629 2915 Deo
2682 2874 2859 2926 mens,
2892 2871 2947 2915 et
2970 2860 3050 2917 sic
3093 2872 3120 2910 τι
3146 2860 3344 2916 divinis
3369 2862 3830 2920 admonitionibus

2236 2954 2574 3023 mancipata,
2628 2952 2861 3008 credidit
2907 2968 2965 3009 se
3039 2954 3143 3009 nisi
3206 2965 3227 2991 τ
3271 2955 3500 3011 Domino
3573 2958 3828 3012 latebram

536 3024 871 3097 Proscriptus
896 3036 941 3079 et
969 3025 1038 3078 ad
1063 3025 1256 3080 leonem
1282 3024 1591 3094 postulatur,
1624 3029 1898 3096 prudenter
1920 3026 2127 3081 secedit.
2158 3054 2203 3116 ρ
2239 3054 2365 3101 ωηο
2390 3045 2597 3116 jubemi
2638 3055 2659 3082 ιι
2714 3046 3017 3116 paruisset,
3049 3047 3211 3103 etiam
3247 3048 3360 3120 ipsa
3398 3050 3656 3119 passione
3704 3067 3824 3121 pec-

607 3158 801 3213 Statim
857 3156 1095 3227 denique
1139 3174 1237 3226 pro
1295 3157 1489 3213 talibus
1537 3160 1746 3215 meritis
1795 3160 1960 3216 etiam
2009 3178 2135 3231 pro-

534 3251 849 3321 scriptionis
885 3252 1113 3321 gloriam
1148 3262 1472 3307 consecutus
1516 3262 1617 3308 est.
1659 3253 1770 3309 Nec
1798 3256 1941 3310 enim
1984 3257 2134 3312 aliud

534 3346 838 3415 oportebat,
866 3360 1023 3414 quam
1054 3354 1111 3397 ut
1139 3361 1259 3399 eum
1286 3345 1374 3414 qui
1407 3346 1545 3400 intra
1567 3357 1832 3402 secretam
1859 3351 2139 3404 conscien—

537 3438 626 3490 tia:
660 3436 923 3491 latebram
950 3435 1228 3505 religionis
1259 3443 1314 3489 et
1341 3435 1463 3491 fidei
1497 3447 1610 3491 toto
1638 3438 1843 3496 honore
1872 3440 2093 3497 florebat
2123 3486 2137 3509 ,

534 3529 698 3584 etiam
733 3528 945 3596 publice
975 3527 1243 3582 celebrata
1269 3530 1548 3599 gentilium
1580 3531 1718 3587 fama
1742 3535 2000 3591 titularet.
2034 3537 2135 3593 Po-

542 3620 736 3675 tuisset
764 3619 980 3688 quidem
1011 3627 1138 3673 tunc
1163 3636 1258 3690 pro
1282 3621 1567 3678 velocitate
1592 3642 1696 3695 qua
1721 3642 1936 3699 semper
1956 3632 2136 3685 omnia

540 3720 861 3767 consecutus
890 3720 1008 3777 est,
1049 3712 1211 3769 etiam
1238 3716 1476 3786 martyrii
1507 3716 1651 3772 circa
1682 3734 1805 3774 eum
1837 3722 2015 3778 debita
2046 3740 2140 3780 co-

537 3817 671 3857 rona
706 3818 1028 3872 properare;
1061 3806 1293 3860 maxime
1322 3822 1442 3861 cum
1490 3817 1546 3864 et
1589 3810 1857 3883 suffragiis
1884 3830 2026 3886 saepe
2056 3832 2143 3871 re—

538 3894 720 3964 petitis
778 3895 844 3949 ad
909 3896 1118 3951 leonem
1183 3898 1545 3967 postularetur
1599 3919 1614 3953 :
1661 3903 1760 3956 nisi
1810 3920 1905 3974 per
1953 3922 2143 3965 omnes

541 3986 763 4042 ordines
808 3987 1099 4058 gloriarum
1154 3992 1539 4046 transeundum
1572 3992 1647 4047 illi
1677 4006 1855 4065 esset,
1886 4008 1939 4053 et
1966 3999 2045 4054 sic
2074 4000 2141 4055 ad

545 4096 753 4135 summa
802 4081 1125 4136 veniendum
1159 4100 1172 4135 :
1212 4093 1265 4138 et
1295 4085 1397 4139 nisi
1429 4087 1715 4144 imminens
1776 4101 1799 4138 ε
1858 4093 2009 4148 ruina
2042 4110 2147 4165 ope

542 4182 649 4228 tam
674 4172 906 4229 foecundi
937 4177 1171 4246 pectoris
1200 4177 1465 4249 indigeret
1515 4179 1560 4234 ιι.
1620 4182 1787 4254 Finge
1818 4186 1983 4252 enim,
2016 4197 2145 4245 tunc

2237 3152 2383 3193 care.

2827 3251 3054 3310 CAPUT
3095 3254 3231 3309 VIII.

2388 3385 2553 3456 quue
2577 3385 2762 3440 accidit
2782 3402 2845 3441 ea:
2870 3387 3055 3442 divinae
3085 3387 3423 3446 Providentia:
3443 3391 3666 3445 consilio.

2315 3541 2451 3597 Puto
2504 3540 2739 3612 denique
2789 3543 2953 3599 etiam
3014 3560 3157 3600 nunc
3212 3547 3390 3617 aliqua
3443 3547 3509 3603 de
3558 3547 3844 3604 dilationis

2240 3635 2472 3692 utilitate
2524 3637 2844 3692 disserenda
2913 3643 2970 3704 ι,
3023 3643 3240 3696 tametsi
3300 3642 3617 3711 jamdudum
3672 3658 3842 3714 pauca

2242 3730 2686 3800 perstrinximus.
2722 3730 2825 3786 Per
2854 3740 2877 3766 υ
2915 3731 3031 3787 haec
3071 3733 3215 3788 enim
3264 3751 3386 3804 qua:
3418 3734 3673 3790 videntur
3708 3746 3853 3805 post-

2246 3821 2467 3877 modum
2513 3822 2800 3877 subsecuta
2821 3864 2835 3889 ,
2865 3825 3108 3894 sequitur
3138 3836 3193 3881 ut
3226 3827 3519 3896 probemus
3570 3844 3855 3884 secessum

2246 3913 2400 3968 illum
2429 3930 2536 3969 non
2568 3914 2804 3970 hominis
2856 3917 3303 3984 pusillanimitate
3331 3930 3661 3990 conceptum
3689 3964 3705 3987 ,
3737 3924 3854 3983 sed.

2245 4004 2405 4059 sicuti
2448 4014 2570 4073 est,
2615 4021 2742 4061 vere
2774 4005 2941 4063 fuisse
2981 4008 3240 4064 divinum.
3274 4010 3595 4067 Vastaverat
3629 4012 3731 4068 Dei
3767 4030 3857 4083 po-

2246 4098 2429 4168 pulum
2474 4102 2869 4170 persecutionis
2921 4102 3132 4158 infesta:
3171 4104 3417 4161 insolens
3459 4116 3633 4176 atque
3661 4110 3860 4164 acerba

2245 4192 2511 4260 grassatio
2544 4210 2558 4244 :
2599 4202 2655 4247 et
2692 4194 2816 4262 quia
2845 4210 3036 4252 omnes
3065 4196 3319 4267 decipere
3365 4215 3468 4254 una
3512 4198 3714 4256 fraude
3759 4218 3865 4257 non

540 4263 690 4319 illum
730 4266 975 4336 martyrii
1024 4266 1333 4335 dignatione
1382 4271 1717 4328 translatum.
1753 4275 1886 4342 Quis
1924 4280 2136 4335 emolu-
2163 4260 2217 4319 Ῑ)
2242 4291 2456 4352 poterat
2506 4284 2701 4341 artifex
2743 4286 2917 4344 hostis
2943 4328 2959 4355 ,
3006 4304 3347 4361 quacumque
3392 4291 3552 4348 miles
3602 4294 3869 4350 incautus

1746 4389 2121 4450 LECTIONES
2159 4395 2572 4455 VARIANTES.

605 4477 633 4505 8
669 4477 787 4505 nm...
812 4477 890 4505 illa
927 4477 1023 4505 Dml
1072 4490 1075 4497 λ

609 4477 633 4505 ⁸
813 4479 821 4488 .
1072 4496 1075 4497 ,

609 4534 639 4603 If
669 4474 893 4603 83:53::
914 4477 1058 4603 (1:1?in
1074 4479 1262 4589 lsobria:
1288 4542 1412 4591 Bod.
1446 4544 1483 4591 ι.

608 4602 633 4629 θ
672 4600 737 4649 Ut
760 4600 1021 4651 advocaret
1050 4602 1171 4652 Bod.
1200 4604 1244 4651 1.

607 4660 635 4698 τι
670 4662 775 4711 Nec
800 4662 967 4713 ltetitia
992 4666 1136 4712 nimia
1163 4663 1288 4713 Bod.
1320 4666 1361 4714 1.

546 4725 657 4833 ..ἐς
828 4726 1043 4774 ostendit
1065 4726 1209 4776 aliter
1232 4727 1487 4778 ambitiosa
1512 4726 1768 4792 frugalitas
1807 4733 1941 4784 Foss.
1970 4733 2142 4798 Fragi-

566 4799 578 4833 Ι
806 4820 817 4831 ο

566 4797 657 4833 llas
683 4797 817 4833 tt'tor.

610 4844 632 4883 ἲ
671 4846 797 4906 Quid
824 4844 968 4897 faciat
1011 4849 1132 4899 Bod.
1165 4851 1206 4899 l.

610 4911 638 4950 8
673 4909 996 4959 Imminentes
1018 4913 1174 4961 ruina:
1200 4911 1322 4961 Bod.
1358 4914 1397 4962 l.
1424 4916 1560 4966 Foss.

608 4969 639 5035 ξι
672 4971 900 5035 Pectoris
924 4972 1209 5035 indigerent
1232 4974 1357 5022 Bod.
1387 4976 1433 5023 1.

610 5032 627 5071 ί
668 5033 961 5083 Dilectinnis
983 5032 1241 5084 dominica:
1268 5037 1405 5087 F038.

609 5093 624 5143 i
668 5094 980 5159 Evangelica:
1003 5099 1134 5159 pacis
1164 5096 1355 5159 Bod.,t.

611 5160 636 5197 ι
670 5157 1022 5220 Blasphemare
1045 5159 1172 5208 soliti
1198 5158 1319 5210 Bod.
1347 5162 1393 5209 1.

2311 4488 2327 4527 1
2370 4489 2590 4539 Melioris
2611 4491 2735 4542 Bod.
2762 4492 2807 4540 l.

2310 4551 2349 4620 in
2370 4552 2658 4620 _Ma_gis_est,
2686 4561 2895 4620 mortem
2912 4556 3067 4620 ipsam
3093 4570 3182 4619 pro
3205 4558 3302 4608 fide
3325 4562 3519 4620 passuri
3545 4562 3684 4613 Bod.
3707 4564 3762 4613 l.

2304 4614 2333 4677 ll
2369 4613 2648 4677 DulCedine
2670 4616 2903 4677 spiritalis
2920 4613 3044 4669 Bod.
3077 4613 3119 4669 ι’.
3145 4613 3364 4671 Salutem
3391 4621 3520 4671 Bod.
3558 4625 3603 4673 ί.

2310 4676 2335 4704 °
2371 4675 2507 4740 Xere
2533 4676 2626 4726 Dei
2653 4675 2957 4740 providentia
2983 4681 3109 4730 Bod.
3132 4682 3177 4731 1.

2309 4740 2337 4779 Ρ
2371 4736 2508 4788 Vero
2532 4736 2693 4790 Oxon.

2318 4802 2347 4841 (ι
2382 4798 2532 4850 Fides
2555 4802 2711 4852 Oxon.

2314 4864 2335 4891 ι’
2375 4860 2470 4921 Ne,
2497 4864 2537 4911 si
2564 4862 2689 4912 Bod.
2715 4863 2763 4912 1.
2787 4864 2960 4914 Morel.

2313 4926 2335 4989 ξ
2374 4922 2637 4989 I_.atebr_am
2664 4926 3114 4989 hunesuggerenti
3142 4943 3237 4978 non
3260 4930 3386 4981 Bod.
3415 4933 3464 4983 1.
3487 4932 3672 4985 Morel.

2316 4985 2336 5018 ι
2378 4984 2600 5035 Dicenda
2625 4988 2817 5037 tametsi
2845 4984 2970 5040 Boil.
3002 4991 3046 5039 1.
3069 4992 3208 5042 Foss.
3233 4990 3405 5043 Morel.

2308 5049 2337 5077 υ
2372 5045 2501 5096 Dum
2527 5050 2661 5117 enim
2685 5062 2797 5111 quae
2832 5051 3078 5117 videntur,
3118 5055 3427 5117 postmodum
3449 5056 3738 5108 suinecma
3774 5078 3903 5111 scn—

2242 5111 2438 5170 tiamus,
2467 5112 2693 5173 sequitur
2718 5118 2775 5160 ut
2818 5114 3088 5175 probemus
3122 5111 3382 5167 'secessum
3427 5119 3568 5169 Foss.
3622 5119 3787 5172 Flor.

1865 5252 1951 5309 VA
1965 5253 2227 5313 RIORUM
2266 5255 2495 5312 ΝΟΤᾸΞ.

612 5365 739 5421 CAP.
792 5364 880 5419 VI.
914 5365 1413 5441 ——(Iatecltumenus
1458 5370 1720 5438 diligebat.
1763 5370 1954 5428 Statim
2011 5386 2132 5441 post

539 5434 698 5516 fidem
744 5448 1045 5516 susceptam
1072 5454 1161 5493 res
1189 5454 1315 5516 suas
1342 5440 1407 5493 ad
1442 5434 1734 5516 pauperum
1782 5434 2131 5516 indigentiam

536 5506 923 5588 sublevandam
989 5508 1306 5565 distraxisse
1378 5506 1581 5567 notavit
1647 5506 1924 5581 Pontius,"
1971 5533 2133 5588 supra

539 5592 689 5629 num.
723 5593 779 5631 ιι.
818 5578 1083 5632 Βυιιηλιιτ.

609 5646 875 5725 ῼΑΡΣ-ἫΙῙ
900 5678 972 5688 ——
996 5649 1076 5701 Ad
1093 5649 1307 5725 leoncnt
1338 5654 1703 5725 postularetur.
1729 5656 1784 5711 Id
1819 5656 1994 5725 ipsum
2024 5668 2133 5715 les-

541 5715 686 5766 tatur
713 5716 1013 5786 Cyprianus
1042 5718 1202 5786 epist.
1224 5715 1353 5775 edit".
1388 5724 1609 5784 Pamelii
1635 5726 1726 5797 55,
1763 5715 1969 5799 Anglic.
1997 5746 2126 5787 vero

2237 5376 2327 5440 59,
2363 5377 2430 5429 ad
2444 5376 2737 5432 Cornelium
2766 5378 2985 5445 Papam.
3011 5379 3428 5449 Proscriptinnis
3450 5396 3584 5435 vero
3611 5388 3915 5440 meminit

2236 5450 2399 5519 epist.
2429 5449 2524 5511 66,
2558 5450 2693 5503 alias
2720 5449 2810 5514 69,
2841 5452 2910 5503 ad
2942 5450 3260 5517 Pupianum.
3294 5451 3565 5507 Romam.

2309 5518 2567 5573 Lectionis
2602 5521 2892 5575 dominica.
2938 5521 3071 5577 Cod.
3122 5523 3330 5577 Fossat.
3380 5524 3710 5579 dilectionis.
3747 5527 3911 5581 llo-1c

2238 5588 2410 5664 libros
2433 5608 2470 5664 a
2486 5590 2758 5664 Cypriane
2780 5594 3017 5662 scriptos
3041 5592 3289 5664 designat
3318 5594 3563 5648 Pontius.
3594 5596 3921 5652 Seu-snas

2239 5663 2322 5739 sui
2353 5662 2654 5739 apologiain
2696 5664 2925 5730 ipsemet
2969 5662 3194 5736 scripsit
3219 5667 3285 5721 ad
3328 5666 3605 5720 ltonnanos
3644 5684 3739 5739 cp.
3796 5671 3917 5737 ‘20,

2240 5730 2378 5788 alias
2413 5733 2498 5789 15.
2520 5730 2809 5793 ἶὶυιΝΑιιτ.
