4134 6256
284 369 395 426 1489

1268 371 1356 428 DE
1394 371 1557 429 VITA
1598 372 1687 429 ET
1728 372 2055 434 PASSIONE
2095 375 2150 433 S.
2182 376 2530 437 CYPRIANI.

3397 392 3423 447 1
3434 392 3539 449 490

280 482 558 554 prodiderat
598 482 737 540 latus
774 484 1009 552 nudum,
1052 482 1255 555 dispari
1296 500 1495 557 genere
1535 486 1831 556 saeviendi,
1861 492 1914 553 Λ
1938 501 2129 547 uincta
2204 493 2333 559 ista,
2386 511 2493 551 nou
2557 498 2671 553 suis
2703 505 2909 555 tantum
2938 544 2953 571 ,
2983 504 3077 559 sed
3109 506 3268 562 etiam
3305 509 3535 568 alienis:

279 579 491 650 singulos
534 578 744 634 diversa
786 588 966 651 strage
1009 577 1302 649 dejecerat.
1338 580 1576 636 Debebat
1597 594 1719 636 esse
1748 582 1839 651 qui

279 683 432 742 posset
463 673 675 728 saucios
703 673 981 739 homines,
1005 681 1060 728 et
1086 673 1231 726 varia
1254 674 1611 743 expugnantis
1640 673 1841 728 inimici

279 774 375 819 arte
404 765 701 835 jaculatos,
748 764 987 819 adhibita
1032 764 1315 820 medicinae
1362 766 1603 821 caelestis
1647 774 1673 801 ἰ
1725 779 1842 819 me-

275 857 373 913 dela
399 873 495 927 pro
523 858 784 928 qualitate
822 858 1063 913 vulneris
1084 899 1098 924 ,
1130 860 1215 913 vel
1246 874 1434 914 secare
1469 860 1683 914 interim
1706 901 1720 925 ,
1754 859 1843 914 vel

272 947 447 1003 fovere.
478 950 733 1005 Servatus
751 960 833 1005 est
861 951 943 1004 vir
966 950 1189 1021 ingenii,
1215 960 1411 1020 praeter
1432 961 1644 1017 caetera,
1677 952 1838 1005 etiam

272 1040 560 1110 spiritaliter
582 1043 901 1111 temperati;
933 1043 1023 1112 qui
1056 1044 1194 1098 inter
1220 1044 1544 1099 resultantes
1573 1044 1839 1098 colliden-

273 1133 380 1186 tium
428 1133 776 1187 schismatum
806 1133 1028 1199 ﬂuctus,
1060 1134 1317 1190 Ecclesia:
1355 1136 1455 1191 iter
1506 1136 1743 1191 medium
1772 1134 1801 1173 δ
1821 1177 1837 1202 ,

268 1225 437 1279 librato
469 1225 641 1280 limite
680 1226 1028 1296 gubernaret.
1050 1227 1240 1283 Nonne
1272 1229 1385 1283 haec
1408 1271 1423 1294 ,
1458 1244 1575 1294 oro,
1609 1229 1838 1285 consilia

268 1316 422 1372 divina
453 1319 619 1371 sunt?
652 1317 765 1373 Hoc
802 1318 918 1374 fieri
948 1320 1066 1375 sine
1099 1322 1210 1376 Deo
1234 1321 1444 1391 potuit?
1474 1321 1722 1377 Viderint
1746 1323 1836 1392 qui

264 1419 429 1481 putant
469 1426 626 1481 posse
655 1410 874 1467 fortuito
918 1414 1019 1469 ista
1047 1416 1383 1486 contingere.
1414 1415 1655 1471 Ecclesia
1682 1417 1787 1469 illis
1814 1426 1835 1454 ο

261 1502 386 1556 clara
428 1518 559 1557 voce
606 1504 896 1574 respondet
922 1548 937 1573 ,
981 1506 1215 1562 dicens:
1262 1508 1374 1578 Ego
1410 1510 1528 1563 sine
1567 1508 1661 1563 Dei
1703 1517 1834 1563 nutu

260 1597 576 1653 necessarios
606 1599 871 1654 reservari
903 1614 1008 1654 non
1032 1601 1282 1668 admitto,
1315 1615 1420 1656 non
1451 1600 1637 1656 credo.

834 1716 1064 1773 CAPUT
1113 1717 1205 1772 IX.

1942 597 1997 642 et
2050 588 2141 657 qui
2198 603 2257 644 se
2327 590 2419 645 Dei
2491 592 2653 647 etiam
2698 594 2867 651 ﬁlium
2897 612 3017 653 esse
3048 601 3370 671 proﬁtetur,
3440 621 3541 662 cur

1943 696 2052 736 non
2112 686 2419 753 exemplum
2473 687 2641 755 patris
2694 698 2731 724 η)
2788 690 3028 745 imitatur
3059 694 3537 765 "ikespondere,

1945 773 2151 844 inquit,
2197 792 2297 831 nos
2334 778 2493 833 decet
2545 782 2816 838 natalibus
2859 786 3099 851 nostris,
3166 797 3219 841 et
3270 804 3405 857 quos
3450 806 3540 847 re-

1944 878 2099 924 natos
2131 885 2227 939 per
2272 872 2437 927 Deum
2487 885 2733 943 constat,
2782 878 3084 948 degeneres
3113 896 3235 937 esse
3269 898 3375 937 non
3404 899 3539 939 con-

1941 963 2115 1031 gruit;
2148 964 2240 1018 sed
2272 966 2487 1034 probari
2513 970 2687 1039 potius
2717 972 2768 1025 in
2796 972 2986 1027 sobole
3036 982 3059 1007 ο
3114 976 3387 1030 traducem
3413 976 3540 1031 boni

1944 1054 2113 1124 patris
2138 1056 2478 1115 immolatione
2505 1060 2781 1116 bonitatis.

2571 1172 2801 1229 CAPUT
2842 1174 2908 1229 X.

2424 1263 2505 1318 De
2528 1265 2703 1319 eodem
2732 1277 3048 1336 argumento.

2013 1353 2175 1408 Multa
2220 1354 2321 1408 alia
2354 1366 2400 1421 P,
2451 1366 2506 1409 et
2548 1357 2765 1427 quidem
2822 1374 3012 1428 magna
3055 1370 3351 1429 praetereo,
3416 1378 3539 1432 quae

1941 1448 2277 1516 temperandi
2322 1448 2618 1504 voluminis
2657 1451 2799 1505 ratio
2844 1468 2951 1505 non
3000 1453 3203 1524 patitur
3241 1454 3537 1523 prolixiore

1938 1553 2191 1595 sermone
2229 1540 2481 1609 replicari
2511 1552 2573 1595 (ιε
2604 1543 2672 1597 de
2712 1542 2906 1612 quibus
2949 1545 3049 1598 hoc
3090 1555 3293 1599 tantum
3334 1545 3536 1599 dixisse

1936 1632 2069 1685 satis
2099 1642 2199 1686 est.
2234 1631 2390 1697 Quod
2418 1634 2463 1687 si
2496 1632 2585 1687 illa
2618 1635 2846 1704 gentiles
2877 1651 2974 1704 pro
3003 1637 3193 1690 rostris
3223 1636 3410 1690 audire
3444 1652 3539 1706 po-

1935 1726 2199 1793 tuissent,
2232 1728 2457 1782 forsitan
2489 1730 2669 1783 statim
2702 1731 3007 1787 crederent.
3052 1732 3190 1799 Quid
3231 1732 3536 1789 Christiana

254 1828 509 1882 Crauame
552 1829 668 1881 dira
707 1838 844 1897 peste
865 1871 879 1895 ,
928 1828 1123 1898 plebem
1152 1845 1300 1883 suam
1327 1830 1396 1881 ad
1422 1828 1827 1881 succurrendum
1855 1839 1904 1897 B
1931 1818 2085 1888 plebs
2113 1818 2348 1885 faceret,
2381 1819 2467 1873 cui
2498 1820 2567 1874 de
2596 1821 2699 1875 [ide
2730 1837 2925 1876 nomen
2949 1824 3068 1876 est?
3095 1824 3385 1880 Distributa
3410 1838 3536 1880 sunt

310 1938 364 1975 ea
387 1921 589 1991 infectis
611 1961 626 1985 ,
668 1921 818 1974 etiam
847 1921 1079 1987 ethnicis,
1110 1921 1300 1991 eﬂicaci
1328 1922 1561 1975 oratione
1588 1922 1822 1975 adducit.

309 2031 685 2086 Percurramus
734 2039 916 2086 tamen
964 2040 1183 2095 etetera,
1240 2032 1283 2085 si
1334 2032 1573 2087 videtur.
1630 2032 1826 2101 Erupit

246 2125 569 2193 postmodum
605 2123 722 2178 lues
758 2122 913 2188 dira;
942 2131 997 2178 et
1025 2123 1361 2178 detestabilis
1391 2125 1567 2178 morbi
1599 2125 1824 2179 vastitas

244 2215 425 2278 nimia,
456 2215 770 2270 innumeros
803 2229 894 2283 per
925 2215 1065 2268 diem
1095 2216 1323 2285 pepulos
1362 2231 1389 2268 a
1431 2231 1525 2269 sua
1553 2230 1823 2285 quemque

241 2308 361 2363 sede
390 2308 617 2377 abrupto
658 2308 858 2376 impetu
896 2307 1113 2375 rapiens
1139 2348 1153 2369 ,
1188 2307 1527 2361 continuatas
1557 2322 1652 2377 per
1682 2308 1826 2362 ordi-

242 2417 354 2456 nem
383 2402 571 2455 domos
596 2399 741 2469 vulgi
771 2398 1058 2453 trementis
1085 2399 1301 2453 invasit.
1336 2399 1572 2455 Horrere
1601 2415 1825 2478 omnes,

241 2496 419 2564 fugere
447 2491 473 2529 ἀ
491 2534 506 2559 ,
534 2494 706 2547 vitare
737 2494 1042 2563 contagium
1064 2534 1080 2558 ,
1138 2507 1413 2562 exponere
1438 2508 1565 2548 suos
1618 2494 1781 2563 impie
1807 2510 1820 2547 :

239 2586 384 2656 quasi
430 2600 550 2639 curn
587 2584 683 2638 illo
713 2592 864 2653 peste
896 2585 1161 2639 morituro
1208 2593 1253 2650 ο,
1284 2586 1448 2640 etiam
1480 2594 1712 2639 mortem
1743 2587 1822 2656 ip-

238 2693 347 2733 sam
378 2677 572 2747 aliquis
618 2687 801 2745 posset
844 2676 1151 2733 excludere.
1192 2676 1453 2732 Jacebant
1506 2677 1720 2732 interim
1768 2678 1821 2732 in

237 2780 341 2827 tota
366 2772 582 2827 civitate
602 2812 616 2835 ,
644 2786 753 2825 non
775 2770 886 2841 jam
924 2786 1148 2840 corpora
1169 2814 1183 2837 ,
1229 2771 1322 2826 sed
1354 2771 1619 2827 cadavera
1651 2773 1823 2841 pluri-

231 2880 434 2921 morum
459 2906 474 2932 ,
509 2874 563 2922 et
606 2865 1036 2921 misericordiam
1068 2867 1120 2920 in
1152 2881 1212 2920 se
1246 2866 1638 2920 transeuntium
1680 2878 1817 2921 con-

230 2959 577 3028 templationc
606 2958 771 3013 sortis
796 2968 993 3011 muluze
1021 2958 1352 3027 ﬂagitabant.
1388 2958 1557 3012 Nemo
1585 2960 1824 3028 respexit

226 3051 369 3106 aliud
400 3050 419 3088 τ
471 3060 828 3120 ριέιξιθιηιιειιη
902 3049 1048 3103 lucra
1092 3050 1352 3104 crudelia.
1417 3050 1589 3104 Nemo
1628 3052 1820 3106 similis

224 3152 450 3199 eventus
496 3142 869 3197 recordatione
910 3143 1226 3211 trepidavit:
1278 3157 1436 3197 nemo
1469 3142 1595 3197 fecit
1624 3143 1814 3205 alteri,
1846 3170 1889 3232 ρ

220 3250 329 3306 quo
374 3236 483 3305 pati
528 3245 551 3280 κ
586 3235 780 3288 voluit.
809 3234 948 3298 Quid
980 3237 1119 3290 inter
1147 3235 1261 3289 haec
1314 3236 1485 3305 egerit
1521 3234 1721 3290 Christi
1765 3246 1821 3291 et

221 3329 316 3384 Dei
350 3326 598 3382 Pontifex
644 3325 693 3393 ιι,
731 3324 821 3397 qui
878 3326 1164 3396 pontifices
1214 3328 1399 3382 mundi
1462 3327 1624 3397 hujus
1672 3336 1818 3383 tanto

218 3421 340 3493 plus
370 3421 570 3490 pietate
592 3460 607 3486 ,
640 3428 842 3489 quanto
868 3420 1147 3491 religionis
1176 3422 1401 3475 veritate
1429 3430 1816 3490 praecesserat,

217 3512 401 3567 scelus
431 3520 513 3567 est
542 3512 841 3581 praeterire.
875 3515 1231 3582 Aggregatam
1267 3513 1442 3580 primo
1474 3514 1524 3566 in
1557 3513 1677 3568 loco
1708 3528 1817 3568 uno

217 3605 435 3673 plebem
482 3605 551 3658 de
608 3603 997 3659 misericordize
1040 3604 1197 3658 bouis
1260 3605 1490 3658 instituit
1524 3604 1567 3669 ί,
1611 3606 1814 3662 docens

211 3697 413 3751 divine
437 3696 682 3749 lectionis
705 3695 989 3763 exemplis,
1016 3705 1272 3764 quantum
1300 3696 1365 3750 ad
1395 3699 1811 3765 promerendum

213 3792 387 3845 Deum
427 3790 631 3859 prosint
660 3789 836 3843 officia
866 3791 1081 3859 pietatis
1114 3791 1159 3843 i.
1188 3790 1341 3845 Tunc
1370 3791 1568 3846 deinde
1593 3792 1813 3861 subjun-

205 3884 289 3953 git
313 3896 422 3935 non
452 3896 573 3936 esse
602 3880 869 3943 mirabile,
893 3882 935 3935 si
966 3892 1181 3937 nostros
1207 3893 1409 3938 tantum
1433 3884 1617 3938 debito
1635 3884 1813 3939 chari-

205 3975 338 4029 tatis
399 3974 658 4043 obsequio
698 3972 1044 4029 foveremus:
1089 3990 1212 4029 eum
1266 3975 1563 4045 perfectum
1594 3974 1618 4012 ¹ί
1654 3991 1813 4045 posse

200 4066 322 4122 ﬁeri
358 4065 451 4135 qui
483 4066 604 4135 plus
639 4062 657 4101 1
693 4063 898 4131 aliquid
950 4066 1240 4133 publicano
1286 4068 1371 4121 vel
1419 4068 1637 4123 ethnico
1660 4068 1803 4123 fece-

198 4159 316 4213 rit:
352 4159 443 4226 qui
478 4158 674 4210 malum
734 4154 911 4225 (Rom.
958 4172 1067 4221 xru,
1114 4157 1207 4227 2|)
1253 4159 1395 4212 bono
1436 4160 1693 4226 vincens,
1751 4168 1807 4214 et

190 4250 404 4305 divinae
432 4250 733 4304 clementia:
778 4248 947 4302 instar
984 4263 1278 4315 exercens,
1311 4250 1561 4308 inimicos
1593 4267 1809 4322 quoque

188 4342 462 4398 dilexerit
492 4360 503 4394 :
537 4342 627 4411 qui
659 4356 755 4409 pro
802 4344 1242 4410 persequentium
1296 4360 1355 4399 se
1392 4347 1566 4401 salute
1591 4389 1605 4411 ,
1649 4347 1808 4401 sicuti

187 4434 474 4489 Dominus
531 4441 715 4487 monet
753 4441 807 4486 et
835 4432 1108 4498 hortatur,
1159 4437 1345 4491 orarit.
1391 4437 1532 4494 Oriri
1594 4439 1806 4509 (Matth.

1930 1927 2059 1983 ergo
2086 1914 2345 1968 continuo
2375 1928 2472 1981 pro
2500 1916 2759 1984 qualitate
2784 1916 3060 1971 hominum
3090 1928 3250 1987 atque
3280 1920 3529 1975 ordinum

1928 2006 2245 2061 ministeria.
2281 2006 2427 2061 Multi
2462 2007 2553 2077 qui
2596 2009 2841 2078 angustia
2884 2011 3220 2079 paupertatis
3260 2008 3527 2067 beneﬁcia

1928 2108 2174 2167 sumptus
2197 2098 2455 2154 exhibere
2484 2116 2589 2153 non
2630 2110 2909 2171 poterant,
2946 2102 3064 2170 plus
3094 2104 3399 2173 sumptibus
3430 2119 3529 2159 ex-

1928 2185 2222 2252 hibebant,
2267 2199 2682 2260 compensantes
2728 2193 2947 2261 proprio
2993 2193 3177 2249 labore
3224 2195 3527 2249 mercedem

1927 2279 2127 2333 divitiis
2168 2282 2418 2336 omnibus
2459 2285 2746 2338 cariorem.
2795 2284 2865 2339 Et
2911 2286 3032 2354 quis
3081 2300 3185 2339 non
3232 2287 3332 2340 sub
3378 2295 3529 2340 tanto

1925 2371 2147 2428 doctore
2193 2386 2509 2444 properaret
2572 2377 2799 2432 inveniri
2871 2378 2922 2431 in
2972 2385 3123 2447 parte
3169 2378 3346 2448 aliqua
3397 2378 3523 2434 talis

1927 2464 2160 2532 militize,
2194 2482 2287 2537 per
2314 2484 2474 2539 quam
2519 2470 2754 2539 placeret
2793 2480 2847 2524 et
2889 2470 3000 2525 Deo
3039 2470 3218 2535 Patri,
3263 2479 3320 2524 et
3359 2470 3530 2539 judici

1923 2557 2176 2627 Christo,
2230 2570 2285 2616 et
2334 2574 2443 2617 tam
2500 2563 2641 2619 bono
2692 2565 2909 2619 interim
2966 2566 3236 2620 sacerdoti
3259 2566 3282 2619 ‘l
3337 2565 3529 2621 Fiebat

1924 2651 2106 2721 itaque
2131 2657 2541 2711 exuberantium
2587 2672 2818 2727 operum
2862 2658 3141 2728 largitate,
3189 2658 3333 2728 quod
3364 2658 3525 2731 (Gal.

1926 2758 2013 2811 vt,
2048 2745 2154 2815 10)
2197 2746 2395 2799 bonum
2427 2756 2508 2800 est
2539 2747 2681 2816 apud
2711 2762 2935 2811 omnes,
2982 2762 3089 2801 non
3130 2746 3197 2800 ad
3240 2748 3386 2801 solus
3428 2748 3527 2802 do-

1922 2836 2179 2890 mesticos
2207 2836 2350 2889 fidei.
2381 2836 2572 2892 Fiehat
2601 2838 2720 2906 plus
2760 2838 2962 2907 aliquid
3011 2852 3171 2906 quam
3226 2838 3293 2892 de
3343 2838 3527 2892 Tobiae

1922 2927 2328 2997 incomparabili
2356 2930 2556 3001 pietate
2584 2930 2853 3000 signatum
2885 2941 2985 2985 est.
3034 2930 3283 3000 Ignoscat
3311 2929 3434 2994 ille,
3470 2938 3527 2983 et

1921 3021 2165 3091 ignoscat
2192 3023 2418 3089 iterum,
2449 3032 2504 3077 et
2530 3023 2837 3093 frequenter
2869 3022 3137 3093 ignoscat;
3170 3032 3289 3087 aut,
3330 3030 3385 3075 ut
3433 3035 3522 3075 ve-

1922 3113 2037 3167 rius
2060 3113 2313 3179 dixerim,
2332 3115 2523 3168 merito
2546 3115 2827 3177 concedat,
2855 3113 3071 3169 tametsi
3098 3122 3223 3167 ante
3244 3110 3519 3167 Christum

1922 3207 2211 3275 plurimum
2245 3208 2425 3270 licuit,
2454 3208 2571 3277 plus
2600 3207 2801 3278 aliquid
2830 3208 3045 3261 licuisse
3073 3215 3192 3275 post
3213 3204 3519 3259 Christum:

1920 3300 2075 3368 cujus
2097 3301 2429 3369 temporibus
2452 3300 2731 3371 plenitudo
2759 3297 3153 3369 debetur(Tob.
3182 3296 3265 3367 ιι).
3287 3294 3520 3350 Necatos

1920 3393 2060 3448 illea
2083 3408 2208 3464 rege
2230 3401 2285 3449 et
2304 3394 2579 3464 projectos
2604 3395 2685 3448 sui
2722 3401 2931 3447 tantum
2963 3390 3179 3462 generis
3208 3386 3514 3458 colligebat.

2522 3508 2751 3566 CAPUT
2816 3507 2909 3563 XI.

2273 3606 2493 3661 Pellitur
2530 3607 2582 3658 in
2610 3605 2843 3659 exsilium
2882 3600 3125 3656 Curubin.

1990 3698 2085 3752 His
2145 3707 2251 3751 tam
2303 3698 2463 3752 bonis
2521 3705 2578 3751 et
2617 3704 2729 3750 tam
2791 3695 2895 3765 piis
2954 3693 3164 3747 actibus
3203 3690 3515 3760 supervenit

1917 3790 2190 3845 exsilium.
2215 3789 2364 3842 llanc
2389 3789 2534 3843 enim
2562 3788 2737 3843 vicem
2769 3801 2985 3855 semper
3014 3793 3371 3854 reprmsentat
3408 3783 3511 3837 im-

1914 3882 2122 3951 pietas,
2156 3889 2213 3935 ut
2243 3880 2557 3935 melioribus
2589 3880 2772 3949 pejora
2807 3888 2827 3915 τ
2861 3877 3127 3932 restituat.
3172 3875 3239 3929 Et
3267 3874 3394 3944 quid
3426 3888 3513 3929 sa-

1912 3973 2106 4028 cerdos
2164 3973 2282 4037 Dei,
2316 3972 2641 4041 proconsule
2696 3973 3089 4039 interrogante,
3148 3967 3509 4037 responderit,

1908 4077 2035 4121 sunt
2074 4064 2207 4121 Acta
2264 4080 2384 4135 quae
2440 4064 2698 4120 referant.
2746 4062 3062 4117 Excluditur
3104 4062 3317 4121 interim
3360 4076 3390 4112 e
3429 4060 3509 4113 ci-

1909 4159 2077 4213 vi'ate
2110 4168 2129 4193 ⁵
2158 4199 2171 4222 ,

1909 4254 2123 4318 salute;
2167 4253 2257 4307 ille
2294 4253 2382 4320 qui
2431 4251 2770 4305 laboraverat
2800 4265 2867 4303 ne
2895 4249 3189 4302 viventium
3231 4246 3371 4300 oculi
3413 4260 3509 4314 pa-

2228 4157 2320 4212 ille
2350 4157 2438 4227 qui
2474 4156 2677 4210 fecerat
2716 4155 2841 4209 honi
2881 4153 3083 4222 aliquid
3136 4167 3233 4223 pro
3278 4151 3511 4206 civitatis

1913 4355 2156 4401 terentur
2194 4345 2417 4399 infernas
2461 4342 2606 4397 sedis
2639 4343 2955 4406 horrorem;
2993 4339 3104 4405 ille,
3134 4339 3385 4407 inquam,
3419 4337 3510 4405 qui

1912 4436 2152 4490 excubiis
2176 4435 2387 4505 pietatis
2419 4432 2723 4504 invigilans,
2747 4431 2881 4500 proh
2902 4429 3079 4484 nefas!
3114 4430 3319 4498 ingrata
3352 4428 3507 4481 boni-

183 4543 246 4593 ν,
280 4526 386 4596 45)
447 4525 587 4579 Deus
636 4524 761 4578 facit
803 4524 1006 4593 jugiter
1054 4526 1221 4581 solem
1275 4542 1451 4595 suum,
1491 4539 1546 4584 et
1605 4508 1887 4598 pluviasD
1915 4537 2023 4583 tate
2056 4524 2397 4596 providerat,
2443 4540 2511 4580 ne
2540 4525 2790 4579 omnibus
2822 4530 3011 4578 tetram
3053 4519 3285 4574 civitatis
3314 4517 3507 4571 faciem

175 4616 432 4672 subinde
476 4614 778 4671 nutriendis
843 4615 1139 4671 seminibus
1208 4618 1483 4688 impertit;
1548 4621 1810 4675 exhibens

1916 4620 2377 4691 relinquentibus,
2422 4618 2619 4673 multos
2662 4617 2879 4671 exsules
2922 4615 3136 4670 deserta
3165 4609 3467 4681 respublica
3489 4649 3504 4675 ,

1437 4732 1822 4792 LECTIONES
1862 4737 2277 4795 VARIANTES.

249 4826 279 4853 °
320 4823 556 4876 Caelestis
581 4832 684 4874 arte
712 4824 836 4873 Bod.
866 4827 910 4875 1.

245 4883 278 4921 δ
322 4887 469 4934 Inter
487 4887 703 4936 medium
730 4885 866 4936 Flor.

246 4950 272 4977 ο
318 4947 551 4996 Ecclesia
580 4949 705 4996 illius
732 4949 865 4997 F088.

240 5008 271 5045 ιι
316 5008 477 5057 Flere
516 5008 649 5059 Flor.
680 5009 814 5058 Foss.

242 5073 270 5133 ἦ·
314 5072 448 5133 Cum
470 5068 552 5133 illa
576 5079 716 5133 peste
737 5071 998 5120 morituros
1022 5073 1159 5123 Foss.

245 5130 268 5169 τ
324 5132 456 5180 Illud
483 5130 620 5182 Flor.

237 5198 269 5233 κ
312 5194 465 5268 Quod
489 5196 579 5243 sibi
598 5194 705 5243 fieri
729 5193 879 5269 voluit
901 5196 1019 5245 Sur.
1048 5197 1205 5247 Oxon.

232 5256 265 5292 ιι
316 5257 596 5308 latasconus
621 5263 673 5305 et
694 5256 789 5306 Det
817 5257 942 5307 Bod.
978 5260 1023 5308 1.

336 5270 596 5307 ’.11500οιιὸ
621 5270 673 5305 ει
694 5270 789 5306 υρι
817 5270 942 5307 rma.
978 5270 1023 5307 1.

238 5271 265 5292 ιι
316 5271 596 5317 nprscopus
621 5271 673 5305 et
694 5271 789 5306 uel
817 5271 940 5307 uoa.

238 5319 257 5356 ί
311 5317 534 5367 Instruit
558 5325 611 5368 et
633 5319 777 5368 docet
803 5318 940 5369 Flor.

236 5381 252 5431 i
308 5378 495 5430 Oiticia
517 5379 769 5431 charitatis
793 5381 918 5431 Bod.
948 5384 993 5433 1.
1016 5380 1187 5432 Morel.

1971 4829 1998 4869 Ιι
2033 4829 2156 4879 Eum
2170 4833 2299 4880 enim
2320 4829 2595 4893 perfectum
2620 4828 2746 4879 Bod.
2776 4828 2820 4876 1.

1974 4896 1991 4931 ι
2031 4893 2154 4941 Boni
2180 4894 2323 4943 Foss.

1966 4954 2005 4981 ιη
2037 4954 2246 5016 Oportet
2269 4953 2550 5016 exemplum
2578 4953 2699 5003 Bod.
2722 4955 2768 5002 1.
2788 4955 2925 5002 Rom.
2954 4952 3129 5002 Morel.

1970 5018 1995 5043 ¹¹
2032 5015 2257 5067 Imitetur
2283 5015 2431 5066 Bod.,
2447 5017 2495 5065 1.

1968 5078 1993 5105 °
2028 5077 2199 5128 Potius
2220 5079 2397 5129 deberi
2419 5080 2468 5126 in
2492 5076 2660 5127 sobole
2686 5076 2871 5127 traduci
2891 5076 3005 5125 boni
3032 5078 3185 5138 patris
3228 5075 3499 5126 simulatio-

1904 5152 2017 5187 nem
2042 5140 2294 5190 bonitatis.
2322 5140 2402 5189 Al.

1920 5223 1925 5228 ’
1966 5204 1993 5244 P
2030 5202 2259 5252 Etmulta
2284 5202 2409 5251 Bod.
2438 5202 2484 5252 1.

1967 5268 1994 5306 (ι
2030 5266 2273 5314 Sermone
2294 5266 2461 5314 iterari
2492 5264 2615 5315 Bod.
2640 5267 2688 5321 1,

1972 5329 1993 5356 ¹’
2032 5326 2321 5377 Melioribus
2342 5328 2555 5388 pessima
2578 5326 2702 5377 Bod.
2731 5326 2777 5374 1.

1968 5391 1990 5419 ⁸
2028 5389 2232 5439 Interim
2255 5391 2453 5439 civitate
2484 5388 2610 5440 Bod.
2642 5390 2685 5438 1.

1545 5487 1908 5548 VARIORUM
1933 5490 2163 5548 NOTAE.

231 5579 393 5634 CAP.
436 5578 500 5633 Χ.
536 5607 607 5617 -
638 5570 743 5633 Pro
789 5581 986 5633 rostris.
1018 5581 1057 5633 A
1088 5580 1279 5635 rostris
1305 5580 1564 5635 Romanis
1595 5597 1789 5637 nomen

125 5651 372 5707 datum
409 5650 567 5714 locis,
606 5666 635 5703 c
675 5650 869 5719 quibus
885 5653 1072 5705 concio
1090 5652 1386 5706 habebatur
1416 5653 1480 5705 ad
1509 5652 1787 5721 populum.

223 5789 390 5845 Car.
416 5786 510 5864 Kl.
528 5810 596 5830 -έ
622 5788 1000 5864 Εειτιεζιιᾳηιμὸθ
1028 5792 1097 5864 ob
1126 5790 1344 5847 nominis
1376 5722 1797 5864 gfrmkgénm.

115 5856 382 5919 Nartem
415 5860 692 5927 relegatum
722 5858 849 5915 dicit
878 5856 1179 5931 Cyprianus
1210 5864 1367 5931 epist.
1401 5853 1465 5915 7G
1487 5860 1637 5920 nove:
1662 5853 1789 5917 edit.

1900 5582 2140 5640 Pamelio
2179 5586 2268 5639 77.
2304 5585 2570 5641 Bormam.

1972 5656 2117 5708 Acta.
2151 5656 2268 5709 .lam
2299 5656 2532 5711 diximus
2564 5658 2693 5712 Acta
2728 5657 2914 5725 prima:
2945 5657 3299 5713 confessionis
3331 5657 3493 5713 etiam

1901 5721 2116 5781 vivente
2139 5726 2411 5799 Cypriano
2438 5728 2655 5799 vulgata
2674 5721 2840 5783 fuisse
2858 5772 2872 5791 ,
2910 5744 3027 5799 qua:
3055 5727 3274 5782 laudant
3304 5727 3495 5793 Marty-

1902 5802 1991 5852 r'es
2021 5792 2305 5861 epistf‘i'l,
2339 5798 2467 5853 alios
2501 5792 2587 5853 78.
2627 5795 2886 5852 Bttmmrx
