4216 6282
563 386 696 444 1491

1805 381 1862 440 S.
1906 381 2202 440 PONTIUS
2245 377 2606 444 DIACONUS.

3730 381 3876 448 ttae.

558 516 622 556 ac
654 501 908 556 destituta
941 501 1109 570 patria
1152 501 1398 555 sentiret.
1431 499 1539 556 Sed
1569 498 1767 554 viderit
1796 497 2053 551 saeculum
2088 505 2112 532 α
2135 538 2150 562 ,
2182 498 2235 557 Α
2258 494 2550 565 gratiarum
2581 492 2794 548 actione
2821 497 3128 561 repetamus
3153 539 3166 562 ,
3199 497 3477 566 provisum
3509 515 3632 558 esse
3664 493 3869 560 divini-

558 595 646 649 cui
675 592 816 647 inter
833 607 1021 662 pinnas
1039 592 1290 648 exsilium
1312 600 1675 662 computatur.
1703 587 1813 642 Illis
1839 588 2008 658 patria
2030 586 2057 624 δ
2083 587 2162 642 ni-

562 687 666 741 mis
695 685 880 749 chara,
913 694 969 738 et
1001 699 1290 739 commune
1319 700 1517 739 nomen
1548 693 1632 738 est
1660 695 1782 736 cum
1807 678 2120 750 parentibus
2146 695 2160 732 ε

562 792 662 832 nos
691 789 745 831 et
777 786 1031 846 parentes
1064 778 1228 846 ipsos,
1260 778 1307 832 si
1338 787 1523 832 contra
1555 776 1837 830 Dominum
1870 773 2161 836 suaserim,

563 868 942 923 abhorremus.
973 867 1082 922 Illis
1107 878 1261 923 extra
1289 869 1560 924 civitatein
1589 882 1742 922 suam
1768 867 1950 920 vivere
1977 865 2166 935 gravis

565 977 720 1033 ptena
752 973 871 1015 est:
909 959 1216 1016 Christiano
1260 970 1404 1017 totus
1446 962 1535 1017 hic
1573 959 1807 1015 mundus
1836 973 1940 1014 una
1973 959 2166 1014 domus

558 1066 661 1110 est.
700 1054 876 1121 Unde,
911 1055 1034 1109 licet
1065 1055 1115 1108 in
1140 1056 1381 1111 abditum
1411 1065 1468 1111 et
1495 1058 1805 1109 abstrusum
1837 1055 2013 1107 locum
2049 1053 2168 1108 fue-

561 1146 634 1200 rit
663 1146 968 1214 relegatus,
1001 1146 1275 1200 admixtus
1311 1148 1401 1202 Dei
1443 1148 1526 1201 sui
1570 1148 1734 1201 rebus
1775 1145 2022 1200 exsilium
2059 1161 2169 1199 non

563 1243 745 1306 potest
774 1247 1110 1304 computare.
1146 1237 1298 1291 Adde
1329 1237 1474 1307 quod
1508 1239 1618 1292 Deo
1648 1239 1858 1307 integre
1888 1237 2166 1303 serviens,

565 1328 728 1382 etiam
760 1329 975 1396 prepria
1009 1327 1062 1381 in
1095 1328 1316 1383 civitate
1348 1331 1670 1399 peregrinus
1701 1340 1805 1382 eat.
1852 1329 1985 1380 Dum
2026 1328 2169 1380 enim

568 1433 628 1473 se
671 1418 978 1472 carnalibus
1021 1417 1306 1473 desideriis
1350 1421 1682 1474 continentia
1726 1419 1896 1473 sancti
1940 1418 2172 1488 Spiritus

568 1511 836 1577 abstinet,
873 1513 1341 1568 conversationem
1371 1515 1568 1583 prioris
1600 1514 1835 1570 hominis
1860 1527 2174 1584 exponens,

571 1604 735 1658 etiam
771 1604 912 1658 inter
942 1606 1090 1659 cives
1121 1620 1281 1672 suos,
1333 1615 1457 1673 aut,
1507 1622 1677 1676 prope
1723 1607 1985 1672 dixerim,
2037 1607 2176 1660 inter

569 1705 825 1764 parentes
861 1696 1042 1765 ipsos,
1079 1693 1200 1749 vita:
1233 1698 1506 1751 terrestris
1546 1697 1755 1752 alienus
1801 1704 1904 1752 est.
1953 1693 2178 1749 Accedit

572 1788 739 1858 quod,
773 1790 873 1843 etsi
908 1790 1025 1844 haec
1055 1790 1188 1844 alias
1219 1805 1378 1860 pcena
1409 1801 1597 1860 posset
1630 1803 1651 1830 ο
1685 1790 1877 1856 videri,
1899 1790 1954 1843 in
1984 1789 2176 1858 hujus-

2271 591 2358 640 tus
2385 584 2547 640 etiam
2578 597 2674 654 pro
2703 585 2885 640 animo
2914 585 3046 641 tanti
3074 588 3172 642 Viri
3200 589 3441 660 apricum
3471 604 3526 650 et
3554 609 3877 668 competen-

2267 679 2376 733 tet'n
2420 678 2631 744 locum,
2677 676 2971 749 hospitium
3014 693 3116 751 pro
3153 673 3432 742 voltintate
3473 699 3781 758 secretum,
3826 701 3885 749 et

2268 769 2522 841 quidquid
2548 769 2744 839 apponi
2773 770 2853 826 eis
2880 779 3005 827 ante
3034 775 3359 842 promiSSUm
3391 787 3505 844 est,
3533 783 3622 852 qui
3650 799 3884 855 regnum

2269 869 2326 918 et
2345 863 2607 931 justitiam
2639 862 2734 917 Dei
2761 873 3034 932 quierunt.
3053 865 3246 938 Atque,
3269 879 3325 924 ut
3354 871 3598 928 omittam
3626 874 3885 947 frequen-

2271 955 2400 1010 tiam
2445 955 2780 1011 visitantium
2828 955 3093 1027 fratrum,
3141 953 3381 1031 ipsorum
3414 961 3480 1024 _'et
3515 965 3642 1023 inde
3679 970 3882 1026 civium

2272 1051 2614 1113 cliariiatem,
2634 1065 2755 1120 qua:
2785 1053 3210 1120 repraesentabat
3240 1057 3420 1111 omnia
3443 1060 3637 1130 q'_‘ibus
3655 1062 3881 1117 videba-

2275 1150 2363 1194 tur
2386 1156 2506 1195 esse
2527 1140 2839 1206 fraudatus;
2866 1142 3240 1202 admirabilem
3264 1147 3628 1206 visitationem
3652 1153 3744 1208 Dei
3770 1170 3887 1210 non

2274 1231 2597 1300 praeteribo,
2637 1232 2765 1301 qua}
2786 1233 3082 1290 antistitem
3115 1249 3293 1292 suum"
3315 1238 3395 1294 sic
3429 1242 3496 1311 in
3542 1243 3739 1298 exsilio
3769 1261 3891 1301 esse

2277 1321 2446 1378 voluit
2472 1325 2540 1379 de
2569 1336 2821 1380 secutura
2855 1331 3109 1397 passione
3139 1345 3428 1400 securum,
3463 1345 3522 1390 ut
3552 1335 3893 1394 imminentis

2277 1417 2523 1489 martyrii
2559 1417 2801 1487 pleniore
2832 1417 3055 1485 ﬁducia,
3089 1436 3196 1477 non
3229 1426 3471 1480 exsulem
3518 1429 3896 1484 tantummodo

2281 1509 2518 1564 Curubis
2547 1506 2594 1576 ι,
2627 1509 2724 1564 sed
2754 1521 2808 1566 et
2838 1520 3133 1584 martyrem
3165 1517 3485 1586 possideret.
3520 1519 3598 1574 Eo
3628 1523 3776 1575 enim
3811 1519 3899 1578 die

2281 1616 2388 1667 quo
2433 1599 2665 1670 primum
2708 1602 2763 1656 in
2802 1601 2978 1658 exsilii
3022 1604 3143 1660 loco
3189 1607 3482 1663 mansimus
3535 1612 3697 1682 (nam
3731 1621 3789 1667 et
3815 1628 3900 1669 me

2282 1693 2425 1748 inter
2440 1695 2767 1751 domesticos
2791 1698 3020 1753 comites
3036 1697 3277 1770 dignatio
3293 1703 3575 1759 charitatis
3603 1707 3728 1776 ejus
3752 1707 3901 1764 dele-

2281 1796 2432 1857 gerat
2460 1788 2703 1842 exsulem
2737 1789 3104 1846 voluntarium
3125 1832 3141 1855 ,
3184 1791 3326 1862 quod
3362 1795 3571 1849 utinam
3600 1808 3656 1851 et
3686 1800 3741 1852 in
3774 1806 3903 1867 pas.

571 1885 716 1936 modi
749 1895 928 1936 tamen
963 1883 1138 1937 causis
1168 1893 1331 1953 atque
1361 1884 1646 1938 sententiis
1676 1899 1809 1954 quas
1839 1882 1906 1936 ad
1939 1881 2176 1952 proban-
2208 1889 2257 1949 Β
2285 1880 2436 1934 sione
2459 1878 2779 1951 licuisset!)
2812 1900 2823 1930 :
2859 1899 2878 1932 ‹
2916 1883 3182 1952 Apparuit
3227 1883 3359 1938 mihi
3383 1926 3399 1950 ,
3425 1885 3626 1959 inquit,
3655 1890 3902 1946 nonduin

571 1974 654 2028 dre
688 1978 916 2029 virtutes
932 1977 1305 2045 experimenta
1338 1977 1697 2048 perpetimur,
1727 1993 1836 2032 non
1867 1985 1952 2032 est
1982 1991 2142 2048 poena
2162 2017 2178 2044 ,

573 2066 698 2136 quia
731 2067 901 2137 gloria
934 2077 1018 2122 est
1044 2066 1092 2121 ά.
1127 2068 1231 2123 Sed
1265 2080 1382 2124 esto
1413 2084 1566 2134 sane,
1596 2072 1753 2126 nobis
1785 2085 1941 2140 pcena
1973 2085 2082 2124 non
2113 2070 2185 2124 sit

579 2159 851 2213 exsilium.
900 2157 1010 2213 Illis
1063 2159 1311 2214 ultimum
1362 2163 1570 2216 crimen
1603 2171 1658 2217 et
1688 2165 1987 2232 pessimum
2033 2160 2184 2215 nefas

577 2253 738 2307 etiam
769 2252 1013 2321 ipsorum
1043 2255 1375 2309 conscientia
1405 2256 1558 2309 testis
1613 2256 1886 2311 adscribat
1933 2254 2025 2325 qui
2064 2269 2186 2324 pos-

578 2358 706 2400 sunt
731 2347 1115 2401 innocentibus
1145 2348 1386 2416 irrogare
1406 2348 1548 2418 quod
1576 2359 1762 2417 putant
1787 2363 2023 2418 pcenam.
2050 2347 2186 2402 Nolo

579 2451 726 2490 nunc
752 2436 1062 2492 describere
1091 2438 1192 2491 loci
1219 2440 1447 2507 gratiam
1469 2479 1485 2506 ,
1516 2449 1571 2493 et
1599 2440 1917 2494 deliciarum
1944 2439 2185 2493 omnium

585 2540 894 2600 paraturam
935 2531 1151 2585 interim
1193 2539 1431 2586 transeo.
1478 2532 1770 2602 Fingamus
1810 2534 1988 2589 locum
2032 2535 2186 2589 illum

584 2626 690 2680 situ
720 2623 1040 2692 sordidum,
1074 2624 1377 2693 squalidum
1407 2626 1522 2680 visu
1544 2667 1558 2691 ,
1602 2641 1709 2680 non
1750 2626 1992 2682 salubres
2024 2643 2190 2696 aquas

588 2717 881 2771 habentem
903 2758 917 2783 ,
953 2733 1058 2770 non
1089 2718 1462 2772 ammnitatem
1494 2717 1689 2772 viroris
1715 2726 1762 2784 θ,
1797 2735 1904 2772 non
1937 2717 2191 2773 viciniam

588 2809 924 2874 littoris;sed
958 2825 1120 2879 rupes
1153 2820 1332 2865 vastas
1351 2811 1625 2881 sylvarqu
1665 2808 1682 2846 ί
1720 2811 1860 2865 inter
1892 2811 2194 2881 inhoSpitas

587 2899 771 2955 fauces
805 2909 828 2946 8
871 2901 1102 2955 desertae
1133 2901 1422 2955 admodum
1454 2901 1798 2968 solitudinis,
1845 2904 1965 2958 avia
2008 2904 2194 2959 mundi

594 3004 746 3062 parte
776 3005 1127 3050 summotum.
1165 2996 1351 3050 Posset
1382 2996 1504 3051 licet
1536 2997 1657 3050 talis
1687 2997 1836 3051 locus
1866 2998 2067 3052 habere
2097 3013 2195 3053 no-

595 3103 720 3142 men
767 3072 976 3154 exsilii,
1029 3106 1136 3158 quo
1178 3090 1480 3160 Cyprianus
1525 3091 1780 3145 sacerdos
1810 3091 1905 3146 Dei
1939 3101 2192 3157 venerat;

594 3179 682 3232 cui
726 3179 772 3233 si
819 3181 1092 3234 hominum
1127 3182 1428 3238 ministeria
1457 3182 1786 3248 deﬁcerent,
1827 3184 1910 3238 vel
1944 3184 2101 3239 alites
2140 3194 2199 3239 ut

2288 1973 2464 2026 somni
2496 1973 2676 2042 quiete
2707 1975 2884 2044 sopito
2906 2015 2921 2040 ,
2951 1975 3167 2044 juvenis
3199 1977 3337 2031 ultra
3370 1982 3586 2036 modum
3617 1989 3899 2040 enormis:

2288 2062 2381 2133 qui
2425 2079 2546 2118 cum
2596 2080 2681 2118 me
2723 2065 2876 2134 quasi
2916 2066 2981 2119 ad
3027 2069 3342 2138 praetorium
3385 2071 3632 2137 duceret,
3672 2076 3902 2131 videbar

2289 2153 2422 2210 mihi
2472 2155 2726 2210 tribunali
2771 2155 3011 2210 sedentis
3056 2169 3168 2212 tum
3215 2163 3545 2229 proconsulis
3586 2165 3895 2222 admoveri.

2289 2245 2340 2302 Is
2365 2257 2421 2301 ut
2448 2249 2498 2302 in
2529 2264 2614 2303 me
2640 2249 2914 2318 respexit,
2943 2260 3208 2306 annotare
3234 2255 3411 2308 statim
3441 2257 3597 2325 erepit
3621 2258 3673 2310 in
3703 2258 3900 2314 tabula

2291 2343 2649 2408 sententiam,
2683 2358 2843 2412 quam
2878 2358 2985 2397 non
3029 2345 3302 2400 sciebam:
3347 2348 3483 2402 nihil
3525 2351 3665 2403 enim
3704 2351 3774 2405 de
3810 2367 3904 2407 me

2291 2435 2448 2490 solita
2479 2435 2900 2505 interrogatione
2927 2438 3235 2506 qnzcsierat.
3266 2439 3370 2494 Sed
3399 2441 3545 2495 enim
3572 2443 3790 2512 juvenis
3814 2446 3907 2515 qui

2291 2543 2321 2580 a
2354 2538 2501 2598 tergo
2532 2530 2648 2596 ejus
2679 2527 2873 2592 stabat,
2908 2528 3202 2584 admodum
3233 2533 3481 2586 curiosos
3512 2543 3551 2569 ω
3587 2535 3719 2604 legit
3759 2536 3909 2606 quid-

2293 2617 2418 2690 quid
2463 2619 2638 2674 fuerat
2664 2628 2689 2654 ιι
2718 2629 3056 2676 annotatum.
3102 2620 3171 2676 Et
3211 2623 3334 2692 quia
3380 2625 3509 2678 inde
3551 2627 3740 2681 verbis
3782 2643 3906 2699 pro-

2296 2709 2436 2768 ferre
2467 2729 2572 2767 non
2607 2724 2846 2784 poterat,
2880 2724 3015 2768 nutu
3042 2715 3350 2772 declarante
3382 2723 3739 2785 monstravit,
3779 2725 3910 2792 quid

2297 2805 2350 2858 in
2379 2804 2570 2860 litteris
2594 2805 2789 2861 tabulze
2813 2805 2956 2860 illius
2980 2807 3288 2863 haberetur.
3320 2807 3478 2863 Manu
3499 2813 3649 2865 enim
3674 2827 3911 2882 expansa

2297 2911 2352 2956 et
2381 2899 2720 2970 complanata
2749 2901 2815 2956 ad
2849 2900 3054 2971 spathae
3095 2902 3350 2965 modum,
3394 2905 3561 2959 ictum
3593 2905 3768 2962 solita:
3799 2909 3913 2962 ani—

2297 2994 2690 3049 madversionis
2729 2993 3005 3059 imitatus,
3046 2993 3191 3064 quod
3233 2995 3449 3050 volebat
3480 3005 3504 3032 ο
3540 2998 3798 3068 intelligi,
3839 3000 3912 3053 ad

2298 3087 2468 3142 instar
2500 3086 2682 3156 liquidi
2711 3085 2977 3141 sermonis
3004 3087 3287 3156 expressit.
3317 3086 3558 3142 Intellexi
3586 3090 3909 3144 sententiain

2303 3179 2566 3250 passionis
2596 3179 2851 3233 futuram.
2886 3177 3097 3249 Rogare
3129 3180 3268 3248 εωρὶ
3299 3189 3352 3234 et
3382 3192 3568 3252 petere
3610 3183 3867 3237 continuo
3892 3226 3908 3247 ,

605 3272 806 3339 IIeliai,
842 3275 922 3328 vel
973 3286 1027 3328 ut
1079 3275 1285 3328 Danieli
1320 3275 1512 3344 Angeli
1561 3277 1955 3331 ministrarent.
2007 3278 2192 3346 Absit,
2222 3282 2266 3344 (ζ
2302 3284 2360 3327 ιιι
2399 3271 2584 3328 dilatio
2629 3272 2756 3327 mihi
2798 3272 2882 3327 vel
2928 3273 3087 3327 unius
3129 3273 3234 3327 diei
3286 3288 3691 3345 prorogaretur,
3738 3276 3910 3332 donec

595 3365 734 3420 absit
768 3364 791 3401 δ
825 3377 881 3420 ιιι
909 3366 1094 3419 credat
1122 3367 1316 3434 aliquis
1349 3367 1569 3420 cuilibet
1601 3369 1823 3421 minimo
1845 3409 1860 3434 ,
1903 3369 2197 3423 dummodo

600 3458 652 3510 in
695 3459 1038 3510 confessione
1084 3458 1318 3512 nominis
1357 3459 1684 3522 constituto,
1729 3458 1933 3528 aliquid
1981 3459 2194 3514 defutu-

601 3564 720 3601 rum
758 3547 1051 3601 i.Tantum
1079 3549 1228 3602 abest
1255 3559 1310 3601 ut
1347 3549 1435 3602 Dei
1468 3552 1480 3598 l
1529 3549 1767 3618 pontifex
1802 3553 1890 3605 ille
1920 3554 2006 3621 qui
2039 3555 2199 3610 inise-

599 3641 848 3697 ricordia:
894 3656 1108 3710 semper
1152 3642 1312 3696 rebus
1344 3643 1610 3698 institerat
1640 3642 1664 3680 ιε
1690 3685 1702 3709 ,
1737 3642 1928 3698 horum
1959 3647 2198 3701 omnium

603 3737 796 3806 opibus
827 3734 1112 3805 indigeret.

1201 3849 1430 3907 CAPUT
1487 3850 1603 3906 XII.

607 3970 650 4022 Α
679 3968 850 4023 "mltis
873 3967 1126 4021 invisitur.
1148 3966 1348 4020 Calesti
1371 3966 1564 4020 visione
1578 3978 1854 4034 recreatus,
1875 3969 1937 4022 de
1959 3971 2205 4040 martyrio

716 4061 974 4116 subeundo
1003 4061 1212 4130 ejusque
1237 4058 1484 4112 dilatione
1505 4058 1746 4114 divinitus
1776 4061 2095 4116 admonetur.

685 4201 801 4256 Iam
855 4215 1018 4267 nunc,
1075 4196 1221 4269 quod
1272 4195 1512 4252 secundo
1559 4212 1849 4269 posueram
1903 4200 2043 4268 loco,
2083 4216 2205 4256 cum

2301 3384 2390 3423 res
2433 3383 2577 3422 meas
2609 3365 2838 3436 legitima
2879 3365 3217 3420 ordinatione
3256 3366 3617 3436 disponerent.
3667 3369 3728 3421 Et
3774 3384 3904 3421 cum

2304 3475 2494 3529 preces
2537 3457 2852 3528 frequenter
2880 3456 3202 3524 iterassem,
3236 3472 3425 3512 rursus
3469 3457 3519 3510 in
3567 3458 3742 3510 tabula
3788 3474 3911 3513 εω-

2305 3557 2456 3619 perat
2498 3546 2677 3603 nescio
2716 3547 2842 3617 quid
2884 3555 3166 3601 annotare.
3211 3547 3370 3601 Sensi
3414 3560 3588 3601 tamen
3627 3547 3694 3602 de
3731 3550 3917 3604 vultus

2304 3643 2598 3699 serenitate
2617 3640 2816 3710 judicis
2841 3650 3106 3706 mentem,
3133 3639 3288 3709 quasi
3313 3640 3458 3708 justa
3483 3641 3744 3709 petitione
3769 3656 3918 3696 com-
4007 3657 4016 3664 ’

2307 3744 2530 3790 motam.
2573 3733 2679 3788 Sed
2719 3743 2773 3788 et
2805 3733 2892 3787 ille
2926 3731 3172 3802 juvenis,
3205 3732 3296 3800 qui
3322 3732 3645 3800 jamdudum
3679 3733 3745 3787 de,
3792 3749 3917 3802 pas.

2307 3830 2476 3885 sionis
2504 3827 2699 3882 indicio
2725 3835 2879 3897 gestu
2910 3826 3086 3895 potius
3111 3841 3270 3895 quam
3298 3840 3557 3881 sermone
3583 3826 3917 3898 prodiderat,

2307 3920 2642 3976 clandestino
2688 3916 3000 3973 idemtidem
3046 3927 3177 3970 nutu
3221 3931 3548 3972 concessam
3599 3917 3923 3973 dilationem

2311 4028 2429 4083 quae
2457 4011 2523 4064 ad
2549 4009 2843 4066 crastinum
2878 4006 3160 4077 petebatur
3178 4007 3502 4073 P,contortis
3531 4018 3651 4077 post
3678 4007 3920 4064 invicem

2312 4106 2493 4178 digitis
2523 4103 2826 4176 signiﬁcare
2854 4101 3181 4173 properavit.
3214 4100 3329 4171 Ego
3356 4101 3595 4169 quamvis
3622 4114 3727 4153 non
3758 4112 3926 4157 esset

2306 4202 2444 4256 lecta
2483 4199 2750 4254 sententia
2781 4206 2831 4264 τι,
2873 4195 2975 4250 etsi
3015 4195 3082 4250 de
3119 4194 3316 4266 gaudio
3353 4193 3613 4249 dilationis
3653 4205 3925 4262 acceptae

1856 4315 2239 4374 LECTIONES
2279 4313 2691 4370 VARIANTES.

679 4432 707 4461 ⁸
740 4429 951 4480 Videret
976 4428 1068 4478 hoc
1095 4426 1217 4476 Bod.
1247 4428 1291 4476 1.

675 4489 706 4529 b
742 4491 893 4542 Nobis
918 4491 1070 4552 patria
1090 4490 1250 4538 minus
1272 4489 1501 4554 chara,et
1524 4492 1974 4554 commune'nomen
1992 4499 2096 4552 est;
2125 4494 2210 4554 qui

616 4563 849 4618 parentes
874 4549 1006 4615 ipsos
1028 4555 1205 4618 ΔΟιῑοη.
1231 4558 1277 4601 et
1299 4549 1427 4601 edd.
1457 4556 1552 4600 vel.
1573 4551 1634 4601 Et
1661 4560 1791 4604 totus
1814 4551 2020 4603 all‘ectus
2045 4549 2122 4602 ρει
2141 4549 2210 4603 ἰιι

621 4615 856 4678 parentes
882 4615 1056 4664 Morel.
1321 4674 1361 4678 γ,
1431 4676 1437 4678 _
1489 4677 1494 4678 ί
1901 4645 1906 4649 '

683 4681 705 4710 ο
741 4678 873 4788 'Il‘alis
897 4691 1036 4740 poena
1061 4681 1261 4739 possent
1285 4674 1443 4726 videri
1468 4677 1624 4727 Oxon.
1647 4679 1692 4727 1.
1717 4677 1770 4728 Si
1787 4678 1891 4727 haec
1909 4676 2025 4727 alias
2049 4690 2209 4740 poena,

683 4753 756 4788 ore
783 4776 794 4786 .

619 4742 794 4790 Morel.

685 4801 714 4840 (ι
749 4801 913 4851 Gloria
935 4806 1031 4849 est.
1059 4798 1182 4849 Nolo
1205 4799 1330 4848 Bod.
1360 4803 1403 4850 1.

688 4867 712 4894 ⁸
747 4862 1057 4912 Αηιωυιωιὶδ
1081 4863 1300 4923 vigorem
1329 4860 1453 4913 Bod.
1479 4863 1523 4912 1.

685 4924 706 4963 ἲ
747 4926 892 4974 Vasta
917 4938 1039 4987 rupe
1065 4925 1468 4987 sylvaruurltom.

687 4992 712 5030 Ι
737 4984 1010 5048 Iuliosliitas
1031 4984 1200 5048 cautes
1213 4984 1337 5035 Bod.
1360 4986 1405 5048 1.
1427 4984 1599 5037 Morel.

683 5051 715 5089 1
746 5046 1058 5100 Absitisentel
1083 5051 1239 5100 Oxon.
1267 5047 1390 5099 Bod.
1422 5051 1467 5100 1.

2234 4431 2287 4490 D
2380 4429 2399 4468 ί
2440 4429 2635 4492 Aliquid
2671 4429 2884 4478 aestimet
2907 4427 3031 4478 Bod.
3073 4430 3119 4477 1.
3163 4427 3363 4492 Aliquid
3409 4427 3693 4478 defuturum
3745 4433 3938 4483 existi-

2315 4499 2418 4541 met
2446 4495 2605 4543 Oxon.

2383 4552 2396 4602 i
2440 4553 2514 4602 Ne
2540 4555 2654 4602 dum
2675 4552 2770 4601 Dei
2795 4551 3016 4612 pontifex
3042 4551 3165 4602 Bod.
3192 4551 3233 4601 1.

2379 4615 2406 4656 ιι
2445 4615 2711 4671 lnstiterat,
2739 4615 2850 4678 ullis
2873 4617 3112 4678 bonorum
3132 4615 3309 4678 apibus
3332 4614 3460 4665 Bod.
3491 4618 3536 4666 1.
3565 4612 3742 4666 Morel.

2381 4678 2400 4716 ι
2440 4677 2524 4728 Sic
2551 4678 2667 4727 Bod.
2691 4679 2736 4726 1.
2759 4677 2939 4727 Curubi
2966 4678 3140 4732 Riaalt.

2377 4737 2416 4768 θ’
2438 4739 2667 4790 Curiosus
2685 4740 2857 4787 videre
2882 4740 3117 4801 quidquid
3140 4739 3314 4792 Morel.

2381 4802 2408 4829 ιι
2448 4801 2690 4863 Quidquid
2709 4809 2944 4860 ageretur
2967 4801 3092 4850 Bod.
3117 4804 3163 4852 1.

2383 4866 2407 4891 ⁰
2444 4863 2652 4912 Volebat
2677 4863 2791 4911 inde
2817 4865 2895 4923 agi
2926 4865 3050 4913 Bod.
3079 4866 3124 4914 1.

2382 4927 2409 4966 Ρ
2445 4924 2744 4988 Concessum
2771 4938 2886 4975 esse
2910 4928 3038 4988 quod
3067 4928 3333 4988 petebatur
3358 4927 3483 4979 Bod.
3513 4927 3562 4978 1.

2381 4990 2409 5029 ιι
2445 4987 2591 5037 Esset
2609 4985 2712 5036 sola
2734 4985 2987 5038 sententia
3015 4985 3138 5040 Bod.
3168 4991 3212 5040 1.

1955 5135 2310 5194 VAHIORUM
2347 5139 2575 5196 NOTJE.

693 5251 822 5308 CAP.
854 5250 966 5304 XII.
999 5278 1071 5288 —
1097 5249 1334 5303 Curubis.
1367 5248 1509 5306 Urbs
1563 5247 1885 5321 episcopalis
1922 5249 2211 5318 provincia:

623 5322 1043 5396 proisonsularis.
1087 5321 1355 5396 Romam.

693 5395 968 5473 Apparuit.
1001 5392 1190 5473 Omnia
1225 5393 1336 5446 fere
1365 5407 1484 5473 quat
1514 5388 1617 5446 sibi
1647 5396 1739 5473 aut
1780 5387 2040 5473 Ecclesiae
2078 5395 2210 5473 coh-

619 5469 827 5536 tingere
866 5464 1163 5527 debebant,
1189 5478 1302 5536 per
1342 5463 1576 5536 visiones
1615 5463 1943 5536 edocebatur
1981 5465 2208 5536 Cypria-

622 5533 725 5592 nus
760 5549 893 5606 quas
931 5550 1128 5606 Sat-pius
1167 5534 1424 5606 declarat.
1461 5533 1596 5606 Vide
1634 5538 1814 5606 epist,
1841 5535 1926 5606 11.
1974 5533 2118 5606 ιιΙίιιδΔ
2145 5533 2201 5606 8,

621 5600 900 5678 epistolam
933 5600 1033 5678 σθ’,
1069 5606 1202 5678 alias
1230 5605 1322 5670 69,
1353 5615 1459 5678 etc.
1505 5604 1559 5658 In
1601 5600 1760 5672 epist.
1795 5603 1892 5666 16,
1937 5604 2070 5658 alias
2101 5600 2199 5673 10,

620 5676 1079 5749 praetervisiones
1111 5676 1272 5730 rel'ert
1303 5676 1462 5728 etiam
1507 5691 1791 5745 puerorum
1823 5681 2068 5749 ecstases
2112 5691 2208 5746 per

622 5746 763 5803 diem
812 5747 996 5801 factas.
1041 5746 1202 5799 Certe
1249 5760 1412 5813 pauca
1456 5757 1581 5800 stitit
1619 5763 1683 5800 ex
1727 5746 2114 5814 antiquioribus
2153 5757 2208 5803 et

627 5820 1007 5886 sincerioribus
1049 5817 1339 5886 Martyrum
1380 5816 1560 5886 netis,
1605 5817 1656 5868 in
1700 5819 1893 5886 quibus
1937 5816 2202 5883 ejusmodi

624 5885 854 5936 visiones
897 5899 1004 5935 non
1049 5884 1362 5936 habeantur.
1395 5884 1530 5939 Vide
1564 5884 2002 5941 dissertationem
2043 5903 2203 5955 quar-

2315 5261 2426 5324 tam
2456 5250 2830 5324 Cyprianicam
2865 5253 2928 5308 ll.
2966 5253 3247 5309 Dodwelli.
3283 5251 3551 5308 iteratur.

2387 5321 2731 5393 Coniplanata
2773 5325 2842 5378 ad
2889 5325 3088 5392 apol/uc
3137 5325 3366 5379 modum.
3414 5324 3600 5394 Veget.
3661 5324 3702 5378 l.
3757 5339 3821 5391 tt,
3885 5342 3936 5382 c.

2319 5394 2406 5458 15,
2461 5396 2514 5448 in
2581 5395 2729 5462 gravi
2790 5408 3060 5449 armatura
3117 5405 3386 5461 numerat,
3428 5395 3631 5466 gladios
3681 5399 3938 5466 inajores,

2315 5482 2439 5535 quos
2460 5465 2668 5534 spatltos
2690 5478 2891 5520 vocant.
2927 5467 3090 5521 FELL.

2388 5536 2643 5608 Contortis
2713 5547 2825 5605 post
2894 5540 3108 5592 invicem
3179 5539 3375 5608 digitis.
3444 5537 3597 5604 Quod
3638 5607 3642 5608 ί
3683 5539 3940 5593 inhibita:

2314 5607 2545 5661 actionis
2582 5607 2693 5661 sive
2723 5609 2996 5661 dilationis
3028 5617 3173 5665 nota.
3204 5607 3279 5664 Ita
3321 5623 3508 5666 versus
3541 5607 3722 5674 pollex
3753 5609 3937 5663 dam-

2311 5679 2547 5733 nationis
2572 5679 2806 5747 signum,
2836 5680 3010 5734 elatus
3035 5679 3417 5735 absolutionis.
3449 5675 3613 5733 FELL.
3673 5683 3688 5688 '

2385 5749 2482 5801 Res
2515 5765 2667 5822 ineas.
2705 5749 2881 5818 Supra
2917 5767 3066 5804 num.
3100 5751 3134 5804 2
3160 5753 3467 5822 Cyprianus
3509 5749 3711 5804 dicitur
3761 5752 3925 5822 initio

2306 5821 2674 5901 conversionis
2699 5815 2878 5903 omnia
2903 5837 2998 5903 sua
3023 5815 3226 5903 praedia
3250 5815 3308 5876 in
3338 5834 3466 5903 usus
3497 5836 3796 5903 pauperum
3827 5821 3930 5903 dis-

2313 5891 2573 5946 traxisse:
2619 5891 2758 5946 unde
2798 5891 2885 5947 hic
2916 5889 3064 5951 locus
3094 5892 3162 5950 de
3195 5889 3556 5964 suppellectili
3592 5889 3810 5949 videtur
3839 5889 3929 5950 in-
