4216 6282
318 344 456 401 1493

1313 336 1401 392 DE
1439 333 1603 392 VITA
1643 333 1735 390 ET
1774 329 2102 389 PASSIONE
2142 331 2199 388 S.
2240 330 2593 391 CYPRIANI.

3482 340 3619 395 MN

312 462 437 513 Leto
467 455 757 511 admodum
784 453 952 509 corde
980 451 1305 523 gauderem;
1339 460 1487 506 metu
1528 461 1709 505 tamen
1750 449 1915 503 inter-
1944 451 1998 510 Α
2023 461 2279 516 supremo
2302 449 2509 517 judicio
2540 452 2555 501 t'
2593 450 2988 521 disponendum
3020 452 3192 507 fuerat
3211 492 3227 517 ,
3258 452 3621 509 ordinaretur.

314 549 632 622 pretationis
660 547 885 601 incerta:
911 546 989 600 sic
1018 546 1312 601 tremebam
1332 586 1347 611 ,
1382 553 1439 599 ut
1466 543 1702 613 reliquiae
1731 542 1917 597 formi-

313 641 454 698 dinis
480 655 576 697 cor
601 639 881 695 exsultans
907 638 1085 691 adhuc
1113 647 1227 691 toto
1255 650 1459 707 pavore
1480 644 1506 672 ⁸
1538 636 1870 705 pulsarent.»

909 746 1139 803 CAPUT
1181 746 1317 802 XIII.

382 870 549 938 Quam
579 868 825 924 visionem
854 876 1032 921 auctor
1059 866 1441 934 interpretatur,
1479 872 1523 917 et
1563 862 1841 916 veridicum

915 961 1075 1031 fuisse
1105 958 1303 1029 probat.

375 1079 518 1147 Quid
592 1077 697 1132 hac
765 1074 1103 1130 revelatione
1160 1069 1542 1126 manifestius?
1614 1068 1743 1139 quid
1810 1070 1912 1126 hac

307 1173 620 1243 dignatione
666 1169 911 1227 felicius?
958 1170 1098 1223 Ante
1144 1168 1221 1221 illi
1266 1166 1517 1237 prmdicta
1564 1175 1689 1220 sunt
1730 1167 1911 1219 omnia

305 1282 659 1340 quaecumque
710 1264 1052 1336 postmodum
1104 1262 1395 1316 subsecuta
1444 1270 1591 1315 sunt.
1648 1259 1791 1314 Nihil
1841 1260 1910 1315 de

305 1361 407 1417 Dei
433 1360 460 1399 δ
493 1359 674 1415 verbis
702 1359 1078 1421 imminutum;
1122 1355 1251 1409 nihil
1292 1354 1362 1409 de
1404 1364 1513 1408 tam
1552 1363 1739 1407 sancta
1786 1366 1907 1422 pro-

305 1456 569 1510 missione
614 1454 943 1509 mutilatum.
997 1451 1271 1520 Singulac
1321 1451 1556 1518 denique
1608 1447 1906 1503 secundum

303 1547 447 1617 quod
497 1557 713 1601 ostensa
766 1554 892 1600 sunt
939 1544 1334 1613 recognoscite.
1396 1541 1720 1595 Dilationem
1774 1541 1907 1609 petit

300 1638 525 1693 crastini
556 1633 607 1703 ἀ,
637 1652 760 1691 cum
801 1637 870 1691 de
914 1636 1181 1705 passionis
1224 1635 1494 1689 sententia
1537 1633 1900 1703 cogitaretur:

301 1730 585 1800 postulans
630 1738 687 1782 ut
728 1742 816 1783 res
856 1742 983 1782 suas
1020 1728 1109 1783 die
1150 1727 1241 1779 illo
1281 1741 1440 1795 quem
1482 1726 1898 1792 impetraverat,

298 1822 595 1875 ordinaret.
622 1820 721 1874 Hic
747 1821 863 1875 dies
894 1835 1032 1874 unus
1062 1818 1615 1889 signiﬁcabatannnm
1635 1859 1647 1879 ,
1674 1831 1782 1883 quo
1811 1815 1904 1870 ille

297 1922 421 1983 post
468 1913 730 1968 visionem
772 1922 993 1965 acturus
1042 1912 1095 1964 in
1146 1910 1349 1964 saeculo
1394 1909 1587 1963 luerat.
1632 1906 1800 1967 Nam,
1843 1917 1903 1961 ut

299 2006 635 2061 manifestius
663 2005 839 2061 dicam
861 2046 876 2068 ,
909 2022 976 2059 eo
1003 2005 1090 2059 die
1121 2012 1241 2073 post
1282 2011 1528 2058 exactum
1568 2016 1767 2055 anitum
1810 2015 1902 2054 co-

298 2111 521 2153 ronatus
562 2107 673 2165 est,
713 2113 820 2167 quo
861 2097 964 2151 hoc
1002 2096 1080 2150 illi
1120 2107 1245 2149 ante
1278 2110 1476 2149 annum
1521 2094 1693 2147 luerat
1719 2100 1902 2147 osten-

296 2206 437 2246 sum.
484 2190 631 2246 Diem
673 2201 851 2245 autem
888 2190 1138 2255 Domini,
1168 2190 1270 2243 etsi
1302 2203 1412 2242 non
1442 2202 1644 2240 annum
1674 2195 1696 2222 θ
1730 2186 1782 2239 iu
1816 2186 1900 2240 di-

296 2282 435 2336 vinis
468 2282 689 2336 Litteris
720 2283 970 2351 legitnus,
1008 2281 1359 2349 promissioni
1393 2288 1568 2334 tamen
1594 2278 1900 2334 futurorum

297 2374 534 2429 debitum
582 2374 976 2443 illudrtempus
1020 2374 1337 2442 accipimus.
1383 2370 1540 2426 Unde
1584 2370 1718 2423 nihil
1765 2372 1900 2425 inte-

298 2478 440 2534 rest,
483 2468 528 2522 si
570 2483 713 2522 nunc
753 2469 854 2520 sub
897 2467 1002 2521 diei
1044 2465 1439 2534 signiﬁcatione
1476 2462 1493 2500 ῖ
1537 2464 1683 2517 solus
1726 2478 1899 2516 annus

295 2570 548 2615 ostensus
588 2568 712 2623 est,
754 2560 878 2628 quia
919 2558 1048 2611 illud
1083 2567 1107 2604 ϐ
1150 2558 1359 2626 plenius
1397 2556 1559 2609 debet
1597 2570 1716 2608 esse
1756 2554 1899 2623 quod

298 2652 472 2720 majus
511 2661 613 2706 est.
647 2650 802 2717 Quod
835 2666 963 2705 vero
996 2662 1127 2704 nutu
1170 2651 1378 2719 potius,
1413 2658 1467 2702 et
1499 2664 1604 2701 non
1647 2663 1899 2702 sermone

298 2744 643 2813 explanatum
668 2753 750 2797 est
771 2784 785 2807 ,
808 2742 1278 2811 repraesentationi
1304 2739 1562 2810 temporis
1585 2741 1900 2793 servabatur

298 2836 566 2891 sermonis
611 2837 912 2905 expressio.
957 2834 1111 2889 Solet
1150 2835 1294 2888 enim
1339 2843 1465 2886 tunc
1508 2834 1687 2886 verbis
1727 2833 1899 2902 quod-

296 2942 525 2998 cumque
572 2927 833 2997 proferri,
866 2927 1077 2996 quoties
1122 2925 1378 2995 quidquid
1414 2924 1681 2995 profertur
1713 2926 1899 2995 imple-

297 3028 404 3072 tur.
436 3018 571 3073 Nam
604 3028 659 3073 et
688 3034 814 3074 vere
846 3031 1004 3070 nemo
1034 3018 1284 3085 cognovit
1311 3033 1477 3085 quare
1510 3017 1611 3070 hoc
1640 3016 1689 3069 ei
1719 3025 1899 3072 osten-

294 3124 416 3163 sum
450 3109 669 3175 fuisset,
697 3109 797 3162 nisi
826 3110 947 3178 quia
979 3118 1097 3177 post
1122 3110 1309 3162 eodem
1340 3110 1425 3163 die
1452 3124 1556 3179 quo
1584 3111 1632 3163 id
1661 3110 1896 3176 viderat,

292 3212 587 3257 coronatus
617 3210 719 3255 est.
752 3200 927 3254 Medio
958 3200 1302 3255 nihilominus
1335 3210 1579 3271 tempore
1609 3203 1898 3258 imminens

293 3295 479 3363 passio
508 3308 604 3361 pro
631 3302 779 3347 certo
809 3294 877 3346 ab
907 3293 1155 3346 omnibus
1184 3294 1483 3347 sciebatur:
1518 3295 1782 3362 passionis
1817 3305 1894 3347 ta-

295 3400 420 3438 men
452 3384 567 3437 dics
599 3395 779 3438 certus
810 3386 877 3437 ab
908 3384 1097 3437 iisdem
1133 3385 1384 3438 omnibus
1405 3426 1419 3449 ,
1451 3386 1605 3455 quasi
1638 3386 1893 3455 ignoran-

296 3477 469 3541 tibus,
518 3477 812 3531 lacebatur.
860 3477 1003 3531 Sane
1042 3488 1096 3531 et
1136 3478 1188 3530 in
1220 3478 1513 3547 Scripturis
1546 3480 1650 3533 tale
1689 3481 1891 3549 aliquid

294 3570 529 3624 invenio.
564 3568 697 3623 Nam
730 3569 899 3640 (Luc.
929 3586 965 3635 I,
996 3570 1064 3624 59
1091 3568 1107 3641 )
1134 3570 1425 3625 Zacharias
1455 3574 1730 3637 sacerdos,
1764 3589 1889 3644 pro-

294 3661 461 3715 misso
500 3660 600 3715 sibi
642 3678 735 3731 per
778 3661 1042 3730 Angelum
1089 3662 1197 3715 lilio
1241 3667 1360 3730 quia
1404 3678 1511 3716 non
1550 3664 1885 3733 crediderat,

293 3751 589 3819 obmutuit;
619 3752 690 3806 ita
721 3761 780 3806 ut
806 3754 896 3805 ﬁlii
928 3768 1121 3806 nomen
1146 3750 1172 3788 ιλ
1201 3756 1498 3823 scripturus
1529 3756 1703 3823 potius
1731 3772 1889 3824 quam

292 3846 561 3899 relaturus
596 3842 640 3910 ί,
669 3856 799 3898 nutu
832 3845 1043 3898 tabulas
1072 3847 1389 3915 postularet.
1424 3846 1615 3899 Merito
1644 3858 1698 3901 et
1730 3848 1882 3913 heic,

292 3943 383 3997 ubi
411 3944 502 3997 Dei
528 3944 744 3997 nuntius
769 3943 1076 4011 paSsionem
1102 3942 1353 3995 antistitis
1378 3945 1745 3996 imminentem
1784 3959 1884 3997 nu-

293 4046 349 4090 tu
374 4038 551 4105 potius
576 4038 861 4107 expressit,
886 4047 939 4089 et
963 4036 1121 4090 tidem
1152 4037 1453 4099 admonuit,
1479 4047 1531 4091 et
1552 4036 1886 4091 sacerdotem

289 4128 538 4181 munivit.
574 4128 853 4182 Dilatiouis
878 4137 1053 4181 autem
1097 4128 1340 4196 petendae
1383 4129 1517 4181 ratio
1559 4130 1625 4182 de
1666 4129 1883 4181 ordina-

288 4222 435 4275 tione
474 4237 653 4275 rerum
695 4230 748 4276 et
784 4221 850 4275 de
899 4221 1189 4274 voluntatis
1219 4222 1571 4289 disjiositioue
1616 4222 1885 4276 veniebat.

288 4314 421 4381 Qua:
447 4330 576 4367 vero
606 4329 692 4369 res
723 4315 828 4379 illi,
867 4323 959 4367 aut
988 4331 1106 4384 quae
1135 4316 1383 4369 voluntas
1412 4314 1715 4369 ordinanda
1735 4358 1749 4381 ,
1785 4317 1887 4369 nisi

286 4408 611 4462 ecclesiatici
652 4408 857 4461 status?
900 4409 1163 4476 Suprema
1207 4408 1406 4461 idcirco
1445 4419 1665 4476 accepta
1701 4408 1889 4462 dilatio

2023 538 2089 593 Et
2122 549 2252 610 puto
2294 552 2513 611 propter
2552 543 2683 598 nihil
2724 544 2899 608 aliud,
2926 546 3091 598 immo
3122 560 3253 599 vero
3282 554 3500 615 propter
3520 546 3626 602 hoc

2023 640 2261 700 tantum,
2290 635 2448 687 etiam
2478 634 2805 705 indulgentia
2832 636 2899 689 ab
2924 636 3051 704 ipsis
3077 635 3348 703 ejecerant
3375 633 3424 703 κ,
3454 645 3508 691 et
3535 653 3607 707 qu

2020 726 2253 779 occisuri
2282 737 2465 794 erant,
2494 726 2727 783 admissa
2753 735 2865 793 est;
2896 740 2954 782 ut
2979 742 3221 798 prasens
3246 737 3300 783 et
3326 736 3629 798 prasentes

2024 831 2318 886 pauperes,
2350 820 2659 873 novissume
2689 820 3102 890 dispensationis
3130 821 3418 885 extremis,
3448 829 3536 886 et,
3568 830 3630 875 ut

2021 912 2232 980 plenius
2263 912 2491 967 dixerim
2510 953 2525 980 ,
2555 916 2682 968 totis
2706 916 3008 985 sumptibus
3037 917 3321 969 relevaret.
3350 914 3629 969 Ordinatis

2018 1018 2145 1072 ergo
2172 1013 2278 1059 tam
2308 1008 2390 1074 pie
2422 1006 2614 1075 rebus,
2644 1016 2698 1061 et
2722 1008 2800 1062 sic
2828 1023 2924 1078 pro
2951 1008 3229 1062 voluntate
3260 1007 3541 1078 dispositis
3575 1009 3625 1075 ι,

2016 1097 2355 1165 proximabat
2380 1098 2497 1153 dies
2522 1099 2809 1153 crastinus.

2604 1211 2831 1268 CAPUT
2872 1184 3014 1267 xw.

2015 1298 2323 1355 Imminente
2381 1305 2748 1373 persecutione,
2788 1310 2992 1357 recusat
3048 1305 3225 1374 fugere
3281 1302 3612 1374 Cyprianus,

2361 1412 2579 1465 suosque
2600 1397 2669 1449 ad
2698 1400 3001 1466 martyrium
3026 1395 3278 1451 hortatur.

2085 1503 2202 1560 Jam
2260 1506 2327 1561 de
2382 1506 2536 1563 Xisto
2592 1511 2733 1565 bono
2788 1520 2843 1565 et
2894 1509 3122 1580 paciﬁco
3176 1512 3502 1579 sacerdote,
3559 1528 3623 1571 ac

2011 1612 2292 1668 prepterea
2322 1601 2633 1657 beatissimo
2658 1614 2914 1676 martyre,
2940 1604 3008 1658 ab
3031 1604 3173 1659 Urbe
3200 1605 3420 1658 nuntius
3448 1621 3619 1662 vene-

2007 1703 2113 1748 rat.
2139 1693 2497 1763 Separabatur
2519 1698 2847 1768 jainjamque
2873 1699 3110 1753 carnifex
3137 1700 3389 1765 veniens,
3418 1702 3505 1771 qui
3534 1700 3624 1757 de-

2007 1796 2129 1839 vota
2153 1786 2509 1841 sametissima:
2527 1791 2755 1843 victimae
2779 1790 2914 1843 colla
2943 1800 3249 1858 percuteret
3266 1806 3279 1842 :
3296 1801 3350 1844 et
3372 1792 3448 1846 sic
3464 1802 3623 1847 erant

1932 1858 1980 1915 Β
2008 1895 2198 1934 Omnes
2224 1880 2343 1934 dics
2372 1879 2445 1932 illi
2474 1880 2787 1949 quOtidiana
2816 1882 3221 1951 exspectatione
3254 1883 3540 1950 moriendi,
3559 1897 3619 1940 ut

2005 1987 2203 2026 corona
2234 1981 2414 2041 posset
2438 1973 2663 2043 singulis
2710 1972 2929 2027 ascribi.
2967 1972 3375 2027 Conveniebant
3402 1974 3617 2033 interim

2005 2064 2189 2133 plures
2220 2063 2420 2133 egregii
2452 2075 2504 2117 et
2534 2064 2819 2118 clarissimi
2850 2064 3058 2120 ordinis
3089 2074 3142 2119 et
3172 2066 3449 2137 sanguinis
3470 2110 3485 2133 ,
3518 2068 3617 2123 sed

2004 2167 2057 2211 et
2086 2158 2268 2210 saeculi
2302 2158 2584 2212 nobilitate
2615 2160 2896 2229 generosi:
2929 2160 3021 2228 qui
3065 2169 3285 2230 propter
3326 2161 3615 2217 amicitiam

2005 2249 2123 2319 ejus
2162 2250 2435 2320 antiquam
2476 2266 2749 2306 secessum
2792 2251 3023 2307 subinde
3063 2254 3393 2309 suaderent:
3437 2265 3494 2310 et
3543 2272 3615 2316 ne

2004 2356 2193 2410 parum
2236 2352 2380 2396 esset
2419 2343 2558 2395 nuda
2601 2344 2850 2410 suadela,
2892 2346 3055 2399 etiam
3088 2345 3203 2400 loca
3234 2346 3285 2399 in
3317 2362 3436 2417 quas
3465 2362 3617 2404 sece-

2004 2433 2158 2488 deret
2181 2432 2499 2489 oll‘erehant.
2530 2434 2626 2490 llle
2655 2451 2783 2490 vero
2804 2435 2915 2507 jam
2942 2438 3232 2504 mundum,
3259 2452 3517 2509 suspensa
3543 2440 3614 2497 ad

2003 2525 2199 2577 caelum
2229 2536 2431 2591 mente,
2458 2527 2803 2594 neglexerat,
2834 2542 2932 2581 nec
2958 2528 3191 2581 suadelis
3218 2529 3616 2587 blandientibus

2002 2617 2294 2669 annuehat.
2329 2617 2571 2670 Fecisset
2602 2620 2831 2671 fortasse
2864 2629 2989 2672 tunc
3018 2622 3180 2673 etiam
3213 2624 3357 2691 quod
3384 2638 3414 2675 a
3442 2623 3611 2691 pluri-

2004 2710 2105 2761 mis
2132 2718 2186 2762 et
2218 2710 2463 2763 lidelibus
2494 2710 2797 2779 petebantur,
2828 2712 2870 2764 si
2904 2720 2960 2765 et
2986 2711 3168 2765 divino
3198 2714 3423 2781 imperio
3448 2716 3607 2783 jube-

2002 2812 2168 2856 retur.
2197 2802 2299 2855 Sed
2329 2819 2427 2857 nec
2458 2803 2545 2857 illa
2568 2803 2815 2858 sublimis
2844 2804 2974 2857 tanti
3004 2804 3100 2857 viri
3130 2806 3298 2874 gloria
3325 2808 3441 2859 sine
3471 2822 3604 2875 prte-

2000 2895 2157 2947 conio
2186 2894 2504 2949 transeunda
2532 2904 2643 2949 est:
2668 2910 2791 2965 quia
2813 2896 2923 2964 jam
2954 2897 3151 2949 smculo
3181 2905 3519 2952 tumescente
3548 2906 3606 2953 et

2001 2986 2068 3040 de
2097 2988 2284 3040 liducia
2330 2988 2629 3055 principum
2666 2986 3062 3040 infestationem
3091 2988 3324 3042 nominis
3348 2989 3607 3045 anhelan-

2002 3086 2089 3143 te;
2121 3079 2207 3131 ille
2248 3094 2434 3133 servos
2468 3079 2591 3144 Dei,
2626 3088 2781 3147 prout
2806 3079 3035 3133 dabatur
3073 3080 3319 3146 occasio,
3352 3085 3606 3137 exhorta-

2006 3173 2241 3226 tionibus
2284 3173 2567 3226 dominicis
2609 3172 2937 3240 instruebat,
2967 3183 3022 3227 et
3050 3174 3117 3226 ad
3148 3174 3432 3227 calcandas
3474 3189 3600 3243 pas-

1924 3242 1968 3303 (ἶ
2002 3268 2185 3320 siones
2226 3267 2385 3336 hujus
2417 3269 2675 3336 temporis
2704 3268 3165 3336 cantemplatione
3196 3279 3602 3338 superventurze

1998 3360 2263 3413 claritatis
2293 3360 2582 3414 animabat.
2626 3360 2889 3414 Videlicet
2919 3369 3064 3413 tanta
3098 3361 3174 3413 illi
3207 3360 3306 3413 fuit
3333 3363 3469 3414 sacri
3501 3376 3600 3415 cu—

1997 3451 2123 3520 pido
2149 3452 2437 3519 sermonis,
2470 3462 2525 3505 ut
2552 3462 2763 3521 optaret
2791 3453 2869 3505 sic
2895 3452 2994 3505 sibi
3028 3452 3291 3522 passionis
3320 3463 3439 3505 vota
3469 3466 3599 3506 con-

1996 3546 2230 3617 tingere,
2266 3556 2324 3600 ut
2362 3546 2487 3600 dum
2519 3548 2587 3603 de
2619 3548 2727 3602 Deo
2771 3547 3028 3619 loquitur,
3072 3547 3124 3599 in
3168 3547 3286 3617 ipso
3330 3548 3597 3603 sermonis

1993 3654 2159 3707 opere
2188 3649 2488 3693 necaretur.

2594 3730 2822 3785 CAPUT
2861 3730 2978 3787 XV.

2172 3824 2404 3893 Capitur.
2448 3824 2603 3879 Plebs
2631 3835 2749 3878 ante
2789 3829 2925 3896 fores
2956 3836 3154 3879 noctem
3177 3824 3410 3879 excubat.

2065 3937 2131 3992 Et
2190 3938 2245 3992 hi
2297 3947 2455 3993 erant
2509 3938 2810 4007 quoddiani
2865 3944 3020 3992 actus
3072 3936 3327 3994 destinati
3381 3939 3447 3993 ad
3477 3939 3595 4009 pla-

1991 4042 2201 4088 centem
2247 4035 2355 4086 Deo
2395 4034 2625 4087 hostiam
2668 4032 2987 4097 sacerdotis,
3012 4046 3132 4085 cum
3175 4047 3323 4095 ecce,
3367 4048 3598 4101 procon-

1993 4127 2122 4179 sulis
2157 4126 2309 4193 jussu
2343 4168 2357 4191 ,
2401 4125 2467 4179 ad
2513 4126 2698 4178 hortos
2755 4126 2873 4194 ejus
2924 4124 3031 4194 (ad
3077 4124 3295 4188 hortos,
3341 4125 3589 4194 inquam,

1990 4235 2127 4290 quos
2154 4221 2291 4273 inter
2321 4219 2467 4273 initia
2503 4219 2625 4272 ﬁdei
2653 4234 2765 4272 suae
2792 4219 3069 4282 venditas,
3104 4227 3159 4271 et
3189 4218 3279 4271 Dei
3313 4217 3595 4287 indulgen-

1994 4316 2062 4369 tia
2094 4323 2131 4348 ω
2165 4315 2466 4377 restitutos,
2502 4328 2597 4381 pro
2627 4320 2780 4366 certo
2808 4312 3001 4367 iterum
3034 4313 3085 4364 in
3127 4326 3255 4365 usus
3297 4326 3591 4381 pauperum

1990 4407 2354 4473 vendidisset,
2389 4407 2491 4460 nisi
2526 4406 2777 4460 invidiam
2810 4406 2877 4460 de
2910 4408 3281 4477 persecutione
3313 4408 3592 4477 vitaret")

287 4512 369 4557 est
388 4544 402 4568 ,
434 4511 489 4557 ut
515 4501 771 4573 quidquid
798 4501 940 4557 circa
982 4518 1271 4571 pauperum
1316 4502 1666 4557 fovendorum
1696 4518 1877 4557 curam
1906 4491 1957 4551 D
1984 4516 2104 4556 cum
2134 4499 2392 4554 militibus
2417 4499 2528 4555 suis
2556 4500 2806 4571 princeps
2829 4510 3054 4570 repente
3079 4501 3357 4571 subitavit,
3390 4501 3586 4571 immo,

1565 4637 1945 4696 LECTIONES
1982 4635 2403 4694 VABIANTES.

354 4780 379 4812 ⁸
415 4779 587 4831 Adhuc
608 4779 759 4828 multa
785 4777 1111 4831 trepidatione
1140 4777 1263 4827 Bod.
1282 4780 1327 4827 1.

350 4842 380 4881 ι’
414 4845 544 4893 Nihil
568 4845 631 4892 de
658 4842 749 4891 Dei
772 4841 877 4890 Bod
923 4841 962 4889 1.
992 4842 1166 4890 Morel.

352 4910 374 4938 ε
414 4907 473 4956 Et
497 4906 689 4968 singula
716 4902 885 4954 Morel.

353 4968 381 5009 ιι
416 4964 615 5017 Petilii)
635 4969 899 5016 crastinum
926 4964 1049 5015 Bod.
1079 4965 1121 5013 1.
1150 4966 1322 5016 Morel.

357 5036 380 5063 ο
418 5031 518 5081 Etsi
536 5044 714 5079 annum
743 5028 866 5079 Rod.
894 5030 933 5078 ι.
962 5026 1135 5077 Morel.

358 5092 377 5131 ί
414 5094 465 5143 Si
492 5106 621 5143 nunc
643 5094 735 5141 sub
759 5094 881 5140 Bod.
912 5093 956 5141 1.
983 5089 1156 5141 Morel.

355 5160 379 5200 ι
416 5157 521 5217 Qua
542 5156 661 5207 illud
683 5154 877 5218 plenius
898 5152 1020 5204 Bod.
1050 5153 1091 5203 l.

2048 4775 2079 4813 h
2113 4773 2189 4825 De
2212 4776 2292 4823 lilii
2316 4776 2511 4824 nomine
2538 4773 2665 4826 Bod.
2690 4776 2736 4825 1.
2763 4774 2939 4826 Morel.

2052 4839 2072 4877 ί
2112 4838 2408 4887 Relecturus
2431 4837 2553 4887 Bod.
2586 4841 2629 4887 1.

2057 4900 2071 4950 ἱ
2116 4904 2355 4962 δυντυιιιίι
2390 4902 2569 4949 iudicia
2596 4898 2771 4950 Morel.

2051 4964 2081 5000 ιι
2115 4965 2206 5021 Qui
2234 4962 2507 5023 t'jeccrant,
2536 4965 2742 5011 admissa
2767 4966 2846 5009 est
2870 4962 2990 5012 Bod.
3014 4964 3059 5014 1.

2058 5024 2089 5091 li
2118 5024 2201 5091 sjc
2230 5025 2350 5091 Bod.
2386 5028 2437 5091 μ
2456 5023 2631 5091 Morel.
2660 5023 2924 5091 voluntate
2942 5024 3178 5091 disposita
3199 5023 3378 5091 Rigalt.

2055 5089 2095 5117 π’
2128 5089 2190 5137 Et
2217 5088 2280 5136 de
2306 5088 2403 5137 Dei
2430 5087 2735 5148 indulgentia
2761 5084 2885 5136 Bod.
2908 5088 2953 5135 1.
2974 5084 3150 5138 Morel.

2057 5152 2086 5179 ⁸³
2120 5151 2358 5213 Occupari
2385 5152 2433 5198 in
2454 5147 2678 5199 passione
2701 5151 2882 5198 vitaret
2900 5150 3023 5199 Bod.
3064 5152 3109 5201 1.
3133 5147 3309 5203 Morel.

1638 5280 1770 5338 VAll
1783 5274 1995 5339 IORUM
2036 5279 2267 5337 ΝΟΤᾹΞ.

292 5408 646 5478 telligendus,
699 5413 791 5458 aut
837 5411 985 5478 certe
1031 5403 1098 5457 de
1143 5402 1313 5478 hortis
1356 5402 1447 5478 qui
1495 5401 1597 5478 ipsi
1640 5401 1879 5478 restituti

290 5474 520 5543 fuerant,
554 5478 691 5532 intra
719 5491 868 5530 num.
901 5476 1003 5539 15,
1029 5484 1130 5529 aut
1159 5475 1390 5543 denique
1418 5474 1486 5527 de
1512 5474 1675 5527 rebus
1701 5474 1877 5527 eccle~

290 5554 383 5606 size
405 5594 419 5616 ,
450 5566 513 5604 ex
541 5565 689 5604 num.
718 5548 986 5614 sequenti.
1020 5547 1283 5599 Romam.

364 5614 494 5677 CAP.
528 5620 753 5676 XlV.—
772 5619 1061 5672 Secessum.
1102 5619 1319 5685 Aliquot
1340 5616 1529 5670 diebus
1552 5614 1795 5677 secessit,
1824 5630 1890 5669 ne

295 5692 500 5748 Uticam
544 5690 951 5746 interficiendos
993 5689 1393 5757 perduceretur.
1415 5689 1494 5740 Ad
1521 5688 1569 5738 id
1594 5688 1735 5739 enim
1760 5685 1893 5738 Fru-

290 5763 539 5818 tnentarii
560 5779 588 5817 a
620 5764 941 5833 proconsule
971 5760 1375 5833 missiluerant.
1404 5757 1555 5813 Unde
1580 5757 1714 5811 inira
1741 5757 1891 5833 su_bi-

294 5846 455 5899 tasse,
482 5834 531 5888 id
549 5827 634 5890 esi
658 5835 1017 5898 accelerasse,
1037 5830 1234 5885 dicitur
1264 5830 1537 5902 princeps,
1560 5838 1754 5900 putans
1782 5827 1890 5897 Cy-

1986 5398 2229 5468 prianum
2251 5408 2436 5468 revera
2456 5392 2692 5468 ell‘ugzege
2708 5392 2871 5468 v_e|le.
2892 5394 3024 5450 Vide
3040 5396 3325 5466 epistolam
3345 5394 3589 5451 ultimam

1984 5465 2157 5524 Oxon.
2191 5470 2283 5529 8|,
2320 5467 2562 5519 Pamelio
2592 5466 2682 5519 85.
2718 5465 2992 5521 Romam.

2055 5541 2188 5594 CAP.
2226 5536 2690 5603 XV.—Prmceps.
2712 5536 2884 5591 Deliis
2903 5538 3039 5591 ratio
3058 5538 3299 5595 redditur
3317 5540 3367 5593 in
3386 5540 3594 5594 notitiis

1997 5612 2313 5680 dignitatum
2346 5609 2476 5676 Imp.
2498 5608 2653 5661 Rom.
2678 5609 2837 5661 Erant
2856 5620 3151 5665 summates
3164 5621 3217 5665 et
3234 5611 3595 5680 pra-cipuiqui

1998 5685 2098 5736 Sub
2128 5687 2386 5749 magistro
2417 5681 2719 5733 υΗίειυτυιη
2750 5680 3074 5747 militabant,
3105 5684 3450 5741 dcscrihente
3479 5681 3592 5736 Go-

1997 5752 2229 5808 thofred.
2258 5752 2428 5822 Po_rro
2454 5760 2659 5822 uotunt_
2666 5760 2750 5803 est
2784 5753 2989 5808 milites
3037 5754 3265 5822 divisos,
3290 5755 3345 5810 in
3364 5753 3595 5817 Velius,

1997 5822 2298 5891 Principes,
2323 5820 2587 5880 Triariam
2619 5818 2785 5877 ἣν..
