4134 6256
634 342 776 400 M95

1204 339 1262 395 S.
1305 335 1594 396 PONTIUS
1633 336 1991 402 DIACONUS,
2054 335 2141 391 DE
2184 333 2346 391 VITA
2389 333 2476 390 ET
2518 330 2858 391 PASSIONE
2896 332 2958 389 S.
2990 332 3336 393 CYPRIANI.

3782 336 3886 393 ΗΜ

633 472 689 513 ut
721 461 899 515 verius
926 457 1187 519 dixerim,
1231 454 1496 510 subitassc
1532 469 1592 509 se
1617 452 1865 508 credidit.
1899 451 2051 508 Unde
2082 451 2223 507 enim
2252 453 2305 511 Α
2331 449 2600 505 exercitus
2640 448 2984 517 adhaerebat,
3025 449 3179 520 quasi
3218 448 3285 503 ad
3325 447 3736 520 expugnandam
3770 468 3883 505 mor-

630 562 815 621 posset
847 560 1112 617 tamquam
1144 545 1438 616 improviso
1468 546 1669 614 impetu
1711 559 1863 599 mens
1893 557 2106 614 semper
2135 556 2228 611 pa-

630 652 745 697 rata
771 640 1030 696 subitari?
1057 639 1325 694 Processit
1348 652 1478 708 ergo
1496 637 1605 707 jam
1632 648 1811 691 certus
1834 637 2062 706 expungi
2085 634 2228 705 quod

628 733 720 788 diu
763 732 937 786 fuerat
978 730 1351 785 retardatum:
1398 728 1659 797 processit
1698 728 1880 781 animo
1920 727 2136 781 sublimi
2176 732 2231 780 et

626 834 810 880 erecto
840 834 886 889 ει,
922 822 1243 877 hilaritatem
1273 820 1563 891 praeferens
1591 821 1735 874 vultu
1788 828 1842 874 et
1876 820 2038 875 corde
2066 819 2229 872 virtu-

630 926 758 971 tem.
803 915 908 971 Sed
941 915 1141 969 dilatus
1173 915 1224 968 in
1258 914 1587 978 crastinum,
1621 914 1685 966 ad
1720 913 1938 967 domum
1971 912 2228 982 principis

629 1024 659 1063 a
687 1008 940 1079 prmtorio
962 1006 1364 1072 revertebatur;
1394 1022 1515 1060 cum
1538 1006 1715 1060 subito
1738 1022 1832 1075 per
1852 1005 2227 1076 Carthaginem

629 1108 797 1154 totam
830 1113 1048 1168 sparsus
1079 1112 1263 1153 rumor
1295 1097 1558 1152 increbuit
1578 1139 1590 1161 ,
1625 1096 1942 1166 productum
1974 1112 2094 1151 esse
2119 1096 2228 1165 jam

631 1190 944 1257 Thascium,
978 1204 1158 1259 quem,
1186 1200 1381 1259 prmter
1411 1189 1680 1243 celebrem
1714 1190 1946 1256 gloriosa
1978 1187 2232 1256 opinione

633 1283 877 1337 n0titiam
906 1324 919 1347 ,
963 1283 1123 1336 etiam
1165 1281 1232 1336 de
1272 1282 1789 1336 commemoratione
1831 1280 2233 1350 praeclarissimi

632 1376 813 1444 operis
843 1389 1000 1427 nemo
1025 1389 1129 1429 non
1156 1382 1398 1427 noverat.
1422 1370 1829 1427 Concurrebant
1855 1372 2089 1441 undique
2114 1386 2233 1425 ver—

631 1479 725 1519 sus
757 1480 946 1519 omnes
971 1464 1036 1517 ad
1064 1464 1430 1535 spectaculum
1451 1505 1463 1526 ,
1489 1465 1646 1518 nobis
1675 1479 1769 1533 pro
1798 1464 2083 1517 devotione
2112 1461 2233 1516 fidei

633 1557 931 1627 gloriosum
960 1557 1009 1623 ι),
1041 1558 1334 1627 gentilibus
1360 1566 1413 1611 ct
1437 1557 1749 1611 dolendum.
1787 1557 2080 1626 Rcccptum
2112 1571 2233 1610 eum

633 1662 848 1716 tamen,
885 1662 939 1707 et
970 1653 1021 1705 in
1054 1652 1217 1705 domo
1250 1652 1509 1721 principis
1539 1652 1887 1705 constitutum
1934 1666 2035 1704 una
2079 1660 2236 1704 nocte

634 1744 1150 1799 continuitcustodia
1164 1744 1417 1808 delicata,
1437 1745 1506 1795 ita
1533 1743 1840 1796 utconvivte
1857 1743 1973 1811 ejus
1992 1751 2044 1795 et
2061 1742 2237 1796 chari-

2332 550 2437 596 tem
2487 557 2646 597 manu
2697 540 2835 598 facta
2886 544 3185 598 veniretur.
3238 544 3408 597 Eundi
3459 553 3650 598 autem
3695 545 3885 601 interfuit

2336 635 2592 689 transitus
2634 634 2814 689 stadii.
2848 635 2994 689 Bene
3035 649 3166 690 vero
3197 644 3251 689 et
3279 636 3434 705 quasi
3465 635 3536 689 de
3566 634 3801 690 industria
3828 638 3886 692 fa-

2333 736 2474 782 ctum
2494 769 2509 794 ,
2535 736 2593 781 ut
2616 737 2669 782 et
2696 728 2869 781 locum
2898 732 3250 799 congruentis
3270 730 3589 785 certaminis
3615 732 3881 801 pra‘teriret,

2333 820 2423 891 qui
2450 820 2516 875 ad
2539 834 2797 874 coronam
2824 819 3045 890 iustitiae
3066 830 3447 876 consummato
3471 836 3638 892 agone
3656 823 3877 877 currebat.

2336 910 2470 976 Sed,
2514 912 2603 965 ttbi
2644 910 2712 965 ad
2753 913 3064 981 prmtorium
3093 921 3313 968 ventum
3346 922 3451 978 est,
3487 914 3705 967 nondum
3724 930 3875 983 proce-

2332 1005 2493 1059 dente
2520 1006 2860 1072 proconsule,
2886 1008 3149 1061 secretior
3177 1006 3329 1061 locus
3354 1006 3515 1061 datus
3543 1017 3649 1061 est.
3671 1007 3754 1062 Illic
3775 1023 3871 1063 cum

2334 1107 2455 1167 post
2492 1098 2594 1151 iter
2631 1096 2848 1166 longum
2893 1099 3058 1153 nimio
3099 1099 3298 1154 sudore
3358 1099 3667 1153 madidatus
3710 1100 3873 1155 sederet

2333 1187 2528 1256 (sedile
2570 1196 2748 1243 autem
2791 1198 2907 1243 erat
2937 1190 3162 1246 fortuito
3194 1190 3362 1245 linteo
3394 1200 3598 1246 tectum
3621 1233 3636 1257 ,
3669 1203 3718 1246 ut
3740 1203 3783 1246 et
3805 1193 3882 1247 sub

2336 1280 2442 1333 ictu
2475 1280 2741 1349 passionis
2771 1281 3115 1350 episcopatus
3146 1281 3354 1336 honore
3386 1282 3879 1352 frueretur),quidam

2337 1386 2402 1426 ex
2436 1373 2739 1427 tesserariis
2766 1374 3041 1441 quondam
3070 1371 3409 1428 Christianus
3435 1390 3526 1429 res
3557 1390 3682 1429 snas
3709 1375 3881 1440 obtulit,

2337 1466 2489 1536 quasi
2517 1464 2678 1519 vellet
2700 1465 2789 1519 ille
2811 1466 3150 1521 vestimentis
3173 1466 3285 1520 suis
3308 1466 3548 1520 humidis
3572 1468 3776 1522 sicciora
3796 1484 3883 1521 mu-

2341 1568 2485 1613 tare:
2514 1559 2604 1627 qui
2627 1557 2879 1612 videlicet
2911 1558 3042 1612 nihil
3067 1557 3206 1612 aliud
3240 1558 3291 1611 in
3320 1558 3487 1613 rebus
3509 1558 3699 1613 oblatis
3723 1560 3882 1614 ambie-

2340 1653 2461 1717 bat,
2494 1666 2653 1721 quam
2685 1652 2730 1704 si
2763 1650 3157 1720 proficiscentis
3187 1650 3255 1704 ad
3289 1651 3453 1705 Deum
3495 1652 3736 1721 martyris
3762 1651 3882 1703 sudo-

2340 1757 2428 1797 res
2462 1742 2574 1811 jatn
2616 1742 2945 1811 sanguineus
2985 1742 3307 1811 possideret.
3354 1740 3453 1795 Cui
3496 1742 3587 1795 ille
3617 1741 3881 1811 respondit,

635 1835 689 1888 in
720 1835 1074 1887 contubernio
1101 1849 1166 1887 ex
1197 1849 1346 1887 more
1372 1832 1654 1887 fuerimus.
1688 1833 1847 1886 Plebs
1881 1834 2093 1887 interim
2127 1842 2236 1887 tota
2267 1835 2314 1894 B
2340 1844 2395 1889 et
2436 1834 2603 1888 dixit:
2636 1853 2654 1884 (
2684 1833 2922 1889 Medelas
2962 1832 3285 1905 adhibemus
3327 1834 3598 1903 querelis,
3622 1851 3722 1903 qtt:c
3752 1833 3883 1887 hodie

635 1929 867 1981 sollicita
888 1942 952 1981 ne
972 1943 1067 1996 per
1082 1937 1295 1981 noctem
1320 1926 1522 1995 aliquid
1550 1928 1665 1980 sine
1683 1926 2010 1980 conscientia
2034 1926 2113 1979 sui
2142 1926 2235 1981 fte-

636 2027 749 2082 ret,
774 2027 899 2071 ante
926 2017 1072 2071 fores
1099 2016 1356 2087 principis
1381 2016 1699 2071 excubabat.
1725 2015 2004 2071 Concessit
2031 2016 2080 2071 ei
2110 2025 2236 2070 tunc

638 2111 819 2166 divina
852 2112 1094 2177 hoaitas,
1130 2126 1256 2165 vere
1285 2111 1478 2181 digno,
1512 2119 1572 2165 ut
1602 2111 1693 2165 Dei
1731 2111 1960 2180 pOpulus
1989 2110 2149 2164 etiam
2183 2111 2236 2164 in

638 2205 935 2260 sacerdotis
985 2206 1235 2275 passione
1282 2204 1545 2274 vigilaret.
1590 2203 1835 2258 Forsitan
1878 2212 2054 2259 tamen
2090 2218 2239 2273 qua:-

638 2308 725 2353 rat
761 2298 953 2368 aliquis
1010 2313 1129 2367 qua:
1182 2312 1341 2351 causa
1377 2297 1533 2351 fuerit
1571 2311 1599 2349 a
1652 2296 1902 2366 praetorio
1933 2294 2237 2351 revertendi

638 2391 705 2445 ad
737 2391 1053 2461 principem.
1094 2390 1160 2443 Et
1192 2390 1375 2443 volunt
1400 2390 1522 2455 hoc,
1552 2389 1759 2442 scilicet
1782 2387 1996 2457 quidam
2023 2387 2091 2441 de
2116 2401 2234 2449 suo,

640 2496 775 2539 tunc
805 2484 1184 2553 proconsulem
1218 2482 1472 2535 noluisse.
1506 2482 1659 2535 Absit
1689 2492 1743 2534 ut
1774 2482 1823 2533 in
1858 2480 2018 2534 rebus
2047 2477 2239 2533 divini-

640 2583 727 2629 tus
753 2575 917 2644 gestis
945 2574 1225 2644 segnitiem
1272 2574 1385 2627 sive
1426 2573 1699 2628 fastidium
1742 2572 2078 2642 proconsulis
2104 2586 2230 2625 con-

641 2684 857 2739 querar.
889 2668 1042 2721 Absit
1070 2678 1126 2721 ut
1154 2668 1354 2721 malum
1383 2667 1485 2721 hoc
1520 2667 1657 2720 intra
1690 2667 2076 2721 conscientiam
2109 2664 2237 2719 reli-

642 2762 807 2832 giosae
838 2762 1033 2815 mentis
1060 2760 1374 2825 admittam;
1409 2772 1465 2815 ut
1496 2761 1563 2815 de
1598 2772 1703 2814 tam
1742 2761 2058 2815 beatissimo
2098 2775 2239 2815 mar-

643 2866 763 2927 tyre
820 2866 1001 2909 ructus
1046 2855 1278 2908 hominis
1326 2853 1615 2923 judicaret.
1662 2852 1766 2908 Sed
1814 2854 2082 2907 crastinus
2124 2851 2242 2905 dies

642 2947 733 3002 ille
772 2964 931 3018 quem
973 2957 1097 3003 ante
1136 2963 1337 3001 annum
1379 2947 1619 3017 dignatio
1659 2946 1839 3000 divina
1882 2944 2237 3014 pricdixerat,

642 3055 771 3094 vere
803 3041 1068 3096 crastinus
1097 3057 1218 3096 esse
1248 3040 1499 3095 debebat.

1240 3176 1467 3232 CAPUT
1508 3176 1645 3232 XVI.

850 3293 1111 3347 Postridie
1136 3292 1204 3343 ad
1231 3290 1454 3344 tribunal
1483 3294 1803 3359 proconsulis
1830 3293 2053 3345 ducitur.

720 3407 900 3459 Illuxit
956 3404 1189 3471 denique
1244 3402 1359 3456 dies
1417 3404 1591 3467 alius,
1656 3404 1746 3457 ille
1802 3406 2081 3473 signatus,
2149 3408 2239 3463 ille

647 3498 979 3569 promissus,
1014 3496 1103 3548 ille
1134 3494 1381 3547 divinus:
1413 3510 1571 3563 quem
1614 3497 1656 3548 si
1701 3505 1957 3567 tyrannus
1990 3502 2104 3570 ipse
2135 3501 2240 3557 dif-

647 3591 789 3645 ferre
833 3589 1107 3652 voluisset,
1144 3603 1430 3657 numquam
1476 3604 1698 3657 prorsus
1740 3591 1975 3646 valeret:
2019 3594 2135 3649 dies
2174 3597 2242 3652 de

644 3684 974 3738 conscientia
1014 3682 1173 3737 futuri
1219 3686 1468 3755 martyris
1508 3686 1699 3751 lactus;
1760 3697 1813 3742 et
1852 3690 2109 3744 discussis
2150 3708 2244 3761 per

647 3786 815 3829 touun
850 3774 1030 3828 mundi
1062 3775 1319 3829 ambitum
1354 3778 1583 3831 nubibus
1606 3820 1620 3841 ,
1655 3779 1803 3832 claro
1834 3782 1949 3835 sole
1978 3783 2239 3839 radiatus.

647 3872 912 3941 Egressus
962 3880 1044 3923 est
1082 3871 1299 3925 domum
1342 3874 1635 3943 principis,
1679 3876 1771 3930 scd
1812 3878 2009 3933 Christi
2050 3892 2105 3936 et
2146 3882 2238 3938 Dei

644 3965 897 4036 princeps
920 4007 933 4031 ,
967 3975 1019 4018 et
1058 3966 1362 4033 agminibus
1394 3968 1753 4024 multitudinis
1786 3973 1966 4027 mixtze
1997 3991 2059 4028 ex
2094 3978 2238 4031 omni

644 4071 800 4129 parte
832 4058 1058 4113 vallatus
1089 4066 1189 4113 est.
1223 4059 1311 4115 Sic
1342 4071 1519 4116 autem
1552 4064 1827 4120 comitatui
1856 4067 1975 4136 ejus
2005 4068 2242 4124 infinitus

2341 1929 2566 1983 forsitan
2603 1944 2709 1983 non
2751 1938 2928 1983 erunt.
2965 1947 2983 1980 ι
3009 1927 3223 1992 Mirum,
3268 1928 3313 1982 si
3336 1928 3652 1997 contempsit
3682 1927 3883 1981 laborem

2342 2037 2606 2091 corpore,
2659 2021 2749 2090 qui
2800 2031 3031 2075 mortem
3084 2028 3267 2075 mente
3314 2021 3727 2089 contempserat?
3773 2020 3884 2085 Quid

2342 2116 2532 2187 plura?
2572 2114 2763 2170 Subito
2813 2112 3123 2183 proconsuli
3158 2113 3426 2165 nuntiatus
3453 2120 3545 2165 est.
3577 2112 3881 2173 Producitur,

2340 2210 2675 2273 admovetur,
2716 2208 3081 2276 interrogatur
3122 2205 3189 2260 de
3220 2219 3323 2259 suo
3349 2206 3568 2258 nomine:
3598 2217 3651 2257 se
3673 2217 3779 2257 esse
3802 2218 3880 2255 rc-

2343 2298 2581 2369 spondit.
2618 2299 2685 2353 Et
2716 2299 2979 2353 hactenus
3010 2297 3198 2351 verba.

2940 2430 3170 2487 CAPUT
3210 2430 3369 2486 XVII.

2933 2546 3063 2601 Lata
3088 2548 3355 2601 sententia.

2417 2686 2569 2756 Legit
2596 2686 2774 2755 itaque
2800 2685 2868 2740 de
2894 2685 3071 2739 tabula
3098 2685 3206 2754 jam
3238 2685 3567 2739 sententiam
3595 2684 3734 2752 iudex
3760 2697 3885 2752 quam

2344 2792 2515 2847 nuper
2562 2779 2617 2832 in
2674 2777 2884 2831 visione
2942 2792 3047 2830 non
3112 2777 3338 2843 legerat;
3409 2778 3719 2830 sententiam
3760 2776 3889 2842 spiri-

2346 2870 2505 2923 talem
2550 2883 2658 2923 non
2704 2877 2910 2923 temere
2950 2867 3261 2932 dicendam,
3310 2869 3636 2920 sententiam
3680 2866 3885 2935 episc0po

2345 2959 2437 3013 tali
2478 2971 2531 3014 et
2584 2960 2677 3014 tali
2708 2968 2843 3013 teste
2876 2958 3229 3029 condignam;
3260 2959 3585 3012 sententiam
3610 2958 3887 3027 gloriosam.

2344 3051 2399 3106 in
2429 3068 2530 3120 qua
2559 3052 2735 3107 dictus
2758 3062 2839 3106 est
2866 3060 3028 3106 sectae
3054 3050 3278 3121 signifer
3302 3060 3357 3105 et
3412 3051 3660 3106 inimicus
3685 3050 3888 3111 deorum,

2346 3156 2401 3199 et
2431 3146 2520 3214 qui
2551 3145 2664 3198 suis
2696 3143 2907 3197 futurus
2954 3153 3099 3197 esset
3140 3143 3255 3211 ipse
3295 3140 3621 3197 documento
3641 3185 3654 3206 ,
3695 3152 3747 3195 et
3779 3141 3894 3211 qitod

2343 3237 2602 3307 sanguine
2630 3237 2746 3305 ejus
2778 3234 3041 3303 inciperet
3068 3233 3354 3303 disciplina
3385 3234 3592 3287 sanciri.
3639 3232 3775 3286 Nihil
3816 3232 3898 3284 hac

2343 3327 2611 3384 sententia
2660 3326 2907 3396 plenius,
2957 3324 3090 3378 nihil
3137 3326 3339 3379 verius.
3373 3324 3549 3378 Omnia
3577 3326 3765 3392 quippe
3791 3339 3902 3391 qua:

2342 3421 2481 3477 dicta
2511 3427 2664 3482 sunt,
2694 3418 2818 3471 licet
2844 3432 2873 3470 a
2898 3416 3083 3486 gentili
3112 3416 3278 3482 dicta,
3313 3416 3474 3471 divina
3500 3426 3633 3469 sunt.
3665 3414 3769 3468 Nec
3794 3416 3894 3467 mi-

2344 3529 2462 3568 rum
2504 3513 2686 3581 utique
2716 3527 2836 3565 cum
2867 3510 3077 3564 soleant
3107 3510 3176 3563 de
3209 3510 3451 3578 passione
3479 3507 3745 3576 pontifices
3770 3522 3901 3576 pro-

2344 3607 2589 3676 phetare.
2648 3603 2881 3671 Signifer
2946 3603 3148 3668 fuerat,
3206 3603 3293 3671 qui
3364 3602 3429 3655 dc
3498 3601 3709 3655 ferendo
3771 3603 3908 3669 signa

2344 3696 2545 3751 Christi
2586 3695 2818 3749 docebat
2852 3710 2865 3746 :
2913 3694 3161 3747 inimicus
3218 3692 3478 3755 deorum,
3520 3695 3611 3762 qui
3659 3692 3788 3746 idola
3827 3693 3907 3745 de-

2343 3788 2595 3844 struenda
2641 3786 2931 3841 mandabat
2974 3806 2987 3841 :
3032 3787 3359 3840 documento
3412 3796 3593 3840 autem
3661 3787 3768 3838 suis
3804 3785 3906 3841 fuit.

2343 3883 2435 3951 qui
2468 3879 2653 3935 multis
2685 3880 2797 3948 pari
2828 3894 3030 3948 genere
3062 3878 3331 3931 secuturis
3352 3920 3366 3942 ,
3400 3879 3552 3947 prior
3583 3879 3638 3931 in
3674 3877 3913 3946 provincia

2344 3975 2587 4046 martyrii
2614 3973 2877 4043 primitias
2900 3972 3187 4027 dedicavit.
3214 3972 3422 4025 Sanciri
3451 3974 3623 4025 etiam
3652 3972 3808 4039 coepit
3826 3970 3918 4037 eius

2344 4067 2608 4137 sanguine
2649 4064 2929 4133 disciplina
2951 4106 2966 4131 ,
3017 4063 3109 4118 sed
3154 4074 3488 4134 martyrum;
3520 4064 3650 4135 qui,
3679 4064 3921 4118 doctorem

1870 4202 2252 4261 LECTIONES
2295 4203 2704 4260 VARIANTES.

709 4320 736 4347 ⁸
770 4316 831 4366 Et
852 4328 1055 4374 sereno,
1080 4314 1379 4364 hilaritatem
1406 4316 1597 4366 Morel.‘

2405 4314 2433 4354 ι)
2470 4313 2742 4364 Gloriosum
2764 4314 2949 4376 pariter
2974 4313 3093 4361 Bod.
3124 4312 3168 4361 1.

1931 4438 2290 4495 VARIORUM
2320 4440 2551 4496 ΝΟΤᾹΞ.

713 4553 1206 4611 Commemoratione
1232 4552 1469 4626 prtaclari
1490 4552 1679 4626 aperis.
1706 4550 1915 4626 Alludit
1938 4551 2003 4605 ad
2033 4563 2234 4624 marty-
2258 4563 2311 4621 Ῑ)
2338 4555 2605 4607 cathedras
2641 4555 2862 4620 velatas,
2897 4553 3148 4623 cuiquam
3181 4551 3233 4607 in
3270 4551 3472 4607 Christi
3513 4554 3747 4624 judicio
3783 4555 3936 4626 prolu-

642 4642 761 4681 rum
794 4626 925 4679 festa
949 4666 963 4688 ,
996 4627 1044 4675 in
1074 4625 1265 4691 quibus
1293 4624 1489 4689 vigiliae
1516 4623 1829 4692 agebantur.
1862 4623 2128 4678 Romam.

715 4694 958 4749 Custodia
990 4696 1229 4747 delicata.
1263 4694 1317 4747 Id
1352 4704 1437 4747 est
1481 4693 1649 4747 libera
1693 4704 1745 4747 et
1800 4693 2025 4748 minime
2079 4694 2233 4747 dura.

1756 4764 2020 4817 Rumsnr.

719 4836 969 4890 Passioue
998 4836 1248 4905 vigilaret.
1286 4834 1357 4887 Ita
1384 4834 1575 4896 vigilia:
1620 4834 1787 4889 festos
1824 4836 1940 4888 dies
1980 4835 2236 4889 natalium

645 4922 942 4979 martyrum
975 4906 1303 4979 privet-dunt.
1339 4905 1504 4959 FELL.

716 4974 912 5033 Raetus
944 4978 1181 5030 hominis.
1227 4977 1378 5030 Hunc
1409 4985 1616 5029 rttctttm
1669 4976 1858 5045 gallica.
1905 4974 2106 5045 caprice
2145 4990 2238 5040 ap-

641 5046 1280 5121 pellaremus.——Ructus
1306 5045 1710 5121 proverbialiter
1734 5047 1853 5101 heic
1878 5050 2107 5121 posituri]
2132 5058 2235 5121 est,

640 5114 740 5190 pro
780 5121 988 5173 arbitrio
1032 5134 1126 5172 seu
1171 5114 1333 5171 libita.
1378 5116 1577 5190 Eadem
1619 5133 1752 5170 voce
1784 5116 2107 5190 usnsestAS.
2134 5114 2238 5188 Cy-

640 5187 862 5262 prianus
904 5192 955 5243 in
996 5191 1154 5262 epist.
1199 5204 1339 5262 an,
1374 5189 1439 5262 ad
1476 5188 1978 5262 Pomponinm,_nbi
2009 5187 2076 5241 de
2108 5187 2237 5241 viris

641 5259 733 5331 qui
760 5280 879 5315 cum
910 5260 1205 5331 virginibus
1232 5260 1590 5331 dortnierant,
1624 5260 1732 5311 ait:
1766 5259 1951 5311 Divina
1982 5269 2236 5328 praecepta

641 5330 900 5386 teneamus
919 5376 931 5397 ,
963 5330 1053 5385 nec
1082 5331 1337 5400 patiamur
1367 5346 1538 5383 errare
1568 5330 1752 5395 fratres
1781 5339 1982 5384 nostros
2002 5372 2016 5397 ,
2050 5340 2096 5383 et
2141 5347 2234 5399 pro

642 5405 851 5457 arbitrio
879 5414 924 5456 et
951 5413 1095 5455 ructu
1121 5418 1213 5454 suo
1241 5402 1426 5455 vivere.
1458 5401 1727 5454 Bousun.

713 5474 840 5526 Car.
878 5473 1089 5528 XVI.—
1110 5471 1288 5525 Lintea
1308 5482 1511 5525 tectum.
1531 5473 1733 5525 Linteis
1752 5472 2129 5541 episcoporum
2150 5484 2239 5526 se-

642 5543 739 5598 des
754 5546 1017 5611 cnnperiri
1036 5543 1306 5607 solebant,
1325 5553 1457 5597 utex
1478 5542 1710 5596 Paciano
1727 5552 1892 5610 patet.
1910 5544 1999 5611 qui
2016 5543 2235 5610 epist.2,

640 5617 705 5666 ad
736 5614 1185 5683 Sympronianum
1219 5612 1514 5666 Novatiano
1542 5615 1855 5682 exprobrat,
1887 5613 2027 5682 quod
2057 5629 2236 5667 conse-

640 5697 815 5733 crante
843 5683 983 5734 nullo
1009 5684 1269 5734 linteatum
1301 5684 1469 5735 sedem
1498 5686 1770 5752 acceperit.
1803 5684 1859 5738 Id
1891 5686 2051 5739 etiam
2091 5685 2239 5737 vide-

644 5751 972 5822 turinnuei-e
998 5753 1327 5822 Augustinus
1349 5753 1509 5822 epist.
1532 5751 1627 5815 25,
1648 5754 1711 5805 ad
1738 5754 2081 5807 Maximinum
2122 5755 2237 5822 epi-

652 5822 867 5872 scopum
896 5817 1245 5881 Dottatistam,
1272 5818 1358 5870 ulti
1382 5817 1475 5883 an,
1506 5836 1597 5873 nec
1626 5821 1832 5876 absidas
1847 5823 2111 5890 gradata“,
2142 5817 2233 5878 nec

2344 4634 2509 4679 turas.
2541 4626 2807 4679 Romam.

2413 4695 2734 4750 Tesserariis.
2780 4695 3111 4756 Tcsscrarii,
3155 4694 3243 4764 qui
3287 4703 3528 4748 tesseras
3581 4713 3695 4766 per
3744 4699 3940 4753 militum

2342 4767 2720 4837 conturhcrnia
2749 4768 2996 4837 nuntiant
3018 4808 3032 4831 ,
3061 4766 3141 4819 vel
3171 4766 3239 4818 ab
3264 4766 3707 4823 excubitoribus
3731 4772 3937 4837 exigunt.

2345 4837 2422 4891 De
2449 4839 2528 4891 his
2556 4836 2796 4905 Vigetius
2824 4836 2918 4890 lib.
2950 4853 3007 4899 ll,
3040 4837 3108 4891 de
3142 4837 3217 4889 Re
3250 4836 3494 4901 militari,
3531 4854 3595 4892 c.
3630 4841 3665 4893 7
3689 4884 3704 4900 ,
3741 4836 3841 4894 ubi
3863 4852 3949 4893 tes-

2343 4923 2465 4961 sera
2509 4908 2707 4962 dicitur
2734 4917 3044 4976 prmceptum
3071 4908 3237 4966 ducis,
3265 4923 3365 4974 quo
3393 4908 3469 4959 vel
3498 4914 3579 4961 ad
3614 4929 3779 4972 anus,
3810 4912 3878 4963 rel
3901 4916 3948 4959 at

2344 4978 2530 5031 bellum
2579 4988 2805 5032 movetur
2851 4980 3118 5031 exercitus.
3174 4977 3440 5031 Romam.
3489 5010 3570 5018 —
3635 4980 3949 5037 Tessera-iis.

2342 5046 2532 5113 Veget.
2591 5048 2625 5101 l.
2673 5064 2727 5111 tt,
2783 5064 2902 5116 cap.
2959 5050 3010 5115 7,
3066 5047 3193 5101 dicit
3235 5063 3377 5112 esse,
3428 5052 3522 5116 qui
3582 5062 3850 5106 tesseram
3892 5070 3955 5119 pa

2339 5119 2667 5173 contubernia
2712 5119 2931 5171 militum
2967 5128 3054 5170 aut
3094 5119 3521 5188 prtetorianorum
3579 5128 3829 5177 nuntiat.
3875 5125 3953 5176 Ta-

2337 5188 2428 5242 cit.
2462 5189 2553 5243 lib.
2588 5204 2713 5251 xvn,
2742 5189 3243 5257 appellatBar-bium
3266 5188 3605 5257 Proeulum;
3649 5198 3959 5249 tesserarim:

2336 5260 2721 5327 sperulatorem.
2757 5259 2920 5314 Ιῖέιι..

2414 5329 2722 5384 Possideret.
2756 5330 3078 5404 Sicaliqttas
3116 5341 3409 5404 tnartyrtgn
3457 5331 3763 5404 reliquias
3807 5351 3961 5394 certa-

2336 5400 2429 5454 tim
2459 5416 2648 5469 rapere
2675 5402 2972 5467 gestiebant
2998 5400 3309 5455 Christiani.
3339 5401 3506 5456 FELL.

2416 5470 3161 5550 ChattaXVIIa-Prophetare.
3194 5473 3398 5550 Alludit
3423 5474 3488 5550 ad
3516 5471 3837 5550 Cpipham
3858 5526 3873 5544 .
3901 5499 3966 5550 qva

2342 5541 2408 5598 de
2437 5543 2637 5598 Christi
2674 5554 2848 5598 morte
2888 5545 3102 5598 nescius
3145 5545 3503 5615 prophetavit,
3540 5541 3747 5607 Joan.
3780 5541 3873 5617 xt,
3901 5541 3967 5609 ἐς.

3094 5670 3103 5681 .
3670 5622 3946 5680 Ιὶυικμγ.

2414 5684 2645 5755 Signifer
2690 5686 2896 5755 fuerat,
2935 5683 3049 5738 Non
3094 5684 3254 5739 modo
3294 5685 3345 5738 in
3389 5685 3732 5745 christiana
3806 5700 3971 5749 miluo

2337 5753 2751 5825 antesignanus,
2807 5753 3096 5823 sedidncis
3148 5756 3231 5811 sui
3288 5756 3553 5825 symbolo
3620 5774 3695 5817 et
3764 5766 3973 5821 dum.

2341 5831 2453 5881 tere
2500 5822 2553 5880 in
2592 5840 2821 5895 corpore
2852 5835 3091 5893 notatus,
3138 5827 3205 5882 ad
3247 5822 3444 5885 veteris
3475 5822 3740 5894 militia
3774 5852 3971 5893 morere
4026 5882 4029 5889 ,
