4216 6282
334 360 469 418 H97

1249 351 1428 410 ACTA
1473 349 2046 408 PROCONSULARIA
2083 347 2328 406 SANC’I‘I
2367 349 2710 408 CYPBIANI.

3488 347 3626 405 H98

328 493 485 534 suum
515 473 812 535 imitatione
839 471 1029 544 gloriae
1055 469 1358 527 consimilis
1385 470 1644 538 aemulati,
1665 468 1764 540 ipsi
1783 481 1917 538 quo-
1945 469 1998 528 Α
2022 465 2122 519 sub
2151 464 2349 520 Christi
2380 468 2669 536 spectantis
2711 465 2912 531 oculis,
2945 473 2999 522 et
3027 464 3130 520 sub
3176 463 3396 519 auribus
3439 477 3625 519 sacer-

328 585 434 642 que
450 567 788 640 disciplinam
806 562 1046 633 exempli
1063 563 1142 618 sui
1161 562 1381 633 proprio
1396 576 1588 618 cruore
1601 567 1919 616 sanxerunt.

905 721 1134 779 CAPUT
1173 719 1360 776 XVIII.

889 857 1066 929 Capite
1105 854 1360 926 plectitur.

398 996 470 1051 Et
509 1009 634 1050 cum
679 993 855 1049 exiret
897 989 1136 1062 praetorii
1180 990 1360 1057 fores,
1418 989 1530 1045 ibat
1583 1003 1766 1046 comes
1819 991 1926 1044 mi-

328 1087 484 1142 litum
537 1086 728 1140 turba:
759 1093 815 1139 et
859 1098 928 1138 ne
977 1082 1104 1152 quid
1138 1083 1189 1136 in
1221 1084 1474 1152 passione
1519 1081 1764 1147 deesset,
1795 1097 1924 1137 cen-

329 1181 572 1236 turiones
600 1188 656 1234 et
686 1178 886 1233 tribuni
917 1177 1059 1230 latus
1092 1184 1356 1230 texerant.
1397 1174 1518 1244 Ipse
1559 1184 1736 1229 autem
1780 1175 1930 1228 locus

330 1273 554 1342 aequalis
579 1281 605 1307 α
636 1271 843 1338 est,ubi
879 1268 988 1337 pati
1017 1268 1262 1337 contigit,
1288 1276 1344 1321 ut
1373 1267 1658 1322 arboribus
1687 1284 1754 1321 ex
1785 1267 1931 1322 omni

329 1373 482 1436 parte
503 1364 740 1418 densatis
761 1362 995 1417 sublime
1022 1360 1393 1432 spectaculum
1419 1361 1676 1430 praebeat.
1700 1361 1806 1416 Sed
1836 1375 1933 1431 per

327 1457 706 1511 enormitatem
747 1453 908 1523 spatii
951 1453 1208 1523 longioris
1239 1454 1355 1507 visu
1386 1453 1649 1520 deuegato
1679 1469 1773 1523 per
1802 1468 1931 1508 con-

325 1546 502 1602 fusam
534 1547 695 1601 nimis
721 1545 936 1600 turbam
957 1586 971 1609 ,
1003 1560 1248 1614 persona:
1278 1545 1520 1600 faventes
1549 1545 1602 1599 in
1633 1559 1817 1600 ramos
1845 1561 1934 1600 ar-

325 1639 520 1695 borum
561 1647 875 1709 repserunt,
918 1652 986 1693 ne
1025 1638 1109 1693 vel
1151 1638 1254 1693 hoc
1295 1638 1371 1692 illi
1412 1651 1724 1710 negaretur,
1767 1650 1823 1694 ut
1864 1639 1931 1694 ad

2027 557 2168 612 dotis
2194 573 2260 611 ex
2287 557 2467 612 animo
2499 559 2605 629 pati
2638 559 2836 624 voluit,
2873 573 2970 629 per
2997 557 3248 613 idoneum
3276 556 3386 610 voti
3411 558 3495 610 sui
3515 564 3630 647 tes:

2029 656 2168 714 tem,
2200 648 2479 720 legationis
2499 649 2896 721 quodammodo
2924 650 3130 705 litteras
3159 647 3226 704 ad
3254 648 3422 703 Deum
3452 647 3625 704 misit.

2614 765 2843 822 CAPUT
2887 763 3030 821 XIX.

2151 881 2360 936 Primus
2381 890 2573 953 martyr
2596 883 2949 953 episcoporum
2976 879 3478 950 Carthaginensium

2105 993 2195 1049 Sic
2233 1004 2604 1049 consummata
2660 995 2910 1064 passione
2957 992 3253 1064 perfectum
3284 1001 3402 1059 est,
3434 999 3492 1046 ut
3526 989 3633 1062 Cy-

2033 1091 2254 1162 prianus
2316 1091 2405 1160 qui
2460 1091 2725 1145 bonorum
2763 1091 3005 1144 omnium
3065 1091 3239 1144 fuerat
3283 1085 3629 1156 exemplum,

2031 1184 2194 1237 etiam
2227 1182 2587 1237 sacerdotales
2615 1196 2844 1237 coronas
2883 1185 2936 1236 in
2966 1181 3144 1236 Africa
3185 1179 3389 1252 primus
3428 1177 3633 1233 imbue-

2034 1287 2153 1339 ret;
2185 1277 2307 1347 quia
2339 1286 2394 1331 et
2433 1277 2552 1330 talis
2580 1291 2701 1332 esse
2731 1287 2849 1346 post
2878 1275 3168 1346 Apostolos
3195 1275 3342 1346 prior
3368 1280 3628 1344 coeperat.

2036 1369 2116 1424 Ex
2154 1383 2261 1439 quo
2298 1370 2440 1424 enim
2478 1368 2790 1439 Carthagini
2832 1370 3174 1439 episcopatus
3211 1367 3344 1422 ordo
3385 1379 3634 1421 numera-

2036 1470 2143 1528 tur,
2176 1478 2465 1534 numquam
2491 1461 2705 1532 aliquis,
2739 1462 2984 1532 quamvis
3014 1478 3079 1518 ex
3110 1461 3265 1541 bonis
3295 1469 3349 1516 et
3377 1459 3634 1515 sacerdo-

2037 1555 2212 1620 tibus,
2245 1559 2311 1609 ad
2347 1556 2650 1626 passionem
2679 1556 2893 1611 venisse
2921 1563 3273 1610 memoratur.
3307 1553 3457 1608 Licet
3487 1566 3632 1607 sem-

2033 1661 2134 1716 per
2165 1646 2276 1700 Deo
2321 1647 2619 1714 mancipata
2662 1646 2909 1713 devotio,
2953 1647 3146 1700 dicatis
3189 1644 3497 1699 hominibus
3537 1657 3636 1712 pro

324 1733 568 1790 Zacchaei
613 1731 775 1795 (Luc.
819 1748 914 1787 xix
939 1773 954 1798 ,
981 1730 1053 1802 4)
1091 1732 1497 1788 similitudinem
1540 1733 1608 1787 de
1646 1733 1930 1788 arboribus
1959 1776 2007 1836 Β
2035 1737 2295 1809 martyrio
2325 1738 2644 1807 deputetur;
2677 1737 2978 1810 Cyprianus
3006 1746 3183 1792 tamen
3214 1737 3376 1792 etiam
3408 1735 3474 1791 ad
3505 1750 3635 1805 per-

323 1827 620 1881 videretur.
645 1826 772 1892 Sed,
793 1825 904 1896 jam
930 1825 1104 1895 ligatis
1131 1841 1224 1895 per
1245 1840 1433 1882 manus
1457 1840 1581 1882 suas
1594 1826 1786 1893 oculis,
1806 1841 1925 1882 mo-

321 1933 440 1974 ram
468 1919 737 1974 carnificis
768 1933 962 1988 urgere
993 1919 1266 1985 tentabat,
1299 1918 1454 1990 cujus
1483 1935 1678 1973 munus
1708 1929 1791 1974 est
1822 1919 1926 1974 fer—

324 2025 444 2064 rum
469 2026 483 2076 ;
513 2019 562 2063 et
593 2009 806 2064 labente
830 2007 1052 2063 dextera
1080 2008 1316 2078 gladium
1346 2012 1432 2062 vix
1464 2009 1818 2063 trementibus
1845 2009 1925 2062 di-

326 2103 453 2170 gitis
484 2101 776 2167 circuibat,
810 2100 987 2156 donec
1017 2100 1082 2154 ad
1116 2101 1529 2172 perpetraudam
1563 2102 1782 2169 pretiosi
1827 2102 1926 2156 viri

323 2207 577 2262 mortem,
606 2195 1006 2252 clarilicationis
1029 2194 1160 2248 hora
1191 2204 1423 2260 matura,
1448 2195 1782 2250 centurionis
1809 2211 1926 2249 ma-

325 2305 452 2344 num
491 2303 754 2343 concesso
789 2288 1023 2356 desuper
1065 2290 1249 2358 vigore
1299 2285 1604 2353 firmatam,
1653 2289 1930 2358 permissis

327 2384 543 2434 tandem
584 2379 787 2434 viribus
823 2377 1122 2448 expediret.
1153 2377 1198 2432 Ο
1225 2378 1440 2433 beatum
1474 2379 1730 2433 Ecclesise
1761 2395 1930 2450 popu-

328 2473 438 2527 lum
461 2514 477 2538 ,
509 2472 598 2542 qui
631 2471 884 2543 episc0po
913 2486 1014 2526 suo
1045 2471 1171 2536 tali,
1204 2481 1259 2526 et
1287 2471 1456 2526 oculis
1487 2472 1687 2542 pariter
1715 2482 1769 2527 ct
1809 2488 1932 2528 sen-

328 2565 510 2631 sibus,
558 2573 642 2632 et,
687 2564 830 2634 quod
870 2573 953 2618 est
991 2564 1255 2633 amplius,
1303 2564 1568 2632 publicata
1607 2579 1741 2620 voce
1787 2581 1936 2621 com-

328 2671 520 2728 passus
554 2666 666 2724 est;
699 2667 786 2724 et,
821 2656 959 2711 sicut
988 2655 1103 2725 ipso
1133 2665 1393 2709 tractante
1420 2671 1633 2726 semper
1657 2657 1929 2723 audierat,

329 2752 440 2807 Deo
461 2751 646 2822 judice
671 2761 963 2806 coronatus
987 2751 1102 2805 est!
1125 2750 1380 2816 Quamvis
1403 2751 1548 2805 enim
1576 2766 1680 2805 non
1701 2753 1935 2821 potuerit
1963 2747 1966 2750 ’

329 2847 548 2900 evenire
579 2845 721 2914 quod
753 2845 1010 2912 optabant
1038 2851 1162 2896 vota
1205 2843 1540 2908 communia,
1572 2853 1630 2896 ut
1659 2845 1934 2899 consortio

328 2938 472 3008 paris
500 2937 686 3007 gloriae
718 2935 874 2990 simul
906 2934 1060 3004 plebs
1115 2943 1222 2989 tota
1265 2944 1571 3004 pateretur,
1612 2937 1934 3007 quicumque

2033 1830 2225 1886 lectam
2253 1844 2509 1884 coronam
2531 1870 2546 1894 ,
2577 1830 2804 1884 Domino
2831 1837 3258 1894 consummante,
3288 1828 3547 1898 profecit:
3577 1836 3637 1883 ut

2030 1923 2084 1978 in
2112 1924 2328 1978 civitate
2358 1923 2472 1990 ipsa
2502 1923 2553 1977 in
2583 1938 2685 1991 qua
2722 1923 2898 1976 taliter
2926 1922 3162 1986 vixerat,
3195 1929 3249 1974 et
3279 1921 3332 1974 in
3359 1935 3463 1990 qua
3490 1919 3637 1988 prior

2029 2015 2226 2070 fecerat
2257 2015 2421 2068 multa
2437 2014 2712 2084 praeclara,
2736 2014 2884 2083 prior
2896 2013 3059 2067 etiam
3087 2011 3374 2067 sacerdotii
3399 2009 3638 2066 ccelestis

2031 2107 2256 2176 insignia
2287 2107 2524 2176 glorioso
2553 2121 2749 2160 cruore
2773 2105 3072 2160 dccoraret.
3107 2103 3245 2170 Quid
3278 2103 3381 2157 hoc
3413 2103 3532 2157 loco
3561 2099 3638 2156 fa-

2029 2198 2206 2253 ciam?
2234 2198 2373 2251 inter
2398 2195 2650 2266 gaudium
2679 2197 2941 2264 passionis
2967 2205 3021 2250 et
3046 2193 3359 2249 remanendi
3391 2192 3637 2248 dolorem

2035 2289 2089 2344 in
2123 2298 2302 2359 partes
2329 2287 2534 2342 divisus
2563 2287 2806 2351 animus,
2839 2297 2892 2343 et
2921 2297 3205 2356 angustum
3249 2286 3411 2340 nimis
3450 2293 3640 2356 pectus

2037 2381 2262 2436 allectus
2302 2380 2542 2450 duplices
2584 2387 2832 2434 oueraut.
2880 2378 3079 2433 Dolebo
3119 2377 3262 2447 quod
3310 2393 3414 2432 non
3455 2390 3640 2432 comes

2038 2473 2272 2529 fuerim?
2305 2471 2411 2527 Sed
2443 2472 2585 2526 illius
2614 2472 2838 2526 victoria
2873 2469 3246 2540 triumphanda
3279 2478 3381 2523 est.
3419 2469 3494 2523 De
3522 2468 3639 2522 vic-

2038 2567 2175 2621 toria
2210 2566 2592 2635 triumphabo?
2621 2565 2725 2620 Sed
2765 2565 2924 2620 doleo
2963 2563 3106 2634 quod
3143 2577 3328 2618 comes
3365 2577 3472 2618 non
3510 2561 3638 2618 sim.

2041 2658 2242 2715 Verum
2272 2657 2424 2712 vobis
2455 2666 2634 2711 tamen
2669 2665 2723 2711 et
2761 2657 3076 2726 simpliciter
3114 2654 3480 2710 confitendum
3524 2663 3637 2720 est,

2039 2751 2184 2822 quod
2214 2760 2267 2806 et
2296 2765 2391 2804 vos
2430 2751 2580 2806 scitis
2601 2791 2616 2816 ,
2660 2751 2712 2803 iu
2744 2749 2845 2804 bac
2871 2764 2958 2803 me
2989 2748 3152 2802 fuisse
3183 2749 3472 2801 sententia.
3505 2747 3641 2800 Mul-

2040 2855 2153 2900 tum
2180 2860 2243 2900 ac
2272 2844 2430 2898 nimis
2455 2844 2682 2898 multum
2705 2842 2776 2897 de
2802 2841 2969 2912 gloria
2999 2840 3115 2910 ejus
3141 2839 3388 2897 exsulto:
3417 2839 3535 2910 plus
3564 2847 3642 2894 ta-

2039 2953 2162 2992 men
2195 2936 2351 2991 doleo
2381 2935 2522 3007 quod
2554 2934 2810 2990 remansi.

1580 3046 1961 3104 LECTIONES
1999 3047 2414 3104 VABIANTES.

395 3143 421 3172 ⁸
457 3140 513 3191 In
537 3139 714 3203 aequali
740 3140 847 3190 Gal.

1618 3225 1984 3282 VARIORUM
2017 3226 2250 3284 NOTAE.

328 3341 451 3396 νεά.
478 3341 650 3395 Galat.
674 3357 745 3405 vt,
779 3342 865 3396 l7.
896 3341 1066 3395 Porro
1109 3355 1326 3396 crucem
1349 3383 1364 3406 ,
1399 3340 1611 3395 Domini
1638 3343 1916 3410 vexillum,
1947 3345 1992 3407 C
2025 3343 2182 3409 dotii,
2214 3353 2267 3398 ct
2298 3357 2554 3398 coronam
2586 3343 2820 3398 nominis
2864 3343 3024 3397 boni:
3063 3357 3171 3412 quo
3215 3341 3410 3412 triplici
3458 3341 3644 3398 diade—

329 3413 511 3468 verbis
525 3413 918 3482 annuntiatam,
940 3412 1188 3482 passione
1215 3413 1377 3466 altius
1402 3413 1616 3479 extulit,
1636 3422 1690 3468 et
1712 3414 1921 3470 felicius

330 3483 474 3554 ιιι-φά
484 3482 687 3554 icaliat.
701 3481 873 3554 FBLL.

402 3552 530 3607 CAP.
550 3551 898 3608 XVIII—Ad
919 3551 1157 3606 chclnei
1183 3553 1589 3607 similitudinem.
1606 3554 1801 3610 Nescio
1827 3571 1923 3610 an-

332 3640 436 3680 non
459 3625 577 3677 bcic
597 3625 727 3677 levis
746 3624 1057 3678 alluciuatio
1076 3625 1267 3678 Pontio
1285 3634 1375 3676 aut
1396 3627 1814 3679 amanuensibus
1830 3643 1922 3682 ac-

331 3697 542 3755 ciderit,
561 3709 692 3750 voce
713 3692 949 3748 Zacchazi
976 3693 1291 3764 proCIn-isli
1312 3694 1509 3761 svripta
1535 3711 1546 3745 :
1583 3697 1925 3750 manifestum

330 3767 472 3820 enim
501 3773 584 3818 est
626 3765 746 3819 heic
786 3765 948 3818 alludi
978 3763 1043 3817 ad
1069 3763 1196 3817 Luc.
1222 3781 1314 3817 xIx
1340 3805 1354 3828 ,
1385 3766 1470 3818 ubi
1495 3765 1803 3824 Zacclnnus.
1833 3769 1927 3821 ad-

329 3846 584 3890 ventante
611 3833 828 3891 Christo
847 3878 860 3895 .
895 3852 1211 3904 prwcurrens
1240 3838 1465 3889 ascendit
1496 3837 1546 3888 in
1575 3836 1809 3889 arborem
1838 3855 1926 3906 sy-

331 3923 590 3961 comorum
609 3948 623 3970 ,
653 3915 705 3958 ut
732 3907 920 3960 videret
950 3923 1082 3960 eum.
1116 3906 1320 3977 Nempe
1350 3906 1426 3959 sic
1449 3907 1500 3960 S.
1533 3906 1830 3977 Cyprianus
1861 3908 1928 3961 ab

330 3978 450 4031 aliis
478 3978 565 4046 qui
598 3978 648 4029 in
681 3977 903 4030 arbores
933 3976 1362 4031 conscenderant
1384 4020 1397 4042 ,
1431 3976 1589 4032 visus
1613 3979 1775 4032 fuisse
1810 3979 1928 4032 lieic

329 4048 545 4103 dicitur.
578 4049 847 4101 BOLLAND.

414 4117 541 4170 Vota
571 4121 880 4171 communia.
923 4116 1119 4171 Confer
1159 4119 1290 4172 Acta
1316 4133 1466 4171 num.
1506 4106 1575 4183 ὅ,
1635 4119 1723 4171 ubi
1777 4118 1925 4172 turba

329 4189 760 4260 [ratrumilicebat
781 4205 810 4260 :A
829 4187 1006 4257 Etjnos
1027 4205 1140 4240 cum
1164 4191 1276 4258 ipso
1303 4189 1636 4243 decollemur.
1656 4191 1922 4260 BUINAnT.

399 4259 528 4313 Car.
555 4257 1130 4312 XlX.—Sacerdotales
1142 4257 1375 4315 coronas.
1387 4260 1498 4314 Non
1513 4277 1577 4314 ex
1591 4262 1822 4328 calvitio,
1838 4259 1930 4313 sed

328 4329 1056 4402 illustrivirtutequmsitas.
1105 4329 1334 4385 Coronae
1384 4331 1532 4402 regni
1563 4332 1770 4386 rubbini
1827 4341 1937 4384 tres

327 4401 464 4456 alias
484 4397 713 4465 addunt;
739 4401 990 4454 nimirum
1014 4415 1265 4454 cornuam
1286 4397 1735 4472 chis,corouum
1761 4416 1940 4456 sacer-

2025 3427 2172 3469 niate
2209 3415 2516 3497 Qypriauus
2558 3415 2844 3497 redimitus
2891 3413 3291 3497 praefulgebat}.
3321 3425 3375 3497 et
3415 3413 3641 3497 alteram

2027 3483 2270 3557 martyrii
2295 3485 2861 3557 Aaddidit.iApostolus
2895 3483 3158 3557 Afrorum
3206 3484 3418 3557 videtur
3453 3483 3641 3538 Simon

2027 3555 2241 3611 Zelot‘es
2274 3555 2341 3610 de
2368 3574 2475 3625 quo
2517 3556 2821 3624 Niceph.,l.
2845 3571 2900 3613 ll.
2933 3572 2980 3610 c.
3015 3555 3324 3622 40,dicitur
3357 3572 3368 3605 :
3403 3557 3641 3628 Αιγύπτῳ

2027 3633 2225 3703 ιξυρὴνῃ
2253 3649 2308 3681 τε
2340 3633 2422 3681 καὶ
2448 3636 2510 3701 τῇ
2539 3637 2728 3703 Λφρικῇ
2759 3627 3087 3703 προσ-βαλήν.
3109 3629 3449 3703 ἔπεια-δριτανὶωδ
3470 3627 3531 3703 Σὲ
3560 3632 3641 3680 καὶ

2033 3694 2149 3771 ὄσὸῗ
2164 3694 2254 3769 τῇς
2273 3700 2472 3771 Λιϐύης
2485 3694 2625 3771 ’ἐσέὶξ
2733 3694 3003 3771 cirrata/751i?)
3021 3694 3331 3771 διαδραμών,
3349 3705 3456 3749 etc.
3473 3694 3639 3749 FELL.

2104 3767 2282 3821 Comes
2309 3785 2407 3820 non
2432 3769 2546 3821 sim.
2565 3767 2740 3822 Potitii
2759 3767 2949 3822 festum
2973 3767 3218 3820 recolunt
3241 3778 3421 3820 vetera
3441 3777 3643 3836 marty-

2037 3840 2238 3905 rologia
2261 3879 2275 3902 ,
2307 3841 2446 3892 sicut
2473 3848 2529 3891 et
2557 3838 2872 3892 hodiernum
2906 3837 3226 3899 Romanum,
3259 3837 3346 3890 (lic
3375 3836 3408 3889 8
3441 3838 3638 3892 martii.

2030 3909 2171 3963 Cave
2193 3917 2372 3962 tamen
2407 3925 2472 3961 ne
2503 3910 2644 3961 hunc
2671 3923 2791 3962 cum
2821 3908 3014 3961 Pontio
3043 3917 3278 3976 martyre
3305 3906 3638 3972 confundas,

2031 3981 2119 4048 qui
2153 3979 2424 4046 Philippos
2462 3979 2814 4047 imperatores
2845 3979 2908 4030 ad
2946 3977 3102 4048 fidem
3136 3977 3642 4048 Cltristizitlditxissc

2030 4049 2247 4112 dicitur,
2291 4049 2358 4101 de
2412 4064 2517 4117 quo
2568 4049 2715 4116 plura
2765 4047 2906 4117 apud
2961 4047 3338 4100 Bollaudianus
3384 4047 3448 4098 ad
3495 4048 3639 4101 diem

2033 4121 2257 4175 Mmaii.
2289 4121 2470 4173 Altare
2499 4122 2550 4172 in
2582 4119 2841 4173 honorem
2877 4118 2933 4172 S.
2972 4118 3143 4170 Pontii
3168 4117 3402 4170 dedicari
3436 4119 3643 4171 curarit

2032 4191 2088 4245 S.
2127 4191 2398 4243 liusticula
2442 4191 2642 4243 sreculo
2669 4206 2763 4256 vu,
2793 4188 3064 4242 abbatissa
3096 4189 3464 4250 Arelatensis;
3499 4198 3555 4240 ut
3588 4189 3639 4242 in

2037 4264 2154 4328 ejus
2205 4260 2321 4314 Vita
2377 4258 2540 4314 refert
2581 4260 2890 4315 Florentius
2934 4259 3235 4328 presbyter.
3279 4261 3347 4310 At
3392 4259 3640 4327 quisnam

2041 4332 2203 4386 fuerit
2233 4331 2322 4385 ille
2350 4331 2570 4386 Pontius
2598 4347 2704 4386 non
2732 4331 2986 4399 explicat.
3017 4331 3279 4384 liurxanr.

372 4499 3589 4540 Μ

1341 4611 1639 4683 ACTA
1693 4606 2633 4684 PROCONSULARIA

1172 4761 1504 4886 SAN
1527 4762 1804 4891 ΟΤΙ

1937 4758 2791 4890 CYPRIANI

1568 4948 1873 5005 EPISCOPI
1914 4949 2003 5005 ΕΤ
2042 4949 2414 5005 MARTYIIIS.

1770 5065 2244 5122 -οθῑΦιὲ-ο-

439 5173 477 5228 I.
518 5170 696 5226 Prima
728 5171 790 5226 S.
821 5168 1072 5241 Cypriani
1108 5168 1362 5237 confessio
1398 5183 1574 5222 corant
1597 5169 1823 5224 Paterno

567 5265 892 5336 proconsule.
927 5261 1258 5334 Presbyteros
1283 5263 1501 5334 prodere
1521 5265 1710 5317 renuit.

1952 5177 2007 5235 D
2103 5168 2435 5239 Imperatore
2486 5166 2776 5222 Valeriano
2819 5174 3066 5234 quartum
3121 5174 3174 5220 et
3219 5163 3466 5219 Gallieno
3529 5171 3641 5218 ter-

2036 5263 2166 5317 tium
2190 5260 2504 5317 consulibus
2531 5258 2580 5326 Β,
2637 5259 2796 5314 tertio
2833 5257 3187 5312 kalendarum
3216 5254 3637 5325 Septembrium,

1549 5375 1935 5433 LECTIONES
1973 5373 2392 5432 VARIANTES.

394 5466 423 5504 ι)
458 5471 620 5536 Tusco
641 5478 694 5520 et
707 5471 860 5520 Basso
883 5483 1008 5519 coss.
1041 5472 1146 5536 Vel.
1196 5472 1406 5536 Martyr.
1447 5468 1606 5519 Saris.
1637 5465 1923 5536 Gal._1_i‘oss.

333 5535 581 5588 Nobilium
601 5533 955 5596 Imperatorum
979 5533 1163 5594 scripta
1188 5533 1246 5580 ad
1268 5531 1349 5581 me
1390 5540 1653 5592 venerunt,
1690 5540 1741 5580 ut
1768 5531 1816 5579 bi
1841 5533 1925 5594 qui

2031 5469 2352 5519 caeremonias
2394 5471 2713 5523 execrantur,
2761 5462 2856 5512 diis
2906 5462 3177 5525 immolare,
3207 5468 3259 5512 et
3283 5461 3341 5512 ad
3366 5461 3640 5512 sacrifican-

2029 5533 2148 5582 dum
2173 5528 2534 5593 compellantur
2554 5529 2711 5577 inviti.
2740 5529 2848 5576 Act.
2878 5527 3022 5575 Pass.

1673 5635 2032 5694 VARIORUM
2069 5634 2297 5692 NOT/E.

388 5731 854 5810 κιρ-[θηραταῖοη
881 5729 1180 5784 Valeriano.
1207 5726 1658 5852 actttsrassiouis
1676 5727 1934 5809 Cypriani

388 5804 631 5852 lhlmtlltm
691 5801 958 5852 editiones
1015 5795 1236 5852 Manum
1272 5802 1327 5852 et
1356 5797 1382 5852 li
1409 5795 1583 5852 orelhl
1605 5825 1618 5852 ι
1661 5809 1931 5852 carentem

337 5795 632 5859 secundum
691 5801 958 5859 editiones
1015 5795 1236 5856 Manutii
1272 5802 1327 5854 et
1356 5795 1618 5864 Morcllil,
1661 5795 1931 5868 egregiam

2036 5729 2268 5784 fabulam
2323 5725 2527 5797 prologi
2584 5727 2726 5797 loco_
2752 5726 3069 5797 praemittit,
3107 5741 3226 5797 qum
3270 5723 3560 5797 _s:c_culum_
3593 5724 3645 5778 lu

2038 5809 2145 5868 quo
2171 5806 2289 5853 nata
2324 5787 2405 5854 est
2435 5787 2565 5854 mn
2598 5787 2901 5866 proﬁtetur,
2935 5799 2991 5851 et
3031 5787 3218 5853 sie'se
3269 5789 3436 5853 habet
3474 5805 3486 5848 ι
3521 5787 3648 5848 Cum
