4216 6282
630 314 655 370 1
669 313 772 369 505

1527 309 1709 366 ACTA
1736 307 2306 367 PROCONSULARIA
2347 303 2594 364 SANCTI
2633 305 2954 362 CYPRIANI

3791 309 3927 367 1508

626 429 1009 486 οερνίιηοηίιιιιῑ.
1041 425 1343 500 Cyprianus
1373 427 1661 497 episcopus
1693 428 1827 482 dixit
1858 449 1870 485 :
1902 427 2026 483 Non
2059 428 2214 496 facio.
2247 427 2298 486 Α
2325 434 2410 480 tur
2460 424 2764 494 disciplina.
2815 424 2881 478 Et
2927 422 3010 477 his
3059 421 3250 488 dictis,
3305 421 3586 480 decretum
3631 438 3697 481 ex
3725 426 3926 484 tabella

627 522 877 578 Galerius
931 522 1194 576 Maximus
1242 521 1319 574 ait
1365 537 1377 574 :
1433 520 1669 576 Consule
1742 519 1857 574 tibi.
1925 518 2221 591 Cyprianus

626 617 916 686 episcopus
945 613 1224 683 respondit
1257 631 1270 668 :
1306 613 1415 669 Fac
1468 614 1605 684 quod
1645 615 1733 668 tibi
1774 625 2083 685 praeceptum
2125 625 2220 668 est.

625 705 695 762 In
723 724 778 762 re
813 717 918 762 tam
937 709 1086 778 justa
1113 708 1254 763 nulla
1283 717 1356 762 est
1382 709 1705 763 consultatio.

733 841 824 898 1V.
855 842 1123 898 Sententia
1149 844 1201 898 in
1224 860 1340 898 eum
1371 844 1495 910 lata,
1519 846 1685 915 capite
1711 846 1862 916 plecti
1879 845 2110 912 jubetur.

700 978 950 1034 Galerius
1001 979 1269 1034 Maximus
1295 979 1597 1035 collocutus
1651 996 1773 1035 cum
1823 980 2053 1035 consilio
2093 995 2224 1036 seno

627 1048 854 1124 faniam
885 1051 994 1123 vix~
1022 1085 1165 1141 aegre
1213 1069 1350 1124 dixit
1396 1070 1577 1126 verbis
1622 1070 1929 1140 hujusmodi
1961 1087 1974 1122 :
2011 1071 2108 1124 Diu
2134 1085 2224 1126 sa-

623 1159 830 1228 crilega
892 1169 1072 1216 mente
1115 1160 1337 1225 vixisti,
1405 1170 1460 1216 et
1520 1161 1781 1231 plurimos
1847 1161 2068 1217 nefaria:
2116 1162 2224 1232 {tibi

623 1253 1046 1322 conspirationis
1094 1252 1343 1308 homines
1395 1255 1735 1325 aggregasti,
1769 1262 1823 1308 et
1871 1254 2146 1309 inimicum
2175 1267 2226 1311 te

625 1342 733 1398 diis
760 1345 1021 1400 Romanis
1067 1354 1122 1400 et
1174 1347 1346 1400 sacris
1392 1346 1599 1416 legibus
1642 1346 2009 1413 constituisti,
2045 1356 2227 1403 necte

629 1440 703 1509 pii
733 1449 788 1494 et
813 1441 1162 1496 sacratissimi
1192 1441 1462 1513 principes
1491 1442 1810 1517 Valerianus
1851 1452 1906 1498 et
1949 1443 2229 1499 Gallienus

625 1532 889 1602 Augusti,
941 1542 994 1586 et
1025 1533 1342 1589 Valerianus
1371 1535 1738 1590 nobilissimus
1779 1535 1980 1598 Caesar,
2010 1535 2078 1590 ad
2103 1551 2227 1590 sec-

627 1632 736 1678 tam
761 1626 1192 1682 caerimoniarum
1223 1642 1442 1681 suarum
1487 1642 1746 1683 revocare
1795 1636 2108 1697 potuerunt.
2160 1628 2228 1681 Et

625 1715 768 1783 ideo,
823 1733 946 1772 cum
995 1720 1070 1774 sis
1124 1721 1580 1790 nequissimorum
1609 1721 1895 1776 criminum
1941 1729 2129 1776 auctor
2174 1730 2231 1776 et

2327 516 2572 572 recitavit
2607 535 2618 570 :
2653 515 2941 570 Thascium
2967 513 3295 586 Cyprianum
3336 515 3518 587 gladio
3565 518 3925 575 animadverti

2329 609 2521 680 placet.
2555 609 2852 679 Cyprianus
2877 608 3166 677 episcopus
3196 607 3337 662 dixit
3370 625 3384 661 :
3420 607 3524 663 Deo
3549 616 3749 680 gratias
3785 621 3835 665 ι.

2333 743 2393 798 ν.
2418 744 2602 799 Coram
2629 761 2814 816 magna
2853 723 3031 813 populi
3061 745 3208 799 turba
3237 745 3545 799 decollatur.
3574 746 3709 818 Ejus
3735 764 3929 818 corpus

2593 856 2625 892 a
2648 839 2884 909 ﬁdelibus
2909 849 3060 893 noctu
3087 839 3344 894 sublatum
3371 839 3635 910 sepelitur.

2400 976 2527 1032 Post
2583 976 2723 1032 hanc
2774 992 2903 1032 vero
2957 977 3282 1032 sententiam
3356 977 3511 1033 turba
3565 978 3788 1034 fratrum
3841 981 3923 1034 di-

2327 1068 2483 1124 cebat
2516 1087 2529 1123 :
2562 1068 2626 1122 Et
2657 1083 2756 1122 nos
2789 1083 2911 1123 cum
2944 1068 3060 1136 ipso
3088 1069 3432 1135 decollemur
3458 1069 3508 1125 ι).
3551 1068 3784 1140 Propter
3822 1070 3919 1125 hoc

2330 1161 2587 1216 tumultus
2633 1161 2859 1216 fratrum
2899 1171 3121 1216 exortus
3151 1170 3267 1226 est,
3321 1170 3377 1216 et
3404 1163 3574 1216 multa
3616 1165 3780 1220 turba
3807 1180 3920 1219 eum

2329 1265 2613 1324 prosecuta
2668 1264 2772 1311 est.
2835 1253 2902 1308 Et
2954 1255 3029 1308 ita
3084 1254 3224 1308 idem
3273 1252 3575 1324 Cyprianus
3629 1255 3685 1310 in
3741 1271 3920 1327 agrum

2329 1347 2476 1401 Sexti
2503 1347 2797 1416 productus
2821 1354 2904 1401 cst
2938 1357 2983 1412 ο,
3019 1354 3073 1400 et
3114 1345 3185 1400 ibi
3218 1360 3278 1401 se
3306 1346 3520 1402 lacerna
3571 1347 3738 1419 byrro
3766 1362 3921 1418 expo-

2331 1439 2510 1507 liavit,
2567 1448 2620 1495 et
2665 1455 2808 1510 genu
2858 1441 2910 1494 in
2955 1449 3097 1495 terra
3141 1439 3323 1506 ﬂexit,
3370 1441 3506 1496 etin
3537 1443 3841 1496 orationem
3869 1458 3921 1497 se

2333 1529 2560 1583 Domino
2605 1529 2920 1599 prostravit.
2957 1529 3026 1584 Et
3055 1544 3177 1584 cum
3229 1545 3292 1584 se
3329 1529 3619 1586 dalmatica
3668 1529 3696 1568 ἀ
3742 1548 3921 1604 exspo-

2334 1621 2536 1689 liasset,
2569 1631 2622 1677 et
2652 1623 2971 1678 diaconibus
2999 1622 3349 1688 tradidisset,
3385 1624 3436 1676 in
3471 1624 3613 1678 linea
3644 1627 3790 1680 stetit
3818 1636 3838 1662 ε
3867 1639 3914 1681 et

2333 1716 2496 1785 coepit
2520 1716 2901 1785 spiculatorem
2933 1716 3220 1771 sustinere.
3273 1713 3406 1770 Cum
3461 1718 3701 1772 venisset
3749 1729 3918 1773 autem

625 1809 851 1878 signifer
886 1810 1262 1880 deprehensus
1282 1853 1297 1877 ,
1330 1812 1439 1864 eris
1487 1812 1603 1880 ipse
1630 1812 1956 1867 documento
1985 1811 2070 1866 his
2090 1826 2225 1882 quos
2257 1823 2303 1882 Β
2331 1808 2642 1877 spiculator,
2690 1808 2852 1876 jussit
2883 1809 2992 1861 suis
3020 1817 3076 1860 ut
3129 1807 3302 1860 eidem
3370 1807 3678 1877 Spiculatori
3736 1810 3918 1878 viginti

624 1899 830 1955 scelere
853 1908 944 1955 tuo
975 1910 1151 1957 tecum
1187 1901 1532 1971 aggregasti:
1567 1903 1828 1972 sanguine
1874 1911 1965 1958 tuo
2010 1903 2222 1959 sancie-

2331 1901 2568 1972 quinque
2612 1914 2806 1955 aureos
2851 1898 3044 1955 darent
3106 1897 3149 1952 ί.
3211 1896 3548 1956 Linteamina
3572 1914 3699 1954 vero
3726 1910 3779 1954 et
3811 1916 3919 1954 ma-

1847 2055 2145 2112 LECTION
2152 2057 2234 2112 ES
2272 2054 2688 2113 VARIANTES.

688 2174 713 2202 ³
749 2173 942 2255 Gratias
963 2187 1056 2255 ago
1079 2174 1190 2255 Deo
1206 2176 1554 2255 omnipotepti,
1570 2177 1768 2255 qpinme
1794 2186 1822 2223 a
1844 2172 2055 2224 vinculis
2076 2173 2223 2237 hujus

623 2239 845 2296 corporis
865 2237 1092 2299 dignatur
1109 2237 1367 2288 absolvere
1389 2238 1494 2288 Gal.
1522 2237 1632 2287 Act.
1653 2240 1798 2287 Pass.
1908 2299 1918 2310 _
2121 2299 2130 2308 ο

623 2356 637 2362 _
685 2296 713 2335 ἣ
747 2296 814 2362 Et
826 2312 938 2347 eum
978 2300 1267 2362 duceretur,
1308 2301 1522 2362 pOpulus
1540 2300 1781 2362 plangens
1801 2306 1851 2349 et
1874 2298 2064 2360 eJulaus
2083 2296 2220 2347 dice-

623 2356 709 2424 bat
736 2359 873 2424 :_Nos
895 2375 1004 2410 cum
1030 2363 1135 2424 ipso
1155 2356 1461 2424 decOllemur
1483 2356 1607 2424 Act:
1623 2356 1766 2413 Pass.

687 2423 710 2450 °
745 2421 1018 2473 Productus
1049 2421 1229 2474 autem
1279 2423 1524 2485 gloriosus
1561 2423 1759 2485 Martyr,
1810 2425 1952 2473 exuit
1973 2435 2032 2472 se
2055 2421 2218 2485 lacer:

623 2492 739 2534 num
758 2485 960 2547 birrum,
980 2497 1132 2548 quem
1154 2483 1354 2536 indutus
1382 2494 1509 2545 erat,
1547 2483 1841 2550 complicans
1859 2523 1873 2546 ,
1901 2491 1954 2536 et
1977 2486 2138 2547 posuit
2159 2483 2216 2532 ad

2329 2183 2493 2230 genua
2513 2184 2619 2232 sua,
2650 2173 2766 2222 dein
2807 2175 3017 2232 tunicam
3043 2172 3154 2221 tulit
3180 2176 3232 2220 et
3255 2171 3528 2221 diacouibus
3571 2169 3762 2221 tradidit
3793 2178 3902 2223 Aet.

2326 2236 2469 2283 Pass.
2507 2231 2740 2284 Tunicam
2765 2235 2875 2284 tulit
2893 2231 3052 2284 Saris.

2386 2296 2411 2334 d
2447 2296 2631 2346 Tunica
2656 2299 2793 2347 Foss.
2821 2295 2954 2346 Colb.
2977 2293 3154 2346 Conch.
3181 2297 3235 2345 S.
3258 2295 3432 2345 Gener.

2371 2363 2410 2431 HC
2447 2359 2720 2431 Ad_lineam
2744 2359 2902 2409 Saris.
2929 2359 3142 2408 Stansiu
3165 2356 3294 2408 linea
3329 2360 3438 2408 Act.
3461 2358 3606 2410 Pass.
3642 2357 3807 2409 Llueis
3828 2374 3910 2410 ve-

2320 2423 2382 2472 sti
2392 2424 2482 2470 bus
2503 2421 2608 2470 Gal.

2387 2482 2407 2520 τ
2447 2483 2579 2534 Dare
2609 2481 3028 2548 prtecepitSaris.

1969 2613 2335 2672 VARIORUM
2377 2614 2604 2672 NOTAE.

695 2739 1157 2797 IV.—Collocutus
1187 2758 1302 2796 cum
1329 2742 1564 2797 consilio.
1585 2741 1656 2797 Ut
1683 2753 1801 2795 mos
1821 2746 1935 2795 erat
1951 2734 2210 2792 Romanis

621 2813 971 2880 prtesidibus,
1003 2829 1143 2883 pone
1169 2815 1424 2883 siparium
1448 2813 1785 2868 consiliarios
1815 2811 2078 2883 sedentes
2093 2848 2106 2870 ,
2141 2805 2209 2860 de

620 2879 883 2960 Sententia
908 2879 1457 2960 ferendaconsulere.
1488 2885 1613 2940 Vid.
1633 2883 1760 2960 ᾼοι.
1788 2882 1883 2941 25,
1918 2881 2005 2935 12.
2040 2879 2203 2960 litate.

707 2953 1004 3032 valerianus
1033 2956 1374 3032 nobilissimus
1403 2955 1596 3011 Caesar.
1624 2955 1811 3032 Quem
1834 2951 2130 3032 paterejus
2149 2951 2209 3032 in

620 3023 859 3096 Persiam
889 3042 1184 3096 properans
1213 3025 1480 3096 Caesarem
1510 3021 1875 3088 renuntiavit,
1913 3023 2018 3096 ubi
2037 3021 2211 3075 infeli-

619 3095 868 3151 cissimus
893 3095 1058 3154 senex
1083 3139 1098 3163 ,
1135 3097 1271 3153 hanc
1295 3095 1726 3153 Christianorum
1758 3095 2210 3165 persecutionem,

619 3165 920 3222 miserrima
966 3171 1314 3239 captivitate,
1355 3178 1411 3225 et
1437 3169 1719 3225 miseriore
1740 3209 1753 3232 ,
1782 3169 1826 3222 si
1859 3165 1976 3220 ﬁeri
2006 3164 2210 3236 potuit,

620 3248 798 3294 morte
824 3239 1024 3296 luebat.
1060 3240 1226 3295 FELL.

698 3327 894 3384 Placet.
931 3329 1075 3386 Idem
1133 3331 1388 3399 August.,
1421 3347 1477 3385 n.
1505 3331 1557 3385 6.
1594 3329 1657 3384 In
1683 3330 1808 3400 quid
1857 3338 2089 3395 erumpat
2133 3344 2221 3381 cor

619 3408 892 3470 nostrum,_
920 3401 1020 3453 nisi
1048 3401 1098 3453 in
1154 3401 1320 3470 ipsam
1368 3401 1667 3455 venerabilis
1701 3401 1942 3470 martyris
1983 3400 2216 3452 ultimam

619 3483 787 3522 vocem
806 3471 831 3522 ?
853 3468 981 3522 Cum
1012 3471 1144 3523 enim
1177 3468 1430 3525 'Galerius
1465 3470 1722 3525 Maximus
1768 3468 2029 3524 decretum
2057 3486 2119 3523 ea:
2147 3469 2214 3523 li-

621 3539 752 3593 bello
777 3541 1034 3594 recitasset
1056 3582 1070 3601 ,
1105 3539 1383 3594 Thascium
1406 3540 1725 3610 Cyprianum
1771 3541 1947 3610 gladio
1973 3541 2211 3610 animad-
2242 3545 2286 3606 ρ

618 3613 744 3682 uerti
790 3612 975 3678 placet.
1027 3611 1311 3678 Respondit
1355 3609 1496 3667 ille”:
1545 3613 1652 3666 Deo
1706 3609 1920 3682 gratias.
1958 3609 2216 3682 Habentes

619 3681 776 3754 igitur
813 3683 1018 3736 dere...
1050 3683 1280 3737 dicamus
1303 3693 1350 3738 et
1376 3701 1469 3738 nos
1496 3683 1607 3737 Deo
1633 3681 1846 3754 gratias.
1871 3683 1937 3736 Et
1964 3683 2041 3736 sic
2072 3681 2219 3737 desi-

620 3753 698 3807 nit
727 3767 928 3807 sermo.
966 3755 1229 3809 RUINAR'I‘.

693 3845 833 3898 V.—
864 3846 926 3900 In
951 3864 1132 3916 agrum
1162 3848 1327 3902 Sexti.
1356 3847 1793 3916 Martyrologium
1820 3846 1984 3901 Rom.
2019 3846 2215 3916 Agrum

619 3915 785 3980 Sexti,
840 3918 890 3972 in
936 3915 1132 3973 sextum
1170 3920 1390 3974 milliare
1422 3935 1454 3972 a
1483 3915 1793 3989 Carthagine
1838 3919 1993 3987 juxta
2033 3934 2175 3971 mare
2199 3957 2213 3981 ,

620 3989 982 4058 permutabat.
1014 3989 1176 4044 FELL.

690 4081 919 4135 Lucerna
947 4083 1118 4153 byrro.
1151 4083 1387 4137 Lucerna
1416 4083 1531 4138 sive
1559 4082 1744 4146 birro;
1776 4083 1945 4138 altera
1990 4099 2053 4137 ex
2085 4082 2213 4137 dua-

618 4150 720 4206 bus
746 4150 1090 4218 vocibus'pro
1117 4153 1483 4207 additamenta
1511 4153 1780 4209 habenda.
1831 4154 2217 4209 Eminentissi-

618 4238 738 4277 mus
765 4223 1055 4278 cardinalis
1099 4223 1390 4285 Barouius.
1437 4225 1616 4278 multis
1648 4225 1756 4293 agit
1781 4235 1838 4279 ttt
1867 4226 1992 4279 hinc
2021 4225 2214 4278 docea-

616 4307 738 4364 mur
790 4294 960 4364 qualis
1002 4304 1129 4348 esset
1176 4296 1532 4363 cpiswporum
1583 4295 1826 4349 habitus:
1869 4306 1924 4350 et
1972 4295 2210 4364 quidem,

620 4363 841 4435 lynceus
873 4365 963 4420 ille
1017 4365 1172 4419 nobis
1213 4365 1473 4430 ostendit,
1536 4366 1728 4419 lineam
1761 4365 1827 4420 ad
1861 4363 2022 4435 quam
2064 4367 2215 4420 stetit

659 4435 915 4506 yprianus
939 4478 954 4501 ,
998 4452 1264 4490 commune
1302 4435 1432 4489 illud
1474 4437 1708 4490 omnibus
1733 4437 1988 4506 episcopis
2020 4438 2212 4490 lineam

616 4505 973 4560 indumentum
1008 4507 1146 4572 quod
1183 4508 1352 4573 ephod
1381 4507 1473 4560 alii
1503 4508 1709 4569 dicunt,
1745 4505 1916 4561 italice
1960 4524 2077 4561 vero
2129 4525 2214 4561 ro-

616 4577 783 4630 chelto
815 4578 998 4632 fuisse.
1035 4577 1263 4644 Byrrum
1287 4594 1404 4630 vero
1447 4595 1554 4632 esse
1580 4579 1721 4632 rubri
1743 4579 1929 4631 coloris
1951 4622 1965 4640 ,
2008 4588 2053 4631 et
2081 4580 2210 4631 seri-

615 4661 728 4718 cum
757 4648 983 4701 habitum
1012 4649 1316 4703 clericalem.
1353 4649 1584 4702 Proinde
1610 4649 1855 4703 exhiberi
1887 4651 2210 4718 exploratum

615 4717 882 4788 antiquum
915 4720 1270 4787 episcoporum
1301 4719 1528 4773 habitum
1551 4762 1563 4778 .
1596 4729 1648 4772 ut
1672 4730 1785 4788 post
1813 4717 1998 4774 vestem
2029 4737 2212 4787 super-

614 4787 884 4843 induerent
912 4789 1098 4842 lineam
1122 4833 1135 4855 ,
1173 4799 1219 4844 et
1248 4791 1463 4859 desuper
1490 4807 1600 4844 eam
1627 4792 1849 4845 solutam
1876 4792 2118 4853 tunicam,
2148 4807 2210 4845 ac

616 4859 836 4928 denique
855 4862 1089 4914 humeros
1117 4871 1315 4914 tantum
1345 4871 1514 4930 tegens
1543 4862 1800 4914 lacernum
1819 4862 2024 4930 byrrum
2056 4878 2073 4914 :
2104 4878 2202 4930 quo

2313 2735 2616 2809 sollicitus,
2668 2737 2710 2790 si
2735 2752 2800 2792 ex
2847 2735 3032 2792 habitu
3074 2746 3254 2792 essent
3299 2737 3554 2793 omnibus
3612 2739 3894 2809 conSpicui.

2313 2803 2504 2880 Qbesaf,
2533 2823 2753 2874 prorsus
2783 2817 2866 2862 est
2893 2809 3039 2880 naris
3060 2851 3074 2873 ,
3121 2811 3208 2878 qui
3239 2809 3290 2862 in
3324 2810 3407 2863 bis
3437 2826 3560 2879 qua:
3591 2803 3896 2880 sequuntur,

2316 2876 2656 2950 librariorqu
2699 2876 3170 2947 interpolatioues',
3205 2882 3419 2934 saeculis
3447 2876 3502 2935 et
3531 2876 3756 2950 ingeniis
3799 2883 3898 2935 suis

2315 2946 2536 3018 dignas.
2571 2967 2674 3004 non
2706 2950 3139 3018 deprehenderit.
3183 2950 3260 3003 Illi
3286 2952 3501 3018 quidem
3527 2946 3650 3006 cuin
3693 2953 3895 3006 tunicam

2316 3017 2559 3091 dignitati
2583 3017 2871 3088 episcopali
2898 3037 3002 3076 non
3035 3023 3164 3075 satis
3189 3017 3521 3091 respondere
3544 3022 3889 3082 crediderant.

2315 3089 2695 3145 ofﬁciosissimi
2729 3091 2994 3155 homines.
3038 3089 3366 3146 dalmaticam
3408 3093 3889 3147 subministrabant.

2318 3161 2486 3239 licet.
2511 3194 2580 3239 _—
2611 3163 2938 3218 Alterutram
2969 3164 3146 3239 ex_his
3174 3165 3398 3239 vocibus
3425 3179 3524 3239 pro
3546 3165 3896 3239 additamenta

2326 3231 2623 3287 habendam
2651 3250 2770 3289 esse
2793 3243 2980 3288 censet
3021 3234 3196 3289 Oxon.
3220 3231 3601 3289 editorfCerte
3631 3237 3682 3290 in
3723 3232 3835 3289 cod".
3871 3237 3886 3287 l

2323 3301 2505 3358 Germ.
2541 3305 2763 3360 habetur
2793 3314 2995 3359 tantum
3027 3305 3195 3374 byrro.
3259 3305 3428 3359 Porro
3476 3318 3618 3360 notat
3645 3322 3710 3360 ex
3740 3304 3888 3358 Festo

2322 3374 2561 3446 eruditus
2615 3377 2844 3446 Cangius
2894 3377 2944 3430 in
2995 3374 3302 3441 Glossario,
3356 3377 3561 3446 byrrum
3610 3376 3884 3444 antiquitus

2321 3445 2494 3511 rufum
2533 3445 2865 3515 signiﬁCasse
2895 3465 2906 3500 :
2933 3462 3052 3517 quin
3084 3463 3186 3500 vox
3218 3449 3262 3501 si
3310 3445 3413 3502 hoc
3445 3449 3559 3501 loco
3582 3451 3657 3500 sic
3699 3445 3886 3500 intelli-

2319 3526 2496 3586 gatur,
2529 3518 2858 3585 prmferenda
2889 3527 3033 3571 esset
3070 3519 3230 3572 lectio
3254 3518 3459 3586 aliquot
3500 3518 3657 3572 codd.
3690 3519 3776 3586 qui
3816 3517 3890 3569 sic.

2324 3585 2540 3652 habent,
2576 3589 2780 3642 lacerna
2824 3590 2975 3660 byrro
3005 3588 3292 3654 expoliatus
3319 3585 3411 3642 est.
3453 3590 3526 3642 De
3552 3585 3889 3660 byrroetrla-

2321 3671 2481 3711 cerua
2510 3669 2782 3723 tamquam
2807 3659 2874 3715 de
2896 3659 3093 3727 duplici
3120 3661 3286 3714 vestis
3307 3661 3488 3728 specie
3516 3659 3752 3728 loquitur
3782 3659 3891 3713 Sul-

2323 3729 2491 3801 picius
2521 3731 2774 3791 Severus,
2814 3731 2908 3801 lib.
2958 3747 2971 3784 ι
3003 3729 3226 3797 Dialog.,
3253 3745 3372 3799 cap.
3410 3731 3494 3795 M,
3547 3731 3689 3801 apud
3736 3731 3893 3786 Baro-

2321 3798 2468 3869 nium
2507 3802 2572 3856 ad
2616 3817 2814 3855 annum
2857 3800 2986 3866 261,
3017 3818 3071 3854 n.
3107 3801 3196 3863 41,
3225 3798 3328 3853 ubi
3359 3803 3507 3869 plura
3540 3798 3598 3856 is
3630 3803 3791 3857 habet
3835 3803 3896 3858 de

2321 3868 2419 3924 hac
2448 3888 2526 3926 re.
2559 3873 2954 3943 Atintirumest
2999 3873 3066 3925 ab
3107 3887 3173 3926 eo
3215 3868 3502 3926 hodiernas
3527 3873 3894 3943 episcoporum

2319 3952 2496 3996 vestes
2545 3943 2596 3996 in
2639 3942 2723 3996 bis
2761 3942 2938 3997 verbis
2976 3951 3220 4010 repertas
3250 3944 3432 3997 luisse.
3462 3943 3678 3997 Talibus
3704 3942 3896 4012 Quippe

2319 4014 2651 4068 ornamentis
2691 4014 2972 4080 cpiscoms
3016 4014 3142 4066 olim
3177 4029 3301 4066 usos
3330 4014 3526 4073 fuisse,
3566 4017 3706 4081 prius
3748 4026 3892 4068 esset

2321 4083 2675 4150 probandum.
2701 4083 2920 4154 Byrrum
2947 4100 3044 4153 quo
3077 4084 3134 4137 S.
3160 4083 3276 4138 Odo
3296 4081 3528 4138 Cluuiaci
3565 4085 3726 4137 abbas
3751 4094 3889 4153 tege-

2319 4163 2470 4220 gatur
2495 4171 2632 4208 more
2666 4171 2847 4222 cappa:
2870 4171 2959 4222 per
2984 4156 3351 4208 extremitatem
3379 4155 3580 4220 ﬁmbriae
3596 4156 3886 4222 apprehen-

2319 4223 2493 4278 dentes
2519 4225 2883 4279 osculabantur
2909 4225 2998 4279 Dei
3034 4225 3217 4279 l'amuli
3250 4225 3559 4280 reverentia:
3587 4239 3774 4280 causa.
3810 4226 3892 4280 Ex

2318 4293 2434 4360 ejus
2463 4295 2597 4350 Vita:
2628 4305 2848 4351 auctore
2887 4295 3116 4354 Joanne.
3167 4296 3260 4351 lib.
3292 4312 3352 4363 tt,
3387 4312 3533 4351 num.
3564 4296 3618 4362 ὃ,
3663 4311 3794 4351 suae.
3829 4295 3894 4351 V'.

2315 4364 2563 4435 SS.7Ord.
2595 4367 2794 4422 Bened.
2824 4366 3025 4435 p.167.
3057 4368 3323 4422 Romam.

2391 4434 2700 4492 Dalmatica.
2752 4434 2923 4492 Codd.
2958 4438 3168 4491 Fossat.
3202 4439 3355 4492 Colb.
3387 4436 3596 4492 Coucb.
3623 4437 3686 4492 S.
3717 4437 3888 4494 Genn-

2316 4505 2471 4571 vefae,
2501 4519 2606 4563 etc.
2641 4524 2736 4575 pro
2782 4509 3080 4571 dalmatica,
3107 4507 3308 4563 habent
3357 4512 3532 4561 tunica
3562 4526 3578 4561 :
3606 4509 3708 4563 sed
3735 4507 3895 4562 multo

2315 4579 2495 4648 plures
2541 4577 2699 4632 codd.
2731 4578 3028 4632 dalmatica.
3057 4579 3323 4633 Craterum
3351 4578 3659 4634 dalmaticte
3708 4595 3897 4633 nomen

2315 4649 2549 4719 antiquis
2597 4650 2838 4717 ign0tum
2893 4665 2999 4704 non
3057 4649 3174 4703 fuit.
3205 4651 3535 4704 Commodus
3564 4651 3711 4719 apud
3743 4650 3895 4704 Lam-

2314 4718 2454 4786 prid.
2489 4720 2846 4774 dalmaticatus
2883 4721 2937 4773 in
2981 4721 3182 4788 publica
3209 4722 3542 4788 processisse
3575 4722 3795 4776 dicitur.
3831 4721 3899 4774 De

2313 4788 2598 4862 dalmatica
2619 4791 2762 4862 plura
2786 4791 2994 4860 collegit
3025 4790 3285 4862 Baronius
3325 4792 3375 4844 in
3419 4793 3560 4862 notis
3581 4791 3650 4845 ad
3687 4792 3898 4862 Martyr.

2313 4857 2471 4913 Rom.
2505 4860 2593 4914 die
2619 4860 2678 4914 51
2720 4861 2867 4926 maii,
2895 4857 2982 4914 ubi
3013 4861 3082 4915 de
3114 4862 3400 4916 Paschasio
3430 4861 3690 4917 diacono.
3715 4862 3790 4917 In.

614 4925 798 5003 genere
845 4931 1126 5003 indumenti
1159 4932 1310 4985 hodie
1357 4925 1584 4985 videmus
1624 4935 1698 4984 uti
1735 4925 1926 4988 sancite
1959 4925 2202 4987 Roma-na:
2227 4925 2280 4985 D
2307 4929 2693 5003 ___Spiculatori
2726 4925 2861 4984 xxvi
2897 4948 3076 4985 aureos
3105 4933 3310 5003 darent.
3365 4933 3510 4987 llauc
3560 4933 3902 5003 largitionem

619 4999 861 5072 Ecclesia:
886 5001 1172 5055 cardinales
1202 5044 1215 5064 ,
1250 5012 1400 5072 atque
1425 5003 1685 5069 episcopos
1728 5004 1845 5056 illos
1867 5005 2002 5070 quia
2030 5003 2201 5071 Regu-

617 5071 810 5142 laribus
836 5076 905 5125 ad
924 5089 1036 5126 eam
1066 5071 1363 5140 dignitatem
1393 5075 1610 5140 provecti
1633 5083 1770 5128 sunt.
1808 5075 1878 5128 Ita
1907 5075 2016 5142 jam
2040 5089 2200 5142 porro

614 5141 872 5197 discimus
933 5143 1256 5213 Cyprianum
1306 5152 1394 5197 aut
1448 5144 1772 5200 cardinalem
1802 5141 2058 5200 Ecclesia!
2089 5145 2198 5198 Ro-

617 5229 790 5269 mana:
847 5214 1008 5268 fuisse
1039 5253 1056 5280 ,
1109 5225 1200 5268 aut
1250 5230 1314 5269 ex
1371 5215 1724 5281 Regularibus
1773 5216 1839 5271 ad
1887 5217 2197 5284 dignitatem

615 5285 977 5354 episcopalem
1011 5293 1340 5352 provectum.
1371 5285 1512 5339 Nihil
1535 5295 1683 5340 certe
1710 5297 1810 5351 est,
1850 5288 1917 5341 de
1939 5303 2044 5353 quo
2072 5301 2197 5355 par-

618 5357 750 5410 tium
779 5357 959 5410 studio
987 5355 1180 5410 addicti
1218 5357 1316 5410 sibi
1345 5371 1450 5411 non
1493 5367 1715 5424 possunt
1755 5357 2078 5424 persuadere
2099 5397 2114 5422 ,
2146 5365 2199 5410 et

615 5428 776 5482 etiam
819 5442 1036 5492 sperare
1079 5436 1138 5482 ut
1161 5429 1278 5482 aliis
1325 5427 1700 5496 persuadeant.
1744 5429 1892 5482 Itane
1923 5437 2069 5482 veste
2103 5443 2196 5482 sua

616 5498 936 5565 spectabiles
979 5497 1028 5551 in
1073 5498 1340 5566 publictun
1381 5499 1674 5566 procedunt
1719 5500 1901 5554 clerici
1944 5499 2197 5554 Ecclesim

622 5568 876 5623 Romanae
896 5611 910 5632 ,
940 5569 1155 5638 quando
1203 5570 1254 5624 in
1283 5570 1589 5638 regionibus
1632 5580 1796 5632 agunt
1839 5571 1925 5625 ubi
1955 5571 2054 5624 sibi
2086 5584 2196 5624 me-

619 5649 774 5709 tuunt
809 5657 822 5694 :
848 5639 1040 5709 gladiis
1066 5639 1249 5704 cincti,
1279 5648 1334 5694 ct
1357 5682 1372 5709 ,
1405 5651 1455 5693 ut
1485 5640 1760 5709 Catnpiaui
1797 5644 2051 5696 nostratis
2080 5651 2198 5694 utar

618 5705 795 5779 verbis
826 5705 1037 5779 {habitu
1077 5705 1450 5779 dementissima
1495 5705 1708 5779 induti?
1755 5709 1939 5779 Inepte
1967 5721 2196 5779 proconf

619 5773 700 5827 aut
746 5774 812 5828 de
855 5774 1123 5844 episcopis
1165 5783 1218 5835 et
1267 5771 1594 5846 presbyteris
1648 5771 1980 5850 detegendis
2008 5773 2198 5836 luisset

2305 4999 2541 5055 librariis
2584 5001 2818 5055 debitam
2874 5004 3044 5056 innuit
3090 5000 3262 5057 Oxon.
3324 5005 3514 5058 editor.
3569 4999 3750 5059 Favet
3805 5005 3906 5059 Au-

2302 5072 2503 5144 gustin.
2527 5073 2677 5144 _loco
2702 5072 2934 5136 laudato,
2972 5073 3061 5126 ubi
3086 5074 3158 5126 ait
3187 5083 3425 5129 extrema
3460 5077 3723 5144 martyris
3750 5077 3904 5131 verba

2301 5140 2486 5205 fuisse,
2515 5141 2624 5198 Deo
2673 5143 2884 5213 gratias,
2929 5160 3046 5210 qua!
3092 5145 3268 5197 statim
3300 5157 3418 5212 post
3467 5140 3759 5200 recitatam
3792 5162 3904 5201 sen—

2304 5213 2522 5286 tentiam
2582 5215 2969 5286 pronuntiavit.
3017 5214 3223 5286 Omnes
3249 5225 3424 5270 tamen
3473 5231 3604 5270 mss.
3663 5232 3805 5286 quos
3833 5218 3903 5269 vi-

2301 5283 2431 5338 dere
2471 5284 2638 5356 licuit.
2691 5283 2827 5339 hanc
2875 5286 3124 5356 Cypriani
3173 5285 3540 5341 liberalitatem
3569 5283 3903 5343 commemo-

2301 5364 2442 5409 rant.
2498 5355 2930 5420 Maximilianus,’
2966 5356 3118 5424 cujus
3158 5369 3275 5412 acta
3317 5357 3381 5411 ad
3409 5374 3498 5412 an.
3556 5356 3672 5412 295
3735 5358 3904 5427 profe-

2303 5440 2506 5498 remus,
2564 5437 2764 5498 vestem
2808 5428 2907 5481 sibi
2963 5437 3200 5497 paratam
3249 5444 3278 5481 a
3333 5439 3502 5498 patre,
3535 5431 3757 5497 rogavit
3794 5429 3899 5483 dari

2302 5497 2634 5568 spiculatori.
2668 5497 2927 5552 Romam.
2956 5527 3028 5540 —-
3058 5498 3290 5568 Largitio
3322 5497 3434 5553 lucc
3464 5499 3679 5553 videtur
3728 5517 3794 5555 ex
3845 5501 3899 5552 li-

2299 5565 2597 5622 brariorum
2649 5568 3013 5624 muniﬁcentia
3045 5565 3199 5623 facta.
3253 5569 3359 5624 Sed
3413 5571 3456 5624 si
3504 5571 3706 5640 singuli
3758 5571 3899 5624 aurei

2300 5649 2530 5708 moneta:
2579 5647 2775 5692 nostr-.c
2816 5642 3051 5708 quinque
3100 5641 3300 5695 solidos
3351 5641 3594 5708 valeant,
3629 5643 3898 5696 summula

2298 5681 3051 5782 ἱὶξιίἱῗέἱῆιήὲέὲϊἶθῖϊῖίὶἑέἔ
3075 5767 3078 5780 ,
3100 5681 3897 5782 ἓῖ“’ἇιῖἷρ‹ίᾶἑ”ἔόἰὶᾶοὶ“ξ’ξίὲῖἑῖ

2298 5776 2506 5835 nierum
2533 5784 2665 5851 quas
2693 5772 2974 5852 sterlingas
3001 5772 3270 5837 vocantur.
3297 5772 3460 5835 Νίκῃ.
