  <div class='ocr_page' id='page_1' title='image "/cluster/home/n/w/nwhite01/storage/ocr_20150623/3/hvd.32044054086798/802.png"; bbox 0 0 4216 6282; ppageno 0'>
   <div class='ocr_carea' id='block_1_1' title="bbox 257 251 392 312">
    <p class='ocr_par' dir='ltr' id='par_1_1' title="bbox 257 251 392 312">
     <span class='ocr_line' id='line_1_1' title="bbox 257 251 392 312; baseline 0.007 -1"><span class='ocrx_word' id='word_1_1' title='bbox 257 251 392 312; x_wconf 72' lang='lat'><strong>1305</strong></span> 
     </span>
    </p>
   </div>
   <div class='ocr_carea' id='block_1_2' title="bbox 1495 231 2239 312">
    <p class='ocr_par' dir='ltr' id='par_1_2' title="bbox 1495 231 2239 312">
     <span class='ocr_line' id='line_1_2' title="bbox 1495 231 2239 312; baseline -0.013 -16"><span class='ocrx_word' id='word_1_2' title='bbox 1495 237 1751 312; x_wconf 57' lang='lat' dir='ltr'><strong>{passm</strong></span> <span class='ocrx_word' id='word_1_3' title='bbox 1793 234 1850 291; x_wconf 89' lang='lat' dir='ltr'><strong>s.</strong></span> <span class='ocrx_word' id='word_1_4' title='bbox 1893 231 2239 291; x_wconf 79' lang='lat' dir='ltr'><strong>CYPRIANI.</strong></span> 
     </span>
    </p>
   </div>
   <div class='ocr_carea' id='block_1_3' title="bbox 3415 223 3552 279">
    <p class='ocr_par' dir='ltr' id='par_1_3' title="bbox 3415 223 3552 279">
     <span class='ocr_line' id='line_1_3' title="bbox 3415 223 3552 279; baseline -0.007 0"><span class='ocrx_word' id='word_1_5' title='bbox 3415 223 3552 279; x_wconf 74' lang='grc'><strong>1506</strong></span> 
     </span>
    </p>
   </div>
   <div class='ocr_carea' id='block_1_4' title="bbox 259 325 3550 424">
    <p class='ocr_par' dir='ltr' id='par_1_4' title="bbox 259 325 3550 424">
     <span class='ocr_line' id='line_1_4' title="bbox 259 325 3550 424; baseline -0.009 0"><span class='ocrx_word' id='word_1_6' title='bbox 259 368 430 424; x_wconf 87' lang='lat' dir='ltr'><strong>nualia</strong></span> <span class='ocrx_word' id='word_1_7' title='bbox 469 383 499 422; x_wconf 87' lang='lat' dir='ltr'><strong>a</strong></span> <span class='ocrx_word' id='word_1_8' title='bbox 529 363 786 420; x_wconf 77' lang='lat' dir='ltr'><strong>fratribus</strong></span> <span class='ocrx_word' id='word_1_9' title='bbox 832 370 858 397; x_wconf 74' lang='grc' dir='ltr'>α</span> <span class='ocrx_word' id='word_1_10' title='bbox 884 367 1011 416; x_wconf 89' lang='lat' dir='ltr'><strong>ante</strong></span> <span class='ocrx_word' id='word_1_11' title='bbox 1057 373 1181 416; x_wconf 90' lang='lat' dir='ltr'><strong>eum</strong></span> <span class='ocrx_word' id='word_1_12' title='bbox 1228 357 1600 413; x_wconf 86' lang='lat' dir='ltr'><strong>mittebantur.</strong></span> <span class='ocrx_word' id='word_1_13' title='bbox 1651 356 1843 409; x_wconf 78' lang='lat' dir='ltr'><strong>Postea</strong></span> <span class='ocrx_word' id='word_1_14' title='bbox 1872 355 1925 414; x_wconf 84' lang='grc' dir='ltr'><strong>Α</strong></span> <span class='ocrx_word' id='word_1_15' title='bbox 1950 349 2074 403; x_wconf 85' lang='lat' dir='ltr'><strong>Post</strong></span> <span class='ocrx_word' id='word_1_16' title='bbox 2097 362 2293 418; x_wconf 89' lang='lat' dir='ltr'><strong>paucos</strong></span> <span class='ocrx_word' id='word_1_17' title='bbox 2331 355 2509 402; x_wconf 89' lang='lat' dir='ltr'><strong>autem</strong></span> <span class='ocrx_word' id='word_1_18' title='bbox 2532 345 2647 403; x_wconf 86' lang='lat' dir='ltr'><strong>dies</strong></span> <span class='ocrx_word' id='word_1_19' title='bbox 2674 342 2920 400; x_wconf 88' lang='lat' dir='ltr'><strong>Galerius</strong></span> <span class='ocrx_word' id='word_1_20' title='bbox 2949 341 3210 398; x_wconf 78' lang='lat' dir='ltr'><strong>Maximus</strong></span> <span class='ocrx_word' id='word_1_21' title='bbox 3258 325 3550 411; x_wconf 81' lang='lat' dir='ltr'><strong>proconsul</strong></span> 
     </span>
    </p>
   </div>
   <div class='ocr_carea' id='block_1_5' title="bbox 256 447 1842 527">
    <p class='ocr_par' dir='ltr' id='par_1_5' title="bbox 256 447 1842 527">
     <span class='ocr_line' id='line_1_5' title="bbox 256 447 1842 527; baseline -0.012 -11"><span class='ocrx_word' id='word_1_22' title='bbox 256 477 383 519; x_wconf 90' lang='lat' dir='ltr'><strong>vero</strong></span> <span class='ocrx_word' id='word_1_23' title='bbox 409 461 597 517; x_wconf 85' lang='lat' dir='ltr'><strong>beatus</strong></span> <span class='ocrx_word' id='word_1_24' title='bbox 621 456 924 527; x_wconf 85' lang='lat' dir='ltr'><strong>Cyprianus</strong></span> <span class='ocrx_word' id='word_1_25' title='bbox 955 469 1116 508; x_wconf 88' lang='lat' dir='ltr'><strong>manu</strong></span> <span class='ocrx_word' id='word_1_26' title='bbox 1145 467 1240 507; x_wconf 85' lang='lat' dir='ltr'><strong>sua</strong></span> <span class='ocrx_word' id='word_1_27' title='bbox 1299 451 1487 506; x_wconf 91' lang='lat' dir='ltr'><strong>oculos</strong></span> <span class='ocrx_word' id='word_1_28' title='bbox 1540 449 1640 503; x_wconf 85' lang='lat' dir='ltr'><strong>sibi</strong></span> <span class='ocrx_word' id='word_1_29' title='bbox 1691 447 1842 500; x_wconf 68' lang='lat' dir='ltr'><strong>texit.</strong></span> 
     </span>
    </p>
   </div>
   <div class='ocr_carea' id='block_1_6' title="bbox 257 539 1845 621">
    <p class='ocr_par' dir='ltr' id='par_1_6' title="bbox 257 539 1845 621">
     <span class='ocr_line' id='line_1_6' title="bbox 257 539 1845 621; baseline -0.011 -13"><span class='ocrx_word' id='word_1_30' title='bbox 257 553 353 621; x_wconf 83' lang='lat' dir='ltr'><strong>Qui</strong></span> <span class='ocrx_word' id='word_1_31' title='bbox 377 567 500 609; x_wconf 91' lang='lat' dir='ltr'><strong>cum</strong></span> <span class='ocrx_word' id='word_1_32' title='bbox 522 547 747 606; x_wconf 81' lang='lat' dir='ltr'><strong>lacinias</strong></span> <span class='ocrx_word' id='word_1_33' title='bbox 775 547 1055 600; x_wconf 90' lang='lat' dir='ltr'><strong>manuales</strong></span> <span class='ocrx_word' id='word_1_34' title='bbox 1090 545 1258 614; x_wconf 81' lang='lat' dir='ltr'><strong>ligare</strong></span> <span class='ocrx_word' id='word_1_35' title='bbox 1286 543 1385 597; x_wconf 87' lang='lat' dir='ltr'><strong>sibi</strong></span> <span class='ocrx_word' id='word_1_36' title='bbox 1416 557 1522 596; x_wconf 90' lang='lat' dir='ltr'><strong>non</strong></span> <span class='ocrx_word' id='word_1_37' title='bbox 1561 539 1845 608; x_wconf 87' lang='lat' dir='ltr'><strong>potuisset,</strong></span> 
     </span>
    </p>
   </div>
   <div class='ocr_carea' id='block_1_7' title="bbox 258 630 1866 710">
    <p class='ocr_par' dir='ltr' id='par_1_7' title="bbox 258 630 1866 710">
     <span class='ocr_line' id='line_1_7' title="bbox 258 630 1866 710; baseline -0.01 -10"><span class='ocrx_word' id='word_1_38' title='bbox 258 645 498 700; x_wconf 82' lang='lat' dir='ltr'><strong>Julianus</strong></span> <span class='ocrx_word' id='word_1_39' title='bbox 525 640 809 710; x_wconf 88' lang='lat' dir='ltr'><strong>presbyter</strong></span> <span class='ocrx_word' id='word_1_40' title='bbox 847 645 900 692; x_wconf 91' lang='lat' dir='ltr'><strong>et</strong></span> <span class='ocrx_word' id='word_1_41' title='bbox 925 636 1173 691; x_wconf 86' lang='lat' dir='ltr'><strong>Julianus</strong></span> <span class='ocrx_word' id='word_1_42' title='bbox 1199 634 1562 690; x_wconf 87' lang='lat' dir='ltr'><strong>subdiaconus</strong></span> <span class='ocrx_word' id='word_1_43' title='bbox 1606 631 1656 686; x_wconf 93' lang='lat' dir='ltr'><strong>ei</strong></span> <span class='ocrx_word' id='word_1_44' title='bbox 1710 630 1866 699; x_wconf 83' lang='lat' dir='ltr'><strong>liga-.</strong></span> 
     </span>
    </p>
   </div>
   <div class='ocr_carea' id='block_1_8' title="bbox 258 723 1850 800">
    <p class='ocr_par' dir='ltr' id='par_1_8' title="bbox 258 723 1850 800">
     <span class='ocr_line' id='line_1_8' title="bbox 258 723 1850 800; baseline -0.008 -10"><span class='ocrx_word' id='word_1_45' title='bbox 258 744 462 792; x_wconf 88' lang='lat' dir='ltr'><strong>verunt.</strong></span> <span class='ocrx_word' id='word_1_46' title='bbox 510 733 585 787; x_wconf 88' lang='lat' dir='ltr'><strong>Ita</strong></span> <span class='ocrx_word' id='word_1_47' title='bbox 633 732 824 787; x_wconf 88' lang='lat' dir='ltr'><strong>beatus</strong></span> <span class='ocrx_word' id='word_1_48' title='bbox 866 727 1167 800; x_wconf 87' lang='lat' dir='ltr'><strong>Cyprianus</strong></span> <span class='ocrx_word' id='word_1_49' title='bbox 1217 742 1407 796; x_wconf 91' lang='lat' dir='ltr'><strong>passus</strong></span> <span class='ocrx_word' id='word_1_50' title='bbox 1452 734 1568 790; x_wconf 88' lang='lat' dir='ltr'><strong>est;</strong></span> <span class='ocrx_word' id='word_1_51' title='bbox 1622 723 1850 793; x_wconf 90' lang='lat' dir='ltr'><strong>ejusque</strong></span> 
     </span>
    </p>
   </div>
   <div class='ocr_carea' id='block_1_9' title="bbox 256 820 1849 898">
    <p class='ocr_par' dir='ltr' id='par_1_9' title="bbox 256 820 1849 898">
     <span class='ocr_line' id='line_1_9' title="bbox 256 820 1849 898; baseline -0.009 -13"><span class='ocrx_word' id='word_1_52' title='bbox 256 842 443 898; x_wconf 87' lang='lat' dir='ltr'><strong>corpus</strong></span> <span class='ocrx_word' id='word_1_53' title='bbox 488 835 709 898; x_wconf 86' lang='lat' dir='ltr'><strong>prepter</strong></span> <span class='ocrx_word' id='word_1_54' title='bbox 746 824 1028 895; x_wconf 85' lang='lat' dir='ltr'><strong>gentilium</strong></span> <span class='ocrx_word' id='word_1_55' title='bbox 1077 822 1447 877; x_wconf 83' lang='lat' dir='ltr'><strong>curiositatem</strong></span> <span class='ocrx_word' id='word_1_56' title='bbox 1499 821 1552 874; x_wconf 90' lang='lat' dir='ltr'><strong>in</strong></span> <span class='ocrx_word' id='word_1_57' title='bbox 1601 820 1849 889; x_wconf 86' lang='lat' dir='ltr'><strong>proximo</strong></span> 
     </span>
    </p>
   </div>
   <div class='ocr_carea' id='block_1_10' title="bbox 258 913 1848 990">
    <p class='ocr_par' dir='ltr' id='par_1_10' title="bbox 258 913 1848 990">
     <span class='ocr_line' id='line_1_10' title="bbox 258 913 1848 990; baseline -0.006 -14"><span class='ocrx_word' id='word_1_58' title='bbox 258 920 485 990; x_wconf 90' lang='lat' dir='ltr'><strong>positum</strong></span> <span class='ocrx_word' id='word_1_59' title='bbox 513 926 618 972; x_wconf 88' lang='lat' dir='ltr'><strong>est.</strong></span> <span class='ocrx_word' id='word_1_60' title='bbox 650 915 779 972; x_wconf 86' lang='lat' dir='ltr'><strong>Inde</strong></span> <span class='ocrx_word' id='word_1_61' title='bbox 811 931 905 986; x_wconf 91' lang='lat' dir='ltr'><strong>per</strong></span> <span class='ocrx_word' id='word_1_62' title='bbox 929 925 1147 970; x_wconf 88' lang='lat' dir='ltr'><strong>noctem</strong></span> <span class='ocrx_word' id='word_1_63' title='bbox 1188 913 1457 969; x_wconf 90' lang='lat' dir='ltr'><strong>sublatum</strong></span> <span class='ocrx_word' id='word_1_64' title='bbox 1503 928 1625 967; x_wconf 91' lang='lat' dir='ltr'><strong>eum</strong></span> <span class='ocrx_word' id='word_1_65' title='bbox 1675 913 1848 967; x_wconf 85' lang='lat' dir='ltr'><strong>cereis</strong></span> 
     </span>
    </p>
   </div>
   <div class='ocr_carea' id='block_1_11' title="bbox 258 1004 1852 1076">
    <p class='ocr_par' dir='ltr' id='par_1_11' title="bbox 258 1004 1852 1076">
     <span class='ocr_line' id='line_1_11' title="bbox 258 1004 1852 1076; baseline -0.006 -7"><span class='ocrx_word' id='word_1_66' title='bbox 258 1021 306 1069; x_wconf 90' lang='lat' dir='ltr'><strong>et</strong></span> <span class='ocrx_word' id='word_1_67' title='bbox 336 1011 680 1068; x_wconf 88' lang='lat' dir='ltr'><strong>scholacibus</strong></span> <span class='ocrx_word' id='word_1_68' title='bbox 703 1052 718 1076; x_wconf 97' lang='lat'><strong>,</strong></span> <span class='ocrx_word' id='word_1_69' title='bbox 752 1010 818 1064; x_wconf 87' lang='lat' dir='ltr'><strong>ad</strong></span> <span class='ocrx_word' id='word_1_70' title='bbox 863 1024 1020 1064; x_wconf 88' lang='lat' dir='ltr'><strong>areas</strong></span> <span class='ocrx_word' id='word_1_71' title='bbox 1052 1006 1304 1062; x_wconf 81' lang='lat' dir='ltr'><strong>Macrobii</strong></span> <span class='ocrx_word' id='word_1_72' title='bbox 1357 1004 1675 1061; x_wconf 90' lang='lat' dir='ltr'><strong>Candidiani</strong></span> <span class='ocrx_word' id='word_1_73' title='bbox 1727 1021 1852 1076; x_wconf 83' lang='lat' dir='ltr'><strong>pro-</strong></span> 
     </span>
    </p>
   </div>
   <div class='ocr_carea' id='block_1_12' title="bbox 258 1100 1851 1174">
    <p class='ocr_par' dir='ltr' id='par_1_12' title="bbox 258 1100 1851 1174">
     <span class='ocr_line' id='line_1_12' title="bbox 258 1100 1851 1174; baseline -0.005 -14"><span class='ocrx_word' id='word_1_74' title='bbox 258 1104 540 1168; x_wconf 87' lang='lat' dir='ltr'><strong>curatoris,</strong></span> <span class='ocrx_word' id='word_1_75' title='bbox 573 1118 692 1174; x_wconf 71' lang='lat' dir='ltr'><strong>qua:</strong></span> <span class='ocrx_word' id='word_1_76' title='bbox 737 1110 866 1156; x_wconf 91' lang='lat' dir='ltr'><strong>sunt</strong></span> <span class='ocrx_word' id='word_1_77' title='bbox 914 1101 1082 1155; x_wconf 78' lang='lat' dir='ltr'><strong>invia</strong></span> <span class='ocrx_word' id='word_1_78' title='bbox 1134 1100 1483 1171; x_wconf 79' lang='lat' dir='ltr'><strong>lllappaliensi</strong></span> <span class='ocrx_word' id='word_1_79' title='bbox 1533 1102 1683 1168; x_wconf 83' lang='lat' dir='ltr'><strong>juxta</strong></span> <span class='ocrx_word' id='word_1_80' title='bbox 1740 1100 1851 1169; x_wconf 90' lang='lat' dir='ltr'><strong>pis-</strong></span> 
     </span>
    </p>
   </div>
   <div class='ocr_carea' id='block_1_13' title="bbox 257 1191 1846 1263">
    <p class='ocr_par' dir='ltr' id='par_1_13' title="bbox 257 1191 1846 1263">
     <span class='ocr_line' id='line_1_13' title="bbox 257 1191 1846 1263; baseline -0.004 -11"><span class='ocrx_word' id='word_1_81' title='bbox 257 1195 422 1263; x_wconf 87' lang='lat' dir='ltr'><strong>cinas,</strong></span> <span class='ocrx_word' id='word_1_82' title='bbox 451 1209 574 1250; x_wconf 93' lang='lat' dir='ltr'><strong>cum</strong></span> <span class='ocrx_word' id='word_1_83' title='bbox 603 1204 728 1249; x_wconf 93' lang='lat' dir='ltr'><strong>v0to</strong></span> <span class='ocrx_word' id='word_1_84' title='bbox 748 1201 804 1248; x_wconf 88' lang='lat' dir='ltr'><strong>et</strong></span> <span class='ocrx_word' id='word_1_85' title='bbox 832 1192 1104 1262; x_wconf 89' lang='lat' dir='ltr'><strong>triumpho</strong></span> <span class='ocrx_word' id='word_1_86' title='bbox 1143 1207 1336 1262; x_wconf 86' lang='lat' dir='ltr'><strong>magno</strong></span> <span class='ocrx_word' id='word_1_87' title='bbox 1403 1191 1692 1248; x_wconf 89' lang='lat' dir='ltr'><strong>deductum</strong></span> <span class='ocrx_word' id='word_1_88' title='bbox 1746 1200 1846 1246; x_wconf 63' lang='lat' dir='ltr'><strong>est.</strong></span> 
     </span>
    </p>
   </div>
   <div class='ocr_carea' id='block_1_14' title="bbox 1952 439 2205 495">
    <p class='ocr_par' dir='ltr' id='par_1_14' title="bbox 1952 439 2205 495">
     <span class='ocr_line' id='line_1_14' title="bbox 1952 439 2205 495; baseline -0.012 0"><span class='ocrx_word' id='word_1_89' title='bbox 1952 439 2205 495; x_wconf 89' lang='lat' dir='ltr'><strong>decessit.</strong></span> 
     </span>
    </p>
   </div>
   <div class='ocr_carea' id='block_1_15' title="bbox 1952 567 3556 631">
    <p class='ocr_par' dir='ltr' id='par_1_15' title="bbox 1952 567 3556 631">
     <span class='ocr_line' id='line_1_15' title="bbox 1952 567 3556 631; baseline -0.007 0"><span class='ocrx_word' id='word_1_90' title='bbox 1952 577 2042 631; x_wconf 79' lang='lat' dir='ltr'><strong>Vl.</strong></span> <span class='ocrx_word' id='word_1_91' title='bbox 2079 576 2271 630; x_wconf 80' lang='lat' dir='ltr'><strong>Passus</strong></span> <span class='ocrx_word' id='word_1_92' title='bbox 2321 585 2394 630; x_wconf 83' lang='lat' dir='ltr'><strong>est</strong></span> <span class='ocrx_word' id='word_1_93' title='bbox 2447 591 2569 630; x_wconf 82' lang='lat' dir='ltr'><strong>xvttt</strong></span> <span class='ocrx_word' id='word_1_94' title='bbox 2652 573 2757 628; x_wconf 79' lang='lat' dir='ltr'><strong>kal.</strong></span> <span class='ocrx_word' id='word_1_95' title='bbox 2811 571 3003 627; x_wconf 89' lang='lat' dir='ltr'><strong>octobr.</strong></span> <span class='ocrx_word' id='word_1_96' title='bbox 3060 568 3151 624; x_wconf 92' lang='lat' dir='ltr'><strong>sub</strong></span> <span class='ocrx_word' id='word_1_97' title='bbox 3208 567 3480 623; x_wconf 79' lang='lat' dir='ltr'><strong>Valeriano</strong></span> <span class='ocrx_word' id='word_1_98' title='bbox 3509 574 3556 621; x_wconf 82' lang='lat' dir='ltr'><strong>et</strong></span> 
     </span>
    </p>
   </div>
   <div class='ocr_carea' id='block_1_16' title="bbox 2423 664 3024 736">
    <p class='ocr_par' dir='ltr' id='par_1_16' title="bbox 2423 664 3024 736">
     <span class='ocr_line' id='line_1_16' title="bbox 2423 664 3024 736; baseline -0.003 -14"><span class='ocrx_word' id='word_1_99' title='bbox 2423 666 2657 722; x_wconf 81' lang='lat' dir='ltr'><strong>Gallieno</strong></span> <span class='ocrx_word' id='word_1_100' title='bbox 2685 664 3024 736; x_wconf 77' lang='lat' dir='ltr'><strong>principibus.</strong></span> 
     </span>
    </p>
   </div>
   <div class='ocr_carea' id='block_1_17' title="bbox 2028 813 3562 886">
    <p class='ocr_par' dir='ltr' id='par_1_17' title="bbox 2028 813 3562 886">
     <span class='ocr_line' id='line_1_17' title="bbox 2028 813 3562 886; baseline -0.008 -9"><span class='ocrx_word' id='word_1_101' title='bbox 2028 824 2223 878; x_wconf 89' lang='lat' dir='ltr'><strong>Passus</strong></span> <span class='ocrx_word' id='word_1_102' title='bbox 2280 831 2362 876; x_wconf 92' lang='lat' dir='ltr'><strong>est</strong></span> <span class='ocrx_word' id='word_1_103' title='bbox 2433 831 2614 875; x_wconf 87' lang='lat' dir='ltr'><strong>autem</strong></span> <span class='ocrx_word' id='word_1_104' title='bbox 2671 818 3011 874; x_wconf 89' lang='lat' dir='ltr'><strong>beatissimus</strong></span> <span class='ocrx_word' id='word_1_105' title='bbox 3067 813 3369 886; x_wconf 87' lang='lat' dir='ltr'><strong>Cyprianus</strong></span> <span class='ocrx_word' id='word_1_106' title='bbox 3419 826 3562 865; x_wconf 87' lang='lat' dir='ltr'><strong>mar-</strong></span> 
     </span>
    </p>
   </div>
   <div class='ocr_carea' id='block_1_18' title="bbox 1955 905 3564 988">
    <p class='ocr_par' dir='ltr' id='par_1_18' title="bbox 1955 905 3564 988">
     <span class='ocr_line' id='line_1_18' title="bbox 1955 905 3564 988; baseline -0.006 -19"><span class='ocrx_word' id='word_1_107' title='bbox 1955 925 2038 988; x_wconf 92' lang='lat' dir='ltr'><strong>tyr</strong></span> <span class='ocrx_word' id='word_1_108' title='bbox 2083 916 2169 971; x_wconf 90' lang='lat' dir='ltr'><strong>die</strong></span> <span class='ocrx_word' id='word_1_109' title='bbox 2197 924 2386 970; x_wconf 90' lang='lat' dir='ltr'><strong>octava</strong></span> <span class='ocrx_word' id='word_1_110' title='bbox 2440 915 2646 969; x_wconf 89' lang='lat' dir='ltr'><strong>decima</strong></span> <span class='ocrx_word' id='word_1_111' title='bbox 2695 912 3048 967; x_wconf 85' lang='lat' dir='ltr'><strong>kalendarum</strong></span> <span class='ocrx_word' id='word_1_112' title='bbox 3093 907 3434 971; x_wconf 88' lang='lat' dir='ltr'><strong>octobrium,</strong></span> <span class='ocrx_word' id='word_1_113' title='bbox 3463 905 3564 960; x_wconf 89' lang='lat' dir='ltr'><strong>sub</strong></span> 
     </span>
    </p>
   </div>
   <div class='ocr_carea' id='block_1_19' title="bbox 1956 1005 3564 1077">
    <p class='ocr_par' dir='ltr' id='par_1_19' title="bbox 1956 1005 3564 1077">
     <span class='ocr_line' id='line_1_19' title="bbox 1956 1005 3564 1077; baseline -0.007 -14"><span class='ocrx_word' id='word_1_114' title='bbox 1956 1010 2246 1064; x_wconf 79' lang='lat' dir='ltr'><strong>Valeriano</strong></span> <span class='ocrx_word' id='word_1_115' title='bbox 2272 1018 2328 1064; x_wconf 89' lang='lat' dir='ltr'><strong>et</strong></span> <span class='ocrx_word' id='word_1_116' title='bbox 2354 1008 2599 1065; x_wconf 87' lang='lat' dir='ltr'><strong>Gallieno</strong></span> <span class='ocrx_word' id='word_1_117' title='bbox 2648 1005 3098 1077; x_wconf 88' lang='lat' dir='ltr'><strong>imperatoribus;</strong></span> <span class='ocrx_word' id='word_1_118' title='bbox 3142 1009 3404 1072; x_wconf 83' lang='lat' dir='ltr'><strong>regnante</strong></span> <span class='ocrx_word' id='word_1_119' title='bbox 3435 1013 3564 1053; x_wconf 90' lang='lat' dir='ltr'><strong>vero</strong></span> 
     </span>
    </p>
   </div>
   <div class='ocr_carea' id='block_1_20' title="bbox 1958 1089 3565 1165">
    <p class='ocr_par' dir='ltr' id='par_1_20' title="bbox 1958 1089 3565 1165">
     <span class='ocr_line' id='line_1_20' title="bbox 1958 1089 3565 1165; baseline -0.007 -9"><span class='ocrx_word' id='word_1_120' title='bbox 1958 1101 2186 1158; x_wconf 88' lang='lat' dir='ltr'><strong>Domino</strong></span> <span class='ocrx_word' id='word_1_121' title='bbox 2216 1110 2402 1157; x_wconf 91' lang='lat' dir='ltr'><strong>nostro</strong></span> <span class='ocrx_word' id='word_1_122' title='bbox 2425 1100 2554 1156; x_wconf 86' lang='lat' dir='ltr'><strong>.lesu</strong></span> <span class='ocrx_word' id='word_1_123' title='bbox 2584 1099 2823 1165; x_wconf 89' lang='lat' dir='ltr'><strong>Christo,</strong></span> <span class='ocrx_word' id='word_1_124' title='bbox 2848 1100 2936 1153; x_wconf 91' lang='lat' dir='ltr'><strong>cui</strong></span> <span class='ocrx_word' id='word_1_125' title='bbox 2974 1105 3057 1152; x_wconf 90' lang='lat' dir='ltr'><strong>est</strong></span> <span class='ocrx_word' id='word_1_126' title='bbox 3103 1094 3276 1150; x_wconf 91' lang='lat' dir='ltr'><strong>honor</strong></span> <span class='ocrx_word' id='word_1_127' title='bbox 3313 1100 3370 1148; x_wconf 89' lang='lat' dir='ltr'><strong>et</strong></span> <span class='ocrx_word' id='word_1_128' title='bbox 3395 1089 3565 1162; x_wconf 83' lang='lat' dir='ltr'><strong>gloria</strong></span> 
     </span>
    </p>
   </div>
   <div class='ocr_carea' id='block_1_21' title="bbox 1958 1194 2837 1250">
    <p class='ocr_par' dir='ltr' id='par_1_21' title="bbox 1958 1194 2837 1250">
     <span class='ocr_line' id='line_1_21' title="bbox 1958 1194 2837 1250; baseline -0.005 -2"><span class='ocrx_word' id='word_1_129' title='bbox 1958 1195 2011 1250; x_wconf 90' lang='lat' dir='ltr'><strong>in</strong></span> <span class='ocrx_word' id='word_1_130' title='bbox 2041 1195 2237 1250; x_wconf 64' lang='lat' dir='ltr'><strong>saecula</strong></span> <span class='ocrx_word' id='word_1_131' title='bbox 2269 1194 2612 1249; x_wconf 82' lang='lat' dir='ltr'><strong>saeculorum.</strong></span> <span class='ocrx_word' id='word_1_132' title='bbox 2642 1195 2837 1248; x_wconf 78' lang='lat' dir='ltr'><strong>Amen.</strong></span> 
     </span>
    </p>
   </div>
   <div class='ocr_carea' id='block_1_22' title="bbox 1509 1303 2351 1363">
    <p class='ocr_par' dir='ltr' id='par_1_22' title="bbox 1509 1303 2351 1363">
     <span class='ocr_line' id='line_1_22' title="bbox 1509 1303 2351 1363; baseline 0 -3"><span class='ocrx_word' id='word_1_133' title='bbox 1509 1303 1893 1363; x_wconf 86' lang='lat' dir='ltr'><strong>LECTIONES</strong></span> <span class='ocrx_word' id='word_1_134' title='bbox 1935 1305 2351 1362; x_wconf 84' lang='lat' dir='ltr'><strong>VARIANTES.</strong></span> 
     </span>
    </p>
   </div>
   <div class='ocr_carea' id='block_1_23' title="bbox 320 1398 1856 1460">
    <p class='ocr_par' dir='ltr' id='par_1_23' title="bbox 320 1398 1856 1460">
     <span class='ocr_line' id='line_1_23' title="bbox 320 1398 1856 1460; baseline -0.001 -8"><span class='ocrx_word' id='word_1_135' title='bbox 320 1406 348 1434; x_wconf 79' lang='grc'><strong>⁸</strong></span> <span class='ocrx_word' id='word_1_136' title='bbox 380 1402 586 1453; x_wconf 81' lang='lat' dir='ltr'><strong>Fratres</strong></span> <span class='ocrx_word' id='word_1_137' title='bbox 608 1413 728 1450; x_wconf 90' lang='lat' dir='ltr'><strong>vero</strong></span> <span class='ocrx_word' id='word_1_138' title='bbox 754 1401 953 1460; x_wconf 86' lang='lat' dir='ltr'><strong>ﬂentes,</strong></span> <span class='ocrx_word' id='word_1_139' title='bbox 980 1398 1263 1448; x_wconf 88' lang='lat' dir='ltr'><strong>linteamina</strong></span> <span class='ocrx_word' id='word_1_140' title='bbox 1290 1405 1343 1449; x_wconf 89' lang='lat' dir='ltr'><strong>et</strong></span> <span class='ocrx_word' id='word_1_141' title='bbox 1387 1401 1545 1449; x_wconf 87' lang='lat' dir='ltr'><strong>oraria</strong></span> <span class='ocrx_word' id='word_1_142' title='bbox 1581 1406 1699 1450; x_wconf 87' lang='lat' dir='ltr'><strong>ante</strong></span> <span class='ocrx_word' id='word_1_143' title='bbox 1742 1415 1856 1451; x_wconf 91' lang='lat' dir='ltr'><strong>cum</strong></span> 
     </span>
    </p>
   </div>
   <div class='ocr_carea' id='block_1_24' title="bbox 259 1461 1862 1530">
    <p class='ocr_par' dir='ltr' id='par_1_24' title="bbox 259 1461 1862 1530">
     <span class='ocr_line' id='line_1_24' title="bbox 259 1461 1862 1530; baseline -0.002 -14"><span class='ocrx_word' id='word_1_144' title='bbox 259 1467 523 1530; x_wconf 88' lang='lat' dir='ltr'><strong>ponebant,</strong></span> <span class='ocrx_word' id='word_1_145' title='bbox 549 1477 614 1514; x_wconf 90' lang='lat' dir='ltr'><strong>ne</strong></span> <span class='ocrx_word' id='word_1_146' title='bbox 632 1471 829 1514; x_wconf 86' lang='lat' dir='ltr'><strong>sanctus</strong></span> <span class='ocrx_word' id='word_1_147' title='bbox 846 1475 992 1512; x_wconf 87' lang='lat' dir='ltr'><strong>cruor</strong></span> <span class='ocrx_word' id='word_1_148' title='bbox 1021 1461 1251 1512; x_wconf 81' lang='lat' dir='ltr'><strong>deﬂuens</strong></span> <span class='ocrx_word' id='word_1_149' title='bbox 1287 1462 1648 1513; x_wconf 81' lang='lat' dir='ltr'><strong>absorberetur</strong></span> <span class='ocrx_word' id='word_1_150' title='bbox 1673 1465 1700 1512; x_wconf 73' lang='grc' dir='ltr'>ξι</span> <span class='ocrx_word' id='word_1_151' title='bbox 1725 1471 1862 1515; x_wconf 88' lang='lat' dir='ltr'><strong>terra</strong></span> 
     </span>
    </p>
   </div>
   <div class='ocr_carea' id='block_1_25' title="bbox 1963 1401 2236 1452">
    <p class='ocr_par' dir='ltr' id='par_1_25' title="bbox 1963 1401 2236 1452">
     <span class='ocr_line' id='line_1_25' title="bbox 1963 1401 2236 1452; baseline 0 -3"><span class='ocrx_word' id='word_1_152' title='bbox 1963 1401 2070 1451; x_wconf 77' lang='lat' dir='ltr'><strong>Act.</strong></span> <span class='ocrx_word' id='word_1_153' title='bbox 2092 1403 2236 1452; x_wconf 84' lang='lat' dir='ltr'><strong>Pass.</strong></span> 
     </span>
    </p>
   </div>
   <div class='ocr_carea' id='block_1_26' title="bbox 1577 1570 2212 1634">
    <p class='ocr_par' dir='ltr' id='par_1_26' title="bbox 1577 1570 2212 1634">
     <span class='ocr_line' id='line_1_26' title="bbox 1577 1570 2212 1634; baseline 0.016 -10"><span class='ocrx_word' id='word_1_154' title='bbox 1577 1570 1940 1632; x_wconf 74' lang='lat' dir='ltr'><strong>VARIORUM</strong></span> <span class='ocrx_word' id='word_1_155' title='bbox 1981 1577 2212 1634; x_wconf 64' lang='lat' dir='ltr'><strong>NOTAE.</strong></span> 
     </span>
    </p>
   </div>
   <div class='ocr_carea' id='block_1_27' title="bbox 328 1658 1839 1730">
    <p class='ocr_par' dir='ltr' id='par_1_27' title="bbox 328 1658 1839 1730">
     <span class='ocr_line' id='line_1_27' title="bbox 328 1658 1839 1730; baseline 0.001 -11"><span class='ocrx_word' id='word_1_156' title='bbox 328 1663 459 1719; x_wconf 86' lang='lat' dir='ltr'><strong>Cum</strong></span> <span class='ocrx_word' id='word_1_157' title='bbox 487 1662 641 1716; x_wconf 85' lang='lat' dir='ltr'><strong>cereis</strong></span> <span class='ocrx_word' id='word_1_158' title='bbox 668 1671 713 1716; x_wconf 86' lang='lat' dir='ltr'><strong>et</strong></span> <span class='ocrx_word' id='word_1_159' title='bbox 743 1659 1078 1720; x_wconf 81' lang='lat' dir='ltr'><strong>scholacibus,</strong></span> <span class='ocrx_word' id='word_1_160' title='bbox 1110 1658 1408 1716; x_wconf 82' lang='lat' dir='ltr'><strong>Cardinalis</strong></span> <span class='ocrx_word' id='word_1_161' title='bbox 1445 1663 1731 1730; x_wconf 91' lang='lat' dir='ltr'><strong>Baronius,</strong></span> <span class='ocrx_word' id='word_1_162' title='bbox 1774 1667 1839 1721; x_wconf 91' lang='lat' dir='ltr'><strong>ad</strong></span> 
     </span>
    </p>
   </div>
   <div class='ocr_carea' id='block_1_28' title="bbox 259 1730 1841 1796">
    <p class='ocr_par' dir='ltr' id='par_1_28' title="bbox 259 1730 1841 1796">
     <span class='ocr_line' id='line_1_28' title="bbox 259 1730 1841 1796; baseline 0.002 -8"><span class='ocrx_word' id='word_1_163' title='bbox 259 1752 384 1790; x_wconf 87' lang='lat' dir='ltr'><strong>ann.</strong></span> <span class='ocrx_word' id='word_1_164' title='bbox 417 1733 544 1787; x_wconf 86' lang='lat' dir='ltr'><strong>Chr.</strong></span> <span class='ocrx_word' id='word_1_165' title='bbox 577 1732 702 1794; x_wconf 77' lang='grc'><strong>261,</strong></span> <span class='ocrx_word' id='word_1_166' title='bbox 734 1747 878 1785; x_wconf 90' lang='lat' dir='ltr'><strong>num.</strong></span> <span class='ocrx_word' id='word_1_167' title='bbox 909 1731 994 1796; x_wconf 83' lang='lat'><strong>56,</strong></span> <span class='ocrx_word' id='word_1_168' title='bbox 1028 1732 1137 1785; x_wconf 87' lang='lat' dir='ltr'><strong>ait:</strong></span> <span class='ocrx_word' id='word_1_169' title='bbox 1171 1730 1428 1787; x_wconf 84' lang='lat' dir='ltr'><strong>Pristinus</strong></span> <span class='ocrx_word' id='word_1_170' title='bbox 1455 1733 1537 1786; x_wconf 83' lang='lat' dir='ltr'><strong>ltic</strong></span> <span class='ocrx_word' id='word_1_171' title='bbox 1570 1752 1678 1788; x_wconf 86' lang='lat' dir='ltr'><strong>mos</strong></span> <span class='ocrx_word' id='word_1_172' title='bbox 1705 1754 1841 1791; x_wconf 82' lang='lat' dir='ltr'><strong>rese-</strong></span> 
     </span>
    </p>
   </div>
   <div class='ocr_carea' id='block_1_29' title="bbox 261 1801 1847 1872">
    <p class='ocr_par' dir='ltr' id='par_1_29' title="bbox 261 1801 1847 1872">
     <span class='ocr_line' id='line_1_29' title="bbox 261 1801 1847 1872; baseline 0.001 -13"><span class='ocrx_word' id='word_1_173' title='bbox 261 1817 404 1860; x_wconf 83' lang='lat' dir='ltr'><strong>ratur</strong></span> <span class='ocrx_word' id='word_1_174' title='bbox 433 1802 751 1858; x_wconf 80' lang='lat' dir='ltr'><strong>Christianos</strong></span> <span class='ocrx_word' id='word_1_175' title='bbox 781 1801 1074 1872; x_wconf 79' lang='lat' dir='ltr'><strong>sepeliendi,</strong></span> <span class='ocrx_word' id='word_1_176' title='bbox 1110 1804 1423 1872; x_wconf 73' lang='lat' dir='ltr'><strong>prwcedrnle</strong></span> <span class='ocrx_word' id='word_1_177' title='bbox 1453 1805 1588 1858; x_wconf 85' lang='lat' dir='ltr'><strong>clero</strong></span> <span class='ocrx_word' id='word_1_178' title='bbox 1619 1807 1847 1861; x_wconf 84' lang='lat' dir='ltr'><strong>diversa-</strong></span> 
     </span>
    </p>
   </div>
   <div class='ocr_carea' id='block_1_30' title="bbox 262 1872 1847 1946">
    <p class='ocr_par' dir='ltr' id='par_1_30' title="bbox 262 1872 1847 1946">
     <span class='ocr_line' id='line_1_30' title="bbox 262 1872 1847 1946; baseline 0.001 -17"><span class='ocrx_word' id='word_1_179' title='bbox 262 1893 374 1929; x_wconf 84' lang='lat' dir='ltr'><strong>rum</strong></span> <span class='ocrx_word' id='word_1_180' title='bbox 400 1875 641 1946; x_wconf 83' lang='lat' dir='ltr'><strong>classium</strong></span> <span class='ocrx_word' id='word_1_181' title='bbox 667 1885 818 1942; x_wconf 87' lang='lat' dir='ltr'><strong>atque</strong></span> <span class='ocrx_word' id='word_1_182' title='bbox 843 1872 1164 1937; x_wconf 82' lang='lat' dir='ltr'><strong>scholarum,</strong></span> <span class='ocrx_word' id='word_1_183' title='bbox 1190 1889 1428 1946; x_wconf 81' lang='lat' dir='ltr'><strong>accensas</strong></span> <span class='ocrx_word' id='word_1_184' title='bbox 1467 1878 1605 1946; x_wconf 81' lang='lat' dir='ltr'><strong>faces</strong></span> <span class='ocrx_word' id='word_1_185' title='bbox 1643 1887 1847 1946; x_wconf 85' lang='lat' dir='ltr'><strong>gestan-</strong></span> 
     </span>
    </p>
   </div>
   <div class='ocr_carea' id='block_1_31' title="bbox 1948 1668 3570 1742">
    <p class='ocr_par' dir='ltr' id='par_1_31' title="bbox 1948 1668 3570 1742">
     <span class='ocr_line' id='line_1_31' title="bbox 1948 1668 3570 1742; baseline -0.001 -18"><span class='ocrx_word' id='word_1_186' title='bbox 1948 1673 2155 1737; x_wconf 73' lang='lat' dir='ltr'><strong>stipata:</strong></span> <span class='ocrx_word' id='word_1_187' title='bbox 2194 1672 2350 1725; x_wconf 82' lang='lat' dir='ltr'><strong>cedro</strong></span> <span class='ocrx_word' id='word_1_188' title='bbox 2403 1687 2638 1742; x_wconf 84' lang='lat' dir='ltr'><strong>ceraque.</strong></span> <span class='ocrx_word' id='word_1_189' title='bbox 2696 1671 3022 1742; x_wconf 85' lang='lat' dir='ltr'><strong>Intempesta</strong></span> <span class='ocrx_word' id='word_1_190' title='bbox 3064 1677 3224 1742; x_wconf 81' lang='lat' dir='ltr'><strong>nocte</strong></span> <span class='ocrx_word' id='word_1_191' title='bbox 3263 1668 3328 1722; x_wconf 86' lang='lat' dir='ltr'><strong>ad</strong></span> <span class='ocrx_word' id='word_1_192' title='bbox 3371 1683 3570 1742; x_wconf 78' lang='lat' dir='ltr'><strong>corpus</strong></span> 
     </span>
    </p>
   </div>
   <div class='ocr_carea' id='block_1_32' title="bbox 1951 1741 3570 1808">
    <p class='ocr_par' dir='ltr' id='par_1_32' title="bbox 1951 1741 3570 1808">
     <span class='ocr_line' id='line_1_32' title="bbox 1951 1741 3570 1808; baseline -0.001 -14"><span class='ocrx_word' id='word_1_193' title='bbox 1951 1742 2313 1797; x_wconf 87' lang='lat' dir='ltr'><strong>amovendum</strong></span> <span class='ocrx_word' id='word_1_194' title='bbox 2350 1741 2699 1808; x_wconf 63' lang='lat' dir='ltr'><strong>perrexerant</strong></span> <span class='ocrx_word' id='word_1_195' title='bbox 2730 1741 2943 1804; x_wconf 88' lang='lat' dir='ltr'><strong>lratres,</strong></span> <span class='ocrx_word' id='word_1_196' title='bbox 2977 1757 3044 1796; x_wconf 91' lang='lat' dir='ltr'><strong>ne</strong></span> <span class='ocrx_word' id='word_1_197' title='bbox 3068 1741 3120 1794; x_wconf 89' lang='lat' dir='ltr'><strong>id</strong></span> <span class='ocrx_word' id='word_1_198' title='bbox 3169 1747 3491 1794; x_wconf 89' lang='lat' dir='ltr'><strong>attentarent</strong></span> <span class='ocrx_word' id='word_1_199' title='bbox 3519 1741 3570 1792; x_wconf 90' lang='lat' dir='ltr'><strong>in</strong></span> 
     </span>
    </p>
   </div>
   <div class='ocr_carea' id='block_1_33' title="bbox 1952 1813 2456 1893">
    <p class='ocr_par' dir='ltr' id='par_1_33' title="bbox 1952 1813 2456 1893">
     <span class='ocr_line' id='line_1_33' title="bbox 1952 1813 2456 1893; baseline 0 -28"><span class='ocrx_word' id='word_1_200' title='bbox 1952 1813 2278 1893; x_wconf 71' lang='lat' dir='ltr'><strong>Cyprianum</strong></span> <span class='ocrx_word' id='word_1_201' title='bbox 2303 1813 2415 1893; x_wconf 50' lang='lat' dir='ltr'><strong>Afri</strong></span> <span class='ocrx_word' id='word_1_202' title='bbox 2441 1853 2456 1893; x_wconf 52' lang='grc' dir='ltr'><em>ε</em></span> 
     </span>
    </p>
   </div>
   <div class='ocr_carea' id='block_1_34' title="bbox 2500 1811 3575 1934">
    <p class='ocr_par' dir='ltr' id='par_1_34' title="bbox 2500 1811 3575 1934">
     <span class='ocr_line' id='line_1_34' title="bbox 2500 1811 3575 1934; baseline 0.001 -71"><span class='ocrx_word' id='word_1_203' title='bbox 2500 1812 2642 1934; x_wconf 64' lang='lat' dir='ltr'><strong>qpod</strong></span> <span class='ocrx_word' id='word_1_204' title='bbox 2685 1812 2737 1865; x_wconf 89' lang='lat' dir='ltr'><strong>in</strong></span> <span class='ocrx_word' id='word_1_205' title='bbox 2769 1811 3130 1890; x_wconf 85' lang='lat' dir='ltr'><strong>Polycarpum</strong></span> <span class='ocrx_word' id='word_1_206' title='bbox 3193 1819 3575 1892; x_wconf 76' lang='lat' dir='ltr'><strong>perpetrarnnt</strong></span> 
     </span>
     <span class='ocr_line' id='line_1_35' title="bbox 2558 1880 3570 1934; baseline -0.002 0"><span class='ocrx_word' id='word_1_207' title='bbox 2558 1897 2588 1934; x_wconf 89' lang='lat' dir='ltr'><strong>e</strong></span> <span class='ocrx_word' id='word_1_208' title='bbox 2619 1895 2720 1934; x_wconf 88' lang='lat' dir='ltr'><strong>oua</strong></span> <span class='ocrx_word' id='word_1_209' title='bbox 2751 1897 2810 1934; x_wconf 90' lang='lat' dir='ltr'><strong>re</strong></span> <span class='ocrx_word' id='word_1_210' title='bbox 2842 1880 2951 1934; x_wconf 82' lang='lat' dir='ltr'><strong>vid.</strong></span> <span class='ocrx_word' id='word_1_211' title='bbox 2986 1881 3179 1934; x_wconf 81' lang='lat' dir='ltr'><strong>Euseb.</strong></span> <span class='ocrx_word' id='word_1_212' title='bbox 3213 1881 3250 1933; x_wconf 94' lang='grc' dir='ltr'><strong>Ι.</strong></span> <span class='ocrx_word' id='word_1_213' title='bbox 3302 1895 3354 1933; x_wconf 85' lang='lat' dir='ltr'><strong>tv</strong></span> <span class='ocrx_word' id='word_1_214' title='bbox 3379 1894 3428 1932; x_wconf 91' lang='lat' dir='ltr'><strong>c.</strong></span> <span class='ocrx_word' id='word_1_215' title='bbox 3478 1880 3570 1933; x_wconf 73' lang='grc'><strong>15.</strong></span> 
     </span>
    </p>
   </div>
   <div class='ocr_carea' id='block_1_35' title="bbox 1990 1879 3570 1950">
    <p class='ocr_par' dir='ltr' id='par_1_35' title="bbox 1990 1879 3570 1950">
     <span class='ocr_line' id='line_1_36' title="bbox 1990 1879 3570 1950; baseline -0.003 -14"><span class='ocrx_word' id='word_1_216' title='bbox 1990 1879 2182 1937; x_wconf 82' lang='lat' dir='ltr'><strong>cntiles</strong></span> <span class='ocrx_word' id='word_1_217' title='bbox 2237 1882 2476 1936; x_wconf 86' lang='lat' dir='ltr'><strong>Asiatici.</strong></span> <span class='ocrx_word' id='word_1_218' title='bbox 2513 1879 2588 1936; x_wconf 88' lang='lat' dir='ltr'><strong>De</strong></span> <span class='ocrx_word' id='word_1_219' title='bbox 2619 1895 2720 1950; x_wconf 86' lang='lat' dir='ltr'><strong>qua</strong></span> <span class='ocrx_word' id='word_1_220' title='bbox 2751 1897 2810 1937; x_wconf 90' lang='lat' dir='ltr'><strong>re</strong></span> <span class='ocrx_word' id='word_1_221' title='bbox 2842 1879 2951 1934; x_wconf 86' lang='lat' dir='ltr'><strong>vid.</strong></span> <span class='ocrx_word' id='word_1_222' title='bbox 2986 1881 3179 1935; x_wconf 81' lang='lat' dir='ltr'><strong>Euseb.</strong></span> <span class='ocrx_word' id='word_1_223' title='bbox 3213 1881 3250 1933; x_wconf 94' lang='grc' dir='ltr'><strong>Ι.</strong></span> <span class='ocrx_word' id='word_1_224' title='bbox 3302 1895 3354 1933; x_wconf 85' lang='lat' dir='ltr'><strong>tv</strong></span> <span class='ocrx_word' id='word_1_225' title='bbox 3379 1894 3428 1932; x_wconf 91' lang='lat' dir='ltr'><strong>c.</strong></span> <span class='ocrx_word' id='word_1_226' title='bbox 3478 1879 3570 1933; x_wconf 80' lang='grc'><strong>15.</strong></span> 
     </span>
    </p>
   </div>
   <div class='ocr_carea' id='block_1_36' title="bbox 263 1944 3570 2024">
    <p class='ocr_par' dir='ltr' id='par_1_36' title="bbox 263 1944 3570 2024">
     <span class='ocr_line' id='line_1_37' title="bbox 263 1944 3570 2024; baseline 0 -23"><span class='ocrx_word' id='word_1_227' title='bbox 263 1948 391 2024; x_wconf 75' lang='lat' dir='ltr'><strong>tibus</strong></span> <span class='ocrx_word' id='word_1_228' title='bbox 419 1944 632 2024; x_wconf 74' lang='lat' dir='ltr'><strong>singulis</strong></span> <span class='ocrx_word' id='word_1_229' title='bbox 667 1947 1044 2024; x_wconf 43' lang='lat' dir='ltr'><strong>magna-plane</strong></span> <span class='ocrx_word' id='word_1_230' title='bbox 1069 1959 1280 2024; x_wconf 71' lang='lat' dir='ltr'><strong>pompa.</strong></span> <span class='ocrx_word' id='word_1_231' title='bbox 1330 1945 1404 1998; x_wconf 86' lang='lat' dir='ltr'><strong>lla</strong></span> <span class='ocrx_word' id='word_1_232' title='bbox 1429 1944 1847 2024; x_wconf 63' lang='lat' dir='ltr'><strong>valeriaiioim-</strong></span> <span class='ocrx_word' id='word_1_233' title='bbox 1877 1950 1924 2009; x_wconf 83' lang='grc' dir='ltr'><strong>Β</strong></span> <span class='ocrx_word' id='word_1_234' title='bbox 1951 1944 2118 2006; x_wconf 74' lang='lat' dir='ltr'><strong>Judrni</strong></span> <span class='ocrx_word' id='word_1_235' title='bbox 2141 1951 2316 2024; x_wconf 69' lang='lat' dir='ltr'><strong>_Joan.</strong></span> <span class='ocrx_word' id='word_1_236' title='bbox 2339 1968 2482 2024; x_wconf 10' lang='lat' dir='ltr'><strong>rxvm</strong></span> <span class='ocrx_word' id='word_1_237' title='bbox 2520 1944 2768 2006; x_wconf 76' lang='lat' dir='ltr'><strong>dicuntur</strong></span> <span class='ocrx_word' id='word_1_238' title='bbox 2834 1953 3048 2007; x_wconf 80' lang='lat' dir='ltr'><strong>venisse</strong></span> <span class='ocrx_word' id='word_1_239' title='bbox 3087 1954 3238 2024; x_wconf 77' lang='grc' dir='ltr'><strong><em>μετὰ·</em></strong></span> <span class='ocrx_word' id='word_1_240' title='bbox 3265 1957 3431 2023; x_wconf 79' lang='grc' dir='ltr'>φανῶν</span> <span class='ocrx_word' id='word_1_241' title='bbox 3481 1952 3570 2004; x_wconf 81' lang='grc' dir='ltr'><em>καὶ</em></span> 
     </span>
    </p>
   </div>
   <div class='ocr_carea' id='block_1_37' title="bbox 265 2014 1848 2088">
    <p class='ocr_par' dir='ltr' id='par_1_37' title="bbox 265 2014 1848 2088">
     <span class='ocr_line' id='line_1_38' title="bbox 265 2014 1848 2088; baseline 0.001 -17"><span class='ocrx_word' id='word_1_242' title='bbox 265 2014 793 2088; x_wconf 83' lang='lat' dir='ltr'><strong>perium_ol_)tinente,</strong></span> <span class='ocrx_word' id='word_1_243' title='bbox 835 2015 1074 2088; x_wconf 71' lang='lat' dir='ltr'><strong>diversas</strong></span> <span class='ocrx_word' id='word_1_244' title='bbox 1104 2014 1304 2088; x_wconf 79' lang='lat' dir='ltr'><strong>classes</strong></span> <span class='ocrx_word' id='word_1_245' title='bbox 1329 2024 1384 2069; x_wconf 90' lang='lat' dir='ltr'><strong>et</strong></span> <span class='ocrx_word' id='word_1_246' title='bbox 1407 2016 1621 2070; x_wconf 83' lang='lat' dir='ltr'><strong>scholas</strong></span> <span class='ocrx_word' id='word_1_247' title='bbox 1647 2018 1848 2088; x_wconf 80' lang='lat' dir='ltr'><strong>habue-</strong></span> 
     </span>
    </p>
   </div>
   <div class='ocr_carea' id='block_1_38' title="bbox 262 2084 1852 2156">
    <p class='ocr_par' dir='ltr' id='par_1_38' title="bbox 262 2084 1852 2156">
     <span class='ocr_line' id='line_1_39' title="bbox 262 2084 1852 2156; baseline 0.003 -15"><span class='ocrx_word' id='word_1_248' title='bbox 262 2084 386 2142; x_wconf 80' lang='lat' dir='ltr'><strong>runt</strong></span> <span class='ocrx_word' id='word_1_249' title='bbox 431 2085 754 2148; x_wconf 86' lang='lat' dir='ltr'><strong>Christiani;</strong></span> <span class='ocrx_word' id='word_1_250' title='bbox 811 2097 864 2140; x_wconf 89' lang='lat' dir='ltr'><strong>et</strong></span> <span class='ocrx_word' id='word_1_251' title='bbox 895 2084 1198 2156; x_wconf 75' lang='lat' dir='ltr'><strong>Martyrum</strong></span> <span class='ocrx_word' id='word_1_252' title='bbox 1253 2085 1437 2140; x_wconf 81' lang='lat' dir='ltr'><strong>funera</strong></span> <span class='ocrx_word' id='word_1_253' title='bbox 1492 2087 1852 2156; x_wconf 89' lang='lat' dir='ltr'><strong>procedentes</strong></span> 
     </span>
    </p>
   </div>
   <div class='ocr_carea' id='block_1_39' title="bbox 262 2155 1851 2225">
    <p class='ocr_par' dir='ltr' id='par_1_39' title="bbox 262 2155 1851 2225">
     <span class='ocr_line' id='line_1_40' title="bbox 262 2155 1851 2225; baseline 0 -12"><span class='ocrx_word' id='word_1_254' title='bbox 262 2160 521 2213; x_wconf 88' lang='lat' dir='ltr'><strong>instructo</strong></span> <span class='ocrx_word' id='word_1_255' title='bbox 546 2157 756 2225; x_wconf 83' lang='lat' dir='ltr'><strong>agmine</strong></span> <span class='ocrx_word' id='word_1_256' title='bbox 779 2197 794 2222; x_wconf 93' lang='lat'><strong>,</strong></span> <span class='ocrx_word' id='word_1_257' title='bbox 843 2155 909 2210; x_wconf 89' lang='lat' dir='ltr'><strong>ad</strong></span> <span class='ocrx_word' id='word_1_258' title='bbox 939 2155 1258 2210; x_wconf 83' lang='lat' dir='ltr'><strong>hodiernum</strong></span> <span class='ocrx_word' id='word_1_259' title='bbox 1299 2156 1749 2225; x_wconf 82' lang='lat' dir='ltr'><strong>supplicationum</strong></span> <span class='ocrx_word' id='word_1_260' title='bbox 1780 2162 1851 2214; x_wconf 86' lang='lat' dir='ltr'><strong>ri-</strong></span> 
     </span>
    </p>
   </div>
   <div class='ocr_carea' id='block_1_40' title="bbox 265 2225 1849 2297">
    <p class='ocr_par' dir='ltr' id='par_1_40' title="bbox 265 2225 1849 2297">
     <span class='ocr_line' id='line_1_41' title="bbox 265 2225 1849 2297; baseline 0.001 -15"><span class='ocrx_word' id='word_1_261' title='bbox 265 2241 395 2293; x_wconf 87' lang='lat' dir='ltr'><strong>tum,</strong></span> <span class='ocrx_word' id='word_1_262' title='bbox 422 2226 785 2282; x_wconf 86' lang='lat' dir='ltr'><strong>celebrabant.</strong></span> <span class='ocrx_word' id='word_1_263' title='bbox 821 2227 1198 2297; x_wconf 84' lang='lat' dir='ltr'><strong>Desideramus</strong></span> <span class='ocrx_word' id='word_1_264' title='bbox 1226 2225 1344 2286; x_wconf 87' lang='lat' dir='ltr'><strong>hic.</strong></span> <span class='ocrx_word' id='word_1_265' title='bbox 1382 2237 1438 2280; x_wconf 92' lang='lat' dir='ltr'><strong>ut</strong></span> <span class='ocrx_word' id='word_1_266' title='bbox 1465 2229 1592 2282; x_wconf 87' lang='lat' dir='ltr'><strong>alibi</strong></span> <span class='ocrx_word' id='word_1_267' title='bbox 1627 2231 1849 2297; x_wconf 90' lang='lat' dir='ltr'><strong>passim,</strong></span> 
     </span>
    </p>
   </div>
   <div class='ocr_carea' id='block_1_41' title="bbox 265 2295 1848 2370">
    <p class='ocr_par' dir='ltr' id='par_1_41' title="bbox 265 2295 1848 2370">
     <span class='ocr_line' id='line_1_42' title="bbox 265 2295 1848 2370; baseline 0.002 -18"><span class='ocrx_word' id='word_1_268' title='bbox 265 2298 501 2370; x_wconf 78' lang='lat' dir='ltr'><strong>historiae</strong></span> <span class='ocrx_word' id='word_1_269' title='bbox 541 2295 1134 2370; x_wconf 65' lang='lat' dir='ltr'><strong>Ecclesiastie&#39;elidem</strong></span> <span class='ocrx_word' id='word_1_270' title='bbox 1176 2306 1228 2370; x_wconf 85' lang='lat' dir='ltr'><strong>et</strong></span> <span class='ocrx_word' id='word_1_271' title='bbox 1265 2295 1848 2370; x_wconf 25' lang='lat' dir='ltr'><strong>dignitatem.’Rigalt.</strong></span> 
     </span>
    </p>
   </div>
   <div class='ocr_carea' id='block_1_42' title="bbox 265 2367 1853 2437">
    <p class='ocr_par' dir='ltr' id='par_1_42' title="bbox 265 2367 1853 2437">
     <span class='ocr_line' id='line_1_43' title="bbox 265 2367 1853 2437; baseline 0.003 -15"><span class='ocrx_word' id='word_1_272' title='bbox 265 2372 356 2423; x_wconf 88' lang='lat' dir='ltr'><strong>ait.</strong></span> <span class='ocrx_word' id='word_1_273' title='bbox 407 2367 472 2421; x_wconf 83' lang='lat' dir='ltr'><strong>In</strong></span> <span class='ocrx_word' id='word_1_274' title='bbox 519 2367 896 2435; x_wconf 76' lang='lat' dir='ltr'><strong>exemplaribus</strong></span> <span class='ocrx_word' id='word_1_275' title='bbox 937 2368 1120 2437; x_wconf 85' lang='lat' dir='ltr'><strong>legitur</strong></span> <span class='ocrx_word' id='word_1_276' title='bbox 1148 2383 1166 2420; x_wconf 88' lang='lat'><strong><em>:</em></strong></span> <span class='ocrx_word' id='word_1_277' title='bbox 1191 2368 1272 2420; x_wconf 84' lang='lat' dir='ltr'><strong>Ad</strong></span> <span class='ocrx_word' id='word_1_278' title='bbox 1311 2385 1481 2422; x_wconf 85' lang='lat' dir='ltr'><strong>cereos</strong></span> <span class='ocrx_word' id='word_1_279' title='bbox 1505 2367 1853 2427; x_wconf 80' lang='lat' dir='ltr'><strong>elscltolaces.</strong></span> 
     </span>
    </p>
   </div>
   <div class='ocr_carea' id='block_1_43' title="bbox 267 2437 1855 2508">
    <p class='ocr_par' dir='ltr' id='par_1_43' title="bbox 267 2437 1855 2508">
     <span class='ocr_line' id='line_1_44' title="bbox 267 2437 1855 2508; baseline 0.001 -14"><span class='ocrx_word' id='word_1_280' title='bbox 267 2439 580 2494; x_wconf 82' lang='lat' dir='ltr'><strong>Rectissime.</strong></span> <span class='ocrx_word' id='word_1_281' title='bbox 615 2438 891 2493; x_wconf 81' lang='lat' dir='ltr'><strong>Scltolaces</strong></span> <span class='ocrx_word' id='word_1_282' title='bbox 923 2437 1116 2491; x_wconf 67' lang='lat' dir='ltr'><strong>Guerre</strong></span> <span class='ocrx_word' id='word_1_283' title='bbox 1141 2440 1354 2508; x_wconf 87' lang='lat' dir='ltr'><strong>originis</strong></span> <span class='ocrx_word' id='word_1_284' title='bbox 1385 2441 1707 2505; x_wconf 88' lang='lat' dir='ltr'><strong>vocabulum,</strong></span> <span class='ocrx_word' id='word_1_285' title='bbox 1753 2445 1855 2496; x_wconf 89' lang='lat' dir='ltr'><strong>sir-</strong></span> 
     </span>
    </p>
   </div>
   <div class='ocr_carea' id='block_1_44' title="bbox 266 2510 1856 2583">
    <p class='ocr_par' dir='ltr' id='par_1_44' title="bbox 266 2510 1856 2583">
     <span class='ocr_line' id='line_1_45' title="bbox 266 2510 1856 2583; baseline 0.003 -20"><span class='ocrx_word' id='word_1_286' title='bbox 266 2527 356 2583; x_wconf 81' lang='lat' dir='ltr'><strong>pos</strong></span> <span class='ocrx_word' id='word_1_287' title='bbox 382 2511 642 2583; x_wconf 77' lang='lat' dir='ltr'><strong>autfunes</strong></span> <span class='ocrx_word' id='word_1_288' title='bbox 680 2510 892 2562; x_wconf 85' lang='lat' dir='ltr'><strong>intortos</strong></span> <span class='ocrx_word' id='word_1_289' title='bbox 919 2510 1207 2583; x_wconf 75' lang='lat' dir='ltr'><strong>signiﬁcat,</strong></span> <span class='ocrx_word' id='word_1_290' title='bbox 1247 2527 1310 2583; x_wconf 54' lang='lat' dir='ltr'><strong>ea:</strong></span> <span class='ocrx_word' id='word_1_291' title='bbox 1331 2511 1512 2583; x_wconf 83' lang='lat' dir='ltr'><strong>quibus</strong></span> <span class='ocrx_word' id='word_1_292' title='bbox 1543 2515 1727 2566; x_wconf 83' lang='lat' dir='ltr'><strong>ceratis</strong></span> <span class='ocrx_word' id='word_1_293' title='bbox 1771 2517 1856 2583; x_wconf 80' lang='lat' dir='ltr'><strong>fu—</strong></span> 
     </span>
    </p>
   </div>
   <div class='ocr_carea' id='block_1_45' title="bbox 266 2579 1858 2644">
    <p class='ocr_par' dir='ltr' id='par_1_45' title="bbox 266 2579 1858 2644">
     <span class='ocr_line' id='line_1_46' title="bbox 266 2579 1858 2644; baseline 0.003 -10"><span class='ocrx_word' id='word_1_294' title='bbox 266 2579 425 2644; x_wconf 86' lang='lat' dir='ltr'><strong>nalia,</strong></span> <span class='ocrx_word' id='word_1_295' title='bbox 472 2582 525 2633; x_wconf 88' lang='lat' dir='ltr'><strong>in</strong></span> <span class='ocrx_word' id='word_1_296' title='bbox 562 2597 707 2632; x_wconf 87' lang='lat' dir='ltr'><strong>usum</strong></span> <span class='ocrx_word' id='word_1_297' title='bbox 735 2581 968 2634; x_wconf 87' lang='lat' dir='ltr'><strong>nocturni</strong></span> <span class='ocrx_word' id='word_1_298' title='bbox 998 2580 1226 2633; x_wconf 87' lang='lat' dir='ltr'><strong>luminis.</strong></span> <span class='ocrx_word' id='word_1_299' title='bbox 1265 2579 1490 2634; x_wconf 84' lang='lat' dir='ltr'><strong>Funales</strong></span> <span class='ocrx_word' id='word_1_300' title='bbox 1520 2593 1567 2636; x_wconf 84' lang='lat' dir='ltr'><strong>et</strong></span> <span class='ocrx_word' id='word_1_301' title='bbox 1597 2579 1858 2639; x_wconf 68' lang='lat' dir='ltr'><strong>sc/rolaces</strong></span> 
     </span>
    </p>
   </div>
   <div class='ocr_carea' id='block_1_46' title="bbox 267 2650 1859 2738">
    <p class='ocr_par' dir='ltr' id='par_1_46' title="bbox 267 2650 1859 2738">
     <span class='ocr_line' id='line_1_47' title="bbox 267 2650 1859 2738; baseline 0.003 -34"><span class='ocrx_word' id='word_1_302' title='bbox 267 2650 662 2738; x_wconf 50' lang='lat' dir='ltr'><strong>erant&#39;candelw</strong></span> <span class='ocrx_word' id='word_1_303' title='bbox 679 2667 835 2738; x_wconf 29' lang='lat' dir='ltr'><strong>“qua:</strong></span> <span class='ocrx_word' id='word_1_304' title='bbox 857 2667 1056 2738; x_wconf 57' lang='lat' dir='ltr'><strong>aliaquo</strong></span> <span class='ocrx_word' id='word_1_305' title='bbox 1077 2667 1248 2732; x_wconf 78' lang='lat' dir='ltr'><strong>versus</strong></span> <span class='ocrx_word' id='word_1_306' title='bbox 1277 2663 1418 2705; x_wconf 85' lang='lat' dir='ltr'><strong>arcte</strong></span> <span class='ocrx_word' id='word_1_307' title='bbox 1442 2655 1725 2738; x_wconf 77' lang='lat' dir='ltr'><strong>vinciebant</strong></span> <span class='ocrx_word' id='word_1_308' title='bbox 1750 2657 1859 2709; x_wconf 81' lang='lat' dir='ltr'><strong>tlte-</strong></span> 
     </span>
    </p>
   </div>
   <div class='ocr_carea' id='block_1_47' title="bbox 267 2721 1860 2791">
    <p class='ocr_par' dir='ltr' id='par_1_47' title="bbox 267 2721 1860 2791">
     <span class='ocr_line' id='line_1_48' title="bbox 267 2721 1860 2791; baseline 0.003 -16"><span class='ocrx_word' id='word_1_309' title='bbox 267 2738 378 2775; x_wconf 84' lang='lat' dir='ltr'><strong>cant</strong></span> <span class='ocrx_word' id='word_1_310' title='bbox 409 2721 653 2776; x_wconf 91' lang='lat' dir='ltr'><strong>librorum</strong></span> <span class='ocrx_word' id='word_1_311' title='bbox 695 2721 900 2775; x_wconf 75' lang='lat' dir='ltr'><strong>Nurnw.</strong></span> <span class='ocrx_word' id='word_1_312' title='bbox 946 2721 1108 2774; x_wconf 75' lang='lat' dir='ltr'><strong>Erant</strong></span> <span class='ocrx_word' id='word_1_313' title='bbox 1147 2722 1282 2775; x_wconf 83' lang='lat' dir='ltr'><strong>enim</strong></span> <span class='ocrx_word' id='word_1_314' title='bbox 1304 2725 1534 2791; x_wconf 81' lang='lat' dir='ltr'><strong>sequacis</strong></span> <span class='ocrx_word' id='word_1_315' title='bbox 1556 2727 1626 2778; x_wconf 84' lang='lat' dir='ltr'><strong>ad</strong></span> <span class='ocrx_word' id='word_1_316' title='bbox 1654 2728 1860 2781; x_wconf 86' lang='lat' dir='ltr'><strong>vincula</strong></span> 
     </span>
    </p>
   </div>
   <div class='ocr_carea' id='block_1_48' title="bbox 269 2791 1856 2864">
    <p class='ocr_par' dir='ltr' id='par_1_48' title="bbox 269 2791 1856 2864">
     <span class='ocr_line' id='line_1_49' title="bbox 269 2791 1856 2864; baseline 0.003 -20"><span class='ocrx_word' id='word_1_317' title='bbox 269 2793 478 2846; x_wconf 79' lang='lat' dir='ltr'><strong>lentitite</strong></span> <span class='ocrx_word' id='word_1_318' title='bbox 518 2801 564 2846; x_wconf 82' lang='lat' dir='ltr'><strong>et</strong></span> <span class='ocrx_word' id='word_1_319' title='bbox 597 2791 688 2847; x_wconf 84' lang='lat' dir='ltr'><strong>sub</strong></span> <span class='ocrx_word' id='word_1_320' title='bbox 725 2802 913 2846; x_wconf 81' lang='lat' dir='ltr'><strong>terram</strong></span> <span class='ocrx_word' id='word_1_321' title='bbox 943 2792 1189 2861; x_wconf 71' lang='lat' dir='ltr'><strong>deposita:</strong></span> <span class='ocrx_word' id='word_1_322' title='bbox 1227 2809 1329 2846; x_wconf 87' lang='lat' dir='ltr'><strong>non</strong></span> <span class='ocrx_word' id='word_1_323' title='bbox 1370 2799 1856 2864; x_wconf 85' lang='lat' dir='ltr'><strong>computrescebant,</strong></span> 
     </span>
    </p>
   </div>
   <div class='ocr_carea' id='block_1_49' title="bbox 1953 2022 2482 2084">
    <p class='ocr_par' dir='ltr' id='par_1_49' title="bbox 1953 2022 2482 2084">
     <span class='ocr_line' id='line_1_50' title="bbox 1953 2022 2482 2084; baseline -0.004 -6"><span class='ocrx_word' id='word_1_324' title='bbox 1953 2022 2254 2084; x_wconf 79' lang='grc' dir='ltr'><strong>λαμπάδων.</strong></span> <span class='ocrx_word' id='word_1_325' title='bbox 2310 2023 2482 2078; x_wconf 81' lang='lat' dir='ltr'><strong>FELL.</strong></span> 
     </span>
    </p>
   </div>
   <div class='ocr_carea' id='block_1_50' title="bbox 2029 2091 3570 2163">
    <p class='ocr_par' dir='ltr' id='par_1_50' title="bbox 2029 2091 3570 2163">
     <span class='ocr_line' id='line_1_51' title="bbox 2029 2091 3570 2163; baseline -0.003 -15"><span class='ocrx_word' id='word_1_326' title='bbox 2029 2094 2384 2148; x_wconf 86' lang='lat' dir='ltr'><strong>Scltolacibus.</strong></span> <span class='ocrx_word' id='word_1_327' title='bbox 2419 2095 2571 2148; x_wconf 81' lang='lat' dir='ltr'><strong>Hunc</strong></span> <span class='ocrx_word' id='word_1_328' title='bbox 2601 2095 2776 2148; x_wconf 89' lang='lat' dir='ltr'><strong>locum</strong></span> <span class='ocrx_word' id='word_1_329' title='bbox 2807 2109 2871 2147; x_wconf 82' lang='lat' dir='ltr'><strong>ex</strong></span> <span class='ocrx_word' id='word_1_330' title='bbox 2927 2091 3304 2163; x_wconf 86' lang='lat' dir='ltr'><strong>compluribus</strong></span> <span class='ocrx_word' id='word_1_331' title='bbox 3329 2105 3462 2163; x_wconf 84' lang='lat' dir='ltr'><strong>mss.</strong></span> <span class='ocrx_word' id='word_1_332' title='bbox 3477 2091 3570 2163; x_wconf 78' lang='lat' dir='ltr'><strong>sic</strong></span> 
     </span>
    </p>
   </div>
   <div class='ocr_carea' id='block_1_51' title="bbox 1955 2161 3576 2234">
    <p class='ocr_par' dir='ltr' id='par_1_51' title="bbox 1955 2161 3576 2234">
     <span class='ocr_line' id='line_1_52' title="bbox 1955 2161 3576 2234; baseline -0.003 -16"><span class='ocrx_word' id='word_1_333' title='bbox 1955 2166 2312 2219; x_wconf 87' lang='lat' dir='ltr'><strong>restituimus.</strong></span> <span class='ocrx_word' id='word_1_334' title='bbox 2344 2163 2402 2218; x_wconf 88' lang='lat' dir='ltr'><strong>In</strong></span> <span class='ocrx_word' id='word_1_335' title='bbox 2431 2165 2590 2218; x_wconf 87' lang='lat' dir='ltr'><strong>editis</strong></span> <span class='ocrx_word' id='word_1_336' title='bbox 2620 2173 2674 2218; x_wconf 92' lang='lat' dir='ltr'><strong>et</strong></span> <span class='ocrx_word' id='word_1_337' title='bbox 2699 2166 2902 2234; x_wconf 87' lang='lat' dir='ltr'><strong>aliquot</strong></span> <span class='ocrx_word' id='word_1_338' title='bbox 2948 2161 3078 2217; x_wconf 77' lang='lat' dir='ltr'><strong>mss.</strong></span> <span class='ocrx_word' id='word_1_339' title='bbox 3115 2178 3210 2231; x_wconf 87' lang='lat' dir='ltr'><strong>pro</strong></span> <span class='ocrx_word' id='word_1_340' title='bbox 3263 2161 3576 2234; x_wconf 70' lang='lat' dir='ltr'><strong>Candidiani</strong></span> 
     </span>
    </p>
   </div>
   <div class='ocr_carea' id='block_1_52' title="bbox 1956 2231 3579 2289">
    <p class='ocr_par' dir='ltr' id='par_1_52' title="bbox 1956 2231 3579 2289">
     <span class='ocr_line' id='line_1_53' title="bbox 1956 2231 3579 2289; baseline -0.002 -1"><span class='ocrx_word' id='word_1_341' title='bbox 1956 2235 2185 2288; x_wconf 88' lang='lat' dir='ltr'><strong>habetur</strong></span> <span class='ocrx_word' id='word_1_342' title='bbox 2213 2234 2455 2288; x_wconf 84' lang='lat' dir='ltr'><strong>Candidi.</strong></span> <span class='ocrx_word' id='word_1_343' title='bbox 2489 2234 2753 2288; x_wconf 88' lang='lat' dir='ltr'><strong>Baronius</strong></span> <span class='ocrx_word' id='word_1_344' title='bbox 2792 2231 3133 2289; x_wconf 50' lang='lat' dir='ltr'><strong>&#39;Scholacium</strong></span> <span class='ocrx_word' id='word_1_345' title='bbox 3191 2233 3411 2288; x_wconf 87' lang='lat' dir='ltr'><strong>nomine</strong></span> <span class='ocrx_word' id='word_1_346' title='bbox 3437 2231 3579 2285; x_wconf 88' lang='lat' dir='ltr'><strong>desi-</strong></span> 
     </span>
    </p>
   </div>
   <div class='ocr_carea' id='block_1_53' title="bbox 1956 2303 3578 2375">
    <p class='ocr_par' dir='ltr' id='par_1_53' title="bbox 1956 2303 3578 2375">
     <span class='ocr_line' id='line_1_54' title="bbox 1956 2303 3578 2375; baseline -0.002 -17"><span class='ocrx_word' id='word_1_347' title='bbox 1956 2307 2110 2375; x_wconf 86' lang='lat' dir='ltr'><strong>gnari</strong></span> <span class='ocrx_word' id='word_1_348' title='bbox 2143 2315 2290 2374; x_wconf 80' lang='lat' dir='ltr'><strong>putat</strong></span> <span class='ocrx_word' id='word_1_349' title='bbox 2331 2305 2545 2360; x_wconf 81' lang='lat' dir='ltr'><strong>scholas</strong></span> <span class='ocrx_word' id='word_1_350' title='bbox 2571 2306 2702 2360; x_wconf 91' lang='lat' dir='ltr'><strong>cleri</strong></span> <span class='ocrx_word' id='word_1_351' title='bbox 2745 2321 2866 2360; x_wconf 90' lang='lat' dir='ltr'><strong>cum</strong></span> <span class='ocrx_word' id='word_1_352' title='bbox 2915 2306 3108 2366; x_wconf 87' lang='lat' dir='ltr'><strong>cereis,</strong></span> <span class='ocrx_word' id='word_1_353' title='bbox 3167 2313 3271 2358; x_wconf 91' lang='lat' dir='ltr'><strong>etc.</strong></span> <span class='ocrx_word' id='word_1_354' title='bbox 3317 2303 3578 2375; x_wconf 80' lang='lat' dir='ltr'><strong>Rigaltius</strong></span> 
     </span>
    </p>
   </div>
   <div class='ocr_carea' id='block_1_54' title="bbox 1961 2373 3578 2442">
    <p class='ocr_par' dir='ltr' id='par_1_54' title="bbox 1961 2373 3578 2442">
     <span class='ocr_line' id='line_1_55' title="bbox 1961 2373 3578 2442; baseline -0.001 -14"><span class='ocrx_word' id='word_1_355' title='bbox 1961 2373 2090 2430; x_wconf 66' lang='lat' dir='ltr'><strong>vero</strong></span> <span class='ocrx_word' id='word_1_356' title='bbox 2121 2373 2267 2431; x_wconf 81' lang='lat' dir='ltr'><strong>faces</strong></span> <span class='ocrx_word' id='word_1_357' title='bbox 2313 2377 2380 2430; x_wconf 91' lang='lat' dir='ltr'><strong>ad</strong></span> <span class='ocrx_word' id='word_1_358' title='bbox 2414 2377 2676 2432; x_wconf 88' lang='lat' dir='ltr'><strong>arcendas</strong></span> <span class='ocrx_word' id='word_1_359' title='bbox 2729 2375 2903 2431; x_wconf 90' lang='lat' dir='ltr'><strong>noctis</strong></span> <span class='ocrx_word' id='word_1_360' title='bbox 2971 2376 3260 2440; x_wconf 91' lang='lat' dir='ltr'><strong>tenebras,</strong></span> <span class='ocrx_word' id='word_1_361' title='bbox 3312 2373 3578 2442; x_wconf 87' lang='lat' dir='ltr'><strong>ejusmodi</strong></span> 
     </span>
    </p>
   </div>
   <div class='ocr_carea' id='block_1_55' title="bbox 1962 2445 3579 2516">
    <p class='ocr_par' dir='ltr' id='par_1_55' title="bbox 1962 2445 3579 2516">
     <span class='ocr_line' id='line_1_56' title="bbox 1962 2445 3579 2516; baseline -0.001 -17"><span class='ocrx_word' id='word_1_362' title='bbox 1962 2448 2166 2502; x_wconf 76' lang='lat' dir='ltr'><strong>furialia</strong></span> <span class='ocrx_word' id='word_1_363' title='bbox 2194 2448 2458 2502; x_wconf 86' lang='lat' dir='ltr'><strong>scholaces</strong></span> <span class='ocrx_word' id='word_1_364' title='bbox 2497 2463 2524 2500; x_wconf 92' lang='lat' dir='ltr'><strong>a</strong></span> <span class='ocrx_word' id='word_1_365' title='bbox 2555 2448 2827 2516; x_wconf 88' lang='lat' dir='ltr'><strong>plerisque</strong></span> <span class='ocrx_word' id='word_1_366' title='bbox 2853 2448 3121 2516; x_wconf 88' lang='lat' dir='ltr'><strong>appellata</strong></span> <span class='ocrx_word' id='word_1_367' title='bbox 3153 2460 3295 2516; x_wconf 14' lang='lat' dir='ltr'><strong>esse,</strong></span> <span class='ocrx_word' id='word_1_368' title='bbox 3325 2445 3579 2498; x_wconf 85' lang='lat' dir='ltr'><strong>observat</strong></span> 
     </span>
    </p>
   </div>
   <div class='ocr_carea' id='block_1_56' title="bbox 1961 2514 3578 2588">
    <p class='ocr_par' dir='ltr' id='par_1_56' title="bbox 1961 2514 3578 2588">
     <span class='ocr_line' id='line_1_57' title="bbox 1961 2514 3578 2588; baseline -0.004 -16"><span class='ocrx_word' id='word_1_369' title='bbox 1961 2516 2195 2588; x_wconf 76' lang='lat' dir='ltr'><strong>Catigius</strong></span> <span class='ocrx_word' id='word_1_370' title='bbox 2224 2520 2275 2572; x_wconf 91' lang='lat' dir='ltr'><strong>in</strong></span> <span class='ocrx_word' id='word_1_371' title='bbox 2320 2514 2618 2573; x_wconf 82' lang='lat' dir='ltr'><strong>Glossario.</strong></span> <span class='ocrx_word' id='word_1_372' title='bbox 2665 2514 2989 2573; x_wconf 77' lang='lat' dir='ltr'><strong>Ccemeteria</strong></span> <span class='ocrx_word' id='word_1_373' title='bbox 3033 2527 3212 2571; x_wconf 88' lang='lat' dir='ltr'><strong>autem</strong></span> <span class='ocrx_word' id='word_1_374' title='bbox 3238 2514 3578 2570; x_wconf 89' lang='lat' dir='ltr'><strong>Christiano-</strong></span> 
     </span>
    </p>
   </div>
   <div class='ocr_carea' id='block_1_57' title="bbox 1965 2588 3576 2658">
    <p class='ocr_par' dir='ltr' id='par_1_57' title="bbox 1965 2588 3576 2658">
     <span class='ocr_line' id='line_1_58' title="bbox 1965 2588 3576 2658; baseline -0.002 -17"><span class='ocrx_word' id='word_1_375' title='bbox 1965 2604 2082 2642; x_wconf 85' lang='lat' dir='ltr'><strong>rum</strong></span> <span class='ocrx_word' id='word_1_376' title='bbox 2133 2588 2399 2658; x_wconf 84' lang='lat' dir='ltr'><strong>appellata</strong></span> <span class='ocrx_word' id='word_1_377' title='bbox 2452 2589 2619 2643; x_wconf 81' lang='lat' dir='ltr'><strong>fuisse</strong></span> <span class='ocrx_word' id='word_1_378' title='bbox 2670 2589 2951 2658; x_wconf 81' lang='lat' dir='ltr'><strong>Arenarias</strong></span> <span class='ocrx_word' id='word_1_379' title='bbox 2996 2603 3092 2642; x_wconf 88' lang='lat' dir='ltr'><strong>seu</strong></span> <span class='ocrx_word' id='word_1_380' title='bbox 3122 2589 3280 2658; x_wconf 71' lang='lat' dir='ltr'><strong>Areas</strong></span> <span class='ocrx_word' id='word_1_381' title='bbox 3327 2595 3481 2658; x_wconf 80' lang='lat' dir='ltr'><strong>patet</strong></span> <span class='ocrx_word' id='word_1_382' title='bbox 3505 2600 3576 2639; x_wconf 79' lang='lat' dir='ltr'><strong>ex</strong></span> 
     </span>
    </p>
   </div>
   <div class='ocr_carea' id='block_1_58' title="bbox 1965 2656 3578 2737">
    <p class='ocr_par' dir='ltr' id='par_1_58' title="bbox 1965 2656 3578 2737">
     <span class='ocr_line' id='line_1_59' title="bbox 1965 2656 3578 2737; baseline -0.001 -27"><span class='ocrx_word' id='word_1_383' title='bbox 1965 2660 2100 2737; x_wconf 77' lang='lat' dir='ltr'><strong>actis</strong></span> <span class='ocrx_word' id='word_1_384' title='bbox 2131 2656 2528 2737; x_wconf 37' lang='lat' dir='ltr'><strong>SS&#39;._Mo.nt_an_i,</strong></span> <span class='ocrx_word' id='word_1_385' title='bbox 2559 2668 2692 2737; x_wconf 44' lang='lat' dir='ltr'><strong>ehte.,</strong></span> <span class='ocrx_word' id='word_1_386' title='bbox 2747 2667 2801 2737; x_wconf 80' lang='lat' dir='ltr'><strong>et</strong></span> <span class='ocrx_word' id='word_1_387' title='bbox 2822 2675 2888 2714; x_wconf 82' lang='lat' dir='ltr'><strong>ex</strong></span> <span class='ocrx_word' id='word_1_388' title='bbox 2912 2656 3342 2737; x_wconf 68' lang='lat' dir='ltr'><strong>Tertullian_o_ad</strong></span> <span class='ocrx_word' id='word_1_389' title='bbox 3371 2658 3578 2737; x_wconf 71' lang='lat' dir='ltr'><strong>Scapti-</strong></span> 
     </span>
    </p>
   </div>
   <div class='ocr_carea' id='block_1_59' title="bbox 1967 2727 3577 2796">
    <p class='ocr_par' dir='ltr' id='par_1_59' title="bbox 1967 2727 3577 2796">
     <span class='ocr_line' id='line_1_60' title="bbox 1967 2727 3577 2796; baseline -0.003 -12"><span class='ocrx_word' id='word_1_390' title='bbox 1967 2729 2096 2794; x_wconf 88' lang='lat' dir='ltr'><strong>lam,</strong></span> <span class='ocrx_word' id='word_1_391' title='bbox 2126 2745 2174 2784; x_wconf 92' lang='lat' dir='ltr'><strong>c.</strong></span> <span class='ocrx_word' id='word_1_392' title='bbox 2229 2731 2284 2786; x_wconf 78' lang='lat'><strong>3.</strong></span> <span class='ocrx_word' id='word_1_393' title='bbox 2319 2729 2532 2785; x_wconf 87' lang='lat' dir='ltr'><strong>Videsis</strong></span> <span class='ocrx_word' id='word_1_394' title='bbox 2571 2729 2862 2784; x_wconf 90' lang='lat' dir='ltr'><strong>Baronium</strong></span> <span class='ocrx_word' id='word_1_395' title='bbox 2913 2728 2980 2782; x_wconf 90' lang='lat' dir='ltr'><strong>ad</strong></span> <span class='ocrx_word' id='word_1_396' title='bbox 3025 2727 3168 2781; x_wconf 90' lang='lat' dir='ltr'><strong>diem</strong></span> <span class='ocrx_word' id='word_1_397' title='bbox 3196 2728 3230 2782; x_wconf 80' lang='grc'>5</span> <span class='ocrx_word' id='word_1_398' title='bbox 3253 2727 3492 2796; x_wconf 89' lang='lat' dir='ltr'><strong>jannar.,</strong></span> <span class='ocrx_word' id='word_1_399' title='bbox 3525 2727 3577 2779; x_wconf 91' lang='lat' dir='ltr'><strong>in</strong></span> 
     </span>
    </p>
   </div>
   <div class='ocr_carea' id='block_1_60' title="bbox 1967 2799 3158 2872">
    <p class='ocr_par' dir='ltr' id='par_1_60' title="bbox 1967 2799 3158 2872">
     <span class='ocr_line' id='line_1_61' title="bbox 1967 2799 3158 2872; baseline -0.003 -18"><span class='ocrx_word' id='word_1_400' title='bbox 1967 2803 2110 2856; x_wconf 88' lang='lat' dir='ltr'><strong>notis</strong></span> <span class='ocrx_word' id='word_1_401' title='bbox 2139 2801 2205 2855; x_wconf 90' lang='lat' dir='ltr'><strong>ad</strong></span> <span class='ocrx_word' id='word_1_402' title='bbox 2238 2799 2591 2872; x_wconf 86' lang='lat' dir='ltr'><strong>martyrolog.</strong></span> <span class='ocrx_word' id='word_1_403' title='bbox 2625 2799 2853 2856; x_wconf 82' lang='lat' dir='ltr'><strong>Roman.</strong></span> <span class='ocrx_word' id='word_1_404' title='bbox 2889 2799 3158 2854; x_wconf 68' lang='lat' dir='ltr'><strong>Romam.</strong></span> 
     </span>
    </p>
   </div>
   <div class='ocr_carea' id='block_1_61' title="bbox 1448 2941 2402 3135">
    <p class='ocr_par' dir='ltr' id='par_1_61' title="bbox 1448 2941 2402 3135">
     <span class='ocr_line' id='line_1_62' title="bbox 1448 2941 2402 3135; baseline 0.007 -13"><span class='ocrx_word' id='word_1_405' title='bbox 1448 2941 2402 3135; x_wconf 66' lang='grc' dir='ltr'><strong>ΑΙ)ΡῇΒᾶ</strong></span> 
     </span>
    </p>
   </div>
   <div class='ocr_carea' id='block_1_62' title="bbox 779 3198 3104 3288">
    <p class='ocr_par' dir='ltr' id='par_1_62' title="bbox 779 3198 3104 3288">
     <span class='ocr_line' id='line_1_63' title="bbox 779 3198 3104 3288; baseline 0.001 -6"><span class='ocrx_word' id='word_1_406' title='bbox 779 3198 1175 3282; x_wconf 89' lang='lat' dir='ltr'><strong>PASSIO</strong></span> <span class='ocrx_word' id='word_1_407' title='bbox 1228 3199 1316 3282; x_wconf 93' lang='lat' dir='ltr'><strong>S.</strong></span> <span class='ocrx_word' id='word_1_408' title='bbox 1382 3198 1940 3284; x_wconf 80' lang='lat' dir='ltr'><strong>CYPRIANI</strong></span> <span class='ocrx_word' id='word_1_409' title='bbox 1976 3202 2146 3284; x_wconf 85' lang='lat' dir='ltr'><strong>EX</strong></span> <span class='ocrx_word' id='word_1_410' title='bbox 2205 3203 2332 3288; x_wconf 92' lang='lat' dir='ltr'><strong>M.</strong></span> <span class='ocrx_word' id='word_1_411' title='bbox 2396 3203 2487 3286; x_wconf 87' lang='lat' dir='ltr'><strong>S.</strong></span> <span class='ocrx_word' id='word_1_412' title='bbox 2549 3201 3104 3286; x_wconf 83' lang='lat' dir='ltr'><strong>VICTORIS</strong></span> 
     </span>
    </p>
   </div>
   <div class='ocr_carea' id='block_1_63' title="bbox 1492 3358 2319 3419">
    <p class='ocr_par' dir='ltr' id='par_1_63' title="bbox 1492 3358 2319 3419">
     <span class='ocr_line' id='line_1_64' title="bbox 1492 3358 2319 3419; baseline 0.005 -4"><span class='ocrx_word' id='word_1_413' title='bbox 1492 3358 1626 3416; x_wconf 85' lang='lat' dir='ltr'><strong>NEC</strong></span> <span class='ocrx_word' id='word_1_414' title='bbox 1665 3359 1804 3418; x_wconf 89' lang='lat' dir='ltr'><strong>NON</strong></span> <span class='ocrx_word' id='word_1_415' title='bbox 1842 3362 2236 3419; x_wconf 84' lang='lat' dir='ltr'><strong>BODLEIANO</strong></span> <span class='ocrx_word' id='word_1_416' title='bbox 2274 3363 2319 3419; x_wconf 86' lang='grc' dir='ltr'><strong>Ι.</strong></span> 
     </span>
    </p>
   </div>
   <div class='ocr_carea' id='block_1_64' title="bbox 348 3495 3582 3574">
    <p class='ocr_par' dir='ltr' id='par_1_64' title="bbox 348 3495 3582 3574">
     <span class='ocr_line' id='line_1_65' title="bbox 348 3495 3582 3574; baseline 0.002 -23"><span class='ocrx_word' id='word_1_417' title='bbox 348 3495 478 3552; x_wconf 91' lang='lat' dir='ltr'><strong>Cum</strong></span> <span class='ocrx_word' id='word_1_418' title='bbox 505 3495 825 3567; x_wconf 88' lang='lat' dir='ltr'><strong>Cyprianus,</strong></span> <span class='ocrx_word' id='word_1_419' title='bbox 855 3511 1075 3554; x_wconf 88' lang='lat' dir='ltr'><strong>sanctus</strong></span> <span class='ocrx_word' id='word_1_420' title='bbox 1097 3511 1320 3574; x_wconf 90' lang='lat' dir='ltr'><strong>martyr,</strong></span> <span class='ocrx_word' id='word_1_421' title='bbox 1338 3501 1541 3557; x_wconf 89' lang='lat' dir='ltr'><strong>electus</strong></span> <span class='ocrx_word' id='word_1_422' title='bbox 1569 3517 1599 3556; x_wconf 90' lang='lat' dir='ltr'><strong>a</strong></span> <span class='ocrx_word' id='word_1_423' title='bbox 1622 3502 1874 3570; x_wconf 90' lang='lat' dir='ltr'><strong>Domino,</strong></span> <span class='ocrx_word' id='word_1_424' title='bbox 1903 3501 1949 3565; x_wconf 91' lang='lat' dir='ltr'><strong>C</strong></span> <span class='ocrx_word' id='word_1_425' title='bbox 1982 3501 2214 3557; x_wconf 89' lang='lat' dir='ltr'><strong>Paterno</strong></span> <span class='ocrx_word' id='word_1_426' title='bbox 2241 3502 2522 3569; x_wconf 90' lang='lat' dir='ltr'><strong>successit,</strong></span> <span class='ocrx_word' id='word_1_427' title='bbox 2556 3510 2610 3557; x_wconf 93' lang='lat' dir='ltr'><strong>et</strong></span> <span class='ocrx_word' id='word_1_428' title='bbox 2635 3503 2772 3557; x_wconf 91' lang='lat' dir='ltr'><strong>alius</strong></span> <span class='ocrx_word' id='word_1_429' title='bbox 2799 3503 3127 3573; x_wconf 81' lang='lat' dir='ltr'><strong>equistrator</strong></span> <span class='ocrx_word' id='word_1_430' title='bbox 3141 3502 3229 3572; x_wconf 90' lang='lat' dir='ltr'><strong>qui</strong></span> <span class='ocrx_word' id='word_1_431' title='bbox 3252 3511 3398 3559; x_wconf 87' lang='lat' dir='ltr'><strong>esset</strong></span> <span class='ocrx_word' id='word_1_432' title='bbox 3422 3518 3451 3557; x_wconf 88' lang='lat' dir='ltr'><strong>a</strong></span> <span class='ocrx_word' id='word_1_433' title='bbox 3483 3516 3582 3558; x_wconf 85' lang='lat' dir='ltr'><strong>eu-</strong></span> 
     </span>
    </p>
   </div>
   <div class='ocr_carea' id='block_1_65' title="bbox 280 3588 1879 3662">
    <p class='ocr_par' dir='ltr' id='par_1_65' title="bbox 280 3588 1879 3662">
     <span class='ocr_line' id='line_1_66' title="bbox 280 3588 1879 3662; baseline 0.004 -18"><span class='ocrx_word' id='word_1_434' title='bbox 280 3589 350 3644; x_wconf 87' lang='lat' dir='ltr'><strong>de</strong></span> <span class='ocrx_word' id='word_1_435' title='bbox 377 3588 594 3645; x_wconf 88' lang='lat' dir='ltr'><strong>civitate</strong></span> <span class='ocrx_word' id='word_1_436' title='bbox 615 3589 969 3656; x_wconf 87' lang='lat' dir='ltr'><strong>Curubitana,</strong></span> <span class='ocrx_word' id='word_1_437' title='bbox 1008 3591 1060 3646; x_wconf 92' lang='lat' dir='ltr'><strong>in</strong></span> <span class='ocrx_word' id='word_1_438' title='bbox 1098 3609 1203 3662; x_wconf 85' lang='lat' dir='ltr'><strong>qua</strong></span> <span class='ocrx_word' id='word_1_439' title='bbox 1229 3594 1421 3648; x_wconf 84' lang='lat' dir='ltr'><strong>exsilio</strong></span> <span class='ocrx_word' id='word_1_440' title='bbox 1445 3595 1600 3648; x_wconf 91' lang='lat' dir='ltr'><strong>datus</strong></span> <span class='ocrx_word' id='word_1_441' title='bbox 1635 3605 1750 3649; x_wconf 87' lang='lat' dir='ltr'><strong>erat</strong></span> <span class='ocrx_word' id='word_1_442' title='bbox 1770 3635 1784 3660; x_wconf 90' lang='lat'><strong>,</strong></span> <span class='ocrx_word' id='word_1_443' title='bbox 1811 3610 1879 3650; x_wconf 85' lang='lat' dir='ltr'><strong>ex</strong></span> 
     </span>
    </p>
   </div>
   <div class='ocr_carea' id='block_1_66' title="bbox 275 3681 1879 3754">
    <p class='ocr_par' dir='ltr' id='par_1_66' title="bbox 275 3681 1879 3754">
     <span class='ocr_line' id='line_1_67' title="bbox 275 3681 1879 3754; baseline 0.004 -21"><span class='ocrx_word' id='word_1_444' title='bbox 275 3689 550 3752; x_wconf 67' lang='lat' dir='ltr'><strong>praecepto</strong></span> <span class='ocrx_word' id='word_1_445' title='bbox 579 3681 791 3752; x_wconf 81' lang='lat' dir='ltr'><strong>Aspasii</strong></span> <span class='ocrx_word' id='word_1_446' title='bbox 813 3683 1054 3739; x_wconf 89' lang='lat' dir='ltr'><strong>Paternii</strong></span> <span class='ocrx_word' id='word_1_447' title='bbox 1071 3693 1196 3739; x_wconf 89' lang='lat' dir='ltr'><strong>tunc</strong></span> <span class='ocrx_word' id='word_1_448' title='bbox 1221 3685 1580 3754; x_wconf 90' lang='lat' dir='ltr'><strong>proconsulis,</strong></span> <span class='ocrx_word' id='word_1_449' title='bbox 1595 3686 1879 3741; x_wconf 85' lang='lat' dir='ltr'><strong>clarissimi</strong></span> 
     </span>
    </p>
   </div>
   <div class='ocr_carea' id='block_1_67' title="bbox 279 3773 1880 3848">
    <p class='ocr_par' dir='ltr' id='par_1_67' title="bbox 279 3773 1880 3848">
     <span class='ocr_line' id='line_1_68' title="bbox 279 3773 1880 3848; baseline 0.004 -23"><span class='ocrx_word' id='word_1_450' title='bbox 279 3773 407 3840; x_wconf 83' lang='lat' dir='ltr'><strong>viri,</strong></span> <span class='ocrx_word' id='word_1_451' title='bbox 439 3788 714 3844; x_wconf 85' lang='lat' dir='ltr'><strong>regressus</strong></span> <span class='ocrx_word' id='word_1_452' title='bbox 740 3784 888 3831; x_wconf 86' lang='lat' dir='ltr'><strong>esset</strong></span> <span class='ocrx_word' id='word_1_453' title='bbox 913 3791 982 3830; x_wconf 75' lang='lat' dir='ltr'><strong>ex</strong></span> <span class='ocrx_word' id='word_1_454' title='bbox 1003 3791 1158 3831; x_wconf 90' lang='lat' dir='ltr'><strong>sacro</strong></span> <span class='ocrx_word' id='word_1_455' title='bbox 1190 3777 1470 3848; x_wconf 76' lang='lat' dir='ltr'><strong>rescripto,</strong></span> <span class='ocrx_word' id='word_1_456' title='bbox 1489 3778 1792 3848; x_wconf 86' lang='lat' dir='ltr'><strong>specialiter</strong></span> <span class='ocrx_word' id='word_1_457' title='bbox 1812 3779 1880 3833; x_wconf 88' lang='lat' dir='ltr'><strong>ad</strong></span> 
     </span>
    </p>
   </div>
   <div class='ocr_carea' id='block_1_68' title="bbox 278 3865 1878 3936">
    <p class='ocr_par' dir='ltr' id='par_1_68' title="bbox 278 3865 1878 3936">
     <span class='ocr_line' id='line_1_69' title="bbox 278 3865 1878 3936; baseline 0.003 -18"><span class='ocrx_word' id='word_1_458' title='bbox 278 3865 386 3920; x_wconf 86' lang='lat' dir='ltr'><strong>hoc</strong></span> <span class='ocrx_word' id='word_1_459' title='bbox 415 3874 470 3921; x_wconf 89' lang='lat' dir='ltr'><strong>et</strong></span> <span class='ocrx_word' id='word_1_460' title='bbox 497 3867 850 3936; x_wconf 88' lang='lat' dir='ltr'><strong>personaliter</strong></span> <span class='ocrx_word' id='word_1_461' title='bbox 873 3870 1093 3934; x_wconf 88' lang='lat' dir='ltr'><strong>emisso,</strong></span> <span class='ocrx_word' id='word_1_462' title='bbox 1122 3869 1174 3923; x_wconf 90' lang='lat' dir='ltr'><strong>in</strong></span> <span class='ocrx_word' id='word_1_463' title='bbox 1205 3870 1372 3924; x_wconf 91' lang='lat' dir='ltr'><strong>hortis</strong></span> <span class='ocrx_word' id='word_1_464' title='bbox 1390 3871 1499 3924; x_wconf 88' lang='lat' dir='ltr'><strong>suis</strong></span> <span class='ocrx_word' id='word_1_465' title='bbox 1519 3871 1797 3935; x_wconf 86' lang='lat' dir='ltr'><strong>manebat;</strong></span> <span class='ocrx_word' id='word_1_466' title='bbox 1824 3879 1878 3923; x_wconf 93' lang='lat' dir='ltr'><strong>et</strong></span> 
     </span>
    </p>
   </div>
   <div class='ocr_carea' id='block_1_69' title="bbox 277 3954 1874 4015">
    <p class='ocr_par' dir='ltr' id='par_1_69' title="bbox 277 3954 1874 4015">
     <span class='ocr_line' id='line_1_70' title="bbox 277 3954 1874 4015; baseline 0.004 -7"><span class='ocrx_word' id='word_1_467' title='bbox 277 3954 346 4009; x_wconf 89' lang='lat' dir='ltr'><strong>ad</strong></span> <span class='ocrx_word' id='word_1_468' title='bbox 377 3954 515 4010; x_wconf 90' lang='lat' dir='ltr'><strong>diem</strong></span> <span class='ocrx_word' id='word_1_469' title='bbox 547 3957 797 4013; x_wconf 81' lang='lat' dir='ltr'><strong>omnibus</strong></span> <span class='ocrx_word' id='word_1_470' title='bbox 839 3967 863 3994; x_wconf 74' lang='grc' dir='ltr'><strong>ει</strong></span> <span class='ocrx_word' id='word_1_471' title='bbox 904 3959 1076 4013; x_wconf 84' lang='lat' dir='ltr'><strong>modis</strong></span> <span class='ocrx_word' id='word_1_472' title='bbox 1120 3962 1291 4015; x_wconf 88' lang='lat' dir='ltr'><strong>veniri</strong></span> <span class='ocrx_word' id='word_1_473' title='bbox 1338 3961 1478 4015; x_wconf 84' lang='lat' dir='ltr'><strong>sicut</strong></span> <span class='ocrx_word' id='word_1_474' title='bbox 1519 3961 1566 4014; x_wconf 89' lang='lat' dir='ltr'><strong>ei</strong></span> <span class='ocrx_word' id='word_1_475' title='bbox 1598 3972 1874 4015; x_wconf 73' lang='lat' dir='ltr'><strong>ostensum</strong></span> 
     </span>
    </p>
   </div>
   <div class='ocr_carea' id='block_1_70' title="bbox 279 4047 1881 4120">
    <p class='ocr_par' dir='ltr' id='par_1_70' title="bbox 279 4047 1881 4120">
     <span class='ocr_line' id='line_1_71' title="bbox 279 4047 1881 4120; baseline 0.003 -19"><span class='ocrx_word' id='word_1_476' title='bbox 279 4054 419 4111; x_wconf 87' lang='lat' dir='ltr'><strong>erat,</strong></span> <span class='ocrx_word' id='word_1_477' title='bbox 439 4047 709 4116; x_wconf 87' lang='lat' dir='ltr'><strong>sperabat.</strong></span> <span class='ocrx_word' id='word_1_478' title='bbox 745 4048 889 4103; x_wconf 87' lang='lat' dir='ltr'><strong>Idem</strong></span> <span class='ocrx_word' id='word_1_479' title='bbox 907 4065 1026 4104; x_wconf 90' lang='lat' dir='ltr'><strong>cum</strong></span> <span class='ocrx_word' id='word_1_480' title='bbox 1052 4049 1161 4104; x_wconf 87' lang='lat' dir='ltr'><strong>illic</strong></span> <span class='ocrx_word' id='word_1_481' title='bbox 1184 4048 1210 4087; x_wconf 73' lang='grc' dir='ltr'><strong>ι)</strong></span> <span class='ocrx_word' id='word_1_482' title='bbox 1242 4050 1632 4116; x_wconf 89' lang='lat' dir='ltr'><strong>demoraretur,</strong></span> <span class='ocrx_word' id='word_1_483' title='bbox 1656 4059 1881 4120; x_wconf 84' lang='lat' dir='ltr'><strong>repente</strong></span> 
     </span>
    </p>
   </div>
   <div class='ocr_carea' id='block_1_71' title="bbox 279 4139 1882 4210">
    <p class='ocr_par' dir='ltr' id='par_1_71' title="bbox 279 4139 1882 4210">
     <span class='ocr_line' id='line_1_72' title="bbox 279 4139 1882 4210; baseline 0.003 -17"><span class='ocrx_word' id='word_1_484' title='bbox 279 4139 460 4194; x_wconf 82' lang='lat' dir='ltr'><strong>idibus</strong></span> <span class='ocrx_word' id='word_1_485' title='bbox 491 4143 908 4210; x_wconf 86' lang='lat' dir='ltr'><strong>septembribus,</strong></span> <span class='ocrx_word' id='word_1_486' title='bbox 942 4143 1119 4198; x_wconf 87' lang='lat' dir='ltr'><strong>Tusco</strong></span> <span class='ocrx_word' id='word_1_487' title='bbox 1155 4155 1210 4199; x_wconf 90' lang='lat' dir='ltr'><strong>et</strong></span> <span class='ocrx_word' id='word_1_488' title='bbox 1238 4145 1404 4200; x_wconf 87' lang='lat' dir='ltr'><strong>Basso</strong></span> <span class='ocrx_word' id='word_1_489' title='bbox 1433 4145 1761 4210; x_wconf 81' lang='lat' dir='ltr'><strong>consulibus,</strong></span> <span class='ocrx_word' id='word_1_490' title='bbox 1793 4161 1882 4198; x_wconf 89' lang='lat' dir='ltr'><strong>ve-</strong></span> 
     </span>
    </p>
   </div>
   <div class='ocr_carea' id='block_1_72' title="bbox 276 4235 1882 4307">
    <p class='ocr_par' dir='ltr' id='par_1_72' title="bbox 276 4235 1882 4307">
     <span class='ocr_line' id='line_1_73' title="bbox 276 4235 1882 4307; baseline 0.002 -18"><span class='ocrx_word' id='word_1_491' title='bbox 276 4242 482 4289; x_wconf 82' lang='lat' dir='ltr'><strong>nerunt</strong></span> <span class='ocrx_word' id='word_1_492' title='bbox 502 4235 567 4290; x_wconf 91' lang='lat' dir='ltr'><strong>ad</strong></span> <span class='ocrx_word' id='word_1_493' title='bbox 596 4251 719 4290; x_wconf 91' lang='lat' dir='ltr'><strong>eum</strong></span> <span class='ocrx_word' id='word_1_494' title='bbox 747 4237 1014 4307; x_wconf 85' lang='lat' dir='ltr'><strong>principes</strong></span> <span class='ocrx_word' id='word_1_495' title='bbox 1045 4237 1174 4305; x_wconf 91' lang='lat' dir='ltr'><strong>duo,</strong></span> <span class='ocrx_word' id='word_1_496' title='bbox 1197 4253 1332 4292; x_wconf 82' lang='lat' dir='ltr'><strong>unus</strong></span> <span class='ocrx_word' id='word_1_497' title='bbox 1364 4249 1563 4292; x_wconf 88' lang='lat' dir='ltr'><strong>strator</strong></span> <span class='ocrx_word' id='word_1_498' title='bbox 1593 4237 1756 4293; x_wconf 78' lang='lat' dir='ltr'><strong>cilicii</strong></span> <span class='ocrx_word' id='word_1_499' title='bbox 1778 4237 1882 4294; x_wconf 85' lang='lat' dir='ltr'><strong>Ga-</strong></span> 
     </span>
    </p>
   </div>
   <div class='ocr_carea' id='block_1_73' title="bbox 281 4326 1882 4402">
    <p class='ocr_par' dir='ltr' id='par_1_73' title="bbox 281 4326 1882 4402">
     <span class='ocr_line' id='line_1_74' title="bbox 281 4326 1882 4402; baseline 0.001 -20"><span class='ocrx_word' id='word_1_500' title='bbox 281 4326 405 4382; x_wconf 89' lang='lat' dir='ltr'><strong>lerii</strong></span> <span class='ocrx_word' id='word_1_501' title='bbox 436 4327 648 4384; x_wconf 79' lang='lat' dir='ltr'><strong>Maximi</strong></span> <span class='ocrx_word' id='word_1_502' title='bbox 671 4329 1030 4399; x_wconf 85' lang='lat' dir='ltr'><strong>proconsulis,</strong></span> <span class='ocrx_word' id='word_1_503' title='bbox 1062 4330 1344 4386; x_wconf 90' lang='lat' dir='ltr'><strong>clarissimi</strong></span> <span class='ocrx_word' id='word_1_504' title='bbox 1376 4331 1498 4397; x_wconf 89' lang='lat' dir='ltr'><strong>viri,</strong></span> <span class='ocrx_word' id='word_1_505' title='bbox 1531 4331 1621 4402; x_wconf 85' lang='lat' dir='ltr'><strong>qui</strong></span> <span class='ocrx_word' id='word_1_506' title='bbox 1653 4331 1882 4401; x_wconf 82' lang='lat' dir='ltr'><strong>ASpasio</strong></span> 
     </span>
    </p>
   </div>
   <div class='ocr_carea' id='block_1_74' title="bbox 1981 3587 3583 3657">
    <p class='ocr_par' dir='ltr' id='par_1_74' title="bbox 1981 3587 3583 3657">
     <span class='ocr_line' id='line_1_75' title="bbox 1981 3587 3583 3657; baseline 0.001 -16"><span class='ocrx_word' id='word_1_507' title='bbox 1981 3587 2174 3642; x_wconf 83' lang='lat' dir='ltr'><strong>stadiis</strong></span> <span class='ocrx_word' id='word_1_508' title='bbox 2189 3587 2351 3643; x_wconf 72' lang='lat' dir='ltr'><strong>officii</strong></span> <span class='ocrx_word' id='word_1_509' title='bbox 2381 3587 2623 3657; x_wconf 87' lang='lat' dir='ltr'><strong>ejusdem</strong></span> <span class='ocrx_word' id='word_1_510' title='bbox 2647 3588 2935 3641; x_wconf 89' lang='lat' dir='ltr'><strong>clarissimi</strong></span> <span class='ocrx_word' id='word_1_511' title='bbox 2955 3587 3074 3652; x_wconf 90' lang='lat' dir='ltr'><strong>viri,</strong></span> <span class='ocrx_word' id='word_1_512' title='bbox 3106 3597 3160 3642; x_wconf 92' lang='lat' dir='ltr'><strong>et</strong></span> <span class='ocrx_word' id='word_1_513' title='bbox 3179 3588 3229 3640; x_wconf 92' lang='lat' dir='ltr'><strong>in</strong></span> <span class='ocrx_word' id='word_1_514' title='bbox 3259 3588 3583 3642; x_wconf 81' lang='lat' dir='ltr'><strong>curriculum</strong></span> 
     </span>
    </p>
   </div>
   <div class='ocr_carea' id='block_1_75' title="bbox 1981 3677 3583 3748">
    <p class='ocr_par' dir='ltr' id='par_1_75' title="bbox 1981 3677 3583 3748">
     <span class='ocr_line' id='line_1_76' title="bbox 1981 3677 3583 3748; baseline 0.002 -18"><span class='ocrx_word' id='word_1_515' title='bbox 1981 3692 2103 3732; x_wconf 91' lang='lat' dir='ltr'><strong>eum</strong></span> <span class='ocrx_word' id='word_1_516' title='bbox 2122 3690 2142 3716; x_wconf 76' lang='grc' dir='ltr'><strong>ο</strong></span> <span class='ocrx_word' id='word_1_517' title='bbox 2174 3679 2560 3748; x_wconf 90' lang='lat' dir='ltr'><strong>imposuerunt,</strong></span> <span class='ocrx_word' id='word_1_518' title='bbox 2578 3686 2632 3732; x_wconf 91' lang='lat' dir='ltr'><strong>et</strong></span> <span class='ocrx_word' id='word_1_519' title='bbox 2647 3677 2808 3732; x_wconf 90' lang='lat' dir='ltr'><strong>ambo</strong></span> <span class='ocrx_word' id='word_1_520' title='bbox 2823 3694 2945 3732; x_wconf 91' lang='lat' dir='ltr'><strong>eum</strong></span> <span class='ocrx_word' id='word_1_521' title='bbox 2967 3685 3274 3743; x_wconf 88' lang='lat' dir='ltr'><strong>tenuerunt,</strong></span> <span class='ocrx_word' id='word_1_522' title='bbox 3292 3687 3346 3732; x_wconf 89' lang='lat' dir='ltr'><strong>et</strong></span> <span class='ocrx_word' id='word_1_523' title='bbox 3363 3678 3414 3731; x_wconf 92' lang='lat' dir='ltr'><strong>in</strong></span> <span class='ocrx_word' id='word_1_524' title='bbox 3433 3678 3583 3734; x_wconf 73' lang='lat' dir='ltr'><strong>Sexti</strong></span> 
     </span>
    </p>
   </div>
   <div class='ocr_carea' id='block_1_76' title="bbox 1985 3769 3584 3840">
    <p class='ocr_par' dir='ltr' id='par_1_76' title="bbox 1985 3769 3584 3840">
     <span class='ocr_line' id='line_1_77' title="bbox 1985 3769 3584 3840; baseline 0.003 -16"><span class='ocrx_word' id='word_1_525' title='bbox 1985 3771 2249 3834; x_wconf 89' lang='lat' dir='ltr'><strong>tulerunt,</strong></span> <span class='ocrx_word' id='word_1_526' title='bbox 2286 3771 2374 3825; x_wconf 89' lang='lat' dir='ltr'><strong>ubi</strong></span> <span class='ocrx_word' id='word_1_527' title='bbox 2422 3771 2561 3825; x_wconf 91' lang='lat' dir='ltr'><strong>idem</strong></span> <span class='ocrx_word' id='word_1_528' title='bbox 2593 3769 2841 3826; x_wconf 89' lang='lat' dir='ltr'><strong>Galerius</strong></span> <span class='ocrx_word' id='word_1_529' title='bbox 2867 3770 3130 3825; x_wconf 78' lang='lat' dir='ltr'><strong>Maximus</strong></span> <span class='ocrx_word' id='word_1_530' title='bbox 3171 3772 3459 3840; x_wconf 89' lang='lat' dir='ltr'><strong>proconsul</strong></span> <span class='ocrx_word' id='word_1_531' title='bbox 3501 3773 3584 3828; x_wconf 84' lang='lat' dir='ltr'><strong>vir</strong></span> 
     </span>
    </p>
   </div>
   <div class='ocr_carea' id='block_1_77' title="bbox 1984 3858 3586 3932">
    <p class='ocr_par' dir='ltr' id='par_1_77' title="bbox 1984 3858 3586 3932">
     <span class='ocr_line' id='line_1_78' title="bbox 1984 3858 3586 3932; baseline 0.001 -16"><span class='ocrx_word' id='word_1_532' title='bbox 1984 3862 2314 3916; x_wconf 80' lang='lat' dir='ltr'><strong>clarissimus</strong></span> <span class='ocrx_word' id='word_1_533' title='bbox 2337 3861 2440 3914; x_wconf 87' lang='lat' dir='ltr'><strong>alia</strong></span> <span class='ocrx_word' id='word_1_534' title='bbox 2473 3860 2580 3927; x_wconf 91' lang='lat' dir='ltr'><strong>die,</strong></span> <span class='ocrx_word' id='word_1_535' title='bbox 2608 3860 2655 3914; x_wconf 89' lang='lat' dir='ltr'><strong>id</strong></span> <span class='ocrx_word' id='word_1_536' title='bbox 2686 3868 2790 3926; x_wconf 90' lang='lat' dir='ltr'><strong>est,</strong></span> <span class='ocrx_word' id='word_1_537' title='bbox 2819 3860 3071 3924; x_wconf 86' lang='lat' dir='ltr'><strong>crastina,</strong></span> <span class='ocrx_word' id='word_1_538' title='bbox 3103 3858 3298 3916; x_wconf 75' lang='lat' dir='ltr'><strong>olferre</strong></span> <span class='ocrx_word' id='word_1_539' title='bbox 3328 3861 3428 3917; x_wconf 88' lang='lat' dir='ltr'><strong>sibi</strong></span> <span class='ocrx_word' id='word_1_540' title='bbox 3446 3878 3586 3932; x_wconf 81' lang='lat' dir='ltr'><strong>prae-</strong></span> 
     </span>
    </p>
   </div>
   <div class='ocr_carea' id='block_1_78' title="bbox 1983 3952 3586 4025">
    <p class='ocr_par' dir='ltr' id='par_1_78' title="bbox 1983 3952 3586 4025">
     <span class='ocr_line' id='line_1_79' title="bbox 1983 3952 3586 4025; baseline -0.002 -14"><span class='ocrx_word' id='word_1_541' title='bbox 1983 3955 2128 4025; x_wconf 89' lang='lat' dir='ltr'><strong>cepit</strong></span> <span class='ocrx_word' id='word_1_542' title='bbox 2153 3972 2164 4006; x_wconf 90' lang='lat'><strong>:</strong></span> <span class='ocrx_word' id='word_1_543' title='bbox 2195 3964 2249 4010; x_wconf 91' lang='lat' dir='ltr'><strong>et</strong></span> <span class='ocrx_word' id='word_1_544' title='bbox 2269 3955 2340 4009; x_wconf 91' lang='lat' dir='ltr'><strong>ita</strong></span> <span class='ocrx_word' id='word_1_545' title='bbox 2367 3953 2508 4008; x_wconf 86' lang='lat' dir='ltr'><strong>idem</strong></span> <span class='ocrx_word' id='word_1_546' title='bbox 2528 3953 2830 4024; x_wconf 87' lang='lat' dir='ltr'><strong>Cyprianus</strong></span> <span class='ocrx_word' id='word_1_547' title='bbox 2853 3969 2975 4006; x_wconf 92' lang='lat' dir='ltr'><strong>cum</strong></span> <span class='ocrx_word' id='word_1_548' title='bbox 3007 3952 3246 4022; x_wconf 86' lang='lat' dir='ltr'><strong>principe</strong></span> <span class='ocrx_word' id='word_1_549' title='bbox 3272 3961 3326 4006; x_wconf 92' lang='lat' dir='ltr'><strong>et</strong></span> <span class='ocrx_word' id='word_1_550' title='bbox 3354 3962 3586 4009; x_wconf 88' lang='lat' dir='ltr'><strong>stratore</strong></span> 
     </span>
    </p>
   </div>
   <div class='ocr_carea' id='block_1_79' title="bbox 1985 4041 3588 4115">
    <p class='ocr_par' dir='ltr' id='par_1_79' title="bbox 1985 4041 3588 4115">
     <span class='ocr_line' id='line_1_80' title="bbox 1985 4041 3588 4115; baseline -0.002 -13"><span class='ocrx_word' id='word_1_551' title='bbox 1985 4048 2146 4104; x_wconf 80' lang='lat' dir='ltr'><strong>ofticii</strong></span> <span class='ocrx_word' id='word_1_552' title='bbox 2178 4045 2403 4102; x_wconf 83' lang='lat' dir='ltr'><strong>maximi</strong></span> <span class='ocrx_word' id='word_1_553' title='bbox 2435 4045 2771 4115; x_wconf 88' lang='lat' dir='ltr'><strong>proconsulis</strong></span> <span class='ocrx_word' id='word_1_554' title='bbox 2801 4041 3092 4100; x_wconf 88' lang='lat' dir='ltr'><strong>clarissimi</strong></span> <span class='ocrx_word' id='word_1_555' title='bbox 3115 4043 3215 4097; x_wconf 88' lang='lat' dir='ltr'><strong>viri</strong></span> <span class='ocrx_word' id='word_1_556' title='bbox 3242 4044 3502 4108; x_wconf 91' lang='lat' dir='ltr'><strong>secessit,</strong></span> <span class='ocrx_word' id='word_1_557' title='bbox 3531 4052 3588 4098; x_wconf 91' lang='lat' dir='ltr'><strong>et</strong></span> 
     </span>
    </p>
   </div>
   <div class='ocr_carea' id='block_1_80' title="bbox 1983 4137 3585 4210">
    <p class='ocr_par' dir='ltr' id='par_1_80' title="bbox 1983 4137 3585 4210">
     <span class='ocr_line' id='line_1_81' title="bbox 1983 4137 3585 4210; baseline -0.002 -14"><span class='ocrx_word' id='word_1_558' title='bbox 1983 4141 2037 4196; x_wconf 89' lang='lat' dir='ltr'><strong>in</strong></span> <span class='ocrx_word' id='word_1_559' title='bbox 2064 4139 2296 4210; x_wconf 90' lang='lat' dir='ltr'><strong>hospitio</strong></span> <span class='ocrx_word' id='word_1_560' title='bbox 2321 4139 2458 4208; x_wconf 87' lang='lat' dir='ltr'><strong>ejus,</strong></span> <span class='ocrx_word' id='word_1_561' title='bbox 2491 4154 2611 4193; x_wconf 91' lang='lat' dir='ltr'><strong>cum</strong></span> <span class='ocrx_word' id='word_1_562' title='bbox 2642 4152 2729 4205; x_wconf 90' lang='lat' dir='ltr'><strong>eo,</strong></span> <span class='ocrx_word' id='word_1_563' title='bbox 2760 4138 2878 4192; x_wconf 89' lang='lat' dir='ltr'><strong>vico</strong></span> <span class='ocrx_word' id='word_1_564' title='bbox 2899 4137 3137 4201; x_wconf 87' lang='lat' dir='ltr'><strong>Saturni,</strong></span> <span class='ocrx_word' id='word_1_565' title='bbox 3171 4137 3313 4192; x_wconf 90' lang='lat' dir='ltr'><strong>inter</strong></span> <span class='ocrx_word' id='word_1_566' title='bbox 3343 4137 3585 4193; x_wconf 86' lang='lat' dir='ltr'><strong>Venerea</strong></span> 
     </span>
    </p>
   </div>
   <div class='ocr_carea' id='block_1_81' title="bbox 1988 4229 3588 4301">
    <p class='ocr_par' dir='ltr' id='par_1_81' title="bbox 1988 4229 3588 4301">
     <span class='ocr_line' id='line_1_82' title="bbox 1988 4229 3588 4301; baseline -0.003 -12"><span class='ocrx_word' id='word_1_567' title='bbox 1988 4245 2040 4289; x_wconf 89' lang='lat' dir='ltr'><strong>ct</strong></span> <span class='ocrx_word' id='word_1_568' title='bbox 2073 4234 2337 4290; x_wconf 90' lang='lat' dir='ltr'><strong>Salutaria</strong></span> <span class='ocrx_word' id='word_1_569' title='bbox 2374 4235 2592 4286; x_wconf 85' lang='lat' dir='ltr'><strong>mansit.</strong></span> <span class='ocrx_word' id='word_1_570' title='bbox 2625 4232 2739 4287; x_wconf 92' lang='lat' dir='ltr'><strong>Illic</strong></span> <span class='ocrx_word' id='word_1_571' title='bbox 2776 4240 2903 4286; x_wconf 89' lang='lat' dir='ltr'><strong>ante</strong></span> <span class='ocrx_word' id='word_1_572' title='bbox 2924 4229 3141 4301; x_wconf 90' lang='lat' dir='ltr'><strong>januam</strong></span> <span class='ocrx_word' id='word_1_573' title='bbox 3174 4230 3458 4286; x_wconf 85' lang='lat' dir='ltr'><strong>universus</strong></span> <span class='ocrx_word' id='word_1_574' title='bbox 3491 4246 3588 4300; x_wconf 83' lang='lat' dir='ltr'><strong>po-</strong></span> 
     </span>
    </p>
   </div>
   <div class='ocr_carea' id='block_1_82' title="bbox 1988 4324 3588 4401">
    <p class='ocr_par' dir='ltr' id='par_1_82' title="bbox 1988 4324 3588 4401">
     <span class='ocr_line' id='line_1_83' title="bbox 1988 4324 3588 4401; baseline -0.001 -16"><span class='ocrx_word' id='word_1_575' title='bbox 1988 4329 2146 4401; x_wconf 92' lang='lat' dir='ltr'><strong>pulus</strong></span> <span class='ocrx_word' id='word_1_576' title='bbox 2178 4327 2400 4384; x_wconf 81' lang='lat' dir='ltr'><strong>fratrum</strong></span> <span class='ocrx_word' id='word_1_577' title='bbox 2423 4327 2641 4382; x_wconf 82' lang='lat' dir='ltr'><strong>mansit.</strong></span> <span class='ocrx_word' id='word_1_578' title='bbox 2670 4326 2739 4382; x_wconf 87' lang='lat' dir='ltr'><strong>Et</strong></span> <span class='ocrx_word' id='word_1_579' title='bbox 2767 4341 2888 4382; x_wconf 92' lang='lat' dir='ltr'><strong>cum</strong></span> <span class='ocrx_word' id='word_1_580' title='bbox 2915 4324 3018 4382; x_wconf 91' lang='lat' dir='ltr'><strong>hoc</strong></span> <span class='ocrx_word' id='word_1_581' title='bbox 3045 4324 3343 4398; x_wconf 88' lang='lat' dir='ltr'><strong>Cyprianus</strong></span> <span class='ocrx_word' id='word_1_582' title='bbox 3371 4340 3588 4398; x_wconf 82' lang='lat' dir='ltr'><strong>compe~</strong></span> 
     </span>
    </p>
   </div>
   <div class='ocr_carea' id='block_1_83' title="bbox 1534 4442 2367 4504">
    <p class='ocr_par' dir='ltr' id='par_1_83' title="bbox 1534 4442 2367 4504">
     <span class='ocr_line' id='line_1_84' title="bbox 1534 4442 2367 4504; baseline -0.005 -3"><span class='ocrx_word' id='word_1_583' title='bbox 1534 4446 1913 4504; x_wconf 73' lang='lat' dir='ltr'><strong>LECTIONES</strong></span> <span class='ocrx_word' id='word_1_584' title='bbox 1948 4442 2367 4502; x_wconf 81' lang='lat' dir='ltr'><strong>VARIANTES.</strong></span> 
     </span>
    </p>
   </div>
   <div class='ocr_carea' id='block_1_84' title="bbox 355 4561 1321 4628">
    <p class='ocr_par' dir='ltr' id='par_1_84' title="bbox 355 4561 1321 4628">
     <span class='ocr_line' id='line_1_85' title="bbox 355 4561 1321 4628; baseline 0.001 -17"><span class='ocrx_word' id='word_1_585' title='bbox 355 4563 380 4628; x_wconf 66' lang='grc' dir='ltr'><strong>ξ’</strong></span> <span class='ocrx_word' id='word_1_586' title='bbox 419 4561 503 4628; x_wconf 58' lang='lat' dir='ltr'><strong>Sic</strong></span> <span class='ocrx_word' id='word_1_587' title='bbox 525 4562 651 4628; x_wconf 69' lang='lat' dir='ltr'><strong>BQIL</strong></span> <span class='ocrx_word' id='word_1_588' title='bbox 682 4565 722 4628; x_wconf 10' lang='lat' dir='ltr'><strong>li.</strong></span> <span class='ocrx_word' id='word_1_589' title='bbox 751 4563 990 4628; x_wconf 86' lang='lat' dir='ltr'><strong>Omnibus</strong></span> <span class='ocrx_word' id='word_1_590' title='bbox 1005 4567 1164 4616; x_wconf 90' lang='lat' dir='ltr'><strong>veniri</strong></span> <span class='ocrx_word' id='word_1_591' title='bbox 1192 4567 1321 4628; x_wconf 79' lang='lat' dir='ltr'><strong>Imp.</strong></span> 
     </span>
    </p>
   </div>
   <div class='ocr_carea' id='block_1_85' title="bbox 354 4620 1390 4679">
    <p class='ocr_par' dir='ltr' id='par_1_85' title="bbox 354 4620 1390 4679">
     <span class='ocr_line' id='line_1_86' title="bbox 354 4620 1390 4679; baseline 0 -2"><span class='ocrx_word' id='word_1_592' title='bbox 354 4620 384 4661; x_wconf 61' lang='lat'><strong>1’</strong></span> <span class='ocrx_word' id='word_1_593' title='bbox 416 4625 534 4677; x_wconf 87' lang='lat' dir='ltr'><strong>Cum</strong></span> <span class='ocrx_word' id='word_1_594' title='bbox 554 4624 652 4676; x_wconf 90' lang='lat' dir='ltr'><strong>illic</strong></span> <span class='ocrx_word' id='word_1_595' title='bbox 671 4627 803 4676; x_wconf 84' lang='lat' dir='ltr'><strong>idem</strong></span> <span class='ocrx_word' id='word_1_596' title='bbox 823 4627 1166 4679; x_wconf 87' lang='lat' dir='ltr'><strong>demoraretur</strong></span> <span class='ocrx_word' id='word_1_597' title='bbox 1192 4620 1315 4679; x_wconf 68' lang='lat' dir='ltr'><strong>Boil.</strong></span> <span class='ocrx_word' id='word_1_598' title='bbox 1346 4630 1390 4678; x_wconf 60' lang='grc'><strong>’1.</strong></span> 
     </span>
    </p>
   </div>
   <div class='ocr_carea' id='block_1_86' title="bbox 2059 4557 3025 4624">
    <p class='ocr_par' dir='ltr' id='par_1_86' title="bbox 2059 4557 3025 4624">
     <span class='ocr_line' id='line_1_87' title="bbox 2059 4557 3025 4624; baseline -0.002 -14"><span class='ocrx_word' id='word_1_599' title='bbox 2059 4564 2082 4593; x_wconf 78' lang='grc' dir='ltr'><strong>ο</strong></span> <span class='ocrx_word' id='word_1_600' title='bbox 2120 4561 2480 4624; x_wconf 87' lang='lat' dir='ltr'><strong>Imposuerunt,</strong></span> <span class='ocrx_word' id='word_1_601' title='bbox 2509 4566 2561 4610; x_wconf 85' lang='lat' dir='ltr'><strong>et</strong></span> <span class='ocrx_word' id='word_1_602' title='bbox 2587 4560 2635 4609; x_wconf 91' lang='lat' dir='ltr'><strong>in</strong></span> <span class='ocrx_word' id='word_1_603' title='bbox 2659 4559 2802 4610; x_wconf 81' lang='lat' dir='ltr'><strong>Sexti</strong></span> <span class='ocrx_word' id='word_1_604' title='bbox 2828 4557 2950 4610; x_wconf 81' lang='lat' dir='ltr'><strong>Bod.</strong></span> <span class='ocrx_word' id='word_1_605' title='bbox 2981 4562 3025 4610; x_wconf 86' lang='lat'><strong>1.</strong></span> 
     </span>
    </p>
   </div>
   <div class='ocr_carea' id='block_1_87' title="bbox 1642 4737 2262 4796">
    <p class='ocr_par' dir='ltr' id='par_1_87' title="bbox 1642 4737 2262 4796">
     <span class='ocr_line' id='line_1_88' title="bbox 1642 4737 2262 4796; baseline 0.006 -5"><span class='ocrx_word' id='word_1_606' title='bbox 1642 4737 1997 4795; x_wconf 78' lang='lat' dir='ltr'><strong>VARIORUM</strong></span> <span class='ocrx_word' id='word_1_607' title='bbox 2035 4737 2262 4796; x_wconf 72' lang='lat' dir='ltr'><strong>NOTA&#39;I.</strong></span> 
     </span>
    </p>
   </div>
   <div class='ocr_carea' id='block_1_88' title="bbox 365 4841 3590 4926">
    <p class='ocr_par' dir='ltr' id='par_1_88' title="bbox 365 4841 3590 4926">
     <span class='ocr_line' id='line_1_89' title="bbox 365 4841 3590 4926; baseline 0.003 -25"><span class='ocrx_word' id='word_1_608' title='bbox 365 4846 553 4926; x_wconf 78' lang='lat' dir='ltr'><strong>Passio</strong></span> <span class='ocrx_word' id='word_1_609' title='bbox 602 4848 664 4904; x_wconf 89' lang='lat' dir='ltr'><strong>S.</strong></span> <span class='ocrx_word' id='word_1_610' title='bbox 705 4847 969 4926; x_wconf 78' lang='lat' dir='ltr'><strong>Cypriani.</strong></span> <span class='ocrx_word' id='word_1_611' title='bbox 1011 4851 1206 4920; x_wconf 81' lang='lat' dir='ltr'><strong>Rigalt.</strong></span> <span class='ocrx_word' id='word_1_612' title='bbox 1235 4852 1322 4926; x_wconf 73' lang='lat' dir='ltr'><strong>ait</strong></span> <span class='ocrx_word' id='word_1_613' title='bbox 1361 4851 1498 4926; x_wconf 82' lang='lat' dir='ltr'><strong>hanc</strong></span> <span class='ocrx_word' id='word_1_614' title='bbox 1535 4850 1603 4907; x_wconf 89' lang='lat' dir='ltr'><strong>de</strong></span> <span class='ocrx_word' id='word_1_615' title='bbox 1635 4852 1886 4926; x_wconf 75' lang='lat' dir='ltr'><strong>Cypriani</strong></span> <span class='ocrx_word' id='word_1_616' title='bbox 1914 4841 1968 4900; x_wconf 84' lang='grc' dir='ltr'>Ῑ)</span> <span class='ocrx_word' id='word_1_617' title='bbox 1995 4850 2333 4926; x_wconf 70' lang='lat' dir='ltr'><strong>factum&#39;est,</strong></span> <span class='ocrx_word' id='word_1_618' title='bbox 2363 4865 2625 4926; x_wconf 89' lang='lat' dir='ltr'><strong>perpetuo</strong></span> <span class='ocrx_word' id='word_1_619' title='bbox 2656 4855 2962 4924; x_wconf 88' lang='lat' dir='ltr'><strong>ingeratur,</strong></span> <span class='ocrx_word' id='word_1_620' title='bbox 2995 4852 3340 4910; x_wconf 86' lang='lat' dir='ltr'><strong>librariorum</strong></span> <span class='ocrx_word' id='word_1_621' title='bbox 3369 4854 3590 4926; x_wconf 85' lang='lat' dir='ltr'><strong>elegan-</strong></span> 
     </span>
    </p>
   </div>
   <div class='ocr_carea' id='block_1_89' title="bbox 290 4919 1885 4989">
    <p class='ocr_par' dir='ltr' id='par_1_89' title="bbox 290 4919 1885 4989">
     <span class='ocr_line' id='line_1_90' title="bbox 290 4919 1885 4989; baseline 0.004 -17"><span class='ocrx_word' id='word_1_622' title='bbox 290 4919 556 4989; x_wconf 80' lang='lat' dir='ltr'><strong>inartyrio</strong></span> <span class='ocrx_word' id='word_1_623' title='bbox 587 4919 947 4974; x_wconf 82' lang='lat' dir='ltr'><strong>narrationem</strong></span> <span class='ocrx_word' id='word_1_624' title='bbox 971 4964 984 4984; x_wconf 91' lang='lat'><strong>,</strong></span> <span class='ocrx_word' id='word_1_625' title='bbox 1033 4933 1088 4975; x_wconf 87' lang='lat' dir='ltr'><strong>ut</strong></span> <span class='ocrx_word' id='word_1_626' title='bbox 1123 4933 1206 4977; x_wconf 90' lang='lat' dir='ltr'><strong>est</strong></span> <span class='ocrx_word' id='word_1_627' title='bbox 1234 4923 1547 4978; x_wconf 84' lang='lat' dir='ltr'><strong>brevissima</strong></span> <span class='ocrx_word' id='word_1_628' title='bbox 1570 4966 1584 4986; x_wconf 91' lang='lat'><strong>,</strong></span> <span class='ocrx_word' id='word_1_629' title='bbox 1613 4919 1695 4978; x_wconf 77' lang='lat' dir='ltr'><strong>sic</strong></span> <span class='ocrx_word' id='word_1_630' title='bbox 1721 4919 1885 4978; x_wconf 78' lang='lat' dir='ltr'><strong>etiam</strong></span> 
     </span>
    </p>
   </div>
   <div class='ocr_carea' id='block_1_90' title="bbox 290 4991 1889 5064">
    <p class='ocr_par' dir='ltr' id='par_1_90' title="bbox 290 4991 1889 5064">
     <span class='ocr_line' id='line_1_91' title="bbox 290 4991 1889 5064; baseline 0.003 -20"><span class='ocrx_word' id='word_1_631' title='bbox 290 5004 417 5044; x_wconf 86' lang='lat' dir='ltr'><strong>csse</strong></span> <span class='ocrx_word' id='word_1_632' title='bbox 441 4991 869 5064; x_wconf 89' lang='lat' dir='ltr'><strong>antiquissimam</strong></span> <span class='ocrx_word' id='word_1_633' title='bbox 899 4994 1240 5048; x_wconf 86' lang='lat' dir='ltr'><strong>arbitramur.</strong></span> <span class='ocrx_word' id='word_1_634' title='bbox 1287 4995 1520 5048; x_wconf 88' lang='lat' dir='ltr'><strong>Plurima</strong></span> <span class='ocrx_word' id='word_1_635' title='bbox 1551 4995 1772 5064; x_wconf 79' lang='lat' dir='ltr'><strong>Pontius</strong></span> <span class='ocrx_word' id='word_1_636' title='bbox 1803 4997 1889 5064; x_wconf 92' lang='lat' dir='ltr'><strong>pio</strong></span> 
     </span>
    </p>
   </div>
   <div class='ocr_carea' id='block_1_91' title="bbox 290 5062 1889 5132">
    <p class='ocr_par' dir='ltr' id='par_1_91' title="bbox 290 5062 1889 5132">
     <span class='ocr_line' id='line_1_92' title="bbox 290 5062 1889 5132; baseline 0.005 -20"><span class='ocrx_word' id='word_1_637' title='bbox 290 5077 420 5132; x_wconf 66' lang='lat' dir='ltr'><strong>erga</strong></span> <span class='ocrx_word' id='word_1_638' title='bbox 452 5075 609 5114; x_wconf 87' lang='lat' dir='ltr'><strong>suum</strong></span> <span class='ocrx_word' id='word_1_639' title='bbox 647 5062 956 5132; x_wconf 83' lang='lat' dir='ltr'><strong>episeopmn</strong></span> <span class='ocrx_word' id='word_1_640' title='bbox 985 5063 1180 5118; x_wconf 83' lang='lat' dir='ltr'><strong>all&#39;eetu</strong></span> <span class='ocrx_word' id='word_1_641' title='bbox 1225 5065 1492 5118; x_wconf 89' lang='lat' dir='ltr'><strong>rhetorica</strong></span> <span class='ocrx_word' id='word_1_642' title='bbox 1524 5063 1771 5120; x_wconf 90' lang='lat' dir='ltr'><strong>libertate</strong></span> <span class='ocrx_word' id='word_1_643' title='bbox 1803 5062 1889 5120; x_wconf 87' lang='lat' dir='ltr'><strong>in-</strong></span> 
     </span>
    </p>
   </div>
   <div class='ocr_carea' id='block_1_92' title="bbox 291 5131 1889 5204">
    <p class='ocr_par' dir='ltr' id='par_1_92' title="bbox 291 5131 1889 5204">
     <span class='ocr_line' id='line_1_93' title="bbox 291 5131 1889 5204; baseline 0.005 -22"><span class='ocrx_word' id='word_1_644' title='bbox 291 5131 518 5204; x_wconf 77' lang='lat' dir='ltr'><strong>geniose</strong></span> <span class='ocrx_word' id='word_1_645' title='bbox 545 5131 882 5187; x_wconf 88' lang='lat' dir='ltr'><strong>commentus</strong></span> <span class='ocrx_word' id='word_1_646' title='bbox 912 5147 1010 5188; x_wconf 90' lang='lat' dir='ltr'><strong>est.</strong></span> <span class='ocrx_word' id='word_1_647' title='bbox 1055 5136 1214 5188; x_wconf 83' lang='lat' dir='ltr'><strong>Multa</strong></span> <span class='ocrx_word' id='word_1_648' title='bbox 1255 5136 1414 5189; x_wconf 88' lang='lat' dir='ltr'><strong>etiam</strong></span> <span class='ocrx_word' id='word_1_649' title='bbox 1453 5136 1542 5189; x_wconf 88' lang='lat' dir='ltr'><strong>alii</strong></span> <span class='ocrx_word' id='word_1_650' title='bbox 1573 5177 1586 5200; x_wconf 94' lang='lat'><strong>,</strong></span> <span class='ocrx_word' id='word_1_651' title='bbox 1616 5151 1711 5203; x_wconf 88' lang='lat' dir='ltr'><strong>pro</strong></span> <span class='ocrx_word' id='word_1_652' title='bbox 1732 5147 1889 5204; x_wconf 88' lang='lat' dir='ltr'><strong>captu</strong></span> 
     </span>
    </p>
   </div>
   <div class='ocr_carea' id='block_1_93' title="bbox 293 5203 1893 5274">
    <p class='ocr_par' dir='ltr' id='par_1_93' title="bbox 293 5203 1893 5274">
     <span class='ocr_line' id='line_1_94' title="bbox 293 5203 1893 5274; baseline 0.004 -21"><span class='ocrx_word' id='word_1_653' title='bbox 293 5203 529 5274; x_wconf 85' lang='lat' dir='ltr'><strong>quisque</strong></span> <span class='ocrx_word' id='word_1_654' title='bbox 549 5219 668 5270; x_wconf 67' lang='lat' dir='ltr'><strong>5U&quot;,</strong></span> <span class='ocrx_word' id='word_1_655' title='bbox 691 5207 1021 5274; x_wconf 80' lang='lat' dir='ltr'><strong>adjecerunt,</strong></span> <span class='ocrx_word' id='word_1_656' title='bbox 1051 5207 1225 5260; x_wconf 87' lang='lat' dir='ltr'><strong>ahena</strong></span> <span class='ocrx_word' id='word_1_657' title='bbox 1255 5208 1471 5270; x_wconf 67' lang='lat' dir='ltr'><strong>saeculo,</strong></span> <span class='ocrx_word' id='word_1_658' title='bbox 1504 5207 1678 5260; x_wconf 90' lang='lat' dir='ltr'><strong>aliena</strong></span> <span class='ocrx_word' id='word_1_659' title='bbox 1710 5203 1893 5274; x_wconf 76' lang='lat' dir='ltr'><strong>perso-</strong></span> 
     </span>
    </p>
   </div>
   <div class='ocr_carea' id='block_1_94' title="bbox 295 5273 1890 5344">
    <p class='ocr_par' dir='ltr' id='par_1_94' title="bbox 295 5273 1890 5344">
     <span class='ocr_line' id='line_1_95' title="bbox 295 5273 1890 5344; baseline 0.004 -20"><span class='ocrx_word' id='word_1_660' title='bbox 295 5273 406 5336; x_wconf 84' lang='lat' dir='ltr'><strong>nis,</strong></span> <span class='ocrx_word' id='word_1_661' title='bbox 439 5275 681 5341; x_wconf 75' lang='lat' dir='ltr'><strong>quaedam</strong></span> <span class='ocrx_word' id='word_1_662' title='bbox 719 5273 877 5330; x_wconf 90' lang='lat' dir='ltr'><strong>etiam</strong></span> <span class='ocrx_word' id='word_1_663' title='bbox 911 5277 1258 5331; x_wconf 77' lang='lat' dir='ltr'><strong>detraxerunt</strong></span> <span class='ocrx_word' id='word_1_664' title='bbox 1294 5278 1448 5330; x_wconf 88' lang='lat' dir='ltr'><strong>valde</strong></span> <span class='ocrx_word' id='word_1_665' title='bbox 1491 5277 1667 5340; x_wconf 89' lang='lat' dir='ltr'><strong>bona;</strong></span> <span class='ocrx_word' id='word_1_666' title='bbox 1706 5273 1890 5344; x_wconf 86' lang='lat' dir='ltr'><strong>ntjam</strong></span> 
     </span>
    </p>
   </div>
   <div class='ocr_carea' id='block_1_95' title="bbox 297 5347 1888 5418">
    <p class='ocr_par' dir='ltr' id='par_1_95' title="bbox 297 5347 1888 5418">
     <span class='ocr_line' id='line_1_96' title="bbox 297 5347 1888 5418; baseline 0.003 -24"><span class='ocrx_word' id='word_1_667' title='bbox 297 5357 468 5418; x_wconf 82' lang='lat' dir='ltr'><strong>pauca</strong></span> <span class='ocrx_word' id='word_1_668' title='bbox 495 5347 767 5418; x_wconf 81' lang='lat' dir='ltr'><strong>supersint</strong></span> <span class='ocrx_word' id='word_1_669' title='bbox 793 5363 912 5415; x_wconf 73' lang='lat' dir='ltr'><strong>qtae</strong></span> <span class='ocrx_word' id='word_1_670' title='bbox 947 5359 1200 5415; x_wconf 71' lang='lat' dir='ltr'><strong>prmstare</strong></span> <span class='ocrx_word' id='word_1_671' title='bbox 1243 5349 1514 5418; x_wconf 84' lang='lat' dir='ltr'><strong>possimus</strong></span> <span class='ocrx_word' id='word_1_672' title='bbox 1538 5350 1768 5418; x_wconf 81' lang='lat' dir='ltr'><strong>sincera.</strong></span> <span class='ocrx_word' id='word_1_673' title='bbox 1796 5350 1888 5402; x_wconf 85' lang='lat' dir='ltr'><strong>llla</strong></span> 
     </span>
    </p>
   </div>
   <div class='ocr_carea' id='block_1_96' title="bbox 295 5415 1892 5489">
    <p class='ocr_par' dir='ltr' id='par_1_96' title="bbox 295 5415 1892 5489">
     <span class='ocr_line' id='line_1_97' title="bbox 295 5415 1892 5489; baseline 0.004 -22"><span class='ocrx_word' id='word_1_674' title='bbox 295 5415 414 5489; x_wconf 78' lang='lat' dir='ltr'><strong>ipsa</strong></span> <span class='ocrx_word' id='word_1_675' title='bbox 447 5431 566 5485; x_wconf 60' lang='lat' dir='ltr'><strong>qua:</strong></span> <span class='ocrx_word' id='word_1_676' title='bbox 593 5417 915 5489; x_wconf 87' lang='lat' dir='ltr'><strong>Prudentius</strong></span> <span class='ocrx_word' id='word_1_677' title='bbox 950 5429 1125 5488; x_wconf 87' lang='lat' dir='ltr'><strong>poeta,</strong></span> <span class='ocrx_word' id='word_1_678' title='bbox 1158 5415 1461 5487; x_wconf 81' lang='lat' dir='ltr'><strong>passionem</strong></span> <span class='ocrx_word' id='word_1_679' title='bbox 1490 5417 1745 5489; x_wconf 88' lang='lat' dir='ltr'><strong>Cypriani</strong></span> <span class='ocrx_word' id='word_1_680' title='bbox 1797 5420 1892 5474; x_wconf 87' lang='lat' dir='ltr'><strong>de-</strong></span> 
     </span>
    </p>
   </div>
   <div class='ocr_carea' id='block_1_97' title="bbox 298 5485 1892 5558">
    <p class='ocr_par' dir='ltr' id='par_1_97' title="bbox 298 5485 1892 5558">
     <span class='ocr_line' id='line_1_98' title="bbox 298 5485 1892 5558; baseline 0.005 -21"><span class='ocrx_word' id='word_1_681' title='bbox 298 5485 626 5554; x_wconf 86' lang='lat' dir='ltr'><strong>scripturus.</strong></span> <span class='ocrx_word' id='word_1_682' title='bbox 652 5488 808 5543; x_wconf 65' lang='lat' dir='ltr'><strong>lamna</strong></span> <span class='ocrx_word' id='word_1_683' title='bbox 832 5485 1048 5555; x_wconf 80' lang='lat' dir='ltr'><strong>accepta</strong></span> <span class='ocrx_word' id='word_1_684' title='bbox 1096 5485 1295 5558; x_wconf 74' lang='lat' dir='ltr'><strong>rel‘ert,</strong></span> <span class='ocrx_word' id='word_1_685' title='bbox 1335 5491 1482 5558; x_wconf 80' lang='lat' dir='ltr'><strong>Actis</strong></span> <span class='ocrx_word' id='word_1_686' title='bbox 1526 5485 1724 5546; x_wconf 82' lang='lat' dir='ltr'><strong>inserta</strong></span> <span class='ocrx_word' id='word_1_687' title='bbox 1755 5499 1892 5545; x_wconf 87' lang='lat' dir='ltr'><strong>tran-</strong></span> 
     </span>
    </p>
   </div>
   <div class='ocr_carea' id='block_1_98' title="bbox 298 5554 1426 5616">
    <p class='ocr_par' dir='ltr' id='par_1_98' title="bbox 298 5554 1426 5616">
     <span class='ocr_line' id='line_1_99' title="bbox 298 5554 1426 5616; baseline 0.008 -6"><span class='ocrx_word' id='word_1_688' title='bbox 298 5565 464 5610; x_wconf 82' lang='lat' dir='ltr'><strong>seunt</strong></span> <span class='ocrx_word' id='word_1_689' title='bbox 493 5558 543 5610; x_wconf 90' lang='lat' dir='ltr'><strong>in</strong></span> <span class='ocrx_word' id='word_1_690' title='bbox 577 5559 875 5614; x_wconf 90' lang='lat' dir='ltr'><strong>historiam.</strong></span> <span class='ocrx_word' id='word_1_691' title='bbox 907 5554 1071 5616; x_wconf 70' lang='lat' dir='ltr'><strong>FELL.</strong></span> <span class='ocrx_word' id='word_1_692' title='bbox 1282 5554 1290 5558; x_wconf 65' lang='grc'><em>’</em></span> <span class='ocrx_word' id='word_1_693' title='bbox 1411 5554 1426 5571; x_wconf 86' lang='grc'><strong>’</strong></span> 
     </span>
    </p>
   </div>
   <div class='ocr_carea' id='block_1_99' title="bbox 380 5625 1889 5688">
    <p class='ocr_par' dir='ltr' id='par_1_99' title="bbox 380 5625 1889 5688">
     <span class='ocr_line' id='line_1_100' title="bbox 380 5625 1889 5688; baseline 0.006 -10"><span class='ocrx_word' id='word_1_694' title='bbox 380 5625 713 5685; x_wconf 80' lang='lat' dir='ltr'><strong>Proconsulis</strong></span> <span class='ocrx_word' id='word_1_695' title='bbox 735 5632 1004 5685; x_wconf 81' lang='lat' dir='ltr'><strong>clarissimi</strong></span> <span class='ocrx_word' id='word_1_696' title='bbox 1030 5633 1142 5686; x_wconf 89' lang='lat' dir='ltr'><strong>viri.</strong></span> <span class='ocrx_word' id='word_1_697' title='bbox 1171 5632 1553 5687; x_wconf 85' lang='lat' dir='ltr'><strong>Proconsulem</strong></span> <span class='ocrx_word' id='word_1_698' title='bbox 1587 5632 1742 5685; x_wconf 85' lang='lat' dir='ltr'><strong>titulo</strong></span> <span class='ocrx_word' id='word_1_699' title='bbox 1779 5633 1889 5688; x_wconf 83' lang='lat' dir='ltr'><strong>ela-</strong></span> 
     </span>
    </p>
   </div>
   <div class='ocr_carea' id='block_1_100' title="bbox 300 5695 1894 5773">
    <p class='ocr_par' dir='ltr' id='par_1_100' title="bbox 300 5695 1894 5773">
     <span class='ocr_line' id='line_1_101' title="bbox 300 5695 1894 5773; baseline 0.004 -22"><span class='ocrx_word' id='word_1_700' title='bbox 300 5695 506 5773; x_wconf 74' lang='lat' dir='ltr'><strong>rissimi</strong></span> <span class='ocrx_word' id='word_1_701' title='bbox 535 5702 634 5755; x_wconf 91' lang='lat' dir='ltr'><strong>viri</strong></span> <span class='ocrx_word' id='word_1_702' title='bbox 678 5701 988 5773; x_wconf 88' lang='lat' dir='ltr'><strong>insignitum</strong></span> <span class='ocrx_word' id='word_1_703' title='bbox 1020 5703 1186 5758; x_wconf 82' lang='lat' dir='ltr'><strong>fuisse</strong></span> <span class='ocrx_word' id='word_1_704' title='bbox 1211 5717 1278 5757; x_wconf 79' lang='lat' dir='ltr'><strong>ex</strong></span> <span class='ocrx_word' id='word_1_705' title='bbox 1305 5705 1492 5759; x_wconf 90' lang='lat' dir='ltr'><strong>codice</strong></span> <span class='ocrx_word' id='word_1_706' title='bbox 1521 5703 1806 5773; x_wconf 81' lang='lat' dir='ltr'><strong>Justiniani</strong></span> <span class='ocrx_word' id='word_1_707' title='bbox 1839 5713 1894 5758; x_wconf 93' lang='lat' dir='ltr'><strong>et</strong></span> 
     </span>
    </p>
   </div>
   <div class='ocr_carea' id='block_1_101' title="bbox 300 5768 1892 5846">
    <p class='ocr_par' dir='ltr' id='par_1_101' title="bbox 300 5768 1892 5846">
     <span class='ocr_line' id='line_1_102' title="bbox 300 5768 1892 5846; baseline 0.004 -20"><span class='ocrx_word' id='word_1_708' title='bbox 300 5768 427 5828; x_wconf 79' lang='lat' dir='ltr'><strong>aliis</strong></span> <span class='ocrx_word' id='word_1_709' title='bbox 451 5779 693 5830; x_wconf 86' lang='lat' dir='ltr'><strong>veterum</strong></span> <span class='ocrx_word' id='word_1_710' title='bbox 742 5768 956 5846; x_wconf 73' lang='lat' dir='ltr'><strong>scriptis</strong></span> <span class='ocrx_word' id='word_1_711' title='bbox 1013 5783 1199 5833; x_wconf 87' lang='lat' dir='ltr'><strong>notum</strong></span> <span class='ocrx_word' id='word_1_712' title='bbox 1221 5783 1337 5841; x_wconf 84' lang='lat' dir='ltr'><strong>est;</strong></span> <span class='ocrx_word' id='word_1_713' title='bbox 1370 5774 1468 5832; x_wconf 79' lang='lat' dir='ltr'><strong>sed</strong></span> <span class='ocrx_word' id='word_1_714' title='bbox 1503 5783 1590 5844; x_wconf 92' lang='lat' dir='ltr'><strong>ut,</strong></span> <span class='ocrx_word' id='word_1_715' title='bbox 1633 5772 1775 5845; x_wconf 89' lang='lat' dir='ltr'><strong>quod</strong></span> <span class='ocrx_word' id='word_1_716' title='bbox 1800 5773 1892 5832; x_wconf 89' lang='lat' dir='ltr'><strong>hic</strong></span> 
     </span>
    </p>
   </div>
   <div class='ocr_carea' id='block_1_102' title="bbox 1995 4923 3590 4996">
    <p class='ocr_par' dir='ltr' id='par_1_102' title="bbox 1995 4923 3590 4996">
     <span class='ocr_line' id='line_1_103' title="bbox 1995 4923 3590 4996; baseline 0.003 -18"><span class='ocrx_word' id='word_1_717' title='bbox 1995 4925 2067 4979; x_wconf 91' lang='lat' dir='ltr'><strong>tia</strong></span> <span class='ocrx_word' id='word_1_718' title='bbox 2095 4923 2277 4978; x_wconf 88' lang='lat' dir='ltr'><strong>haberi</strong></span> <span class='ocrx_word' id='word_1_719' title='bbox 2302 4923 2505 4990; x_wconf 82' lang='lat' dir='ltr'><strong>debet,</strong></span> <span class='ocrx_word' id='word_1_720' title='bbox 2537 4923 2768 4996; x_wconf 85' lang='lat' dir='ltr'><strong>quorum</strong></span> <span class='ocrx_word' id='word_1_721' title='bbox 2803 4934 3100 4996; x_wconf 88' lang='lat' dir='ltr'><strong>perpetttus</strong></span> <span class='ocrx_word' id='word_1_722' title='bbox 3127 4941 3245 4982; x_wconf 88' lang='lat' dir='ltr'><strong>mos</strong></span> <span class='ocrx_word' id='word_1_723' title='bbox 3280 4935 3384 4992; x_wconf 87' lang='lat' dir='ltr'><strong>est,</strong></span> <span class='ocrx_word' id='word_1_724' title='bbox 3409 4923 3590 4982; x_wconf 80' lang='lat' dir='ltr'><strong>omnia</strong></span> 
     </span>
    </p>
   </div>
   <div class='ocr_carea' id='block_1_103' title="bbox 1993 4996 3037 5066">
    <p class='ocr_par' dir='ltr' id='par_1_103' title="bbox 1993 4996 3037 5066">
     <span class='ocr_line' id='line_1_104' title="bbox 1993 4996 3037 5066; baseline 0.002 -17"><span class='ocrx_word' id='word_1_725' title='bbox 1993 5011 2114 5066; x_wconf 84' lang='lat' dir='ltr'><strong>quae</strong></span> <span class='ocrx_word' id='word_1_726' title='bbox 2140 4997 2434 5050; x_wconf 85' lang='lat' dir='ltr'><strong>emendant</strong></span> <span class='ocrx_word' id='word_1_727' title='bbox 2453 4998 2845 5066; x_wconf 90' lang='lat' dir='ltr'><strong>contaminare.</strong></span> <span class='ocrx_word' id='word_1_728' title='bbox 2870 4996 3037 5052; x_wconf 76' lang='lat' dir='ltr'><strong>FELL.</strong></span> 
     </span>
    </p>
   </div>
   <div class='ocr_carea' id='block_1_104' title="bbox 2069 5065 3592 5139">
    <p class='ocr_par' dir='ltr' id='par_1_104' title="bbox 2069 5065 3592 5139">
     <span class='ocr_line' id='line_1_105' title="bbox 2069 5065 3592 5139; baseline 0.001 -18"><span class='ocrx_word' id='word_1_729' title='bbox 2069 5065 2380 5139; x_wconf 83' lang='lat' dir='ltr'><strong>Specialiter</strong></span> <span class='ocrx_word' id='word_1_730' title='bbox 2429 5065 2500 5139; x_wconf 86' lang='lat' dir='ltr'><strong>ad_</strong></span> <span class='ocrx_word' id='word_1_731' title='bbox 2541 5067 2634 5120; x_wconf 86' lang='lat' dir='ltr'><strong>hoc</strong></span> <span class='ocrx_word' id='word_1_732' title='bbox 2674 5077 2721 5139; x_wconf 79' lang='lat' dir='ltr'><strong>et</strong></span> <span class='ocrx_word' id='word_1_733' title='bbox 2779 5069 3136 5136; x_wconf 84' lang='lat' dir='ltr'><strong>personaliter.</strong></span> <span class='ocrx_word' id='word_1_734' title='bbox 3197 5067 3324 5122; x_wconf 71' lang='lat' dir='ltr'><strong>Haec</strong></span> <span class='ocrx_word' id='word_1_735' title='bbox 3375 5067 3592 5139; x_wconf 89' lang='lat' dir='ltr'><strong>ineptus</strong></span> 
     </span>
    </p>
   </div>
   <div class='ocr_carea' id='block_1_105' title="bbox 1995 5136 3380 5207">
    <p class='ocr_par' dir='ltr' id='par_1_105' title="bbox 1995 5136 3380 5207">
     <span class='ocr_line' id='line_1_106' title="bbox 1995 5136 3380 5207; baseline 0 -16"><span class='ocrx_word' id='word_1_736' title='bbox 1995 5137 2189 5206; x_wconf 89' lang='lat' dir='ltr'><strong>aliquis</strong></span> <span class='ocrx_word' id='word_1_737' title='bbox 2209 5137 2277 5191; x_wconf 91' lang='lat' dir='ltr'><strong>de</strong></span> <span class='ocrx_word' id='word_1_738' title='bbox 2300 5152 2464 5207; x_wconf 85' lang='lat' dir='ltr'><strong>grege</strong></span> <span class='ocrx_word' id='word_1_739' title='bbox 2489 5136 2847 5206; x_wconf 85' lang='lat' dir='ltr'><strong>leguleiorum</strong></span> <span class='ocrx_word' id='word_1_740' title='bbox 2881 5140 3116 5193; x_wconf 88' lang='lat' dir='ltr'><strong>intrusit.</strong></span> <span class='ocrx_word' id='word_1_741' title='bbox 3152 5139 3380 5194; x_wconf 75' lang='lat' dir='ltr'><strong>RIGALT.</strong></span> 
     </span>
    </p>
   </div>
   <div class='ocr_carea' id='block_1_106' title="bbox 2071 5207 3593 5278">
    <p class='ocr_par' dir='ltr' id='par_1_106' title="bbox 2071 5207 3593 5278">
     <span class='ocr_line' id='line_1_107' title="bbox 2071 5207 3593 5278; baseline 0.002 -16"><span class='ocrx_word' id='word_1_742' title='bbox 2071 5208 2137 5262; x_wconf 84' lang='lat' dir='ltr'><strong>Et</strong></span> <span class='ocrx_word' id='word_1_743' title='bbox 2165 5207 2234 5278; x_wconf 85' lang='lat' dir='ltr'><strong>ad</strong></span> <span class='ocrx_word' id='word_1_744' title='bbox 2264 5209 2398 5261; x_wconf 87' lang='lat' dir='ltr'><strong>diem</strong></span> <span class='ocrx_word' id='word_1_745' title='bbox 2429 5209 2660 5262; x_wconf 79' lang='lat' dir='ltr'><strong>erunibus</strong></span> <span class='ocrx_word' id='word_1_746' title='bbox 2688 5209 2868 5262; x_wconf 84' lang='lat' dir='ltr'><strong>veniri.</strong></span> <span class='ocrx_word' id='word_1_747' title='bbox 2913 5209 3221 5278; x_wconf 84' lang='lat' dir='ltr'><strong>Legendum</strong></span> <span class='ocrx_word' id='word_1_748' title='bbox 3265 5210 3500 5272; x_wconf 86' lang='lat' dir='ltr'><strong>videtur,</strong></span> <span class='ocrx_word' id='word_1_749' title='bbox 3537 5219 3593 5265; x_wconf 90' lang='lat' dir='ltr'><strong>et</strong></span> 
     </span>
    </p>
   </div>
   <div class='ocr_carea' id='block_1_107' title="bbox 1999 5277 3594 5350">
    <p class='ocr_par' dir='ltr' id='par_1_107' title="bbox 1999 5277 3594 5350">
     <span class='ocr_line' id='line_1_108' title="bbox 1999 5277 3594 5350; baseline 0.003 -19"><span class='ocrx_word' id='word_1_750' title='bbox 1999 5279 2064 5332; x_wconf 90' lang='lat' dir='ltr'><strong>ad</strong></span> <span class='ocrx_word' id='word_1_751' title='bbox 2090 5295 2149 5334; x_wconf 92' lang='lat' dir='ltr'><strong>se</strong></span> <span class='ocrx_word' id='word_1_752' title='bbox 2167 5277 2366 5350; x_wconf 85' lang='lat' dir='ltr'><strong>diebus</strong></span> <span class='ocrx_word' id='word_1_753' title='bbox 2395 5279 2647 5350; x_wconf 84' lang='lat' dir='ltr'><strong>otnnibns</strong></span> <span class='ocrx_word' id='word_1_754' title='bbox 2682 5280 2874 5332; x_wconf 87' lang='lat' dir='ltr'><strong>veniri.</strong></span> <span class='ocrx_word' id='word_1_755' title='bbox 2930 5277 3262 5350; x_wconf 83' lang='lat' dir='ltr'><strong>Augustinus</strong></span> <span class='ocrx_word' id='word_1_756' title='bbox 3303 5297 3315 5332; x_wconf 91' lang='lat'><strong>:</strong></span> <span class='ocrx_word' id='word_1_757' title='bbox 3364 5279 3431 5334; x_wconf 84' lang='lat' dir='ltr'><strong>Et</strong></span> <span class='ocrx_word' id='word_1_758' title='bbox 3473 5281 3594 5335; x_wconf 83' lang='lat' dir='ltr'><strong>inde</strong></span> 
     </span>
    </p>
   </div>
   <div class='ocr_carea' id='block_1_108' title="bbox 1997 5347 3588 5422">
    <p class='ocr_par' dir='ltr' id='par_1_108' title="bbox 1997 5347 3588 5422">
     <span class='ocr_line' id='line_1_109' title="bbox 1997 5347 3588 5422; baseline 0.001 -20"><span class='ocrx_word' id='word_1_759' title='bbox 1997 5347 2229 5422; x_wconf 72' lang='lat' dir='ltr'><strong>quotidie</strong></span> <span class='ocrx_word' id='word_1_760' title='bbox 2265 5348 2499 5422; x_wconf 78' lang='lat' dir='ltr'><strong>sperabat</strong></span> <span class='ocrx_word' id='word_1_761' title='bbox 2527 5351 2684 5422; x_wconf 74' lang='lat' dir='ltr'><strong>veniri</strong></span> <span class='ocrx_word' id='word_1_762' title='bbox 2700 5350 2793 5422; x_wconf 8' lang='lat' dir='ltr'><strong>ad?</strong></span> <span class='ocrx_word' id='word_1_763' title='bbox 2822 5367 2894 5422; x_wconf 78' lang='lat' dir='ltr'><strong>se.</strong></span> <span class='ocrx_word' id='word_1_764' title='bbox 2926 5347 3046 5422; x_wconf 81' lang='lat' dir='ltr'><strong>Ipse</strong></span> <span class='ocrx_word' id='word_1_765' title='bbox 3067 5351 3390 5422; x_wconf 87' lang='lat' dir='ltr'><strong>Cyprianus,</strong></span> <span class='ocrx_word' id='word_1_766' title='bbox 3429 5354 3588 5419; x_wconf 92' lang='lat' dir='ltr'><strong>epist.</strong></span> 
     </span>
    </p>
   </div>
   <div class='ocr_carea' id='block_1_109' title="bbox 1997 5419 3596 5488">
    <p class='ocr_par' dir='ltr' id='par_1_109' title="bbox 1997 5419 3596 5488">
     <span class='ocr_line' id='line_1_110' title="bbox 1997 5419 3596 5488; baseline 0.001 -14"><span class='ocrx_word' id='word_1_767' title='bbox 1997 5423 2088 5485; x_wconf 67' lang='lat'><strong>8‘2,</strong></span> <span class='ocrx_word' id='word_1_768' title='bbox 2144 5420 2234 5474; x_wconf 94' lang='lat' dir='ltr'><strong>ubi</strong></span> <span class='ocrx_word' id='word_1_769' title='bbox 2265 5419 2334 5474; x_wconf 88' lang='lat' dir='ltr'><strong>de</strong></span> <span class='ocrx_word' id='word_1_770' title='bbox 2390 5421 2589 5474; x_wconf 87' lang='lat' dir='ltr'><strong>litteris</strong></span> <span class='ocrx_word' id='word_1_771' title='bbox 2617 5419 2890 5475; x_wconf 73' lang='lat' dir='ltr'><strong>Valeriani</strong></span> <span class='ocrx_word' id='word_1_772' title='bbox 2926 5419 3128 5488; x_wconf 54' lang='lat' dir='ltr'><strong>{Quas</strong></span> <span class='ocrx_word' id='word_1_773' title='bbox 3147 5419 3339 5477; x_wconf 86' lang='lat' dir='ltr'><strong>litteras</strong></span> <span class='ocrx_word' id='word_1_774' title='bbox 3366 5423 3596 5488; x_wconf 84' lang='lat' dir='ltr'><strong>quotidie</strong></span> 
     </span>
    </p>
   </div>
   <div class='ocr_carea' id='block_1_110' title="bbox 1996 5490 2742 5559">
    <p class='ocr_par' dir='ltr' id='par_1_110' title="bbox 1996 5490 2742 5559">
     <span class='ocr_line' id='line_1_111' title="bbox 1996 5490 2742 5559; baseline -0.001 -14"><span class='ocrx_word' id='word_1_775' title='bbox 1996 5507 2262 5559; x_wconf 74' lang='lat' dir='ltr'><strong>speramus</strong></span> <span class='ocrx_word' id='word_1_776' title='bbox 2289 5491 2478 5544; x_wconf 86' lang='lat' dir='ltr'><strong>venire.</strong></span> <span class='ocrx_word' id='word_1_777' title='bbox 2514 5490 2742 5546; x_wconf 74' lang='lat' dir='ltr'><strong>RIGAL&#39;r.</strong></span> 
     </span>
    </p>
   </div>
   <div class='ocr_carea' id='block_1_111' title="bbox 2069 5560 3362 5632">
    <p class='ocr_par' dir='ltr' id='par_1_111' title="bbox 2069 5560 3362 5632">
     <span class='ocr_line' id='line_1_112' title="bbox 2069 5560 3362 5632; baseline 0.002 -18"><span class='ocrx_word' id='word_1_778' title='bbox 2069 5560 2136 5615; x_wconf 83' lang='lat' dir='ltr'><strong>In</strong></span> <span class='ocrx_word' id='word_1_779' title='bbox 2165 5561 2384 5632; x_wconf 84' lang='lat' dir='ltr'><strong>hospitio</strong></span> <span class='ocrx_word' id='word_1_780' title='bbox 2408 5562 2539 5632; x_wconf 88' lang='lat' dir='ltr'><strong>ejus.</strong></span> <span class='ocrx_word' id='word_1_781' title='bbox 2574 5563 2797 5618; x_wconf 84' lang='lat' dir='ltr'><strong>Pontius</strong></span> <span class='ocrx_word' id='word_1_782' title='bbox 2824 5580 2836 5617; x_wconf 92' lang='lat'><strong>:</strong></span> <span class='ocrx_word' id='word_1_783' title='bbox 2872 5563 3088 5618; x_wconf 82' lang='lat' dir='ltr'><strong>delicata</strong></span> <span class='ocrx_word' id='word_1_784' title='bbox 3114 5564 3362 5620; x_wconf 86' lang='lat' dir='ltr'><strong>custodia.</strong></span> 
     </span>
    </p>
   </div>
   <div class='ocr_carea' id='block_1_112' title="bbox 3200 5636 3429 5692">
    <p class='ocr_par' dir='ltr' id='par_1_112' title="bbox 3200 5636 3429 5692">
     <span class='ocr_line' id='line_1_113' title="bbox 3200 5636 3429 5692; baseline 0 -2"><span class='ocrx_word' id='word_1_785' title='bbox 3200 5636 3429 5692; x_wconf 74' lang='lat' dir='ltr'><strong>RIGALT.</strong></span> 
     </span>
    </p>
   </div>
   <div class='ocr_carea' id='block_1_113' title="bbox 2069 5702 3595 5765">
    <p class='ocr_par' dir='ltr' id='par_1_113' title="bbox 2069 5702 3595 5765">
     <span class='ocr_line' id='line_1_114' title="bbox 2069 5702 3595 5765; baseline 0.004 -8"><span class='ocrx_word' id='word_1_786' title='bbox 2069 5702 2214 5758; x_wconf 84' lang='lat' dir='ltr'><strong>Inter</strong></span> <span class='ocrx_word' id='word_1_787' title='bbox 2253 5703 2480 5758; x_wconf 84' lang='lat' dir='ltr'><strong>Venerea</strong></span> <span class='ocrx_word' id='word_1_788' title='bbox 2505 5716 2551 5759; x_wconf 88' lang='lat' dir='ltr'><strong>et</strong></span> <span class='ocrx_word' id='word_1_789' title='bbox 2568 5704 2856 5761; x_wconf 84' lang='lat' dir='ltr'><strong>Salutaria.</strong></span> <span class='ocrx_word' id='word_1_790' title='bbox 2888 5707 3033 5762; x_wconf 83' lang='lat' dir='ltr'><strong>Inter</strong></span> <span class='ocrx_word' id='word_1_791' title='bbox 3054 5706 3281 5762; x_wconf 85' lang='lat' dir='ltr'><strong>Veneris</strong></span> <span class='ocrx_word' id='word_1_792' title='bbox 3307 5717 3363 5762; x_wconf 88' lang='lat' dir='ltr'><strong>et</strong></span> <span class='ocrx_word' id='word_1_793' title='bbox 3393 5706 3595 5765; x_wconf 85' lang='lat' dir='ltr'><strong>Salutis</strong></span> 
     </span>
    </p>
   </div>
   <div class='ocr_carea' id='block_1_114' title="bbox 1996 5775 3593 5839">
    <p class='ocr_par' dir='ltr' id='par_1_114' title="bbox 1996 5775 3593 5839">
     <span class='ocr_line' id='line_1_115' title="bbox 1996 5775 3593 5839; baseline 0.003 -7"><span class='ocrx_word' id='word_1_794' title='bbox 1996 5775 2198 5834; x_wconf 82' lang='lat' dir='ltr'><strong>ianum.</strong></span> <span class='ocrx_word' id='word_1_795' title='bbox 2246 5777 2382 5834; x_wconf 83' lang='lat' dir='ltr'><strong>Acta</strong></span> <span class='ocrx_word' id='word_1_796' title='bbox 2407 5792 2476 5835; x_wconf 80' lang='lat' dir='ltr'><strong>ex</strong></span> <span class='ocrx_word' id='word_1_797' title='bbox 2521 5776 2644 5837; x_wconf 89' lang='lat' dir='ltr'><strong>cod.</strong></span> <span class='ocrx_word' id='word_1_798' title='bbox 2692 5775 3006 5838; x_wconf 79' lang='lat' dir='ltr'><strong>Fossatensi</strong></span> <span class='ocrx_word' id='word_1_799' title='bbox 3033 5786 3091 5838; x_wconf 88' lang='lat' dir='ltr'><strong>et</strong></span> <span class='ocrx_word' id='word_1_800' title='bbox 3131 5777 3424 5839; x_wconf 79' lang='lat' dir='ltr'><strong>Prateusi:</strong></span> <span class='ocrx_word' id='word_1_801' title='bbox 3459 5780 3593 5839; x_wconf 76' lang='lat' dir='ltr'><strong>inter</strong></span> 
     </span>
    </p>
   </div>
  </div>
