4216 6282
695 271 834 333 I507

1993 262 2231 324 PASSIO
2269 261 2329 320 ὃ.
2369 257 2713 323 CYPRIANI.

3852 254 3980 310 530$

696 385 882 450 risset,
913 379 1162 453 castigari
1203 377 1409 450 puellas
1451 377 1731 449 praecepit,
1781 377 2034 448 quoniam
2071 378 2125 433 in
2151 377 2288 432 'vico
2315 381 2366 441 Α
2391 377 2564 431 manis
2586 383 2640 430 ct
2667 371 3017 444 religionibus
3041 370 3210 427 sacris
3232 409 3247 435 ,
3273 383 3375 428 nec
3403 377 3458 425 te
3486 368 3559 440 pii
3581 374 3637 424 ct
3663 371 3977 428 sanctissimi

697 491 884 532 omnes
902 485 1026 530 ante
1048 475 1264 545 ianuam
1295 472 1509 542 hospitii
1547 472 1802 541 principis
1812 471 2083 540 iacebant.
2127 471 2193 524 Et
2218 470 2291 525 ita

697 570 862 625 altera
882 569 987 630 die,
1019 569 1072 626 id
1102 577 1184 623 est
1211 583 1318 622 xvn
1347 566 1607 621 kalendas
1635 564 1885 620 Octobris
1910 580 2064 619 mane
2084 565 2286 634 multo,

698 661 765 716 ad
818 659 987 725 Sexti,
1041 659 1335 718 secundum
1383 665 1710 728 praeceptum
1757 665 1782 692 ἰ
1823 655 2023 712 Galerii
2077 655 2291 710 Maximi

701 753 1057 824 proconsulis,
1087 751 1369 807 clarissimi
1387 751 1504 816 viri,
1533 752 1587 806 in
1609 751 1746 805 atrio
1767 749 2287 814 sedentisSauciolo,

697 847 911 902 oblatus
935 856 1038 902 est.
1071 847 1188 914 Quo
1215 847 1418 910 oblato,
1448 845 1590 900 idem
1619 845 1862 900 Galerius
1882 845 2139 899 Maximus
2172 859 2293 913 pro-

697 940 918 1005 consul,
949 939 1277 993 clarissimus
1303 937 1714 1009 vir,'Cypriano
1752 937 1886 992 dixit
1912 935 1939 975 ι)
1972 955 1986 989 :
2018 937 2098 991 Ttt
2130 951 2296 1006 papa-

701 1041 814 1088 tum
839 1032 1114 1102 sacrilegae
1140 1031 1335 1085 mentis
1364 1029 1669 1084 hominibus
1713 1027 2045 1083 exhibuisti?
2071 1027 2291 1100 Cypria—

700 1141 802 1181 nus
825 1125 960 1180 dixit
991 1141 1006 1180 :
1039 1123 1173 1195 Ego.
1207 1123 1453 1180 Galerius
1481 1122 1742 1178 Maximus
1767 1121 2077 1193 proconsul,
2105 1119 2294 1176 claris-

700 1221 869 1275 simus
898 1220 1000 1286 vir,
1042 1218 1252 1273 locutus
1296 1233 1416 1272 cum
1450 1217 1697 1283 consilio,
1747 1216 2070 1270 sententiam
2105 1214 2192 1268 vix
2241 1221 2297 1269 et

701 1328 842 1383 aegre
861 1311 1015 1378 dixit,
1057 1311 1236 1366 verbis
1277 1309 1580 1379 huiusmodi
1614 1326 1627 1362 :
1663 1309 1764 1362 Diu
1811 1307 2071 1377 sacrilega
2115 1313 2297 1362 mente

699 1403 903 1465 vixisti,
937 1410 991 1455 et
1011 1401 1272 1471 plurimos
1301 1400 1395 1454 libi
1427 1399 1646 1454 nel'arim
1676 1397 2089 1466 conspirationis
2125 1397 2296 1452 ltomi-

703 1508 799 1550 nes
828 1493 1151 1564 aggregasti,
1196 1501 1250 1548 et
1297 1492 1570 1548 inimicum
1602 1501 1653 1546 te
1682 1488 2009 1545 constituisti
2036 1488 2140 1542 diis
2194 1487 2298 1542 Ro-

2393 466 2661 538 principes
2693 464 2863 521 nostri
2878 462 3210 525 _Valerianus
3227 473 3282 518 et
3320 461 3603 519 Gallienus
3649 463 3914 532 Augusti,
3937 473 3977 518 et

2395 559 2709 615 Valerianus
2734 557 3106 616 nobilissimus
3132 557 3334 619 Caesar.
3358 567 3506 614 secta
3530 557 3978 628 Uelicissimorum

2396 661 2694 722 temporum
2721 665 2944 707 suorum
2966 692 2981 716 ,
3015 649 3268 705 obdurati
3299 649 3517 717 furoris,
3541 649 3613 706 ad
3641 652 3979 708 caeremonias

2395 748 2771 819 percolendas,
2821 747 3130 816 bonamque
3195 756 3430 802 mentem
3482 745 3800 802 habendam
3853 757 3980 802 tanto

2397 849 2638 909 tempore
2665 848 2953 908 potuerunt
2999 852 3276 894 revocare.
3334 837 3405 892 Et
3439 837 3564 892 ideo
3591 838 3740 907 quod
3780 840 3983 909 nequis-

2398 933 2522 988 simi
2552 931 2796 986 criminis
2823 939 3013 985 auctor
3037 939 3092 985 et
3117 929 3345 1000 signifer
3372 929 3749 1000 deprehensus
3767 947 3851 996 es.
3881 949 3983 1002 quo

2399 1035 2456 1081 tu
2486 1024 2692 1081 scelere
2735 1023 2983 1087 docuiSti,
3017 1024 3135 1093 ipso
3157 1023 3480 1080 documento
3527 1024 3762 1094 peribis;
3786 1035 3836 1079 ut
3858 1041 3983 1096 quo-

2397 1121 2541 1176 niam
2573 1129 2667 1175 tuo
2708 1118 2901 1176 adnisu
2943 1119 3157 1174 duravit
3201 1121 3464 1192 sacrilega
3503 1123 3872 1188 contumacia,
3899 1132 3984 1180 tuo

2397 1213 2658 1284 sanguine
2685 1212 2960 1267 sanciatur
2987 1212 3292 1283 disciplina.
3324 1213 3395 1269 Et
3420 1213 3712 1270 decretum
3733 1231 3798 1271 ex
3811 1216 3980 1270 tabella

2398 1303 2665 1360 recitavit.
2721 1302 3009 1359 Thascium
3047 1302 3378 1375 Cyprianum
3420 1304 3603 1375 gladio
3650 1305 3975 1362 animadverti

2402 1396 2601 1466 placet.

1946 1621 2324 1681 LECTIONES
2361 1619 2775 1679 VARlANTES.

767 1771 793 1798 ⁸
830 1766 1017 1820 Galerii
1035 1766 1234 1818 Maximi
1259 1766 1306 1815 in
1333 1767 1455 1814 atrio
1477 1762 1720 1823 sedentis,
1747 1761 1980 1814 obvoluto
2005 1767 2058 1812 et
2079 1760 2296 1812 sauciolo

704 1829 879 1895 Rigalt.
905 1829 1196 1882 Voluntarie
1222 1826 1448 1878 Sauciolo
1467 1823 1593 1876 Bod.
1623 1825 1668 1874 1.

2463 1759 2490 1798 b
2526 1759 2599 1826 'l_‘u
2619 1756 3224 1826 ΔεεᾳΤιξειεςεὶιιιδ(ἰδρνὶειιιιιιει
3253 1757 3425 1812 Dixit:
3449 1760 3578 1826 Ego.
3599 1761 3824 1822 Galerius
3849 1763 3978 1814 Maxi~

2325 1813 2373 1872 B
2401 1835 2509 1872 ntus
2529 1822 2654 1872 dixit
2673 1821 2797 1874 Bod.
2826 1824 2874 1873 1.

2039 1975 2402 2034 VARIORIJM
2450 1975 2676 2031 NOTE.

715 2115 984 2170 Veneriam
1013 2125 1059 2168 et
1089 2113 1370 2170 Salariam.
1407 2112 1462 2168 in
1501 2113 1622 2168 aliis
1661 2111 1892 2168 codicib.
1921 2111 2112 2176 legitur
2136 2111 2296 2168 Salu-

705 2188 910 2240 tnriam.
962 2185 1077 2239 Non
1132 2195 1214 2240 est
1262 2185 1623 2254 Spernendutn
1680 2184 1820 2254 quod
1882 2185 1933 2237 in
1983 2182 2298 2238 Victoriano

706 2259 965 2326 scriptum
997 2265 1082 2311 est
1113 2273 1124 2309 :
1157 2258 1286 2310 inter
1328 2255 1544 2311 Veneria
1594 2267 1640 2310 et
1669 2254 1976 2319 Sulutaria;
2023 2254 2122 2308 hac
2151 2257 2295 2308 enim

705 2325 865 2382 manu
906 2328 1097 2393 ducor,
1151 2337 1209 2380 ιιι
1265 2329 1566 2382 existimem
1616 2328 1874 2395 scriptum
1933 2325 2117 2391 fuisse,
2169 2329 2300 2379 inter

721 2397 935 2453 Veneria
986 2398 1250 2453 Salutat-ia
1282 2400 1349 2452 ab
1380 2400 1561 2467 :tliqtto
1611 2399 1778 2452 sciolo
1831 2398 1920 2468 qui
1965 2399 2104 2466 apud
2152 2397 2297 2450 Pono

708 2471 840 2523 titttn
887 2471 1107 2541 legerat
1144 2471 1318 2524 locum
1377 2471 1464 2523 ubi
1494 2470 1821 2541 Cyprianum
1876 2468 1981 2541 pati
2039 2470 2296 2538 contigit,

710 2543 874 2598 fuisse
913 2540 1199 2596 arboribus
1248 2558 1314 2595 ex
1357 2542 1500 2595 omni
1545 2540 1703 2611 parte
1744 2540 1984 2595 densatis
2010 2541 2298 2594 consitum.

1880 2611 2102 2666 RIGALT.

785 2681 1062 2736 Universae
1081 2681 1312 2754 populus
1345 2683 1569 2754 [rutrum
1600 2682 1811 2738 mansit.
1838 2680 2125 2754 Nocturna;
2173 2695 2304 2736 con-

710 2755 1020 2810 vocationes
1063 2751 1490 2808 Christianorum
1542 2754 1670 2808 olim
1720 2752 1860 2822 apud
1891 2754 2136 2808 ethnicos
2183 2768 2302 2807 sus-

2408 2112 2595 2185 tione:
2630 2110 2976 2185 Heneiimdto
3028 2114 3097 2167 ad
3143 2112 3312 2179 Sexti,
3366 2115 3970 2185 secundam‘prceeptum

2408 2184 2599 2237 Galerii
2653 2182 2872 2236 Maximi
2910 2186 3246 2251 proconsulis,
3303 2186 3566 2239 clarissimi
3611 2182 3703 2239 viri
3745 2189 3796 2238 in
3844 2189 3975 2240 atrio

2408 2255 2639 2328 sedenti,
2665 2255 2900 2309 obvoluto
2926 2263 2994 2328 iet
3047 2256 3326 2322 Itelucioso,
3375 2257 3565 2310 oblatus
3611 2266 3695 2311 est.
3737 2258 3977 2328 Scriptor

2406 2325 2507 2380 iste
2553 2325 2642 2395 qui
2674 2330 2880 2380 veneria
2904 2326 3075 2393 dixit,
3123 2343 3222 2396 pro
3277 2330 3650 2388 venationibus.
3696 2341 3782 2382 aut
3826 2325 3977 2383 vena-

2405 2397 2568 2460 toriis,
2615 2397 2928 2451 ltetnciosum
2975 2414 3191 2468 quoque
3237 2399 3429 2454 dixerit
3460 2404 3578 2468 fpro
3623 2401 3891 2454 helucoso:
3931 2409 3983 2454 ut

2406 2468 2476 2521 sit
2500 2468 2926 2551 ItClllCOSuS"Sl_\'8
2957 2468 3264 2551 beluciosus
3291 2471 3318 2525 ὁ
3341 2473 3674 2551 κριρηεαρῶν.
3703 2471 3980 2551 Notandum

2410 2552 2536 2612 vero
2587 2549 2670 2593 est
2694 2540 2964 2612 eumdem
3005 2543 3321 2610 scriptorem
3369 2540 3470 2597 hoc
3495 2540 3714 2612 qtiotlue
3742 2544 3938 2598 tradere
3967 2561 3979 2594 :

2408 2609 2796 2664 Proconsulet'n
2827 2614 2878 2664 itt
2912 2609 3124 2677 locum,
3163 2613 3251 2681 qui
3273 2612 3477 2668 dicitur
3499 2609 3692 2676 Sexti,
3720 2616 3983 2670 secessisse

2409 2681 2731 2736 valetudinis
2778 2684 2983 2752 gratia,
3047 2684 3220 2739 locum
3291 2699 3487 2754 nempe
3539 2701 3809 2740 amomum
3859 2688 3983 2741 inter

2405 2754 2723 2807 venationes
2753 2764 2806 2806 et
2831 2755 3020 2808 saltos.
3051 2754 3354 2810 Notandum
3383 2759 3547 2811 etiam
3599 2759 3651 2810 in
3683 2758 3778 2810 ista
3812 2773 3981 2813 narra-

712 2835 917 2898 pcctae;
961 2835 1015 2879 et
1048 2835 1323 2898 prostrata
1347 2811 1925 2898 puellarum_pudicitia
1963 2825 2160 2898 passim
2196 2824 2300 2877 illis
2328 2811 2372 2874 C
2409 2823 2586 2898 tione,
2626 2827 3001 2898 proconsulem
3051 2829 3138 2880 vix
3182 2837 3237 2881 et
3266 2842 3409 2896 aegre
3456 2828 3816 2898 interrogasse
3837 2811 3884 2882 et
3908 2828 3983 2882 al-

710 2897 1085 2964 objiciebatur.
1120 2894 1237 2949 Vid.
1284 2893 1510 2950 Tertull.
1543 2897 1610 2948 ad
1641 2893 1803 2949 Uxor.
1840 2897 1875 2949 Ι.
1908 2893 1979 2962 tt,
2026 2895 2220 2950 Justin.
2249 2905 2304 2952 et

712 2967 977 3037 Athenag.
1022 2969 1077 3021 in
1130 2966 1305 3037 Legat.
1355 2967 1620 3021 ctMinut.
1672 2966 1783 3020 Fel.
1841 2967 1965 3022 Ideo
2014 2966 2083 3021 de
2122 2976 2304 3021 custo-

712 3039 924 3110 diendis
966 3039 1258 3110 virginibus
1307 3040 1443 3092 adeo
1501 3039 1766 3110 sollicitus
1808 3048 1926 3092 erat
1975 3037 2300 3110 Cyprianus,

713 3108 937 3162 Pontius
969 3108 1124 3162 istam
1156 3111 1614 3178 pernoctationetn
1638 3149 1654 3173 ,
1699 3107 1765 3162 ad
1795 3107 2039 3179 vigiliam
2073 3112 2305 3166 maxime

714 3180 1153 3246 solemnctnquze
1195 3179 1397 3234 Pascha
1428 3181 1814 3246 antecedebat,
1867 3195 2123 3235 revocare
2157 3182 2307 3236 vitle-

715 3259 969 3328 tur,_quae
999 3251 1264 3328 Eusebio,
1307 3255 1337 3309 ἡ
1375 3252 1596 3328 μεγάλης
1623 3253 1804 3328 ἑορτῆς
1856 3251 2204 3328 πᾳννυχίςηι.
2237 3270 2303 3317 tt,

714 3336 765 3375 c.
798 3321 916 3400 A173.
967 3333 1022 3400 et
1065 3326 1093 3380 ἡ
1122 3323 1311 3400 μεγάλη
1338 3321 1652 3400 moderatrix“
1680 3321 2102 3400 ’δψιγνκτέρεγὸίις
2137 3325 2269 3400 luti!
2289 3367 2304 3391 ,

715 3406 764 3445 c.
794 3391 848 3446 9.
879 3392 1029 3446 Unde
1053 3391 1318 3459 conjicere
1351 3394 1529 3446 licebit
1552 3391 1704 3462 ,"per
1733 3396 1818 3447 illa
1855 3391 2070 3450 Sns'cnla.
2103 3394 2308 3461 vigilias

715 3476 780 3515 ex
835 3476 1054 3530 recepto
1083 3479 1259 3526 more,
1286 3472 1580 3534 martyrum
1619 3466 1859 3534 natales,
1915 3464 2039 3518 licet
2065 3467 2308 3534 episcOpi

717 3541 933 3604 essent.
963 3535 1188 3604 minime
1210 3532 1576 3602 praecessisse.
1607 3532 1887 3604 Siquidem
1919 3532 2187 3603 tamquam
2217 3532 2309 3604 pc-

717 3603 920 3677 culiare
949 3603 1202 3677 quiddam
1226 3606 1470 3658 observat
1494 3647 1508 3668 ,
1542 3603 1806 3677 quod’Dei
1827 3607 2052 3677 populus
2083 3603 2234 3661 etiam
2257 3609 2310 3662 in

717 3674 996 3747 sacerdotis
1031 3677 1266 3745 passione
1290 3677 1542 3747 vigilaret.
1557 3674 1560 3675 ⁷
1574 3676 1736 3732 FELL.

792 3744 857 3800 In
906 3744 1038 3799 atrio
1081 3747 1301 3801 sedentis
1343 3744 1614 3802 Saucioto.
1673 3749 1895 3804 Sedenti
1951 3748 2207 3806 obvoluto
2256 3758 2312 3806 et

713 3816 978 3889 sauciolo.
1013 3817 1284 3874 Hactenus
1310 3835 1468 3873 nemo
1500 3821 1636 3875 hanc
1662 3821 1882 3889 protulit
1907 3836 1972 3874 ex
1995 3821 2106 3876 ullo
2128 3837 2310 3878 exem-

718 3887 855 3960 plari
905 3889 1253 3960 scripturam.
1313 3887 1688 3960 Vulgatissima
1735 3892 1828 3946 illa
1881 3902 1964 3946 est
2007 3910 2020 3945 :
2068 3893 2136 3947 In
2179 3893 2312 3947 atrio

718 3958 915 4013 sedenti
961 3959 1239 4026 Sauciolo,
1290 3970 1344 4017 et
1385 3958 1435 4015 iri
1479 3964 1612 4016 actis
1652 3978 1681 4016 a
1714 3962 1948 4017 Mantttio
1983 3972 2037 4017 et
2070 3963 2313 4019 Morellio

719 4030 914 4102 editis:
948 4032 1142 4086 atrium
1174 4047 1385 4102 quoque
1402 4034 1736 4102 proconsulis
1756 4034 1953 4089 dicitur
1983 4032 2309 4090 Sauciolum.

718 4100 824 4156 Sed
895 4117 1080 4172 parum
1141 4100 1418 4174 proba—bile—
1479 4105 1688 4160 videtur
1741 4107 1904 4161 ullum
1957 4103 2125 4162 fuisse
2177 4107 2315 4159 atrio

720 4173 1156 4243 cognomentum.
1219 4173 1392 4232 Faber
1467 4186 1688 4231 testatur
1759 4176 1811 4232 in
1889 4179 2059 4232 veteri
2133 4177 2316 4232 codice

722 4246 946 4317 reperiri
976 4262 988 4297 :
1021 4245 1320 4302 Seteutiolo.
1375 4247 1526 4313 Quod
1581 4249 1738 4317 igitur
1795 4248 1846 4302 in
1896 4248 1998 4301 isto
2045 4249 2318 4302 Victorino

723 4315 978 4395 scriptum
1010 4326 1129 4395 est,
1165 4318 1400 4372 obvoluto
1415 4329 1473 4395 ⁸(ξι
1503 4315 1771 4395 sauciata,
1806 4331 1860 4395 et
1902 4319 1998 4395 cui
2037 4319 2320 4389 distiliceat

725 4386 889 4456 istud,
931 4387 1194 4456 sauciata,
1235 4388 1515 4445 emendari
1568 4391 1765 4462 poterit
1816 4389 2092 4446 levissima
2128 4386 2320 4446 'muta-

2406 2894 2643 2950 locutum
2687 2910 2827 2950 esse.
2862 2896 3049 2966 Itaque
3107 2894 3336 2952 sedisse
3365 2900 3417 2951 in
3467 2902 3611 2953 atrio
3659 2894 3979 2963 obvolutum,

2403 2967 2941 3042 pauoisi’ortasseet
2964 2967 3243 3032 localibus,
3276 2978 3338 3042 ut
3371 2971 3880 3040 solentzegrotantes
3902 2981 3983 3023 aut

2402 3038 2650 3102 "sanciati,
2668 3040 2809 3096 unde
2835 3041 3028 3107 aliquis
3048 3050 3230 3107 postea
3255 3041 3450 3095 dixerit
3469 3038 3774 3096 obvolutum
3797 3054 3844 3096 et
3865 3057 3980 3095 sau-

2403 3111 2624 3164 eiolum.
2656 3111 2786 3181 Quae
2807 3111 3115 3178 conjectura
3143 3113 3383 3166 ﬁrmatur
3405 3128 3470 3165 eo
3485 3112 3631 3181 quod
3658 3115 3708 3167 in
3734 3114 3856 3169 actis
3877 3114 3982 3166 aliis

2407 3182 2604 3249 legitur
2633 3199 2643 3232 :
2671 3180 2797 3237 Post
2824 3197 3012 3250 paucos
3040 3182 3146 3235 dies
3173 3185 3533 3306 ﬂroconsulem
3561 3186 3841 3239 decessisse.
3875 3184 3980 3238 th.

2408 3283 2479 3293 -——
2513 3257 2579 3306 At
2606 3264 3099 3306 uuantutncumaue
3124 3255 3166 3306 si
3211 3254 3224 3306 i
3255 3254 3466 3306 placeat
3487 3254 3752 3306 Rigaltius
3794 3257 3842 3306 in
3869 3272 3980 3306 cott-

2408 3283 2479 3293 -——
2513 3257 2579 3306 At
2606 3264 3099 3321 quantumcumque
3121 3254 3224 3324 sibi
3255 3254 3466 3321 placeat
3487 3254 3752 3324 Rigaltius
3794 3257 3842 3310 in
3869 3272 3984 3309 6011-

2405 3324 2614 3393 jcctura
2667 3338 2783 3387 sua,
2839 3335 3053 3377 constat
3110 3323 3423 3379 Sauciolum
3476 3323 3710 3392 pra-torii
3744 3328 3869 3380 atria
3892 3327 3983 3380 de-

2409 3406 2620 3449 notare.
2676 3394 2884 3448 Concil.
2950 3394 3325 3450 Matisconensi
3400 3397 3626 3450 secundo
3692 3412 3737 3450 c.
3791 3398 3855 3450 i9
3903 3397 3986 3450 di-

2412 3467 2553 3519 citur
2589 3485 2600 3519 :
2641 3484 2659 3516 ‹
2702 3464 2769 3520 Ut
2798 3463 2864 3518 ad
2897 3465 3073 3520 locum
3117 3468 3531 3521 cxaminationis
3556 3481 3761 3521 reorum
3807 3467 3986 3521 nullus

2413 3537 2643 3591 clericus
2698 3535 2950 3601 accedat,
3009 3552 3183 3603 neque
3251 3538 3464 3593 intersit
3519 3539 3650 3592 atrio
3710 3539 3984 3602 Sauciolo,

2414 3610 2501 3680 ubi
2546 3623 2644 3677 pro
2693 3617 2876 3680 reatus
2918 3607 3003 3680 sui
3036 3609 3331 3677 qualitate,
3367 3609 3633 3680 quispiam
3675 3610 3993 3665 interﬁcien-

2413 3678 2514 3752 dus
2559 3688 2658 3733 est.
2703 3698 2721 3731 ι
2754 3679 2807 3732 Si
2840 3679 2959 3748 quis
2994 3694 3177 3734 vocem
3211 3681 3348 3735 hanc
3386 3678 3456 3736 ex
3492 3678 3726 3752 'gotbica
3765 3681 3996 3736 barbarie

2413 3750 2702 3815 haustam,
2760 3759 2814 3803 et
2866 3763 2895 3801 a
2941 3751 3248 3820 sequiorum
3302 3749 3607 3822 temporum
3665 3749 3910 3817 librario,
3950 3752 3995 3805 in

2415 3823 2533 3875 atrii
2585 3823 3124 3890 interpretamentum
3181 3822 3418 3878 additam
3473 3825 3734 3889 dixerit,
3795 3825 3998 3879 minime

2417 3893 2752 3961 repugnabo.
2807 3891 2972 3947 FELL.

2492 3963 2741 4018 ()bdurati
2781 3965 2991 4033 furoris.
3026 3965 3242 4035 Aliquid
3296 3965 3382 4020 hic
3435 3966 3710 4022 turbatum
3741 3975 3845 4022 est.
3885 3964 4005 4021 Nam

2418 4033 2535 4109 lttec
2580 4035 2755 4109 verba
2792 4047 2917 4109 sunt
2961 4033 3332 4104 proconsulis,
3365 4037 3416 4091 in
3462 4035 3722 4109 Cypriani
3769 4047 4007 4109 constan-

2419 4107 2546 4178 tiam
2590 4114 2644 4160 et
2690 4105 2811 4178 ﬁdei
2859 4109 3138 4162 christiani
3187 4111 3391 4175 robur;
3435 4105 3584 4178 quasi
3628 4107 3876 4178 Galerius
3929 4107 4008 4160 al-

2420 4177 2691 4249 locutione
2735 4177 2801 4230 ad
2853 4177 3139 4249 Martyrem
3195 4195 3292 4233 sua
3343 4177 3607 4235 dixisset:
3643 4177 3757 4233 Nec
3812 4188 3866 4234 te
3921 4178 4012 4233 ob—

2421 4247 2595 4302 durati
2633 4249 2871 4320 luroris,
2925 4247 3005 4319 pit'
3039 4259 3096 4305 et
3135 4253 3460 4307 sanctissimi
3506 4251 3774 4320 principes
3819 4251 4009 4314 nostri,

2421 4327 2565 4392 secta
2622 4319 3055 4375 felicissimorum
3112 4333 3414 4392 temporum
3460 4319 3702 4386 suorum,
3732 4321 3801 4376 ad
3855 4335 4012 4392 egre-

2421 4390 2632 4446 ntonias
2671 4392 3020 4461 percolendas
3058 4390 3314 4450 revocare
3359 4402 3690 4466 potuerunt,
3739 4404 3847 4451 etc.
3905 4391 4011 4448 Rta.
