  <div class='ocr_page' id='page_1' title='image "/cluster/home/n/w/nwhite01/storage/ocr_20150623/3/njp.32101077772356/010.png"; bbox 0 0 1925 3070; ppageno 0'>
   <div class='ocr_carea' id='block_1_1' title="bbox 505 209 1522 375">
    <p class='ocr_par' dir='ltr' id='par_1_1' title="bbox 505 209 1522 375">
     <span class='ocr_line' id='line_1_1' title="bbox 505 209 1522 375; baseline 0 -2"><span class='ocrx_word' id='word_1_1' title='bbox 505 209 1485 375; x_wconf 47' lang='grc' dir='ltr'><strong>ΡΒόιΕθοΜΕΝᾸΪ</strong></span> 
     </span>
    </p>
   </div>
   <div class='ocr_carea' id='block_1_2' title="bbox 695 521 1168 579">
    <p class='ocr_par' dir='ltr' id='par_1_2' title="bbox 695 521 1168 579">
     <span class='ocr_line' id='line_1_2' title="bbox 695 521 1168 579; baseline 0.004 -2"><span class='ocrx_word' id='word_1_2' title='bbox 695 521 1168 579; x_wconf 82' lang='lat' dir='ltr'><strong>DISSERTATIO</strong></span> 
     </span>
    </p>
   </div>
   <div class='ocr_carea' id='block_1_3' title="bbox 307 630 1573 693">
    <p class='ocr_par' dir='ltr' id='par_1_3' title="bbox 307 630 1573 693">
     <span class='ocr_line' id='line_1_3' title="bbox 307 630 1573 693; baseline 0.008 -11"><span class='ocrx_word' id='word_1_3' title='bbox 307 638 384 682; x_wconf 91' lang='lat' dir='ltr'><strong>DE</strong></span> <span class='ocrx_word' id='word_1_4' title='bbox 423 638 722 685; x_wconf 85' lang='lat' dir='ltr'><strong>OPERIBUS</strong></span> <span class='ocrx_word' id='word_1_5' title='bbox 758 641 807 684; x_wconf 92' lang='lat' dir='ltr'><strong>s.</strong></span> <span class='ocrx_word' id='word_1_6' title='bbox 846 630 1127 686; x_wconf 90' lang='lat' dir='ltr'><strong>DlONYSll</strong></span> <span class='ocrx_word' id='word_1_7' title='bbox 1157 641 1573 693; x_wconf 69' lang='lat' dir='ltr'><strong>AREOPAGtT/E.</strong></span> 
     </span>
    </p>
   </div>
   <div class='ocr_carea' id='block_1_4' title="bbox 369 734 905 770">
    <p class='ocr_par' dir='ltr' id='par_1_4' title="bbox 369 734 905 770">
     <span class='ocr_line' id='line_1_4' title="bbox 369 734 905 770; baseline 0.002 -9"><span class='ocrx_word' id='word_1_8' title='bbox 369 734 412 769; x_wconf 91' lang='lat' dir='ltr'><strong>(D.</strong></span> <span class='ocrx_word' id='word_1_9' title='bbox 428 735 466 762; x_wconf 77' lang='lat' dir='ltr'><strong>Le</strong></span> <span class='ocrx_word' id='word_1_10' title='bbox 481 734 602 768; x_wconf 80' lang='lat' dir='ltr'><strong>Nounnv,</strong></span> <span class='ocrx_word' id='word_1_11' title='bbox 618 735 768 770; x_wconf 78' lang='lat' dir='ltr'><strong>Apparatus</strong></span> <span class='ocrx_word' id='word_1_12' title='bbox 786 735 821 762; x_wconf 81' lang='lat' dir='ltr'><strong>ad</strong></span> <span class='ocrx_word' id='word_1_13' title='bbox 833 734 905 762; x_wconf 82' lang='lat' dir='ltr'><strong>Bibl.</strong></span> 
     </span>
    </p>
   </div>
   <div class='ocr_carea' id='block_1_5' title="bbox 378 891 650 920">
    <p class='ocr_par' dir='ltr' id='par_1_5' title="bbox 378 891 650 920">
     <span class='ocr_line' id='line_1_5' title="bbox 378 891 650 920; baseline -0.004 -1"><span class='ocrx_word' id='word_1_14' title='bbox 378 891 490 920; x_wconf 70' lang='lat' dir='ltr'><strong>CAPUT</strong></span> <span class='ocrx_word' id='word_1_15' title='bbox 506 891 650 919; x_wconf 80' lang='lat' dir='ltr'><strong>PRIMUM.</strong></span> 
     </span>
    </p>
   </div>
   <div class='ocr_carea' id='block_1_6' title="bbox 210 937 795 974">
    <p class='ocr_par' dir='ltr' id='par_1_6' title="bbox 210 937 795 974">
     <span class='ocr_line' id='line_1_6' title="bbox 210 937 795 974; baseline -0.002 -7"><span class='ocrx_word' id='word_1_16' title='bbox 210 939 335 974; x_wconf 74' lang='lat' dir='ltr'><strong>Analysir</strong></span> <span class='ocrx_word' id='word_1_17' title='bbox 347 939 464 965; x_wconf 84' lang='lat' dir='ltr'><strong>omnium.</strong></span> <span class='ocrx_word' id='word_1_18' title='bbox 478 937 508 966; x_wconf 90' lang='lat' dir='ltr'><strong>S.</strong></span> <span class='ocrx_word' id='word_1_19' title='bbox 527 938 647 973; x_wconf 76' lang='lat' dir='ltr'><strong>Dionysii</strong></span> <span class='ocrx_word' id='word_1_20' title='bbox 669 938 795 972; x_wconf 71' lang='lat' dir='ltr'><strong>Operam.</strong></span> 
     </span>
    </p>
   </div>
   <div class='ocr_carea' id='block_1_7' title="bbox 146 984 898 1022">
    <p class='ocr_par' dir='ltr' id='par_1_7' title="bbox 146 984 898 1022">
     <span class='ocr_line' id='line_1_7' title="bbox 146 984 898 1022; baseline 0 -10"><span class='ocrx_word' id='word_1_21' title='bbox 146 985 162 1022; x_wconf 59' lang='grc' dir='ltr'>ᾗ</span> <span class='ocrx_word' id='word_1_22' title='bbox 187 985 207 1013; x_wconf 93' lang='lat' dir='ltr'><strong>l.</strong></span> <span class='ocrx_word' id='word_1_23' title='bbox 228 984 306 1011; x_wconf 83' lang='lat' dir='ltr'><strong>Liber</strong></span> <span class='ocrx_word' id='word_1_24' title='bbox 321 985 353 1011; x_wconf 83' lang='lat' dir='ltr'><strong>de</strong></span> <span class='ocrx_word' id='word_1_25' title='bbox 371 984 467 1010; x_wconf 66' lang='lat' dir='ltr'><strong>caelesti</strong></span> <span class='ocrx_word' id='word_1_26' title='bbox 485 984 642 1010; x_wconf 83' lang='lat' dir='ltr'><strong>hierarchia.</strong></span> <span class='ocrx_word' id='word_1_27' title='bbox 659 999 693 1003; x_wconf 98' lang='lat'><strong>—</strong></span> <span class='ocrx_word' id='word_1_28' title='bbox 709 984 816 1011; x_wconf 77' lang='lat' dir='ltr'><strong>Primus</strong></span> <span class='ocrx_word' id='word_1_29' title='bbox 828 985 898 1012; x_wconf 90' lang='lat' dir='ltr'><strong>liber</strong></span> 
     </span>
    </p>
   </div>
   <div class='ocr_carea' id='block_1_8' title="bbox 111 1031 898 1068">
    <p class='ocr_par' dir='ltr' id='par_1_8' title="bbox 111 1031 898 1068">
     <span class='ocr_line' id='line_1_8' title="bbox 111 1031 898 1068; baseline 0 -9"><span class='ocrx_word' id='word_1_30' title='bbox 111 1031 231 1068; x_wconf 82' lang='lat' dir='ltr'><strong>Dionysii</strong></span> <span class='ocrx_word' id='word_1_31' title='bbox 246 1031 415 1066; x_wconf 61' lang='lat' dir='ltr'><strong>Areopagitze</strong></span> <span class='ocrx_word' id='word_1_32' title='bbox 433 1031 541 1058; x_wconf 83' lang='lat' dir='ltr'><strong>nomine</strong></span> <span class='ocrx_word' id='word_1_33' title='bbox 561 1031 716 1064; x_wconf 86' lang='lat' dir='ltr'><strong>inscriptus,</strong></span> <span class='ocrx_word' id='word_1_34' title='bbox 737 1031 843 1059; x_wconf 80' lang='lat' dir='ltr'><strong>titulum</strong></span> <span class='ocrx_word' id='word_1_35' title='bbox 859 1031 898 1059; x_wconf 84' lang='lat' dir='ltr'><strong>De</strong></span> 
     </span>
    </p>
   </div>
   <div class='ocr_carea' id='block_1_9' title="bbox 110 1077 897 1113">
    <p class='ocr_par' dir='ltr' id='par_1_9' title="bbox 110 1077 897 1113">
     <span class='ocr_line' id='line_1_9' title="bbox 110 1077 897 1113; baseline -0.003 -7"><span class='ocrx_word' id='word_1_36' title='bbox 110 1079 208 1106; x_wconf 65' lang='lat' dir='ltr'><strong>cavlein</strong></span> <span class='ocrx_word' id='word_1_37' title='bbox 225 1078 375 1105; x_wconf 77' lang='lat' dir='ltr'><strong>hierarchia</strong></span> <span class='ocrx_word' id='word_1_38' title='bbox 395 1077 513 1113; x_wconf 68' lang='lat' dir='ltr'><strong>praefert,</strong></span> <span class='ocrx_word' id='word_1_39' title='bbox 532 1078 620 1112; x_wconf 77' lang='lat' dir='ltr'><strong>isque,</strong></span> <span class='ocrx_word' id='word_1_40' title='bbox 637 1078 708 1105; x_wconf 88' lang='lat' dir='ltr'><strong>sicut</strong></span> <span class='ocrx_word' id='word_1_41' title='bbox 726 1084 753 1105; x_wconf 89' lang='lat' dir='ltr'><strong>et</strong></span> <span class='ocrx_word' id='word_1_42' title='bbox 769 1079 813 1105; x_wconf 89' lang='lat' dir='ltr'><strong>alii</strong></span> <span class='ocrx_word' id='word_1_43' title='bbox 835 1080 897 1106; x_wconf 56' lang='lat' dir='ltr'><strong>sub.</strong></span> 
     </span>
    </p>
   </div>
   <div class='ocr_carea' id='block_1_10' title="bbox 112 1123 896 1160">
    <p class='ocr_par' dir='ltr' id='par_1_10' title="bbox 112 1123 896 1160">
     <span class='ocr_line' id='line_1_10' title="bbox 112 1123 896 1160; baseline 0.001 -9"><span class='ocrx_word' id='word_1_44' title='bbox 112 1128 258 1160; x_wconf 71' lang='lat' dir='ltr'><strong>sequentes</strong></span> <span class='ocrx_word' id='word_1_45' title='bbox 271 1124 414 1151; x_wconf 90' lang='lat' dir='ltr'><strong>Timotheo</strong></span> <span class='ocrx_word' id='word_1_46' title='bbox 426 1123 644 1159; x_wconf 70' lang='lat' dir='ltr'><strong>sympresbytero</strong></span> <span class='ocrx_word' id='word_1_47' title='bbox 659 1129 840 1157; x_wconf 76' lang='lat' dir='ltr'><strong>nuncupatur.</strong></span> <span class='ocrx_word' id='word_1_48' title='bbox 856 1125 896 1152; x_wconf 82' lang='lat' dir='ltr'><strong>Ab</strong></span> 
     </span>
    </p>
   </div>
   <div class='ocr_carea' id='block_1_11' title="bbox 111 1169 897 1204">
    <p class='ocr_par' dir='ltr' id='par_1_11' title="bbox 111 1169 897 1204">
     <span class='ocr_line' id='line_1_11' title="bbox 111 1169 897 1204; baseline 0 -8"><span class='ocrx_word' id='word_1_49' title='bbox 111 1170 170 1204; x_wconf 89' lang='lat' dir='ltr'><strong>ipso</strong></span> <span class='ocrx_word' id='word_1_50' title='bbox 195 1175 285 1197; x_wconf 87' lang='lat' dir='ltr'><strong>autem</strong></span> <span class='ocrx_word' id='word_1_51' title='bbox 314 1169 394 1204; x_wconf 88' lang='lat' dir='ltr'><strong>hujus</strong></span> <span class='ocrx_word' id='word_1_52' title='bbox 421 1169 481 1196; x_wconf 90' lang='lat' dir='ltr'><strong>libri</strong></span> <span class='ocrx_word' id='word_1_53' title='bbox 511 1170 623 1197; x_wconf 85' lang='lat' dir='ltr'><strong>exordio</strong></span> <span class='ocrx_word' id='word_1_54' title='bbox 649 1170 722 1204; x_wconf 86' lang='lat' dir='ltr'><strong>(cap.</strong></span> <span class='ocrx_word' id='word_1_55' title='bbox 746 1171 772 1198; x_wconf 82' lang='lat' dir='ltr'><strong>ll</strong></span> <span class='ocrx_word' id='word_1_56' title='bbox 801 1176 897 1198; x_wconf 85' lang='lat' dir='ltr'><strong>auctor</strong></span> 
     </span>
    </p>
   </div>
   <div class='ocr_carea' id='block_1_12' title="bbox 110 1215 896 1251">
    <p class='ocr_par' dir='ltr' id='par_1_12' title="bbox 110 1215 896 1251">
     <span class='ocr_line' id='line_1_12' title="bbox 110 1215 896 1251; baseline 0.001 -9"><span class='ocrx_word' id='word_1_57' title='bbox 110 1223 220 1242; x_wconf 85' lang='lat' dir='ltr'><strong>onmem</strong></span> <span class='ocrx_word' id='word_1_58' title='bbox 245 1215 331 1242; x_wconf 85' lang='lat' dir='ltr'><strong>lucem</strong></span> <span class='ocrx_word' id='word_1_59' title='bbox 355 1224 370 1242; x_wconf 85' lang='lat' dir='ltr'><strong>a</strong></span> <span class='ocrx_word' id='word_1_60' title='bbox 386 1215 441 1242; x_wconf 90' lang='lat' dir='ltr'><strong>Deo</strong></span> <span class='ocrx_word' id='word_1_61' title='bbox 459 1215 539 1242; x_wconf 87' lang='lat' dir='ltr'><strong>Patre</strong></span> <span class='ocrx_word' id='word_1_62' title='bbox 563 1215 596 1242; x_wconf 87' lang='lat' dir='ltr'><strong>ad</strong></span> <span class='ocrx_word' id='word_1_63' title='bbox 619 1223 667 1241; x_wconf 86' lang='lat' dir='ltr'><strong>nos</strong></span> <span class='ocrx_word' id='word_1_64' title='bbox 689 1216 807 1242; x_wconf 79' lang='lat' dir='ltr'><strong>derivari</strong></span> <span class='ocrx_word' id='word_1_65' title='bbox 831 1224 896 1251; x_wconf 89' lang='lat' dir='ltr'><strong>pro-</strong></span> 
     </span>
    </p>
   </div>
   <div class='ocr_carea' id='block_1_13' title="bbox 111 1261 895 1296">
    <p class='ocr_par' dir='ltr' id='par_1_13' title="bbox 111 1261 895 1296">
     <span class='ocr_line' id='line_1_13' title="bbox 111 1261 895 1296; baseline 0.001 -8"><span class='ocrx_word' id='word_1_66' title='bbox 111 1261 152 1289; x_wconf 80' lang='lat' dir='ltr'><strong>fcs</strong></span> <span class='ocrx_word' id='word_1_67' title='bbox 170 1270 211 1294; x_wconf 87' lang='lat' dir='ltr'><strong>us.</strong></span> <span class='ocrx_word' id='word_1_68' title='bbox 231 1262 264 1289; x_wconf 89' lang='lat' dir='ltr'><strong>ad</strong></span> <span class='ocrx_word' id='word_1_69' title='bbox 280 1269 359 1289; x_wconf 92' lang='lat' dir='ltr'><strong>suum</strong></span> <span class='ocrx_word' id='word_1_70' title='bbox 378 1263 410 1289; x_wconf 89' lang='lat' dir='ltr'><strong>de</strong></span> <span class='ocrx_word' id='word_1_71' title='bbox 427 1262 508 1290; x_wconf 78' lang='lat' dir='ltr'><strong>rebus</strong></span> <span class='ocrx_word' id='word_1_72' title='bbox 531 1262 697 1295; x_wconf 64' lang='lat' dir='ltr'><strong>coelestibus,</strong></span> <span class='ocrx_word' id='word_1_73' title='bbox 719 1262 806 1296; x_wconf 82' lang='lat' dir='ltr'><strong>iisque</strong></span> <span class='ocrx_word' id='word_1_74' title='bbox 827 1262 895 1290; x_wconf 77' lang='grc' dir='ltr'><strong>«Ιίίῆ-</strong></span> 
     </span>
    </p>
   </div>
   <div class='ocr_carea' id='block_1_14' title="bbox 109 1307 894 1343">
    <p class='ocr_par' dir='ltr' id='par_1_14' title="bbox 109 1307 894 1343">
     <span class='ocr_line' id='line_1_14' title="bbox 109 1307 894 1343; baseline 0 -9"><span class='ocrx_word' id='word_1_75' title='bbox 109 1308 230 1340; x_wconf 88' lang='lat' dir='ltr'><strong>cillitnis,</strong></span> <span class='ocrx_word' id='word_1_76' title='bbox 245 1308 291 1335; x_wconf 89' lang='lat' dir='ltr'><strong>sed</strong></span> <span class='ocrx_word' id='word_1_77' title='bbox 306 1316 368 1343; x_wconf 66' lang='lat' dir='ltr'><strong>qua:</strong></span> <span class='ocrx_word' id='word_1_78' title='bbox 389 1307 577 1335; x_wconf 85' lang='lat' dir='ltr'><strong>materialibns</strong></span> <span class='ocrx_word' id='word_1_79' title='bbox 596 1313 622 1334; x_wconf 89' lang='lat' dir='ltr'><strong>et</strong></span> <span class='ocrx_word' id='word_1_80' title='bbox 644 1309 783 1343; x_wconf 84' lang='lat' dir='ltr'><strong>corporeis</strong></span> <span class='ocrx_word' id='word_1_81' title='bbox 797 1309 894 1335; x_wconf 81' lang='lat' dir='ltr'><strong>adum-</strong></span> 
     </span>
    </p>
   </div>
   <div class='ocr_carea' id='block_1_15' title="bbox 110 1353 893 1388">
    <p class='ocr_par' dir='ltr' id='par_1_15' title="bbox 110 1353 893 1388">
     <span class='ocr_line' id='line_1_15' title="bbox 110 1353 893 1388; baseline 0.001 -9"><span class='ocrx_word' id='word_1_82' title='bbox 110 1353 193 1380; x_wconf 68' lang='lat' dir='ltr'><strong>bratae</strong></span> <span class='ocrx_word' id='word_1_83' title='bbox 210 1358 297 1386; x_wconf 85' lang='lat' dir='ltr'><strong>erant,</strong></span> <span class='ocrx_word' id='word_1_84' title='bbox 313 1358 501 1388; x_wconf 80' lang='lat' dir='ltr'><strong>argumentum</strong></span> <span class='ocrx_word' id='word_1_85' title='bbox 518 1361 578 1380; x_wconf 87' lang='lat' dir='ltr'><strong>cum</strong></span> <span class='ocrx_word' id='word_1_86' title='bbox 593 1362 626 1381; x_wconf 79' lang='lat' dir='ltr'><strong>ex</strong></span> <span class='ocrx_word' id='word_1_87' title='bbox 646 1353 785 1388; x_wconf 80' lang='lat' dir='ltr'><strong>Scriptura</strong></span> <span class='ocrx_word' id='word_1_88' title='bbox 803 1362 893 1387; x_wconf 78' lang='lat' dir='ltr'><strong>sacra,</strong></span> 
     </span>
    </p>
   </div>
   <div class='ocr_carea' id='block_1_16' title="bbox 111 1399 894 1435">
    <p class='ocr_par' dir='ltr' id='par_1_16' title="bbox 111 1399 894 1435">
     <span class='ocr_line' id='line_1_16' title="bbox 111 1399 894 1435; baseline 0.004 -10"><span class='ocrx_word' id='word_1_89' title='bbox 111 1404 167 1425; x_wconf 88' lang='lat' dir='ltr'><strong>lllllt</strong></span> <span class='ocrx_word' id='word_1_90' title='bbox 189 1407 223 1426; x_wconf 82' lang='lat' dir='ltr'><strong>ex</strong></span> <span class='ocrx_word' id='word_1_91' title='bbox 242 1399 381 1432; x_wconf 87' lang='lat' dir='ltr'><strong>Patribus,</strong></span> <span class='ocrx_word' id='word_1_92' title='bbox 405 1399 548 1434; x_wconf 86' lang='lat' dir='ltr'><strong>implorata</strong></span> <span class='ocrx_word' id='word_1_93' title='bbox 570 1401 645 1435; x_wconf 90' lang='lat' dir='ltr'><strong>prius</strong></span> <span class='ocrx_word' id='word_1_94' title='bbox 664 1401 764 1428; x_wconf 84' lang='lat' dir='ltr'><strong>Christi</strong></span> <span class='ocrx_word' id='word_1_95' title='bbox 786 1401 894 1428; x_wconf 91' lang='lat' dir='ltr'><strong>Domini</strong></span> 
     </span>
    </p>
   </div>
   <div class='ocr_carea' id='block_1_17' title="bbox 109 1445 893 1482">
    <p class='ocr_par' dir='ltr' id='par_1_17' title="bbox 109 1445 893 1482">
     <span class='ocr_line' id='line_1_17' title="bbox 109 1445 893 1482; baseline 0.004 -11"><span class='ocrx_word' id='word_1_96' title='bbox 109 1453 170 1479; x_wconf 89' lang='lat' dir='ltr'><strong>ope,</strong></span> <span class='ocrx_word' id='word_1_97' title='bbox 192 1446 363 1473; x_wconf 84' lang='lat' dir='ltr'><strong>tractandum</strong></span> <span class='ocrx_word' id='word_1_98' title='bbox 383 1445 550 1480; x_wconf 72' lang='lat' dir='ltr'><strong>aggreditur.</strong></span> <span class='ocrx_word' id='word_1_99' title='bbox 574 1446 744 1481; x_wconf 69' lang='lat' dir='ltr'><strong>Quapropter</strong></span> <span class='ocrx_word' id='word_1_100' title='bbox 768 1447 838 1482; x_wconf 83' lang='lat' dir='ltr'><strong>(cap.</strong></span> <span class='ocrx_word' id='word_1_101' title='bbox 865 1447 893 1481; x_wconf 75' lang='grc'>2)</span> 
     </span>
    </p>
   </div>
   <div class='ocr_carea' id='block_1_18' title="bbox 110 1489 894 1528">
    <p class='ocr_par' dir='ltr' id='par_1_18' title="bbox 110 1489 894 1528">
     <span class='ocr_line' id='line_1_18' title="bbox 110 1489 894 1528; baseline 0.005 -12"><span class='ocrx_word' id='word_1_102' title='bbox 110 1489 165 1524; x_wconf 83' lang='lat' dir='ltr'><strong>ille,</strong></span> <span class='ocrx_word' id='word_1_103' title='bbox 182 1490 250 1517; x_wconf 78' lang='lat' dir='ltr'><strong>facta</strong></span> <span class='ocrx_word' id='word_1_104' title='bbox 271 1491 363 1526; x_wconf 85' lang='lat' dir='ltr'><strong>operis</strong></span> <span class='ocrx_word' id='word_1_105' title='bbox 382 1492 424 1518; x_wconf 90' lang='lat' dir='ltr'><strong>sui</strong></span> <span class='ocrx_word' id='word_1_106' title='bbox 448 1492 649 1523; x_wconf 83' lang='lat' dir='ltr'><strong>distributione,</strong></span> <span class='ocrx_word' id='word_1_107' title='bbox 675 1492 790 1526; x_wconf 90' lang='lat' dir='ltr'><strong>primum</strong></span> <span class='ocrx_word' id='word_1_108' title='bbox 807 1494 894 1528; x_wconf 84' lang='lat' dir='ltr'><strong>aperit</strong></span> 
     </span>
    </p>
   </div>
   <div class='ocr_carea' id='block_1_19' title="bbox 109 1537 893 1574">
    <p class='ocr_par' dir='ltr' id='par_1_19' title="bbox 109 1537 893 1574">
     <span class='ocr_line' id='line_1_19' title="bbox 109 1537 893 1574; baseline 0.004 -11"><span class='ocrx_word' id='word_1_109' title='bbox 109 1544 158 1564; x_wconf 90' lang='lat' dir='ltr'><strong>cur</strong></span> <span class='ocrx_word' id='word_1_110' title='bbox 180 1537 320 1572; x_wconf 80' lang='lat' dir='ltr'><strong>Scriptura</strong></span> <span class='ocrx_word' id='word_1_111' title='bbox 340 1538 430 1564; x_wconf 88' lang='lat' dir='ltr'><strong>divina</strong></span> <span class='ocrx_word' id='word_1_112' title='bbox 455 1538 566 1572; x_wconf 84' lang='lat' dir='ltr'><strong>angelos</strong></span> <span class='ocrx_word' id='word_1_113' title='bbox 589 1538 682 1573; x_wconf 80' lang='lat' dir='ltr'><strong>ﬁguris</strong></span> <span class='ocrx_word' id='word_1_114' title='bbox 705 1539 773 1566; x_wconf 85' lang='lat' dir='ltr'><strong>adeo</strong></span> <span class='ocrx_word' id='word_1_115' title='bbox 789 1539 893 1574; x_wconf 79' lang='lat' dir='ltr'><strong>ignobi-</strong></span> 
     </span>
    </p>
   </div>
   <div class='ocr_carea' id='block_1_20' title="bbox 109 1583 890 1620">
    <p class='ocr_par' dir='ltr' id='par_1_20' title="bbox 109 1583 890 1620">
     <span class='ocr_line' id='line_1_20' title="bbox 109 1583 890 1620; baseline 0.003 -10"><span class='ocrx_word' id='word_1_116' title='bbox 109 1583 188 1615; x_wconf 85' lang='lat' dir='ltr'><strong>libus,</strong></span> <span class='ocrx_word' id='word_1_117' title='bbox 206 1589 288 1618; x_wconf 83' lang='lat' dir='ltr'><strong>atque</strong></span> <span class='ocrx_word' id='word_1_118' title='bbox 311 1584 344 1610; x_wconf 89' lang='lat' dir='ltr'><strong>ab</strong></span> <span class='ocrx_word' id='word_1_119' title='bbox 365 1591 458 1610; x_wconf 78' lang='lat' dir='ltr'><strong>eorum</strong></span> <span class='ocrx_word' id='word_1_120' title='bbox 481 1589 577 1611; x_wconf 84' lang='lat' dir='ltr'><strong>natura</strong></span> <span class='ocrx_word' id='word_1_121' title='bbox 598 1589 651 1611; x_wconf 86' lang='lat' dir='ltr'><strong>tant</strong></span> <span class='ocrx_word' id='word_1_122' title='bbox 668 1585 773 1618; x_wconf 84' lang='lat' dir='ltr'><strong>alienis,</strong></span> <span class='ocrx_word' id='word_1_123' title='bbox 790 1586 890 1620; x_wconf 77' lang='lat' dir='ltr'><strong>tibique</strong></span> 
     </span>
    </p>
   </div>
   <div class='ocr_carea' id='block_1_21' title="bbox 110 1628 892 1665">
    <p class='ocr_par' dir='ltr' id='par_1_21' title="bbox 110 1628 892 1665">
     <span class='ocr_line' id='line_1_21' title="bbox 110 1628 892 1665; baseline 0.006 -11"><span class='ocrx_word' id='word_1_124' title='bbox 110 1629 188 1656; x_wconf 90' lang='lat' dir='ltr'><strong>nobis</strong></span> <span class='ocrx_word' id='word_1_125' title='bbox 209 1634 391 1663; x_wconf 51' lang='lat' dir='ltr'><strong>repraesentet.</strong></span> <span class='ocrx_word' id='word_1_126' title='bbox 416 1628 484 1656; x_wconf 80' lang='lat' dir='ltr'><strong>Tulit</strong></span> <span class='ocrx_word' id='word_1_127' title='bbox 506 1631 584 1664; x_wconf 86' lang='lat' dir='ltr'><strong>(cap.</strong></span> <span class='ocrx_word' id='word_1_128' title='bbox 602 1630 634 1665; x_wconf 80' lang='lat'><strong>5)</strong></span> <span class='ocrx_word' id='word_1_129' title='bbox 655 1637 762 1658; x_wconf 80' lang='lat' dir='ltr'><strong>onmem</strong></span> <span class='ocrx_word' id='word_1_130' title='bbox 783 1633 892 1659; x_wconf 85' lang='lat' dir='ltr'><strong>univcr-</strong></span> 
     </span>
    </p>
   </div>
   <div class='ocr_carea' id='block_1_22' title="bbox 109 1674 894 1712">
    <p class='ocr_par' dir='ltr' id='par_1_22' title="bbox 109 1674 894 1712">
     <span class='ocr_line' id='line_1_22' title="bbox 109 1674 894 1712; baseline 0.005 -12"><span class='ocrx_word' id='word_1_131' title='bbox 109 1674 160 1700; x_wconf 85' lang='lat' dir='ltr'><strong>sim</strong></span> <span class='ocrx_word' id='word_1_132' title='bbox 186 1675 367 1702; x_wconf 87' lang='lat' dir='ltr'><strong>hicrarchiam</strong></span> <span class='ocrx_word' id='word_1_133' title='bbox 390 1674 485 1702; x_wconf 86' lang='lat' dir='ltr'><strong>deﬁnit</strong></span> <span class='ocrx_word' id='word_1_134' title='bbox 508 1676 675 1710; x_wconf 87' lang='lat' dir='ltr'><strong>dividitque;</strong></span> <span class='ocrx_word' id='word_1_135' title='bbox 701 1684 732 1703; x_wconf 89' lang='lat' dir='ltr'><strong>ac</strong></span> <span class='ocrx_word' id='word_1_136' title='bbox 753 1677 815 1711; x_wconf 90' lang='lat' dir='ltr'><strong>quis</strong></span> <span class='ocrx_word' id='word_1_137' title='bbox 836 1678 894 1712; x_wconf 87' lang='lat' dir='ltr'><strong>ejus</strong></span> 
     </span>
    </p>
   </div>
   <div class='ocr_carea' id='block_1_23' title="bbox 109 1719 894 1756">
    <p class='ocr_par' dir='ltr' id='par_1_23' title="bbox 109 1719 894 1756">
     <span class='ocr_line' id='line_1_23' title="bbox 109 1719 894 1756; baseline 0.006 -11"><span class='ocrx_word' id='word_1_138' title='bbox 109 1719 171 1746; x_wconf 84' lang='lat' dir='ltr'><strong>ﬁnis</strong></span> <span class='ocrx_word' id='word_1_139' title='bbox 194 1725 222 1747; x_wconf 83' lang='lat' dir='ltr'><strong>et</strong></span> <span class='ocrx_word' id='word_1_140' title='bbox 249 1728 362 1755; x_wconf 74' lang='lat' dir='ltr'><strong>scepus,</strong></span> <span class='ocrx_word' id='word_1_141' title='bbox 389 1729 503 1756; x_wconf 64' lang='lat' dir='ltr'><strong>qumque</strong></span> <span class='ocrx_word' id='word_1_142' title='bbox 534 1722 588 1749; x_wconf 91' lang='lat' dir='ltr'><strong>sint</strong></span> <span class='ocrx_word' id='word_1_143' title='bbox 613 1721 671 1755; x_wconf 81' lang='lat' dir='ltr'><strong>ejus</strong></span> <span class='ocrx_word' id='word_1_144' title='bbox 697 1723 849 1750; x_wconf 67' lang='lat' dir='ltr'><strong>functiones</strong></span> <span class='ocrx_word' id='word_1_145' title='bbox 868 1728 894 1751; x_wconf 82' lang='lat' dir='ltr'><strong>et</strong></span> 
     </span>
    </p>
   </div>
   <div class='ocr_carea' id='block_1_24' title="bbox 107 1767 892 1804">
    <p class='ocr_par' dir='ltr' id='par_1_24' title="bbox 107 1767 892 1804">
     <span class='ocr_line' id='line_1_24' title="bbox 107 1767 892 1804; baseline 0.005 -11"><span class='ocrx_word' id='word_1_146' title='bbox 107 1767 196 1793; x_wconf 78' lang='lat' dir='ltr'><strong>munia</strong></span> <span class='ocrx_word' id='word_1_147' title='bbox 232 1768 373 1795; x_wconf 87' lang='lat' dir='ltr'><strong>enucleate</strong></span> <span class='ocrx_word' id='word_1_148' title='bbox 401 1769 579 1796; x_wconf 48' lang='lat' dir='ltr'><strong>demonstrat.</strong></span> <span class='ocrx_word' id='word_1_149' title='bbox 612 1769 681 1796; x_wconf 86' lang='lat' dir='ltr'><strong>Hinc</strong></span> <span class='ocrx_word' id='word_1_150' title='bbox 710 1770 781 1804; x_wconf 86' lang='lat' dir='ltr'><strong>(cap.</strong></span> <span class='ocrx_word' id='word_1_151' title='bbox 805 1771 833 1803; x_wconf 65' lang='grc' dir='ltr'><strong>ιι)</strong></span> <span class='ocrx_word' id='word_1_152' title='bbox 860 1771 892 1797; x_wconf 89' lang='lat' dir='ltr'><strong>ad</strong></span> 
     </span>
    </p>
   </div>
   <div class='ocr_carea' id='block_1_25' title="bbox 107 1814 893 1849">
    <p class='ocr_par' dir='ltr' id='par_1_25' title="bbox 107 1814 893 1849">
     <span class='ocr_line' id='line_1_25' title="bbox 107 1814 893 1849; baseline 0.003 -9"><span class='ocrx_word' id='word_1_153' title='bbox 107 1814 193 1848; x_wconf 78' lang='lat' dir='ltr'><strong>ipsius</strong></span> <span class='ocrx_word' id='word_1_154' title='bbox 204 1814 333 1849; x_wconf 67' lang='lat' dir='ltr'><strong>angelicae</strong></span> <span class='ocrx_word' id='word_1_155' title='bbox 348 1815 506 1842; x_wconf 78' lang='lat' dir='ltr'><strong>hierarchia:</strong></span> <span class='ocrx_word' id='word_1_156' title='bbox 520 1815 726 1849; x_wconf 80' lang='lat' dir='ltr'><strong>explicationem</strong></span> <span class='ocrx_word' id='word_1_157' title='bbox 743 1817 850 1847; x_wconf 85' lang='lat' dir='ltr'><strong>transit,</strong></span> <span class='ocrx_word' id='word_1_158' title='bbox 865 1820 893 1843; x_wconf 89' lang='lat' dir='ltr'><strong>et</strong></span> 
     </span>
    </p>
   </div>
   <div class='ocr_carea' id='block_1_26' title="bbox 106 1859 891 1896">
    <p class='ocr_par' dir='ltr' id='par_1_26' title="bbox 106 1859 891 1896">
     <span class='ocr_line' id='line_1_26' title="bbox 106 1859 891 1896; baseline 0.004 -11"><span class='ocrx_word' id='word_1_159' title='bbox 106 1860 224 1886; x_wconf 83' lang='lat' dir='ltr'><strong>ostendit</strong></span> <span class='ocrx_word' id='word_1_160' title='bbox 246 1859 330 1886; x_wconf 88' lang='lat' dir='ltr'><strong>Detttn</strong></span> <span class='ocrx_word' id='word_1_161' title='bbox 343 1868 358 1886; x_wconf 86' lang='lat' dir='ltr'><strong>a</strong></span> <span class='ocrx_word' id='word_1_162' title='bbox 373 1860 446 1886; x_wconf 92' lang='lat' dir='ltr'><strong>nulla</strong></span> <span class='ocrx_word' id='word_1_163' title='bbox 466 1865 588 1887; x_wconf 81' lang='lat' dir='ltr'><strong>creatura</strong></span> <span class='ocrx_word' id='word_1_164' title='bbox 609 1860 786 1887; x_wconf 83' lang='lat' dir='ltr'><strong>excellentius</strong></span> <span class='ocrx_word' id='word_1_165' title='bbox 804 1863 891 1896; x_wconf 90' lang='lat' dir='ltr'><strong>parti-</strong></span> 
     </span>
    </p>
   </div>
   <div class='ocr_carea' id='block_1_27' title="bbox 106 1905 891 1940">
    <p class='ocr_par' dir='ltr' id='par_1_27' title="bbox 106 1905 891 1940">
     <span class='ocr_line' id='line_1_27' title="bbox 106 1905 891 1940; baseline 0.003 -9"><span class='ocrx_word' id='word_1_166' title='bbox 106 1906 192 1940; x_wconf 86' lang='lat' dir='ltr'><strong>cipari</strong></span> <span class='ocrx_word' id='word_1_167' title='bbox 210 1913 290 1939; x_wconf 87' lang='lat' dir='ltr'><strong>quam</strong></span> <span class='ocrx_word' id='word_1_168' title='bbox 310 1905 345 1932; x_wconf 87' lang='lat' dir='ltr'><strong>ab</strong></span> <span class='ocrx_word' id='word_1_169' title='bbox 361 1906 481 1940; x_wconf 78' lang='lat' dir='ltr'><strong>angelis;</strong></span> <span class='ocrx_word' id='word_1_170' title='bbox 503 1906 550 1940; x_wconf 92' lang='lat' dir='ltr'><strong>qui</strong></span> <span class='ocrx_word' id='word_1_171' title='bbox 571 1906 679 1939; x_wconf 86' lang='lat' dir='ltr'><strong>quidem</strong></span> <span class='ocrx_word' id='word_1_172' title='bbox 702 1908 766 1940; x_wconf 83' lang='lat' dir='ltr'><strong>quia</strong></span> <span class='ocrx_word' id='word_1_173' title='bbox 783 1906 849 1934; x_wconf 86' lang='lat' dir='ltr'><strong>alios</strong></span> <span class='ocrx_word' id='word_1_174' title='bbox 866 1907 891 1934; x_wconf 91' lang='lat' dir='ltr'><strong>in</strong></span> 
     </span>
    </p>
   </div>
   <div class='ocr_carea' id='block_1_28' title="bbox 106 1952 891 1988">
    <p class='ocr_par' dir='ltr' id='par_1_28' title="bbox 106 1952 891 1988">
     <span class='ocr_line' id='line_1_28' title="bbox 106 1952 891 1988; baseline 0.003 -10"><span class='ocrx_word' id='word_1_175' title='bbox 106 1952 258 1979; x_wconf 80' lang='lat' dir='ltr'><strong>divinitatis</strong></span> <span class='ocrx_word' id='word_1_176' title='bbox 272 1953 455 1988; x_wconf 85' lang='lat' dir='ltr'><strong>cognitionem</strong></span> <span class='ocrx_word' id='word_1_177' title='bbox 477 1953 624 1985; x_wconf 82' lang='lat' dir='ltr'><strong>adducunt,</strong></span> <span class='ocrx_word' id='word_1_178' title='bbox 641 1953 701 1980; x_wconf 88' lang='lat' dir='ltr'><strong>ideo</strong></span> <span class='ocrx_word' id='word_1_179' title='bbox 720 1953 764 1980; x_wconf 92' lang='lat' dir='ltr'><strong>illo</strong></span> <span class='ocrx_word' id='word_1_180' title='bbox 780 1953 891 1988; x_wconf 79' lang='lat' dir='ltr'><strong>angelo-</strong></span> 
     </span>
    </p>
   </div>
   <div class='ocr_carea' id='block_1_29' title="bbox 107 1997 889 2033">
    <p class='ocr_par' dir='ltr' id='par_1_29' title="bbox 107 1997 889 2033">
     <span class='ocr_line' id='line_1_29' title="bbox 107 1997 889 2033; baseline 0.005 -11"><span class='ocrx_word' id='word_1_181' title='bbox 107 2005 165 2023; x_wconf 86' lang='lat' dir='ltr'><strong>rum</strong></span> <span class='ocrx_word' id='word_1_182' title='bbox 179 1997 290 2025; x_wconf 86' lang='lat' dir='ltr'><strong>nomine</strong></span> <span class='ocrx_word' id='word_1_183' title='bbox 301 2003 365 2025; x_wconf 80' lang='lat' dir='ltr'><strong>sunt</strong></span> <span class='ocrx_word' id='word_1_184' title='bbox 378 1998 482 2025; x_wconf 82' lang='lat' dir='ltr'><strong>donati.</strong></span> <span class='ocrx_word' id='word_1_185' title='bbox 498 1998 586 2033; x_wconf 77' lang='lat' dir='ltr'><strong>Atque</strong></span> <span class='ocrx_word' id='word_1_186' title='bbox 598 1998 648 2025; x_wconf 85' lang='lat' dir='ltr'><strong>hac</strong></span> <span class='ocrx_word' id='word_1_187' title='bbox 658 1999 719 2026; x_wconf 88' lang='lat' dir='ltr'><strong>data</strong></span> <span class='ocrx_word' id='word_1_188' title='bbox 735 1999 889 2030; x_wconf 85' lang='lat' dir='ltr'><strong>occasione,</strong></span> 
     </span>
    </p>
   </div>
   <div class='ocr_carea' id='block_1_30' title="bbox 108 2042 890 2072">
    <p class='ocr_par' dir='ltr' id='par_1_30' title="bbox 108 2042 890 2072">
     <span class='ocr_line' id='line_1_30' title="bbox 108 2042 890 2072; baseline 0.008 -6"><span class='ocrx_word' id='word_1_189' title='bbox 108 2042 186 2069; x_wconf 84' lang='lat' dir='ltr'><strong>docet</strong></span> <span class='ocrx_word' id='word_1_190' title='bbox 214 2051 309 2071; x_wconf 80' lang='lat' dir='ltr'><strong>eorum</strong></span> <span class='ocrx_word' id='word_1_191' title='bbox 338 2045 490 2071; x_wconf 86' lang='lat' dir='ltr'><strong>ministerio</strong></span> <span class='ocrx_word' id='word_1_192' title='bbox 523 2052 576 2071; x_wconf 91' lang='lat' dir='ltr'><strong>non</strong></span> <span class='ocrx_word' id='word_1_193' title='bbox 607 2044 693 2072; x_wconf 90' lang='lat' dir='ltr'><strong>solum</strong></span> <span class='ocrx_word' id='word_1_194' title='bbox 727 2045 834 2072; x_wconf 79' lang='lat' dir='ltr'><strong>divinas</strong></span> <span class='ocrx_word' id='word_1_195' title='bbox 864 2046 890 2072; x_wconf 88' lang='lat' dir='ltr'><strong>in</strong></span> 
     </span>
    </p>
   </div>
   <div class='ocr_carea' id='block_1_31' title="bbox 108 2086 889 2123">
    <p class='ocr_par' dir='ltr' id='par_1_31' title="bbox 108 2086 889 2123">
     <span class='ocr_line' id='line_1_31' title="bbox 108 2086 889 2123; baseline 0.006 -11"><span class='ocrx_word' id='word_1_196' title='bbox 108 2086 198 2114; x_wconf 86' lang='lat' dir='ltr'><strong>Veteri</strong></span> <span class='ocrx_word' id='word_1_197' title='bbox 219 2090 394 2117; x_wconf 85' lang='lat' dir='ltr'><strong>Testamento</strong></span> <span class='ocrx_word' id='word_1_198' title='bbox 421 2090 540 2118; x_wconf 80' lang='lat' dir='ltr'><strong>visiones</strong></span> <span class='ocrx_word' id='word_1_199' title='bbox 563 2091 699 2118; x_wconf 83' lang='lat' dir='ltr'><strong>exhibitas</strong></span> <span class='ocrx_word' id='word_1_200' title='bbox 722 2090 816 2123; x_wconf 83' lang='lat' dir='ltr'><strong>fuisse,</strong></span> <span class='ocrx_word' id='word_1_201' title='bbox 842 2091 889 2117; x_wconf 86' lang='lat' dir='ltr'><strong>sed</strong></span> 
     </span>
    </p>
   </div>
   <div class='ocr_carea' id='block_1_32' title="bbox 106 2134 890 2165">
    <p class='ocr_par' dir='ltr' id='par_1_32' title="bbox 106 2134 890 2165">
     <span class='ocr_line' id='line_1_32' title="bbox 106 2134 890 2165; baseline 0.004 -5"><span class='ocrx_word' id='word_1_202' title='bbox 106 2134 207 2161; x_wconf 75' lang='lat' dir='ltr'><strong>Christi</strong></span> <span class='ocrx_word' id='word_1_203' title='bbox 221 2135 301 2163; x_wconf 83' lang='lat' dir='ltr'><strong>etiam</strong></span> <span class='ocrx_word' id='word_1_204' title='bbox 317 2136 533 2164; x_wconf 87' lang='lat' dir='ltr'><strong>lncarnationem</strong></span> <span class='ocrx_word' id='word_1_205' title='bbox 550 2137 577 2164; x_wconf 89' lang='lat' dir='ltr'><strong>in</strong></span> <span class='ocrx_word' id='word_1_206' title='bbox 595 2137 669 2165; x_wconf 86' lang='lat' dir='ltr'><strong>Novo</strong></span> <span class='ocrx_word' id='word_1_207' title='bbox 684 2136 796 2164; x_wconf 83' lang='lat' dir='ltr'><strong>Foedcre</strong></span> <span class='ocrx_word' id='word_1_208' title='bbox 814 2137 890 2163; x_wconf 92' lang='lat' dir='ltr'><strong>nobis</strong></span> 
     </span>
    </p>
   </div>
   <div class='ocr_carea' id='block_1_33' title="bbox 105 2181 890 2217">
    <p class='ocr_par' dir='ltr' id='par_1_33' title="bbox 105 2181 890 2217">
     <span class='ocr_line' id='line_1_33' title="bbox 105 2181 890 2217; baseline 0.005 -12"><span class='ocrx_word' id='word_1_209' title='bbox 105 2181 306 2209; x_wconf 84' lang='lat' dir='ltr'><strong>annuntiatam.</strong></span> <span class='ocrx_word' id='word_1_210' title='bbox 319 2182 435 2216; x_wconf 83' lang='lat' dir='ltr'><strong>Exponit</strong></span> <span class='ocrx_word' id='word_1_211' title='bbox 451 2183 561 2216; x_wconf 89' lang='lat' dir='ltr'><strong>insuper</strong></span> <span class='ocrx_word' id='word_1_212' title='bbox 579 2183 650 2217; x_wconf 79' lang='lat' dir='ltr'><strong>(cap.</strong></span> <span class='ocrx_word' id='word_1_213' title='bbox 669 2183 696 2216; x_wconf 84' lang='lat'><strong>5)</strong></span> <span class='ocrx_word' id='word_1_214' title='bbox 712 2191 762 2210; x_wconf 90' lang='lat' dir='ltr'><strong>cur</strong></span> <span class='ocrx_word' id='word_1_215' title='bbox 784 2183 890 2216; x_wconf 73' lang='lat' dir='ltr'><strong>angelo-</strong></span> 
     </span>
    </p>
   </div>
   <div class='ocr_carea' id='block_1_34' title="bbox 106 2228 923 2267">
    <p class='ocr_par' dir='ltr' id='par_1_34' title="bbox 106 2228 923 2267">
     <span class='ocr_line' id='line_1_34' title="bbox 106 2228 923 2267; baseline 0.002 -15"><span class='ocrx_word' id='word_1_216' title='bbox 106 2233 164 2252; x_wconf 85' lang='lat' dir='ltr'><strong>rum</strong></span> <span class='ocrx_word' id='word_1_217' title='bbox 195 2234 306 2259; x_wconf 89' lang='lat' dir='ltr'><strong>nomen,</strong></span> <span class='ocrx_word' id='word_1_218' title='bbox 336 2229 409 2262; x_wconf 90' lang='lat' dir='ltr'><strong>quod</strong></span> <span class='ocrx_word' id='word_1_219' title='bbox 435 2228 530 2254; x_wconf 88' lang='lat' dir='ltr'><strong>ultimo</strong></span> <span class='ocrx_word' id='word_1_220' title='bbox 563 2228 714 2255; x_wconf 74' lang='lat' dir='ltr'><strong>ctelcstium</strong></span> <span class='ocrx_word' id='word_1_221' title='bbox 743 2228 923 2267; x_wconf 77' lang='lat' dir='ltr'><strong>spirituumC</strong></span> 
     </span>
    </p>
   </div>
   <div class='ocr_carea' id='block_1_35' title="bbox 104 2271 884 2306">
    <p class='ocr_par' dir='ltr' id='par_1_35' title="bbox 104 2271 884 2306">
     <span class='ocr_line' id='line_1_35' title="bbox 104 2271 884 2306; baseline 0.003 -8"><span class='ocrx_word' id='word_1_222' title='bbox 104 2271 190 2298; x_wconf 90' lang='lat' dir='ltr'><strong>ordini</strong></span> <span class='ocrx_word' id='word_1_223' title='bbox 206 2272 348 2306; x_wconf 86' lang='lat' dir='ltr'><strong>speciatim</strong></span> <span class='ocrx_word' id='word_1_224' title='bbox 363 2274 501 2305; x_wconf 88' lang='lat' dir='ltr'><strong>convenit,</strong></span> <span class='ocrx_word' id='word_1_225' title='bbox 521 2273 627 2301; x_wconf 67' lang='lat' dir='ltr'><strong>caeteris</strong></span> <span class='ocrx_word' id='word_1_226' title='bbox 647 2272 884 2300; x_wconf 76' lang='lat' dir='ltr'><strong>indisnriminatim</strong></span> 
     </span>
    </p>
   </div>
   <div class='ocr_carea' id='block_1_36' title="bbox 104 2316 888 2354">
    <p class='ocr_par' dir='ltr' id='par_1_36' title="bbox 104 2316 888 2354">
     <span class='ocr_line' id='line_1_36' title="bbox 104 2316 888 2354; baseline 0.001 -11"><span class='ocrx_word' id='word_1_227' title='bbox 104 2316 140 2343; x_wconf 86' lang='lat' dir='ltr'><strong>ita</strong></span> <span class='ocrx_word' id='word_1_228' title='bbox 153 2318 296 2351; x_wconf 89' lang='lat' dir='ltr'><strong>tribuatur,</strong></span> <span class='ocrx_word' id='word_1_229' title='bbox 310 2324 339 2346; x_wconf 90' lang='lat' dir='ltr'><strong>ut</strong></span> <span class='ocrx_word' id='word_1_230' title='bbox 353 2319 402 2354; x_wconf 86' lang='lat' dir='ltr'><strong>ipsi</strong></span> <span class='ocrx_word' id='word_1_231' title='bbox 417 2323 506 2347; x_wconf 87' lang='lat' dir='ltr'><strong>tamen</strong></span> <span class='ocrx_word' id='word_1_232' title='bbox 518 2319 632 2346; x_wconf 90' lang='lat' dir='ltr'><strong>aliorum</strong></span> <span class='ocrx_word' id='word_1_233' title='bbox 644 2319 765 2346; x_wconf 83' lang='lat' dir='ltr'><strong>vicissim</strong></span> <span class='ocrx_word' id='word_1_234' title='bbox 779 2319 888 2345; x_wconf 84' lang='lat' dir='ltr'><strong>nomine</strong></span> 
     </span>
    </p>
   </div>
   <div class='ocr_carea' id='block_1_37' title="bbox 103 2363 886 2400">
    <p class='ocr_par' dir='ltr' id='par_1_37' title="bbox 103 2363 886 2400">
     <span class='ocr_line' id='line_1_37' title="bbox 103 2363 886 2400; baseline 0.001 -12"><span class='ocrx_word' id='word_1_235' title='bbox 103 2370 240 2398; x_wconf 86' lang='lat' dir='ltr'><strong>nunquam</strong></span> <span class='ocrx_word' id='word_1_236' title='bbox 266 2364 446 2399; x_wconf 72' lang='lat' dir='ltr'><strong>appellentur.</strong></span> <span class='ocrx_word' id='word_1_237' title='bbox 478 2364 517 2392; x_wconf 83' lang='lat' dir='ltr'><strong>Ad</strong></span> <span class='ocrx_word' id='word_1_238' title='bbox 543 2365 701 2400; x_wconf 85' lang='lat' dir='ltr'><strong>angelorum</strong></span> <span class='ocrx_word' id='word_1_239' title='bbox 727 2363 886 2391; x_wconf 85' lang='lat' dir='ltr'><strong>divisionem</strong></span> 
     </span>
    </p>
   </div>
   <div class='ocr_carea' id='block_1_38' title="bbox 102 2409 886 2446">
    <p class='ocr_par' dir='ltr' id='par_1_38' title="bbox 102 2409 886 2446">
     <span class='ocr_line' id='line_1_38' title="bbox 102 2409 886 2446; baseline 0 -10"><span class='ocrx_word' id='word_1_240' title='bbox 102 2409 164 2437; x_wconf 88' lang='lat' dir='ltr'><strong>inde</strong></span> <span class='ocrx_word' id='word_1_241' title='bbox 185 2412 258 2444; x_wconf 92' lang='lat' dir='ltr'><strong>(cap.</strong></span> <span class='ocrx_word' id='word_1_242' title='bbox 274 2411 310 2444; x_wconf 84' lang='lat'><strong>6)</strong></span> <span class='ocrx_word' id='word_1_243' title='bbox 326 2411 513 2446; x_wconf 81' lang='lat' dir='ltr'><strong>progreditur,</strong></span> <span class='ocrx_word' id='word_1_244' title='bbox 534 2417 615 2446; x_wconf 84' lang='lat' dir='ltr'><strong>atque</strong></span> <span class='ocrx_word' id='word_1_245' title='bbox 635 2410 754 2438; x_wconf 82' lang='lat' dir='ltr'><strong>ostendit</strong></span> <span class='ocrx_word' id='word_1_246' title='bbox 778 2417 826 2437; x_wconf 88' lang='lat' dir='ltr'><strong>eos</strong></span> <span class='ocrx_word' id='word_1_247' title='bbox 859 2410 886 2436; x_wconf 89' lang='lat' dir='ltr'><strong>in</strong></span> 
     </span>
    </p>
   </div>
   <div class='ocr_carea' id='block_1_39' title="bbox 102 2456 887 2492">
    <p class='ocr_par' dir='ltr' id='par_1_39' title="bbox 102 2456 887 2492">
     <span class='ocr_line' id='line_1_39' title="bbox 102 2456 887 2492; baseline -0.001 -9"><span class='ocrx_word' id='word_1_248' title='bbox 102 2461 157 2483; x_wconf 87' lang='lat' dir='ltr'><strong>tres</strong></span> <span class='ocrx_word' id='word_1_249' title='bbox 178 2457 357 2489; x_wconf 90' lang='lat' dir='ltr'><strong>hierarchias,</strong></span> <span class='ocrx_word' id='word_1_250' title='bbox 379 2463 407 2484; x_wconf 89' lang='lat' dir='ltr'><strong>et</strong></span> <span class='ocrx_word' id='word_1_251' title='bbox 431 2457 555 2491; x_wconf 82' lang='lat' dir='ltr'><strong>singulas</strong></span> <span class='ocrx_word' id='word_1_252' title='bbox 571 2465 695 2492; x_wconf 87' lang='lat' dir='ltr'><strong>quasque</strong></span> <span class='ocrx_word' id='word_1_253' title='bbox 717 2456 887 2484; x_wconf 82' lang='lat' dir='ltr'><strong>hierarchias</strong></span> 
     </span>
    </p>
   </div>
   <div class='ocr_carea' id='block_1_40' title="bbox 102 2502 886 2537">
    <p class='ocr_par' dir='ltr' id='par_1_40' title="bbox 102 2502 886 2537">
     <span class='ocr_line' id='line_1_40' title="bbox 102 2502 886 2537; baseline -0.001 -9"><span class='ocrx_word' id='word_1_254' title='bbox 102 2502 128 2529; x_wconf 93' lang='lat' dir='ltr'><strong>in</strong></span> <span class='ocrx_word' id='word_1_255' title='bbox 154 2506 211 2529; x_wconf 86' lang='lat' dir='ltr'><strong>tres</strong></span> <span class='ocrx_word' id='word_1_256' title='bbox 234 2503 344 2529; x_wconf 82' lang='lat' dir='ltr'><strong>ordines</strong></span> <span class='ocrx_word' id='word_1_257' title='bbox 372 2503 411 2532; x_wconf 90' lang='lat' dir='ltr'><strong>sic</strong></span> <span class='ocrx_word' id='word_1_258' title='bbox 425 2503 571 2535; x_wconf 83' lang='lat' dir='ltr'><strong>distribui;</strong></span> <span class='ocrx_word' id='word_1_259' title='bbox 598 2507 626 2530; x_wconf 94' lang='lat' dir='ltr'><strong>ut</strong></span> <span class='ocrx_word' id='word_1_260' title='bbox 647 2502 734 2537; x_wconf 91' lang='lat' dir='ltr'><strong>prima</strong></span> <span class='ocrx_word' id='word_1_261' title='bbox 757 2502 886 2535; x_wconf 84' lang='lat' dir='ltr'><strong>Seraphi-</strong></span> 
     </span>
    </p>
   </div>
   <div class='ocr_carea' id='block_1_41' title="bbox 100 2547 883 2583">
    <p class='ocr_par' dir='ltr' id='par_1_41' title="bbox 100 2547 883 2583">
     <span class='ocr_line' id='line_1_41' title="bbox 100 2547 883 2583; baseline 0 -9"><span class='ocrx_word' id='word_1_262' title='bbox 100 2556 196 2575; x_wconf 91' lang='lat' dir='ltr'><strong>norum</strong></span> <span class='ocrx_word' id='word_1_263' title='bbox 224 2548 305 2582; x_wconf 87' lang='lat' dir='ltr'><strong>(cap.</strong></span> <span class='ocrx_word' id='word_1_264' title='bbox 335 2549 388 2583; x_wconf 71' lang='lat'><strong>7),</strong></span> <span class='ocrx_word' id='word_1_265' title='bbox 416 2548 657 2579; x_wconf 86' lang='lat' dir='ltr'><strong>Cherubinorum,</strong></span> <span class='ocrx_word' id='word_1_266' title='bbox 690 2547 883 2579; x_wconf 71' lang='lat' dir='ltr'><strong>Thronorute;</strong></span> 
     </span>
    </p>
   </div>
   <div class='ocr_carea' id='block_1_42' title="bbox 99 2592 884 2629">
    <p class='ocr_par' dir='ltr' id='par_1_42' title="bbox 99 2592 884 2629">
     <span class='ocr_line' id='line_1_42' title="bbox 99 2592 884 2629; baseline -0.004 -8"><span class='ocrx_word' id='word_1_267' title='bbox 99 2593 219 2621; x_wconf 80' lang='lat' dir='ltr'><strong>secunda</strong></span> <span class='ocrx_word' id='word_1_268' title='bbox 247 2601 312 2620; x_wconf 89' lang='lat' dir='ltr'><strong>vero</strong></span> <span class='ocrx_word' id='word_1_269' title='bbox 339 2594 561 2621; x_wconf 88' lang='lat' dir='ltr'><strong>Dominationum</strong></span> <span class='ocrx_word' id='word_1_270' title='bbox 585 2595 655 2629; x_wconf 85' lang='lat' dir='ltr'><strong>(cap.</strong></span> <span class='ocrx_word' id='word_1_271' title='bbox 675 2593 725 2626; x_wconf 87' lang='lat'><strong>8),</strong></span> <span class='ocrx_word' id='word_1_272' title='bbox 740 2592 884 2625; x_wconf 86' lang='lat' dir='ltr'><strong>Virtutum,</strong></span> 
     </span>
    </p>
   </div>
   <div class='ocr_carea' id='block_1_43' title="bbox 102 2639 884 2675">
    <p class='ocr_par' dir='ltr' id='par_1_43' title="bbox 102 2639 884 2675">
     <span class='ocr_line' id='line_1_43' title="bbox 102 2639 884 2675; baseline -0.003 -8"><span class='ocrx_word' id='word_1_273' title='bbox 102 2639 267 2668; x_wconf 83' lang='lat' dir='ltr'><strong>Potestatum</strong></span> <span class='ocrx_word' id='word_1_274' title='bbox 280 2650 287 2674; x_wconf 89' lang='lat'><strong>;</strong></span> <span class='ocrx_word' id='word_1_275' title='bbox 301 2641 380 2668; x_wconf 87' lang='lat' dir='ltr'><strong>tertia</strong></span> <span class='ocrx_word' id='word_1_276' title='bbox 397 2641 514 2675; x_wconf 90' lang='lat' dir='ltr'><strong>denique</strong></span> <span class='ocrx_word' id='word_1_277' title='bbox 535 2640 741 2675; x_wconf 86' lang='lat' dir='ltr'><strong>Principatuum</strong></span> <span class='ocrx_word' id='word_1_278' title='bbox 760 2640 829 2674; x_wconf 89' lang='lat' dir='ltr'><strong>(cap.</strong></span> <span class='ocrx_word' id='word_1_279' title='bbox 844 2639 884 2673; x_wconf 86' lang='lat'><strong>9),</strong></span> 
     </span>
    </p>
   </div>
   <div class='ocr_carea' id='block_1_44' title="bbox 104 2686 883 2723">
    <p class='ocr_par' dir='ltr' id='par_1_44' title="bbox 104 2686 883 2723">
     <span class='ocr_line' id='line_1_44' title="bbox 104 2686 883 2723; baseline -0.001 -9"><span class='ocrx_word' id='word_1_280' title='bbox 104 2686 333 2720; x_wconf 60' lang='lat' dir='ltr'><strong>Archangelorum</strong></span> <span class='ocrx_word' id='word_1_281' title='bbox 357 2692 386 2714; x_wconf 87' lang='lat' dir='ltr'><strong>et</strong></span> <span class='ocrx_word' id='word_1_282' title='bbox 407 2687 569 2723; x_wconf 80' lang='lat' dir='ltr'><strong>Angelorum</strong></span> <span class='ocrx_word' id='word_1_283' title='bbox 591 2687 700 2714; x_wconf 83' lang='lat' dir='ltr'><strong>ordines</strong></span> <span class='ocrx_word' id='word_1_284' title='bbox 722 2686 883 2720; x_wconf 83' lang='lat' dir='ltr'><strong>complecta-</strong></span> 
     </span>
    </p>
   </div>
   <div class='ocr_carea' id='block_1_45' title="bbox 103 2732 884 2767">
    <p class='ocr_par' dir='ltr' id='par_1_45' title="bbox 103 2732 884 2767">
     <span class='ocr_line' id='line_1_45' title="bbox 103 2732 884 2767; baseline -0.001 -8"><span class='ocrx_word' id='word_1_285' title='bbox 103 2735 154 2759; x_wconf 87' lang='lat' dir='ltr'><strong>tur.</strong></span> <span class='ocrx_word' id='word_1_286' title='bbox 173 2732 275 2759; x_wconf 88' lang='lat' dir='ltr'><strong>Deinde</strong></span> <span class='ocrx_word' id='word_1_287' title='bbox 287 2733 359 2767; x_wconf 85' lang='lat' dir='ltr'><strong>(cap.</strong></span> <span class='ocrx_word' id='word_1_288' title='bbox 374 2732 417 2767; x_wconf 81' lang='grc'>10)</span> <span class='ocrx_word' id='word_1_289' title='bbox 434 2733 570 2767; x_wconf 90' lang='lat' dir='ltr'><strong>quomodo</strong></span> <span class='ocrx_word' id='word_1_290' title='bbox 587 2732 715 2766; x_wconf 73' lang='lat' dir='ltr'><strong>quaelibet</strong></span> <span class='ocrx_word' id='word_1_291' title='bbox 731 2732 884 2759; x_wconf 90' lang='lat' dir='ltr'><strong>hierarchia</strong></span> 
     </span>
    </p>
   </div>
   <div class='ocr_carea' id='block_1_46' title="bbox 102 2777 885 2812">
    <p class='ocr_par' dir='ltr' id='par_1_46' title="bbox 102 2777 885 2812">
     <span class='ocr_line' id='line_1_46' title="bbox 102 2777 885 2812; baseline 0.001 -10"><span class='ocrx_word' id='word_1_292' title='bbox 102 2781 238 2811; x_wconf 72' lang='lat' dir='ltr'><strong>purgetur,</strong></span> <span class='ocrx_word' id='word_1_293' title='bbox 254 2777 418 2807; x_wconf 83' lang='lat' dir='ltr'><strong>illustretur.</strong></span> <span class='ocrx_word' id='word_1_294' title='bbox 432 2785 463 2805; x_wconf 83' lang='lat' dir='ltr'><strong>ac</strong></span> <span class='ocrx_word' id='word_1_295' title='bbox 481 2778 647 2812; x_wconf 88' lang='lat' dir='ltr'><strong>perliciatur,</strong></span> <span class='ocrx_word' id='word_1_296' title='bbox 671 2777 796 2804; x_wconf 82' lang='lat' dir='ltr'><strong>euuclcat</strong></span> <span class='ocrx_word' id='word_1_297' title='bbox 807 2785 813 2808; x_wconf 87' lang='lat'><strong>;</strong></span> <span class='ocrx_word' id='word_1_298' title='bbox 826 2777 885 2811; x_wconf 86' lang='lat' dir='ltr'><strong>pla-</strong></span> 
     </span>
    </p>
   </div>
   <div class='ocr_carea' id='block_1_47' title="bbox 102 2822 882 2858">
    <p class='ocr_par' dir='ltr' id='par_1_47' title="bbox 102 2822 882 2858">
     <span class='ocr_line' id='line_1_47' title="bbox 102 2822 882 2858; baseline 0 -10"><span class='ocrx_word' id='word_1_299' title='bbox 102 2829 218 2857; x_wconf 85' lang='lat' dir='ltr'><strong>numque</strong></span> <span class='ocrx_word' id='word_1_300' title='bbox 231 2822 297 2850; x_wconf 87' lang='lat' dir='ltr'><strong>l&#39;acit</strong></span> <span class='ocrx_word' id='word_1_301' title='bbox 311 2823 384 2858; x_wconf 85' lang='lat' dir='ltr'><strong>(cap.</strong></span> <span class='ocrx_word' id='word_1_302' title='bbox 402 2823 446 2858; x_wconf 78' lang='lat' dir='ltr'><strong>il)</strong></span> <span class='ocrx_word' id='word_1_303' title='bbox 463 2831 511 2850; x_wconf 91' lang='lat' dir='ltr'><strong>cur</strong></span> <span class='ocrx_word' id='word_1_304' title='bbox 525 2831 620 2851; x_wconf 88' lang='lat' dir='ltr'><strong>omnes</strong></span> <span class='ocrx_word' id='word_1_305' title='bbox 642 2823 737 2858; x_wconf 72' lang='lat' dir='ltr'><strong>Augeli</strong></span> <span class='ocrx_word' id='word_1_306' title='bbox 755 2823 882 2850; x_wconf 76' lang='lat' dir='ltr'><strong>virtutum</strong></span> 
     </span>
    </p>
   </div>
   <div class='ocr_carea' id='block_1_48' title="bbox 102 2867 881 2902">
    <p class='ocr_par' dir='ltr' id='par_1_48' title="bbox 102 2867 881 2902">
     <span class='ocr_line' id='line_1_48' title="bbox 102 2867 881 2902; baseline 0 -9"><span class='ocrx_word' id='word_1_307' title='bbox 102 2867 255 2896; x_wconf 75' lang='lat' dir='ltr'><strong>ctelestium</strong></span> <span class='ocrx_word' id='word_1_308' title='bbox 270 2869 393 2898; x_wconf 83' lang='lat' dir='ltr'><strong>nomine,</strong></span> <span class='ocrx_word' id='word_1_309' title='bbox 409 2868 480 2902; x_wconf 86' lang='lat' dir='ltr'><strong>quod</strong></span> <span class='ocrx_word' id='word_1_310' title='bbox 494 2869 613 2896; x_wconf 79' lang='lat' dir='ltr'><strong>secundo</strong></span> <span class='ocrx_word' id='word_1_311' title='bbox 628 2869 753 2896; x_wconf 60' lang='lat' dir='ltr'><strong>secunda:</strong></span> <span class='ocrx_word' id='word_1_312' title='bbox 776 2868 881 2895; x_wconf 84' lang='lat' dir='ltr'><strong>hierar-</strong></span> 
     </span>
    </p>
   </div>
   <div class='ocr_carea' id='block_1_49' title="bbox 237 2910 528 2944">
    <p class='ocr_par' dir='ltr' id='par_1_49' title="bbox 237 2910 528 2944">
     <span class='ocr_line' id='line_1_49' title="bbox 237 2910 528 2944; baseline -0.014 -1"><span class='ocrx_word' id='word_1_313' title='bbox 237 2914 370 2944; x_wconf 69' lang='lat' dir='ltr'><strong>l‘nuon.</strong></span> <span class='ocrx_word' id='word_1_314' title='bbox 388 2914 447 2944; x_wconf 69' lang='lat' dir='ltr'><strong>(la.</strong></span> <span class='ocrx_word' id='word_1_315' title='bbox 477 2910 528 2940; x_wconf 94' lang='grc' dir='ltr'><strong>ΙΙΙ.</strong></span> 
     </span>
    </p>
   </div>
   <div class='ocr_carea' id='block_1_50' title="bbox 909 1563 930 1590">
    <p class='ocr_par' dir='ltr' id='par_1_50' title="bbox 909 1563 930 1590">
     <span class='ocr_line' id='line_1_50' title="bbox 909 1563 930 1590; baseline 0 0"><span class='ocrx_word' id='word_1_316' title='bbox 909 1563 930 1590; x_wconf 87' lang='grc' dir='ltr'><strong>Β</strong></span> 
     </span>
    </p>
   </div>
   <div class='ocr_carea' id='block_1_51' title="bbox 921 735 1482 775">
    <p class='ocr_par' dir='ltr' id='par_1_51' title="bbox 921 735 1482 775">
     <span class='ocr_line' id='line_1_51' title="bbox 921 735 1482 775; baseline 0.007 -13"><span class='ocrx_word' id='word_1_317' title='bbox 921 743 994 764; x_wconf 72' lang='lat' dir='ltr'><strong>max.</strong></span> <span class='ocrx_word' id='word_1_318' title='bbox 1009 735 1232 770; x_wconf 79' lang='lat' dir='ltr'><strong>Parisiis,‘i705,</strong></span> <span class='ocrx_word' id='word_1_319' title='bbox 1250 738 1353 772; x_wconf 86' lang='lat' dir='ltr'><strong>in-lol.,</strong></span> <span class='ocrx_word' id='word_1_320' title='bbox 1367 747 1392 774; x_wconf 90' lang='lat' dir='ltr'><strong>p.</strong></span> <span class='ocrx_word' id='word_1_321' title='bbox 1410 740 1482 775; x_wconf 82' lang='grc'><strong>169.)</strong></span> 
     </span>
    </p>
   </div>
   <div class='ocr_carea' id='block_1_52' title="bbox 915 891 1732 928">
    <p class='ocr_par' dir='ltr' id='par_1_52' title="bbox 915 891 1732 928">
     <span class='ocr_line' id='line_1_52' title="bbox 915 891 1732 928; baseline 0.009 -10"><span class='ocrx_word' id='word_1_322' title='bbox 915 893 936 922; x_wconf 79' lang='grc' dir='ltr'><strong>Α</strong></span> <span class='ocrx_word' id='word_1_323' title='bbox 950 891 1017 919; x_wconf 69' lang='lat' dir='ltr'><strong>chiaa</strong></span> <span class='ocrx_word' id='word_1_324' title='bbox 1040 891 1130 919; x_wconf 88' lang='lat' dir='ltr'><strong>ordini</strong></span> <span class='ocrx_word' id='word_1_325' title='bbox 1152 893 1288 926; x_wconf 86' lang='lat' dir='ltr'><strong>peculiare</strong></span> <span class='ocrx_word' id='word_1_326' title='bbox 1313 898 1365 925; x_wconf 82' lang='lat' dir='ltr'><strong>est,</strong></span> <span class='ocrx_word' id='word_1_327' title='bbox 1390 894 1543 928; x_wconf 84' lang='lat' dir='ltr'><strong>promiscue</strong></span> <span class='ocrx_word' id='word_1_328' title='bbox 1569 896 1732 926; x_wconf 87' lang='lat' dir='ltr'><strong>vocitentur.</strong></span> 
     </span>
    </p>
   </div>
   <div class='ocr_carea' id='block_1_53' title="bbox 949 938 1736 977">
    <p class='ocr_par' dir='ltr' id='par_1_53' title="bbox 949 938 1736 977">
     <span class='ocr_line' id='line_1_53' title="bbox 949 938 1736 977; baseline 0.008 -12"><span class='ocrx_word' id='word_1_329' title='bbox 949 938 1097 966; x_wconf 84' lang='lat' dir='ltr'><strong>Nonnullas</strong></span> <span class='ocrx_word' id='word_1_330' title='bbox 1111 941 1217 972; x_wconf 87' lang='lat' dir='ltr'><strong>postea,</strong></span> <span class='ocrx_word' id='word_1_331' title='bbox 1232 946 1291 972; x_wconf 70' lang='lat' dir='ltr'><strong>qua:</strong></span> <span class='ocrx_word' id='word_1_332' title='bbox 1307 939 1341 965; x_wconf 88' lang='lat' dir='ltr'><strong>ad</strong></span> <span class='ocrx_word' id='word_1_333' title='bbox 1356 946 1543 974; x_wconf 86' lang='lat' dir='ltr'><strong>argumentum</strong></span> <span class='ocrx_word' id='word_1_334' title='bbox 1558 949 1637 969; x_wconf 88' lang='lat' dir='ltr'><strong>suum</strong></span> <span class='ocrx_word' id='word_1_335' title='bbox 1676 951 1736 977; x_wconf 86' lang='lat' dir='ltr'><strong>spc-</strong></span> 
     </span>
    </p>
   </div>
   <div class='ocr_carea' id='block_1_54' title="bbox 944 982 1731 1023">
    <p class='ocr_par' dir='ltr' id='par_1_54' title="bbox 944 982 1731 1023">
     <span class='ocr_line' id='line_1_54' title="bbox 944 982 1731 1023; baseline 0.011 -15"><span class='ocrx_word' id='word_1_336' title='bbox 944 982 1232 1015; x_wconf 82' lang='lat' dir='ltr'><strong>ctabant,dillicullates</strong></span> <span class='ocrx_word' id='word_1_337' title='bbox 1244 985 1343 1012; x_wconf 83' lang='lat' dir='ltr'><strong>enodat</strong></span> <span class='ocrx_word' id='word_1_338' title='bbox 1354 989 1379 1012; x_wconf 88' lang='lat' dir='ltr'><strong>et</strong></span> <span class='ocrx_word' id='word_1_339' title='bbox 1395 985 1475 1013; x_wconf 84' lang='lat' dir='ltr'><strong>solvit</strong></span> <span class='ocrx_word' id='word_1_340' title='bbox 1485 987 1558 1022; x_wconf 82' lang='lat' dir='ltr'><strong>(cap.</strong></span> <span class='ocrx_word' id='word_1_341' title='bbox 1577 988 1632 1023; x_wconf 80' lang='lat' dir='ltr'><strong>l2),</strong></span> <span class='ocrx_word' id='word_1_342' title='bbox 1648 989 1731 1017; x_wconf 35' lang='lat' dir='ltr'><strong>nimis</strong></span> 
     </span>
    </p>
   </div>
   <div class='ocr_carea' id='block_1_55' title="bbox 949 1030 1734 1067">
    <p class='ocr_par' dir='ltr' id='par_1_55' title="bbox 949 1030 1734 1067">
     <span class='ocr_line' id='line_1_55' title="bbox 949 1030 1734 1067; baseline 0.009 -11"><span class='ocrx_word' id='word_1_343' title='bbox 949 1037 1009 1057; x_wconf 80' lang='lat' dir='ltr'><strong>rum</strong></span> <span class='ocrx_word' id='word_1_344' title='bbox 1033 1037 1082 1057; x_wconf 88' lang='lat' dir='ltr'><strong>cur</strong></span> <span class='ocrx_word' id='word_1_345' title='bbox 1104 1030 1246 1066; x_wconf 82' lang='lat' dir='ltr'><strong>episcopus</strong></span> <span class='ocrx_word' id='word_1_346' title='bbox 1268 1032 1374 1059; x_wconf 88' lang='lat' dir='ltr'><strong>dicatur</strong></span> <span class='ocrx_word' id='word_1_347' title='bbox 1387 1033 1499 1067; x_wconf 79' lang='lat' dir='ltr'><strong>angelus</strong></span> <span class='ocrx_word' id='word_1_348' title='bbox 1515 1033 1621 1062; x_wconf 86' lang='lat' dir='ltr'><strong>Domini</strong></span> <span class='ocrx_word' id='word_1_349' title='bbox 1644 1037 1734 1063; x_wconf 90' lang='lat' dir='ltr'><strong>omni-</strong></span> 
     </span>
    </p>
   </div>
   <div class='ocr_carea' id='block_1_56' title="bbox 947 1076 1729 1112">
    <p class='ocr_par' dir='ltr' id='par_1_56' title="bbox 947 1076 1729 1112">
     <span class='ocr_line' id='line_1_56' title="bbox 947 1076 1729 1112; baseline 0.01 -10"><span class='ocrx_word' id='word_1_350' title='bbox 947 1076 1082 1111; x_wconf 89' lang='lat' dir='ltr'><strong>potentis,</strong></span> <span class='ocrx_word' id='word_1_351' title='bbox 1108 1084 1157 1103; x_wconf 88' lang='lat' dir='ltr'><strong>cttr</strong></span> <span class='ocrx_word' id='word_1_352' title='bbox 1169 1084 1202 1104; x_wconf 83' lang='lat' dir='ltr'><strong>ex</strong></span> <span class='ocrx_word' id='word_1_353' title='bbox 1229 1076 1442 1112; x_wconf 90' lang='lat' dir='ltr'><strong>Seraphinorum</strong></span> <span class='ocrx_word' id='word_1_354' title='bbox 1473 1079 1569 1107; x_wconf 84' lang='lat' dir='ltr'><strong>ordine</strong></span> <span class='ocrx_word' id='word_1_355' title='bbox 1597 1089 1667 1109; x_wconf 88' lang='lat' dir='ltr'><strong>unus</strong></span> <span class='ocrx_word' id='word_1_356' title='bbox 1695 1083 1729 1110; x_wconf 90' lang='lat' dir='ltr'><strong>ad</strong></span> 
     </span>
    </p>
   </div>
   <div class='ocr_carea' id='block_1_57' title="bbox 948 1121 1727 1161">
    <p class='ocr_par' dir='ltr' id='par_1_57' title="bbox 948 1121 1727 1161">
     <span class='ocr_line' id='line_1_57' title="bbox 948 1121 1727 1161; baseline 0.008 -13"><span class='ocrx_word' id='word_1_357' title='bbox 948 1121 1046 1149; x_wconf 80' lang='lat' dir='ltr'><strong>Isaiam</strong></span> <span class='ocrx_word' id='word_1_358' title='bbox 1070 1122 1168 1149; x_wconf 83' lang='lat' dir='ltr'><strong>missus</strong></span> <span class='ocrx_word' id='word_1_359' title='bbox 1195 1122 1287 1154; x_wconf 79' lang='lat' dir='ltr'><strong>fuerit,</strong></span> <span class='ocrx_word' id='word_1_360' title='bbox 1309 1128 1481 1159; x_wconf 85' lang='lat' dir='ltr'><strong>quantusque</strong></span> <span class='ocrx_word' id='word_1_361' title='bbox 1503 1125 1540 1152; x_wconf 88' lang='lat' dir='ltr'><strong>sit</strong></span> <span class='ocrx_word' id='word_1_362' title='bbox 1564 1126 1727 1161; x_wconf 75' lang='lat' dir='ltr'><strong>Angeloruat</strong></span> 
     </span>
    </p>
   </div>
   <div class='ocr_carea' id='block_1_58' title="bbox 947 1168 1731 1206">
    <p class='ocr_par' dir='ltr' id='par_1_58' title="bbox 947 1168 1731 1206">
     <span class='ocr_line' id='line_1_58' title="bbox 947 1168 1731 1206; baseline 0.005 -10"><span class='ocrx_word' id='word_1_363' title='bbox 947 1176 1077 1196; x_wconf 86' lang='lat' dir='ltr'><strong>numerus</strong></span> <span class='ocrx_word' id='word_1_364' title='bbox 1106 1169 1179 1203; x_wconf 84' lang='lat' dir='ltr'><strong>(cap.</strong></span> <span class='ocrx_word' id='word_1_365' title='bbox 1198 1168 1253 1202; x_wconf 79' lang='grc'>15).</span> <span class='ocrx_word' id='word_1_366' title='bbox 1288 1169 1408 1203; x_wconf 85' lang='lat' dir='ltr'><strong>Denique</strong></span> <span class='ocrx_word' id='word_1_367' title='bbox 1433 1171 1503 1204; x_wconf 87' lang='lat' dir='ltr'><strong>(cap.</strong></span> <span class='ocrx_word' id='word_1_368' title='bbox 1523 1171 1567 1206; x_wconf 79' lang='grc' dir='ltr'><strong>Η)</strong></span> <span class='ocrx_word' id='word_1_369' title='bbox 1592 1174 1731 1206; x_wconf 81' lang='lat' dir='ltr'><strong>corporeis</strong></span> 
     </span>
    </p>
   </div>
   <div class='ocr_carea' id='block_1_59' title="bbox 948 1213 1732 1253">
    <p class='ocr_par' dir='ltr' id='par_1_59' title="bbox 948 1213 1732 1253">
     <span class='ocr_line' id='line_1_59' title="bbox 948 1213 1732 1253; baseline 0.006 -13"><span class='ocrx_word' id='word_1_370' title='bbox 948 1213 1121 1249; x_wconf 80' lang='lat' dir='ltr'><strong>imaginibus,</strong></span> <span class='ocrx_word' id='word_1_371' title='bbox 1144 1213 1244 1248; x_wconf 89' lang='lat' dir='ltr'><strong>quibus</strong></span> <span class='ocrx_word' id='word_1_372' title='bbox 1257 1214 1346 1249; x_wconf 81' lang='lat' dir='ltr'><strong>angeli</strong></span> <span class='ocrx_word' id='word_1_373' title='bbox 1370 1215 1396 1241; x_wconf 92' lang='lat' dir='ltr'><strong>in</strong></span> <span class='ocrx_word' id='word_1_374' title='bbox 1413 1214 1553 1250; x_wconf 83' lang='lat' dir='ltr'><strong>Scriptura</strong></span> <span class='ocrx_word' id='word_1_375' title='bbox 1569 1217 1732 1253; x_wconf 79' lang='lat' dir='ltr'><strong>ﬁgurantur,</strong></span> 
     </span>
    </p>
   </div>
   <div class='ocr_carea' id='block_1_60' title="bbox 948 1260 1527 1295">
    <p class='ocr_par' dir='ltr' id='par_1_60' title="bbox 948 1260 1527 1295">
     <span class='ocr_line' id='line_1_60' title="bbox 948 1260 1527 1295; baseline 0 -7"><span class='ocrx_word' id='word_1_376' title='bbox 948 1260 1103 1295; x_wconf 77' lang='lat' dir='ltr'><strong>singillatim</strong></span> <span class='ocrx_word' id='word_1_377' title='bbox 1116 1260 1269 1295; x_wconf 83' lang='lat' dir='ltr'><strong>explicatis,</strong></span> <span class='ocrx_word' id='word_1_378' title='bbox 1283 1260 1381 1288; x_wconf 85' lang='lat' dir='ltr'><strong>librum</strong></span> <span class='ocrx_word' id='word_1_379' title='bbox 1402 1262 1527 1289; x_wconf 87' lang='lat' dir='ltr'><strong>absolvit.</strong></span> 
     </span>
    </p>
   </div>
   <div class='ocr_carea' id='block_1_61' title="bbox 984 1305 1731 1342">
    <p class='ocr_par' dir='ltr' id='par_1_61' title="bbox 984 1305 1731 1342">
     <span class='ocr_line' id='line_1_61' title="bbox 984 1305 1731 1342; baseline 0.009 -10"><span class='ocrx_word' id='word_1_380' title='bbox 984 1307 998 1342; x_wconf 62' lang='grc' dir='ltr'>ᾗ</span> <span class='ocrx_word' id='word_1_381' title='bbox 1016 1306 1046 1333; x_wconf 91' lang='lat' dir='ltr'><strong>ll.</strong></span> <span class='ocrx_word' id='word_1_382' title='bbox 1062 1305 1139 1333; x_wconf 83' lang='lat' dir='ltr'><strong>Liber</strong></span> <span class='ocrx_word' id='word_1_383' title='bbox 1158 1307 1190 1333; x_wconf 85' lang='lat' dir='ltr'><strong>de</strong></span> <span class='ocrx_word' id='word_1_384' title='bbox 1209 1306 1388 1334; x_wconf 77' lang='lat' dir='ltr'><strong>ecclesiastica</strong></span> <span class='ocrx_word' id='word_1_385' title='bbox 1410 1308 1572 1335; x_wconf 77' lang='lat' dir='ltr'><strong>hierarchia.</strong></span> <span class='ocrx_word' id='word_1_386' title='bbox 1591 1325 1626 1329; x_wconf 92' lang='lat'><strong><em>—</em></strong></span> <span class='ocrx_word' id='word_1_387' title='bbox 1642 1311 1669 1337; x_wconf 92' lang='lat' dir='ltr'><strong>In</strong></span> <span class='ocrx_word' id='word_1_388' title='bbox 1684 1311 1731 1339; x_wconf 92' lang='lat' dir='ltr'><strong>illo</strong></span> 
     </span>
    </p>
   </div>
   <div class='ocr_carea' id='block_1_62' title="bbox 946 1351 1731 1387">
    <p class='ocr_par' dir='ltr' id='par_1_62' title="bbox 946 1351 1731 1387">
     <span class='ocr_line' id='line_1_62' title="bbox 946 1351 1731 1387; baseline 0.006 -9"><span class='ocrx_word' id='word_1_389' title='bbox 946 1352 1037 1386; x_wconf 87' lang='lat' dir='ltr'><strong>priore</strong></span> <span class='ocrx_word' id='word_1_390' title='bbox 1051 1352 1120 1379; x_wconf 88' lang='lat' dir='ltr'><strong>libro</strong></span> <span class='ocrx_word' id='word_1_391' title='bbox 1136 1351 1258 1383; x_wconf 73' lang='lat' dir='ltr'><strong>alterius,</strong></span> <span class='ocrx_word' id='word_1_392' title='bbox 1273 1359 1354 1387; x_wconf 88' lang='lat' dir='ltr'><strong>quem</strong></span> <span class='ocrx_word' id='word_1_393' title='bbox 1380 1352 1416 1379; x_wconf 88' lang='lat' dir='ltr'><strong>De</strong></span> <span class='ocrx_word' id='word_1_394' title='bbox 1431 1353 1607 1382; x_wconf 68' lang='lat' dir='ltr'><strong>ecclesiastica</strong></span> <span class='ocrx_word' id='word_1_395' title='bbox 1625 1356 1731 1383; x_wconf 83' lang='lat' dir='ltr'><strong>hierar-</strong></span> 
     </span>
    </p>
   </div>
   <div class='ocr_carea' id='block_1_63' title="bbox 946 1397 1732 1436">
    <p class='ocr_par' dir='ltr' id='par_1_63' title="bbox 946 1397 1732 1436">
     <span class='ocr_line' id='line_1_63' title="bbox 946 1397 1732 1436; baseline 0.006 -12"><span class='ocrx_word' id='word_1_396' title='bbox 946 1399 1005 1424; x_wconf 82' lang='lat' dir='ltr'><strong>chia</strong></span> <span class='ocrx_word' id='word_1_397' title='bbox 1017 1397 1174 1432; x_wconf 87' lang='lat' dir='ltr'><strong>inscriptum</strong></span> <span class='ocrx_word' id='word_1_398' title='bbox 1188 1398 1284 1431; x_wconf 85' lang='lat' dir='ltr'><strong>voluit,</strong></span> <span class='ocrx_word' id='word_1_399' title='bbox 1300 1398 1474 1426; x_wconf 80' lang='lat' dir='ltr'><strong>fundamenta</strong></span> <span class='ocrx_word' id='word_1_400' title='bbox 1486 1400 1593 1433; x_wconf 75' lang='lat' dir='ltr'><strong>quidem</strong></span> <span class='ocrx_word' id='word_1_401' title='bbox 1609 1402 1711 1434; x_wconf 83' lang='lat' dir='ltr'><strong>jecerat</strong></span> <span class='ocrx_word' id='word_1_402' title='bbox 1723 1411 1732 1436; x_wconf 86' lang='lat'><strong>;</strong></span> 
     </span>
    </p>
   </div>
   <div class='ocr_carea' id='block_1_64' title="bbox 946 1439 1732 1478">
    <p class='ocr_par' dir='ltr' id='par_1_64' title="bbox 946 1439 1732 1478">
     <span class='ocr_line' id='line_1_64' title="bbox 946 1439 1732 1478; baseline 0.005 -8"><span class='ocrx_word' id='word_1_403' title='bbox 946 1442 992 1470; x_wconf 87' lang='lat' dir='ltr'><strong>sed</strong></span> <span class='ocrx_word' id='word_1_404' title='bbox 1011 1442 1068 1477; x_wconf 88' lang='lat' dir='ltr'><strong>ipse</strong></span> <span class='ocrx_word' id='word_1_405' title='bbox 1092 1442 1144 1470; x_wconf 88' lang='lat' dir='ltr'><strong>nisi</strong></span> <span class='ocrx_word' id='word_1_406' title='bbox 1163 1439 1297 1470; x_wconf 86' lang='lat' dir='ltr'><strong>Timothei</strong></span> <span class='ocrx_word' id='word_1_407' title='bbox 1317 1444 1443 1478; x_wconf 84' lang='lat' dir='ltr'><strong>precibus</strong></span> <span class='ocrx_word' id='word_1_408' title='bbox 1465 1445 1561 1478; x_wconf 88' lang='lat' dir='ltr'><strong>victus,</strong></span> <span class='ocrx_word' id='word_1_409' title='bbox 1577 1453 1684 1474; x_wconf 88' lang='lat' dir='ltr'><strong>manum</strong></span> <span class='ocrx_word' id='word_1_410' title='bbox 1706 1448 1732 1474; x_wconf 85' lang='lat' dir='ltr'><strong>ei</strong></span> 
     </span>
    </p>
   </div>
   <div class='ocr_carea' id='block_1_65' title="bbox 946 1489 1730 1520">
    <p class='ocr_par' dir='ltr' id='par_1_65' title="bbox 946 1489 1730 1520">
     <span class='ocr_line' id='line_1_65' title="bbox 946 1489 1730 1520; baseline 0.005 -4"><span class='ocrx_word' id='word_1_411' title='bbox 946 1497 974 1516; x_wconf 88' lang='lat' dir='ltr'><strong>se</strong></span> <span class='ocrx_word' id='word_1_412' title='bbox 990 1496 1043 1516; x_wconf 90' lang='lat' dir='ltr'><strong>non</strong></span> <span class='ocrx_word' id='word_1_413' title='bbox 1067 1489 1222 1516; x_wconf 85' lang='lat' dir='ltr'><strong>admovisse</strong></span> <span class='ocrx_word' id='word_1_414' title='bbox 1245 1490 1418 1517; x_wconf 84' lang='lat' dir='ltr'><strong>testiﬁcatur.</strong></span> <span class='ocrx_word' id='word_1_415' title='bbox 1443 1490 1510 1518; x_wconf 83' lang='lat' dir='ltr'><strong>lIuic</strong></span> <span class='ocrx_word' id='word_1_416' title='bbox 1528 1495 1618 1518; x_wconf 86' lang='lat' dir='ltr'><strong>autem</strong></span> <span class='ocrx_word' id='word_1_417' title='bbox 1635 1492 1730 1520; x_wconf 79' lang='lat' dir='ltr'><strong>Timo-</strong></span> 
     </span>
    </p>
   </div>
   <div class='ocr_carea' id='block_1_66' title="bbox 947 1535 1731 1572">
    <p class='ocr_par' dir='ltr' id='par_1_66' title="bbox 947 1535 1731 1572">
     <span class='ocr_line' id='line_1_66' title="bbox 947 1535 1731 1572; baseline 0.005 -11"><span class='ocrx_word' id='word_1_418' title='bbox 947 1535 1021 1567; x_wconf 87' lang='lat' dir='ltr'><strong>theo,</strong></span> <span class='ocrx_word' id='word_1_419' title='bbox 1039 1543 1072 1562; x_wconf 93' lang='lat' dir='ltr'><strong>ne</strong></span> <span class='ocrx_word' id='word_1_420' title='bbox 1085 1536 1213 1570; x_wconf 83' lang='lat' dir='ltr'><strong>mysteria</strong></span> <span class='ocrx_word' id='word_1_421' title='bbox 1231 1540 1326 1562; x_wconf 73' lang='lat' dir='ltr'><strong>nostra</strong></span> <span class='ocrx_word' id='word_1_422' title='bbox 1338 1543 1391 1562; x_wconf 92' lang='lat' dir='ltr'><strong>non</strong></span> <span class='ocrx_word' id='word_1_423' title='bbox 1404 1535 1519 1563; x_wconf 83' lang='lat' dir='ltr'><strong>initiatis</strong></span> <span class='ocrx_word' id='word_1_424' title='bbox 1535 1537 1649 1572; x_wconf 80' lang='lat' dir='ltr'><strong>aperiat,</strong></span> <span class='ocrx_word' id='word_1_425' title='bbox 1668 1546 1731 1566; x_wconf 83' lang='lat' dir='ltr'><strong>cum</strong></span> 
     </span>
    </p>
   </div>
   <div class='ocr_carea' id='block_1_67' title="bbox 947 1579 1733 1618">
    <p class='ocr_par' dir='ltr' id='par_1_67' title="bbox 947 1579 1733 1618">
     <span class='ocr_line' id='line_1_67' title="bbox 947 1579 1733 1618; baseline 0.006 -12"><span class='ocrx_word' id='word_1_426' title='bbox 947 1587 962 1606; x_wconf 89' lang='lat' dir='ltr'><strong>a</strong></span> <span class='ocrx_word' id='word_1_427' title='bbox 985 1579 1046 1607; x_wconf 88' lang='lat' dir='ltr'><strong>libri</strong></span> <span class='ocrx_word' id='word_1_428' title='bbox 1073 1580 1114 1607; x_wconf 88' lang='lat' dir='ltr'><strong>sui</strong></span> <span class='ocrx_word' id='word_1_429' title='bbox 1137 1581 1270 1615; x_wconf 83' lang='lat' dir='ltr'><strong>principio</strong></span> <span class='ocrx_word' id='word_1_430' title='bbox 1296 1581 1387 1608; x_wconf 86' lang='lat' dir='ltr'><strong>sedulo</strong></span> <span class='ocrx_word' id='word_1_431' title='bbox 1409 1582 1581 1616; x_wconf 76' lang='lat' dir='ltr'><strong>przecepisset</strong></span> <span class='ocrx_word' id='word_1_432' title='bbox 1603 1584 1674 1617; x_wconf 87' lang='lat' dir='ltr'><strong>(cap.</strong></span> <span class='ocrx_word' id='word_1_433' title='bbox 1691 1584 1733 1618; x_wconf 82' lang='grc' dir='ltr'><strong>Ι),</strong></span> 
     </span>
    </p>
   </div>
   <div class='ocr_carea' id='block_1_68' title="bbox 945 1627 1729 1661">
    <p class='ocr_par' dir='ltr' id='par_1_68' title="bbox 945 1627 1729 1661">
     <span class='ocr_line' id='line_1_68' title="bbox 945 1627 1729 1661; baseline 0.003 -7"><span class='ocrx_word' id='word_1_434' title='bbox 945 1627 1066 1654; x_wconf 86' lang='lat' dir='ltr'><strong>ostendit</strong></span> <span class='ocrx_word' id='word_1_435' title='bbox 1081 1635 1134 1661; x_wconf 89' lang='lat' dir='ltr'><strong>quo</strong></span> <span class='ocrx_word' id='word_1_436' title='bbox 1149 1635 1181 1654; x_wconf 86' lang='lat' dir='ltr'><strong>ex</strong></span> <span class='ocrx_word' id='word_1_437' title='bbox 1196 1627 1267 1654; x_wconf 79' lang='lat' dir='ltr'><strong>fonte</strong></span> <span class='ocrx_word' id='word_1_438' title='bbox 1288 1628 1440 1655; x_wconf 79' lang='lat' dir='ltr'><strong>hierarchia</strong></span> <span class='ocrx_word' id='word_1_439' title='bbox 1455 1629 1641 1656; x_wconf 82' lang='lat' dir='ltr'><strong>ecclesiastica</strong></span> <span class='ocrx_word' id='word_1_440' title='bbox 1665 1630 1729 1656; x_wconf 79' lang='lat' dir='ltr'><strong>illu~</strong></span> 
     </span>
    </p>
   </div>
   <div class='ocr_carea' id='block_1_69' title="bbox 945 1673 1730 1707">
    <p class='ocr_par' dir='ltr' id='par_1_69' title="bbox 945 1673 1730 1707">
     <span class='ocr_line' id='line_1_69' title="bbox 945 1673 1730 1707; baseline 0.004 -5"><span class='ocrx_word' id='word_1_441' title='bbox 945 1674 1089 1702; x_wconf 84' lang='lat' dir='ltr'><strong>strationes</strong></span> <span class='ocrx_word' id='word_1_442' title='bbox 1112 1673 1304 1705; x_wconf 83' lang='lat' dir='ltr'><strong>suashanriat,</strong></span> <span class='ocrx_word' id='word_1_443' title='bbox 1327 1674 1353 1700; x_wconf 94' lang='lat' dir='ltr'><strong>in</strong></span> <span class='ocrx_word' id='word_1_444' title='bbox 1380 1681 1434 1707; x_wconf 90' lang='lat' dir='ltr'><strong>quo</strong></span> <span class='ocrx_word' id='word_1_445' title='bbox 1458 1682 1520 1701; x_wconf 90' lang='lat' dir='ltr'><strong>cum</strong></span> <span class='ocrx_word' id='word_1_446' title='bbox 1541 1676 1645 1703; x_wconf 70' lang='lat' dir='ltr'><strong>cmlesti</strong></span> <span class='ocrx_word' id='word_1_447' title='bbox 1665 1684 1730 1705; x_wconf 91' lang='lat' dir='ltr'><strong>con-</strong></span> 
     </span>
    </p>
   </div>
   <div class='ocr_carea' id='block_1_70' title="bbox 946 1718 1730 1756">
    <p class='ocr_par' dir='ltr' id='par_1_70' title="bbox 946 1718 1730 1756">
     <span class='ocr_line' id='line_1_70' title="bbox 946 1718 1730 1756; baseline 0.004 -10"><span class='ocrx_word' id='word_1_448' title='bbox 946 1720 1048 1750; x_wconf 81' lang='lat' dir='ltr'><strong>veniat,</strong></span> <span class='ocrx_word' id='word_1_449' title='bbox 1069 1719 1111 1746; x_wconf 82' lang='lat' dir='ltr'><strong>vel</strong></span> <span class='ocrx_word' id='word_1_450' title='bbox 1128 1720 1162 1746; x_wconf 90' lang='lat' dir='ltr'><strong>ab</strong></span> <span class='ocrx_word' id='word_1_451' title='bbox 1178 1726 1209 1746; x_wconf 87' lang='lat' dir='ltr'><strong>ea</strong></span> <span class='ocrx_word' id='word_1_452' title='bbox 1224 1718 1370 1753; x_wconf 84' lang='lat' dir='ltr'><strong>discrepet,</strong></span> <span class='ocrx_word' id='word_1_453' title='bbox 1389 1727 1449 1753; x_wconf 78' lang='lat' dir='ltr'><strong>quae</strong></span> <span class='ocrx_word' id='word_1_454' title='bbox 1467 1720 1502 1746; x_wconf 90' lang='lat' dir='ltr'><strong>sit</strong></span> <span class='ocrx_word' id='word_1_455' title='bbox 1520 1721 1578 1755; x_wconf 85' lang='lat' dir='ltr'><strong>ejus</strong></span> <span class='ocrx_word' id='word_1_456' title='bbox 1597 1720 1730 1756; x_wconf 72' lang='lat' dir='ltr'><strong>deﬁnitio,</strong></span> 
     </span>
    </p>
   </div>
   <div class='ocr_carea' id='block_1_71' title="bbox 946 1764 1730 1802">
    <p class='ocr_par' dir='ltr' id='par_1_71' title="bbox 946 1764 1730 1802">
     <span class='ocr_line' id='line_1_71' title="bbox 946 1764 1730 1802; baseline 0.004 -10"><span class='ocrx_word' id='word_1_457' title='bbox 946 1766 1109 1800; x_wconf 79' lang='lat' dir='ltr'><strong>principium</strong></span> <span class='ocrx_word' id='word_1_458' title='bbox 1131 1770 1159 1791; x_wconf 87' lang='lat' dir='ltr'><strong>et</strong></span> <span class='ocrx_word' id='word_1_459' title='bbox 1182 1764 1255 1796; x_wconf 90' lang='lat' dir='ltr'><strong>ﬁnis,</strong></span> <span class='ocrx_word' id='word_1_460' title='bbox 1277 1772 1308 1792; x_wconf 88' lang='lat' dir='ltr'><strong>ac</strong></span> <span class='ocrx_word' id='word_1_461' title='bbox 1329 1765 1437 1792; x_wconf 84' lang='lat' dir='ltr'><strong>tandem</strong></span> <span class='ocrx_word' id='word_1_462' title='bbox 1461 1773 1511 1792; x_wconf 91' lang='lat' dir='ltr'><strong>cur</strong></span> <span class='ocrx_word' id='word_1_463' title='bbox 1535 1766 1578 1793; x_wconf 88' lang='lat' dir='ltr'><strong>illa</strong></span> <span class='ocrx_word' id='word_1_464' title='bbox 1599 1767 1730 1802; x_wconf 86' lang='lat' dir='ltr'><strong>symbolis</strong></span> 
     </span>
    </p>
   </div>
   <div class='ocr_carea' id='block_1_72' title="bbox 946 1809 1732 1845">
    <p class='ocr_par' dir='ltr' id='par_1_72' title="bbox 946 1809 1732 1845">
     <span class='ocr_line' id='line_1_72' title="bbox 946 1809 1732 1845; baseline 0.004 -8"><span class='ocrx_word' id='word_1_465' title='bbox 946 1810 1094 1845; x_wconf 79' lang='lat' dir='ltr'><strong>ligurisque</strong></span> <span class='ocrx_word' id='word_1_466' title='bbox 1118 1809 1256 1843; x_wconf 87' lang='lat' dir='ltr'><strong>corporeis</strong></span> <span class='ocrx_word' id='word_1_467' title='bbox 1272 1809 1358 1835; x_wconf 83' lang='lat' dir='ltr'><strong>velata</strong></span> <span class='ocrx_word' id='word_1_468' title='bbox 1387 1810 1464 1836; x_wconf 90' lang='lat' dir='ltr'><strong>nobis</strong></span> <span class='ocrx_word' id='word_1_469' title='bbox 1493 1811 1624 1837; x_wconf 84' lang='lat' dir='ltr'><strong>tradatur.</strong></span> <span class='ocrx_word' id='word_1_470' title='bbox 1652 1811 1732 1840; x_wconf 88' lang='lat' dir='ltr'><strong>Post-</strong></span> 
     </span>
    </p>
   </div>
   <div class='ocr_carea' id='block_1_73' title="bbox 944 1854 1727 1892">
    <p class='ocr_par' dir='ltr' id='par_1_73' title="bbox 944 1854 1727 1892">
     <span class='ocr_line' id='line_1_73' title="bbox 944 1854 1727 1892; baseline 0.003 -9"><span class='ocrx_word' id='word_1_471' title='bbox 944 1858 1000 1883; x_wconf 85' lang='lat' dir='ltr'><strong>hacc</strong></span> <span class='ocrx_word' id='word_1_472' title='bbox 1012 1856 1045 1882; x_wconf 87' lang='lat' dir='ltr'><strong>ad</strong></span> <span class='ocrx_word' id='word_1_473' title='bbox 1061 1856 1167 1890; x_wconf 83' lang='lat' dir='ltr'><strong>singula</strong></span> <span class='ocrx_word' id='word_1_474' title='bbox 1188 1863 1247 1889; x_wconf 70' lang='lat' dir='ltr'><strong>qua:</strong></span> <span class='ocrx_word' id='word_1_475' title='bbox 1267 1854 1300 1881; x_wconf 82' lang='lat' dir='ltr'><strong>ad</strong></span> <span class='ocrx_word' id='word_1_476' title='bbox 1319 1862 1377 1881; x_wconf 88' lang='lat' dir='ltr'><strong>eam</strong></span> <span class='ocrx_word' id='word_1_477' title='bbox 1399 1859 1533 1889; x_wconf 86' lang='lat' dir='ltr'><strong>spectant,</strong></span> <span class='ocrx_word' id='word_1_478' title='bbox 1556 1857 1667 1892; x_wconf 89' lang='lat' dir='ltr'><strong>propius</strong></span> <span class='ocrx_word' id='word_1_479' title='bbox 1680 1866 1727 1884; x_wconf 87' lang='lat' dir='ltr'><strong>ac-</strong></span> 
     </span>
    </p>
   </div>
   <div class='ocr_carea' id='block_1_74' title="bbox 943 1900 1728 1936">
    <p class='ocr_par' dir='ltr' id='par_1_74' title="bbox 943 1900 1728 1936">
     <span class='ocr_line' id='line_1_74' title="bbox 943 1900 1728 1936; baseline 0.001 -7"><span class='ocrx_word' id='word_1_480' title='bbox 943 1902 1052 1934; x_wconf 87' lang='lat' dir='ltr'><strong>cedens,</strong></span> <span class='ocrx_word' id='word_1_481' title='bbox 1068 1901 1101 1928; x_wconf 89' lang='lat' dir='ltr'><strong>de</strong></span> <span class='ocrx_word' id='word_1_482' title='bbox 1116 1901 1294 1927; x_wconf 85' lang='lat' dir='ltr'><strong>sacramentis</strong></span> <span class='ocrx_word' id='word_1_483' title='bbox 1303 1900 1430 1934; x_wconf 83' lang='lat' dir='ltr'><strong>baptismi</strong></span> <span class='ocrx_word' id='word_1_484' title='bbox 1448 1902 1519 1936; x_wconf 90' lang='lat' dir='ltr'><strong>(cap.</strong></span> <span class='ocrx_word' id='word_1_485' title='bbox 1535 1902 1564 1935; x_wconf 73' lang='grc' dir='ltr'>Ξ)</span> <span class='ocrx_word' id='word_1_486' title='bbox 1576 1906 1603 1929; x_wconf 87' lang='lat' dir='ltr'><strong>et</strong></span> <span class='ocrx_word' id='word_1_487' title='bbox 1622 1903 1728 1930; x_wconf 88' lang='lat' dir='ltr'><strong>Eucha-</strong></span> 
     </span>
    </p>
   </div>
   <div class='ocr_carea' id='block_1_75' title="bbox 944 1945 1726 1981">
    <p class='ocr_par' dir='ltr' id='par_1_75' title="bbox 944 1945 1726 1981">
     <span class='ocr_line' id='line_1_75' title="bbox 944 1945 1726 1981; baseline 0 -6"><span class='ocrx_word' id='word_1_488' title='bbox 944 1948 1028 1975; x_wconf 82' lang='lat' dir='ltr'><strong>ristia:</strong></span> <span class='ocrx_word' id='word_1_489' title='bbox 1056 1947 1126 1980; x_wconf 86' lang='lat' dir='ltr'><strong>(cap.</strong></span> <span class='ocrx_word' id='word_1_490' title='bbox 1145 1945 1185 1980; x_wconf 83' lang='grc'><strong>5),</strong></span> <span class='ocrx_word' id='word_1_491' title='bbox 1200 1946 1233 1973; x_wconf 86' lang='lat' dir='ltr'><strong>de</strong></span> <span class='ocrx_word' id='word_1_492' title='bbox 1253 1945 1324 1973; x_wconf 81' lang='lat' dir='ltr'><strong>sacri</strong></span> <span class='ocrx_word' id='word_1_493' title='bbox 1347 1947 1476 1981; x_wconf 78' lang='lat' dir='ltr'><strong>unguenti</strong></span> <span class='ocrx_word' id='word_1_494' title='bbox 1491 1954 1539 1973; x_wconf 87' lang='lat' dir='ltr'><strong>seu</strong></span> <span class='ocrx_word' id='word_1_495' title='bbox 1557 1947 1726 1980; x_wconf 85' lang='lat' dir='ltr'><strong>chrismatis,</strong></span> 
     </span>
    </p>
   </div>
   <div class='ocr_carea' id='block_1_76' title="bbox 944 1992 1727 2028">
    <p class='ocr_par' dir='ltr' id='par_1_76' title="bbox 944 1992 1727 2028">
     <span class='ocr_line' id='line_1_76' title="bbox 944 1992 1727 2028; baseline 0.005 -10"><span class='ocrx_word' id='word_1_496' title='bbox 944 1993 991 2019; x_wconf 84' lang='grc' dir='ltr'><strong>τοῦ</strong></span> <span class='ocrx_word' id='word_1_497' title='bbox 1011 1992 1096 2028; x_wconf 79' lang='grc' dir='ltr'>μύρου</span> <span class='ocrx_word' id='word_1_498' title='bbox 1107 2011 1115 2023; x_wconf 85' lang='lat'><strong>,</strong></span> <span class='ocrx_word' id='word_1_499' title='bbox 1129 1992 1335 2019; x_wconf 88' lang='lat' dir='ltr'><strong>consecratione</strong></span> <span class='ocrx_word' id='word_1_500' title='bbox 1355 1993 1426 2026; x_wconf 88' lang='lat' dir='ltr'><strong>(cap.</strong></span> <span class='ocrx_word' id='word_1_501' title='bbox 1447 1992 1476 2026; x_wconf 69' lang='grc'>4)</span> <span class='ocrx_word' id='word_1_502' title='bbox 1488 2012 1495 2024; x_wconf 91' lang='grc'><strong>,</strong></span> <span class='ocrx_word' id='word_1_503' title='bbox 1508 1992 1541 2019; x_wconf 85' lang='lat' dir='ltr'><strong>de</strong></span> <span class='ocrx_word' id='word_1_504' title='bbox 1552 1993 1727 2022; x_wconf 84' lang='lat' dir='ltr'><strong>ordinatione</strong></span> 
     </span>
    </p>
   </div>
   <div class='ocr_carea' id='block_1_77' title="bbox 944 2037 1727 2076">
    <p class='ocr_par' dir='ltr' id='par_1_77' title="bbox 944 2037 1727 2076">
     <span class='ocr_line' id='line_1_77' title="bbox 944 2037 1727 2076; baseline 0.003 -10"><span class='ocrx_word' id='word_1_505' title='bbox 944 2046 1083 2066; x_wconf 84' lang='lat' dir='ltr'><strong>sacrorum</strong></span> <span class='ocrx_word' id='word_1_506' title='bbox 1099 2037 1226 2065; x_wconf 62' lang='lat' dir='ltr'><strong>Ecclesia</strong></span> <span class='ocrx_word' id='word_1_507' title='bbox 1247 2038 1434 2065; x_wconf 87' lang='lat' dir='ltr'><strong>ministrorum</strong></span> <span class='ocrx_word' id='word_1_508' title='bbox 1461 2040 1532 2072; x_wconf 86' lang='lat' dir='ltr'><strong>(cap.</strong></span> <span class='ocrx_word' id='word_1_509' title='bbox 1549 2039 1588 2075; x_wconf 85' lang='lat'><strong>5),</strong></span> <span class='ocrx_word' id='word_1_510' title='bbox 1607 2040 1727 2076; x_wconf 86' lang='lat' dir='ltr'><strong>episcopi</strong></span> 
     </span>
    </p>
   </div>
   <div class='ocr_carea' id='block_1_78' title="bbox 942 2085 1726 2120">
    <p class='ocr_par' dir='ltr' id='par_1_78' title="bbox 942 2085 1726 2120">
     <span class='ocr_line' id='line_1_78' title="bbox 942 2085 1726 2120; baseline 0.003 -7"><span class='ocrx_word' id='word_1_511' title='bbox 942 2087 1056 2117; x_wconf 88' lang='lat' dir='ltr'><strong>scilicet,</strong></span> <span class='ocrx_word' id='word_1_512' title='bbox 1073 2085 1224 2120; x_wconf 87' lang='lat' dir='ltr'><strong>presbyteri</strong></span> <span class='ocrx_word' id='word_1_513' title='bbox 1238 2089 1265 2112; x_wconf 89' lang='lat' dir='ltr'><strong>et</strong></span> <span class='ocrx_word' id='word_1_514' title='bbox 1277 2085 1396 2117; x_wconf 87' lang='lat' dir='ltr'><strong>diaconi,</strong></span> <span class='ocrx_word' id='word_1_515' title='bbox 1409 2093 1442 2112; x_wconf 85' lang='lat' dir='ltr'><strong>ac</strong></span> <span class='ocrx_word' id='word_1_516' title='bbox 1455 2086 1487 2113; x_wconf 90' lang='lat' dir='ltr'><strong>de</strong></span> <span class='ocrx_word' id='word_1_517' title='bbox 1500 2086 1614 2113; x_wconf 87' lang='lat' dir='ltr'><strong>solemni</strong></span> <span class='ocrx_word' id='word_1_518' title='bbox 1630 2095 1726 2115; x_wconf 87' lang='lat' dir='ltr'><strong>mona—</strong></span> 
     </span>
    </p>
   </div>
   <div class='ocr_carea' id='block_1_79' title="bbox 944 2130 1725 2167">
    <p class='ocr_par' dir='ltr' id='par_1_79' title="bbox 944 2130 1725 2167">
     <span class='ocr_line' id='line_1_79' title="bbox 944 2130 1725 2167; baseline 0.001 -8"><span class='ocrx_word' id='word_1_519' title='bbox 944 2133 1058 2159; x_wconf 88' lang='lat' dir='ltr'><strong>chorum</strong></span> <span class='ocrx_word' id='word_1_520' title='bbox 1080 2130 1249 2165; x_wconf 79' lang='lat' dir='ltr'><strong>professione</strong></span> <span class='ocrx_word' id='word_1_521' title='bbox 1273 2130 1344 2165; x_wconf 86' lang='lat' dir='ltr'><strong>(cap.</strong></span> <span class='ocrx_word' id='word_1_522' title='bbox 1362 2131 1390 2165; x_wconf 87' lang='grc'>6)</span> <span class='ocrx_word' id='word_1_523' title='bbox 1406 2132 1571 2162; x_wconf 86' lang='lat' dir='ltr'><strong>articulatim</strong></span> <span class='ocrx_word' id='word_1_524' title='bbox 1595 2133 1725 2167; x_wconf 86' lang='lat' dir='ltr'><strong>disputat.</strong></span> 
     </span>
    </p>
   </div>
   <div class='ocr_carea' id='block_1_80' title="bbox 944 2176 1728 2213">
    <p class='ocr_par' dir='ltr' id='par_1_80' title="bbox 944 2176 1728 2213">
     <span class='ocr_line' id='line_1_80' title="bbox 944 2176 1728 2213; baseline 0.001 -9"><span class='ocrx_word' id='word_1_525' title='bbox 944 2178 992 2205; x_wconf 76' lang='lat' dir='ltr'><strong>liis</strong></span> <span class='ocrx_word' id='word_1_526' title='bbox 1019 2181 1175 2205; x_wconf 83' lang='lat' dir='ltr'><strong>accuratam</strong></span> <span class='ocrx_word' id='word_1_527' title='bbox 1201 2176 1342 2211; x_wconf 80' lang='lat' dir='ltr'><strong>subjuugit</strong></span> <span class='ocrx_word' id='word_1_528' title='bbox 1368 2177 1603 2209; x_wconf 66' lang='lat' dir='ltr'><strong>creremoniarum,</strong></span> <span class='ocrx_word' id='word_1_529' title='bbox 1629 2179 1728 2213; x_wconf 85' lang='lat' dir='ltr'><strong>quibus</strong></span> 
     </span>
    </p>
   </div>
   <div class='ocr_carea' id='block_1_81' title="bbox 943 2223 1722 2259">
    <p class='ocr_par' dir='ltr' id='par_1_81' title="bbox 943 2223 1722 2259">
     <span class='ocr_line' id='line_1_81' title="bbox 943 2223 1722 2259; baseline 0.001 -8"><span class='ocrx_word' id='word_1_530' title='bbox 943 2228 1110 2251; x_wconf 87' lang='lat' dir='ltr'><strong>mortuorum</strong></span> <span class='ocrx_word' id='word_1_531' title='bbox 1139 2230 1252 2257; x_wconf 86' lang='lat' dir='ltr'><strong>corpora</strong></span> <span class='ocrx_word' id='word_1_532' title='bbox 1278 2223 1487 2256; x_wconf 80' lang='lat' dir='ltr'><strong>sepeliebantur,</strong></span> <span class='ocrx_word' id='word_1_533' title='bbox 1513 2223 1722 2259; x_wconf 80' lang='lat' dir='ltr'><strong>descriptionem</strong></span> 
     </span>
    </p>
   </div>
   <div class='ocr_carea' id='block_1_82' title="bbox 940 2268 1726 2304">
    <p class='ocr_par' dir='ltr' id='par_1_82' title="bbox 940 2268 1726 2304">
     <span class='ocr_line' id='line_1_82' title="bbox 940 2268 1726 2304; baseline 0.001 -7"><span class='ocrx_word' id='word_1_534' title='bbox 940 2269 1203 2304; x_wconf 83' lang='lat' dir='ltr'><strong>expositionemque;</strong></span> <span class='ocrx_word' id='word_1_535' title='bbox 1216 2268 1361 2295; x_wconf 82' lang='lat' dir='ltr'><strong>ctsubindc</strong></span> <span class='ocrx_word' id='word_1_536' title='bbox 1369 2269 1403 2295; x_wconf 88' lang='lat' dir='ltr'><strong>de</strong></span> <span class='ocrx_word' id='word_1_537' title='bbox 1413 2268 1555 2295; x_wconf 79' lang='lat' dir='ltr'><strong>infantium</strong></span> <span class='ocrx_word' id='word_1_538' title='bbox 1565 2269 1726 2303; x_wconf 81' lang='lat' dir='ltr'><strong>baptismate</strong></span> 
     </span>
    </p>
   </div>
   <div class='ocr_carea' id='block_1_83' title="bbox 940 2314 1726 2349">
    <p class='ocr_par' dir='ltr' id='par_1_83' title="bbox 940 2314 1726 2349">
     <span class='ocr_line' id='line_1_83' title="bbox 940 2314 1726 2349; baseline 0 -5"><span class='ocrx_word' id='word_1_539' title='bbox 940 2316 1057 2343; x_wconf 85' lang='lat' dir='ltr'><strong>disserit.</strong></span> <span class='ocrx_word' id='word_1_540' title='bbox 1071 2315 1139 2342; x_wconf 85' lang='lat' dir='ltr'><strong>Tum</strong></span> <span class='ocrx_word' id='word_1_541' title='bbox 1155 2315 1271 2349; x_wconf 78' lang='lat' dir='ltr'><strong>denique</strong></span> <span class='ocrx_word' id='word_1_542' title='bbox 1282 2314 1464 2346; x_wconf 82' lang='lat' dir='ltr'><strong>Timotheum,</strong></span> <span class='ocrx_word' id='word_1_543' title='bbox 1479 2314 1501 2341; x_wconf 90' lang='lat' dir='ltr'><strong>si</strong></span> <span class='ocrx_word' id='word_1_544' title='bbox 1515 2322 1583 2349; x_wconf 86' lang='lat' dir='ltr'><strong>quas</strong></span> <span class='ocrx_word' id='word_1_545' title='bbox 1593 2315 1726 2344; x_wconf 81' lang='lat' dir='ltr'><strong>clariores</strong></span> 
     </span>
    </p>
   </div>
   <div class='ocr_carea' id='block_1_84' title="bbox 941 2360 1725 2395">
    <p class='ocr_par' dir='ltr' id='par_1_84' title="bbox 941 2360 1725 2395">
     <span class='ocr_line' id='line_1_84' title="bbox 941 2360 1725 2395; baseline 0.001 -7"><span class='ocrx_word' id='word_1_546' title='bbox 941 2362 1037 2388; x_wconf 91' lang='lat' dir='ltr'><strong>horum</strong></span> <span class='ocrx_word' id='word_1_547' title='bbox 1053 2360 1244 2395; x_wconf 82' lang='lat' dir='ltr'><strong>mysteriorum</strong></span> <span class='ocrx_word' id='word_1_548' title='bbox 1261 2360 1430 2395; x_wconf 75' lang='lat' dir='ltr'><strong>cognitiones</strong></span> <span class='ocrx_word' id='word_1_549' title='bbox 1445 2361 1551 2393; x_wconf 80' lang='lat' dir='ltr'><strong>habeat,</strong></span> <span class='ocrx_word' id='word_1_550' title='bbox 1564 2362 1606 2388; x_wconf 90' lang='lat' dir='ltr'><strong>vel</strong></span> <span class='ocrx_word' id='word_1_551' title='bbox 1624 2362 1725 2390; x_wconf 85' lang='lat' dir='ltr'><strong>habere</strong></span> 
     </span>
    </p>
   </div>
   <div class='ocr_carea' id='block_1_85' title="bbox 939 2405 1725 2441">
    <p class='ocr_par' dir='ltr' id='par_1_85' title="bbox 939 2405 1725 2441">
     <span class='ocr_line' id='line_1_85' title="bbox 939 2405 1725 2441; baseline 0.005 -9"><span class='ocrx_word' id='word_1_552' title='bbox 939 2407 1034 2441; x_wconf 85' lang='lat' dir='ltr'><strong>possit,</strong></span> <span class='ocrx_word' id='word_1_553' title='bbox 1058 2410 1086 2432; x_wconf 94' lang='lat' dir='ltr'><strong>ut</strong></span> <span class='ocrx_word' id='word_1_554' title='bbox 1101 2413 1147 2432; x_wconf 90' lang='lat' dir='ltr'><strong>eas</strong></span> <span class='ocrx_word' id='word_1_555' title='bbox 1166 2413 1258 2432; x_wconf 88' lang='lat' dir='ltr'><strong>secum</strong></span> <span class='ocrx_word' id='word_1_556' title='bbox 1282 2405 1412 2433; x_wconf 88' lang='lat' dir='ltr'><strong>benevole</strong></span> <span class='ocrx_word' id='word_1_557' title='bbox 1438 2407 1631 2440; x_wconf 90' lang='lat' dir='ltr'><strong>communicet,</strong></span> <span class='ocrx_word' id='word_1_558' title='bbox 1650 2408 1725 2436; x_wconf 75' lang='lat' dir='ltr'><strong>obte-</strong></span> 
     </span>
    </p>
   </div>
   <div class='ocr_carea' id='block_1_86' title="bbox 939 2452 1283 2486">
    <p class='ocr_par' dir='ltr' id='par_1_86' title="bbox 939 2452 1283 2486">
     <span class='ocr_line' id='line_1_86' title="bbox 939 2452 1283 2486; baseline -0.003 -7"><span class='ocrx_word' id='word_1_559' title='bbox 939 2457 1026 2480; x_wconf 86' lang='lat' dir='ltr'><strong>statur</strong></span> <span class='ocrx_word' id='word_1_560' title='bbox 1047 2457 1128 2486; x_wconf 88' lang='lat' dir='ltr'><strong>atque</strong></span> <span class='ocrx_word' id='word_1_561' title='bbox 1149 2452 1283 2479; x_wconf 87' lang='lat' dir='ltr'><strong>obsecrat.</strong></span> 
     </span>
    </p>
   </div>
   <div class='ocr_carea' id='block_1_87' title="bbox 974 2496 1722 2533">
    <p class='ocr_par' dir='ltr' id='par_1_87' title="bbox 974 2496 1722 2533">
     <span class='ocr_line' id='line_1_87' title="bbox 974 2496 1722 2533; baseline 0.001 -9"><span class='ocrx_word' id='word_1_562' title='bbox 974 2497 988 2533; x_wconf 84' lang='lat'><strong>§</strong></span> <span class='ocrx_word' id='word_1_563' title='bbox 1005 2497 1047 2524; x_wconf 91' lang='lat' dir='ltr'><strong>Ill.</strong></span> <span class='ocrx_word' id='word_1_564' title='bbox 1060 2496 1136 2523; x_wconf 84' lang='lat' dir='ltr'><strong>Liber</strong></span> <span class='ocrx_word' id='word_1_565' title='bbox 1144 2497 1175 2523; x_wconf 80' lang='lat' dir='ltr'><strong>de</strong></span> <span class='ocrx_word' id='word_1_566' title='bbox 1187 2496 1282 2523; x_wconf 73' lang='lat' dir='ltr'><strong>divinis</strong></span> <span class='ocrx_word' id='word_1_567' title='bbox 1295 2496 1498 2524; x_wconf 69' lang='lat' dir='ltr'><strong>nominibus.—</strong></span> <span class='ocrx_word' id='word_1_568' title='bbox 1509 2496 1538 2524; x_wconf 88' lang='lat' dir='ltr'><strong>In</strong></span> <span class='ocrx_word' id='word_1_569' title='bbox 1555 2498 1634 2525; x_wconf 88' lang='lat' dir='ltr'><strong>tertio</strong></span> <span class='ocrx_word' id='word_1_570' title='bbox 1645 2498 1722 2531; x_wconf 86' lang='lat' dir='ltr'><strong>libro,</strong></span> 
     </span>
    </p>
   </div>
   <div class='ocr_carea' id='block_1_88' title="bbox 939 2543 1724 2579">
    <p class='ocr_par' dir='ltr' id='par_1_88' title="bbox 939 2543 1724 2579">
     <span class='ocr_line' id='line_1_88' title="bbox 939 2543 1724 2579; baseline 0.003 -9"><span class='ocrx_word' id='word_1_571' title='bbox 939 2551 1019 2578; x_wconf 88' lang='lat' dir='ltr'><strong>quem</strong></span> <span class='ocrx_word' id='word_1_572' title='bbox 1054 2549 1148 2571; x_wconf 86' lang='lat' dir='ltr'><strong>auctor</strong></span> <span class='ocrx_word' id='word_1_573' title='bbox 1183 2547 1275 2570; x_wconf 83' lang='lat' dir='ltr'><strong>noster</strong></span> <span class='ocrx_word' id='word_1_574' title='bbox 1303 2548 1364 2577; x_wconf 87' lang='lat' dir='ltr'><strong>post</strong></span> <span class='ocrx_word' id='word_1_575' title='bbox 1389 2543 1490 2570; x_wconf 86' lang='lat' dir='ltr'><strong>editum</strong></span> <span class='ocrx_word' id='word_1_576' title='bbox 1522 2543 1724 2579; x_wconf 81' lang='lat' dir='ltr'><strong>llypotyposean</strong></span> 
     </span>
    </p>
   </div>
   <div class='ocr_carea' id='block_1_89' title="bbox 937 2590 1723 2624">
    <p class='ocr_par' dir='ltr' id='par_1_89' title="bbox 937 2590 1723 2624">
     <span class='ocr_line' id='line_1_89' title="bbox 937 2590 1723 2624; baseline 0 -7"><span class='ocrx_word' id='word_1_577' title='bbox 937 2590 1141 2624; x_wconf 78' lang='lat' dir='ltr'><strong>theologicarum</strong></span> <span class='ocrx_word' id='word_1_578' title='bbox 1154 2590 1279 2616; x_wconf 84' lang='lat' dir='ltr'><strong>volumen</strong></span> <span class='ocrx_word' id='word_1_579' title='bbox 1302 2597 1331 2617; x_wconf 85' lang='lat' dir='ltr'><strong>se</strong></span> <span class='ocrx_word' id='word_1_580' title='bbox 1354 2590 1552 2624; x_wconf 82' lang='lat' dir='ltr'><strong>conscripsisse</strong></span> <span class='ocrx_word' id='word_1_581' title='bbox 1570 2592 1677 2621; x_wconf 81' lang='lat' dir='ltr'><strong>asserit,</strong></span> <span class='ocrx_word' id='word_1_582' title='bbox 1691 2590 1723 2617; x_wconf 81' lang='lat' dir='ltr'><strong>de</strong></span> 
     </span>
    </p>
   </div>
   <div class='ocr_carea' id='block_1_90' title="bbox 937 2635 1723 2671">
    <p class='ocr_par' dir='ltr' id='par_1_90' title="bbox 937 2635 1723 2671">
     <span class='ocr_line' id='line_1_90' title="bbox 937 2635 1723 2671; baseline 0 -7"><span class='ocrx_word' id='word_1_583' title='bbox 937 2638 1085 2664; x_wconf 83' lang='lat' dir='ltr'><strong>nominibus</strong></span> <span class='ocrx_word' id='word_1_584' title='bbox 1108 2637 1204 2664; x_wconf 75' lang='lat' dir='ltr'><strong>divinis</strong></span> <span class='ocrx_word' id='word_1_585' title='bbox 1225 2637 1345 2671; x_wconf 84' lang='lat' dir='ltr'><strong>disputat</strong></span> <span class='ocrx_word' id='word_1_586' title='bbox 1369 2637 1441 2671; x_wconf 85' lang='lat' dir='ltr'><strong>(cap.</strong></span> <span class='ocrx_word' id='word_1_587' title='bbox 1465 2638 1501 2671; x_wconf 81' lang='grc'><strong>1).</strong></span> <span class='ocrx_word' id='word_1_588' title='bbox 1526 2635 1571 2664; x_wconf 91' lang='lat' dir='ltr'><strong>Ille</strong></span> <span class='ocrx_word' id='word_1_589' title='bbox 1586 2643 1675 2664; x_wconf 86' lang='lat' dir='ltr'><strong>autem</strong></span> <span class='ocrx_word' id='word_1_590' title='bbox 1689 2645 1723 2664; x_wconf 83' lang='lat' dir='ltr'><strong>ex</strong></span> 
     </span>
    </p>
   </div>
   <div class='ocr_carea' id='block_1_91' title="bbox 938 2682 1723 2719">
    <p class='ocr_par' dir='ltr' id='par_1_91' title="bbox 938 2682 1723 2719">
     <span class='ocr_line' id='line_1_91' title="bbox 938 2682 1723 2719; baseline 0 -9"><span class='ocrx_word' id='word_1_591' title='bbox 938 2683 1088 2717; x_wconf 83' lang='lat' dir='ltr'><strong>Scripturis</strong></span> <span class='ocrx_word' id='word_1_592' title='bbox 1104 2683 1200 2715; x_wconf 83' lang='lat' dir='ltr'><strong>sacris,</strong></span> <span class='ocrx_word' id='word_1_593' title='bbox 1219 2683 1264 2710; x_wconf 89' lang='lat' dir='ltr'><strong>ubi</strong></span> <span class='ocrx_word' id='word_1_594' title='bbox 1280 2683 1373 2711; x_wconf 92' lang='lat' dir='ltr'><strong>omnia</strong></span> <span class='ocrx_word' id='word_1_595' title='bbox 1399 2682 1457 2716; x_wconf 65' lang='lat' dir='ltr'><strong>Dei,</strong></span> <span class='ocrx_word' id='word_1_596' title='bbox 1471 2684 1517 2718; x_wconf 87' lang='lat' dir='ltr'><strong>qui</strong></span> <span class='ocrx_word' id='word_1_597' title='bbox 1540 2684 1681 2719; x_wconf 82' lang='grc' dir='ltr'><strong>ἀνώνυμος</strong></span> <span class='ocrx_word' id='word_1_598' title='bbox 1695 2689 1723 2710; x_wconf 85' lang='lat' dir='ltr'><strong>et</strong></span> 
     </span>
    </p>
   </div>
   <div class='ocr_carea' id='block_1_92' title="bbox 936 2728 1721 2765">
    <p class='ocr_par' dir='ltr' id='par_1_92' title="bbox 936 2728 1721 2765">
     <span class='ocr_line' id='line_1_92' title="bbox 936 2728 1721 2765; baseline -0.001 -10"><span class='ocrx_word' id='word_1_599' title='bbox 936 2728 1112 2765; x_wconf 75' lang='grc' dir='ltr'><strong>πολυώνυμος</strong></span> <span class='ocrx_word' id='word_1_600' title='bbox 1133 2734 1186 2760; x_wconf 89' lang='lat' dir='ltr'><strong>est,</strong></span> <span class='ocrx_word' id='word_1_601' title='bbox 1204 2729 1313 2756; x_wconf 85' lang='lat' dir='ltr'><strong>nomina</strong></span> <span class='ocrx_word' id='word_1_602' title='bbox 1331 2729 1505 2762; x_wconf 76' lang='lat' dir='ltr'><strong>exhibentur,</strong></span> <span class='ocrx_word' id='word_1_603' title='bbox 1531 2732 1721 2763; x_wconf 81' lang='lat' dir='ltr'><strong>argumentum</strong></span> 
     </span>
    </p>
   </div>
   <div class='ocr_carea' id='block_1_93' title="bbox 936 2774 1720 2809">
    <p class='ocr_par' dir='ltr' id='par_1_93' title="bbox 936 2774 1720 2809">
     <span class='ocr_line' id='line_1_93' title="bbox 936 2774 1720 2809; baseline -0.004 -7"><span class='ocrx_word' id='word_1_604' title='bbox 936 2783 1016 2802; x_wconf 87' lang='lat' dir='ltr'><strong>suum</strong></span> <span class='ocrx_word' id='word_1_605' title='bbox 1039 2780 1219 2803; x_wconf 79' lang='lat' dir='ltr'><strong>tractaturutn</strong></span> <span class='ocrx_word' id='word_1_606' title='bbox 1242 2783 1273 2802; x_wconf 86' lang='lat' dir='ltr'><strong>se</strong></span> <span class='ocrx_word' id='word_1_607' title='bbox 1299 2782 1361 2803; x_wconf 84' lang='lat' dir='ltr'><strong>esse</strong></span> <span class='ocrx_word' id='word_1_608' title='bbox 1388 2776 1540 2809; x_wconf 86' lang='lat' dir='ltr'><strong>proﬁtetur.</strong></span> <span class='ocrx_word' id='word_1_609' title='bbox 1569 2774 1601 2801; x_wconf 86' lang='lat' dir='ltr'><strong>Et</strong></span> <span class='ocrx_word' id='word_1_610' title='bbox 1612 2774 1720 2808; x_wconf 88' lang='lat' dir='ltr'><strong>quidem</strong></span> 
     </span>
    </p>
   </div>
   <div class='ocr_carea' id='block_1_94' title="bbox 935 2818 1720 2856">
    <p class='ocr_par' dir='ltr' id='par_1_94' title="bbox 935 2818 1720 2856">
     <span class='ocr_line' id='line_1_94' title="bbox 935 2818 1720 2856; baseline -0.003 -9"><span class='ocrx_word' id='word_1_611' title='bbox 935 2821 1049 2856; x_wconf 87' lang='lat' dir='ltr'><strong>duplicis</strong></span> <span class='ocrx_word' id='word_1_612' title='bbox 1067 2821 1174 2855; x_wconf 74' lang='lat' dir='ltr'><strong>generis</strong></span> <span class='ocrx_word' id='word_1_613' title='bbox 1187 2828 1247 2848; x_wconf 87' lang='lat' dir='ltr'><strong>esse</strong></span> <span class='ocrx_word' id='word_1_614' title='bbox 1261 2820 1327 2847; x_wconf 87' lang='lat' dir='ltr'><strong>dicit</strong></span> <span class='ocrx_word' id='word_1_615' title='bbox 1339 2820 1410 2856; x_wconf 89' lang='lat' dir='ltr'><strong>(cap.</strong></span> <span class='ocrx_word' id='word_1_616' title='bbox 1425 2820 1453 2855; x_wconf 74' lang='grc'>2)</span> <span class='ocrx_word' id='word_1_617' title='bbox 1470 2827 1501 2848; x_wconf 83' lang='lat' dir='ltr'><strong>ea</strong></span> <span class='ocrx_word' id='word_1_618' title='bbox 1518 2819 1564 2846; x_wconf 85' lang='lat' dir='ltr'><strong>Dei</strong></span> <span class='ocrx_word' id='word_1_619' title='bbox 1587 2818 1696 2845; x_wconf 86' lang='lat' dir='ltr'><strong>nomina</strong></span> <span class='ocrx_word' id='word_1_620' title='bbox 1714 2827 1720 2845; x_wconf 95' lang='lat'><strong>:</strong></span> 
     </span>
    </p>
   </div>
   <div class='ocr_carea' id='block_1_95' title="bbox 935 2867 1724 2901">
    <p class='ocr_par' dir='ltr' id='par_1_95' title="bbox 935 2867 1724 2901">
     <span class='ocr_line' id='line_1_95' title="bbox 935 2867 1724 2901; baseline -0.003 -7"><span class='ocrx_word' id='word_1_621' title='bbox 935 2868 997 2901; x_wconf 81' lang='lat' dir='ltr'><strong>alia,</strong></span> <span class='ocrx_word' id='word_1_622' title='bbox 1012 2869 1048 2895; x_wconf 84' lang='lat' dir='ltr'><strong>uti</strong></span> <span class='ocrx_word' id='word_1_623' title='bbox 1064 2871 1172 2901; x_wconf 80' lang='lat' dir='ltr'><strong>vocant,</strong></span> <span class='ocrx_word' id='word_1_624' title='bbox 1184 2867 1309 2895; x_wconf 85' lang='lat' dir='ltr'><strong>absoluta</strong></span> <span class='ocrx_word' id='word_1_625' title='bbox 1323 2871 1349 2894; x_wconf 77' lang='lat' dir='ltr'><strong>et</strong></span> <span class='ocrx_word' id='word_1_626' title='bbox 1364 2867 1534 2898; x_wconf 85' lang='lat' dir='ltr'><strong>essentialia,</strong></span> <span class='ocrx_word' id='word_1_627' title='bbox 1547 2873 1606 2899; x_wconf 61' lang='lat' dir='ltr'><strong>qua).</strong></span> <span class='ocrx_word' id='word_1_628' title='bbox 1618 2869 1724 2892; x_wconf 64' lang='lat' dir='ltr'><strong>natura.</strong></span> 
     </span>
    </p>
   </div>
   <div class='ocr_carea' id='block_1_96' title="bbox 1570 2910 1586 2942">
    <p class='ocr_par' dir='ltr' id='par_1_96' title="bbox 1570 2910 1586 2942">
     <span class='ocr_line' id='line_1_96' title="bbox 1570 2910 1586 2942; baseline 0 0"><span class='ocrx_word' id='word_1_629' title='bbox 1570 2910 1586 2942; x_wconf 81' lang='grc'><strong>1</strong></span> 
     </span>
    </p>
   </div>
  </div>
