1925 3070
207 165 236 190 Η
767 163 798 191 S.
817 162 1001 191 DIONYSIUS
1018 164 1249 193 AREOPAGITA.
1800 170 1834 196 l2

206 220 306 248 divina:
330 220 471 255 tribusque
502 221 683 248 sanctissima:
707 220 852 248 Trinitatis
874 221 996 254 personis
1012 222 1032 249 A
1049 220 1132 253 .lilur,
1148 228 1179 248 ac
1195 221 1383 256 ncgationibus
1402 221 1488 256 magis
1508 230 1590 256 qttam
1606 223 1832 252 alllrmationihus

205 267 306 301 absque
321 267 454 293 divisione
469 267 523 294 ulla
540 267 707 294 conveniunt
722 275 728 299 ;
745 267 809 299 alia,
826 267 863 294 uti
878 267 994 299 loquun-

205 318 260 344 tur,
278 312 401 343 relativa.
426 320 487 347 qua:
513 313 662 348 unicuique
686 320 810 347 persona:
833 312 992 346 singillatim

205 359 241 384 ita
261 363 428 392 competunt,
447 363 476 385 ut
498 358 576 385 alteri
605 366 657 385 non
681 359 787 392 possint
804 358 927 385 attribui.
951 357 991 384 Ad

204 412 233 432 ea
251 412 332 439 porro
356 404 516 438 explicanda
541 403 681 431 Hicrothei
701 404 844 439 cujusdam
869 404 990 439 magistri

202 451 244 478 sui
273 450 342 477 libro
357 450 453 483 utitur,
468 450 559 485 ibique
578 451 650 485 (cap.
671 451 698 484 5)
713 458 761 478 cur
776 455 835 485 post
861 451 991 477 eximium

204 495 279 521 illtnn
304 495 403 526 virum,
418 502 498 529 quem
525 495 652 522 maximis
676 495 803 522 laudibus
827 500 952 525 exornat,
966 499 993 521 et

203 548 319 574 quocum
345 540 499 568 dormitioni
531 540 576 567 Dei
603 540 749 568 Genitricis
778 548 809 568 se
834 540 991 567 interfuisse

203 587 278 619 dicit,
292 587 324 614 ad
336 586 532 614 conficiendam
545 587 761 615 lucubratiunem
777 595 854 615 suam
868 587 989 614 animum

203 632 347 667 appulerit,
371 631 467 666 paucis
492 631 537 658 ille
560 632 689 659 declarat.
707 633 774 659 Post
796 633 852 660 haec
869 632 940 667 (cap.
959 634 988 666 4)

203 677 309 713 singula
325 677 371 704 Dei
388 676 497 704 nomitta
514 676 651 708 edisserit,
666 683 748 711 atque
762 686 776 704 ιι
792 678 855 704 boni
870 683 897 705 et
915 678 990 705 boni-

204 725 276 758 tatis,
292 723 398 759 pulchri
411 727 438 751 et
452 723 674 761 pulchritudinis,
689 724 802 756 amoris,
820 724 988 756 dilectionis,

203 772 325 800 amabilis
337 771 483 805 dilectique
497 771 667 805 expositione
679 771 796 798 orditur.
810 770 880 797 Hinc
899 776 988 798 autent

203 822 312 851 arrepta
337 817 492 849 occasione,
509 816 641 850 quasdatu
663 816 696 842 de
723 820 818 843 natura
843 821 871 842 et
885 816 988 850 origine

204 863 265 890 mali
289 862 451 897 quastiones
474 861 608 892 enucleat,
628 864 655 887 et
674 861 810 895 quomodo
825 861 851 887 in
876 861 986 893 angelos

202 909 298 935 cadere
330 907 456 942 potuerit,
493 907 644 933 luculenter
681 906 779 940 aperit.
809 905 986 940 Prosequitur

201 954 297 981 deinde
312 955 383 988 (cap.
400 952 427 988 5)
445 952 598 979 inchoatam
622 952 761 979 nominum
787 951 832 979 Dei
858 952 987 986 explana-

201 1000 311 1032 tionem,
327 1003 354 1026 ct
373 1006 469 1026 nomen
491 998 573 1030 entis,
592 998 664 1033 qttod
683 998 736 1026 Deo
754 999 789 1025 ita
805 997 941 1030 tribuitur,
957 1003 987 1026 ut

199 1050 356 1072 caeterorum
373 1044 492 1071 omniutn
507 1045 596 1079 ipsum
612 1044 649 1071 sit
665 1044 828 1078 principium
844 1049 871 1072 et
892 1052 985 1076 causa,

199 1092 232 1118 ad
250 1099 310 1118 eum
339 1095 438 1118 tractat
453 1090 561 1118 modum
588 1091 659 1126 (cap.
685 1089 722 1124 6),
740 1095 779 1124 ul,
806 1092 942 1125 quomodo
958 1092 986 1118 in

198 1135 252 1162 Deo
281 1143 367 1162 rerum
390 1136 505 1162 omnium
521 1135 680 1169 exemplaria
693 1137 898 1170 prwexstiterint
913 1155 921 1168 ,
948 1136 985 1163 ibi

198 1189 306 1217 quoque
342 1181 497 1216 patefaciet.
541 1180 663 1216 Explicat
691 1187 821 1216 praeterea
852 1184 986 1216 qttomodo

198 1227 269 1255 Deus
282 1228 335 1254 vita
348 1228 392 1259 sit,
406 1235 420 1254 a
433 1234 487 1262 quo
498 1233 574 1254 suam
587 1232 684 1254 caetera
699 1227 814 1255 viventia
827 1228 963 1263 accipiunt
976 1237 984 1255 :

198 1273 334 1307 quomodo
360 1274 431 1308 (cap.
449 1273 477 1308 7)
503 1274 537 1300 sit
555 1272 687 1307 sapientia
700 1273 768 1308 ipsa,
785 1273 868 1300 omnis
880 1275 983 1307 mentis,

198 1319 320 1351 rationis,
343 1319 489 1353 sapientiw,
517 1319 704 1354 intelligentiw
724 1327 824 1352 causa;
849 1321 985 1354 quomodo

202 1368 275 1400 (cap.
292 1366 324 1400 '8)
341 1366 433 1393 omnia
453 1370 609 1401 cognoscat,
644 1370 672 1392 et
698 1373 712 1392 a
730 1368 864 1393 creaturis
884 1373 985 1401 cogno-

197 1417 312 1439 scatur:
332 1411 466 1445 qttomodo
492 1410 621 1442 Verbum,
650 1411 745 1445 Λόγος,
771 1412 807 1439 sit
819 1413 929 1446 veritas,
954 1420 986 1440 ac

197 1457 257 1484 fidei
277 1463 375 1484 nostra:
397 1457 604 1485 fundantentum
633 1467 640 1484 :
666 1459 803 1492 quomodo
821 1467 854 1486 ex
880 1459 984 1487 infinita

194 1504 253 1538 ejus
266 1504 389 1540 potentia,
399 1503 458 1531 alia:
469 1511 564 1531 onntcs
576 1504 734 1531 deriveutur
746 1514 753 1537 ;
767 1509 847 1539 atque
866 1505 938 1541 (cap.
953 1507 981 1540 9)

1047 269 1171 303 eugnosci
1194 273 1296 302 pote‘t,
1319 269 1462 304 mysticam
1488 271 1745 304 contemplationem
1769 279 1833 306 per-

1046 311 1138 338 veniat
1156 313 1227 347 (cap.
1243 312 1284 347 9.),
1304 320 1386 346 super
1403 321 1446 340 res
1460 321 1556 341 omnes
1579 315 1724 343 sensibiles
1745 321 1772 343 et
1790 317 1832 342 in-

1046 358 1211 386 tellectuales
1230 367 1289 387 esse
1310 361 1503 394 assurgenduin
1521 361 1591 396 (cap.
1605 362 1643 395 3).
1660 362 1832 390 Manifestum

1044 404 1141 430 deinde
1165 404 1230 431 facit
1252 413 1312 439 qum
1340 410 1431 431 essent
1446 405 1499 433 illa:
1515 407 1684 442 negationes,
1708 415 1755 436 seu
1767 416 1832 443 per-

1046 449 1178 477 fectiones
1200 450 1245 478 Dei
1264 452 1406 485 negativte.
1428 459 1530 486 easque
1548 460 1635 480 rerum
1652 461 1713 481 cum
1727 461 1829 489 corpo-

1044 503 1152 523 rearum
1175 501 1202 524 et
1223 497 1403 529 sensibilium,
1429 503 1484 524 tum
1509 499 1690 532 spiritualium
1704 505 1731 527 et
1747 501 1830 528 intel-

1043 540 1197 568 lectualinm
1221 542 1293 577 (cap.
1316 544 1355 577 4),
1377 551 1436 578 qua:
1463 544 1489 571 iit
1518 545 1572 572 Deo
1596 552 1657 573 esse
1679 551 1829 580 nequeunt,

1042 587 1113 614 nttda
1127 591 1155 614 et
1168 587 1284 622 simplici
1299 590 1474 617 enarratione
1484 590 1612 625 explicat.

1079 631 1092 667 §
1109 631 1139 658 V.
1153 632 1288 666 Epistoltr.
1301 648 1334 653 —
1346 633 1442 662 Decem
1455 643 1562 670 quoque
1575 626 1696 670 epistolas
1708 637 1828 673 Dionysii

1040 676 1210 712 Areopagitas
1218 685 1314 705 nomen
1329 679 1513 713 prteferentes,
1527 681 1568 707 his
1580 686 1695 714 quatuor
1709 684 1830 710 auctoris

1041 724 1128 749 nostri
1143 723 1217 750 libris
1232 724 1439 752 subneetnntur.
1462 725 1564 753 llarum
1577 732 1695 761 quatuor
1707 729 1826 762 priores.

1040 769 1074 795 ad
1087 768 1182 796 Caium
1194 770 1377 804 θεραπεύτην
1384 771 1462 802 datte,
1475 771 1641 799 brevissima:
1652 778 1723 807 sunt,
1735 781 1829 807 eteque

1040 813 1214 847 epistolarum
1234 814 1324 848 potius
1339 814 1502 850 fragmenta,
1520 823 1601 850 qttam
1617 817 1738 851 epistola:
1755 819 1827 846 inle-

1040 866 1096 893 εγω
1116 859 1251 886 videntur.
1267 859 1295 887 ltt
1311 867 1404 900 earum
1425 861 1510 895 prima
1531 862 1761 896 perfectissimam
1779 864 1826 891 Dei

1003 894 1023 921 3
1041 905 1236 939 cognitionem,
1249 913 1309 940 qum
1324 913 1337 932 a
1351 898 1433 933 nobis
1447 908 1532 942 accipi
1547 908 1640 942 possit.
1655 916 1715 936 eam
1729 915 1827 938 auctor

1039 958 1098 978 esse
1111 951 1185 982 dicit.
1200 959 1259 986 qua:
1274 959 1304 979 ex
1322 953 1462 980 attributis
1479 953 1536 986 cjus
1562 955 1698 989 negativis
1715 964 1762 990 per
1778 964 1826 983 ea:-

1038 1006 1147 1030 cessum,
1159 1002 1185 1025 et
1205 1006 1257 1025 non
1272 999 1403 1033 privative
1419 999 1543 1027 habetur.
1560 999 1588 1026 In
1602 1002 1720 1027 secunda
1738 1009 1825 1036 expo-

1039 1045 1075 1072 nit
1088 1045 1215 1079 quomodo
1227 1045 1272 1079 qui
1285 1050 1320 1071 est
1332 1053 1409 1079 super
1422 1047 1521 1078 omnia,
1533 1046 1565 1072 sit
1577 1054 1658 1079 supra
1670 1047 1826 1080 principium

1037 1091 1180 1117 diuinitatis
1194 1096 1217 1117 et
1231 1091 1362 1118 bonitatis.
1379 1091 1405 1117 ln
1420 1092 1501 1118 tertia
1516 1099 1580 1119 vero
1591 1091 1664 1126 quod
1679 1091 1827 1120 Malacbias

1038 1137 1168 1170 propheta
1205 1137 1239 1163 de
1269 1136 1379 1164 Chtisto
1415 1138 1641 1171 praenuntiaverat
1674 1150 1679 1165 ;
1715 1137 1826 1172 Repente

1037 1183 1116 1209 veniet
1127 1183 1161 1209 ad
1174 1183 1297 1217 templum
1311 1188 1430 1210 sanctum
1445 1192 1531 1215 suum,
1545 1184 1595 1212 ltoc
1610 1184 1683 1212 brevi
1696 1184 1821 1219 explica-

1037 1228 1110 1255 tione
1136 1229 1340 1262 interpretatur.
1363 1229 1474 1256 Deinum
1503 1229 1529 1256 in
1558 1235 1652 1263 quarta
1686 1230 1824 1258 Christum

1038 1271 1119 1298 Deum
1133 1271 1217 1300 fuisse
1230 1278 1257 1299 et
1269 1274 1414 1306 hominem.
1427 1278 1454 1301 et
1465 1273 1624 1310 οεανδρικήν
1638 1276 1824 1310 operationem

1037 1317 1197 1344 exhibuisse
1218 1319 1396 1346 demonstrat.

1072 1363 1169 1396 Quinta
1184 1364 1298 1398 epistola
1314 1364 1409 1391 eodem
1422 1371 1453 1391 ac
1469 1365 1653 1400 prmeedentcs
1671 1366 1741 1400 stylo
1759 1374 1825 1394 exa-

1038 1415 1105 1441 rata,
1127 1415 1161 1437 ad
1184 1410 1344 1437 Daret/zeum
1364 1412 1540 1446 λειτουργὸν
1558 1411 1661 1438 directa
1679 1417 1730 1440 est.
1748 1413 1774 1439 ln
1790 1422 1823 1440 ea

1036 1460 1124 1483 autem
1139 1463 1199 1489 quae
1214 1456 1249 1483 sit
1268 1457 1351 1491 caligo
1373 1457 1459 1484 divina
1473 1461 1570 1484 auctor
1583 1458 1682 1492 aperit,
1700 1458 1823 1492 planum-

1035 1509 1088 1536 que
1110 1501 1175 1529 facit
1194 1507 1258 1529 tunc
1274 1502 1357 1529 Deum
1377 1508 1440 1529 vere
1464 1503 1603 1537 cognosci,
1620 1511 1681 1530 cum
1707 1503 1752 1532 ille
1776 1512 1821 1531 su-

195 1552 252 1586 ejns
271 1552 377 1586 justitia
394 1552 514 1578 omniutn
545 1559 638 1578 norma
657 1551 704 1583 sit.
720 1550 794 1578 salus
813 1556 841 1579 et
872 1553 979 1580 redem-
997 1560 1017 1589 ρ
1035 1557 1084 1584 per
1104 1555 1211 1576 omnem
1231 1549 1371 1576 SCienliam
1390 1553 1417 1576 el
1435 1549 1616 1584 cognitionem
1644 1557 1704 1577 esse
1722 1558 1823 1586 cogno-

199 1598 307 1631 ptio.Ad
331 1598 387 1625 hac
402 1605 464 1625 vero
490 1599 561 1633 (cap.
591 1599 635 1633 l0)
659 1607 708 1626 cur
742 1599 810 1626 Deus
825 1607 933 1635 magnus
956 1606 980 1627 et

194 1652 302 1677 parvus,
319 1645 388 1670 idem
402 1649 425 1671 et
442 1643 526 1676 aliud.
541 1645 635 1672 similis
655 1650 678 1673 et
695 1646 833 1673 dissimilis
848 1646 955 1673 dicatur
973 1656 980 1674 :

194 1697 254 1723 qua:
267 1690 303 1716 sit
318 1688 375 1723 ejus
389 1690 477 1724 quies.
494 1690 573 1718 sedes
589 1697 614 1717 et
633 1696 732 1723 motus,
758 1699 808 1718 cur
830 1693 982 1720 nominetur

194 1735 314 1768 a'qualis,
337 1735 520 1769 omnitenens,
547 1737 756 1772 παντοκράτωρ,
783 1738 906 1773 antiquus
923 1739 981 1765 die-

194 1789 264 1812 rum,
281 1781 405 1816 antiquus
420 1787 443 1808 et
466 1789 565 1814 novat;
587 1782 680 1817 ibique
696 1784 821 1817 temporis
837 1789 861 1811 et
877 1785 982 1811 (eterni-

194 1828 257 1854 talis
272 1833 396 1854 naturam
413 1827 560 1862 explanare
573 1828 722 1856 contendit.
742 1829 839 1856 Postea
850 1830 920 1864 (cap.
936 1829 982 1862 ll)

194 1873 227 1899 de
250 1880 314 1907 pace
332 1872 388 1905 Dei,
404 1873 449 1907 qui
470 1873 559 1900 omnis
585 1874 660 1907 pacis
685 1879 780 1902 auctor
794 1879 848 1908 est,
863 1875 981 1908 disserit,

193 1925 307 1952 eamque
320 1917 354 1944 ab
367 1917 494 1945 omnibus
515 1918 666 1946 desiderari
683 1919 863 1947 demonstrat.
880 1920 982 1948 Dehinc

194 1966 267 2000 (cap.
287 1965 332 1999 12)
353 1965 385 1991 ad
400 1972 431 1992 ea
449 1965 592 2000 respondet
609 1971 668 1999 qua:
689 1965 847 1993 Timotheus
864 1966 926 1993 data
948 1967 982 1993 ad

193 2019 254 2038 eum
273 2011 386 2044 epistola
412 2014 581 2045 poposcerat,
606 2011 670 2044 quid
695 2011 790 2045 sitper
809 2019 836 2038 se
849 2019 916 2045 esse,
937 2019 983 2045 per

192 2065 219 2083 se
230 2056 293 2089 vita,
308 2065 354 2091 per
366 2065 393 2083 se
405 2056 552 2090 sapientia.
569 2055 637 2083 Tum
652 2057 767 2084 subinde
783 2057 815 2084 ad
830 2057 981 2084 divinorum

193 2103 331 2129 nominum
370 2102 588 2137 explanationem
624 2109 774 2134 reversus.
809 2103 982 2137 perspicuum

192 2147 257 2175 facit
284 2148 356 2182 (cap.
372 2148 418 2182 l3)
433 2155 480 2175 cur
502 2147 574 2175 Deus
599 2152 711 2175 vocetur
739 2148 854 2175 Sanctus
874 2152 982 2175 sancto-

192 2203 262 2226 rum,
294 2194 349 2221 Πρω
375 2202 484 2229 regum,
514 2193 642 2222 Dominus
667 2194 881 2227 dominantium,
910 2194 981 2223 Deus

1033 1596 1130 1625 scitur.

1068 1642 1108 1668 Ad
1125 1640 1289 1674 Sasipazrum
1306 1639 1481 1674 presbyterum
1498 1645 1574 1667 sexta
1593 1640 1673 1667 missa
1689 1645 1741 1672 est.
1760 1640 1805 1667 illa
1819 1656 1822 1660 -

1033 1694 1086 1722 qtte
1111 1686 1233 1713 omnium
1254 1685 1316 1712 licet
1334 1685 1505 1714 brevissima.
1527 1685 1640 1712 formam
1664 1689 1753 1713 tamen
1772 1687 1805 1713 ha

1034 1732 1078 1759 bet
1089 1731 1219 1766 epistolae.
1237 1730 1293 1758 Hac
1304 1737 1400 1758 auctor
1417 1737 1508 1759 noster
1526 1731 1696 1766 Sosipatrutn
1712 1737 1740 1759 ut
1754 1740 1805 1767 ope

1036 1785 1092 1803 ratn
1107 1784 1183 1804 suam
1195 1784 1249 1804 non
1269 1783 1322 1803 tam
1340 1777 1365 1804 in
1382 1777 1526 1811 arguendis
1543 1778 1678 1805 lncreticis
1693 1786 1773 1813 quam
1791 1779 1820 1806 in

1035 1825 1148 1852 veritate
1162 1823 1321 1851 stabilienda
1336 1829 1426 1858 ponat,
1443 1824 1528 1851 amice
1542 1829 1642 1852 mottet.

1070 1870 1190 1904 Septima
1213 1870 1256 1897 ille
1278 1869 1428 1905 Polycarpo
1447 1871 1581 1906 episcopo.
1617 1871 1662 1905 qui
1685 1870 1773 1910 ipsum
1786 1871 1821 1898 ab

1033 1916 1219 1952 Apollophane
1248 1917 1388 1952 sophista,
1405 1918 1476 1952 quod
1503 1918 1645 1951 opiniones
1678 1918 1818 1953 gentilium

1034 1963 1208 1996 confulando,
1235 1971 1283 1990 eas
1307 1964 1411 1991 sincere
1434 1971 1487 1991 non
1511 1963 1710 2000 proposuisset,
1728 1966 1819 1996 palatii

1035 2010 1152 2036 incusari
1174 2009 1359 2041 nuntiaverat,
1381 2010 1546 2044 respondere
1567 2010 1685 2037 videtur.
1705 2010 1748 2037 Ait
1767 2011 1819 2036 ita-

1035 2064 1087 2090 que
1098 2064 1127 2084 se
1145 2065 1207 2083 culti
1224 2057 1356 2084 adversus
1371 2056 1486 2090 gentiles
1501 2056 1662 2090 disputaret,
1680 2063 1723 2083 res
1739 2059 1817 2090 prout

1035 2111 1064 2130 se
1078 2103 1219 2133 haberent,
1236 2109 1298 2128 Vere
1313 2109 1419 2136 semper
1433 2101 1571 2134 retulisse;
1585 2101 1818 2136 Polycarpumquc

1036 2151 1111 2182 rogat
1135 2151 1164 2173 ut
1188 2146 1366 2182 Apollophani
1394 2146 1527 2180 significet
1553 2153 1614 2172 eum
1633 2145 1720 2179 ipsum
1743 2151 1816 2176 esse,

1033 2193 1080 2227 qtti
1100 2192 1195 2219 divinis
1219 2192 1346 2219 advenas
1372 2192 1459 2218 divina
1481 2192 1612 2218 abutitur.
1635 2191 1740 2217 Etenim
1763 2199 1817 2217 non

191 2242 311 2268 deorum.
324 2240 371 2268 llis
388 2241 425 2268 ita
441 2240 597 2274 explicatis,
613 2245 705 2267 ntonet
719 2247 749 2267 se
764 2240 853 2267 divina
869 2241 978 2267 nomitta
994 2246 1016 2272 1)
1033 2239 1119 2266 solum
1146 2238 1179 2265 iis
1197 2245 1256 2272 qum
1279 2236 1366 2265 Josntc
1389 2242 1417 2264 et
1438 2237 1561 2264 Ezechiae
1584 2235 1750 2271 temporibus
1773 2243 1818 2262 ar-

192 2294 241 2320 pro
254 2287 312 2314 suis
323 2286 434 2319 viribus,
452 2294 504 2314 non
518 2293 566 2319 pro
579 2293 674 2313 eorttm
693 2286 824 2320 dignitate
840 2285 880 2312 sic
892 2285 980 2319 expli-

192 2333 299 2366 cuisse,
313 2337 352 2365 nt,
368 2332 389 2360 si
405 2333 469 2367 quid
485 2337 558 2359 recte
573 2339 587 2358 a
600 2338 629 2359 se
641 2331 740 2358 diclntn
756 2331 846 2361 fuerit,
859 2331 884 2358 id
895 2334 980 2357 totum

192 2377 220 2404 in
239 2378 321 2405 Deum
337 2379 423 2411 ipstittt
439 2376 545 2404 refundi
561 2377 675 2407 debeat;
694 2377 716 2403 si
732 2377 796 2410 quid
815 2383 879 2403 vero
892 2376 980 2402 minus

193 2424 260 2451 recti
275 2428 302 2451 ct
330 2423 455 2459 perfecti,
478 2423 543 2450 illud
558 2422 693 2450 Timothei
718 2422 815 2456 peritia
838 2422 901 2448 velit
922 2429 980 2448 esse

191 2474 357 2497 correctum.
374 2470 497 2504 Spondet
517 2468 633 2503 dettique
648 2475 677 2495 se
690 2468 722 2495 de
744 2467 886 2502 symbolica
908 2468 981 2494 t/ieo-

191 2517 263 2551 tagia
277 2522 339 2550 post
355 2517 412 2544 hazc
429 2522 489 2543 esse
502 2515 678 2550 scripturum,
702 2519 784 2549 atque
799 2514 835 2542 ita
848 2513 917 2542 libro
931 2522 980 2541 suo

190 2562 273 2589 liuent
290 2563 413 2596 imponit.

226 2607 241 2644 ᾗ
265 2607 310 2635 ιν.
334 2607 410 2634 Liber
438 2607 470 2634 de
496 2607 607 2642 mystica
636 2607 776 2640 theologia.
797 2606 978 2640 ~Qttarttttn

191 2653 303 2685 librum,
330 2653 368 2680 De
395 2653 505 2688 mystica
537 2652 670 2687 theologia
700 2651 779 2678 tilttlo
801 2651 977 2685 inscriptum,

190 2704 286 2726 auctor
312 2705 406 2725 noster
443 2698 471 2724 th
499 2698 679 2725 sanctissimae
704 2696 847 2724 Trinitatis
870 2696 980 2723 invoca-

191 2745 265 2772 tione
290 2745 399 2771 inchoat
418 2743 490 2779 (cap.
515 2744 552 2778 l),
570 2744 799 2777 Timotheumque
825 2750 979 2770 commone—

191 2789 256 2817 facit
271 2790 382 2824 mystica
408 2797 470 2816 cum
486 2789 551 2815 viris
574 2788 686 2824 paganis
707 2795 761 2815 non
779 2795 839 2814 esse
858 2795 980 2814 commu-

191 2835 316 2862 nicanda.
336 2834 387 2870 Ipsi
407 2835 521 2863 subinde
537 2835 685 2870 significat,
698 2838 726 2861 ut
742 2834 776 2860 ad
797 2833 855 2865 Dei,
871 2833 916 2868 qui
936 2833 977 2859 itt-

190 2881 263 2908 linite
278 2888 359 2915 supra
376 2889 425 2910 nos
445 2880 543 2913 elatus.
566 2881 698 2908 immensa
719 2879 835 2913 caligine
854 2878 973 2906 abscon-

1033 2284 1169 2315 cidcrant,
1184 2282 1302 2309 insolitis
1317 2282 1446 2309 malorum
1464 2283 1593 2313 motibus,
1610 2284 1656 2308 sed
1675 2276 1702 2308 in
1720 2281 1817 2315 primis

1032 2328 1173 2363 stupenda,
1195 2334 1276 2361 quam
1302 2326 1448 2361 Heliopoli.
1470 2328 1534 2353 dttm
1556 2326 1679 2354 Christus
1704 2326 1817 2353 cruciﬁ-

1032 2378 1153 2407 geretur,
1178 2373 1223 2400 ille
1247 2379 1339 2400 secum
1368 2372 1485 2403 viderat,
1513 2371 1577 2398 solis
1600 2371 1763 2404 defectione,
1783 2371 1817 2397 de

1031 2419 1150 2453 ejusdem
1171 2418 1273 2446 Christi
1296 2418 1438 2446 divinitate
1458 2419 1547 2444 fuerat
1567 2417 1719 2444 convictus.
1739 2417 1816 2450 Quod

1031 2465 1080 2499 ipsi
1098 2465 1164 2491 utin
1189 2465 1347 2492 memoriam
1367 2467 1486 2496 revocet,
1502 2467 1584 2497 atque
1610 2463 1643 2489 ad
1662 2462 1817 2496 amplexan-

1031 2510 1092 2537 dam
1114 2509 1297 2537 Christianam
1322 2508 1480 2543 religionem
1500 2507 1668 2540 adhortetur,
1690 2508 1816 2533 obsecrat

1030 2559 1058 2582 et
1070 2556 1202 2589 praecipit.

1066 2600 1248 2634 Demopliilum
1284 2600 1459 2631 monac/tum,
1502 2600 1548 2633 qui
1586 2598 1760 2633 ptenitentem
1798 2606 1813 2633 ξι

1029 2646 1172 2672 sacerdote
1190 2644 1359 2677 absolutum,
1378 2645 1521 2678 ipsumque
1545 2642 1712 2671 sacerdotem
1728 2650 1742 2669 a
1759 2650 1813 2676 quo

1030 2691 1116 2719 fuerat
1129 2690 1280 2723 absolutus,
1295 2690 1389 2717 durius
1404 2695 1581 2721 tractaverat,
1593 2688 1706 2723 epistola
1719 2693 1812 2715 octava

1029 2737 1152 2771 corripit.
1172 2737 1354 2769 Quamobrem
1371 2736 1543 2762 clementiam
1560 2734 1811 2761 mansuetudinem-

1029 2790 1081 2817 que
1100 2784 1282 2813 commendat.
1305 2790 1337 2809 ac
1356 2783 1439 2809 variis
1461 2781 1572 2816 Moysis,
1595 2780 1714 2811 Davidis,
1736 2779 1809 2807 lose-

1029 2828 1086 2863 plii,
1123 2827 1295 2862 angelorum,
1330 2832 1358 2854 et
1391 2827 1492 2853 Christi
1534 2825 1638 2852 Domini
1681 2824 1812 2858 exemplis

1030 2874 1126 2911 probat
1143 2873 1300 2902 sacerdotes
1315 2881 1330 2901 a
1345 2873 1484 2901 monachis
1503 2879 1557 2898 nan
1573 2878 1633 2898 esse
1649 2870 1813 2903 arguendos,
