1925 3070
116 173 147 202 ίῖ,
760 166 1022 196 ΡιὶοιλΕϐωιιςΜ.
1697 171 1727 198 tt

111 239 195 267 atque
209 237 272 259 ante
285 231 372 266 ipsum
385 232 433 265 qui
447 230 473 257 id
491 234 624 257 attentare
639 237 719 256 ausus
740 229 831 261 fuerit,
848 230 891 256 in-
906 231 930 259 Α
945 228 1006 255 doxi
1023 227 1170 262 pedibusin
1183 234 1274 255 corum
1293 229 1391 255 iveriut
1409 227 1572 256 sententiam
1583 251 1589 261 ,
1612 237 1726 264 eamque

113 282 222 305 ventum
237 285 296 305 esse
312 277 458 304 neminem.
480 275 602 310 Denique
616 280 785 310 peccatorem
808 276 893 310 paeni-

111 328 214 350 tentetn
226 323 260 350 ab
272 323 331 358 ipso
342 330 393 350 non
407 322 533 350 debuisse
546 322 622 355 rejici
638 323 704 349 mira
716 324 800 350 sancti
813 323 892 358 Carpi

109 369 219 398 visione
228 370 404 398 demonstrat.

147 415 274 450 Epistolte
297 423 374 443 nonae
396 417 431 443 ad
452 416 539 445 Titum
563 419 711 452 episcopum
727 420 794 446 data:
817 417 893 445 initio

106 460 175 494 quid
200 460 294 494 ﬁgurae
312 461 467 496 symbolice:
488 467 515 489 et
532 470 681 498 corporeae,
704 472 764 498 quae
788 464 842 491 Deo
866 463 891 489 iu

107 505 254 540 Scriptura
274 514 352 534 sacra
367 508 534 542 tribuuntur,
549 510 712 544 significem,
732 515 826 537 auctor
842 518 892 536 no-

107 555 168 578 ster
189 552 322 580 enttcleat.
344 553 444 581 Deinde
466 562 498 581 ea
514 563 573 589 qua:
596 555 673 583 Titus
697 556 891 592 postulaverat,

106 598 259 631 explanare
280 606 435 633 aggressus.
462 601 580 628 ostendit
610 602 673 636 quid
702 605 734 632 sit
768 603 891 634 ebrietas,

106 643 273 676 discubilus,
304 654 410 673 somnus
439 652 464 674 el
486 649 615 683 evigilatio
643 650 700 678 Dei.
731 650 771 678 Ex
795 651 892 685 quibus

107 689 190 717 facile
212 691 322 725 colligas
342 692 377 719 ibi
397 693 462 720 nihil
486 694 556 722 aliud
574 703 654 730 quatn
678 697 768 732 priora
793 697 890 731 capitis

108 737 174 762 nonI
191 735 328 764 Malachiae
344 738 482 772 propheta:
496 740 577 767 verba
591 741 730 775 explicari.

144 781 172 807 In
197 781 309 815 epistola
336 783 452 815 decima,
477 785 511 811 ad
532 785 665 813 Joannem
693 787 889 821 evangelistam,

105 825 135 852 in
154 825 240 854 insula
250 826 380 855 Pathmos
392 828 558 856 exsulantem
570 830 684 864 directa,
695 837 790 859 auctor
801 837 892 859 noster

105 871 222 899 celerem
242 872 280 899 illi
300 873 333 901 ab
352 874 448 903 exsilio
464 875 490 902 in
510 875 602 902 Asiam
618 877 746 912 reditum,
759 877 849 912 ibique
862 886 891 905 se

104 917 165 951 ejus
176 919 318 951 praesentia
333 919 479 948 fruiturum
499 926 574 949 certo
585 923 762 956 prmmntiat.

141 963 254 998 Adjecta
280 969 323 992 est
346 966 373 993 in
399 967 534 995 nonnullis
555 968 717 995 editionibus
746 968 887 996 undecima

105 1009 226 1036 auctoris
256 1011 340 1038 nostri
363 1012 397 1038 ad
416 1012 618 1047 Apollnpltanetn
630 1013 809 1048 philosoMmm
833 1015 888 1049 epi-

103 1054 174 1081 stola
192 1062 199 1081 :
214 1055 260 1082 sed
275 1063 337 1083 cum
351 1063 382 1083 ea
395 1057 442 1084 vix
456 1057 490 1084 ab
505 1058 559 1086 ullo
574 1059 690 1093 genuina
703 1067 764 1087 esse
774 1067 887 1087 censea-

104 1103 160 1130 tur.
180 1100 213 1128 de
230 1101 301 1129 illius
316 1103 442 1134 veritate.
462 1111 495 1131 ne
508 1111 569 1131 cum
590 1104 651 1131 aliis
663 1113 778 1140 quarum
802 1106 887 1140 major

103 1151 146 1173 est
160 1145 312 1180 dillicultas,
331 1148 552 1182 confunderetur,
570 1150 595 1177 in
619 1150 671 1178 ﬁne
692 1151 770 1185 hujus
786 1152 888 1180 Disser«

105 1193 217 1220 talionis
237 1193 444 1228 disputabimus.

414 1250 527 1278 CAPUT
546 1252 576 1279 ll.

106 1292 256 1328 Exponilur
272 1300 356 1323 alatus
372 1299 533 1359 qttmslibonts,
549 1306 571 1325 ει
587 1308 638 1334 qua
652 1302 773 1329 methodo
786 1307 885 1330 tracta-

477 1340 540 1359 παν.

477 1340 540 1360 ηυγ.

138 1383 178 1412 De
201 1385 243 1412 his
266 1385 502 1415 lucubrationibus
527 1388 549 1416 si
565 1397 597 1415 ex
622 1389 680 1423 ipso
698 1397 791 1417 earum
807 1391 885 1418 testi-

104 1431 195 1458 monio
224 1431 326 1458 feratur
353 1434 507 1466 sententia,
533 1440 641 1462 certum
671 1441 713 1463 est
742 1436 803 1463 illas
832 1445 884 1464 non

105 1477 185 1503 alium
215 1484 295 1511 quam
325 1477 481 1514 Dionysium
512 1479 722 1515 Areopagitatn,
749 1490 764 1509 a
797 1482 883 1511 Paulo

104 1522 226 1556 apostolo
244 1524 276 1551 ad
296 1523 478 1552 Chr'stianam
505 1526 584 1554 ﬁdem
599 1527 755 1560 adductum,
772 1529 884 1564 ejusque

105 1575 196 1603 postea
223 1570 392 1605 discipulum,
421 1571 546 1599 habuisse
576 1578 727 1601 auctorem.
768 1575 883 1602 Verum-

104 1616 244 1643 enimvero
266 1624 326 1650 qua:
340 1617 374 1644 de
393 1617 470 1648 solis.
493 1618 599 1646 Christo
619 1620 759 1652 moriente,
778 1621 882 1656 eclipsi,

106 1659 138 1686 de
159 1667 275 1695 corpore
302 1661 422 1696 Deipara:
443 1662 561 1697 Virginis
583 1669 642 1697 post
660 1665 717 1699 ejus
743 1671 857 1694 mortem
870 1676 884 1694 a

104 1713 133 1732 se
157 1711 183 1733 et
205 1707 238 1734 ab
265 1708 393 1742 apostolis
419 1709 488 1741 viso,
510 1710 544 1736 de
565 1709 677 1737 Joannis
711 1713 884 1747 evangelista:

103 1751 136 1778 ab
157 1753 254 1780 exsilio
278 1761 402 1789 regressu
427 1755 565 1786 dieuntur.
591 1764 664 1784 easa
689 1759 816 1794 Dionysio
839 1761 884 1787 illo

103 1796 219 1830 scriptas
229 1805 289 1825 esse
303 1799 422 1827 clautant
441 1805 470 1827 et
487 1801 676 1830 testiﬁcantur.
689 1803 741 1831 Sed
758 1804 822 1832 illud
837 1813 885 1832 vo—

103 1847 179 1869 catur
192 1843 219 1870 in
235 1847 451 1873 controversiam
468 1855 532 1875 nttm
547 1848 645 1876 horum
659 1854 754 1877 auctor
768 1851 883 1885 scripto-

105 1896 162 1915 rum
178 1890 200 1917 is
217 1897 281 1918 vere
297 1891 333 1918 sit
350 1892 523 1928 Areopagita,
548 1902 630 1928 quem
651 1902 680 1922 se
705 1897 793 1929 prodit
811 1905 818 1924 :
839 1897 881 1924 vel

103 1935 231 1962 ementito
246 1937 311 1964 tanti
329 1938 378 1966 viri
401 1939 511 1967 nomine
527 1940 637 1974 scriptis
661 1941 717 1968 suis
734 1942 880 1970 auctorita-

101 1986 155 2009 tem
183 1982 298 2010 voluerit
325 1984 485 2012 attribuere.
514 1985 576 2013 Haec
598 1991 687 2013 atttem
709 1988 822 2021 quaestio
848 1989 882 2016 ob

101 2027 220 2054 auctoris
233 2035 341 2060 nomen,
355 2033 384 2056 et
395 2036 500 2057 summa
515 2037 574 2064 qua:
588 2031 613 2057 in
630 2032 672 2058 his
688 2032 814 2066 operibus
828 2037 884 2060 tra-

103 2075 210 2099 ctantur
221 2079 392 2107 argumenta,
407 2076 475 2102 tanti
490 2076 617 2110 ponderis
631 2080 659 2104 et
679 2079 807 2104 momenti
824 2078 880 2105 visa

101 2120 151 2149 est,
171 2122 201 2143 ιιι
215 2119 258 2145 vix
279 2118 332 2146 alia
353 2119 447 2153 fuerit,
467 2121 493 2147 in
512 2129 565 2154 qua
590 2122 769 2149 examinanda
792 2123 880 2151 critici

103 2163 231 2197 majorem
247 2164 415 2200 diligentiam
434 2167 590 2193 adhibuisse
607 2167 757 2196 vidcantur.

136 2208 220 2236 Porro
238 2214 328 2237 autem
345 2211 414 2237 duas
429 2210 467 2237 illi
483 2211 647 2238 scinduntur
666 2213 692 2239 in
708 2217 810 2247 partes.
827 2214 878 2241 Alii

945 273 1052 307 plurimi
1068 273 1150 300 rariis
1162 273 1403 306 lucubrationibus,
1417 274 1443 300 itt
1457 274 1543 301 lucem
1556 275 1646 307 editis,
1661 283 1726 310 pro-

945 318 1115 353 pugnandam
1133 319 1312 353 susceperint.
1328 319 1428 347 Contra
1444 325 1533 348 tamen
1554 326 1627 348 stant
1641 322 1725 357 aliqui

945 371 994 399 pro
1017 364 1200 398 antiquiorum
1226 365 1363 399 opinione,
1389 373 1471 400 quam
1499 366 1613 399 prolixis
1637 368 1720 395 etiam

946 410 1195 442 Dissertationibus.
1218 411 1244 437 in
1259 411 1354 446 vulgus
1369 418 1423 438 tton
1436 412 1472 438 ita
1489 412 1594 446 pridem
1606 414 1726 446 emissis,

945 455 1094 483 defendunt
1114 463 1146 483 ac
1161 461 1282 485 tuentur.

978 501 1042 530 Hzec
1057 503 1147 537 itaque
1162 504 1276 537 quaestio
1288 512 1349 531 cum
1362 512 1410 538 pro
1422 504 1510 532 ollicio
1524 510 1618 533 nostro
1631 515 1726 534 rursus

945 547 977 573 ad
999 555 1115 575 examen
1139 549 1289 576 revocanda
1313 549 1359 583 sit,
1379 550 1451 577 illam
1475 552 1509 578 ita
1535 553 1724 583 tractabimus,

944 595 982 623 nt,
996 593 1121 620 omnilms
1135 594 1275 628 utriusque
1288 595 1373 629 parzis
1389 596 1542 624 rationibus
1556 603 1632 631 (equa
1647 597 1725 625 lance

943 641 1108 673 ponderatis,
1128 649 1220 668 earutn
1238 642 1290 668 vim
1313 647 1340 668 et
1355 643 1447 676 robur,
1474 648 1520 670 aut
1543 644 1681 672 levitatem
1697 652 1725 673 et

943 684 1007 712 vitia
1022 685 1094 713 clare
1108 690 1134 712 et
1150 687 1304 721 perspicue,
1323 694 1453 722 quantum
1477 697 1524 724 per
1539 698 1587 728 nos
1604 691 1661 718 ﬁeri
1678 699 1726 726 po.

943 731 1015 763 terit,
1039 731 1246 765 patefaciamus.
1272 733 1318 760 llis
1344 740 1433 761 autem
1449 743 1480 768 ea
1497 737 1587 763 omnia
1610 737 1723 772 adjicie-

943 785 1002 804 mus
1013 784 1072 812 quae
1094 778 1126 804 ad
1150 778 1310 805 eliciendam
1334 780 1604 817 coniirmandamque
1626 784 1725 810 verita-

942 827 995 850 tem
1011 829 1038 851 et
1050 832 1135 852 vanas
1149 825 1269 859 argutias
1283 825 1459 860 depellendus
1473 829 1558 863 magis
1571 830 1724 857 conducere

944 867 1020 895 nobis
1041 868 1214 895 videbuntur.
1238 869 1360 904 Denique
1386 870 1457 899 hanc
1478 873 1654 906 quaestionem
1674 881 1723 909 pro

942 913 1011 940 virili
1027 918 1102 948 parte
1117 922 1146 941 ea
1172 915 1299 942 methodo
1312 916 1454 944 enucleare
1475 922 1645 953 satagemus,
1668 927 1722 954 qua

939 958 1064 987 sincerus
1089 961 1214 988 veritatis
1239 967 1346 989 amator
1373 963 1406 990 de
1438 963 1479 991 his
1506 966 1617 1000 scriptis
1642 973 1721 994 suum

938 1005 1024 1039 possit
1043 1005 1148 1034 facilius
1161 1012 1187 1034 et
1205 1007 1307 1034 certius
1324 1006 1546 1042 lerrejudicium.

1249 1063 1364 1092 CAPUT
1383 1065 1424 1093 ΙΙΙ.

940 1115 1033 1143 Utrum
1061 1118 1168 1154 quidam
1195 1120 1333 1154 scriptores
1361 1125 1421 1147 ante
1448 1122 1622 1152 Col/alienam
1648 1125 1719 1152 (ιοη-

973 1153 1232 1192 slantjnapolitanam
1267 1155 1322 1182 lucc
1361 1164 1439 1190 opera
1482 1157 1608 1192 Dionysio
1647 1162 1721 1187 ami-

973 1187 1073 1214 buerint
1086 1187 1099 1214 ?

974 1243 1086 1271 Constat
1109 1246 1219 1279 quidem
1249 1247 1339 1274 omnia
1368 1248 1495 1276 Auctoris
1519 1251 1603 1277 nostri
1631 1251 1719 1286 Opera

938 1294 998 1323 post
1017 1288 1196 1318 Collationem
1218 1292 1453 1328 Constantinopoli
1477 1303 1548 1323 anno
1568 1296 1621 1324 553
1645 1298 1720 1325 habi-

939 1339 992 1361 tam
1016 1336 1141 1369 Dionysio
1162 1338 1336 1373 Areopagitae
1355 1348 1408 1367 uno
1429 1341 1485 1368 fere
1510 1343 1632 1370 omnitun
1655 1352 1720 1371 con-

937 1388 1016 1408 sensu
1034 1382 1118 1410 fuisse
1133 1383 1295 1417 adjudicata.
1312 1384 1407 1412 Utrum
1423 1393 1513 1414 autem
1526 1388 1619 1416 eadem
1635 1389 1718 1417 fuerit

937 1429 1119 1464 antiquiorum
1137 1431 1237 1464 opinio.
1260 1431 1332 1459 ittter
1348 1434 1472 1461 eruditos
1491 1434 1641 1462 etiamnum
1661 1437 1718 1464 dis-

936 1480 1068 1509 ceptatur.
1092 1475 1246 1512 Dionysiani
1273 1479 1346 1504 enim
1372 1479 1525 1507 testimonia
1550 1480 1675 1516 Origenis
1698 1483 1717 1514 ',

936 1520 1088 1552 Albana—ii,
1109 1521 1253 1549 Clementis
1273 1523 1446 1551 Alexandrini
1474 1530 1501 1552 et
1522 1526 1642 1562 Gregorii
1664 1528 1717 1555 Na-

938 1566 1056 1593 zianzeni
1077 1567 1097 1599 ',
1112 1575 1125 1593 a
1145 1568 1241 1601 quibus
1265 1568 1321 1595 Im:
1346 1569 1444 1604 scripta
1464 1571 1504 1598 vel
1530 1572 1646 1608 Dionysii
1669 1582 1719 1601 no-

937 1612 1008 1638 mine
1031 1613 1126 1644 citata,
1147 1614 1186 1640 vel
1211 1614 1327 1642 imlicata
1345 1616 1503 1650 opinantur.
1527 1620 1666 1652 proferunt
1690 1621 1727 1654 in,

937 1657 1065 1684 medium.
1094 1659 1202 1685 Addunt
1242 1659 1396 1694 Dionysium
1429 1662 1656 1697 Alexandrinum,
1689 1671 1718 1692 ut

935 1703 1092 1731 Anastasius
1113 1705 1228 1737 Sinaita,
1252 1711 1362 1734 sanctus
1384 1707 1517 1735 Maximus
1556 1715 1584 1736 et
1607 1709 1718 1738 Nectas

935 1749 1079 1778 Cltouiates
1105 1755 1246 1783 testantur,
1279 1753 1304 1778 in
1332 1753 1424 1780 eadetn
1458 1754 1577 1790 Dionysii
1603 1757 1715 1792 scripta.

935 1796 1121 1824 aduotationes
1135 1802 1162 1824 et
1178 1797 1280 1824 scltolia
1293 1798 1421 1828 edidisse.

971 1842 1024 1871 Sed
1046 1845 1214 1871 contendunt
1235 1852 1329 1872 eorum
1352 1846 1499 1874 adversarii
1521 1855 1607 1882 neque
1622 1849 1716 1884 Orige-

937 1895 1006 1921 nent,
1033 1896 1120 1923 neque
1142 1889 1330 1923 Athanasium,
1351 1895 1379 1917 ιιι
1402 1899 1495 1919 ontues
1519 1892 1597 1921 lacile
1617 1901 1715 1922 conce-

934 1934 1010 1966 dunt,
1036 1935 1082 1961 sed
1103 1935 1268 1962 recentiores
1285 1937 1414 1970 quosdam
1435 1937 1542 1972 horum,
1556 1946 1616 1973 qua:
1630 1939 1715 1966 citan-

935 1982 985 2008 ΙΙΙΓ,
1018 1987 1129 2013 operuut
1165 1989 1226 2008 esse
1261 1987 1396 2010 auctores.
1425 1984 1561 2016 Quantum
1590 1992 1654 2012 vero
1679 1988 1714 2013 ad

933 2025 1047 2057 scholia,
1061 2031 1163 2053 certum
1177 2027 1260 2054 videri
1275 2035 1306 2055 ea
1329 2028 1447 2064 Dionysii
1468 2031 1643 2058 Alexandrini
1660 2040 1713 2059 non

932 2078 991 2098 esse
1016 2071 1110 2099 letum.
1137 2073 1266 2100 Eusebius
1290 2075 1390 2102 etenim
1416 2081 1496 2110 atque.
1523 2077 1712 2113 lliermtymus,

931 2117 976 2152 qtti
990 2117 1164 2145 Alexandrini
1179 2119 1257 2154 hujus
1271 2121 1431 2154 patriarchae
1458 2130 1540 2156 opera
1564 2124 1714 2159 diligentis-

931 2163 998 2190 sinte
1013 2170 1215 2197 recensuerunt,
1232 2166 1333 2193 nullatn
1351 2168 1462 2194 omnino
1478 2168 1573 2196 horum
1595 2171 1712 2198 scholio~

931 2217 989 2236 rum
1015 2210 1137 2238 fecerunt
1167 2212 1341 2239 mentionem.
1366 2213 1434 2247 Quid
1460 2216 1531 2248 quod
1554 2215 1712 2244 Anastasius

100 2255 232 2290 siquidem
254 2254 354 2290 πτερω
376 2256 433 2283 [me
455 2257 544 2284 omnia
559 2265 574 2284 ί,
597 2258 724 2294 Dionysio
746 2260 814 2294 ipso.
831 2269 877 2287 cu-
897 2264 917 2291 ι)
932 2262 963 2281 ac
985 2260 1046 2290 post
1065 2263 1126 2282 eum
1149 2255 1282 2284 Maximus
1301 2258 1372 2285 hunc
1394 2259 1548 2294 Dionysium
1571 2267 1604 2287 ex
1620 2262 1711 2289 rheto-

98 2301 141 2335 jus
162 2301 270 2328 nomine
298 2301 492 2335 inscribuntur,
521 2303 642 2337 profecta
667 2312 726 2332 esse
753 2312 878 2336 censent.

100 2347 163 2381 Quae
189 2347 298 2382 quidem
323 2348 414 2382 opinio
441 2349 475 2375 ab
501 2356 534 2376 eo
552 2353 672 2384 tempore
697 2358 752 2385 quo
776 2351 826 2378 illa:
851 2353 877 2379 in

99 2393 192 2426 vulgus
203 2392 372 2428 prodierunt,
392 2399 479 2427 usque
495 2394 528 2420 ad
549 2394 683 2421 decimum
700 2400 807 2422 sextum
825 2397 877 2424 Ec~

99 2438 188 2465 clesiaa
211 2438 356 2471 satculum,
382 2438 475 2472 paucis
500 2440 680 2474 nequidquam
706 2441 876 2469 reclamanti-

99 2485 157 2515 bus,
186 2484 258 2520 apud
282 2491 376 2510 omttes
403 2483 458 2511 fere
479 2484 602 2511 invaluit.
627 2484 678 2511 Alii
699 2491 714 2511 e
737 2486 876 2512 contrario

98 2530 190 2556 eadem
216 2535 296 2563 opera
326 2536 388 2555 rum
410 2528 493 2556 libros
516 2534 571 2555 tum
591 2530 721 2564 epistolas
748 2530 877 2566 Dionysio

96 2575 265 2609 Areopagitae
291 2576 370 2610 plane
395 2575 556 2610 penitusque
587 2576 755 2611 abjudicant,
791 2584 877 2611 eaque

98 2621 246 2648 adulterina
259 2625 287 2648 et
301 2625 375 2647 tanto
395 2621 451 2648 viro
468 2621 605 2655 supposita
622 2629 682 2649 esse
694 2622 874 2649 arbitrantur.

97 2665 169 2694 Hanc
183 2673 248 2694 vero
269 2666 424 2701 opinionem
446 2675 507 2694 cum
529 2667 603 2694 Valla
617 2672 645 2695 et
666 2668 794 2695 Erasmus
817 2677 876 2696 atu-

97 2713 194 2746 plexati
214 2712 338 2744 fuissent,
354 2713 502 2740 acerrimos
516 2714 635 2740 omnium
653 2714 702 2741 sibi
722 2715 872 2742 adversan-

99 2759 160 2785 tium
176 2759 293 2793 impetus
307 2762 486 2793 exeeperunt.
506 2758 560 2786 Sed
575 2759 593 2786 ii
613 2759 720 2787 demum
735 2760 771 2787 ita
794 2760 872 2788 fracti

98 2808 168 2836 sunt,
190 2809 220 2831 ut
242 2811 313 2839 pene
331 2811 428 2832 omnes
446 2808 500 2831 tam
513 2804 641 2833 Catholici
663 2812 745 2840 quam
764 2806 871 2834 hetero-

131 2878 140 2895 ³
158 2875 255 2905 Homil.
266 2877 296 2910 2,
309 2877 346 2905 De
359 2881 450 2909 diu".

932 2307 990 2326 rum
1006 2308 1119 2328 numero
1140 2303 1293 2336 episcopum
1311 2302 1410 2330 factum
1430 2303 1514 2332 fuisse
1531 2306 1607 2332 aiunt
1624 2307 1634 2322 ³
1649 2315 1656 2333 :
1678 2307 1712 2333 At

929 2353 1040 2380 mugitus
1060 2346 1198 2381 Dionysius
1222 2348 1313 2382 (verba
1335 2355 1399 2376 sunt
1423 2350 1570 2385 Anastasii)
1594 2359 1626 2378 ea;
1652 2353 1712 2379 ritc-

929 2396 1015 2418 torum
1039 2400 1146 2418 numero
1169 2393 1302 2427 episcopus
1330 2395 1429 2427 factus,
1456 2397 1484 2422 in
1509 2396 1630 2430 ulto/iis,
1658 2405 1710 2426 etc.

929 2437 1061 2465 Maximus
1079 2447 1142 2466 vero
1160 2440 1214 2466 ἀπὸ
1234 2441 1366 2476 ρητόρων,
1382 2447 1435 2469 etc.
1460 2443 1538 2477 Atqui
1556 2443 1710 2478 D.onysius,

928 2489 1074 2519 antequam
1087 2485 1114 2512 in
1130 2486 1283 2521 episcopqu
1297 2488 1510 2516 Alexandrinum
1523 2495 1596 2517 esset
1606 2498 1710 2519 assunt-

927 2535 1001 2564 ptus,
1022 2539 1074 2558 tton
1092 2533 1255 2560 rhetoricam
1273 2533 1461 2567 proﬁtebatur,
1483 2542 1530 2562 seu
1555 2537 1710 2565 catechesvs

927 2577 997 2612 apud
1023 2578 1147 2612 populum
1173 2579 1358 2607 Christianum
1387 2580 1513 2608 habebat.
1546 2582 1615 2615 Quid
1644 2590 1709 2618 ergo

926 2623 988 2650 itide
1011 2623 1082 2650 aliud
1103 2624 1221 2660 colligas,
1244 2632 1325 2659 quam
1353 2626 1410 2653 hac
1426 2627 1526 2654 scholia
1554 2630 1707 2663 conscripta

927 2667 1009 2696 fuisse
1028 2677 1042 2696 a
1062 2670 1177 2703 quodam
1196 2670 1315 2703 rhetore,
1341 2670 1449 2697 nomine
1471 2671 1609 2707 Dionysio,
1626 2680 1705 2706 quem

925 2715 1084 2743 Anastasius
1113 2722 1140 2744 ct
1172 2716 1304 2744 Maximus
1333 2718 1515 2752 patriarcltatn
1543 2720 1705 2747 Alexandri—

927 2770 989 2788 num
1012 2769 1071 2790 esse
1091 2763 1159 2791 falso
1183 2764 1307 2791 arbitrati
1330 2764 1509 2800 sunt._Ncque
1530 2773 1594 2793 vero
1611 2767 1636 2793 iu
1654 2766 1705 2793 hoc

926 2811 1029 2833 tantum
1051 2808 1152 2835 crravit
1172 2809 1345 2843 Anastasius;
1370 2818 1432 2838 natn
1459 2816 1487 2838 ut
1501 2817 1598 2839 cancro
1617 2816 1690 2840 lacent

504 2881 514 2897 ’
530 2881 630 2914 Qua'st.
653 2883 687 2909 ad
710 2882 831 2910 Antioch.
870 2883 880 2900 ³
899 2883 977 2911 Tom.
1003 2883 1034 2911 Vl
1058 2884 1126 2911 Bibl.
1144 2883 1268 2920 Patrum,
1289 2893 1350 2922 cap.
1368 2887 1411 2917 12.
