1925 3070
197 173 227 200 l5
765 172 792 199 S.
814 172 1000 202 DlONYSlUS
1019 173 1249 203 AREOPAGlTA.
1796 176 1829 204 ις

196 239 269 263 uitis,
302 231 328 258 in
341 232 435 259 eodem
465 239 548 265 opere
579 233 760 265 Augustulum
801 241 850 268 pro
878 232 1128 270 ChristoAOpera
1158 235 1289 270 Dionysio
1313 235 1484 270 Areapagitae
1506 235 1642 264 attribuit.
1669 235 1739 263 Ante
1765 244 1827 263 cum

196 279 352 313 sanguinem
373 285 451 305 suum
471 278 574 306 fudisse
587 279 702 306 ailirmat
720 289 726 306 ε
746 279 880 312 Facessat,
898 280 985 315 inquit

199 327 268 359 trap.
286 325 324 359 Ι),
348 325 523 360 Augustinus,
544 326 590 360 qui
609 334 657 353 suo
671 328 800 361 sanguine
818 327 844 354 in
867 328 982 362 scriptis,

197 372 262 399 intra
280 372 307 397 in
330 370 435 397 C/trt'slo
457 375 568 397 naturas
582 371 754 406 eonsignavit.
781 372 865 400 Porro
886 381 916 400 ea
938 381 984 400 au-

197 424 301 449 ctorum
325 418 370 452 qui
386 418 518 444 hactenus
533 417 609 444 citati
623 423 697 451 sunt,
708 427 760 453 pro
780 419 900 455 Dionysii
913 419 985 454 0pc-

197 464 271 491 ribus
296 463 462 496 testimonia,
489 463 549 491 ﬁdei
570 470 630 491 sunt
652 465 721 491 adeo
734 465 871 497 sublestae,
892 471 920 492 ιιι
934 466 982 492 do-

195 510 298 537 ctiores
313 509 478 544 scriptorum
501 509 673 545 Areopagita:
688 510 845 538 defensores
866 512 911 538 illa
929 519 982 539 non

195 560 301 583 tantum
325 563 434 591 urgere,
458 556 505 583 sed
536 564 586 584 nec
615 564 767 591 proponere
792 564 898 592 aequum
923 565 984 585 esse

195 603 365 637 putaverint.

231 649 286 677 Nec
312 650 424 683 majoris
453 650 580 685 ponderis
610 654 651 677 est
673 649 747 677 aliud
778 655 982 685 argumentum,

196 696 258 723 inde
283 696 405 727 ductum,
435 697 508 732 quod
533 695 658 724 Clemens
682 696 887 724 Alexandrinus
906 701 933 724 et
956 697 982 723 in

195 743 229 770 iis
249 750 310 778 quae
329 743 363 770 de
378 743 433 770 Deo
446 743 666 778 per'negationes
682 744 872 778 cognoscendo
888 743 982 776 tradit,

193 794 221 816 et
243 789 269 816 iu
286 796 319 816 eo
339 789 410 823 quod
432 789 557 816 homines
572 789 635 816 vitze
656 789 786 823 gnosticze
806 788 924 819 deditos,
950 789 982 815 iis

193 836 239 870 qui
255 836 402 862 auehoram
419 835 505 864 navis,
524 839 554 862 ut
570 835 604 861 ad
617 842 677 862 eam
695 835 840 867 accedant,
859 835 980 866 trahunt,

194 883 373 918 comparavit,
390 882 546 917 Dionysium
569 886 690 910 nostrum
707 882 743 909 sit
759 882 892 909 imitatus.
908 881 980 909 Con-

1037 290 1103 309 vcro
1117 281 1242 315 Ephraam
1259 282 1415 316 patriarcha
1433 281 1632 310 Antiochenus.

1071 326 1152 354 Circa
1177 327 1253 353 initia
1276 326 1367 354 szceuli
1389 327 1498 361 septimi
1519 328 1614 355 eadem
1637 328 1688 355 fuit
1702 329 1828 364 Gregorii

1036 372 1124 408 Magni
1146 372 1279 399 sententia
1304 372 1397 400 homil.
1416 372 1450 399 :54
1472 373 1499 399 in
1517 372 1648 408 Evangel.
1666 373 1755 402 Luae.
1775 375 1828 402 Eo-

1037 419 1097 446 dem
1122 418 1221 446 smculo
1242 423 1270 445 et
1294 418 1476 446 Monotltelitze
1497 418 1628 452 haeretici,
1649 424 1676 447 et
1690 419 1825 448 Catholici

1036 474 1131 493 omnes
1150 466 1209 493 sive
1224 466 1250 492 in
1263 465 1374 500 synodis
1395 465 1573 493 Lateranensi
1591 472 1619 493 et
1631 466 1827 494 Constantino—

1036 512 1155 545 politana
1168 512 1299 547 generali,
1315 512 1372 539 sive
1384 511 1411 538 in
1430 512 1540 547 scriptis
1554 513 1611 540 suis
1625 514 1720 540 eadem
1734 513 1825 549 Opera

1037 558 1169 593 Dionysio
1194 558 1365 592 Areopagita:
1399 559 1521 586 tribuunt
1544 563 1572 585 et
1601 558 1750 586 vindicant.
1786 560 1822 587 Et

1035 604 1145 637 quidem
1159 604 1280 631 haeretici
1295 611 1302 630 :
1316 604 1429 639 Sergius
1444 604 1526 639 epist.
1541 605 1574 631 ad
1590 604 1690 639 Cyrum
1706 605 1826 639 patriar-

1035 651 1114 677 cham
1142 650 1309 683 Alexandr.;
1328 649 1494 677 Themistius
1513 650 1592 684 epist.
1619 651 1652 678 ad
1674 651 1822 680 Marcellio.

1036 697 1172 732 presbyt..
1185 701 1213 725 et
1231 696 1327 731 Steph.
1352 696 1571 727 diac.‘1Catholici
1593 704 1658 724 vero
1675 706 1682 724 :
1702 697 1824 732 Sophro-

1036 744 1098 770 nius
1113 744 1270 778 patriarcha
1285 743 1481 778 Hierosolym.,
1498 743 1579 778 epist.
1593 744 1626 770 ad
1641 744 1735 778 Serg.;
1752 744 1824 779 Aga-

1036 789 1084 816 tho
1100 796 1180 824 papa,
1200 791 1281 824 epist.
1301 790 1334 816 ad
1355 789 1498 816 Constant.
1517 788 1669 823 Pogonat.;
1688 789 1824 816 Maximus

1035 835 1119 863 abbas
1145 840 1173 863 et
1199 840 1321 871 martyr,
1350 835 1377 861 in
1406 835 1529 862 seholiis.
1555 835 1620 862 Item
1650 835 1789 862 Adrianus
1814 836 1824 862 ι

1034 888 1115 916 papa,
1137 882 1218 916 epist.
1235 881 1268 908 ad
1282 880 1374 908 Carol.
1399 880 1489 916 Magn.
1504 888 1555 916 pro
1568 881 1683 916 septima
1703 881 1823 916 synodo.

194 933 234 956 tra
249 929 320 956 enim
338 927 458 955 nonnulli
479 927 732 963 Areopagiticorum
745 928 897 955 adversarii
913 935 979 955 con-
998 926 1018 954 Β
1033 928 1081 955 llis
1100 928 1210 962 adiungi
1227 933 1315 962 potest
1333 927 1494 955 Theodorus
1509 929 1652 962 presbyter
1666 929 1736 962 apud
1751 927 1824 955 Pho-

193 976 307 1002 tendunt
335 982 388 1002 non
413 974 581 1001 Clementem
607 981 639 1001 ex
673 982 739 1001 vero
765 973 905 1010 Dionysio,
931 974 978 1001 sed

192 1020 466 1056 pseudo-Dionysium
491 1027 504 1046 a
527 1020 680 1053 Clemente,
702 1021 747 1054 qui
772 1020 819 1047 illo
839 1020 981 1054 antiquior

190 1071 260 1099 erat,
277 1073 307 1094 ea
323 1073 383 1101 qua).
407 1065 566 1092 referuntur
590 1072 652 1092 suos
680 1066 826 1092 adduxisse
850 1065 876 1092 in
903 1073 978 1092 usus.

191 1113 244 1140 Alii
259 1119 325 1139 vero
343 1117 440 1146 putant
465 1111 522 1139 ﬁeri
547 1111 626 1138 facile
650 1112 771 1145 potuisse
796 1117 825 1138 ut
847 1115 976 1146 uterque,

191 1159 241 1185 etsi
259 1158 326 1185 alter
341 1157 421 1186 alteri
437 1157 548 1184 minime
563 1162 653 1190 notus,
670 1157 742 1184 illam
759 1157 889 1184 anchorae
903 1157 979 1183 navis

191 1209 316 1232 attracta:
338 1204 584 1239 comparationem,
614 1211 675 1238 quae
698 1203 809 1230 cuilibet
831 1204 910 1231 obvia
927 1209 978 1234 est,

191 1251 354 1279 cohibuerit.
378 1251 412 1278 Et
432 1258 463 1278 re
478 1251 586 1285 quidem
604 1251 661 1284 ipsa
683 1250 717 1277 ab
738 1254 853 1285 utroque
874 1249 918 1276 illa
939 1250 981 1277 di-

190 1306 269 1325 verso
300 1298 377 1332 plane
406 1297 556 1324 instituitur
587 1297 685 1329 modo,
711 1301 738 1324 et
762 1297 844 1324 rebus
868 1299 979 1324 omnino

190 1345 306 1372 diversis
325 1344 554 1372 accommodatur.
572 1343 648 1376 Quod
669 1351 733 1370 vero
748 1343 781 1370 de
797 1343 852 1371 Deo
870 1351 919 1378 per
930 1351 978 1371 ue-

189 1393 311 1427 gationes
334 1392 522 1426 cognoscendo
546 1391 672 1423 traditur,
696 1390 721 1417 id
739 1397 791 1417 non
815 1391 905 1417 minus
921 1390 979 1417 vul-

189 1446 254 1474 gare
275 1443 316 1466 est
336 1442 364 1465 et
379 1438 483 1471 tritum,
507 1446 537 1465 ac
555 1437 668 1472 proinde
683 1436 748 1464 illud
763 1436 845 1463 etiam
859 1437 946 1471 potuit
963 1445 977 1463 a

189 1483 296 1509 duobus
312 1482 490 1516 scriptoribus
503 1482 554 1509 sibi
574 1482 691 1509 invicem
715 1481 858 1517 incognitis
875 1483 979 1517 pariter

184 1529 380 1563 aequaliterque
402 1528 504 1557 doceri.
678 1551 683 1559 ι

225 1575 263 1602 De
277 1574 408 1609 Gregorio
434 1575 542 1602 demum
568 1573 752 1606 Nazianzeno.
771 1582 850 1609 quem
871 1583 904 1602 ex
930 1581 978 1601 an-

189 1621 272 1648 ctoris
298 1622 383 1649 nostri
406 1620 540 1656 Operibus
564 1621 665 1655 aliquid
687 1618 834 1648 deﬂorasse
857 1620 976 1648 nonnulli

187 1669 375 1700 arbitrantur.
406 1670 491 1703 major
518 1668 612 1703 procul
644 1668 728 1696 dubio
753 1673 795 1695 est
821 1667 973 1695 difﬁcultas.

188 1716 302 1749 Quidam
316 1716 456 1743 enimvero
469 1716 564 1743 eadem
575 1715 660 1749 Opera
674 1714 795 1750 Dionysii
806 1713 975 1748 Areopagitae

188 1762 271 1790 fetum
293 1769 354 1790 esse
376 1767 517 1798 negantes,
540 1763 659 1789 fatentur
679 1769 710 1788 ea
735 1769 749 1788 a
769 1761 900 1796 Gregorio
920 1760 973 1787 Na-

187 1811 317 1837 zianzeno
343 1809 411 1836 lecta
435 1808 520 1836 fuisse
540 1813 567 1836 et
585 1808 768 1843 pervolutata,
789 1815 821 1835 ac
841 1807 901 1843 ipso
915 1815 976 1835 esse

187 1854 349 1889 antiquiora.
372 1853 426 1881 Sed
442 1853 477 1881 de
504 1854 546 1881 his
570 1853 640 1881 infra
668 1854 847 1888 opportunior
868 1852 975 1880 dabitur

187 1900 338 1928 disserendi
355 1900 438 1928 locus.

494 1968 608 1997 CAPUT
627 1968 672 1997 ιν.

187 2037 351 2064 Palmnrium
373 2038 620 2072 Areopagiticcrum
642 2040 837 2072 argumentum,
853 2042 885 2062 ex
908 2044 972 2063 con-

220 2075 301 2100 stanti
323 2074 442 2114 undecim
461 2072 774 2101 meulorumtradt’tione
782 2073 971 2107 depromptum,

219 2114 389 2143 proponitur.

220 2175 385 2204 Palmarium
405 2175 496 2210 itaque
518 2176 738 2210 praecipuumque
766 2176 970 2211 Areopagitica-

184 2232 243 2250 rum
267 2228 434 2251 momentum
457 2225 520 2252 inde
544 2225 654 2252 ducitur
674 2224 746 2258 quod
772 2231 844 2251 anno
868 2223 920 2250 553
944 2224 970 2251 iu

1034 974 1100 1001 tium
1114 974 1140 1000 in
1152 973 1363 1007 Bibliotlt.,cod.
1378 982 1408 1001 ιι.
1423 973 1555 1007 Quamvis
1567 975 1638 1001 enim
1651 974 1822 1008 incomperta

1031 1023 1067 1049 sit
1082 1021 1155 1048 illius
1170 1027 1248 1053 aetas,
1267 1022 1476 1056 antiquissimus
1493 1026 1584 1048 tamen
1605 1028 1667 1049 esse
1688 1021 1821 1048 creditur.

1067 1068 1172 1096 Stcculo
1194 1073 1301 1100 octavo,
1322 1067 1441 1095 Joannes
1461 1068 1644 1095 Damascenus
1666 1066 1737 1094 lih.i
1768 1066 1820 1093 0r-

1031 1114 1117 1142 tltoxtr
1130 1115 1190 1148 βά..
1208 1122 1268 1149 cap.
1286 1114 1332 1147 15,
1346 1119 1374 1141 et
1386 1114 1434 1140 lil).
1452 1122 1482 1145 Il,
1499 1121 1560 1147 cap.
1576 1113 1607 1145 ὃς
1624 1113 1739 1140 Michael
1755 1114 1823 1148 Syn—

1031 1161 1115 1196 gellus
1125 1161 1249 1188 laudatus
1261 1168 1276 1186 a
1289 1160 1433 1188 Theodoro
1444 1159 1550 1187 Studita
1566 1159 1613 1187 lib.
1624 1168 1656 1192 ll,
1665 1160 1745 1194 epist.
1755 1159 1821 1186 2l3;

1030 1208 1158 1235 Anastas.
1176 1206 1316 1238 Nissenus,
1332 1206 1433 1240 Quam.
1447 1206 1482 1234 52
1493 1211 1521 1233 el.
1532 1206 1576 1234 52.

1066 1253 1172 1280 Saecula
1194 1260 1278 1285 nono,
1299 1252 1428 1280 Nicolaus
1445 1253 1452 1280 Ι
1467 1261 1537 1280 sum.
1567 1253 1661 1287 pontif.
1681 1253 1763 1287 epist.
1785 1252 1820 1279 ad

1034 1299 1158 1327 Michael.
1180 1300 1325 1334 imperat.;
1353 1299 1465 1326 l'hotius
1485 1300 1639 1333 patriarcha
1663 1299 1822 1326 Constanti-

1032 1354 1094 1380 nup.
1125 1346 1151 1373 in
1172 1346 1255 1377 Bibl.,
1280 1345 1340 1373 cotl.
1363 1345 1433 1378 25l;
1454 1345 1596 1372 Hilduiuus
1621 1345 1706 1372 abbas
1724 1345 1818 1372 Sancti

1034 1393 1154 1427 Dionysii
1172 1393 1199 1419 in
1227 1392 1398 1426 Areopagtt.;
1414 1391 1575 1419 llincmarus
1596 1391 1716 1426 archiep.
1729 1393 1826 1423 Rem.

1030 1439 1108 1473 epist.
1124 1439 1157 1465 ad
1172 1437 1265 1466 Carol.
1284 1438 1379 1471 Calv.;
1395 1438 1556 1465 Anastasius
1578 1437 1719 1470 Biblioth.,
1736 1438 1817 1472 epist.

1029 1485 1063 1512 ad
1083 1484 1218 1512 eumdetu.

1066 1530 1170 1557 Sacculo
1187 1529 1303 1560 decimo,
1326 1529 1435 1556 Simeon
1459 1529 1668 1564 Metaphrastes,
1691 1535 1763 1557 orat.
1784 1533 1822 1559 De

1030 1576 1140 1603 dormit.
1170 1575 1301 1610 Deiparze.
1326 1575 1385 1603 Huc
1414 1583 1523 1610 quoque
1547 1576 1676 1603 advocari
1702 1576 1817 1604 forsitan

1030 1625 1143 1655 possunt
1166 1620 1276 1655 quidam
1303 1620 1413 1648 incertat
1433 1621 1523 1648 aetatis
1542 1621 1691 1656 scriptores
1720 1631 1726 1648 :
1743 1622 1819 1649 Elius

1028 1667 1167 1695 Cretensis
1183 1667 1209 1694 in
1225 1671 1297 1694 orat.
1312 1668 1329 1694 Ξ
1344 1668 1432 1694 sancti
1447 1667 1573 1702 Gregorii
1590 1667 1740 1700 Naziauz.;
1761 1668 1818 1695 Au-

1030 1714 1118 1741 touius
1130 1713 1249 1746 Melissa,
1267 1714 1303 1741 lib
1320 1722 1337 1748 I,
1351 1720 1433 1741 serm.
1456 1713 1500 1746 l9,
1514 1717 1544 1740 et
1555 1713 1599 1740 alii
1616 1714 1748 1741 nottuulli.

1063 1760 1169 1788 Satculo
1181 1760 1334 1790 undecimo,
1348 1759 1446 1788 Suidas
1461 1759 1487 1786 iu
1507 1759 1692 1787 Collectaneis.

1061 1806 1166 1833 Satculo
1187 1805 1358 1836 duodecimo.
1384 1805 1547 1841 Euthymius
1573 1804 1726 1839 Zigabeuus
1755 1812 1815 1831 mo-

1026 1852 1128 1879 naehus
1143 1851 1266 1887 Pauopl.,
1280 1852 1323 1878 tit.
1340 1858 1369 1884 Il;
1386 1850 1461 1885 [Iugo
1476 1858 1491 1877 a
1507 1850 1608 1877 Sancto
1622 1849 1741 1881 Victore,
1762 1849 1818 1877 Pe.-

1027 1903 1083 1924 trus
1093 1897 1264 1925 Lombardus
1279 1898 1306 1924 in
1321 1905 1340 1924 ιι
1356 1896 1488 1928 Seruum,
1501 1900 1529 1922 et
1546 1895 1591 1922 alii
1609 1900 1702 1929 postea
1735 1896 1814 1922 theo-

1026 1944 1078 1979 logi
1090 1944 1260 1972 scholastici.

1061 1991 1167 2019 Sxaculo
1189 1992 1294 2019 decimo
1310 1991 1407 2023 tertio,
1423 1989 1591 2023 Nicephorus
1607 1987 1745 2018 Callistus,
1763 1987 1809 2017 lib.

1024 2046 1044 2065 ιι
1062 2037 1164 2065 Hister.
1189 2038 1292 2070 ποίει,
1314 2045 1375 2071 cap.
1389 2035 1424 2062 20
1439 2040 1463 2063 el
1478 2034 1530 2067 2‘2;
1549 2034 1581 2061 D.
1596 2033 1714 2061 Thomas
1729 2034 1811 2068 Aqui-

1024 2092 1073 2112 nas
1104 2085 1130 2111 in
1156 2092 1175 2111 ll
1206 2083 1337 2114 Sentent.,
1359 2083 1421 2109 dist.
1449 2081 1492 2114 10,
1514 2085 1613 2114 quazst.
1635 2080 1661 2111 ί,
1684 2085 1736 2107 art.
1760 2079 1809 2109 12:

1023 2129 1157 2165 Georgius
1173 2129 1378 2164 Paehymerius,
1400 2127 1565 2161 scriptorqu
1589 2125 1708 2161 Dionysii
1731 2132 1811 2159 para-

1023 2176 1158 2210 pltrastes.

1058 2223 1164 2250 haecqu
1179 2222 1286 2250 decimo
1300 2225 1408 2255 quarto,
1421 2221 1581 2249 Theodorus
1592 2219 1770 2248 Prodromus.

183 2269 335 2298 Collatione
356 2270 659 2305 Constantinopolitaua
677 2270 735 2296 haec
750 2268 870 2296 auctoris
886 2269 970 2296 nostri
988 2276 1010 2303 ι)
1056 2269 1161 2297 Saecula
1175 2269 1282 2296 decimo
1297 2268 1404 2303 quinto.
1420 2268 1545 2296 Bessario
1566 2265 1709 2295 cardinal.,
1734 2265 1781 2292 lib.
1798 2273 1807 2292 t

182 2317 270 2351 Opera
282 2317 316 2345 ab
326 2317 472 2352 Acephalis
486 2324 535 2344 seu
549 2316 704 2344 Severiauis
721 2315 857 2343 hmreticis
874 2315 969 2342 adver-

182 2371 230 2392 sus
239 2363 406 2391 orthodoxos
415 2363 536 2398 Dionysii
551 2362 723 2397 Areopagita;
736 2361 844 2388 nomine
853 2361 969 2396 primum

182 2411 276 2440 citata.
301 2408 382 2444 paulo
403 2413 465 2443 post
487 2408 521 2435 ab
546 2407 613 2443 ipsis
632 2406 780 2434 Catholicis
800 2413 850 2441 pro
867 2413 931 2433 vero
943 2410 971 2432 et

181 2456 299 2492 genuino
321 2454 442 2490 ejusdem
468 2454 586 2489 Dionysii
614 2453 669 2480 fetu
693 2458 819 2487 suscepta
842 2455 915 2484 sunt,
937 2459 969 2479 ac

181 2503 291 2530 tandem
318 2509 332 2528 a
356 2501 464 2528 caeteris
488 2500 616 2528 oumibus
641 2498 787 2532 cujuslibet
811 2499 920 2534 generis
941 2503 970 2525 et

179 2549 344 2576 eruditioais
355 2547 534 2582 scriptoribus
550 2546 583 2573 ad
598 2551 719 2572 nostram
735 2544 792 2571 fere
805 2551 890 2578 usque
902 2549 968 2570 atta-

179 2601 233 2623 tem
246 2595 296 2631 ipsi
312 2595 458 2622 vindicata.
475 2593 583 2629 Longos
595 2597 683 2619 autem
696 2593 791 2619 horum
804 2591 967 2625 scriptorum

180 2646 276 2670 texunt
285 2641 440 2676 catalogos',
461 2640 509 2668 sed
535 2638 706 2674 singulorum
721 2636 889 2668 testimonia,
910 2640 966 2662 tum

177 2691 241 2726 quia
257 2688 406 2725 prolixiora
425 2691 502 2719 sunt,
517 2690 574 2713 tum
592 2685 655 2719 quia
677 2684 710 2711 de
727 2690 822 2711 eorum
846 2682 966 2710 auctori-

179 2741 234 2763 tate
249 2735 282 2762 lis
299 2734 373 2761 nulla
390 2738 524 2763 movetur,
542 2732 649 2765 integra
664 2737 718 2758 non
738 2729 894 2761 citabimus,
911 2729 967 2754 siu-

176 2783 302 2817 gulorum
318 2788 417 2809 nomen
432 2785 459 2808 et
476 2780 577 2814 scripta
592 2778 729 2814 appellare
743 2776 875 2804 contenti.

213 2828 279 2855 l’ost
300 2827 482 2855 Collationem
510 2826 604 2860 itaque
631 2823 965 2858 Constantinopolitanam

177 2877 248 2902 circa
265 2875 333 2902 sexti
354 2874 446 2901 saeculi
462 2873 542 2901 finem
563 2873 696 2901 Leontius
706 2871 862 2906 Byzantius,
877 2870 914 2896 lib
932 2877 964 2901 ιι,

176 2927 266 2948 contra
291 2921 400 2949 Nestor.
423 2926 447 2949 et
471 2920 623 2953 Eutucliet.,
645 2923 673 2946 et
697 2918 743 2946 lib.
761 2917 800 2946 De
819 2921 880 2944 sect.
905 2916 963 2944 haac

1022 2315 1127 2349 Defens.
1139 2314 1258 2345 Pictam,
1271 2321 1333 2348 cap.
1347 2314 1381 2346 5;
1396 2313 1538 2349 Dionysius
1549 2312 1722 2340 Carthusian.
1739 2318 1808 2346 pne-

1021 2361 1070 2388 fat.
1084 2362 1111 2388 in
1126 2361 1236 2395 Dionys.
1249 2360 1383 2395 Areopag.

1059 2407 1167 2435 Sweulo
1179 2407 1286 2434 decituo
1306 2406 1526 2439 sexto,Facultas
1548 2403 1702 2439 Tlieologiae
1722 2403 1803 2430 Pari-

1019 2453 1118 2481 siensis
1143 2455 1168 2480 in
1192 2452 1310 2480 comitiis
1328 2452 1486 2479 Sorbouicis
1507 2451 1655 2478 Lutberum
1679 2453 1708 2477 et
1740 2446 1808 2474 Era-

1020 2505 1117 2531 smum,
1127 2498 1223 2526 eadem
1247 2498 1348 2532 scripta
1370 2505 1385 2523 a
1406 2496 1535 2531 Dionysio
1558 2494 1723 2530 Areopagita
1745 2501 1806 2528 pro-

1019 2545 1089 2572 fecta
1103 2552 1163 2572 esse
1177 2548 1316 2579 negantes,
1334 2543 1483 2574 damnavit,
1501 2542 1616 2569 alterum
1630 2547 1703 2567 anno
1724 2539 1807 2570 1520,

1019 2591 1134 2618 alterum
1157 2597 1229 2617 anno
1246 2589 1325 2616 1527.
1349 2588 1487 2616 Posterius
1509 2589 1648 2615 decretum
1662 2587 1761 2622 saepius
1777 2585 1805 2612 iu

1020 2636 1135 2668 Erasmi,
1151 2636 1200 2670 qui
1215 2643 1248 2663 eo
1261 2635 1428 2668 percellitur,
1445 2634 1579 2669 Operibus
1595 2632 1721 2660 oumibus
1742 2638 1807 2666 per-

1018 2683 1157 2718 vulgatum
1172 2686 1227 2714 est,
1242 2685 1269 2708 et
1291 2680 1400 2708 cuilibet
1419 2679 1541 2707 obvium.
1564 2679 1643 2706 Prius
1660 2684 1733 2707 vero.
1749 2683 1805 2710 quo

1017 2727 1154 2755 Lutherus
1174 2726 1366 2762 proscribitur,
1383 2726 1515 2753 hactenus
1532 2723 1675 2755 iueditutu,
1690 2722 1717 2749 in
1734 2722 1803 2749 Sor-

1018 2775 1095 2802 botue
1119 2774 1207 2806 libris,
1232 2780 1266 2801 ex
1291 2772 1389 2807 quibus
1412 2771 1477 2798 illud
1504 2768 1738 2803 transcripsimus.
1761 2766 1804 2793 his

1017 2821 1106 2848 verbis
1120 2820 1275 2854 concipitur
1292 2829 1297 2846 :
1315 2819 1429 2846 Additur
1443 2823 1468 2844 et
1486 2817 1541 2844 lucc
1556 2824 1589 2842 ea;
1604 2815 1670 2841 libro
1686 2814 1718 2840 de
1753 2812 1804 2840 Ca~

1016 2866 1233 2901 ptivlt.Babyion.
1253 2874 1263 2891 ι
1284 2865 1317 2892 In
1332 2865 1470 2900 Dionysio,
1484 2863 1529 2897 qui
1545 2857 1648 2897 scripsit
1660 2861 1691 2886 de
1706 2859 1801 2886 cmlesti

1017 2913 1178 2945 hierarchia,
1201 2911 1266 2939 nihil
1279 2911 1360 2947 {arma
1382 2914 1420 2937 est
1444 2908 1536 2936 solida:
1567 2905 1722 2934 eruditionis
1746 2911 1755 2931 .'
1775 2909 1801 2929 et
