1925 3070
107 159 121 186 1
126 159 144 185 7
755 151 914 182 Ρῆοιεοο
918 152 1018 181 ΜΕΝΑ.
1708 146 1735 174 ﬂ

98 215 188 244 omnia
200 219 262 242 sunt
277 215 351 241 illius
363 213 490 241 meditata
509 213 537 240 in
550 212 661 248 praefato
678 212 756 244 libro.
773 220 803 239 ac
820 220 890 239 tom-
906 214 927 240 Α
943 211 1056 245 poribus
1069 216 1118 237 nec
1134 201 1269 237 incruditil
1281 215 1329 235 nec
1343 207 1475 241 ignobiles
1488 212 1654 235 exstiterunt
1671 207 1730 234 viri.

97 264 151 289 niis
174 269 254 295 prope
274 260 421 287 simillima.
445 259 478 286 In
501 259 644 294 Theologia
667 264 755 286 autem
779 258 892 293 mystica

97 307 340 344 perniciosissimus
364 312 412 338 est,
428 306 606 341 plutonizane,
626 307 710 340 magis
728 314 808 338 quam
822 305 894 331 citri-

98 354 260 382 stianizans.
275 352 308 379 In
319 353 495 380 ecclesiastica
507 361 567 379 vero
587 352 735 379 hierarchia
749 351 816 377 ludit
827 350 893 377 alle-

96 400 194 436 goriia.
205 400 275 434 quod
293 404 331 427 est
345 400 492 426 otiosorum
506 398 641 426 hominum
655 398 782 425 studium.
804 407 812 423 I
830 396 894 423 [hec

95 447 248 481 propositio
262 451 300 473 est
317 446 396 478 falso,
413 447 551 473 temerarie
569 450 593 472 et
607 450 762 479 arroganter
779 449 892 476 asserta,

96 500 131 518 ac
145 492 202 519 viro
211 497 312 524 sancto,
327 492 422 526 insigni
436 492 583 518 eruditione
595 491 678 522 claro,
690 489 802 524 injuria.
815 497 892 524 quem

98 537 282 564 Damascenus
297 537 417 564 diuinum
439 537 644 571 Areopagitam'.
668 535 750 562 Pauli
775 535 894 568 discipu-

98 583 155 609 lum
169 584 337 616 acerrimum,
351 588 376 611 et
392 584 438 610 Dei
451 583 678 618 loquentissimum
693 581 820 616 appellat.

137 631 231 665 Atqui,
263 631 388 665 inquiunt
415 629 616 665 AreOpagitici,
645 628 796 656 verisimile
825 627 892 655 nulli

99 676 149 703 ﬁet
166 682 204 704 tot
220 680 363 711 tantosque
378 683 411 703 ac
425 680 463 703 tot
479 683 528 710 per
539 679 638 703 smeuta
655 675 827 702 doctissimos
846 674 894 701 ho-

99 723 202 756 mines,
239 722 368 753 concilia.
404 729 525 749 summos
555 721 716 756 pontiﬁces,
747 721 893 754 scriptores

99 768 234 800 eruditos,
251 773 304 795 tam
316 775 410 802 parum
423 768 545 795 accurati
558 767 646 795 fuisse
657 766 773 798 criterii,
784 772 811 794 et
819 766 890 793 omni

98 815 295 842 ecclesiasticae
329 814 449 841 historiae
482 814 597 841 scientia
628 814 663 840 ita
698 814 830 845 orbatos;
865 818 893 839 ut

100 861 136 889 de
161 860 277 888 aliorum
301 861 396 887 horum
419 861 585 895 scriptorum
611 860 759 894 qmcrendo
781 864 892 886 auclore

100 916 137 935 ne
150 915 269 942 unquam
292 907 401 941 quidem
425 906 702 942 cogitaverint?Qnis
720 906 745 933 in
767 913 815 933 eos
831 911 892 932 tan-

101 961 159 982 tam
182 954 369 985 oscitantiam,
396 954 584 988 supinitatem,
613 953 765 980 caecitatem
795 953 893 980 cadere

100 1000 225 1034 potuisse
249 999 300 1027 sibi
317 1007 436 1034 unquam
451 999 638 1033 persuadeat?
653 998 704 1025 Tot
719 1006 785 1033 ergo
797 1005 891 1026 aucto-

101 1048 181 1074 ribus
202 1046 325 1078 scientia,
345 1046 487 1081 dignitate,
509 1046 670 1073 auctoritate
692 1046 893 1080 praestantissi-

101 1093 156 1120 mis
170 1092 240 1120 hanc
265 1092 331 1120 tanti
360 1093 462 1120 erroris
488 1097 579 1119 notam
605 1093 713 1119 inurere
737 1091 813 1119 nefas
834 1099 893 1118 ωδε

101 1139 170 1166 nulli
183 1139 261 1173 plane
274 1148 326 1167 non
342 1140 492 1167 videbitur.

414 1197 527 1226 CAPUT
551 1198 584 1225 V.

101 1253 290 1288 Responsiones
314 1256 630 1292 Antiareopagiticorum,
655 1262 678 1283 et
694 1257 827 1292 pra’cipna
849 1266 894 1283 eo-

136 1298 196 1331 rum
214 1292 338 1317 adversus
353 1292 420 1317 lianc
437 1291 605 1318 traditionem
628 1298 783 1327 argumenta
800 1292 890 1319 discu-

138 1331 252 1352 nuntur.

136 1370 189 1404 Qui
209 1371 266 1398 haec
288 1371 389 1406 scripta
407 1378 568 1404 germanum
584 1372 705 1408 Dionysii
721 1374 893 1408 Areopagitae

101 1424 171 1451 opus
186 1424 248 1444 esse
265 1421 374 1451 negant,
396 1417 472 1443 aiunt
494 1425 527 1444 ex
553 1418 740 1453 hujuscemodi
765 1418 892 1446 traditio-

102 1464 184 1490 nibus
206 1468 234 1490 ut
257 1463 358 1498 aliquid
375 1464 442 1490 certi
463 1464 590 1490 concludi
609 1465 711 1498 possit,
735 1468 893 1492 constantes

100 1516 150 1536 eas
164 1516 226 1536 esse
250 1509 350 1536 debere
363 1513 390 1536 et
403 1510 516 1536 omnino
537 1514 693 1544 perpetuas.
713 1510 748 1536 At
764 1510 835 1536 hanc
860 1511 892 1537 de

944 257 991 292 qui
1009 263 1070 284 eam
1090 262 1137 284 aut
1154 256 1263 283 dubiam
1280 262 1341 283 esse
1356 255 1494 287 dixerunt,
1507 259 1554 282 aut
1567 262 1662 283 veram
1676 262 1736 283 esse

945 303 1052 338 penitus
1069 303 1183 330 inﬁciati
1196 307 1268 330 sunt.

981 350 1102 378 Tertium
1122 350 1238 385 denique
1255 355 1442 386 argumentum
1462 357 1494 376 ex
1509 357 1541 376 eo
1557 349 1733 384 depromitur,

944 398 1016 432 quod
1032 405 1061 424 re
1077 397 1210 424 maturius
1225 396 1360 429 discussa,
1378 402 1405 424 et
1417 396 1450 424 ad
1465 396 1611 425 severioris
1626 395 1734 424 critiees

945 452 1068 471 normam
1089 443 1250 478 diligentius
1263 444 1430 475 examinata,
1444 443 1537 478 opinio
1561 442 1605 469 illa
1628 443 1663 470 ab
1677 449 1727 469 om

945 490 1024 518 nibus
1046 490 1104 517 fere
1127 490 1240 523 hujusce
1266 491 1355 518 aetatis
1377 490 1567 525 scriptoribus,
1589 490 1613 517 si
1635 496 1736 524 paucos

946 542 1050 564 tantum
1062 537 1192 572 excipias,
1207 537 1305 571 reiecta
1320 537 1427 564 tandem
1441 541 1468 564 et
1480 536 1589 571 explosa
1605 535 1696 563 fuerit.

979 583 1079 611 Contra
1097 589 1186 611 tamen
1203 584 1387 618 Arcopagitici
1405 591 1454 610 nec
1477 583 1660 611 recentiorum
1679 582 1734 610 cri-

946 630 1073 662 ticorum,
1085 637 1135 657 nec
1149 630 1266 658 aliorum
1283 630 1465 664 quorumdam
1479 629 1664 664 antiquiorum
1674 635 1736 656 sett-

946 676 1069 706 tentiam,
1084 679 1124 703 tot
1139 675 1304 710 scriptorum
1318 684 1332 701 a
1345 683 1375 702 se
1389 676 1535 702 citatorum
1547 675 1651 709 judicio
1667 682 1735 710 pra:-

945 721 1086 748 ferendam
1104 728 1166 749 esse
1182 722 1310 749 clamant.
1324 720 1382 749 Non
1399 721 1547 749 diliitentur
1568 725 1657 748 tamen
1675 721 1736 747 nul-

945 767 998 794 lam
1010 767 1128 803 Operam
1147 768 1264 804 Dionysii
1285 768 1355 802 apud
1370 767 1574 803 antiquissimos
1588 767 1734 801 scriptores

945 814 1002 840 lieri
1017 814 1181 841 mentionem
1197 824 1202 841 :
1219 814 1266 841 sed
1281 819 1472 849 argumentum
1493 812 1558 840 illud
1580 813 1734 847 negativum

945 868 1005 888 esse
1017 861 1121 893 dicunt,
1132 868 1165 888 ac
1176 861 1290 895 proinde
1302 868 1335 887 ex
1351 860 1396 887 illo
1411 860 1478 887 nihil
1489 860 1639 895 quidquam
1653 866 1734 894 posse

945 907 1054 934 conﬁci.

983 954 1081 981 Verum
1103 954 1207 981 instant
1228 954 1391 984 adversarii,
1413 958 1495 988 atque
1509 961 1542 980 ex
1563 953 1615 980 hac
1639 959 1736 979 eorum

945 1000 1117 1028 confessioae
1134 1005 1232 1035 urgent
1257 1000 1331 1027 illam
1356 1004 1396 1027 tot
1418 999 1583 1034 scriptorum
1607 998 1734 1025 traditio-

947 1055 1018 1078 nem.
1033 1055 1093 1082 qua:
1110 1055 1158 1081 per
1180 1048 1231 1074 tria
1253 1048 1342 1080 priora
1363 1046 1492 1074 Ecclesiae
1509 1046 1608 1074 swcula
1627 1045 1734 1080 penitus

945 1093 1047 1126 deﬁcit,
1069 1093 1204 1121 inllrmam
1220 1095 1330 1120 omnino
1350 1101 1420 1124 esse,
1435 1092 1547 1119 fractam
1568 1098 1594 1119 ct
1609 1091 1735 1118 debilita—

947 1144 1012 1167 tam.
1029 1139 1078 1166 Cui
1098 1146 1172 1170 vero,
1195 1139 1333 1174 inquiunt,
1354 1139 1495 1174 probabile
1515 1139 1560 1165 lict
1582 1138 1641 1164 iure
1665 1137 1733 1164 tanti

946 1186 1076 1212 momenti
1096 1186 1218 1221 tantique
1231 1187 1350 1214 auctoris
1365 1186 1466 1220 scripta
1484 1185 1520 1212 ita
1535 1184 1621 1212 fuisse
1639 1184 1736 1219 dcper—

945 1233 1013 1265 dita,
1029 1238 1058 1259 ut
1074 1237 1128 1259 tam
1147 1232 1227 1268 longo
1243 1233 1374 1267 temporis
1387 1232 1476 1267 spatio
1488 1238 1593 1258 Summa
1610 1225 1732 1257 oninium

944 1278 1080 1306 oblivione
1100 1279 1296 1313 sepelirentur?
1315 1278 1460 1305 Enimvero
1484 1277 1510 1304 hi
1536 1276 1598 1303 libri
1624 1275 1657 1302 ad
1681 1274 1730 1302 Ti-

946 1326 1096 1358 motheum,
1119 1333 1173 1360 quo
1193 1332 1240 1353 eos
1265 1332 1325 1352 cum
1342 1325 1404 1352 aliis
1420 1324 1548 1351 omnibus
1570 1323 1735 1351 Christianm

947 1373 1008 1401 ﬁdei
1031 1377 1206 1400 sacramento
1227 1372 1353 1404 initialis,
1374 1371 1606 1402 communicaret,
1629 1371 1663 1396 ab
1687 1377 1735 1396 an-

945 1424 1021 1447 ctore
1036 1419 1111 1446 missi
1127 1423 1200 1446 sunt.
1217 1418 1299 1452 Atqui
1315 1417 1338 1445 si
1355 1425 1399 1444 res
1416 1417 1452 1443 ita
1471 1423 1500 1444 se
1516 1416 1624 1448 habeat,
1641 1414 1735 1442 Timo-

947 1467 1025 1494 theus
1041 1466 1134 1500 procul
1152 1465 1233 1492 dubio
1251 1469 1279 1492 ut
1297 1464 1314 1491 ii
1336 1472 1388 1491 non
1406 1463 1492 1491 solum
1510 1462 1636 1490 fidelibus
1658 1461 1737 1488 Chri-

947 1513 1054 1543 stianis.
1077 1512 1123 1540 sed
1145 1512 1227 1538 etiam
1251 1511 1370 1542 clericis,
1388 1517 1420 1537 ac
1440 1510 1576 1544 praecipue
1598 1508 1736 1542 episcopis

101 1555 212 1588 scriptis
227 1555 296 1588 illis,
321 1555 448 1591 Dionysio
463 1555 635 1590 Areopagitae
662 1555 814 1583 tribuendis
837 1561 892 1584 tra-
908 1560 929 1589 C
947 1560 1120 1587 mitterentur
1137 1557 1367 1591 traderenturqne
1381 1563 1480 1583 curare
1497 1555 1603 1582 debuit.
1618 1555 1651 1582 Hi
1671 1562 1736 1582 vero

102 1602 234 1629 ditionem
253 1609 302 1630 nec
327 1607 500 1630 consmntem
530 1602 614 1629 fuisse
640 1610 690 1630 nec
715 1605 890 1638 perpetuam.

103 1647 190 1675 tribus
212 1649 381 1682 potissimum
407 1649 574 1684 argumentis
599 1649 782 1676 demonstrari
808 1657 889 1684 posse

104 1695 284 1722 contendunt.

140 1739 262 1769 Primum
283 1747 334 1774 est,
348 1743 418 1777 quod
434 1743 491 1770 hac
511 1743 606 1770 eadem
621 1744 732 1778 scripta,
753 1753 814 1780 qua:
829 1753 893 1780 pro-

104 1792 163 1820 pter
175 1787 294 1814 auctoris
308 1795 416 1820 nomen,
428 1793 455 1815 et
468 1796 512 1816 res
523 1796 625 1821 sacras.
638 1796 670 1817 ac
682 1790 760 1824 plane
774 1790 892 1823 divinas,

105 1841 165 1867 qua:
186 1833 212 1860 in
235 1833 276 1860 eis
299 1839 513 1868 pertractantnr,
530 1835 708 1863 celeberrima
730 1844 789 1864 esse
809 1838 892 1864 debe-

106 1879 185 1912 bant,
206 1884 234 1907 et
256 1881 380 1908 omnibus
395 1880 562 1909 Christianis
589 1882 748 1914 notissima,
774 1890 821 1917 per
841 1884 892 1910 tria

107 1929 194 1952 tamen
211 1927 301 1960 priora
319 1926 445 1954 Ecclesire
462 1927 561 1954 saecula
579 1928 644 1955 nulli
660 1928 771 1955 omnino
785 1930 892 1964 cognita

107 1971 231 2004 filerunt,
252 1972 299 1999 svd
314 1972 448 2001 altissimo
473 1975 658 2008 praetermissa
680 1975 802 2017 silentio,
818 1981 890 2004 tene-

105 2017 216 2052 brisque
228 2017 324 2044 obruta
339 2018 518 2046 densissimis.

142 2063 211 2095 Quid
236 2064 324 2097 quod,
342 2063 358 2090 ii
379 2064 425 2098 qui
444 2071 492 2098 per
506 2072 538 2091 ea
565 2069 686 2100 tempora
702 2067 736 2094 de
762 2067 892 2104 Dionysio

106 2109 268 2144 Areopagita
297 2110 398 2144 aliquid
418 2111 556 2138 memoria:
580 2112 744 2139 mandarunt
757 2133 764 2145 ,
783 2114 824 2140 vel
846 2115 891 2149 qui

107 2155 328 2183 accuratissimos
347 2156 510 2190 scriptorum
532 2157 782 2186 ecclesiasticarum
801 2160 892 2187 edide-

108 2205 171 2227 runt
193 2201 342 2235 catalogos.
364 2206 427 2236 puta
449 2202 595 2238 Dionysius
616 2200 787 2236 Corinthius.
807 2205 890 2234 Euse-

108 2248 178 2279 bius,
199 2247 392 2284 Hieronymus,
410 2249 510 2277 nullam
533 2250 574 2277 vel
599 2251 778 2285 epistolarum
795 2253 836 2280 vel
861 2253 892 2280 li-

112 2299 219 2322 brorum
232 2294 291 2328 ejus
305 2296 470 2322 ment'onem
486 2304 603 2330 unquam
617 2297 749 2325 fecerunt.

145 2340 267 2375 Denique
283 2341 299 2368 ii
319 2341 364 2375 qni
379 2349 488 2368 errores
505 2346 533 2369 et
549 2343 666 2370 hatreses
684 2343 727 2370 bis
740 2344 766 2370 in
782 2345 892 2380 scriptis

113 2387 232 2421 explosas
244 2387 395 2420 conl'utant,
409 2388 539 2414 nimirum
554 2388 683 2420 Irenaeus,
697 2389 890 2423 Tertullianus,

113 2433 272 2468 Cyprianus,
295 2439 377 2469 atque
391 2434 452 2466 alii;
468 2434 511 2462 vel
527 2435 571 2469 qui
590 2436 615 2462 in
632 2436 726 2464 iisdem
747 2444 778 2464 ac
794 2442 890 2465 auctor

115 2485 203 2507 uoster
221 2481 389 2513 argumentis
408 2480 464 2507 sive
478 2481 550 2513 ﬁdei,
563 2482 619 2509 sive
636 2482 786 2518 disciplima
800 2484 892 2512 eccle-

115 2526 225 2553 siastica:
242 2526 390 2553 tractandis
405 2527 582 2559 desudarunt.
599 2528 694 2556 nullibi
717 2530 819 2564 scripta
834 2531 892 2565 ejus

116 2571 144 2597 ad
158 2570 218 2598 lites
232 2577 298 2596 suas
317 2570 496 2602 dirimendas,
510 2572 544 2598 ad
561 2571 742 2601 confutandas
762 2574 891 2606 haireses,

119 2617 146 2643 ad
170 2616 312 2643 veritatem
345 2617 522 2644 astruendam
548 2616 735 2645 etiicacissima
760 2624 789 2645 et
813 2619 892 2653 plane

120 2663 275 2696 necessaria,
289 2665 387 2692 citasse
404 2672 522 2699 unquam
538 2665 671 2701 leguntur.

151 2709 304 2737 Secundum
336 2716 430 2737 eorum
469 2714 634 2739 momentum
675 2713 737 2741 inde
775 2713 890 2745 eruitur,

122 2757 186 2789 quod
201 2756 233 2782 iis
247 2756 329 2783 etiam
345 2756 451 2783 szecnlis
462 2757 560 2790 quibus
573 2757 666 2792 opinio
677 2758 711 2785 de
727 2759 770 2786 his
784 2758 892 2793 scriptis

126 2797 244 2835 Dinnysio
263 2799 450 2833 adjudicandis
472 2801 597 2838 invaluit,
619 2802 702 2838 aliqui
722 2803 806 2831 variis
825 2809 892 2831 tem-

187 2889 196 2904 ‘
217 2887 334 2915 Ριύιτνι.
351 2891 377 2915 in
391 2887 510 2922 Dtonqsii
530 2888 624 2922 Opera.

946 1607 1093 1642 praecipere
1113 1605 1275 1637 debuerunt,
1293 1610 1321 1631 ut
1342 1604 1421 1638 juxta
1438 1603 1580 1637 antiquum
1608 1602 1737 1629 Ecclesia:

948 1660 1052 1679 morem
1070 1652 1178 1680 eosdem
1193 1651 1236 1678 vel
1254 1651 1325 1685 apud
1342 1657 1382 1682 se,
1396 1650 1438 1677 vel
1455 1649 1483 1677 ir.
1499 1651 1588 1678 sacris
1603 1649 1738 1677 Ecclesia-

947 1706 1007 1725 rnm
1033 1698 1141 1725 scriniis
1158 1695 1317 1725 asservandi
1342 1696 1606 1724 transcribereutur.
1623 1695 1734 1723 Certum
1766 1728 1768 1731 ι

946 1745 1057 1778 insuper
1073 1745 1179 1771 videtur
1191 1744 1300 1777 aliquod
1313 1750 1408 1776 eorum
1422 1742 1561 1777 exemplar
1575 1752 1588 1769 ιι
1605 1742 1736 1777 Dionysio

945 1790 1004 1824 ipso
1017 1788 1146 1816 Ecclesia:
1160 1797 1216 1816 suae
1235 1788 1396 1815 Atheniensi
1414 1787 1499 1815 fuisse
1513 1788 1649 1816 relictum.
1666 1787 1733 1821 Quis

944 1843 1010 1870 ergo
1032 1835 1199 1862 inﬂeiabitnr
1213 1842 1260 1862 cos
1275 1835 1367 1861 statim
1392 1839 1420 1861 ut
1445 1835 1590 1869 Dionysius
1610 1838 1735 1861 mortuus

944 1885 997 1912 est.
1013 1880 1207 1907 celeberrimos
1225 1886 1286 1906 esse
1302 1879 1440 1912 debuisse,
1462 1883 1489 1906 et
1505 1879 1632 1906 omnibus
1648 1879 1734 1905 notis-

943 1928 1047 1954 simos?

981 1973 1034 2001 Sed
1056 1975 1114 2002 haec
1132 1981 1185 2001 nan
1201 1978 1343 2000 morantur
1357 1973 1566 2007 Pachymerem.
1588 1971 1613 1999 is
1632 1971 1733 2006 quippe

945 2019 1035 2047 nullus
1048 2019 1152 2046 dubitat
1168 2020 1225 2046 haic
1240 2019 1330 2054 Opera
1346 2019 1456 2053 cognita
1471 2018 1554 2045 fuisse
1577 2017 1689 2052 paganis
1705 2022 1734 2044 et

945 2067 979 2093 ab
995 2067 1035 2093 eis
1046 2067 1195 2098 occultata,
1208 2070 1237 2092 ut
1250 2073 1299 2093 suo
1316 2070 1377 2099 post
1391 2065 1447 2092 haec
1463 2065 1571 2092 nomine
1585 2064 1630 2091 illa
1645 2063 1733 2099 publi-

944 2116 1049 2146 carent,
1067 2116 1094 2140 et
1109 2119 1205 2139 eorum
1226 2117 1317 2146 patres
1339 2112 1505 2140 viderentur.
1522 2111 1664 2138 Sciendum
1679 2115 1733 2142 est,

945 2159 1033 2193 inquit
1059 2158 1083 2190 ⁸,
1105 2157 1208 2192 aliquos
1234 2163 1355 2184 externos
1377 2157 1556 2191 philosophos,
1584 2157 1733 2190 prtesertim

948 2205 1082 2237 Proetum,
1094 2204 1357 2238 contemplationibus
1369 2203 1438 2230 beati
1451 2202 1571 2237 Dionysii
1583 2203 1732 2235 frequenter

946 2259 1023 2278 usum
1043 2251 1133 2286 fuisse,
1148 2255 1226 2285 utque
1248 2250 1313 2277 adeo
1336 2251 1414 2276 etiam
1432 2249 1509 2276 meris
1525 2249 1588 2282 ipsis
1608 2248 1732 2275 dictioni—

947 2297 1004 2323 bus.
1018 2294 1085 2323 Inde
1095 2296 1154 2323 licet
1166 2296 1268 2329 opinari
1281 2300 1377 2322 veteres
1388 2295 1555 2329 philosophos
1564 2293 1732 2320 Athenienses
1775 2298 1780 2301 '

945 2344 1028 2376 ipsius
1042 2350 1119 2377 opera
1132 2343 1292 2369 vindicantes
1307 2340 1462 2372 occultasse,
1475 2345 1502 2367 ut
1517 2341 1569 2375 ipsi
1583 2341 1732 2367 divinorum

946 2390 1003 2424 ejus
1017 2389 1144 2416 librorum
1159 2394 1248 2422 putres
1265 2389 1424 2415 viderentur.
1443 2387 1520 2415 Unde
1536 2387 1673 2414 concludit
1685 2394 1732 2414 eos

947 2443 994 2469 per
1008 2435 1087 2461 unius
1101 2441 1127 2461 ct
1141 2435 1254 2462 alterius
1266 2433 1356 2461 saeculi
1371 2433 1488 2468 spatium
1506 2433 1585 2460 facile
1600 2432 1732 2459 abscondi

947 2481 1068 2516 potuisse
1080 2485 1107 2508 et
1122 2481 1262 2508 occultari.

981 2528 1014 2553 At
1030 2527 1135 2554 tametsi
1153 2527 1217 2554 illud
1234 2532 1338 2554 certum
1350 2531 1422 2554 esset
1438 2531 1464 2553 ct
1479 2525 1664 2558 verissimum,
1677 2532 1732 2552 nan

947 2574 1007 2601 inde
1026 2581 1114 2600 tamen
1131 2574 1171 2601 vis
1192 2573 1343 2608 argumenti
1362 2573 1417 2600 ullo
1433 2572 1514 2607 plane
1539 2571 1618 2598 modo
1636 2570 1720 2597 minui

947 2625 1001 2647 tur.
1017 2620 1148 2654 Quamvis
1161 2620 1233 2647 cuitu
1256 2624 1284 2646 et
1302 2619 1467 2654 philosophi,
1482 2622 1565 2653 atque
1580 2618 1662 2645 etiam
1681 2622 1720 2643 ua-

947 2667 1024 2694 relici
1045 2673 1158 2698 omnes,
1183 2665 1254 2700 quod
1279 2666 1324 2692 vis
1347 2665 1455 2699 quidem
1480 2669 1522 2692 est
1543 2664 1684 2695 credibile,
1701 2663 1733 2690 dc

945 2711 1116 2740 occultandis
1139 2710 1260 2745 Dionysii
1276 2709 1409 2744 Operibns
1430 2709 1634 2743 coniurassent,
1647 2707 1689 2734 vel
1707 2707 1731 2732 in

946 2765 1038 2785 eorum
1052 2758 1134 2785 etiam
1150 2757 1355 2791 conspirassent
1370 2756 1588 2786 exstinctionem,
1606 2754 1632 2780 in
1654 2752 1727 2787 plura

948 2809 1037 2832 tamen
1063 2813 1155 2832 eorum
1173 2803 1351 2837 exemplaria,
1371 2810 1430 2836 qua:
1446 2808 1528 2836 penes
1551 2799 1730 2830 Christianos,
