1925 3070
191 164 223 191 i9
744 157 772 184 S.
795 153 980 184 DIONYSIUS
999 151 1226 180 AREOPAGITA.
1777 146 1812 172 20

187 221 307 248 maxime
322 227 387 247 vero
403 220 557 255 episcopos,
578 219 620 246 vel
636 219 663 246 iu
682 219 860 253 quarumdam
883 214 973 242 Ecele-
989 223 1012 249 Α
1027 212 1146 240 secundo
1164 215 1192 238 et
1207 197 1288 237 tertio
1312 208 1410 236 saawlo
1422 204 1598 240 Christianis,
1613 213 1703 240 neque
1716 205 1811 233 eodem

187 269 289 294 siarum
305 267 414 294 scriniis
428 266 533 294 servari
548 265 694 296 debebant,
711 271 762 292 nec
780 262 910 290 invadere
926 268 973 295 po-

188 317 311 343 tuerunt.
334 319 383 340 nec
404 320 434 339 ea
452 312 506 338 illis
520 312 636 346 eripere.
659 311 728 344 Quid
741 310 824 345 quod,
847 316 908 336 cum
926 308 973 335 illa

188 359 288 394 scripta
305 358 402 386 saeculo
416 362 494 385 sexto
510 357 643 392 producta
657 360 732 388 sunt,
746 362 841 383 omnes
857 354 974 382 incredi-

188 404 232 430 bili
247 403 378 438 applausu
394 410 425 430 ea
443 407 617 438 exceperunt,
633 401 740 437 plurimi
755 408 851 436 magno
862 401 972 435 quidem

187 450 391 483 descripserunt
409 449 512 481 labore,
526 456 557 475 ac
570 448 682 482 quidam
695 447 778 475 etiam
798 447 843 474 illa
861 450 887 474 et
903 446 974 473 notis

188 494 360 522 illustrarunt
377 499 405 522 et
419 495 547 522 scliolits?
564 495 620 521 Cur
634 501 699 529 ergo
713 493 835 529 Dionysii
853 497 974 527 tempore

187 539 313 567 eutndem
328 539 486 574 applausum
503 540 673 574 similemque
688 539 898 566 admirationem
918 545 972 565 non

187 584 393 612 excitaverunt?
408 585 463 612 Cur
477 586 568 612 statim
587 591 669 620 atque
683 589 850 619 aspexcrunt
872 583 973 615 lucem,

188 629 261 657 illico
277 630 303 657 in
324 635 415 659 tantas
430 631 607 659 obscuritatis
620 631 738 659 latebras
754 630 867 658 fuerunt
880 637 974 657 antan-

188 677 269 704 data?

225 723 340 756 Quidam
363 723 545 758 Areopagitici
564 723 642 751 aiunt
658 723 703 751 illa
719 723 831 758 quidem
852 723 974 759 aliquan-

188 769 234 796 ditt
249 777 342 804 sparsa
358 770 441 797 fuisse
453 771 479 797 in
495 770 597 804 vulgus,
612 771 658 798 sed
674 771 765 798 ontnia
777 778 872 798 eorum
886 778 975 798 exem-

188 817 274 851 plaria
291 818 325 845 ab
339 817 462 849 Arianis,
485 817 531 851 qui
549 825 614 845 suos
629 817 656 844 in
675 818 709 845 iis
725 825 833 845 errores
849 818 975 844 damnari

188 865 334 900 videbant,
356 867 398 894 vel
424 866 575 900 occultata,
598 867 639 894 vel
658 866 762 894 sublata
782 874 798 893 e
820 867 918 893 medio.
941 866 976 892 At

1026 266 1058 286 ac
1073 258 1135 285 aliis
1150 261 1243 292 postea
1257 255 1370 283 fuerunt
1384 255 1412 281 in
1426 254 1523 289 pretio,
1537 261 1625 288 neque
1636 253 1730 280 eadem
1746 259 1812 280 cura

1025 303 1138 340 perlecti
1153 308 1179 330 et
1198 301 1347 330 asservati?
1367 300 1494 336 Nunquid
1518 299 1560 326 his
1580 298 1738 326 hominibus
1751 302 1814 333 post

1025 355 1067 379 tot
1087 357 1220 377 annorum
1240 352 1268 376 et
1288 348 1407 382 pluriutn
1427 345 1588 374 saeculorum
1609 344 1728 380 spatium
1746 343 1812 371 lacti

1024 401 1088 423 sunt
1101 395 1240 427 clariores,
1257 394 1422 428 maiorisque
1439 392 1568 427 ponderis
1579 397 1606 418 et
1622 388 1815 418 auctoritatis?

1025 445 1104 472 Certe
1119 444 1187 471 liber
1200 443 1237 470 De
1250 442 1399 470 hisrarcltia
1410 440 1598 472 ecclesiastica,
1611 439 1655 466 ubi
1669 438 1814 466 disseritur

1025 489 1059 517 de
1074 489 1254 516 sacramentis
1268 494 1418 522 eorumque
1438 485 1623 517 caeremoniis,
1647 490 1707 519 quas
1721 483 1813 518 quoti-

1026 535 1108 563 diano
1130 540 1209 562 erant
1230 534 1352 566 insusu,
1375 539 1489 568 qumque
1512 530 1640 558 omnibus
1664 529 1814 563 smpissime

1025 581 1240 616 explicabantur,
1256 579 1321 607 ttulli
1337 579 1481 607 obscurior
1495 584 1556 604 esse
1578 575 1712 608 debebat,
1736 578 1812 608 pote-

1026 631 1122 661 ratque
1140 626 1175 653 ab
1187 625 1312 652 omnibus
1326 625 1398 652 haud
1414 623 1559 651 difﬁculter
1573 620 1701 656 intelligi.
1716 619 1813 648 Debuit

1026 679 1090 707 ergo
1109 671 1307 707 antiquissimis
1321 669 1485 698 Christianis
1506 669 1610 696 chartis
1625 673 1699 698 esse,
1716 669 1744 692 et
1766 672 1814 692 eo-

1026 728 1085 747 rum
1101 720 1151 747 teri
1171 719 1312 750 manibus;
1330 721 1411 752 atque
1431 716 1505 743 illius
1529 715 1633 742 idcirco
1648 712 1742 741 debuit
1756 711 1813 739 sal-

1026 770 1080 793 tem
1106 764 1251 800 aliquando
1275 764 1347 799 apud
1373 763 1477 797 primos
1503 761 1633 789 Ecclesiae
1663 759 1814 794 scriptores

1027 812 1085 839 ﬁeri
1102 811 1214 838 mentio.

1062 856 1125 885 Haec
1147 857 1256 892 quidem
1278 863 1339 884 cum
1364 856 1398 882 ab
1422 853 1590 889 aequioribus
1614 851 1814 888 Areopagiticis

188 911 232 938 bis
249 911 351 946 pariter
372 912 518 947 opponitur
539 898 583 940 illa
607 912 702 940 saltem
721 912 887 947 exemplaria
914 919 974 946 qua;
990 912 1012 942 Β
1029 904 1119 939 negari
1136 911 1189 931 non
1208 902 1323 938 possint,
1345 902 1398 929 alio
1419 901 1626 935 responsionem
1646 906 1725 927 suam
1740 898 1812 926 deri-

191 957 261 991 :tpud
277 957 442 985 orthodoxos
462 964 489 984 et
510 958 536 984 itt
560 965 655 985 eorum
677 958 805 986 Ecclesiis
828 957 977 985 servaban-

190 1007 243 1034 tur,
259 1003 292 1030 ab
307 1003 416 1030 Arionis
439 1011 488 1031 nec
510 1004 630 1038 potuisse
652 1004 780 1032 abscondi
797 1012 847 1032 nec
862 1003 975 1031 auferri.

191 1050 223 1077 Et
236 1055 312 1078 certe
328 1058 381 1078 non
398 1052 487 1078 minor
500 1056 559 1079 erat
572 1051 787 1084 Catholicorum.
805 1051 838 1078 ad
861 1058 893 1078 ea
909 1051 977 1078 scri-

191 1101 249 1130 pta,
272 1097 363 1131 quibus
379 1097 536 1124 orthodoxa:
550 1097 674 1125 veritatis
697 1098 901 1129 astruebantur,
920 1104 977 1124 tna-

194 1143 346 1171 niicstanda
361 1143 443 1170 ardor
458 1149 486 1172 et
499 1145 630 1177 studium,
644 1151 723 1178 quam
739 1144 930 1171 haereticorum
944 1143 977 1171 ad

191 1188 287 1216 eadetn
311 1189 444 1217 abolenda
469 1190 624 1218 sollicitudo
645 1194 673 1217 ct
696 1189 819 1216 audacia.
843 1189 929 1220 Adde,
954 1188 977 1215 si

193 1235 269 1267 velis;
292 1235 362 1269 quod
383 1235 478 1263 Ariani
499 1235 612 1270 hujusce
631 1236 743 1267 fraudis,
759 1235 801 1262 vel
818 1236 852 1262 ab
873 1235 907 1262 iis
929 1234 976 1269 qui

190 1285 285 1306 eorum
303 1281 428 1308 haeresnn
445 1281 599 1314 ejurabant,
617 1282 686 1308 vela
700 1281 862 1316 quihusdam
881 1281 978 1308 catho—

192 1325 252 1353 licis
275 1326 457 1360 scriptoribus
475 1327 591 1354 fuissent
609 1328 754 1363 aliquando
771 1327 919 1355 insimulati
936 1333 979 1354 at-

191 1378 243 1405 que
257 1372 338 1399 etiam
354 1374 484 1402 convicti.

227 1417 397 1454 Quapropter
415 1420 459 1446 alii
474 1420 645 1456 Areopagitas
661 1420 817 1449 defensores
834 1421 883 1448 has
901 1420 977 1448 lucu-

191 1464 341 1499 brationes,
369 1471 461 1502 utpote
481 1468 515 1494 de
547 1467 627 1496 rebus
653 1468 818 1496 diliicillimis
832 1472 859 1496 et
875 1468 976 1495 obscu-

193 1511 310 1540 rissimis
325 1517 481 1548 tractatttes,
497 1523 529 1542 ac
543 1514 615 1542 elato
638 1514 800 1549 turgidoque
816 1519 843 1541 et
858 1514 977 1542 obscuro

191 1557 318 1586 eiuratas
343 1559 422 1594 style.
447 1568 460 1586 a
486 1566 538 1588 tam
559 1561 654 1595 paucis
678 1561 763 1588 fuisse
789 1560 977 1596 pervolutatas

1028 955 1106 982 vant,
1130 950 1262 984 aiuntque
1287 950 1313 976 in
1338 952 1460 976 veterqu
1487 951 1629 975 auctorum
1660 952 1736 974 more
1760 951 1815 972 nou

1028 996 1112 1024 fuisse
1135 1000 1166 1023 ut
1189 996 1223 1023 ad
1249 1002 1361 1023 suorum
1391 994 1547 1028 dogmatum
1579 991 1815 1020 conﬁrmationem

1028 1043 1142 1070 aliorum
1168 1041 1324 1069 testimonia
1349 1041 1528 1071 adhiberent,
1546 1038 1597 1065 nisi
1621 1038 1649 1065 id
1675 1038 1814 1065 Itazretico-

1028 1098 1086 1116 rum
1111 1089 1255 1124 pertinacia
1279 1088 1310 1114 ab
1329 1088 1392 1122 ipsis
1407 1090 1592 1120 extorqueret:
1613 1086 1665 1112 imo
1688 1084 1816 1110 adversus

1026 1135 1090 1169 ﬁdei
1111 1136 1197 1162 hostes
1218 1139 1349 1161 certamen
1365 1141 1397 1160 ea:
1412 1132 1476 1159 solis
1493 1132 1644 1159 divinarum
1667 1130 1816 1156 litterarum

1028 1180 1182 1207 testimoniis
1194 1179 1369 1206 instruebant.
1384 1178 1466 1205 Hinc.
1479 1198 1487 1206 .
1500 1198 1506 1204 .
1523 1186 1569 1205 nec
1582 1176 1746 1204 Athanasius
1761 1175 1818 1210 ipse

1030 1226 1141 1253 Patrum
1158 1226 1359 1252 auctoritatibus
1380 1224 1414 1251 ad
1431 1224 1590 1251 Arianorum
1614 1221 1817 1250 debellationem

1029 1282 1092 1302 usus
1108 1278 1157 1305 est,
1174 1278 1228 1300 etc.

1064 1319 1092 1346 Si
1117 1327 1161 1347 res
1182 1319 1218 1346 ita
1242 1326 1271 1346 se
1287 1318 1399 1351 habeat,
1417 1321 1514 1353 urgent
1529 1324 1622 1344 eorum
1647 1315 1816 1346 adversarii,

1029 1366 1152 1402 profecto
1173 1365 1319 1400 Dionysius
1342 1363 1505 1398 Areopagita
1526 1362 1645 1398 Operutn
1658 1382 1665 1395 ,
1690 1369 1750 1396 qua:
1777 1361 1817 1388 illi

1029 1413 1192 1442 tribuuntur,
1217 1415 1314 1438 auctor
1338 1409 1391 1437 dici
1416 1417 1468 1436 non
1489 1413 1587 1444 potest.
1607 1408 1652 1435 lll-e
1676 1407 1815 1442 siquidem

1029 1467 1081 1487 non
1105 1457 1190 1486 solum
1207 1457 1284 1492 plura
1301 1455 1420 1491 magistri
1434 1455 1475 1482 sui
1492 1455 1642 1489 fragmenta
1658 1453 1814 1488 descripsit,

1030 1505 1078 1534 sed
1092 1505 1208 1532 aliorum
1224 1504 1304 1530 etiam
1319 1503 1385 1529 citat
1402 1501 1603 1532 auctoritatem,
1619 1500 1770 1527 sententias
1785 1504 1814 1526 et

1030 1551 1123 1584 verba,
1140 1555 1204 1586 puta
1226 1549 1332 1584 lgnatii,
1353 1547 1434 1581 Iusti,
1450 1546 1652 1578 Bartltolomati,
1670 1546 1818 1574 Clementis

192 1603 340 1637 nilirtnanl,
358 1592 386 1632 tit
404 1606 458 1633 cito
482 1592 589 1642 longam
612 1607 736 1635 venerint
750 1592 976 1635 in‘oblivionem.
992 1594 1012 1624 C
1031 1598 1199 1634 Philosophia
1222 1603 1271 1623 “ec
1293 1603 1346 1623 "0“
1363 1595 1442 1629 carpi
1465 1594 1609 1621 ViSionem-
1630 1592 1700 1626 Quid
1722 1592 1821 1627 Plu"?

193 1649 247 1677 Sed
263 1650 305 1677 illa
326 1653 465 1686 responsio
482 1652 547 1686 ipsis
563 1654 684 1680 auctoris
701 1654 787 1681 nostri
807 1654 900 1682 verbis
918 1654 980 1681 fun-

193 1697 265 1724 ditus
287 1699 371 1725 everti
395 1699 530 1734 arguitur.
547 1699 594 1727 llle
610 1708 728 1735 namque
744 1705 839 1734 aperte
855 1700 978 1728 declarat

193 1751 222 1771 se
245 1752 322 1771 suum
345 1743 384 1771 De
401 1745 496 1772 diuinis
518 1747 666 1774 nominibus
690 1747 804 1780 librum,
824 1747 852 1774 iu
869 1754 924 1781 quo
947 1747 980 1774 de

194 1787 276 1815 rebus
290 1789 493 1817 sublimioribus
504 1796 531 1817 ct
550 1790 747 1819 diﬂicilioribus
762 1793 891 1827 disputat,
909 1792 980 1828 ston

194 1834 355 1870 simpliciori
383 1836 548 1871 clariorique
571 1837 769 1871 conscripsisse
791 1843 822 1865 ut
843 1845 874 1866 ea
901 1838 980 1866 Chri-

194 1881 299 1908 stianos
322 1881 411 1909 minus
429 1882 565 1917 perfectos
588 1884 714 1916 doceret,
737 1892 797 1919 quae
821 1885 982 1913 Timotheus

195 1927 414 1961 perl'ectioribus,
426 1934 454 1956 et
471 1929 504 1956 iis
520 1931 566 1963 qui
583 1930 743 1958 sublimiora
758 1933 881 1966 capiunt,
897 1932 981 1960 tradi-

193 1973 270 1999 derat
293 1982 299 1999 :
319 1973 494 2008 Quapropter,
517 1976 606 2010 inquit
632 1977 676 2004 ille
689 1977 722 2010 “,
748 1987 794 2005 nos
815 1987 916 2014 quoque
936 1987 981 2006 seu

193 2019 369 2052 perfecturum
385 2021 559 2056 seniliumque
578 2031 703 2050 sensuum
721 2025 894 2059 magistrum,
915 2025 981 2052 alte-

195 2072 288 2098 rusque
312 2066 468 2100 scripturas.
487 2075 545 2101 qui:
566 2067 692 2096 divinitus
717 2069 865 2105 aﬂlatorunt
882 2071 981 2104 scripta

194 2111 312 2143 proxime
337 2117 523 2146 assequuntur,
546 2114 580 2140 iis
602 2116 646 2148 qui
671 2114 827 2141 sublimiora
853 2116 980 2149 capiunt,

193 2155 268 2181 illum
292 2157 458 2190 assignnmus
470 2165 479 2183 :
501 2166 546 2184 nos
561 2167 620 2185 uero
641 2160 723 2185 nostri
740 2159 871 2186 similibus
884 2161 919 2187 ad
937 2169 981 2187 ca-

193 2203 267 2233 ptum
292 2206 410 2228 nostrum
431 2210 470 2229 res
486 2203 588 2230 divinas
609 2205 808 2238 explanavimus
820 2225 827 2232 .
839 2226 846 2232 .
857 2225 863 2232 .
881 2214 981 2233 sermo-

195 2255 258 2273 nnm
286 2255 344 2274 vero
375 2248 645 2281 introductoriarum,
673 2259 719 2278 seu
748 2251 883 2286 inferioris
912 2258 980 2280 noue

194 2293 331 2320 scientiam
345 2302 375 2320 ac
394 2295 562 2330 disciplinam
582 2297 759 2328 initiantibus,
773 2302 851 2332 atque
867 2298 980 2326 initiatis

193 2339 375 2365 convenire...
390 2348 422 2366 ne
436 2348 483 2374 pro
504 2340 610 2367 ntodulo
627 2346 714 2368 nostra
730 2341 805 2374 illos,
819 2342 913 2377 quibus
937 2351 982 2369 su-

194 2384 316 2412 blimiora
336 2386 410 2412 nobis
425 2387 616 2421 contemplandi
633 2387 747 2421 facultas
767 2389 849 2422 deest,
866 2390 980 2416 admini-

193 2431 254 2457 culo
274 2431 413 2458 destitutos
436 2437 595 2467 pateremur,
612 2434 646 2460 ad
670 2435 836 2461 scribendum
862 2436 981 2462 animum

193 2477 355 2510 appulimus.
374 2477 466 2511 Longe
481 2486 546 2512 ergo
567 2487 581 2505 a
603 2487 686 2514 scopo
703 2480 748 2508 ille
773 2481 939 2514 aberrasset,
956 2482 980 2508 si

195 2524 328 2550 cothurno
352 2525 465 2559 tragico,
487 2531 516 2552 ut
534 2526 681 2559 opinantur
698 2527 894 2562 Arcopagitici,
921 2536 980 2554 ant-

194 2570 327 2605 pullisque
352 2575 379 2598 et
404 2571 494 2598 verbis
517 2572 549 2598 ad
575 2579 700 2607 pompam
725 2573 821 2601 etiis-tis
849 2574 982 2608 turgidior

193 2617 253 2650 ejus
271 2616 372 2648 oratio,
394 2617 522 2644 omnibus
537 2617 573 2643 ita
589 2617 704 2645 diiiicilis
720 2624 794 2646 esset
810 2624 838 2646 et
853 2620 982 2654 obscura,

195 2667 224 2689 nt
241 2671 255 2688 ιι
281 2662 411 2689 librurunt
429 2662 488 2696 ejus
510 2663 627 2691 lectione
654 2664 770 2692 fuissent
796 2665 913 2699 quilibet
933 2666 981 2693 de-

197 2709 292 2736 territi.

229 2755 362 2782 Caeterum
388 2756 565 2790 quantumvis
589 2756 659 2783 elata
682 2761 710 2784 et
733 2756 850 2785 diliicilis
872 2757 908 2785 sit
931 2765 981 2784 au-

195 2800 278 2827 ctoris
300 2801 384 2828 nostri
408 2800 512 2833 oratio,
536 2809 586 2828 cur
608 2802 667 2836 ejus
693 2802 754 2830 libri
781 2802 982 2838 antiquioribus

242 2888 252 2904 ⁴
280 2888 313 2914 1).)
337 2890 417 2916 divin.
434 2891 543 2924 κωπίω,
572 2898 629 2926 cap.
644 2890 669 2922 5,
688 2890 701 2926 ᾗ
722 2891 748 2918 ‘2.

1030 1645 1153 1673 Aliorum
1169 1644 1252 1671 etiam
1276 1642 1418 1678 opiniones
1442 1641 1544 1672 refert,
1568 1648 1599 1667 ac
1621 1647 1667 1667 eas
1688 1645 1756 1670 quas
1772 1646 1819 1666 ve-

1031 1694 1117 1720 riores
1132 1698 1193 1719 esse
1207 1694 1292 1724 putat,
1310 1689 1366 1724 ipse
1381 1688 1569 1722 amplectitur.

1065 1740 1198 1767 Praeterea
1218 1740 1320 1767 autem,
1333 1742 1382 1762 cur
1399 1733 1529 1765 lrenmus,
1545 1731 1741 1764 Tertullianus,
1758 1730 1817 1757 alii-

1030 1795 1083 1821 que
1105 1786 1199 1813 Patres
1225 1783 1310 1811 vaaiis
1336 1781 1454 1816 Dionysii
1479 1779 1668 1814 Areopagitae,
1695 1779 1766 1806 sicut
1790 1783 1820 1806 ct

1031 1833 1145 1859 aliorum
1169 1832 1341 1859 decesserunt
1364 1835 1475 1855 suorum
1494 1826 1657 1854 testimoniis
1680 1825 1816 1853 adversus

1032 1878 1073 1906 sui
1089 1878 1218 1912 temporis
1233 1877 1375 1905 ltzereticos
1389 1882 1448 1903 non
1471 1872 1606 1900 utuntur?
1620 1871 1747 1906 Nunquid
1763 1871 1820 1898 bte-

1033 1925 1180 1952 reticorum
1199 1923 1353 1958 pervicacia
1376 1923 1433 1950 haec
1447 1919 1639 1957 posteriorqu
1663 1917 1819 1945 testituoaia

1032 1970 1118 2006 magis
1131 1977 1213 2005 quam
1226 1970 1392 2005 Dionysiaua
1405 1969 1439 1996 ab
1453 1966 1520 2003 ipsis
1531 1963 1732 1999 extorquebat?
1746 1962 1820 1989 Nun-

1031 2017 1095 2051 quid
1112 2017 1145 2044 ad
1159 2024 1207 2043 eos
1223 2016 1401 2043 confutandos
1416 2015 1506 2042 minus
1526 2011 1656 2049 ponderis
1669 2014 1716 2037 aut
1730 2009 1820 2037 edica-

1032 2063 1122 2091 citatis
1138 2062 1255 2090 habebat
1268 2062 1390 2097 Dionysii
1406 2061 1576 2096 Areopagitae
1598 2067 1680 2095 quam
1703 2056 1818 2086 aliarum

1033 2108 1203 2136 auctoritas?

1338 2164 1452 2193 CAPUT
1472 2165 1516 2192 Vl.

1033 2213 1111 2240 Aliud
1127 2212 1431 2245 Antiareopagiticontm
1449 2215 1642 2245 argumentum,
1662 2218 1694 2237 ea:
1710 2209 1819 2236 Eusebii

1102 2254 1126 2275 et
1143 2247 1298 2281 Hieronymi
1313 2246 1416 2273 silentio
1431 2248 1553 2280 petitum,
1567 2246 1746 2272 nominatur.

1067 2294 1123 2321 Sed
1154 2300 1220 2328 age,
1245 2298 1328 2325 atque
1357 2291 1613 2327 Areopagiticorum
1647 2291 1820 2319 adversarios

1033 2345 1127 2367 contra
1153 2339 1318 2374 propositam
1337 2345 1432 2365 eorum
1462 2338 1636 2365 traditionem
1654 2337 1745 2364 acrius
1769 2344 1818 2364 ur-

1033 2390 1127 2421 gentes
1146 2385 1300 2412 audiamus.
1318 2384 1416 2412 Dicunt
1438 2385 1529 2419 itaque
1554 2384 1656 2418 scripta
1680 2383 1817 2418 Dionysii,

1033 2431 1157 2466 quamvis
1173 2431 1300 2458 omnibus
1320 2431 1382 2458 aliis
1401 2430 1582 2465 scriptoribus
1607 2429 1723 2456 fuissent
1743 2430 1823 2455 inco-

1034 2479 1117 2512 gnita,
1142 2485 1196 2505 tton
1212 2477 1333 2512 potuisse
1355 2481 1443 2503 tamen
1467 2483 1600 2503 summam
1624 2475 1751 2506 Eusebii,
1772 2475 1818 2508 qui

1035 2529 1074 2552 tot
1103 2524 1330 2551 bibliothecarum
1355 2527 1382 2549 et
1414 2522 1619 2554 Ecclesiarunt,
1648 2521 1821 2554 maximeque

1035 2571 1221 2601 Atheniensis,
1243 2570 1287 2596 ubi
1304 2576 1409 2608 summa
1431 2576 1495 2595 cura
1514 2568 1650 2595 asservari
1672 2567 1819 2600 debebant,

1034 2617 1134 2645 scrinia
1153 2616 1382 2650 perlustraverat,
1402 2618 1430 2641 et
1443 2614 1488 2648 qui
1508 2613 1534 2640 in
1555 2612 1726 2647 inquirendis
1749 2611 1820 2637 anti-

1035 2665 1160 2699 quiortttn
1185 2662 1320 2698 Operibus
1335 2661 1399 2688 nulli
1417 2665 1578 2696 pepercerat
1590 2659 1689 2689 labori.
1705 2658 1821 2692 diligen-

1035 2712 1099 2738 tiam
1119 2710 1225 2746 i'ugcre.
1246 2709 1328 2743 Atqui
1351 2709 1444 2736 omnia
1461 2707 1583 2734 auctoris
1606 2706 1693 2733 nostri
1720 2705 1820 2738 scripta

1034 2757 1149 2785 Eusebio
1169 2761 1232 2784 nota
1255 2764 1309 2783 non
1333 2755 1417 2782 fuisse
1439 2754 1502 2781 inde
1522 2756 1609 2788 patet,
1630 2751 1703 2786 quod
1727 2758 1819 2778 eorum

1035 2803 1128 2831 nullibi
1145 2810 1263 2837 unquam
1281 2802 1447 2830 mentionem
1465 2799 1570 2828 fecerit.
