1925 3070
201 166 236 194 εὖ
767 167 794 195 S.
816 166 894 194 DION
900 166 1001 194 YSIUS
1019 165 1249 194 AREOPAGlTA.
1787 166 1822 193 ει

200 227 261 253 rilto
277 227 310 252 de
324 226 544 253 consubstantiali
570 225 700 252 Trinitatc
722 226 812 252 eadem
838 225 986 252 testimonia
1001 228 1024 255 Α
1040 229 1181 250 auctorum
1199 223 1310 250 traditio
1326 231 1375 250 nec
1389 227 1516 257 perpetua
1530 229 1583 255 est,
1608 231 1657 252 nec
1673 229 1820 255 constans;

199 270 350 298 oratuiiuet
362 271 488 298 adversus
501 271 559 297 Arii
574 271 683 298 diversa
694 270 850 297 substantia
864 269 987 304 blasphe-

200 320 278 344 mial.
293 316 324 344 Si
336 321 423 344 autem
436 317 524 344 nullus
537 324 569 343 ea;
590 317 706 351 antiquis
722 317 877 343 recordatus
889 319 927 342 est
943 323 985 348 ea,

200 363 269 389 unde
284 371 354 389 nunc
367 363 475 398 potestis
487 363 622 390 ostendere
635 363 698 398 quia
712 363 785 389 illius
800 363 862 393 sint,
887 363 984 388 nescio.

200 408 237 434 lix
255 408 410 444 bisllypatii
430 410 531 438 verbis.
549 409 751 436 Catholicorum
770 409 879 435 nomine
894 408 985 442 prola-

200 455 246 484 tis.
265 454 319 482 duo
333 454 505 488 colliguntur.
528 454 648 481 Primum
665 455 773 488 quidem
797 453 897 480 nullam
914 453 985 488 apud

199 502 327 535 antiquos
341 502 438 530 horum
454 501 571 536 Oprrum
592 502 691 530 factam
705 502 879 529 mentionem.
896 501 986 535 Atque

201 554 234 573 ex
251 546 296 573 illa
312 554 378 575 sane
395 547 495 582 Hipatii
520 547 685 574 auctoritate
707 547 792 582 priori
812 551 983 581 argumento,

199 600 232 619 ex
252 592 360 620 silentio
373 594 557 628 antiquiorum
570 593 672 624 petito,
695 601 748 620 non
772 600 866 628 parum
881 592 986 620 accedit

201 638 308 666 roboris
323 643 351 666 et
366 639 541 667 ﬁrmamenti.
558 639 713 667 Secundum
729 647 805 670 vero.
819 640 892 666 viros
907 644 985 666 sexto

200 684 299 711 saeculo
322 685 501 718 peritissimos
533 686 559 712 in
592 693 624 712 ea
654 686 738 712 fuisse
771 685 898 719 opinione
928 685 985 712 ha-c

199 726 288 760 Opera
303 727 455 755 adulterina
473 736 546 762 esse,
562 735 590 757 et
602 729 670 757 falso
684 729 804 765 Dionysii
816 730 985 765 Areopagitae

199 775 309 802 nomine
324 775 466 808 inscripta.

234 819 340 847 Smculo
355 821 479 853 sequenti
500 821 576 848 divus
591 822 741 853 Maximus,
766 823 916 850 acerrimus
937 831 984 850 eo-

200 866 324 892 rumdetn
340 863 458 900 Operum
483 866 621 899 defensor,
648 867 751 894 fatetur
776 867 820 894 illa
840 875 854 894 ιι
872 869 984 902 quibus-

199 911 262 938 dam
277 910 437 945 Apollinari,
454 912 488 939 ab
504 912 564 939 aliis
584 912 713 947 Dionysio
738 913 925 941 Alexandrino
940 920 982 941 at-
1001 907 1020 936 Β

198 956 289 985 tribui.

232 1003 338 1031 Szeculo
361 1011 431 1033 nono
454 1003 614 1032 Theodorus
637 1004 789 1040 presbyter,
821 1011 889 1034 teste
911 1007 980 1034 Pho-

197 1049 234 1077 tio
248 1049 271 1083 ',
287 1049 385 1078 librum
404 1057 457 1085 quo
481 1051 576 1078 eadem
590 1050 678 1085 Opera
698 1051 843 1086 genuinum
862 1053 982 1088 Dionysii

196 1096 282 1124 fetum
299 1104 360 1124 esse
372 1098 513 1131 probaret,
530 1099 707 1133 conscripsit.
724 1099 777 1125 Sed
794 1107 854 1130 cur,
872 1101 981 1132 amabo,

195 1142 229 1170 ad
252 1150 284 1170 ea
309 1142 438 1179 Dionysio
458 1145 606 1172 asserenda
631 1145 730 1179 stylum
759 1146 906 1177 convertit,
930 1146 981 1172 nisi

195 1188 260 1223 quia
277 1189 310 1216 de
326 1189 379 1217 illis
404 1189 474 1217 inter
500 1190 620 1218 eruditos
646 1192 760 1225 quwstio
788 1196 847 1218 erat
869 1197 896 1219 et
916 1200 983 1220 con-

196 1234 350 1262 troversia?
371 1235 434 1269 quid
463 1242 527 1263 vero
555 1236 627 1269 quod
656 1236 769 1264 Photius
793 1238 852 1271 ipse
874 1245 906 1265 ex
931 1239 983 1266 hoc

195 1280 267 1308 libro
282 1285 399 1315 quatuor
412 1285 517 1308 tantum
533 1282 680 1316 descripsit
698 1290 870 1318 argumenta,
884 1285 983 1319 quibus

195 1326 369 1360 potissimum
384 1326 428 1353 illa
443 1325 531 1361 Opera
549 1328 679 1364 Dionysio
695 1330 836 1364 supposita
858 1337 919 1359 esse
934 1331 984 1359 de-

197 1370 439 1398 monstrabantur?
459 1370 524 1398 inde
546 1373 621 1400 enim
645 1374 753 1408 quidam
773 1373 892 1404 inferunt
909 1375 981 1404 Pho-

196 1416 264 1443 tium
278 1415 366 1450 ipsum
383 1417 470 1444 eidem
487 1418 629 1445 sententia:
640 1419 845 1456 subscripsisse.
863 1423 897 1451 Et
908 1429 982 1452 certe

195 1462 359 1491 Possevinus
371 1464 393 1497 ',
414 1464 468 1492 iste
481 1465 736 1500 Areopagiticon
756 1476 888 1505 assertor,
904 1471 938 1500 de
950 1480 982 1500 ea

195 1510 284 1539 Photii
302 1511 429 1545 opinione
444 1512 483 1539 sic
501 1517 660 1547 pronuntiat
677 1526 684 1543 :
705 1516 791 1552 Opera
806 1518 838 1544 Β.
862 1518 982 1554 Dionysii

195 1565 224 1587 ut
239 1559 465 1595 puualepigraplta
480 1559 601 1589 sidentur
615 1563 647 1589 ab
663 1571 692 1589 eo
708 1564 803 1591 notari.

235 1615 356 1651 Denique
377 1618 476 1646 saeculo
500 1619 605 1646 decimo
630 1618 725 1653 quinto
743 1624 772 1646 et
792 1620 981 1653 sequentibus,

196 1663 242 1691 ubi
259 1664 316 1694 btt't.
334 1667 449 1701 quaestio
473 1666 628 1701 diligentius
657 1666 753 1700 agitari
778 1667 871 1701 cmpit,
894 1667 982 1694 critici

196 1709 347 1746 doctiores,
361 1712 532 1746 paucissimis
555 1717 659 1739 tantum
675 1713 806 1748 exceptis,
820 1713 911 1739 omnia
926 1714 982 1740 hinc

197 1757 285 1793 Opera
304 1758 433 1793 Dionysio
447 1758 617 1794 Areopagitas
632 1759 711 1793 plane
726 1760 887 1794 penitusqtie
905 1759 983 1794 abju-

195 1804 332 1831 dicarunt.

231 1849 281 1877 His
305 1851 433 1877 omnibus
453 1850 606 1878 reclamant
632 1851 826 1885 Areopagitici,
853 1851 983 1885 aiuntque

195 1895 282 1931 Opera
314 1896 435 1932 Dionysii
458 1897 485 1924 in
513 1897 663 1924 (Iollatione
681 1897 982 1931 Constantinopolitana

197 1942 280 1980 inisse
298 1942 415 1977 primum
438 1942 547 1976 quidem
572 1942 729 1976 repudiata;
754 1942 800 1969 scd
825 1941 870 1968 ubi
886 1941 982 1968 Patres

196 1995 253 2014 rem
280 1988 473 2015 examinarunt
496 1988 640 2021 maturius,
662 1987 708 2014 illa
734 1988 828 2015 eadem
853 1992 981 2022 tanquam

195 2040 260 2061 vera
275 2038 303 2060 et
314 2041 442 2068 germana
465 2033 532 2060 tanti
557 2033 609 2060 viri
630 2034 731 2068 scrip’a
758 2034 889 2060 ambabus
911 2033 982 2059 ulnis

195 2079 342 2114 amplexati
358 2084 434 2107 sunt.
449 2079 525 2113 Quod
550 2080 582 2106 ad
604 2085 719 2107 czeteros
734 2080 841 2111 attinet,
860 2080 876 2106 ii
896 2084 980 2111 certe,

195 2125 328 2161 inquiunt,
350 2126 506 2160 paucissimi
532 2134 580 2160 per
596 2130 633 2152 tot
656 2126 817 2153 saeculorum
840 2126 981 2152 intervalla

194 2177 359 2204 occurrunt;
386 2179 436 2199 nec
451 2172 488 2199 illi
505 2172 598 2206 procul
621 2172 703 2199 dubio
717 2179 780 2198 eum
796 2176 835 2198 tot
852 2171 984 2198 concilio-

197 2225 255 2244 rum
278 2222 307 2245 et
332 2218 461 2244 Sorbonae
489 2218 623 2250 decretis,
652 2217 767 2243 summis
795 2216 982 2250 pontiﬁcibus,

196 2263 322 2291 Patribus
350 2264 467 2298 aliisque
494 2263 694 2297 scriptoribus,
720 2263 766 2295 qui
793 2263 850 2289 htec
880 2262 981 2296 scripta

197 2309 325 2345 Dionysio
352 2309 509 2343 adjudicant
538 2309 579 2336 vel
599 2315 724 2340 numero,
750 2307 793 2334 vel
817 2308 980 2340 eruditione,

195 2356 414 2384 velauctoritate
431 2355 619 2390 comparandi,
647 2355 731 2381 multo
756 2354 845 2380 minus
868 2359 981 2388 antepo-

196 2401 276 2430 néndi
290 2401 427 2429 videntur.
457 2400 534 2433 Quod
549 2401 571 2426 si
597 2404 623 2426 et
645 2406 764 2426 summos
783 2398 940 2432 pontifices,
954 2404 981 2425 et

195 2447 324 2476 Ecclesiae
347 2447 460 2479 Patres,
480 2448 601 2482 aliosque
624 2453 719 2473 otnnes
742 2450 769 2472 ct
794 2445 927 2472 excitatis
955 2452 982 2472 et

194 2493 297 2522 erroris
319 2501 436 2529 arguere
459 2494 570 2524 audeas,
603 2491 691 2520 noime
715 2497 827 2527 praestat
855 2501 916 2520 cum
942 2498 981 2520 tot

196 2539 334 2575 tantisque
349 2540 415 2568 viris
433 2541 459 2568 in
476 2548 609 2572 errorem,
629 2540 651 2567 si
666 2541 701 2566 ita
716 2540 788 2574 loqui
809 2540 850 2567 fas
865 2544 918 2571 est,
940 2539 981 2566 in-

194 2585 270 2619 duci,
281 2593 363 2621 quam
382 2587 561 2621 quorumdam
577 2586 745 2617 criticorum,
762 2586 875 2612 forsitan
895 2585 979 2612 auda-

194 2631 312 2665 βίοι-ατη,
324 2633 481 2667 opiniouem
495 2633 601 2660 illorum
618 2632 747 2665 prazferre
763 2632 886 2666 judicio?

230 2677 335 2707 Instant
350 2684 440 2707 tamen
453 2680 573 2707 adverse
596 2679 682 2713 partis
708 2683 856 2706 sectatores
872 2684 980 2705 onmem

195 2723 275 2760 hujus
287 2725 484 2759 responsionis.
505 2725 704 2759 quantmnlibet
730 2724 858 2758 ponderis
881 2722 982 2749 habere

195 2771 330 2803 videatur,
357 2771 410 2797 vim
436 2762 571 2804 roburque
583 2770 681 2804 duplici
706 2777 739 2796 ex
760 2776 846 2797 causa
871 2768 982 2795 omnino

196 2816 283 2850 frangi
305 2821 332 2844 et
357 2816 505 2844 debilitari.
530 2815 622 2843 Primo
639 2816 747 2850 quidem
772 2815 850 2849 .quia
873 2815 979 2849 objecta

220 2907 242 2928 ι’
255 2906 326 2935 Bibl.
339 2909 400 2935 cod.
416 2914 435 2935 l.
474 2907 484 2922 “
499 2906 629 2942 Apparet.
644 2913 729 2939 sacer,
744 2904 825 2931 verbo
840 2902 962 2930 Plautius.

1038 270 1137 304 quippe
1152 277 1222 304 quae,
1239 269 1279 296 uti
1295 269 1479 304 probavimus,
1505 277 1555 304 per
1577 270 1667 304 priora
1682 275 1743 304 post
1758 270 1822 300 Dio-

1038 317 1107 351 nysii
1124 321 1231 343 aetatem
1251 315 1362 347 saxcula,
1376 317 1448 350 quod
1470 317 1590 351 primum
1603 318 1823 352 prmcipuumqne

1039 363 1197 397 requiritur,
1212 363 1324 390 omnino
1336 363 1456 390 deﬁciat.
1472 362 1610 396 Secundo,
1626 369 1714 396 neque
1727 363 1823 390 conci-

1037 407 1072 434 lia
1098 415 1187 442 neque
1207 408 1304 434 summi
1330 408 1489 442 pontiﬁces,
1514 407 1568 434 lata
1591 407 1737 441 aliquando
1751 407 1822 442 lege.

1038 453 1094 480 hate
1123 453 1210 487 Opera
1239 460 1398 487 germanum
1426 452 1548 487 Dionysii
1567 452 1739 486 Areopagitze
1753 459 1823 486 opus

1037 507 1097 526 esse
1109 500 1292 530 sanciverunt,
1316 499 1363 525 sed
1385 498 1428 525 illa
1442 506 1474 525 eo
1487 499 1619 525 duntaxat
1634 498 1753 530 nomine,
1769 505 1823 532 quo

1038 545 1170 578 inscripta
1185 550 1273 577 erant,
1299 545 1425 571 laudasse
1449 543 1632 578 perhibentur.
1658 543 1736 570 Nulla
1757 551 1823 577 ergo

1037 592 1199 619 temeritatis
1211 596 1274 618 nota
1289 591 1322 619 iis
1338 591 1468 619 innrenda
1482 597 1544 617 esse
1558 590 1672 620 videtur,
1691 591 1748 624 qui,
1765 597 1823 616 om-

1037 638 1117 665 nibus
1138 638 1278 672 utriusque
1304 638 1390 670 partis
1407 636 1557 664 rationibus
1573 643 1650 670 aequa
1663 635 1741 663 lance
1756 643 1823 671 pon-

1037 683 1150 715 deratis,
1170 682 1291 716 opinioni
1311 682 1349 709 illi
1366 689 1446 716 quam
1463 681 1672 715 probabiliorem
1686 681 1822 716 iudicant,

1038 729 1230 756 adhaerendum
1247 735 1308 756 esse
1324 728 1493 755 censuerint.

1072 775 1157 803 Porro
1171 776 1205 802 ad
1222 776 1332 802 decreta
1353 773 1513 807 Sorbonica,
1528 783 1543 801 a
1562 775 1640 802 nobis
1659 775 1714 809 jam
1728 774 1822 805 citata,

1036 821 1108 855 quod
1120 826 1238 855 spectat,
1263 821 1354 856 negari
1371 821 1479 855 quidem
1497 828 1549 848 non
1566 825 1655 855 potest
1670 819 1824 854 posteriore

1038 867 1167 894 adversus
1182 866 1323 893 Erasmum
1347 866 1438 893 edicto
1454 866 1528 894 illum
1546 866 1669 901 aliosque
1687 866 1822 900 perstrin-

1036 914 1073 948 εἰ,
1086 913 1144 947 qui,
1160 917 1251 946 spreta
1271 913 1407 940 clarorum
1426 913 1557 943 virorum,
1579 913 1605 939 id
1631 917 1674 940 est
1694 913 1823 946 antiquo—

1037 967 1096 986 rum
1112 959 1242 987 Ecclesia:
1256 958 1377 991 Patrum,
1398 959 1570 991 auctoritate,
1594 959 1685 986 omnia
1703 958 1823 993 Dionysii

1036 1006 1123 1032 nostri
1142 1004 1228 1040 Opera
1243 1006 1389 1033 temerario
1405 1013 1470 1033 sane
1483 1011 1510 1032 et
1527 1005 1691 1039 imprudenti
1713 1005 1822 1031 novita—

1037 1057 1094 1079 tum
1110 1052 1201 1078 studio
1216 1051 1387 1087 Areopagitas
1401 1051 1480 1086 plane
1500 1051 1662 1085 penitusque
1683 1050 1823 1084 abjndica-

1035 1100 1112 1127 bant.
1134 1100 1168 1126 At
1188 1099 1279 1133 priore
1302 1103 1396 1125 contra
1416 1098 1565 1125 Lutberum
1588 1097 1708 1130 decreto,
1740 1098 1762 1124 is
1790 1105 1822 1123 ea

1035 1144 1208 1178 potissimum
1225 1144 1258 1172 de
1275 1151 1367 1176 causa,
1389 1149 1416 1170 et
1436 1143 1613 1171 meritissimo
1637 1144 1745 1177 quidem
1761 1143 1823 1176 jure

1036 1191 1247 1223 condemnatur,
1270 1191 1355 1225 quod,
1385 1190 1521 1224 impietate
1542 1190 1761 1224 impudentiath
1777 1191 1819 1217 in-

1036 1237 1182 1271 tolerabili,
1204 1245 1257 1265 non
1271 1237 1359 1265 solum
1374 1242 1531 1272 usurpatam
1549 1238 1583 1265 ab
1599 1243 1709 1265 auctore
1724 1243 1821 1265 nostro

1035 1291 1068 1310 ex
1085 1283 1125 1310 sui
1140 1283 1270 1318 temporis
1291 1285 1398 1319 ingenio
1413 1288 1440 1311 et
1461 1291 1536 1311 more
1555 1282 1690 1310 scribendi
1715 1284 1821 1310 metho-

1030 1330 1110 1364 dum,
1127 1332 1173 1359 sed
1190 1331 1316 1358 traditam
1335 1337 1443 1364 quoque
1460 1330 1494 1356 ab
1512 1330 1570 1364 ipso
1583 1329 1743 1356 orthodoxa:
1757 1328 1820 1355 ﬁdei

1036 1378 1189 1406 doctrinam
1207 1378 1248 1403 vir
1264 1377 1461 1404 audacissimus
1480 1376 1643 1403 conculcare
1657 1380 1685 1403 et
1697 1383 1819 1410 pessum-

1036 1424 1101 1450 dare
1113 1430 1194 1450 ausus
1207 1422 1253 1449 sit.
1265 1421 1328 1448 Haec
1341 1428 1406 1455 ergo
1420 1420 1549 1448 Sorbona:
1562 1420 1683 1450 decreta.
1694 1419 1821 1453 inquiunt

1035 1469 1290 1503 Antiareopagitici,
1316 1467 1418 1494 mtllam
1447 1466 1579 1493 censoriae
1599 1465 1755 1492 severitatis
1771 1472 1821 1491 no-

1036 1521 1089 1542 tam
1105 1515 1138 1542 iis
1159 1515 1283 1545 inurunt,
1296 1514 1353 1548 qui,
1374 1512 1450 1539 salvo
1465 1519 1573 1545 semper
1587 1511 1677 1539 debito
1696 1511 1821 1538 Patribus

1037 1562 1140 1588 honore
1151 1565 1179 1587 et
1196 1559 1360 1590 reverentia,
1384 1565 1433 1584 nec
1457 1562 1570 1589 temere,
1593 1557 1640 1584 sed
1667 1556 1770 1583 ratione
1795 1560 1823 1583 et

1032 1607 1146 1643 judicio,
1163 1614 1212 1634 nec
1228 1606 1281 1633 ullo
1294 1604 1421 1632 novitatis
1436 1603 1537 1635 studio,
1562 1603 1609 1630 sed
1623 1602 1732 1630 sincero
1748 1603 1821 1630 veri-

1035 1654 1098 1680 tatis
1112 1659 1216 1684 amore,
1230 1652 1263 1679 ab
1284 1651 1395 1685 antiqua
1416 1649 1546 1685 plurium,
1568 1649 1614 1676 scd
1630 1656 1683 1675 non
1699 1649 1821 1676 omnium

1035 1699 1162 1733 opinione
1178 1697 1316 1725 recedunt.

1325 1753 1437 1782 CAPUT
1459 1752 1523 1781 Vill.

1034 1803 1196 1837 Argumenta
1211 1809 1244 1828 ea;
1262 1801 1325 1836 ipsis
1346 1799 1462 1826 auctoris
1481 1798 1608 1831 Operibus
1620 1798 1756 1837 desumpta
1776 1804 1823 1837 e1.“-

1068 1835 1236 1871 penduntur;
1264 1845 1295 1863 ac
1320 1837 1436 1870 primunt
1469 1838 1626 1868 argumenta
1653 1835 1821 1866 Areopagiti-

1068 1880 1168 1900 corum.

1070 1931 1219 1958 Excussum
1239 1934 1280 1957 est
1303 1929 1438 1956 hactenus
1459 1928 1577 1962 primum
1597 1926 1751 1962 argumenti
1774 1933 1822 1960 ge-

1035 1986 1096 2009 nus,
1109 1985 1162 2012 quo
1190 1976 1309 2011 Dionysii
1333 1975 1421 2010 Opera
1439 1975 1489 2008 ipsi
1516 1974 1633 2001 aliorum
1655 1972 1824 2000 auctoritate

1035 2023 1075 2050 vel
1086 2027 1254 2053 asseruntur,
1264 2022 1304 2049 vel
1316 2022 1522 2055 abjudicantur',
1536 2027 1607 2047 nunc
1617 2020 1650 2046 ad
1661 2019 1821 2050 secundum,

1034 2073 1153 2106 quodex
1180 2069 1303 2104 ipsismet
1329 2068 1401 2095 illius
1425 2066 1560 2102 Operibus
1583 2066 1692 2100 petitur,
1719 2065 1823 2092 exalni-

1034 2117 1153 2144 nandum
1169 2116 1343 2144 accedamus.
1371 2114 1440 2140 lllud
1466 2118 1558 2139 autem
1578 2112 1721 2146 utriusque
1736 2111 1824 2145 partis

1035 2164 1155 2191 fautores
1167 2170 1215 2198 pro
1228 2170 1276 2190 sua
1292 2162 1394 2196 quique
1405 2159 1533 2194 opinione
1548 2158 1666 2185 militare
1684 2158 1822 2184 arbitran-

1037 2215 1090 2237 lur.
1117 2210 1150 2236 Et
1175 2212 1264 2243 primo
1292 2207 1415 2242 quidem,
1444 2206 1465 2232 si
1488 2204 1688 2238 Arcopagiticis
1711 2203 1822 2235 credas,

1000 2254 1021 2280 D
1037 2256 1150 2282 materia
1168 2254 1296 2288 Operum,
1313 2253 1411 2288 stylus,
1436 2250 1548 2282 locutio,
1571 2257 1604 2276 ac
1623 2249 1737 2282 denique
1751 2249 1822 2275 srri-

1038 2301 1140 2333 ptionis
1159 2305 1273 2334 tempus,
1290 2307 1344 2326 non
1360 2297 1442 2324 alium
1456 2303 1550 2322 eorum
1567 2302 1648 2329 quant
1664 2293 1821 2328 Dionysium

1036 2347 1226 2381 Areopagitam
1256 2349 1396 2379 parentem
1430 2349 1491 2370 esse
1523 2342 1651 2375 produnt.
1694 2338 1822 2365 Materies

1037 2400 1153 2426 namque
1165 2400 1212 2419 seu
1225 2395 1416 2425 argumentum
1442 2386 1662 2414 lucubrationum
1680 2386 1751 2412 Deus
1767 2391 1820 2416 est,

1036 2440 1166 2469 Trinitas,
1190 2436 1288 2472 angeli,
1309 2435 1442 2465 Ecclesia,
1468 2433 1598 2461 Ecclesia:
1625 2431 1757 2463 ministri,
1773 2439 1820 2458 sa-

1035 2490 1189 2516 cramenta;
1204 2490 1264 2516 quae
1279 2482 1405 2510 subtilem
1418 2480 1618 2515 pbilosoplmm,
1636 2485 1820 2512 magnumque

1034 2533 1187 2566 theologum
1207 2532 1233 2558 in
1260 2528 1454 2557 sublimissimo
1480 2531 1640 2562 argumento
1664 2529 1818 2552 versantem

1034 2583 1151 2613 arguunt
1178 2577 1351 2605 ctindiuant.
1379 2575 1472 2610 Stylns
1490 2577 1579 2600 autem
1602 2577 1629 2599 et
1653 2571 1754 2598 locutio
1769 2570 1817 2596 viri

1034 2632 1075 2653 cst
1089 2628 1114 2652 in
1132 2625 1213 2652 rebus
1231 2624 1330 2650 divinis
1343 2627 1371 2650 et
1384 2623 1469 2650 sacris
1490 2619 1654 2648 meditandis
1664 2617 1815 2648 exercitati,

1033 2672 1080 2706 qui
1098 2679 1176 2698 voces
1189 2678 1272 2697 novas
1285 2678 1317 2696 ac
1332 2669 1483 2703 singulares
1502 2667 1535 2694 ad
1552 2674 1654 2698 rerum,
1671 2663 1817 2696 casteroqui

1035 2717 1278 2752 inexplicabilium,
1294 2714 1530 2742 adumbrationem
1547 2712 1649 2746 ﬁngere
1669 2715 1695 2737 ct
1710 2716 1819 2742 compo-

1035 2772 1100 2791 nere
1110 2768 1221 2790 coactus
1237 2767 1289 2790 est.
1315 2762 1436 2796 Tempus
1451 2760 1568 2794 denique
1583 2757 1740 2791 scriptionis
1767 2765 1819 2783 au-

1037 2815 1138 2837 ctorem
1151 2806 1350 2844 apostolisipsis
1365 2813 1515 2841 eorumque
1536 2802 1675 2838 discipulis
1698 2808 1818 2829 cotevum
