1925 3070
92 162 126 190 25
750 159 1019 190 PROLEGOMENA.
1692 165 1728 193 as

93 224 188 255 aperte
213 220 396 248 demonstrat.
426 219 534 247 Etenim
560 220 605 248 ille
634 227 664 248 se
678 219 754 252 solis,
777 220 886 248 Christo
902 223 924 250 Α
942 219 965 248 ι.
979 220 1079 248 Omnes
1094 225 1157 247 ante
1167 219 1313 247 Baroninm
1325 220 1483 255 scriptores,
1494 228 1554 248 cum
1566 221 1653 249 Graeci
1670 227 1726 250 tum

93 268 226 301 patiente,
251 267 433 296 defectionem
457 268 570 300 vidisse.
593 275 626 296 ac
644 273 736 302 postea
762 267 837 294 Pauli
858 272 886 294 et

93 314 235 342 llierothei
249 314 399 350 disciplinae
417 314 558 347 traditum,
572 315 671 342 deinde
686 321 747 342 cum
770 318 884 348 aposto-

92 362 126 389 lis
139 369 228 390 sacra:
244 362 364 397 Virginis
384 362 476 389 Mariae
489 363 628 398 exsequiis
643 367 670 389 et
693 361 781 389 funeri
797 362 884 388 inter-

93 409 189 441 fuisse,
204 416 237 436 ac
251 408 359 436 tandem
374 409 408 436 ad
421 408 554 437 Joannem
574 409 726 444 apostolum
743 408 769 436 in
795 407 884 435 insula

92 454 226 482 Pathmos
241 454 410 483 exsulantem
424 455 531 482 litteras
548 455 655 483 dedisse
667 455 821 490 proﬁtetur.
835 455 884 481 At-

89 501 136 534 qui
157 501 217 529 hazc
234 503 325 529 omnia
353 509 443 536 neque
464 501 594 537 Dionysio
617 502 779 533 Corinthio.
796 508 883 536 neque

89 545 222 581 Dionysio
234 546 420 574 Alexandrino
430 567 438 579 ,
455 554 542 582 neque
555 547 600 574 ulli
613 547 659 574 alii
679 547 817 582 Dionysio.
829 547 882 574 nisi

88 592 265 627 Are0pagitre
283 592 459 621 c0nveniunt.
476 593 522 621 llle
537 601 603 629 ergo
615 593 688 621 solus
702 593 798 621 hormn
812 593 882 628 Ope-

89 644 162 668 rmn,
192 645 254 672 qua:
275 645 374 666 nomen
399 639 460 673 ejus
484 639 511 666 in
537 638 733 673 manuscriptis
754 639 882 665 omnibus

87 690 152 709 cum
168 682 284 716 Graecis,
302 689 357 711 tum
373 683 479 712 Latinis
495 684 634 720 praeﬁxum
650 691 760 718 semper
777 684 880 711 habue-

88 733 164 762 runt,
179 736 280 764 parens
295 735 323 757 et
342 735 438 758 auctor
452 730 584 758 dicendus
595 735 646 758 est.
668 730 700 757 Et
714 735 789 758 certe
804 730 881 757 nefas

88 782 150 803 esse
167 776 279 803 videtur
298 776 381 803 istum
401 781 540 804 auctorem
557 777 583 804 in
602 776 746 804 lmdissimi
769 777 880 804 menda-

86 821 134 854 cii,
150 821 268 850 fallacia:
289 827 314 849 et
329 822 470 857 sacrilega:
491 822 679 851 simulationis
693 823 878 858 suspicionem

86 873 204 901 vocare,
228 867 337 902 quando
363 869 472 902 quidem
493 869 593 903 scripta
622 868 682 903 ejus
709 876 761 895 non
793 869 878 896 solum

86 913 189 948 ubique
212 913 384 940 sanctitatem
406 913 521 948 spirant.
549 914 596 941 sed
615 921 647 941 ea
671 914 752 941 etiam
775 922 836 942 cum
854 915 881 942 in

87 960 284 987 monasterium
299 964 327 988 et
341 960 435 987 urbem
459 959 518 994 ejus
545 960 655 987 nomine
669 967 752 995 prope
762 960 882 988 Parisios

84 1005 169 1038 dicta,
192 1012 412 1041 asportarentur,
433 1008 518 1036 variis
545 1009 751 1036 inﬁrmitatibus
771 1010 797 1036 in
815 1009 881 1037 tanti

83 1052 136 1080 viri
151 1053 283 1081 honorem
305 1055 453 1089 applicata,
480 1055 572 1083 multis
591 1055 721 1084 divinitus
741 1056 881 1084 honestata

83 1100 147 1123 situt
162 1097 314 1125 miraculis.

118 1143 170 1176 Qui
185 1151 250 1171 vero
270 1151 303 1172 ex
322 1145 436 1173 adversa
462 1151 536 1174 stant
549 1151 642 1181 parte,
669 1147 695 1174 bi
718 1148 880 1182 respondent

84 1191 225 1218 materiam
240 1192 332 1226 operis
350 1193 385 1220 ab
403 1192 456 1220 alio
471 1200 548 1227 irque
566 1200 598 1220 ac
612 1193 741 1228 Dionysio
758 1195 880 1228 Areopa-

82 1237 137 1271 gita
155 1239 268 1266 tractari
295 1239 424 1273 potuisse,
447 1239 547 1274 stylutn
573 1244 663 1266 autem
678 1244 705 1266 et
716 1239 879 1268 locutionem

84 1284 207 1320 Dionysii
243 1284 416 1320 Areopagitae
443 1285 486 1312 his
516 1286 543 1312 in
577 1285 687 1320 scriptis
714 1286 878 1321 deprehendi

82 1330 161 1364 plane
173 1331 335 1366 penitusque
356 1331 522 1358 inticiantur.
541 1332 672 1360 Fateatur
693 1332 802 1367 quidem
825 1339 878 1359 au-

81 1383 189 1404 ctorem
206 1377 334 1404 nonnulla
357 1378 389 1404 iis
411 1378 559 1406 inseruisse
575 1379 674 1413 quibus
701 1387 730 1406 se
742 1379 880 1414 apostolo~

81 1430 140 1449 rum
156 1423 324 1458 temporibus
340 1423 451 1456 vixisse,
472 1428 500 1451 et
518 1423 594 1451 Pauli
614 1425 774 1459 discipulum
794 1425 880 1453 fuisse

81 1469 199 1496 incautis
214 1469 425 1503 simplicioribus
441 1471 632 1504 persuaderet;
650 1471 697 1498 sed
711 1472 878 1499 contendunt

81 1515 158 1549 plura
172 1515 200 1541 iit
218 1515 315 1542 iisdem
332 1515 468 1550 Operibus
486 1516 670 1550 imprudenter
690 1518 724 1545 ab
745 1524 778 1545 eo
803 1518 878 1551 adje-

937 267 1037 300 Latini,
1059 267 1085 294 in
1103 274 1134 294 ea
1154 267 1263 294 fuerunt
1278 267 1425 294 sententia.
1457 267 1485 294 9..
1512 267 1616 294 Auctor
1635 273 1726 296 noster

938 315 1022 342 tradit
1032 314 1204 342 Timotheum
1216 315 1365 349 episcopali
1377 315 1509 350 dignitate
1522 315 1724 351 inauguratum,

936 365 1018 396 atque
1032 361 1067 388 ab
1081 368 1114 388 eo
1128 361 1216 395 Opera
1232 369 1280 388 sua
1294 361 1350 388 vult
1370 361 1522 388 examinari
1543 366 1571 388 et
1587 361 1721 396 castigari.

935 407 962 434 3.
987 407 1059 435 Idem
1081 408 1138 443 ipse
1166 412 1260 434 auctor
1280 407 1307 434 in
1332 407 1444 441 epistola
1469 408 1504 434 ad
1518 408 1620 440 Titum,
1643 415 1723 443 quem

934 453 1068 481 Baronius
1091 447 1191 487 aliique
1211 453 1391 487 Areopagitici
1410 453 1572 487 discipulum
1588 458 1616 480 et
1640 453 1724 480 comi-

936 504 989 526 tem
1019 499 1093 527 Pauli
1121 499 1206 527 luisse
1238 499 1413 532 concedunt,
1444 499 1567 533 ejusdem
1589 499 1724 528 Tiothei

934 546 1069 573 meminit.
1103 546 1130 573 4.
1158 545 1186 572 in
1212 546 1340 574 omnibus
1367 546 1559 580 manuscriptis
1587 547 1725 574 codicibus

934 591 1094 619 Timotheus
1115 591 1160 619 ille
1181 591 1346 626 Ephesinum
1362 592 1547 626 episcopatum
1559 611 1567 624 ,
1583 592 1626 619 cui
1643 592 1726 619 disci-

934 636 1012 670 pulus
1035 635 1109 663 Pauli
1131 635 1249 670 praefuit.
1270 636 1390 664 tenuisse
1418 642 1599 664 memoratur.
1627 637 1656 664 5.
1669 637 1722 665 Dc-

933 683 1015 716 niquc
1028 687 1124 710 auctor
1138 687 1239 715 noster,
1264 683 1303 709 uti
1329 683 1462 715 diximus,
1489 690 1519 710 se
1538 683 1725 717 apostolorum

932 727 1106 762 ejusdemque
1137 728 1250 762 proinde
1272 727 1408 756 Timothei
1435 729 1601 763 temporibus
1622 729 1725 756 vixisse

928 773 1046 807 jactitat.
1065 773 1113 801 llis
1127 779 1216 802 autem
1232 775 1383 802 rationibus
1404 780 1432 802 et
1444 774 1507 802 illud
1519 782 1627 810 quoque
1643 775 1723 802 refel-

933 820 1008 852 litur.
1031 822 1103 855 quod
1125 826 1186 855 post
1207 821 1417 856 pseudo-Dextri
1445 821 1598 848 Chronicon
1622 829 1725 856 propu-

931 871 996 903 gnat
1020 866 1159 900 Bivarius,
1181 867 1255 896 hunc
1273 867 1447 894 Timotheum
1473 876 1527 895 non
1559 867 1640 894 alium
1663 875 1724 894 esse

933 922 1015 949 quam
1038 914 1189 949 Eugenium
1214 914 1391 948 Toletanum,
1417 915 1461 942 cui
1486 919 1597 949 propter
1623 915 1722 949 ingenii

932 960 1123 988 excellentiam
1137 969 1234 988 nomen
1249 961 1384 988 Timothei
1402 961 1558 995 impositum
1571 967 1624 989 est.

969 1007 1022 1035 Sed
1050 1008 1147 1035 horum
1170 1008 1289 1036 vicissim
1312 1007 1562 1044 Areopagiticorum
1585 1015 1721 1036 momenta

933 1053 995 1080 inde
1015 1054 1087 1080 haud
1099 1053 1233 1081 diﬂicilius
1255 1058 1425 1086 evertuntur,
1447 1055 1519 1089 quod
1548 1054 1721 1089 Evangelium

930 1105 958 1127 et
985 1101 1177 1136 Apocalypsim
1207 1101 1321 1129 Joannis
1353 1103 1488 1137 apostoli,
1516 1106 1597 1137 atque
1624 1102 1720 1137 lguatii

931 1146 1085 1180 epistolam,
1102 1154 1161 1181 qme
1177 1151 1238 1182 post
1262 1146 1398 1174 Timothei
1423 1152 1537 1175 mortem
1562 1147 1634 1174 edita
1648 1152 1721 1179 sunt,

932 1193 958 1219 in
975 1193 1096 1220 auctoris
1111 1194 1197 1220 nostri
1220 1193 1340 1228 scriptis,
1360 1198 1389 1220 ut
1413 1193 1481 1220 infra
1498 1194 1631 1225 dicemus,
1647 1193 1721 1219 clare

932 1239 1150 1273 nominatimque
1175 1240 1306 1266 citentur.
1323 1239 1470 1267 Enimvero
1495 1239 1553 1267 sola
1574 1239 1722 1274 Ignatiana!

932 1285 1058 1319 epistolae
1074 1287 1169 1319 verba,
1185 1294 1246 1321 qua:
1262 1287 1296 1314 ab
1312 1294 1344 1314 eo
1358 1294 1422 1314 vere
1436 1287 1612 1321 transcripta.
1630 1293 1680 1313 nec
1693 1286 1719 1312 in

931 1336 1035 1359 textum
1048 1333 1106 1367 ejus
1121 1333 1225 1360 intrusa
1242 1341 1302 1360 esse
1315 1332 1574 1365 demonstrabimus,
1591 1333 1615 1360 id
1628 1338 1721 1367 aperte

929 1381 1068 1409 evincunt.

965 1427 1049 1454 Addit
1067 1426 1200 1455 Baronius
1223 1429 1294 1463 quod
1319 1428 1478 1456 Timotheus
1499 1427 1542 1455 ille
1558 1428 1594 1454 ab
1609 1432 1720 1454 auctore

931 1479 1027 1501 nostro
1046 1481 1117 1509 saepe
1132 1477 1210 1508 παῖς,
1234 1483 1308 1509 puer,
1331 1479 1455 1502 vocatur.
1477 1475 1513 1502 At
1532 1474 1717 1506 Timotheum,

928 1518 1006 1546 Pauli
1032 1520 1206 1555 discipulum,
1229 1530 1243 1548 a
1265 1521 1393 1556 Dionysio
1415 1521 1589 1556 Are0pagita.
1614 1527 1647 1548 eo
1671 1528 1719 1548 no-

79 1565 135 1592 cta,
153 1562 253 1595 quibus
265 1569 297 1587 ea
319 1561 398 1595 longe
407 1567 471 1596 post
492 1562 679 1597 apostolorum
703 1568 731 1590 et
756 1563 873 1600 Dionysii
888 1569 910 1598 (ζ
928 1567 1001 1594 mine
1020 1567 1212 1601 compellatum
1228 1575 1287 1596 esse
1304 1569 1369 1595 nulli
1386 1569 1534 1596 vet-isititilc
1557 1568 1715 1594 videbitur:

80 1607 254 1641 Areopagitae
268 1612 377 1635 aetatem
392 1608 526 1642 prodiisse
537 1608 638 1636 invicte
658 1610 871 1638 demonstratur.

81 1652 177 1680 Utrum
201 1659 292 1680 autem
313 1653 358 1686 id,
383 1654 422 1681 uti
445 1655 604 1689 opinantur,
628 1657 711 1684 certis
736 1658 872 1684 rationum

79 1700 226 1727 momentis
255 1700 372 1734 probare
394 1701 512 1736 possint,
537 1710 552 1728 a
579 1703 657 1730 nobis
682 1708 724 1730 est
746 1708 873 1731 accurate

79 1746 296 1780 ponderandum.

384 1805 498 1834 CAPUT
517 1806 562 1833 1X.

78 1850 242 1888 Argumenta
276 1851 579 1887 Antiureopagiticorum
608 1855 813 1888 examinantur;
847 1861 872 1883 et

112 1887 229 1924 primum
243 1887 359 1921 quidem,
372 1888 432 1914 inde
443 1889 551 1915 ductum
566 1890 634 1924 quod
656 1889 717 1916 libri
735 1889 872 1919 Timotheo

113 1921 305 1948 inscribuntur.

110 1977 552 2014 PrimumAntiareopagiticomm
569 1987 747 2016 momentum,
765 1990 797 2010 cx
813 1983 870 2018 ipsa

77 2023 221 2057 librorum,
241 2025 286 2059 qui
310 2024 454 2053 Timotheo
477 2032 676 2061 nuncupantur,
695 2028 871 2064 inscriptione

76 2070 196 2097 ducitur.
212 2071 317 2098 Auctor
331 2079 404 2099 etum
420 2076 513 2100 noster
525 2073 550 2100 in
566 2073 637 2101 libro
659 2075 696 2101 De
710 2077 807 2102 divinis
821 2085 870 2103 na—

76 2117 192 2144 minibus
206 2118 349 2152 epistolam
371 2119 466 2154 lgnatii
493 2120 654 2148 Antiocheni
677 2123 811 2157 episcopi,
831 2124 870 2150 uti

76 2164 146 2191 infra
161 2164 280 2197 dicetur,
301 2169 329 2192 et
351 2165 481 2200 laudarit,
499 2171 526 2193 et
543 2167 679 2201 ipsissima
701 2168 773 2195 illius
787 2170 868 2196 verba

77 2210 179 2238 retulit.
193 2210 276 2246 Ergo,
290 2211 426 2244 inquiunt,
440 2211 483 2239 ltic
495 2212 565 2240 liber
575 2212 730 2247 Timotheo,
743 2215 788 2249 qui
805 2216 868 2242 dtttn

927 1611 999 1639 Nunt
1013 1613 1158 1648 episcopus,
1170 1614 1257 1649 inquit
1270 1614 1402 1642 Baronius
1411 1615 1431 1645 ⁹,
1442 1615 1622 1648 coepiscopum
1633 1614 1717 1640 nomi-

926 1667 989 1685 nare
1002 1661 1167 1687 consuevisse
1184 1661 1301 1695 fratrem,
1326 1669 1377 1687 non
1396 1661 1492 1694 ﬁlium,
1508 1661 1579 1687 mille
1591 1659 1717 1692 memplis

925 1709 990 1731 esset
1006 1704 1085 1739 facile
1101 1709 1289 1733 demonstrare.
1305 1705 1389 1740 Hujus
1406 1705 1557 1741 argumenti
1572 1704 1715 1731 dilliculta-

926 1757 968 1779 tes
990 1756 1019 1779 ut
1041 1751 1147 1779 solvant
1175 1753 1219 1778 alii
1234 1751 1428 1787 Areopagitici,
1448 1753 1540 1779 varias
1558 1757 1715 1786 congerunt

926 1797 1132 1831 responsiones.
1149 1798 1182 1824 Et
1195 1798 1281 1833 primo
1304 1798 1413 1832 quidem
1431 1799 1525 1825 dicunt
1540 1798 1714 1825 Timotheum

925 1843 965 1869 sic
986 1844 1088 1876 vocari,
1109 1845 1170 1878 quia
1185 1844 1228 1870 ille
1247 1844 1280 1871 ad
1296 1851 1376 1878 quem
1391 1843 1505 1877 Paulus,
1524 1843 1610 1870 Nerva
1628 1843 1714 1877 impe-

925 1895 1013 1922 rante,
1029 1890 1085 1916 haec
1101 1890 1210 1924 scripsit
1235 1890 1262 1917 in
1281 1891 1384 1917 verba:
1404 1889 1488 1916 Nemo
1511 1890 1714 1917 adolescentiam

924 1941 996 1962 tuum
1013 1941 1160 1963 contemnat
1179 1937 1211 1969 '°,
1228 1937 1357 1971 Dionysio
1371 1937 1534 1972 Areopagita
1546 1936 1638 1970 junior
1651 1943 1714 1963 esse

925 1982 1042 2009 ridetur.
1058 1982 1084 2009 2.
1111 1982 1269 2010 Timotheus
1297 1983 1323 2010 in
1349 1983 1519 2018 philosophia
1539 1986 1567 2010 et
1590 1982 1713 2009 srcculari

924 2028 1065 2063 disciplina
1089 2029 1166 2062 cujus
1184 2030 1277 2057 rudior
1293 2035 1369 2062 erat,
1388 2035 1469 2064 atque
1484 2030 1566 2056 etiam
1581 2029 1608 2056 in
1627 2029 1713 2056 subli-

924 2074 1010 2101 tniore
1026 2075 1159 2110 theologia
1175 2076 1333 2111 Dionysium
1362 2077 1479 2104 habebat
1499 2084 1547 2111 pro
1572 2076 1711 2111 magistro,

922 2120 1037 2147 etillum
1061 2121 1160 2148 absens
1186 2129 1234 2156 per
1254 2122 1361 2149 litteras
1386 2122 1554 2150 consulebat.
1585 2121 1611 2148 5.
1643 2123 1711 2149 Cum

923 2166 1085 2194 Timotheus
1099 2167 1167 2195 satis
1183 2173 1257 2196 esset
1281 2173 1378 2195 ttatttra
1404 2168 1514 2195 timidus
1529 2173 1556 2195 et
1573 2167 1713 2203 pusillani-

923 2215 986 2247 mis,
1004 2224 1056 2243 non
1072 2221 1176 2242 tantum
1196 2216 1308 2244 doctore
1319 2217 1452 2247 scientiae.
1470 2216 1517 2243 sed
1530 2215 1610 2243 etiam
1626 2215 1712 2242 virtu-

75 2264 105 2282 ca
119 2257 216 2292 lgnatii
241 2257 357 2292 epistola
380 2257 442 2285 data
459 2263 512 2292 est,
527 2259 583 2294 jam
607 2265 722 2288 mortem
750 2262 866 2295 obierat,
885 2249 906 2276 Β
923 2263 957 2289 tis
972 2267 999 2289 et
1014 2263 1176 2290 constantia:
1191 2262 1330 2296 indigebat
1344 2262 1486 2297 magistro.

76 2311 128 2330 non
144 2303 232 2338 potuit
246 2304 371 2331 inscribi.

109 2351 162 2378 llic
177 2359 230 2378 non
244 2351 364 2379 minimae
376 2352 544 2379 difﬁcultatis
559 2353 647 2380 nodus
662 2354 867 2390 Areopagiticos

75 2397 220 2431 pluritnum
236 2398 328 2430 torsit,
347 2403 430 2434 atque
445 2403 474 2425 ut
495 2399 529 2426 ab
549 2408 582 2426 eo
602 2408 631 2427 se
647 2402 802 2436 expediant,
821 2411 867 2429 va-

76 2444 129 2471 rias
143 2452 174 2472 se
189 2449 299 2472 vertunt
320 2445 346 2472 in
362 2451 463 2481 partes.
487 2445 613 2474 Nonnulli
635 2447 708 2474 enim
731 2456 793 2476 cum
816 2449 866 2475 Ba-

76 2491 152 2519 ronio
170 2491 274 2526 opinati
293 2498 358 2519 sunt
378 2493 451 2521 hunc
464 2493 637 2522 Timotheum
660 2502 712 2521 non
726 2503 786 2522 eum
807 2504 867 2523 esse

75 2539 116 2572 qui
134 2537 211 2564 Pauli
226 2538 373 2573 discipulus
387 2538 448 2572 fuit,
466 2540 512 2567 sed
525 2540 609 2567 alium
621 2541 764 2575 quemdam
777 2542 868 2576 junio-

77 2590 129 2610 rem
145 2605 153 2616 ,
176 2583 312 2611 Pudentis
337 2587 470 2613 senatoris
495 2587 597 2619 lilium,
623 2587 700 2622 cujus
721 2596 820 2616 nomen
838 2589 864 2616 in

76 2628 228 2658 Romanum
255 2630 489 2668 Martyrologium,
507 2640 534 2661 et
555 2634 582 2661 in
599 2633 650 2662 SS.
672 2634 813 2669 Perpetua:
837 2639 866 2662 et

77 2674 226 2704 Felicitatis
251 2677 320 2704 Acta
349 2678 476 2707 refertur.
500 2680 552 2706 Alii
574 2686 590 2706 e
615 2681 753 2707 contrario
776 2679 868 2706 Timo-

78 2722 166 2749 theum
179 2723 254 2750 illum
267 2731 361 2750 verum
374 2725 447 2752 Pauli
460 2727 620 2761 discipulum
634 2727 719 2755 fuisse
729 2733 866 2760 asserunt,

78 2772 100 2794 cl
128 2768 237 2796 Baronii
258 2769 416 2804 opinionem
443 2772 486 2800 his
511 2773 676 2807 impugnant
703 2774 865 2801 rationibus.

83 2860 290 2929 7"§At:lannum
321 2861 410 2896 lll9,§
428 2861 471 2889 56.

513 2863 533 2877 ¹⁰
550 2862 558 2889 l
575 2863 646 2890 Tim.
662 2871 692 2890 ιι.

732 2863 750 2879 ¹¹
768 2864 827 2891 Lib.
842 2863 880 2891 De
894 2865 951 2892 Cael.
968 2865 1066 2894 hierar.
1083 2873 1142 2900 cap.
1159 2866 1185 2893 9.

959 2309 1055 2336 Verum
1068 2317 1122 2343 qtto
1139 2317 1258 2343 unquam
1274 2309 1399 2343 exemplo
1419 2308 1579 2343 probabitur
1601 2308 1710 2342 episco—

919 2361 982 2389 pum
1001 2354 1034 2381 ab
1048 2354 1101 2382 alio
1114 2355 1242 2388 episcopo
1254 2355 1314 2381 ideo
1328 2362 1442 2388 puerum
1459 2356 1561 2387 vocari,
1579 2355 1650 2389 quod
1665 2355 1710 2382 ille

921 2401 946 2427 in
963 2401 1131 2435 philosophia
1157 2405 1185 2427 et
1209 2400 1334 2427 saeculari
1368 2400 1514 2435 disciplina
1540 2401 1575 2427 sit
1604 2401 1708 2427 rudior.

923 2446 1022 2473 Deinde
1037 2454 1091 2481 quo
1107 2447 1199 2474 itidetn
1225 2453 1388 2481 argumento
1411 2447 1588 2481 persuadebis
1614 2447 1708 2474 Timo-

920 2493 1012 2520 theum
1037 2493 1063 2520 in
1080 2495 1113 2522 iis
1125 2494 1248 2521 Scientiis
1263 2495 1345 2521 fuisse
1360 2494 1488 2528 Dionysio
1515 2494 1664 2525 rudiorcm,
1677 2502 1708 2521 ac

919 2545 980 2565 eum
996 2539 1021 2566 in
1045 2539 1206 2567 sublimiore
1230 2539 1364 2573 theologia
1388 2539 1516 2565 imbuisse
1547 2546 1595 2572 pro
1619 2538 1705 2572 magi-

919 2591 977 2614 stro
990 2587 1001 2613 ?
1015 2587 1095 2614 Certe
1111 2586 1257 2621 Dionysius
1278 2585 1351 2612 illum
1379 2590 1453 2612 tanta
1471 2584 1626 2611 eruditione
1636 2591 1710 2618 pne-

920 2633 1005 2659 dittttn
1020 2635 1141 2668 agnovit,
1155 2638 1186 2660 ut
1204 2634 1381 2668 perchIiores
1401 2632 1460 2666 ejus
1477 2632 1648 2664 cognitiones
1661 2638 1707 2657 se-

921 2688 984 2707 cum
1007 2682 1214 2714 comtnunicari,
1229 2686 1257 2709 et
1278 2681 1378 2715 scripta
1405 2687 1454 2707 sua
1469 2679 1504 2706 ab
1519 2687 1552 2706 eo
1567 2678 1707 2705 emendari

920 2726 1062 2754 voluerit:
1091 2728 1164 2754 Illud
1191 2734 1304 2763 quoque,
1341 2726 1481 2761 inquiebat
1513 2725 1657 2760 Dionysius
1674 2726 1706 2755 ".

918 2774 1060 2808 pontiﬁcio:
1075 2775 1249 2802 tumscientia:
1263 2765 1533 2801 commemorabimus.
1547 2773 1580 2800 Et
1593 2773 1656 2799 alibi
1667 2772 1704 2799 "z

1237 2866 1256 2881 ”
1281 2867 1340 2894 Lib.
1359 2866 1396 2893 De
1417 2866 1506 2893 eccles,
1526 2864 1626 2892 Iticmr.
1642 2874 1703 2900 cap.
