1925 3070
213 167 248 193 27
798 169 827 198 S.
853 169 1038 198 DIONYSIUS
1056 169 1285 198 AREOPAGITA.
1803 172 1840 200 28

215 224 387 254 Comnttmica
399 220 481 262 igitur
500 232 524 255 et
540 230 568 255 tu
585 228 649 255 mihi
677 229 857 264 perfectiora»:
886 230 1003 256 illustra-
1021 234 1043 261 Α
1059 236 1177 264 pueros:
1197 228 1288 259 Pueri,
1319 228 1436 263 nunquid
1461 228 1664 262 pulmentarium
1678 229 1778 256 habetis
1794 230 1814 246 "
1829 231 1843 256 τ

215 273 324 305 tionem,
348 280 424 306 etc.;
442 279 524 309 alque
549 275 602 302 al'o
624 276 650 302 in
666 276 734 303 libro
746 275 767 291 ¹³
785 298 790 303 .
805 275 864 302 Erit
882 277 1005 302 Intmani-

215 319 277 345 tatis
289 324 341 346 tum
361 320 492 353 corrigere
510 329 561 348 non
583 326 674 354 sponte
687 322 860 357 ignorantem,
877 323 1005 349 rationer-

214 374 264 400 que
277 374 416 401 suggerere
427 367 528 394 discere
543 369 668 401 cupienti.

253 411 361 439 Scimus
372 413 481 447 quidem
493 413 648 449 Dionysium
663 422 677 440 ιι
693 414 837 442 Timotheo
853 415 886 442 de
899 423 928 443 re
941 423 1004 450 qna-

215 455 279 483 dam
317 457 468 493 theologica
504 459 588 486 fuisse
617 459 762 494 aliquando
795 460 1003 495 interrogatum,

216 506 247 527 ιιι
273 501 345 529 hunc
368 503 394 530 in
412 505 520 531 modum
549 505 593 531 ilie
622 509 737 532 testatus
752 511 795 532 est
811 506 832 521 “
848 516 854 533 :
876 505 928 533 Sed
943 506 1003 540 quia

216 546 286 573 alias
301 555 342 574 me
359 556 406 580 per
430 549 567 583 epistolam
589 550 770 585 interrogasti,
797 551 861 585 quid
877 551 1003 585 appellent

216 601 262 626 per
276 601 303 620 se
317 601 384 626 esse,
400 603 446 628 per
469 604 496 622 se
511 596 603 628 vitam,
629 605 676 630 per
697 605 724 623 se
746 598 912 631 sapientiam,
929 603 952 624 et
966 601 1004 623 te.

216 647 276 665 cum
298 640 338 666 ais
362 641 496 668 dubitasse
519 643 648 674 quomodo
674 641 757 668 Deum
776 643 919 675 aliquando
942 651 1003 669 uoco

216 693 261 717 per
275 693 303 712 se
327 687 418 718 vitam,
443 687 588 729 aliquando
613 696 672 714 vero
699 689 847 722 effectorem
876 689 946 716 vitw.
970 689 1005 715 At

217 730 278 764 quis
300 732 397 758 merito
427 733 490 760 inde
510 733 622 767 colligat
639 732 812 761 Timotheum
837 734 863 760 in
880 733 1004 768 philoso-

216 777 306 810 phicis
319 778 400 805 rebus
415 779 541 815 Dionysio
555 780 706 813 rudiorem,
726 788 786 807 eum
799 780 825 807 in
844 780 1004 814 theologicis

216 822 345 850 habuisse
357 831 406 858 pro
429 825 561 859 magistro
576 825 587 851 ‘t
607 825 743 859 Nunquid,
759 825 821 859 quia
836 825 1003 858 Augustinus

217 867 422 904 Hieronymum,
449 875 532 904 atque
556 869 604 896 alii
630 870 750 904 episcopi
778 869 844 897 alios
859 870 1002 904 episcopos

215 914 250 941 de
276 916 358 943 rebus
385 916 555 951 lheologicis,
579 917 631 949 vol,
656 918 677 944 si
692 916 767 949 velis,
794 915 1002 951 philosophieis,
1019 907 1040 934 Β

215 961 420 993 consuluerunt,
447 961 481 989 iis
504 962 638 994 rudiores,
667 969 816 996 eorumque
844 961 1002 997 discipulos,

213 1012 262 1034 aut
277 1006 311 1034 ab
335 1006 388 1033 illis
409 1006 527 1034 ﬁliorum
554 1008 665 1034 nomine
683 1013 792 1034 vocatos
817 1007 899 1034 fuisse
913 1008 1000 1035 dicen-

214 1054 277 1080 dum
298 1060 340 1081 est
354 1054 438 1081 ?H:;cc
454 1059 529 1081 certe
551 1053 640 1082 nullus
666 1060 783 1089 unqualu
798 1055 876 1088 dixit,
892 1055 939 1081 sed
954 1061 1005 1082 nec

213 1099 360 1126 somniavit.
375 1107 506 1134 unquam.

250 1146 315 1179 Quis
344 1151 434 1172 autem
469 1146 520 1173 sibi
549 1146 711 1180 persuadeat
737 1145 909 1174 Timotheum
937 1147 1004 1174 adeo

214 1197 314 1218 natura
331 1191 416 1219 fuisse
441 1192 563 1219 timidum
576 1197 602 1219 et
615 1192 827 1226 pusillanimem,
845 1198 874 1220 ut
887 1193 931 1220 ille
944 1201 1002 1220 ma-

213 1239 299 1272 gistro
311 1238 421 1265 virtutis
437 1243 464 1265 et
475 1239 637 1266 constantiae
663 1239 818 1273 indiguerit,
835 1247 916 1274 quem
933 1239 1002 1266 Pau-

214 1285 255 1312 lus
269 1285 402 1318 lahorum,
420 1285 559 1318 itinerum,
583 1286 780 1320 periculorum,
805 1287 1002 1321 suppliciorum

212 1331 340 1357 comitem
356 1330 460 1362 habuit,
477 1338 556 1365 quem
584 1331 681 1358 Paulus
704 1332 736 1358 ad
753 1331 819 1358 alios
832 1332 999 1358 continuan-

213 1378 263 1403 dos
279 1376 374 1403 misit:
399 1376 532 1409 Misimus,
556 1377 642 1412 inquit
664 1378 777 1411 ipsemet
796 1377 904 1410 Paulus,
918 1377 1004 1404 Timo-

212 1423 301 1448 theum
318 1422 428 1456 fratrem
450 1428 580 1454 nostrum,
593 1428 616 1450 et
632 1424 782 1450 ministrum
802 1424 848 1450 Dei
871 1424 898 1450 in
914 1423 1002 1450 Evan-

214 1469 282 1502 gct'io
301 1468 410 1500 Christi,
424 1469 458 1496 ad
483 1469 677 1503 conﬁrmandos
699 1478 754 1502 vos,
774 1474 799 1496 et
825 1469 1002 1497 exhortando:

215 1522 263 1546 pro
281 1513 334 1547 fide
347 1519 442 1545 vestra,
454 1519 480 1541 ut
495 1523 571 1542 nemo
583 1520 696 1541 vestrum
723 1519 859 1542 moveatur
875 1515 901 1542 in
917 1515 999 1541 tribu-

213 1559 357 1585 lationibus
376 1559 407 1587 η.
422 1559 605 1594 Siccineergo
621 1561 653 1587 ad
668 1559 736 1587 alios
751 1560 779 1586 in
789 1559 1002 1587 tribulationibus

214 1605 410 1635 conﬁrmandos
431 1611 455 1632 et
478 1607 665 1638 BIIIOt'ltltldOs,
688 1606 836 1633 mittendus
850 1606 1001 1633 erathomo

214 1657 319 1678 natura:
332 1652 432 1678 timida:
447 1657 475 1678 ct
490 1652 692 1687 pusillanimis?

251 1696 345 1724 Restat
356 1698 439 1732 igilur
455 1703 484 1724 ut
509 1698 670 1726 Timotheus
691 1699 792 1726 idcirco
806 1706 872 1733 puer
886 1699 1000 1732 dicatur,

214 1743 285 1776 quod
313 1743 443 1779 Dionysio
468 1748 549 1771 aetate
577 1743 659 1772 fuerit
687 1745 789 1779 junior.
805 1745 837 1772 Et
851 1745 877 1772 id
893 1746 1001 1778 quidem

215 1789 277 1816 inde
293 1791 447 1816 continuari
470 1795 571 1825 potest,
596 1791 659 1825 quia
684 1791 854 1822 Ambrosius,
880 1790 918 1817 uti
935 1790 1000 1817 olim

214 1837 438 1869 observabamus,
453 1838 641 1865 Constantium
662 1838 816 1873 episcopum
835 1837 880 1864 lilii
894 1838 1002 1864 nomine

213 1882 389 1917 appellaverit
402 1884 434 1911 “.
447 1884 605 1912 Commendo
624 1885 682 1917 tibi,
705 1884 755 1919 ﬁli,
772 1884 927 1916 Ecclesium,
943 1892 1002 1918 quw

212 1934 250 1956 est
266 1931 300 1956 ad
315 1929 414 1956 Forum
434 1930 559 1957 Cornelii.
578 1931 675 1957 Verum
688 1930 846 1957 Timotheus
858 1936 922 1957 ante
938 1929 1002 1956 Dio-

215 1976 286 2010 nysii
300 1977 510 2004 conversionem
526 1984 577 2003 non
595 1976 681 2003 solum
698 1976 861 2003 Christianas
877 1976 1000 2010 religioni

215 2030 313 2048 nomen
330 2023 452 2054 dederat,
467 2022 514 2049 sed
531 2022 606 2048 Pauli
623 2029 730 2056 quoque
744 2027 771 2049 et
782 2022 931 2057 discipulus
944 2027 1003 2048 erat

214 2074 242 2094 et
254 2075 358 2095 comes.
373 2068 477 2095 Deinde
491 2075 552 2095 cutn
574 2068 717 2103 Dionysius
729 2069 830 2103 scripta
847 2076 894 2095 sua
910 2068 1003 2094 elucu-

214 2115 317 2146 hraret,
335 2122 446 2146 annttm,
460 2119 489 2141 ut
506 2115 634 2148 diximus,
659 2115 874 2148 nonagesimum,
889 2114 930 2142 vel
945 2114 1001 2141 for-

215 2162 286 2188 sitan
309 2161 487 2188 centesimum
509 2161 602 2188 debuit
622 2161 765 2196 attingere,
781 2168 831 2188 nec
845 2160 1003 2188 Timotheus

215 2213 278 2235 tunc
290 2208 464 2242 octogenario
492 2208 581 2234 minor
602 2213 672 2235 erat.
689 2207 744 2235 Fac
771 2214 860 2235 tamen
884 2215 945 2235 eum
960 2215 1003 2235 se-

215 2255 434 2290 ptuagenarium,
463 2254 506 2281 vel
533 2256 615 2282 etiam
645 2254 853 2289 sexagenarium
881 2258 1001 2281 tantum-

215 2301 296 2328 modo
332 2300 425 2333 ftlisse,
460 2301 581 2335 nunquid
619 2301 763 2335 cpiscopus
800 2300 1000 2334 nonagenarius

214 2346 296 2374 alium
313 2351 367 2373 tam
379 2352 512 2381 provectae
525 2346 612 2374 aetatis
626 2347 793 2380 episcopum,
812 2346 855 2380 qui
869 2347 924 2381 jam
939 2351 1000 2372 ante

216 2399 279 2420 ettm
292 2393 476 2420 Christianam
493 2393 650 2427 religionem
667 2392 848 2426 amplexatus,
864 2396 891 2419 et
905 2392 1002 2419 deinde

215 2438 291 2465 Pauli
312 2438 425 2473 apostoli
450 2445 541 2465 comes
556 2442 583 2464 et
597 2437 746 2471 discipulus
769 2436 866 2468 literal,
892 2437 1001 2463 nomine

216 2485 263 2511 lilii
289 2485 440 2519 appellasse
468 2485 619 2512 credendus
636 2490 678 2512 est
695 2485 707 2511 ἲ
722 2484 816 2519 Neque
842 2484 875 2511 ad
901 2484 926 2511 id
949 2483 1002 2510 ullo

215 2531 296 2557 modo
317 2531 383 2558 facit
419 2531 555 2558 Ambrosii
588 2530 753 2565 exetuplum,
780 2530 1001 2565 quandoquidem

214 2576 391 2604 Constantius
411 2577 482 2603 inter
502 2577 616 2604 clericos
632 2576 849 2604 Mediolauenses
866 2576 916 2603 sub
931 2575 1002 2610 ejus-

215 2623 276 2648 dcm
292 2622 430 2649 Ambrosii
449 2622 604 2657 magisterio
630 2622 773 2654 educatus,
799 2629 860 2649 cum
884 2621 917 2648 ad
940 2629 1001 2648 eum

215 2667 410 2702 scripsitidem
435 2668 607 2701 Ambrosius,
621 2668 647 2695 in
667 2668 824 2703 episcopum
851 2675 945 2696 recens
960 2674 1004 2694 as»-

215 2717 340 2747 sutuplus
354 2713 453 2740 fuerat.

251 2759 356 2786 Instant
369 2759 450 2793 aliqui
475 2759 613 2787 Christum
640 2760 788 2794 discipulos
810 2767 873 2787 suos
890 2765 1001 2786 vocasse

253 2863 274 2877 “
290 2861 349 2888 Lib.
375 2861 413 2888 De
435 2862 517 2889 divin.
556 2870 667 2894 nonum,
695 2870 754 2897 cap.
780 2862 822 2892 l3.
841 2862 855 2897 ᾗ
873 2861 894 2888 ι.

218 2897 240 2912 ⁸⁸
259 2898 335 2924 Amh.
354 2898 431 2932 epist.
447 2897 474 2930 ‘2,
490 2905 565 2924 nova-
580 2898 644 2924 edit.
684 2897 702 2913 ¹⁷
717 2897 796 2926 Joan.
811 2905 867 2929 ut,
885 2897 910 2924 5.

960 2860 980 2876 ιδ
998 2859 1057 2888 Lib.
1087 2858 1124 2886 De
1145 2858 1228 2887 dit-in.
1252 2857 1363 2890 nomin.,
1385 2863 1443 2891 cap.
1462 2855 1504 2883 Η.

1056 274 1166 300 Addunt
1181 273 1348 301 Clementem
1359 273 1570 301 Alexandrinum
1584 281 1680 302 omnes
1694 275 1840 303 universim

1055 319 1227 347 Christianos
1253 320 1348 347 eodem
1376 319 1485 347 nomine
1505 328 1696 355 nuncupasse;
1712 323 1841 355 qttouiam

1055 364 1203 392 Christiani
1227 366 1262 393 ob
1283 374 1388 393 morum
1412 367 1615 401 simplicitatem
1637 372 1665 395 ct
1677 369 1840 396 suavitatem

1056 410 1107 437 hoc
1119 418 1149 437 se
1164 410 1279 439 invicem
1306 419 1450 445 puerorum
1467 412 1577 439 nomine
1600 413 1765 441 vocitabant.
1787 414 1843 441 Sed

1055 455 1081 482 id
1097 456 1206 483 omnino
1225 456 1283 483 leve
1294 461 1337 484 est
1348 461 1376 484 et
1393 457 1544 484 inﬁrmum.
1568 457 1636 486 Nam
1656 459 1784 494 episcopo
1800 460 1842 487 l'as

1055 509 1107 528 non
1125 506 1185 528 erat
1210 501 1293 528 alium
1314 502 1470 537 episcopum
1488 503 1582 530 eodem
1605 505 1685 532 modo
1697 512 1752 539 quo
1762 505 1843 532 Chri-

1055 552 1113 574 slus
1126 547 1274 582 discipulos
1293 556 1356 576 suos
1386 549 1511 581 vocabat,
1538 549 1638 584 alloqui
1651 554 1678 576 et
1691 549 1841 584 appellare.

1054 592 1179 621 Clemens
1198 600 1263 621 vero
1292 602 1343 621 non
1371 594 1476 622 idcirco
1491 594 1663 622 Christianos
1677 603 1776 630 pueros
1792 603 1844 623 no-

1055 641 1151 672 minat,
1167 642 1238 675 quod
1259 641 1276 668 ii
1297 641 1347 668 hac
1370 646 1462 668 mutua
1481 642 1662 676 appellatione
1685 650 1744 671 sese
1771 644 1840 670 invi-

1054 695 1113 714 cem
1139 688 1355 722 alloquereutur,
1383 688 1430 715 sed
1455 689 1518 722 quia
1534 688 1579 716 ille
1593 689 1668 717 libro
1681 697 1730 716 suo
1744 688 1842 717 Pteda-

1054 735 1112 768 gogi
1127 734 1231 761 titulum
1254 734 1399 761 indiderat.
1423 734 1507 762 Porro
1522 740 1611 763 autem
1629 736 1679 763 etsi
1693 735 1841 763 Christiani

1055 785 1116 806 sese
1148 779 1262 807 invicem
1289 787 1386 814 pueros
1409 785 1554 813 vocarent,
1579 788 1631 808 non
1659 782 1676 808 ii
1700 786 1789 808 tamen
1815 783 1841 809 in

1055 824 1165 858 scriptis
1192 825 1249 852 suis
1278 825 1394 860 aliquem
1418 833 1554 860 provectae
1578 826 1668 853 relatis
1693 826 1842 859 hominem,

1055 870 1179 902 scientia,
1205 871 1349 906 dignitate,
1388 871 1536 899 virtutibus
1560 872 1707 901 celebrem.
1733 877 1761 899 et
1785 873 1844 907 epi-

1055 920 1167 950 scopatu
1194 922 1316 949 auctum,
1335 924 1367 944 eo
1389 916 1500 944 nomine
1524 917 1675 953 appellasse
1701 918 1777 946 ullibi
1801 919 1842 946 le—

1055 967 1166 996 gtnrtur.

1366 1018 1479 1047 CAPUT
1500 1019 1532 1047 Χ.

1055 1075 1233 1102 Exnminalur
1269 1077 1414 1102 secundum
1443 1082 1635 1111 argumentum,
1668 1085 1700 1104 ea;
1722 1078 1797 1106 libris
1819 1084 1844 1106 et

1090 1110 1260 1144 scriptoribus
1278 1112 1361 1138 sacris
1385 1112 1431 1146 qui
1447 1112 1479 1138 ab
1493 1117 1600 1139 auctore
1616 1118 1703 1140 nostra
1726 1115 1846 1140 citantur

1088 1146 1263 1180 desuntptum.

1090 1189 1150 1217 iam
1169 1198 1234 1218 vero
1247 1192 1269 1219 si
1286 1199 1300 1218 a
1321 1192 1451 1220 librorum
1463 1193 1640 1229 inscriptione
1652 1195 1685 1222 ad
1696 1202 1790 1222 eorum
1805 1195 1845 1223 le-

1055 1236 1171 1262 ctionem
1203 1242 1385 1270 transeamus,
1415 1243 1562 1266 occurrent
1598 1240 1698 1273 passim
1732 1240 1794 1267 libri
1816 1245 1844 1268 et

1055 1281 1202 1315 scriptores
1215 1283 1249 1309 ab
1260 1287 1374 1309 auctore
1401 1287 1495 1310 nostro
1510 1283 1596 1316 citati,
1612 1284 1657 1317 qui
1683 1291 1744 1310 ettm
1759 1284 1845 1310 Areo-

1055 1328 1172 1362 pagitam
1188 1336 1240 1355 non
1257 1335 1317 1356 esse
1331 1329 1400 1356 satis
1416 1333 1509 1364 aperte
1534 1329 1721 1356 demonstrare
1732 1329 1843 1356 videan-

1055 1379 1108 1401 tur.
1121 1374 1167 1401 llle
1182 1375 1254 1401 enim
1268 1376 1405 1407 eumdem,
1434 1376 1479 1409 qui
1496 1383 1567 1402 nunc
1582 1375 1616 1402 ab
1629 1376 1755 1403 omnibus
1773 1376 1840 1402 reci-

1054 1419 1136 1453 pitur,
1153 1427 1261 1447 sacrum
1285 1420 1384 1447 divina:
1410 1420 1559 1455 Scriptura:
1585 1428 1716 1448 canonem
1729 1421 1843 1448 exhibet

1053 1471 1081 1492 et
1098 1471 1288 1500 repraesentat.
1303 1466 1382 1500 Atqui
1395 1473 1481 1493 canon
1496 1466 1541 1493 ille
1556 1465 1763 1502 Scripturaruat
1779 1467 1844 1494 Dio-

1056 1513 1124 1547 nysii
1155 1517 1277 1546 tempore
1306 1513 1425 1540 nondum
1440 1518 1499 1540 erat
1516 1512 1652 1547 perfectus
1674 1518 1701 1540 et
1716 1513 1844 1548 obsigna-

1057 1563 1109 1585 tus.
1124 1558 1314 1593 Apocalypsim
1331 1565 1458 1593 namque.
1484 1559 1632 1598 Epistolam
1655 1559 1728 1586 Pauli
1744 1560 1777 1586 ad
1790 1559 1843 1586 He-

1055 1605 1153 1637 brmos,
1170 1605 1316 1631 secundant
1329 1604 1452 1638 Joannis,
1466 1610 1493 1632 et
1508 1605 1583 1631 Juda:
1598 1605 1756 1640 Epistulam,
1774 1612 1843 1639 quas

1055 1650 1099 1677 ille
1129 1650 1203 1677 hunc
1227 1650 1312 1677 refert
1336 1650 1362 1677 in
1388 1657 1533 1683 canonem,
1560 1651 1593 1678 ab
1615 1651 1710 1678 eodem
1734 1651 1841 1682 plurimi

1054 1695 1244 1722 excludebant.
1279 1696 1381 1723 Deinde
1405 1695 1524 1723 Joannes
1548 1697 1738 1731 Apocalypsitn
1753 1704 1841 1729 suam,

1044 1749 1116 1772 cum
1135 1741 1161 1767 in
1188 1741 1275 1768 insula
1290 1740 1398 1768 Patmos
1417 1741 1573 1774 exsularet,
1593 1741 1619 1768 id
1636 1747 1677 1769 est
1693 1743 1766 1769 circa
1793 1750 1844 1768 an-

1055 1793 1120 1813 unm
1135 1787 1234 1814 Christi
1248 1786 1282 1814 9L
1306 1786 1347 1814 vel
1375 1786 1419 1818 95,
1447 1788 1543 1820 edidit,
1570 1787 1747 1822 Evangelium
1777 1794 1843 1814 vero

1054 1838 1115 1869 post
1129 1841 1219 1865 suum,
1236 1838 1265 1859 ut
1279 1833 1371 1868 plures
1386 1834 1565 1866 arbitrantur,
1580 1834 1614 1860 ab
1634 1834 1728 1861 eodem
1745 1836 1843 1863 exsilio

1055 1880 1185 1912 reditum,
1202 1879 1255 1906 hoc
1271 1884 1313 1906 est
1339 1886 1391 1905 non
1410 1883 1473 1905 ante
1488 1886 1587 1905 annum
1603 1878 1648 1910 98,
1663 1879 1763 1914 publici
1777 1879 1844 1907 facit

1054 1924 1204 1957 essejuris.
1220 1923 1268 1951 llis
1291 1924 1361 1950 adde
1387 1923 1471 1950 libros
1500 1923 1560 1950 illos
1573 1932 1587 1950 a
1603 1924 1730 1959 Dionysio
1743 1932 1797 1953 non
1813 1931 1843 1952 ut

1055 1978 1139 1997 novos
1155 1977 1332 2003 recentcrquo
1356 1971 1443 1997 editos
1467 1970 1558 1998 citari.
1586 1970 1661 1998 Unde
1674 1971 1843 1998 concludunt

1054 2024 1115 2043 eum
1131 2017 1174 2044 vix
1192 2021 1254 2044 ante
1279 2024 1381 2043 anulum
1405 2016 1507 2044 Christi
1525 2017 1707 2044 centesimum
1732 2018 1843 2052 scriptis

1054 2064 1110 2090 suis
1124 2071 1232 2090 manum
1259 2063 1424 2090 admovisse.
1449 2063 1484 2090 At
1501 2068 1555 2090 tum
1571 2062 1715 2098 Dionysius
1735 2064 1780 2091 ille
1793 2072 1842 2091 au-

1055 2117 1118 2136 num
1132 2110 1221 2136 aetatis
1243 2116 1300 2136 sua:
1329 2109 1533 2144 nonagesimum
1552 2110 1659 2144 agebat,
1679 2110 1779 2144 quippe
1795 2112 1841 2145 qui

1054 2157 1162 2184 Christo
1173 2157 1303 2192 patiente,
1317 2161 1346 2183 ut
1358 2157 1423 2183 solis
1438 2155 1560 2191 eclipsim
1573 2158 1742 2188 observaret,
1756 2165 1843 2185 annos

1055 2204 1175 2237 qttinque
1202 2210 1284 2237 supra
1312 2202 1404 2237 viginti
1435 2202 1588 2234 explevisse
1615 2202 1753 2229 credatur.
1776 2204 1843 2236 Quis

1056 2254 1145 2276 autern
1160 2248 1212 2276 sibi
1230 2248 1309 2275 facile
1337 2248 1500 2282 persuadeat
1522 2246 1611 2274 virum
1625 2247 1658 2274 ab
1673 2248 1782 2276 ineunte
1797 2249 1841 2282 ju-

1056 2299 1166 2322 ventule
1196 2294 1421 2324 eruditissimum,
1453 2294 1486 2320 ad
1520 2292 1603 2320 libros
1630 2293 1842 2322 conscribendos

1058 2346 1121 2367 tunc
1143 2341 1262 2367 animum
1292 2339 1440 2373 appulisse,
1469 2347 1531 2366 cum
1558 2339 1616 2374 ipse
1642 2341 1842 2375 nonagenarius

1056 2390 1127 2413 esset
1137 2391 1165 2413 et
1178 2386 1253 2413 senio
1266 2385 1418 2412 confectus.

1092 2433 1146 2460 Sed
1162 2433 1205 2460 his
1221 2432 1373 2459 rationibus
1399 2432 1510 2459 minime
1523 2432 1556 2458 de
1568 2432 1705 2459 sententia
1719 2440 1766 2459 sua
1782 2440 1841 2459 mo-

1057 2485 1156 2507 ventur
1169 2478 1363 2513 Areopagitici.
1383 2477 1440 2504 Non
1454 2478 1526 2504 enim
1549 2477 1701 2505 dillitenlur
1721 2478 1766 2504 diu
1781 2478 1842 2512 qui-

1058 2526 1117 2553 dem
1131 2526 1163 2552 de
1180 2525 1309 2552 librorum
1337 2524 1531 2550 canonicorum
1557 2531 1669 2550 numero
1687 2523 1768 2550 fuisse
1784 2523 1841 2550 ditt—

1057 2576 1179 2606 pulatum
1190 2591 1197 2602 ,
1214 2570 1261 2597 sed
1283 2569 1374 2603 negari
1395 2576 1563 2603 nequaquam
1579 2576 1660 2603 posse
1672 2569 1749 2595 ailmt
1762 2568 1841 2602 quin,

1056 2618 1130 2645 sicut
1146 2616 1267 2643 nonnulli
1283 2614 1416 2650 quosdam
1434 2614 1517 2641 libros
1530 2621 1563 2641 ex
1586 2622 1664 2641 sacro
1678 2621 1782 2641 canone
1797 2621 1841 2641 re-

1051 2663 1195 2696 jiciebant,
1212 2661 1248 2688 ita
1265 2661 1348 2688 etiam
1376 2659 1485 2693 quidam
1514 2659 1558 2686 alii
1581 2667 1629 2686 eos
1645 2666 1738 2686 omnes
1750 2658 1796 2692 qui
1813 2660 1840 2686 in

1054 2709 1178 2736 eumdem
1191 2715 1323 2735 canonctn
1340 2714 1412 2733 nunc
1434 2706 1619 2739 ascribuntur,
1637 2713 1685 2740 pro
1700 2705 1841 2732 canonicis

1055 2755 1193 2783 habendos
1207 2761 1267 2782 esse
1294 2753 1454 2787 putaverint.
1486 2751 1577 2786 Neque
1603 2753 1675 2779 enim
1703 2752 1839 2785 quoddam

1558 2855 1579 2871 "
1597 2855 1605 2882 Ι
1621 2853 1743 2882 Thessal.
1762 2859 1794 2888 II,
1811 2854 1838 2881 3.
