1925 3070
88 180 120 208 29
737 181 1002 212 PBOLEGOMENA.
1665 185 1700 213 30

90 229 234 264 aliquando
250 234 354 265 tempus
366 229 450 259 fuisse
460 230 513 260 diei
527 235 617 266 potest
628 239 682 266 quo
695 240 789 260 omnes
804 241 865 260 cum
880 236 902 264 Α
918 234 987 261 stola
1009 233 1044 261 ab
1056 233 1125 268 ipso,
1147 239 1208 260 cum
1227 233 1260 260 ad
1277 232 1434 268 martyrium
1450 232 1604 269 duceretur,
1627 237 1699 257 anno

91 273 228 308 Ecclesiae,
243 278 299 301 tum
310 274 457 302 Christiani
475 275 558 303 libros
577 277 706 311 quosdam
721 278 867 312 Scriptura

91 321 116 346 in
129 327 209 347 sacro
225 327 329 347 canone
344 328 397 348 non
417 321 575 349 censuerint
600 330 659 350 esse
675 324 866 350 numerandos.

91 363 156 397 Quid
170 372 236 400 ergo
255 366 378 400 prohibet
395 368 540 400 quominus
556 367 719 403 Areopagita
740 368 783 396 his
799 376 868 403 pra:-

90 410 176 438 huerit
199 419 351 445 assensum,
367 412 412 446 qui
436 420 515 440 sacro
529 421 632 441 canone
653 421 701 441 eos
726 421 820 442 omnes
834 414 868 442 li-

92 456 162 489 bros,
178 458 224 490 qui
240 465 312 485 nunc
323 457 509 493 assignantur,
525 459 658 487 contineri
672 467 721 494 pro
733 465 807 488 certo
820 460 868 487 ha-

91 502 187 530 bebant
197 503 210 530 ?

121 546 197 580 Quod
210 548 244 574 ad
257 547 370 576 Joannis
383 549 558 584 Evangelium
579 550 705 584 pertinet.
718 550 740 577 si
753 550 843 584 plures
854 558 869 578 e

90 591 255 620 doctioribus
269 593 370 621 criticis
389 593 452 621 illud
465 595 498 622 ab
521 595 644 629 apostolo
668 599 730 629 post
753 595 868 622 reditum

92 645 167 664 suum
182 637 217 664 ab
241 638 337 666 exsilio
360 639 491 674 scriptum
516 641 671 674 opinantur,
691 648 742 668 non
768 641 868 668 desunt

91 683 169 710 etiaut
187 684 235 718 qui
259 688 286 712 et
308 684 372 711 illud
389 689 467 712 antea
486 690 625 712 exaratum
649 693 709 713 esse
733 691 867 714 asserant.

93 727 143 756 Sed
165 729 266 763 quovis
283 734 403 764 tempore
429 731 560 766 scriptum
577 738 636 758 esse
659 732 777 764 dicatur,
802 732 869 759 nihil

91 779 172 807 vetat,
189 775 316 809 inquiunt
327 776 521 811 Areopagitici,
534 777 678 812 quomintts
689 778 754 805 illud
771 779 869 813 ipsum,

92 823 169 855 atque
196 822 280 848 etiam
306 822 425 857 ejusdem
453 822 565 849 Joannis
587 823 764 858 Apoealypsis
790 823 868 851 citari

91 867 254 900 potuerinta
279 867 417 902 Dionysio,
445 868 490 902 qui
519 871 676 896 centenario
706 869 792 903 major
819 869 869 897 sub

91 913 207 946 Trajani,
225 914 278 946 vel,
299 914 375 948 iuxta
400 913 480 946 alios,
501 915 550 942 sub
571 915 683 942 Adriani
700 915 813 949 imperio
831 916 869 942 vi-
885 914 906 941 Β

91 965 142 986 tant
159 967 221 987 cum
236 965 322 988 morte
333 960 521 987 commutavit.

123 1005 271 1033 Fatendum
295 1006 403 1040 quidem
430 1011 471 1034 est
488 1006 560 1041 quod
583 1007 605 1034 si
624 1008 675 1034 hoc
701 1007 868 1042 Dionysiante

89 1052 182 1079 mortis
208 1056 314 1086 tempus
337 1053 421 1079 certis
452 1053 587 1080 rationum
612 1054 755 1080 momentis
779 1059 870 1088 posset

91 1097 256 1131 conﬁrmari.
272 1098 361 1124 omnis
387 1098 479 1131 procul
501 1098 583 1126 dubio
595 1099 745 1126 solveretur
759 1099 869 1133 hujusce

91 1143 252 1170 dillicultatis
267 1143 363 1170 nodus.
383 1142 435 1170 Sed
449 1144 616 1171 contendunt
629 1144 868 1178 Antiareopagitici

91 1189 244 1224 Dionysium
261 1193 322 1223 post
345 1189 489 1215 Domitiani
507 1189 679 1224 imperatoris
695 1194 816 1223 tempora
830 1190 870 1216 vi-

91 1239 142 1260 tam
156 1242 210 1261 non
225 1234 398 1274 produxisse.
421 1233 496 1267 Quod
513 1235 622 1269 quidem
637 1236 674 1262 ita
687 1239 792 1262 certum
810 1243 870 1264 esse

91 1280 188 1312 volunt,
201 1285 232 1306 ttt
247 1287 298 1307 non
318 1281 404 1308 solum
422 1281 600 1307 aceuratioris
614 1281 718 1308 criterii
730 1286 867 1314 auctores,

91 1326 134 1353 sed
149 1333 245 1353 eorum
264 1326 346 1353 etiam
370 1327 414 1361 qui
430 1327 529 1361 scripta
555 1326 683 1362 Dionysio
701 1328 871 1362 Areopagitae

91 1372 237 1404 vindicant.
253 1379 306 1399 non
324 1373 402 1407 pauci
419 1372 482 1399 huic
502 1373 621 1407 opinioni
650 1374 869 1407 subscripserint.

90 1417 218 1445 Cmterum
247 1425 308 1444 eum
329 1423 435 1452 tempus
447 1418 614 1452 Dionysiaute
638 1419 732 1446 mortis
750 1425 792 1451 ea,
812 1427 871 1453 quae

91 1471 194 1490 omnem
212 1463 291 1491 tollat
312 1463 504 1496 diilieultatem.
528 1464 663 1491 evidentia
690 1464 870 1492 demonstrari

91 1515 217 1544 nequeat,
247 1517 280 1537 eo
308 1514 382 1537 certe
419 1514 576 1545 argumento
609 1518 661 1537 tton
699 1511 872 1538 reviueentnr

90 1562 180 1583 omnes
192 1556 444 1591 Areopagiticorum
461 1555 553 1583 animi.

123 1601 293 1637 Quapropter
317 1609 366 1629 nec
391 1601 460 1636 apud
482 1609 529 1628 eos
542 1602 601 1636 plus
617 1602 715 1629 valebit
730 1607 756 1629 et
768 1603 820 1630 alia
832 1603 871 1630 si-

91 1648 160 1676 milis
181 1648 394 1683 argumentatio,
420 1648 482 1674 inde
508 1649 590 1682 petita
609 1647 680 1682 quod
701 1648 727 1675 in
742 1648 871 1676 librorttm

91 1696 338 1730 manuscriptorum
361 1694 483 1720 omniuttt
504 1695 588 1722 titulis
602 1699 698 1721 auctor
713 1699 804 1722 noster
819 1695 873 1729 epi-

91 1749 186 1775 scopus
198 1741 375 1768 Atheniensis
399 1741 572 1768 inseribatur.
599 1739 691 1774 Neque
711 1741 783 1767 enint
804 1740 886 1776 ullus.

92 1791 162 1812 certa
175 1786 289 1812 omnino
305 1792 337 1811 ae
354 1784 433 1819 plane
457 1783 575 1811 evidenti
589 1782 749 1817 probatione
760 1783 871 1810 demon-

93 1833 186 1858 stravit
217 1831 340 1866 quandiu
366 1829 511 1865 Dionysius
538 1830 732 1856 Atheniensem
755 1829 874 1856 tenuerit

93 1877 287 1912 episcopatum,
303 1881 350 1902 aut
364 1883 417 1910 quo
432 1881 552 1910 tempore
568 1875 625 1901 sive
639 1879 785 1909 spontanea
798 1875 875 1901 abdi-

92 1924 195 1950 catione
209 1923 269 1949 sive
283 1927 371 1949 morte
388 1929 437 1948 sua
452 1921 526 1947 illum
546 1920 653 1947 tandem
671 1921 818 1954 reliquerit.
831 1920 874 1947 ln-

93 1974 190 1995 certum
206 1969 290 2003 igitur
314 1967 511 2002 Areopagiticis
536 1966 668 1993 videbitur
685 1974 747 1993 num
772 1966 874 2001 Diony--

93 2015 144 2040 sius
158 2013 320 2049 posteditos
334 2021 349 2039 a
367 2012 472 2040 Joanne
495 2012 670 2047 Apocalypsis
689 2017 715 2039 et
734 2011 874 2047 Evangelii

93 2059 174 2086 libros
192 2057 356 2085 Atheniensi
384 2057 550 2092 episcopatui
574 2057 697 2084 nuntium
714 2065 767 2084 non
791 2057 873 2085 remi-

93 2106 167 2133 serit.
191 2105 257 2132 Haec
287 2105 378 2138 itaque
401 2104 593 2138 probationutn
620 2104 791 2130 ﬁrmamenta
805 2104 875 2138 apud

93 2159 137 2178 eos
157 2157 266 2178 tantum
285 2151 339 2177 vim
358 2150 504 2183 habebunt,
518 2150 577 2184 qui,
591 2150 641 2177 soli
663 2150 768 2176 veritati
792 2149 875 2176 litan-

94 2202 141 2230 tes,
159 2196 217 2224 illas
230 2196 402 2231 Dionysiantc
415 2196 535 2223 historia:
550 2195 732 2229 diliicultates,
749 2196 875 2231 sepositis

94 2243 206 2275 partium
226 2242 336 2275 studiis,
348 2242 466 2269 enodare
481 2242 661 2269 conabuntur.

391 2297 504 2327 CAPUT
529 2297 573 2324 XI.

95 2346 210 2373 Tertium
226 2351 421 2380 argumentum,
448 2352 479 2371 ea:
497 2345 578 2370 citata
599 2344 684 2370 sancti
699 2344 807 2378 lgnalii,
819 2344 874 2378 epi-

196 2383 270 2416 scopi
289 2380 453 2412 Amice/teni,
475 2384 631 2405 auctoritate
648 2380 767 2413 petitum.

126 2427 242 2454 Gravius
253 2433 319 2453 sane
337 2429 431 2451 centra
444 2425 614 2458 Areopagitae
627 2424 786 2451 defensores
802 2425 876 2452 erui-

95 2477 136 2499 tur
148 2477 341 2508 argumentum
355 2478 388 2497 ex
404 2471 514 2505 epistola
530 2471 637 2505 lgnatii.
651 2471 767 2505 episcopi
780 2471 875 2499 Antio-

95 2518 183 2551 chcni,
209 2519 244 2545 ad
265 2518 411 2548 Romanos,
437 2525 518 2551 quam
543 2521 640 2544 auctor
666 2521 757 2544 noster
773 2516 799 2543 iu
821 2518 876 2544 haec

96 2567 175 2593 verba
198 2566 299 2593 eitasse
313 2564 469 2599 perhibetur
485 2564 506 2580 ’⁸
520 2571 527 2591 :
544 2563 655 2598 Γράφει
670 2563 762 2590 δὲκαὶ
774 2566 790 2591 ό
801 2564 878 2596 θεῖος

102 2611 267 2647 Ἰτνάτισςη
285 2611 390 2645 Ὀἐμὸς
401 2611 473 2644 ἔρως
485 2610 674 2643 ἐσταύρωται.
696 2619 706 2635 ι
727 2609 823 2637 Scribit
835 2618 879 2636 uu-

98 2663 145 2684 tem
159 2664 183 2685 et
196 2658 273 2684 divus
285 2657 406 2691 lgnatiut
418 2663 426 2682 :
442 2664 450 2680 ι
468 2655 548 2681 Antor
559 2663 631 2682 meus
645 2655 788 2689 cruciﬁxus
798 2661 846 2682 est.
867 2665 876 2681 I

99 2704 143 2730 llis
158 2709 249 2731 autem
265 2702 357 2730 verbis
379 2701 503 2728 laudatur
519 2701 620 2735 aliquid
645 2701 679 2728 ab
698 2700 803 2735 lgnatio
825 2709 877 2728 non

98 2750 212 2782 dictum,
238 2749 285 2776 sed
313 2748 445 2783 scriptum
464 2747 556 2781 ;quod
586 2746 690 2777 nullihi.
715 2747 766 2774 nisi
795 2746 821 2773 in
848 2755 878 2773 ea

97 2802 175 2828 quam
187 2795 303 2822 citamus
318 2793 431 2827 epistola
447 2792 568 2819 invenire
590 2796 642 2820 est.
658 2791 737 2826 Atqui
754 2792 809 2820 haec
820 2794 877 2827 epi-

134 2886 154 2901 "
172 2885 221 2913 Lih
251 2885 289 2913 De
310 2886 392 2913 dirin.
421 2885 534 2920 uomitu,
555 2892 613 2919 cap.
630 2885 656 2917 Ai,
676 2884 690 2920 ᾗ
710 2885 751 2912 12.

917 279 1030 311 Christi,
1051 283 1081 306 ut
1106 286 1186 312 supra
1215 279 1395 310 ostendimus,
1420 277 1471 305 1οΊ
1495 281 1539 303 aut
1565 276 1627 308 108,
1649 276 1699 302 iuit

918 329 1038 352 exarata.
1057 325 1141 352 Porro
1155 329 1247 351 autem
1263 331 1295 351 ea
1308 331 1397 359 neque
1414 327 1468 350 tam
1489 323 1544 350 cito
1559 323 1585 349 in
1602 328 1698 349 manus

917 370 1037 406 Dionysii
1054 371 1147 398 venire
1170 371 1267 405 potuit,
1291 377 1379 404 neque
1401 369 1446 395 ille
1471 375 1529 395 eam
1548 371 1577 395 ut
1591 373 1699 398 novam,

917 420 945 443 et
960 423 974 443 a
987 416 1080 450 paucis
1091 416 1240 452 cognitam,
1264 415 1311 442 sed
1325 419 1354 441 ut
1370 419 1506 448 receptam
1526 413 1560 440 ab
1573 411 1699 439 omnibus

918 462 995 492 citat,
1022 462 1158 496 verbaque
1180 461 1239 496 ejus
1258 459 1428 488 transcribit.
1453 458 1521 485 Hine
1546 465 1611 491 ergo
1633 463 1700 484 con-

918 507 1011 535 cludas
1042 514 1153 535 necesse
1183 511 1226 533 est
1263 505 1382 540 Dionysii
1420 504 1518 531 librum
1542 502 1579 529 De
1604 502 1699 529 diuinis

918 554 1066 580 nominibus
1091 561 1143 580 non
1166 558 1228 580 ante
1250 559 1348 579 annum
1366 550 1417 578 “0
1430 550 1558 578 emissum
1573 548 1657 576 fuisse
1671 547 1699 575 in

919 599 1017 627 lucem.

954 644 1127 679 Respondent
1139 644 1251 679 quidam
1265 642 1448 678 Areopagitici
1465 640 1623 675 Dionysium
1639 643 1700 674 post

918 690 1012 726 lgnatii
1029 696 1142 718 mortent
1152 691 1234 717 vitam
1248 697 1322 717 suam
1336 689 1496 724 produxisse
1510 694 1519 719 ;
1532 686 1701 721 proindeque

919 736 1046 770 epistolas
1060 736 1120 770 ejus
1142 736 1176 763 ab
1191 736 1236 763 illo
1259 735 1380 770 potuisse
1408 733 1522 760 laudari.
1545 732 1600 759 Sed
1615 731 1653 758 illi
1666 731 1700 757 de

919 782 1053 810 soliditate
1082 781 1161 816 huius
1181 781 1376 815 responsionis,
1393 787 1475 814 quam
1501 785 1566 805 cum
1579 777 1700 811 ejusdem

920 829 1039 865 Dionysii
1056 829 1081 856 in
1097 828 1200 855 Gallias
1209 828 1325 855 adventu
1340 826 1491 854 conciliare
1511 831 1564 851 non
1578 828 1700 858 possunt,

920 875 1027 908 penitus
1056 873 1218 904 diiiidentes,
1246 873 1279 900 ad
1302 872 1382 899 aliam
1412 871 1505 898 statim
1530 869 1700 904 confugiunt.

922 921 1052 954 aiuntque
1067 919 1224 954 Dionysium
1249 918 1349 952 scripta
1363 925 1411 944 sua
1427 917 1454 944 in
1472 916 1578 944 Grzecia
1592 915 1700 950 quidem

920 966 1049 998 edidisse.
1066 966 1113 993 sed
1138 972 1169 992 ea
1194 963 1366 998 postmodum
1383 963 1417 989 ab
1442 963 1499 997 ipso
1516 961 1542 988 in
1556 960 1651 988 Galliis
1663 959 1701 986 ita

920 1011 1059 1045 recognita
1071 1015 1152 1044 atque
1171 1013 1326 1040 retractata,
1336 1007 1405 1034 utiis
1417 1015 1449 1034 ex
1462 1007 1572 1033 Joannis
1582 1005 1702 1038 Evange-

921 1059 955 1084 lio
974 1062 1001 1084 et
1016 1056 1175 1091 Apocalypsi
1198 1060 1279 1094 atque
1303 1061 1335 1081 ex
1366 1053 1460 1087 Ignatii
1485 1051 1598 1083 epistola
1623 1050 1701 1085 plura

922 1101 1077 1130 testimonia
1089 1095 1235 1128 addiderit.
1265 1106 1358 1126 «erum
1378 1099 1402 1125 id
1420 1098 1504 1132 gratis
1517 1097 1629 1131 omnino
1649 1096 1701 1122 tin-

920 1151 1002 1183 gitur.
1017 1147 1083 1174 Nam
1100 1146 1123 1173 si
1140 1153 1223 1180 opera
1245 1144 1363 1180 Dionysii
1379 1144 1412 1171 ab
1425 1151 1458 1170 eo
1472 1143 1498 1169 in
1514 1141 1608 1169 Galliis
1636 1140 1702 1167 fuis—

921 1199 981 1222 sent
1004 1200 1110 1224 retusa,
1135 1191 1179 1219 ille
1204 1191 1296 1226 procul
1326 1190 1408 1217 dubio
1422 1189 1448 1216 in
1466 1188 1620 1225 populi'sui
1635 1187 1703 1214 alio-

921 1246 1034 1274 rumque
1056 1238 1182 1265 solatiunt
1202 1241 1323 1264 curasset
1343 1243 1374 1263 ea
1394 1235 1421 1262 in
1444 1233 1567 1261 Latinam
1584 1233 1702 1266 linguau-

920 1284 988 1311 verti
1003 1288 1030 1311 et
1054 1283 1197 1318 publicari.
1225 1287 1307 1316 atque
1324 1279 1432 1315 plurimi
1459 1278 1616 1306 eorumdent
1633 1276 1704 1311 Ope-

921 1338 980 1358 rum
1004 1330 1106 1357 inventi
1131 1329 1246 1356 fuissent
1265 1328 1290 1354 in
1307 1328 1340 1354 iis
1357 1325 1516 1360 regionibus
1530 1329 1556 1351 et
1569 1323 1664 1351 Latina
1676 1327 1705 1350 et

921 1377 1015 1404 Graeca
1038 1383 1119 1403 manu
1143 1375 1247 1402 exarati
1272 1374 1390 1401 codices.
1405 1371 1475 1399 Nulli
1496 1376 1586 1398 tamen
1599 1370 1636 1397 ibi
1650 1378 1704 1397 uu-

921 1430 1001 1457 quam
1020 1421 1119 1456 reperti
1133 1426 1196 1448 sunt
1210 1430 1217 1447 :
1237 1421 1283 1447 sed
1300 1419 1403 1454 priores
1426 1425 1459 1445 ex
1484 1417 1596 1444 Oriente
1611 1423 1704 1450 aspor-

923 1469 981 1499 tati,
1008 1467 1101 1494 Graece
1126 1467 1220 1500 scripti
1247 1469 1326 1492 erant
1351 1471 1359 1496 ;
1388 1471 1437 1490 nec
1460 1462 1583 1489 Latinam
1609 1468 1703 1488 eorum

923 1514 1084 1544 versionem,
1099 1520 1130 1539 ea
1142 1519 1200 1546 qua:
1213 1519 1227 1537 a
1241 1509 1344 1537 Joanne
1368 1509 1450 1535 Scoto
1479 1507 1550 1534 edita
1566 1510 1620 1538 est,
1633 1505 1702 1532 anti-

922 1560 1045 1594 quiorem
1074 1559 1212 1585 habemus.
1240 1556 1345 1583 Deinde
1364 1555 1453 1581 nttltus
1478 1559 1596 1585 unquam
1617 1551 1704 1585 Opera

924 1613 971 1632 sua
1008 1604 1156 1636 recensuit,
1186 1611 1226 1630 ae-
1246 1604 1271 1629 in
1296 1609 1390 1629 eorum
1419 1599 1603 1633 recognitione
1627 1598 1706 1631 plura

924 1651 1023 1686 adjecit
1050 1657 1130 1681 nova.
1157 1649 1223 1683 quin
1250 1648 1283 1675 de
1319 1647 1361 1674 his
1387 1646 1502 1673 lectores
1523 1643 1622 1670 alicubi
1645 1649 1706 1669 nio—

924 1697 1014 1724 nuerit
1041 1703 1115 1722 suos.
1139 1692 1238 1720 Nullibi
1265 1697 1354 1719 tamen
1388 1690 1457 1725 apud
1484 1693 1623 1715 auetoretu
1650 1695 1699 1713 no-

924 1748 1010 1770 strunt
1033 1745 1144 1769 exstant
1171 1739 1284 1773 hujusce
1309 1736 1503 1765 admonitionis
1525 1734 1640 1768 vestigia
1664 1733 1707 1760 vel

923 1793 1004 1816 none.

959 1835 1007 1862 His
1029 1834 1110 1870 igitur
1136 1831 1362 1867 responsionibus
1385 1830 1420 1857 ab
1437 1829 1498 1856 aliis
1512 1826 1708 1862 Areopagitica:

924 1881 1061 1916 opinionis
1077 1879 1228 1906 fautoribus
1251 1878 1292 1905 vel
1311 1876 1409 1910 spretis
1429 1875 1471 1902 vel
1488 1874 1609 1906 omissis,
1624 1873 1708 1900 auda-

925 1932 982 1954 cter
1007 1926 1144 1953 atlirmant
1168 1925 1252 1951 citata
1277 1923 1422 1957 Ignatianaa
1445 1920 1565 1955 epistolae
1576 1919 1659 1946 verba
1674 1918 1708 1945 ab

926 1973 1018 2007 aliquo
1046 1972 1179 2009 insciente
1193 1974 1220 1997 et
1247 1976 1338 1996 rerum
1361 1969 1456 2002 ignaro
1482 1966 1669 2003 imprudenter
1682 1968 1709 1991 et

926 2019 1015 2052 ittepte
1037 2018 1063 2045 in
1091 2016 1209 2052 Dionysii
1232 2015 1337 2042 intrusa
1369 2019 1485 2042 textum.
1509 2012 1580 2039 Etid
1596 2011 1706 2045 quidem

926 2065 1048 2100 pluribus
1066 2063 1212 2091 momentis
1229 2061 1412 2090 demonstrari
1436 2066 1515 2094 posse
1529 2059 1707 2085 arbitrantur.

926 2110 1059 2139 Primum.
1073 2108 1135 2142 quia
1158 2107 1226 2135 nihil
1238 2107 1270 2134 ad
1288 2104 1409 2140 Dionysii
1425 2107 1615 2138 argumentum
1627 2101 1709 2128 iacie—

892 2183 895 2186 .
925 2157 972 2184 hat
989 2154 1099 2190 prmfata
1128 2154 1221 2188 Ignatii
1249 2153 1407 2179 auctoritas.
1440 2149 1584 2183 Dionysius
1608 2147 1708 2174 etetiitn

927 2201 961 2228 ibi
977 2203 1071 2236 probat
1085 2207 1178 2226 vocem
1197 2198 1278 2234 ἔρως,
1293 2205 1381 2228 amor,
1395 2195 1465 2230 apud
1480 2201 1572 2221 saeros
1584 2197 1711 2219 auctores

889 2244 912 2274 D
927 2247 954 2274 in
969 2248 1069 2274 bertam
1085 2250 1191 2280 partem
1206 2244 1303 2277 accipi.
1331 2243 1411 2277 Atqui
1429 2242 1532 2274 eadem
1551 2246 1603 2267 vox
1616 2239 1642 2265 in
1660 2239 1710 2265 hac

927 2292 985 2327 ipsa
1003 2290 1099 2326 lgnatii
1123 2289 1237 2324 epistola
1252 2296 1300 2322 pro
1323 2286 1542 2321 concupiscentia
1566 2290 1711 2317 umoreque

927 2338 1049 2365 terrestri
1072 2341 1229 2369 usurpatur.
1255 2335 1391 2365 Secundo,
1418 2333 1481 2368 quia
1508 2333 1557 2359 hac
1581 2332 1712 2366 perieope

927 2388 955 2410 et
975 2382 1109 2410 sententia
1135 2381 1229 2417 lgnatii
1255 2383 1372 2414 dempta,
1401 2378 1499 2405 tnelius
1524 2377 1575 2404 sibi
1594 2377 1712 2403 cohaeret

930 2428 1049 2464 Dionysii
1064 2428 1161 2455 oratio.
1193 2426 1297 2457 Tertio,
1316 2425 1501 2452 testimonium
1527 2423 1591 2451 illud
1617 2422 1711 2457 lgnatii

929 2477 999 2503 inter
1016 2475 1103 2502 media
1123 2481 1208 2501 sacrae
1235 2473 1384 2507 Scriptura:
1411 2471 1567 2498 testimonia
1596 2469 1713 2496 absurde

929 2522 1039 2549 omnino
1061 2521 1221 2548 collocatur.
1246 2519 1324 2545 Certe
1349 2517 1507 2552 prudentior
1530 2515 1673 2550 Dionysius
1687 2520 1710 2541 et

929 2572 990 2602 post
1015 2567 1104 2593 omnia
1133 2565 1231 2592 divinae
1259 2565 1408 2598 Scriptura:
1436 2562 1601 2593 testimonia,
1633 2566 1714 2595 atque

930 2614 1009 2640 etiam
1025 2617 1085 2647 post
1112 2613 1207 2639 allatas
1229 2618 1244 2638 a
1259 2618 1288 2638 se
1303 2610 1401 2637 ibidetn
1427 2608 1564 2635 llierothei
1592 2606 1712 2641 Inagistri

931 2661 970 2687 sui
994 2660 1171 2687 auctoritates
1185 2659 1208 2685 ei
1224 2659 1312 2685 locum
1328 2657 1458 2684 dedisset.
1474 2655 1596 2690 Denique
1620 2654 1714 2689 perio-

933 2705 981 2732 dus
997 2712 1056 2739 qua:
1071 2705 1142 2731 hanc
1154 2703 1250 2738 lguatii
1265 2703 1427 2730 sententiam
1452 2701 1597 2732 antecedit,
1613 2699 1700 2725 falsita

935 2755 986 2777 tein
1001 2749 1122 2777 continet
1144 2749 1354 2784 putidissimam,
1369 2752 1395 2774 et
1410 2753 1521 2774 auctore
1537 2752 1590 2773 tant
1608 2745 1715 2771 erudito

933 2803 1043 2831 prorsus
1063 2796 1207 2830 indignam.
1228 2794 1291 2823 lltec
1312 2800 1400 2822 autem
1427 2794 1553 2829 periodus
1565 2793 1606 2820 his
1626 2791 1714 2819 verbis
