1925 3070
216 177 248 205 δι

218 233 303 267 ιιοηςίι
315 232 368 260 11111·
392 242 399 260 :

218 287 324 307 crurum
341 278 543 312 Scripturarum
568 278 756 305 tractatoribus
781 286 873 305 nomen
895 278 1006 313 ἔραπος,

217 326 327 359 amaris,
353 326 469 353 divinius
490 333 650 361 este,quttm
675 333 769 352 nomen
796 324 917 360 ἀγάπης,
942 325 1010 351 dile-

219 373 322 399 ctionis.
337 373 372 399 At
388 372 449 406 hoc,
464 372 597 406 inquiunt.
617 371 791 398 falsissimum
818 375 868 398 est.
898 370 965 397 Nam
985 370 1007 396 si

220 425 316 444 nomen
332 419 442 449 amoris,
459 418 570 454 ἔρωτος,
590 418 706 446 divinius
727 422 799 445 esset
811 425 893 452 quam
910 424 1008 445 nomen

214 461 374 495 dilectionis,
392 463 512 498 ἀγάπης,
541 464 687 498 scriptores
715 463 784 490 sacri
803 469 835 489 eo
847 461 939 496 procul
957 462 1008 487 du-

209 508 262 534 bio
275 508 444 543 frequentius
467 514 619 536 uterentur.
637 509 717 543 Atqui
738 516 790 536 vox
810 507 879 543 ἔρως
896 508 921 534 111
934 506 1008 534 Novo

212 555 402 586 Testamento,
426 554 470 581 ubi
497 562 547 581 vox
574 554 668 589 ἀγάπη
696 554 755 588 plus
770 561 850 588 quant
877 552 1008 587 nonagies

211 600 347 632 occurrit,
374 608 423 628 nec
452 601 535 627 semel
561 601 669 636 quidem
696 601 830 634 reperitur
850 609 857 630 ;
876 601 901 626 in
918 599 1007 626 Veteri

210 652 307 673 autem
336 647 502 674 creberrime
529 647 602 682 legas
623 654 722 679 ,vocem
749 647 870 681 ἀγάπης,
888 647 929 674 bis
945 654 1009 674 vero

211 693 404 720 tantummodo
436 701 487 720 vox
521 693 600 729 ἔρως,
631 694 656 720 111
684 693 895 721 Proverbiorum
918 694 1008 726 libris,

217 741 249 765 ad
279 746 399 766 antorem
429 740 565 773 itnpurunt
586 745 610 766 et
636 740 778 774 profanum
799 741 1006 775 signiﬁcandum

216 786 360 813 adhibetur
374 786 396 801 “'
413 785 446 813 ὀ.
465 786 539 813 Unde
554 786 720 813 concludunt
743 791 771 814 et
794 787 915 821 pbrasitn
935 795 1007 822 pra:-

217 834 313 863 fatam.
341 839 422 868 atque
446 834 531 867 ipsiun
564 834 660 868 Ignatii
691 835 869 867 sententiam,
891 835 916 861 111
943 835 1007 861 Dio-

214 880 284 915 nysii
304 880 389 907 libros
408 880 491 907 fuisse
504 887 517 906 a
539 881 654 914 quodant
682 881 754 907 malo
772 881 871 908 feriato
897 881 1008 908 homine

215 926 348 953 intrusas.

249 971 303 999 Sed
320 971 390 998 hanc
420 972 674 1007 Areopagiticorum
701 973 868 1007 opinionem,
895 974 1007 1009 ejusque

214 1017 396 1050 firtttamettta,
414 1018 476 1045 inde
492 1018 650 1046 convellunt
674 1019 836 1052 adversarii,
860 1022 931 1055 quod
948 1022 1007 1048 11111-

213 1063 256 1090 lus
280 1071 398 1096 unquam
427 1065 553 1091 inventus
568 1064 604 1091 sit
620 1066 706 1092 codex
736 1074 816 1092 manu
840 1073 966 1094 exaratus
980 1068 1006 1094 111

211 1117 268 1144 quo
286 1109 329 1136 illa
348 1110 443 1145 lgnatii
468 1111 549 1138 verba
568 1112 594 1138 111
621 1116 694 1139 textu
723 1113 887 1147 Dionysiauo
911 1114 1005 1140 eadem

213 1162 295 1182 manu
308 1163 340 1182 ac
353 1161 452 1182 eaztcra
468 1158 559 1183 Omnia
575 1157 709 1191 descripta
739 1166 792 1184 uoti
820 1159 941 1191 reperire
956 1160 1002 1186 sit.

214 1200 284 1234 Quid
304 1202 447 1235 quod?ab
478 1208 591 1233 aucture
628 1204 732 1238 prologi
771 1204 951 1231 llotniliarum
979 1206 1004 1231 in

213 1247 336 1281 Cantica,
353 1255 434 1282 quem
446 1249 465 1274 A
472 1249 629 1284 reopagitici
642 1249 786 1284 Origeueut
798 1259 859 1278 esse
873 1251 1004 1285 fatentur,

213 1292 272 1320 inec
284 1295 379 1321 eadem
409 1295 490 1321 verba
507 1303 555 1329 pro
579 1303 642 1323 vere
667 1296 850 1332 DiOnysianis,
871 1303 898 1325 et
910 1299 1004 1325 eodem

212 1343 294 1372 atque
307 1339 340 1365 ab
355 1345 469 1367 auctore
483 1347 575 1368 nostro
591 1349 673 1368 sensu
690 1343 771 1368 citata
789 1342 914 1377 legimus.
933 1344 1005 1371 Nihil

212 1391 278 1418 ergo
293 1384 424 1419 Origenes
441 1386 468 1412 in
483 1386 515 1413 iis
534 1387 638 1414 invenit
653 1389 724 1421 quod
739 1396 791 1414 non
809 1395 880 1416 esset
895 1391 1004 1418 veritati

213 1436 378 1461 consonum,
397 1437 471 1458 recto
492 1432 587 1457 ordine
609 1432 755 1466 digestum,
772 1438 800 1460 et
825 1435 859 1460 ad
887 1442 917 1460 ea
945 1442 1005 1468 qua:

214 1473 357 1510 Dionysius
381 1476 540 1505 intendebat
563 1479 703 1512 probanda
729 1485 822 1511 aptum
847 1483 958 1508 omnino
976 1485 1004 1508 et

212 1528 390 1549 εοηνυιιιεηε.

806 173 833 202 S.
857 171 1041 200 DlO‘lYSlUS
1061 171 1290 200 ABEOPAGITA.

441 232 530 259 Visum
568 237 605 259 est
642 232 800 267 quibusdam
832 233 930 258 nostris
964 241 1009 258 sa-
1025 233 1047 260 A
1061 232 1146 258 ctoris
1161 233 1245 258 nostri
1260 230 1399 265 operibus,
1417 230 1470 258 dici
1487 230 1618 258 deberent
1640 235 1744 262 assuta,
1760 232 1850 267 iisque

1023 909 1044 936 Β

248 1567 333 1596 Porro
350 1577 440 1598 autent
459 1580 492 1598 ex
516 1573 568 1600 hoc
595 1573 722 1608 Origenis
747 1583 794 1603 seu
822 1577 941 1604 auctoris
956 1579 1003 1604 ha-
1018 1583 1038 1611 ί]

213 1623 272 1642 rum
291 1615 468 1644 llomiliarnm
489 1620 646 1647 testimonio
671 1623 726 1648 ruit
749 1623 865 1656 primum
883 1625 1003 1658 Areopa-

211 1661 356 1696 giticoruni
381 1669 556 1691 momentum.
576 1665 684 1693 Putavit
711 1669 783 1694 enim
806 1669 860 1700 ille.
876 1678 908 1696 ac
920 1672 1002 1697 etiattt

212 1707 259 1734 alii
273 1713 334 1741 post
348 1715 409 1736 eunt
432 1710 629 1745 Areopagitici,
655 1721 754 1741 ttomeu
769 1714 839 1747 ἔρως
852 1716 885 1743 ab
899 1716 1002 1750 lgnatio

211 1753 238 1780 in
258 1754 355 1781 bonam
377 1761 482 1790 partem
510 1758 611 1793 accipi.
636 1759 728 1787 Potuit
760 1769 824 1795 ergo
853 1767 880 1789 et
907 1769 1003 1790 auctor

211 1803 304 1826 noster
331 1800 358 1826 in
377 1802 470 1828 cadent
495 1810 556 1830 esse
580 1805 719 1838 opinione,
747 1811 829 1842 atque
855 1816 888 1835 co
908 1816 1001 1841 sensu,

211 1853 293 1879 quem
310 1854 405 1874 verum
425 1849 628 1885 genuinumque
656 1858 717 1879 esse
739 1854 862 1887 putabat,
881 1854 950 1881 hanc
963 1855 1004 1881 ci-

212 1897 270 1919 tare
285 1891 381 1928 lgnatii
409 1897 584 1923 sententiam.
609 1898 654 1928 At,
685 1898 803 1933 inquies,
834 1901 885 1928 ltoc
901 1901 1001 1929 falsum

209 1942 253 1965 est.
267 1939 390 1966 omnino.
410 1940 506 1968 Falsus
534 1947 575 1969 est
596 1950 673 1976 ergo,
703 1943 839 1978 inqttient,
857 1944 1001 1981 Origenes,

212 1984 271 2012 falsi
288 1991 351 2012 suttt
365 1991 392 2013 et
411 1987 468 2013 alii.
488 1987 573 2015 Porro
589 1989 610 2015 si
629 1989 655 2016 in
671 1989 722 2017 ltoc
736 1998 784 2018 eos
804 1998 912 2019 errasse
927 1993 1003 2020 dixe-

211 2030 261 2062 ris,
277 2031 371 2064 quidui
385 2036 413 2058 et
427 2039 521 2060 errare
547 2034 634 2068 potuit
661 2035 889 2071 Dionysianorum
905 2044 1002 2066 auctor

211 2075 329 2110 Opetum
345 2076 427 2104 ?lllos
438 2083 527 2106 tanien
543 2087 596 2106 non
608 2087 718 2109 errasse
734 2082 798 2110 hinc
811 2091 862 2110 non
883 2085 1001 2112 absurde

209 2122 350 2156 conjicias,
369 2125 439 2158 quod
464 2133 561 2153 uontcn
591 2126 661 2162 ἔρως
691 2129 716 2155 111
742 2129 775 2156 iis
795 2138 856 2164 qua:
880 2131 1002 2159 citantur

211 2167 306 2202 lguatii
322 2171 423 2203 verbis,
440 2179 490 2206 pro
507 2180 600 2200 amore
615 2175 752 2208 spirituali
769 2181 796 2202 et
808 2177 899 2203 divino
915 2180 1001 2212 possit

211 2217 347 2251 usurpari,
377 2219 503 2251 quamvis
530 2219 556 2245 111
580 2221 822 2255 subsequentibus,
849 2230 909 2257 qua:
938 2224 1000 2251 itide

1814 173 1850 200 δί

1060 277 1199 308 insita.ut
1225 276 1283 303 haec
1301 275 1434 309 objecisse
1463 276 1670 311 Areopagiticos
1699 277 1850 312 aliquando

1059 323 1213 357 paeniteret.

1096 371 1141 401 At,
1155 370 1293 404 inquiunt,
1307 369 1454 405 Dionysius
1473 377 1526 397 nou
1539 374 1648 404 poterat
1661 371 1850 398 testimonium

1059 416 1155 451 lgnatii
1172 417 1232 444 aliis
1254 424 1340 444 sacrae
1364 416 1515 451 Scriptura:
1537 416 1703 444 testimoniis
1730 417 1850 443 medium

1061 462 1218 497 interjicere
1234 470 1242 494 ;
1259 463 1305 489 sed
1328 462 1394 489 illud
1417 469 1477 493 suo,
1493 462 1520 489 id
1534 467 1576 488 est
1590 461 1697 494 ultimo,
1712 462 1849 496 posuisset

1060 509 1130 535 loco.
1148 508 1203 536 Nec
1229 509 1340 540 majoris
1366 508 1496 543 ponderis
1510 512 1551 534 est
1565 508 1616 534 ista
1634 507 1848 542 argumentatio.

1060 552 1127 584 Quis
1144 552 1217 579 enim
1235 552 1385 587 scriptores
1398 553 1441 580 his
1464 552 1636 580 citandorum
1662 552 1793 579 librorum
1810 552 1848 579 lt}

1059 598 1138 633 gibus
1165 598 1201 625 ita
1233 599 1318 625 teneri
1339 599 1444 631 credat,
1459 604 1490 626 ut
1503 600 1536 626 al)
1552 600 1585 626 iis
1608 607 1661 626 non
1689 599 1770 627 liceat
1799 607 1847 626 uu-

1060 653 1141 679 quam
1155 650 1340 673 transversum
1357 654 1475 681 unguem
1491 647 1633 675 discedere
1648 647 1659 673 ?
1673 647 1735 674 Hac
1749 647 1849 682 quippe

1060 692 1097 719 ita
1110 692 1133 719 si
1158 700 1187 719 se
1209 693 1351 726 haberent,
1367 698 1443 728 quot,
1462 694 1531 720 bone
1547 694 1618 721 Deus
1630 694 1637 720 !
1650 698 1795 721 occurrent
1809 697 1851 721 te-

1059 739 1187 765 stimonia
1205 744 1327 766 veterum
1344 740 1369 766 in
1385 739 1469 766 variis
1488 740 1670 774 posteriorum
1684 739 1849 774 scriptorum

1060 785 1138 812 libris
1162 785 1195 812 ab
1213 785 1394 812 inscientibus
1419 791 1446 813 et
1473 786 1576 820 ignaris
1598 786 1785 820 imprudenter
1807 786 1850 812 in-

1060 833 1147 857 trusa.
1170 833 1198 855 et
1212 836 1244 855 ex
1265 828 1297 855 iis
1323 829 1453 864 deinceps
1482 830 1597 857 delenda
1615 831 1623 858 l
1639 830 1710 864 Quot
1733 838 1851 865 namque

1059 875 1209 909 scriptores
1231 875 1265 902 de
1293 882 1336 908 ea,
1353 883 1413 910 qua:
1441 884 1515 904 nuttc
1541 877 1721 911 desideratur,
1748 877 1850 905 citandi

1061 921 1192 948 tnethodo
1206 929 1239 948 ne
1267 922 1458 956 cogitaverunt
1481 923 1591 956 quidem
1605 923 1616 949 ἶ)
1628 922 1698 956 Quot
1714 923 1740 950 111
1755 931 1849 950 eorum

1059 965 1195 1001 Operibus
1218 969 1350 1001 permisla
1377 969 1499 1001 reperies
1515 967 1665 1003 Scriptura:
1679 969 1851 1004 Patrumque

1059 1014 1243 1048 antiquiorum
1260 1016 1439 1042 testimonia?

1093 1058 1186 1093 Neque
1201 1064 1261 1086 erat
1273 1068 1339 1088 sane
1354 1061 1425 1095 quod
1449 1061 1619 1089 fastidiosius
1632 1061 1783 1095 objicerent
1803 1068 1851 1096 pe-

1059 1105 1174 1137 riodum,
1202 1114 1263 1141 qua:
1287 1108 1350 1134 ltuic
1376 1107 1471 1142 lgnatii
1499 1108 1642 1135 sententia:
1670 1109 1851 1143 prmponilur,

1058 1152 1206 1179 falsitatem
1231 1154 1372 1180 continere
1396 1154 1607 1188 putidissimam.
1625 1155 1731 1182 Etenim
1746 1161 1778 1181 co
1793 1163 1849 1189 quo

1057 1199 1214 1225 enuntiatur
1244 1199 1334 1230 modo,
1359 1199 1426 1226 nihil
1444 1201 1470 1226 in
1489 1208 1520 1227 ea
1541 1200 1592 1227 nisi
1609 1201 1781 1227 verissimum
1797 1201 1846 1228 de<

1058 1244 1251 1277 prehenditur.
1277 1245 1338 1272 lla:c
1357 1246 1456 1280 quippe
1482 1246 1619 1280 ipsissima
1638 1252 1710 1278 sunt.
1726 1252 1753 1274 ut
1767 1255 1852 1281 supe-

1059 1290 1115 1317 rius
1132 1291 1235 1317 dictttm
1249 1296 1304 1322 est,
1320 1293 1440 1319 auctoris
1466 1293 1550 1319 nostri
1578 1294 1661 1320 verba
1679 1302 1685 1320 :
1706 1292 1794 1320 Visum
1809 1299 1848 1321 est

1056 1337 1214 1371 quibusdam
1231 1339 1328 1365 nostris
1344 1347 1483 1365 sacrarum
1504 1338 1704 1373 Scripturarum
1716 1345 1848 1367 tractato-

1057 1384 1129 1410 ribtts
1144 1392 1237 1411 nomen
1262 1385 1363 1411 amoris
1386 1386 1501 1412 divinius
1524 1393 1581 1412 esse
1595 1394 1673 1421 quam
1701 1395 1793 1413 nomen
1808 1387 1851 1414 di-

1057 1429 1193 1457 lectionis.
1209 1430 1374 1463 Quibusdam
1399 1432 1478 1464 dixit,
1507 1440 1559 1460 non
1583 1433 1719 1460 omnibus.
1736 1434 1770 1460 At
1788 1435 1849 1467 qui-

1056 1477 1168 1503 busdam
1182 1477 1208 1503 id
1225 1478 1260 1504 ita
1285 1479 1372 1504 visum
1398 1478 1482 1506 fuisse
1503 1484 1556 1505 tam
1585 1485 1745 1507 constanter
1767 1484 1848 1514 puta-

1056 1523 1111 1554 bat,
1128 1529 1155 1550 111
1170 1525 1318 1558 scriptores
1333 1530 1361 1551 et
1384 1525 1497 1560 scripta,
1525 1525 1569 1553 ubi
1594 1526 1620 1553 id
1640 1526 1769 1553 traditum
1794 1532 1847 1558 est,

1057 1570 1101 1598 ille
1127 1571 1255 1598 continuo
1282 1572 1458 1600 indicaverit.
1477 1572 1510 1599 Et
1525 1577 1599 1600 certe
1628 1573 1674 1607 qui
1700 1573 1756 1600 haec
1774 1573 1842 1607 obji-

1055 1620 1141 1650 ciunt,
1155 1624 1182 1645 et
1205 1619 1254 1653 ipsi
1278 1620 1397 1646 fatentur
1415 1621 1478 1647 illud
1503 1628 1600 1647 nomen
1626 1622 1725 1647 artioris
1744 1621 1770 1647 111
1785 1621 1848 1648 aliis

1055 1673 1136 1700 quam
1149 1665 1182 1692 iis
1196 1667 1241 1700 qui
1264 1666 1297 1693 ab
1311 1672 1426 1694 auctore
1453 1672 1549 1695 nostro
1574 1667 1703 1699 citantur,
1729 1667 1846 1694 inveniri

1056 1713 1205 1748 Scriptura:
1226 1721 1313 1741 sacrm
1330 1714 1417 1742 libris.

1351 1771 1465 1799 CAPUT
1491 1771 1548 1799 XII.

1055 1814 1186 1852 Qum-tum
1203 1822 1402 1852 argumentum,
1428 1824 1460 1843 ex
1484 1817 1598 1843 aliorum
1620 1817 1741 1849 operibus
1764 1824 1844 1852 atque

1090 1851 1256 1883 opinionibus
1272 1852 1303 1877 ab
1319 1858 1428 1878 auctore
1451 1859 1540 1878 nostro
1554 1853 1642 1878 citatis
1657 1853 1810 1879 deductum.

1090 1896 1184 1931 Neque
1210 1905 1292 1932 porro
1319 1898 1378 1925 sola
1410 1898 1444 1925 ab
1471 1904 1586 1925 auctore
1626 1904 1720 1925 nostro
1760 1898 1845 1925 citata

1055 1942 1149 1977 lgnatii
1175 1944 1336 1975 auctoritas,
1357 1945 1404 1971 sed
1420 1945 1502 1971 etiam
1529 1945 1735 1978 Bartholounei,
1762 1945 1844 1977 Justi,

1055 1995 1081 2015 et
1097 1989 1249 2021 Hierothei,
1272 1991 1451 2025 praeceptoris
1468 1991 1521 2023 sui,
1540 1992 1644 2026 prolata
1657 1993 1690 2019 ab
1706 1992 1750 2018 illo
1767 1993 1846 2019 testi—

1055 2037 1158 2068 monia,
1178 2037 1266 2070 ipsum
1297 2038 1455 2072 Dionysium
1484 2039 1677 2073 Areopagitam
1703 2047 1756 2066 non
1784 2046 1846 2066 esse

1056 2082 1134 2116 plane
1149 2082 1340 2109 demonstrare
1363 2083 1625 2118 Autiareopagitiets
1640 2084 1776 2111 videntur.
1791 2084 1845 2112 Ve-

1055 2137 1113 2155 runt
1144 2129 1285 2156 enimvero
1312 2129 1420 2155 ubinam
1445 2130 1568 2164 gentium
1595 2130 1761 2158 exstiterunt
1791 2131 1846 2158 1111-

1054 2176 1160 2210 quando
1183 2175 1238 2206 illa.
1253 2183 1313 2210 qua:
1328 2176 1373 2203 ille
1389 2177 1467 2208 citat,
1481 2180 1619 2203 tantorum
1637 2177 1756 2204 virorum
1774 2177 1846 2211 Ope-

1055 2222 1110 2249 ra?
1128 2223 1195 2255 Quis
1209 2230 1240 2249 ea
1257 2226 1375 2257 unquam
1401 2230 1501 2256 praeter
1526 2224 1600 2250 hunc
1624 2229 1766 2251 auctorem
1792 2231 1842 2250 no-

208 2268 305 2290 auetor
321 2270 415 2291 noster
435 2266 537 2298 intulit,
552 2274 601 2300 pro
613 2268 750 2294 exstincto
770 2270 999 2303 concupiscentia:
1016 2262 1038 2289 ί)
1052 2273 1139 2295 strum
1168 2269 1293 2295 laudasse
1321 2268 1482 2302 perhibetur
1495 2268 1507 2295 ἱ)
1519 2268 1662 2301 Quomodo
1675 2276 1707 2295 ea
1723 2268 1844 2299 Eusebii.

210 2310 271 2345 igne
286 2311 447 2346 accipiatur.

244 2356 322 2390 Quod
338 2363 429 2384 autent
444 2358 581 2393 objicitur,
608 2361 658 2386 ltac
672 2359 785 2394 periodo
799 2361 920 2395 dempta,
933 2361 998 2389 Dio-

208 2403 350 2437 nysianant
378 2404 529 2431 orationem
557 2405 656 2432 melius
687 2405 737 2432 sibi
764 2407 913 2440 cohaerere,
940 2408 998 2436 leve

208 2451 321 2477 omnino
339 2451 547 2485 cstnulliusque
576 2453 717 2478 momenti.
744 2451 815 2479 Idem
830 2455 928 2489 quippe
943 2455 994 2482 dici

208 2501 301 2530 posset
313 2497 346 2523 de
368 2496 430 2524 aliis
444 2503 586 2525 auctorum
611 2497 698 2530 libris,
713 2499 738 2525 in
753 2499 851 2534 quibus
868 2500 946 2534 plura
962 2501 996 2527 ad

207 2540 309 2576 aliquid
338 2542 508 2576 probandunt
535 2549 722 2578 congeruntur
744 2545 900 2572 testimonia
927 2547 999 2573 anti-

208 2591 346 2626 quiorum.
363 2591 421 2619 Uno
440 2593 512 2619 enim
530 2597 558 2619 et
570 2593 657 2620 altero
683 2595 802 2627 sublato,
823 2596 919 2623 melius
931 2604 999 2630 quo-

207 2646 262 2673 que
279 2639 421 2673 scriptoris
438 2641 525 2668 oratio
550 2641 602 2668 sibi
626 2641 766 2668 cohaerere
789 2642 947 2678 plerumque
959 2643 997 2669 vi-

207 2686 327 2712 debitur.
345 2686 447 2714 Deinde
473 2687 495 2714 si
520 2688 628 2721 quoties
656 2688 748 2714 deleta
768 2689 859 2722 aliqua
883 2687 997 2722 periodo

206 2732 295 2759 oratio
310 2733 361 2759 sibi
378 2734 474 2760 melius
492 2735 631 2761 coha:rere
657 2740 798 2767 censetur,
824 2734 906 2762 toties
922 2742 997 2761 eam-

208 2779 268 2804 dcnt
288 2779 429 2810 periodum
448 2781 534 2807 textui
560 2781 681 2807 auctoris
708 2781 810 2807 dixeris
839 2788 900 2807 esse
921 2779 996 2813 adje-

207 2830 291 2856 ctam,
308 2831 346 2851 tot
364 2825 389 2851 in
410 2825 537 2853 Ecclesia:
555 2827 666 2854 Patrum
695 2833 778 2862 atque
794 2827 820 2853 in
836 2826 930 2861 primis
946 2834 996 2852 au-

249 2916 308 2933 ”-"
325 2915 401 2945 l‘t‘ov.
422 2925 469 2950 111,
512 2917 543 2946 18
577 2924 602 2946 et
618 2927 680 2948 ut.
701 2919 742 2946 16.

1053 2315 1252 2342 accuratissimi
1280 2315 1533 2348 antiquissimorum
1555 2315 1843 2349 scriptorumscruta-

1054 2364 1131 2393 toris,
1160 2363 1331 2396 aliorumque
1359 2361 1480 2388 omnium
1507 2361 1675 2396 diligentiam
1692 2362 1844 2396 fugerunt?

1052 2408 1178 2444 Nunquid
1196 2409 1276 2435 unius
1297 2408 1423 2443 apostoli,
1439 2414 1467 2435 et
1483 2409 1598 2435 duorum
1629 2409 1841 2443 apostolicorum

1053 2455 1192 2482 hominum
1207 2456 1321 2488 scripta,
1349 2461 1401 2480 tant
1419 2455 1475 2482 cito
1490 2455 1643 2489 perierunt,
1661 2455 1774 2481 utnulla
1794 2462 1842 2481 eo-

1054 2510 1112 2528 rum
1129 2501 1179 2527 nisi
1193 2501 1263 2535 apud
1275 2505 1415 2528 auctorem
1431 2507 1554 2527 nostrum
1571 2501 1673 2528 mentio
1688 2501 1843 2528 habeatur?

1052 2548 1132 2574 Certe
1148 2546 1285 2573 llierotltei
1297 2567 1304 2578 ,
1318 2547 1363 2581 qui
1379 2547 1500 2582 Dionysii
1517 2547 1688 2581 Areopagitae
1713 2547 1842 2581 magister

1051 2599 1078 2621 et
1100 2592 1176 2620 Pauli
1206 2592 1323 2626 apostoli
1342 2592 1495 2628 discipulus
1524 2592 1609 2619 fuisse
1623 2593 1733 2624 dicitur,
1761 2592 1842 2626 cujus

1052 2641 1139 2675 pietas
1167 2644 1194 2666 et
1221 2639 1345 2667 doctrina
1369 2639 1485 2666 suminis
1511 2638 1678 2666 extolluntur
1703 2638 1840 2670 laudibus,

1053 2686 1129 2718 tanti,
1168 2685 1306 2720 inquiunt,
1351 2685 1403 2712 viri
1434 2693 1517 2720 opera
1556 2685 1648 2712 omnia
1673 2692 1687 2711 a
1713 2684 1842 2720 Dionysio

1052 2732 1148 2758 saltem
1163 2737 1190 2758 et.
1203 2731 1346 2757 Timotheo
1369 2730 1514 2765 publicari,
1535 2735 1563 2757 et
1587 2731 1620 2757 de
1632 2737 1727 2757 θοι-11111
1750 2730 1839 2756 mani-

1052 2779 1101 2805 bus
1129 2779 1155 2804 111
1193 2777 1412 2805 Christianorum
1445 2777 1567 2804 omniutn
1598 2784 1695 2803 tuanus
1725 2776 1841 2808 venire,

1056 2827 1175 2862 ipsisque
1197 2833 1305 2853 summo
1332 2833 1391 2852 esse
1409 2826 1434 2852 in
1452 2825 1549 2861 pretio,
1566 2832 1596 2851 ac
1611 2824 1636 2850 in
1655 2823 1840 2851 Ecelesiarum
