1925 3070
89 187 123 213 55
144 213 151 219 ,
755 182 1024 210 PROLEGOMENA.
1680 188 1714 215 34

84 242 204 273 srriniiS,
220 248 247 268 et
262 243 450 276 episcoporum
469 241 643 269 bibliothecis
669 241 805 268 asservari
821 241 871 268 de-
888 244 906 270 A
926 246 999 270 runt.
1016 245 1044 267 ut
1061 241 1163 267 millum
1177 248 1272 267 eorum
1286 242 1425 269 exstiterit
1437 247 1587 278 vestigium.
1604 244 1657 271 Sed
1672 246 1715 272 his

86 288 196 316 hebant.
221 287 277 313 Cur
301 295 366 321 ergo
393 287 472 320 hujus
498 288 595 314 summi
619 288 682 318 viri,
712 287 757 321 qui
778 287 873 321 μέγας

86 331 172 366 ἥλιος
198 332 361 367 appellatur,
384 332 472 367 Opera
495 333 580 360 tantis
604 334 722 360 tenebris
747 338 873 367 tantaque

79 379 220 406 oblivione
243 380 340 406 obruta
365 384 440 410 sunt.
470 384 499 406 ut
518 380 619 406 nullum
651 387 745 407 eorum
770 379 820 406 nisi
847 380 872 406 in

81 425 204 453 auctoris
232 426 318 452 nostri
349 426 460 459 scriptis
478 426 621 460 vestigium
646 425 872 460 supersit‘luuid

85 471 156 503 med
173 473 201 496 et.
224 470 282 504 ipsa
311 470 447 498 Ilierolhei
475 471 630 498 testimonia
657 478 709 497 non
723 471 777 497 alio
790 478 871 505 quam

80 516 207 542 auctoris
223 516 309 543 nostri
331 516 403 551 ston
420 522 533 543 exarata
547 517 675 544 videntur
688 517 699 542 ἱ)
712 516 783 543 Idem
799 516 873 543 enim

82 561 108 586 in
139 562 264 596 utrisque
293 568 322 589 et
348 563 487 598 ingenium
519 567 546 590 cl
571 563 682 594 locutio,
717 567 873 597 czeleraqne

83 608 176 634 omnia
205 609 255 636 sibi
284 609 363 643 plane
387 609 488 636 similia
513 609 665 644 legentibus
678 610 766 642 prima
784 608 873 635 l'rome

83 661 243 681 occurrunt.
257 655 295 682 Ex
309 656 407 690 quibus
430 663 481 682 non
507 657 651 682 temeraria
679 662 792 689 prorsus
807 663 873 682 con—

82 699 189 732 jectura
210 702 326 735 capitur,
353 702 437 729 libros
463 701 603 729 Hierothei
639 709 790 736 nunquam,
817 701 869 729 nisi

84 745 260 781 Dionysianis
277 747 303 773 in
317 747 560 779 lucubrationibus.
573 747 662 774 editos
675 747 701 773 in
712 747 811 774 lucem.

118 791 160 817 Ad
178 790 235 818 haec
250 799 326 823 vero,
350 797 446 819 auctor
474 797 568 821 noster
597 799 650 819 non
679 793 766 820 solum
793 792 870 827 plura

83 835 288 870 incognitorum
314 837 454 864 hominum
481 838 608 873 producit
639 839 806 871 testimonia,
823 838 871 866 sed

84 883 175 909 varias
202 883 284 910 etiam
305 883 447 911 doctorum
464 885 603 912 hominum
617 885 760 920 opiniones
774 886 809 912 ita
827 893 870 912 re-

83 927 147 958 lert.
163 928 238 956 utiis
252 931 440 957 tantummodo
464 937 533 964 quas
554 938 618 957 vero
643 931 785 966 propiores
807 939 869 959 esse

81 975 266 1008 existimabat,
296 983 326 1003 se
350 977 491 1004 adhaerere
517 982 643 1004 testetur.
674 977 724 1005 Ubi
743 978 815 1005 enim
835 979 869 1005 de

82 1020 226 1055 Seraphim
240 1022 311 1055 quod
331 1021 364 1048 ad
385 1022 480 1048 Isaiam
504 1023 616 1049 missum
631 1027 685 1053 est.
699 1023 841 1050 disserit"
859 1032 866 1050 :

81 1062 226 1096 Nonnulli,
253 1065 350 1099 inquit,
364 1065 443 1099 juxta
467 1067 626 1102 assignatam
642 1068 673 1093 de
692 1068 808 1094 omnium
824 1069 867 1095 in-

82 1109 287 1143 telligentiarum
326 1111 507 1138 communione
543 1112 721 1145 deﬁnitionem
745 1113 868 1141 aiunt....

80 1156 155 1181 Alius
166 1156 227 1181 item
243 1155 316 1182 haud
330 1156 473 1183 admodum
498 1158 667 1192 incongruam
683 1158 747 1184 milii
759 1159 868 1186 tradidit

80 1201 250 1228 solutionem.
279 1202 369 1229 Aiebat
391 1203 471 1234 enim,
495 1209 548 1230 etc.
574 1204 606 1230 Et
620 1204 653 1230 dc
668 1205 768 1238 hymno
781 1205 826 1239 qui
842 1206 867 1231 in

81 1247 162 1274 missa
178 1247 298 1275 ﬁdelium
313 1250 474 1276 cantabatur
487 1250 509 1265 ²¹
525 1259 532 1276 :
549 1249 626 1277 Ilunc
642 1255 729 1277 autem
745 1251 868 1286 hymnum

81 1293 126 1320 alii
140 1294 228 1321 laudis
251 1295 393 1327 canticum,
415 1297 463 1322 alii
489 1296 622 1330 religionis
649 1297 806 1332 symbolum,
820 1298 868 1324 alii

81 1340 201 1375 denique,
223 1349 281 1368 mea
295 1342 399 1376 quidem
424 1343 564 1374 sententia,
590 1344 786 1370 lucrare/ticam
810 1344 867 1370 Eu—

80 1387 247 1419 charistiam,
264 1392 317 1415 etc.
334 1387 367 1414 Et
383 1389 415 1414 de
430 1388 646 1422 Seraphinorum
663 1390 713 1416 alis
726 1390 768 1416 u:
785 1389 868 1417 Sena:

82 1434 151 1467 alas,
163 1442 231 1469 quas
249 1433 364 1469 Eloquia
383 1441 597 1465 commemorant.
624 1443 675 1462 non
687 1436 809 1462 existimo
822 1445 867 1462 sa-

80 1489 153 1507 crum
171 1489 308 1508 numerum
326 1482 461 1513 denotare,
478 1487 506 1508 ut
527 1483 682 1517 quibusdam
699 1483 809 1516 placuit.
823 1483 868 1509 sed

79 1526 151 1558 ipsas
180 1527 304 1553 tirtutes.
333 1526 464 1560 Denique,
482 1532 511 1554 ut
533 1532 629 1554 caetera
659 1532 808 1559 taceamus,
834 1527 868 1554 de

79 1571 213 1599 electione
227 1572 317 1599 sancti
342 1572 460 1599 Matthiae
487 1574 543 1600 haec
573 1573 655 1600 habet
673 1585 678 1600 :
697 1572 763 1600 Cum
778 1579 866 1600 autem

78 1616 109 1643 de
119 1617 209 1644 divina
224 1617 271 1644 illa
284 1622 353 1644 sorte
363 1626 422 1652 quae
435 1619 558 1645 divinitus
574 1627 652 1652 super
667 1619 807 1645 Matt/tiam
822 1627 865 1645 ce-

79 1664 154 1697 cidit,
169 1664 217 1691 alii
228 1664 260 1691 ab
275 1665 335 1691 aliis
350 1672 406 1691 meo
429 1664 533 1698 quidem
545 1665 649 1698 judicio
671 1672 723 1690 non
735 1669 802 1690 recte
814 1664 858 1690 di—

79 1719 153 1737 versa
166 1712 304 1742 senserint.
322 1719 407 1738 meam
433 1711 487 1745 ipse
501 1711 655 1738 sententiam
679 1719 816 1741 exponant.
832 1711 867 1739 At

79 1764 143 1784 vero
155 1757 217 1792 quis
231 1757 344 1784 inducat
358 1757 409 1784 sibi
431 1758 456 1783 in
473 1757 592 1784 animum
616 1757 774 1791 apostolims
799 1761 867 1784 tem-

79 1803 191 1837 poribus
219 1803 391 1831 Christianos
419 1803 547 1838 virosque
574 1803 740 1837 apostolicos
769 1804 794 1830 in
811 1809 865 1830 tam

79 1850 171 1877 varias
193 1850 268 1877 hisce
292 1851 325 1877 de
342 1849 423 1878 rebus
450 1851 552 1877 abiisse
579 1849 820 1884 opiui0ncs?Quis
834 1850 868 1876 de

77 1903 119 1927 eo,
135 1904 190 1931 quo
204 1895 333 1923 Matthias
348 1897 373 1923 in
394 1897 540 1932 proditoris
564 1896 640 1923 .Illtitc
656 1897 743 1923 locum
759 1903 866 1923 assum-

79 1947 139 1976 ptus
153 1948 197 1970 est
214 1943 305 1976 modo,
320 1943 464 1977 divinaque
479 1943 537 1976 ejus
564 1947 638 1970 sorte
666 1947 693 1970 et
721 1942 866 1975 electione.

79 1995 183 2017 tantum
219 1990 292 2016 inter
322 1996 371 2016 eos
404 1988 567 2021 dissidium,
606 1993 762 2023 tantamque
785 1989 868 2017 fuisse

79 2035 244 2062 discordiam
262 2034 432 2062 crediderit?
446 2033 572 2068 Nunquid
588 2035 770 2069 apostolorum
786 2034 869 2062 disci-

78 2080 131 2114 puli
153 2081 188 2107 ab
210 2080 278 2115 ipsis
293 2087 348 2107 non
375 2080 528 2107 didicerant
555 2080 692 2115 quomodo
720 2088 751 2107 ea
770 2081 868 2108 electio

79 2127 149 2154 facta
162 2127 263 2154 fuerit?
288 2127 342 2154 Fac
362 2131 453 2153 autem
475 2126 508 2153 de
524 2133 554 2152 ea
571 2126 638 2153 nihil
652 2127 685 2152 ab
700 2127 740 2154 eis
755 2135 869 2162 accepe-

80 2173 145 2206 rint,
160 2177 236 2200 certe
262 2173 280 2199 ii
309 2174 343 2200 ab
364 2172 426 2200 aliis
439 2172 624 2206 apustolorum
638 2172 730 2205 sociis,
749 2179 868 2201 autsuc-

78 2219 242 2252 cessoribus,
270 2220 317 2254 qui
335 2220 423 2248 adhuc
448 2220 475 2247 in
498 2220 567 2247 vivis
579 2225 676 2253 erant,
697 2225 802 2255 poterat
820 2228 868 2248 eo—

924 293 1019 320 parum
1048 286 1112 312 moti
1140 293 1234 312 eorum
1262 288 1426 320 adversarii,
1454 290 1617 323 arguuntde
1634 291 1715 318 rebus

924 331 1032 364 quidem
1049 339 1108 365 qua:
1133 332 1166 358 ad
1184 331 1245 358 fidei
1277 333 1430 359 doctrinam
1455 335 1613 367 pertinent,
1631 336 1715 363 fuisse

925 384 1034 411 semper
1054 377 1080 403 iu
1096 376 1217 404 Ecclesia
1240 378 1274 404 ab
1289 378 1425 405 haereticis
1449 380 1565 413 agitatas
1585 382 1715 414 (limestio-

925 430 988 455 nes;
1013 428 1040 449 at
1054 424 1087 450 de
1102 423 1183 450 rebus
1205 432 1265 457 qua:
1290 424 1362 450 inter
1385 425 1525 458 apostolos
1550 426 1660 460 publice
1677 427 1716 454 rl-

924 474 1009 503 tuque
1026 469 1141 496 solemni
1162 474 1280 503 peracta:
1293 474 1367 502 sunt,
1381 478 1504 505 quasque
1518 478 1614 498 omnes
1629 473 1662 498 ah
1672 471 1715 500 eis

924 522 1074 548 eormnque
1103 515 1187 542 sociis
1214 520 1340 550 poterant
1370 515 1449 542 facile
1469 516 1587 548 edoceri,
1611 517 1714 545 nullam

924 561 956 588 de
972 567 1025 594 qua
1039 561 1064 587 in
1079 561 1190 594 scriptis
1205 562 1401 596 disputaretur,
1423 563 1498 588 nasci
1515 563 1637 596 potuisse
1652 564 1711 591 dis-

923 607 1089 633 sensionem.
1108 606 1193 634 Porro
1223 607 1311 642 Opera
1340 607 1489 640 Hierothei,
1516 616 1549 635 ac
1571 608 1715 637 Bartholo—

925 652 996 683 magi,
1011 655 1038 678 et
1056 650 1136 683 Justi.
1164 659 1216 678 non
1246 657 1395 686 potuerunt
1427 657 1502 679 tanta
1535 654 1668 682 facilitate
1682 660 1715 682 ac

923 696 1039 723 aliorum
1065 696 1271 724 lucubrationes
1304 697 1442 724 oblivione
1467 703 1597 732 perpetua
1621 698 1713 726 obrui.

925 741 1040 769 Constat
1059 742 1159 777 quippe
1170 750 1212 774 ea,
1231 743 1251 770 si
1275 743 1401 778 Dionysio
1424 744 1578 776 credamus,
1611 745 1636 771 in
1654 744 1714 777 ejus

922 794 953 814 ac
968 787 1104 814 Timothei
1120 795 1218 814 manus
1232 788 1359 814 vertisse:
1388 795 1438 814 nec
1455 787 1567 815 dubium
1588 793 1630 815 est
1648 789 1713 822 quin

924 834 968 860 illa
993 842 1054 860 cum
1084 834 1207 868 plurimis
1223 854 1230 864 .
1261 842 1275 860 a
1301 834 1400 868 quibus
1427 842 1533 860 summa
1561 842 1625 861 cura
1648 842 1708 861 con-

922 881 1027 907 servari
1061 880 1235 912 debuerunt,
1267 880 1425 907 censuerint
1462 887 1522 907 esse
1561 881 1714 907 communi-

885 915 906 942 Β
920 927 1017 953 cauda.

1215 984 1330 1011 CAPUT
1349 983 1416 1011 XIII.

921 1028 1048 1061 Quintum
1061 1034 1258 1064 argumentum,
1281 1038 1313 1056 η
1338 1031 1426 1057 citatis
1442 1031 1474 1056 ab
1496 1036 1604 1057 auctore
1623 1035 1713 1057 nostro

1149 1066 1336 1092 traditionibus
1358 1067 1479 1100 petitum.

955 1113 1035 1139 Aliud
1052 1118 1145 1140 contra
1167 1112 1288 1148 Dionysii
1317 1112 1433 1146 Opermn
1450 1112 1618 1147 γνητιότητα
1631 1119 1712 1147 argu-

920 1164 1042 1185 mentum
1074 1159 1246 1193 suppeditant
1271 1158 1442 1188 traditioues.
1458 1166 1527 1192 quas
1550 1157 1594 1184 ille
1609 1158 1642 1184 ab
1664 1165 1713 1184 an-

921 1205 996 1239 tiquo
1018 1210 1142 1240 tempore
1156 1206 1189 1231 ad
1211 1212 1286 1232 suam
1306 1209 1414 1231 :rtatem
1436 1205 1566 1231 deductas
1593 1211 1654 1231 esse
1672 1209 1713 1231 te-

919 1251 1064 1278 slilicautr.
1082 1251 1118 1278 De
1139 1250 1369 1285 baptizandorum
1388 1251 1460 1276 cnim
1475 1250 1621 1276 infantium
1636 1256 1713 1276 more

921 1297 978 1324 hate
997 1297 1108 1324 tradidit
1125 1303 1222 1323 auctor
1236 1302 1332 1324 noster
1343 1297 1386 1323 “:
1408 1295 1465 1322 Hac
1481 1297 1513 1322 de
1534 1295 1600 1322 reid
1612 1302 1714 1329 quoque

919 1345 1039 1374 dicimus,
1067 1344 1136 1378 quod
1153 1344 1294 1377 deiformes
1305 1349 1479 1377 pra'ceptores
1504 1341 1586 1368 nostri
1598 1341 1630 1367 ab
1642 1341 1715 1367 anti-

918 1399 969 1424 qua
984 1391 1129 1416 traditione
1149 1390 1225 1417 nobis
1252 1389 1485 1423 transcripserunt.
1510 1388 1582 1424 Πρὸς
1594 1388 1643 1423 τῆς
1661 1388 1712 1423 ἀρ-

918 1436 998 1471 χαίας
1015 1435 1145 1471 μαῡόντες
1162 1435 1346 1470 παραδόσεως.
1363 1435 1396 1461 At
1411 1435 1436 1460 id
1451 1439 1529 1461 certe
1546 1441 1559 1460 a
1580 1433 1709 1468 Dionysio

919 1482 1082 1516 Areopagita
1096 1482 1148 1508 dici
1163 1489 1335 1516 nequaquam
1352 1480 1452 1514 potuit.

954 1528 1100 1555 Enimvero
1114 1528 1240 1562 quamvis
1258 1535 1317 1554 mos
1344 1527 1388 1554 ille
1405 1527 1438 1553 ab
1453 1526 1585 1560 apostolis
1605 1525 1713 1552 derive-

885 1584 908 1615 C
924 1579 979 1606 tur,
997 1574 1128 1609 Dionysio
1142 1578 1231 1600 tamen
1258 1573 1429 1608 Arcopagita:
1443 1574 1476 1599 ab
1502 1572 1611 1606 antiqua
1629 1572 1713 1598 tradi-

920 1622 993 1649 tione
1004 1628 1058 1648 non
1074 1620 1252 1647 transmissus
1267 1624 1318 1647 est.
1344 1620 1417 1652 Quos
1435 1619 1508 1646 enim
1521 1619 1565 1646 ille
1580 1618 1622 1645 vir
1636 1626 1711 1645 sum—

920 1675 990 1699 mus,
1007 1675 1020 1694 a
1039 1667 1121 1694 Paulo
1134 1667 1196 1694 lidei
1210 1667 1374 1693 Christiaux
1391 1666 1567 1700 dogmatibus
1580 1665 1710 1696 imbutus,

918 1719 1104 1748 praeceptores
1136 1713 1237 1740 habere
1268 1713 1366 1746 potuit,
1396 1712 1440 1747 qui
1474 1711 1511 1737 illi
1542 1718 1645 1738 morem
1659 1711 1709 1737 ba-

919 1760 1037 1794 ptizandi
1067 1759 1185 1786 infantes
1212 1759 1246 1785 ab
1278 1759 1388 1792 antiqua
1414 1757 1560 1784 traditione
1585 1757 1710 1791 praescri-

919 1806 1041 1840 pserint?

954 1852 1046 1887 Neque
1072 1853 1175 1880 dixeris
1203 1860 1297 1880 vocem
1313 1852 1432 1888 ἀρχαίας
1444 1859 1496 1879 non
1512 1859 1560 1886 pro
1581 1851 1707 1886 antiqua,

919 1900 965 1926 sed
981 1901 1068 1932 prima
1093 1899 1240 1926 traditione
1255 1898 1434 1933 signiﬁcanda
1449 1902 1617 1931 usurpatam.
1632 1896 1711 1924 Nullo

922 1947 1022 1981 quippe
1058 1953 1178 1979 unquam
1204 1945 1328 1980 exemplo
1355 1952 1448 1972 vocem
1481 1944 1599 1979 ἀρχαίας
1625 1944 1657 1970 ad
1683 1944 1709 1970 id

919 1992 1004 2026 quod.
1023 1992 1184 2026 interposito
1201 1991 1320 2022 nemine,
1337 1990 1370 2017 ab
1391 1990 1484 2024 aliquo
1497 1994 1638 2024 acceptum
1654 1994 1709 2020 est,

919 2037 1128 2073 signiﬁcandum
1145 2037 1221 2064 nllibi
1238 2036 1307 2071 apud
1333 2036 1444 2063 Graecos
1467 2036 1615 2069 scriptores
1631 2035 1710 2061 adhi-

920 2085 1002 2111 hitam
1034 2083 1118 2110 fuisse
1153 2082 1324 2117 probabitur.
1355 2081 1422 2114 Quis
1450 2088 1516 2115 ergo
1550 2080 1709 2116 Dionysium

918 2130 1111 2163 Arcopagitam
1130 2128 1180 2155 hac
1195 2135 1262 2155 voce
1283 2132 1378 2154 contra
1404 2132 1541 2161 receptam
1569 2127 1604 2153 ab
1618 2127 1708 2153 omni-

919 2176 970 2202 bus
986 2174 1303 2208 illiussigniﬁcationem
1318 2181 1396 2200 usum
1417 2180 1488 2206 esse,
1515 2173 1587 2199 nulla
1604 2173 1709 2200 ratione

919 2221 999 2248 allata
1013 2221 1074 2248 aliis
1095 2220 1176 2248 facile
1190 2219 1386 2254 persuadebit?

79 2273 137 2292 rum
155 2266 346 2301 unusquisque
371 2266 405 2293 de
425 2273 457 2293 ea
485 2265 619 2293 electione
638 2267 675 2294 ita
691 2267 794 2294 certior
809 2268 866 2295 ﬁeri
886 2267 905 2294 D
956 2266 1010 2293 Sed
1026 2274 1085 2301 age,
1100 2271 1127 2292 et
1144 2266 1288 2292 videamus
1301 2270 1392 2291 utrum
1409 2271 1439 2290 ea
1455 2264 1561 2291 veriora
1578 2264 1634 2291 sint
1646 2271 1706 2297 quae

78 2316 107 2339 ut
139 2313 229 2341 nullus
278 2317 352 2340 esset
395 2312 575 2340 dissensionis
619 2313 867 2349 disputationisqae

77 2359 162 2386 locus.

109 2404 296 2440 Areopagitici
314 2411 329 2431 e
342 2405 483 2433 contrario
506 2405 628 2432 clamant
653 2406 687 2431 ab
701 2405 759 2440 ipso
775 2406 868 2433 Eccle-

76 2451 123 2478 δῖε
141 2451 281 2478 nascentis
291 2451 416 2483 exordio,
431 2451 571 2478 diabolicis
583 2450 687 2478 artibus
701 2450 784 2478 fuisse
796 2452 867 2478 inter

74 2497 258 2530 Christianos,
276 2502 305 2523 ut
319 2500 435 2524 testatur
458 2496 569 2529 Paulus,
594 2496 712 2523 ha-reses
736 2501 762 2523 et
790 2495 866 2523 schi-

77 2542 320 2573 sntata,scissuras
348 2547 376 2569 et
403 2542 597 2569 dissensiones.
622 2541 694 2569 Nihil
718 2549 793 2576 ergo,
819 2542 864 2568 in-

74 2588 183 2624 quiunt,
216 2588 315 2614 mirum
343 2592 384 2614 est
401 2588 424 2614 si
440 2587 559 2623 Dionysii
589 2593 711 2622 tempore
738 2588 772 2614 de
788 2592 864 2614 sorte

75 2641 134 2668 qua:
147 2633 248 2660 cecidit
258 2640 341 2668 super
353 2633 549 2665 Matthiam,sit
561 2634 737 2667 disputatum.
752 2633 789 2660 De
800 2632 863 2659 llze-

76 2679 165 2706 rothei
181 2686 248 2706 vero
266 2679 441 2713 aliorumque
471 2679 546 2706 libris
581 2679 726 2713 deperditis
742 2678 807 2705 nihil
821 2683 863 2704 cst

74 2727 146 2761 quod
162 2725 248 2761 magis
257 2726 377 2757 mireris,
392 2726 612 2760 quandoquidem
625 2725 739 2759 plurima
755 2729 862 2758 aposto-

75 2773 160 2820 lotium
175 2774 351 2807 virorumque
376 2773 588 2808 apostolicorum
605 2772 705 2806 scripta
723 2772 759 2797 ita
772 2771 861 2805 perie-

111 2874 133 2890 ²¹
149 2873 187 2902 De
198 2874 295 2901 talest.
308 2873 450 2904 Itierarrh.,
466 2881 526 2905 cap.
540 2873 583 2899 15.

78 2909 218 2942 ΙιὶεινητεΙι.,
246 2917 305 2943 cap.
325 2909 350 2942 7,
368 2907 382 2944 ᾗ
407 2909 449 2935 il.

621 2873 643 2887 "
661 2871 699 2898 De
713 2871 853 2898 ecclesiast.
872 2870 1014 2901 liierarch.,
1034 2879 1094 2905 cap.
1110 2872 1152 2898 l5.

500 2909 522 2923 "
538 2909 575 2935 De
598 2907 730 2934 Itierarch.
755 2906 862 2938 παίω,
886 2914 944 2941 cap.
965 2907 989 2936 i,
1009 2906 1023 2941 ς
1040 2906 1066 2933 Ii.

919 2317 1015 2340 auctor
1039 2317 1131 2339 uoster
1158 2313 1191 2339 de
1220 2311 1281 2338 aliis
1307 2311 1483 2346 dogmatibus
1506 2310 1557 2337 sibi
1584 2310 1707 2340 traditis.

920 2359 990 2387 hami
1006 2359 1163 2386 dubitanter
1176 2357 1295 2383 alIirmat
1315 2356 1337 2372 ’⁵
1353 2366 1360 2383 :
1391 2355 1507 2383 Maxime
1526 2365 1594 2387 vero.
1611 2357 1648 2383 ita
1662 2356 1706 2383 ille

919 2404 1050 2438 loquitur,
1064 2404 1115 2430 ista
1131 2403 1239 2429 oracula
1255 2402 1368 2428 dicimus
1384 2410 1443 2436 qua:
1467 2410 1483 2427 α
1506 2402 1589 2428 sacris
1611 2403 1705 2428 nostris

918 2449 1111 2480 initiatoribus,
1133 2449 1222 2474 dit-ina
1241 2447 1342 2481 Spiritu
1375 2447 1482 2482 aﬂlatis,
1508 2448 1534 2473 in
1557 2446 1705 2481 Scriptnrt’s

918 2495 1003 2522 sacris
1028 2495 1152 2528 librisque
1175 2494 1329 2528 theologiris
1353 2495 1452 2520 tradita
1475 2494 1548 2520 nobis
1569 2499 1642 2526 sunt,
1667 2494 1705 2520 uti

917 2546 941 2568 et
960 2540 1006 2566 illa
1030 2548 1087 2574 qui:
1104 2540 1135 2567 ab
1155 2540 1247 2566 iisdem
1268 2539 1332 2566 uiris
1355 2539 1452 2565 sanctis
1475 2539 1625 2570 subliliori,
1654 2547 1704 2565 non

917 2587 1022 2612 omnino
1039 2586 1132 2612 dissita
1162 2585 1194 2612 ab
1219 2586 1310 2612 ordine
1335 2585 1451 2618 (mlesti,
1477 2585 1655 2611 insinuatione
1674 2585 1705 2610 de

915 2638 1002 2658 mente
1012 2632 1039 2658 in
1053 2638 1177 2664 mentem,
1194 2632 1325 2658 mediante
1351 2632 1425 2657 verbo
1456 2639 1580 2665 carpat-eo
1600 2630 1703 2665 quidem

916 2677 975 2708 illo,
990 2676 1068 2704 simul
1081 2682 1169 2704 tamen
1185 2678 1373 2709 immateriato,
1391 2677 1449 2704 sine
1472 2677 1615 2710 scriptione
1626 2676 1703 2702 insti-

916 2728 1014 2750 tutores
1028 2724 1110 2749 nostri
1120 2731 1197 2750 sacra
1213 2723 1328 2758 quadam
1340 2723 1506 2750 traductione
1519 2727 1581 2749 sunt
1594 2722 1702 2749 edocti:

891 2772 894 2775 '
915 2770 1022 2805 γραφῆς
1035 2770 1112 2801 ἐκτὸς
1125 2770 1148 2795 oi
1165 2769 1351 2804 καθηγεμόνες
1372 2769 1450 2805 ἡμῶν
1473 2769 1643 2804 ἐμυήθηςαν.
1662 2765 1701 2793 Ibi

1191 2871 1213 2886 ’³
1225 2870 1295 2900 Ibid.
1313 2879 1373 2906 cap.
1387 2870 1413 2897 4.
1452 2869 1474 2885 ’⁵
1485 2868 1543 2896 Lib.
1558 2868 1596 2895 De
1605 2868 1700 2896 eccles.
