1925 3070
214 179 248 207 $5
783 173 810 202 S.
833 173 1020 203 DIONYSIUS
1039 174 1269 204 AREOPAGITA.
1804 177 1841 205 '56

213 237 293 272 plane
308 239 336 263 et
347 234 466 262 dilucide
482 241 535 261 non
551 238 681 268 scriptam
701 237 900 260 commemorat
914 232 999 258 tradi-
1015 234 1038 261 Α
1053 231 1086 258 ad
1113 236 1168 258 tres
1196 232 1292 258 divina:
1314 231 1457 260 Trinitatis
1484 239 1614 266 personas
1643 228 1841 267 signiﬁcandas

215 283 326 314 tionem,
354 281 483 316 quamde
497 286 588 308 mente
611 280 638 308 in
655 285 772 307 mentem
791 281 824 307 ad
845 287 877 306 se
905 280 1000 307 tradil-

211 332 284 355 ctam
299 335 360 354 esse
386 327 496 354 asserit.
524 325 640 359 Verum,
662 327 759 352 amabo
775 333 832 357 vos,
858 330 1000 360 poteratne

214 373 358 407 Dionysius
373 372 548 407 Areopagita,
563 372 639 398 Pauli
656 371 817 405 discipulus,
827 371 918 398 verbis
932 371 1002 398 adeo

212 420 353 455 expressis
372 419 509 446 afﬁrmare
520 426 550 445 se
563 419 734 445 institutores
747 426 778 444 ac
794 418 939 453 magistros
951 418 1001 444 lia-

214 465 305 493 buisse
315 465 361 500 qui
376 464 537 492 hierarchiae
549 464 743 492 ecclesiastica:
756 464 880 491 ordinem
892 464 926 491 ab
941 464 1001 491 aliis

213 511 274 538 sine
289 511 439 545 scriptione
463 509 632 537 didicerint?

254 557 348 591 Neque
364 564 440 587 vero,
452 555 524 590 quod
539 555 637 582 mirum
668 559 720 588 est,
742 554 775 581 ibi
801 554 999 586 tantummodo,

215 604 261 631 sed
270 603 333 630 alibi
345 610 399 629 non
417 601 500 629 semel
514 602 608 628 eodem
627 601 781 628 traditionis
791 606 952 635 argumento
967 601 1001 628 ad

215 655 249 676 ea
260 655 319 682 quae
329 648 437 675 dixerat
448 647 635 674 conﬁrmanda
645 651 741 681 sponte
758 653 806 673 sua
825 646 920 673 utitur.
933 645 1000 672 Nam

215 693 261 720 ubi
278 693 312 720 de
330 693 502 720 sanctissimo
521 691 664 719 Trinitatis
680 692 809 726 mysterio
833 699 886 718 non
913 692 1000 718 minus

215 737 357 765 enucleate
379 742 408 765 et
424 738 568 772 perspicue
584 745 617 764 ac
628 737 674 764 alii
691 741 753 771 post
767 737 904 763 Nicasnam
919 744 1001 772 syno-

215 783 278 808 dtun
294 781 403 815 Patres,
418 782 586 816 disputat“,
602 781 678 812 Ila'c,
697 782 795 815 inquit,
812 782 916 816 aliaque
931 789 1002 816 qua:—

214 828 275 855 libet
293 828 400 862 deiﬁcat
417 829 531 860 Iuntina,
549 836 607 863 qua:
628 826 776 862 Scripturis
803 835 918 854 consona
941 835 1001 854 san-

214 875 248 901 cti
269 875 355 901 nostri
373 879 545 908 prwceptores
565 882 666 900 arcana
694 874 769 900 nobis
783 874 1000 906 interpretatione

214 921 392 948 tradiderunt.
418 928 516 954 nosque
551 920 688 946 hausimus
716 925 725 946 :
752 919 848 947 Grarce
882 920 999 954 legitur,

213 970 316 1004 κρυφία
327 966 483 1001 παράδοσις,
495 972 595 994 secreta
612 967 733 993 traditio.
746 967 778 993 Et
788 966 869 1001 paulo
882 967 952 993 itifra
966 967 1000 1000 '7,

215 1013 379 1049 Tbeologiew
397 1019 493 1040 nostra:
515 1013 665 1039 traditionis
680 1018 836 1040 auctores...
850 1014 1000 1048 assignanb

212 1068 262 1095 que
274 1060 419 1094 Scripturis
427 1059 511 1086 sacris
525 1059 670 1086 insistendo
688 1059 816 1086 nonnulla
829 1060 907 1086 dicta:
923 1059 1000 1085 unio-

214 1105 241 1132 nt‘
261 1113 381 1139 propria,
394 1104 563 1139 vicissimque
581 1103 806 1131 distinctioni.,lli
826 1111 891 1139 ergo
907 1109 1001 1132 auclo—

213 1158 269 1183 res,
284 1151 337 1184 vel,
358 1155 387 1177 ut
407 1150 502 1178 Graece
527 1150 668 1183 scribitur,
683 1149 858 1184 θεολογικῆς
870 1150 1001 1184 παραδό-

212 1206 291 1230 σεως
317 1198 487 1232 ἱερομύσται
502 1217 508 1228 ,
537 1197 629 1224 divina
654 1197 807 1228 attributa.
830 1198 918 1231 inquit
943 1197 1001 1230 illc,

214 1247 413 1276 enodavcrunl,
443 1243 588 1278 Scripturis
610 1244 695 1270 sacris
719 1244 877 1277 insistendo,
903 1244 956 1277 vel,
972 1249 1001 1271 ut

215 1291 291 1325 priris
305 1291 424 1321 dixerat,
441 1289 585 1324 Scripluris
602 1298 718 1317 consona
737 1291 878 1317 tradenda.
892 1290 1000 1317 Illorum

214 1344 281 1372 ergo
298 1336 333 1363 ibi
358 1336 461 1370 profert
485 1336 652 1367 testimonia,
667 1335 714 1370 qui
737 1340 800 1370 post
824 1336 912 1364 editos
933 1335 1002 1364 Novi

216 1382 337 1410 Fwderis
352 1383 446 1414 libros,
462 1389 494 1409 ac
516 1381 542 1409 in
557 1381 652 1416 primis
668 1382 858 1416 Apocalypsim
873 1387 900 1409 et
913 1382 1001 1409 Evan-

214 1428 314 1463 gelium
328 1427 456 1460 Joannis,
473 1435 532 1462 quae
548 1427 646 1454 ibidem
674 1427 708 1454 ab
721 1435 754 1455 eo
769 1427 925 1462 laudantur,
939 1428 1001 1456 inde

215 1475 389 1502 attctoritatcs
407 1474 440 1501 ad
457 1473 668 1508 theologicorum
692 1474 725 1500 de
749 1474 851 1506 divina.
867 1474 1001 1502 Triuitato

216 1521 372 1556 dogmatum
389 1520 588 1554 expositionem
606 1519 765 1546 alferebant.
777 1519 827 1552 Qui
843 1528 908 1555 ergo
920 1525 1000 1547 erant

1053 277 1151 311 saepius
1171 278 1394 311 usurpat“.Kat
1408 278 1472 314 μὴν,
1497 278 1584 312 inquit
1614 278 1668 311 ille,
1694 278 1734 305 ὅτι
1755 280 1841 314 μονάς

1052 323 1110 349 ἐστι
1127 323 1173 350 καὶ
1191 322 1255 354 ὲνὰς
1276 323 1501 358 τρισυπόστατος.
1523 324 1556 351 Et
1570 323 1633 350 alibi
1643 324 1666 339 ¹⁹
1678 333 1684 350 :
1695 324 1733 356 ὡς
1743 325 1841 360 τριάδι

1052 369 1080 396 δὲ
1094 370 1137 396 διὰ
1157 370 1207 405 τὴν
1226 370 1448 405 τρισυπόστατον.
1466 369 1516 398 Ubi
1530 378 1595 398 vero
1610 371 1644 398 de
1661 379 1839 406 personarum

1053 416 1207 442 divinarum
1228 417 1484 444 circuminsessione
1499 417 1618 452 loquitur
1628 418 1650 434 ³ο
1665 426 1672 445 :
1687 417 1742 444 τῶν
1757 418 1833 455 ὲναρ-

1052 459 1137 494 χικῶν
1150 460 1334 496 ὑπρστάσεων,
1350 462 1445 495 inquit.
1457 462 1537 496 Atqui
1553 463 1642 491 nullus
1649 469 1712 491 ante
1722 464 1840 491 Alexan-

1055 507 1160 533 drinam
1186 507 1331 541 synodum,
1349 515 1420 535 anno
1442 508 1495 536 562
1510 514 1644 543 coactam,
1665 517 1697 538 ea
1718 518 1798 544 voce,
1814 513 1837 539 si

1054 552 1160 580 Socrati
1178 554 1244 581 ﬁdes
1260 554 1445 587 habeatur”,
1464 557 1497 583 ad
1512 556 1539 584 id
1550 557 1757 592 signiﬁcandum
1773 567 1840 587 usus

1052 603 1095 625 est
1112 607 1118 625 :
1137 598 1266 627 therum
1283 601 1408 635 episcopi,
1424 601 1549 630 Socratis
1561 604 1644 631 verba
1661 609 1734 636 sunt,
1754 606 1798 639 qui
1809 606 1840 632 in

1051 644 1233 672 Alexandrino
1256 646 1368 672 concilio
1391 647 1512 679 aderant,
1527 649 1595 675 hanc
1615 654 1744 682 prwterea
1766 658 1839 684 qure-

1052 690 1162 717 stionem
1186 691 1326 725 diligenter
1340 693 1535 724 examinarunt,
1548 694 1580 720 de
1599 693 1748 722 substantia
1764 696 1839 722 scili—

1052 740 1092 762 cet
1107 741 1130 763 et
1144 736 1314 771 bypostasi...
1330 736 1401 769 Quid
1420 742 1509 765 autem
1527 746 1575 766 nos
1601 740 1634 766 de
1647 740 1796 767 substantia
1811 747 1838 767 et

1052 780 1190 815 hyposlasi
1218 782 1400 815 didicerimus,
1431 783 1499 810 nihil
1524 790 1591 811 vetat
1615 786 1756 819 quominus
1782 786 1839 813 Iia'c

1054 828 1163 856 breviter
1182 836 1352 863 exponamus.
1369 829 1420 862 Qui
1436 829 1556 858 ercam
1570 832 1640 858 inter
1657 831 1762 860 (ἔνατος
1777 833 1840 866 plii-~

1054 874 1201 908 losopltiam
1216 876 1396 909 tradiderunt,
1407 877 1584 904 substantiam
1598 878 1703 912 quidem
1715 878 1838 912 plurimis

1052 922 1137 948 modis
1153 921 1324 955 deﬁnierunt,
1341 923 1510 956 hypostaseos
1531 932 1592 950 vero
1608 924 1709 951 nullam
1727 933 1838 959 prorsus

1052 968 1209 994 mentionem
1225 968 1319 1002 fecere.
1333 974 1386 996 etc.
1413 968 1594 1005 Hieronymus
1614 977 1678 997 vero
1693 972 1727 998 de
1741 971 1837 999 eadem

1052 1019 1131 1045 voce,
1147 1017 1238 1039 utrum
1258 1014 1414 1048 usurpanda
1433 1013 1515 1047 foret,
1535 1015 1699 1042 sententiam
1726 1015 1838 1044 Damasi

1053 1065 1128 1093 papa:
1154 1059 1320 1091 sciscitatus,
1344 1059 1384 1086 ait
1396 1060 1416 1074 δι
1434 1068 1440 1086 :
1458 1059 1524 1087 Tota
1538 1061 1709 1088 saecularium
1733 1061 1838 1088 littera-

1053 1113 1112 1132 rum
1126 1105 1215 1132 schola
1230 1105 1297 1132 nihil
1325 1105 1401 1132 aliud
1425 1106 1600 1141 hypostasim,
1617 1108 1668 1134 nisi
1685 1109 1771 1135 usiam
1787 1116 1837 1134 no—

1053 1152 1124 1178 vit...
1143 1151 1292 1178 Taceantur
1319 1156 1371 1178 tres
1399 1152 1563 1186 hypostases,
1579 1153 1602 1179 si
1620 1152 1717 1186 placet,
1735 1157 1759 1180 et
1783 1161 1838 1180 una

1053 1201 1181 1224 teneatur.
1195 1196 1320 1224 Nondum
1335 1205 1401 1232 ergo
1429 1196 1587 1233 llieronymi
1602 1203 1724 1232 tempore
1737 1206 1768 1225 ea
1786 1207 1836 1226 vos

1053 1246 1162 1275 recepto
1181 1243 1251 1276 apud
1276 1250 1371 1270 omnes
1399 1243 1426 1269 in
1453 1249 1500 1269 usu
1522 1247 1591 1275 erat,
1619 1251 1667 1271 nec
1684 1243 1839 1271 inconsulto

1054 1295 1161 1314 summo
1183 1288 1322 1322 pontiﬁce.
1342 1297 1374 1316 ea
1398 1295 1508 1317 sanctus
1535 1290 1630 1317 doctor
1652 1290 1690 1317 uti
1711 1297 1740 1317 se
1757 1297 1840 1325 posse

1051 1333 1246 1363 arbitrabatur.

1090 1379 1143 1407 Sed
1162 1381 1306 1416 insurgunt
1332 1383 1525 1418 Areopagitici,
1549 1384 1710 1419 magnisque
1736 1383 1836 1411 animis

1053 1427 1269 1455 adversariorum
1297 1428 1348 1455 tela
1378 1429 1566 1461 retundentes,
1585 1436 1690 1457 certum
1712 1438 1774 1458 esse
1797 1431 1840 1457 di-

1052 1474 1323 1501 cuntAntenicaenos
1352 1474 1448 1501 Patres
1478 1475 1505 1502 in
1533 1476 1696 1510 asserenda,
1723 1484 1783 1510 qum
1805 1478 1839 1504 de

1053 1520 1236 1548 sanctissimae
1250 1520 1393 1549 Trinitatis
1412 1522 1543 1557 mysterio
1568 1522 1602 1550 ab
1611 1523 1770 1551 orthodoxis
1782 1528 1839 1551 tra-

215 1567 233 1593 ii
252 1566 372 1601 Dionysii
389 1566 560 1600 Areopagitte
577 1566 781 1601 prirceptores?
796 1565 922 1601 Nunquid
938 1566 1001 1594 Ilie-
1015 1574 1036 1603 ο
1055 1566 1139 1599 ditur,
1155 1568 1278 1594 doctrina
1295 1572 1349 1594 tam
1375 1573 1533 1596 constantes
1548 1568 1644 1601 fuisse,
1668 1573 1696 1596 ut
1717 1577 1750 1597 co
1767 1576 1837 1598 tein-

215 1611 345 1639 rotlieus?
359 1611 412 1638 Sed
428 1611 451 1638 is
467 1612 500 1638 ab
526 1611 572 1638 illo
592 1618 701 1645 semper
728 1612 908 1644 nominatim,
930 1621 1000 1647 pra-

214 1663 302 1692 ceptor
315 1664 404 1686 uoster
416 1658 578 1693 appellatur.
597 1658 625 1685 Si
647 1665 713 1693 ergo
730 1658 805 1685 illum
823 1659 864 1685 his
885 1660 912 1685 in
932 1658 1000 1686 locis

215 1705 362 1737 laudat,et
376 1705 444 1732 alios
468 1705 562 1739 procul
589 1705 673 1732 dubio
699 1704 787 1732 eidem
813 1704 949 1738 adiungit.
966 1705 1001 1731 At

215 1757 297 1784 porro
312 1750 466 1784 quicunque
482 1749 592 1776 tandem
615 1748 718 1776 fuerint
730 1750 902 1784 Areopagitae
916 1750 1002 1784 magi-

215 1801 276 1830 stri,
294 1805 342 1824 eos
368 1802 442 1824 certe
473 1802 576 1823 tantum
606 1797 672 1824 citat
694 1797 738 1830 qui
760 1802 820 1831 post
849 1797 1002 1831 publicatos

214 1843 393 1879 Apocalypsis
419 1847 446 1869 et
472 1842 610 1876 Evangelii
636 1843 751 1870 Joannis
779 1843 864 1870 libros
881 1843 918 1870 ita
934 1843 1002 1870 scri-

215 1895 328 1923 pserunt
341 1894 370 1916 ut
385 1896 432 1916 eos
449 1889 475 1915 in
500 1889 621 1916 omnium
649 1897 745 1916 manus
770 1894 797 1915 et
815 1889 999 1924 cognitionem

216 1929 331 1962 venisse'
339 1936 452 1962 omnino
473 1941 634 1969 persuasum
651 1934 795 1962 baberent.
814 1935 920 1962 Rursus
935 1942 1001 1962 vero

215 1987 314 2008 auctor
326 1986 419 2008 uoster
436 1981 480 2007 illa
499 1985 696 2015 praeceptorum
710 1988 822 2007 suorutn
834 1979 933 2015 Opera,
947 1988 1000 2007 non

217 2034 247 2055 ιιι
262 2035 358 2055 recens
373 2027 459 2060 edita,
483 2027 529 2054 sed
560 2026 686 2054 onmihus
707 2026 868 2060 plerumque
892 2028 1001 2061 cognita

215 2073 347 2101 laudavit.
366 2072 443 2101 Unde
459 2073 551 2107 quivis
565 2072 646 2100 facile
662 2072 798 2106 intelligat
817 2079 912 2098 omnes
933 2073 1003 2098 scri-

217 2120 304 2154 ptoris
321 2119 409 2146 nostri
424 2118 631 2146 lucubrationes
645 2122 671 2144 et
685 2118 773 2145 serius
790 2125 870 2152 quam
883 2118 1003 2145 creditur

216 2165 361 2201 prodiiSSe,
377 2172 427 2192 nec
439 2165 596 2200 Dionysium
609 2164 801 2199 Areopagitam
817 2164 939 2198 potuisse
956 2171 1002 2191 eo-

216 2220 275 2239 rum
289 2219 350 2239 esse
364 2215 503 2238 auctorem
509 2229 516 2237 .

503 2267 618 2295 CAPUT
640 2266 708 2294 XIV.

217 2327 326 2355 Sextum
355 2330 551 2361 argumentum,
578 2333 610 2352 ea:
635 2325 668 2361 iis
694 2331 757 2361 quia
779 2323 814 2361 de
835 2324 1000 2350 sanctissimo

253 2359 396 2389 Trinitatis
407 2361 531 2396 mysterio
546 2359 716 2393 personisque
731 2359 827 2386 divinis
842 2364 937 2385 auctor
951 2367 999 2386 ηο-

251 2403 304 2425 sler
320 2397 441 2429 tradidit,
455 2397 631 2429 desumptum.

251 2445 318 2472 Illud
334 2448 424 2471 autem
448 2442 656 2477 probationibus
669 2441 725 2476 jam
749 2441 874 2468 adductis
899 2441 1004 2468 accedi:

216 2490 470 2524 ﬁrmamenti,quod
489 2495 540 2515 n0n
551 2487 637 2516 solum
649 2487 822 2520 Hierotheus,
834 2492 863 2514 ut
873 2487 1001 2519 diximus,

217 2538 250 2565 de
262 2536 408 2564 Trinitatis
432 2536 564 2571 mysterio
580 2534 735 2561 clarissime
748 2534 876 2564 disserat,
892 2534 940 2561 sed
955 2542 1004 2560 no-

217 2587 273 2610 ster
284 2582 367 2609 etiam
380 2581 523 2616 Dionysius
540 2586 732 2615 praeceptorem
745 2587 822 2606 suum
839 2583 1003 2614 praeeuntem

217 2629 256 2657 ita
281 2629 465 2663 subsequatur
483 2631 512 2653 ut
525 2631 641 2661 uterque
657 2631 717 2661 post
741 2631 828 2652 ortam
846 2630 873 2652 et
888 2625 1003 2651 damna-

216 2680 273 2704 tum
298 2675 463 2702 Arianorum
492 2673 616 2700 habresim
644 2672 768 2699 videatur
798 2672 946 2705 disputare.
979 2671 1002 2698 Is

215 2721 290 2751 enim
319 2728 374 2748 non
399 2726 478 2747 secus
496 2726 528 2747 ac
551 2718 716 2746 Hierotheus
740 2724 835 2745 vocem
853 2717 1002 2752 Iiypostasis

250 2815 273 2831 “
288 2814 347 2843 Lib.
374 2813 410 2840 De
424 2814 505 2840 divin.
537 2820 596 2838 nom
612 2832 620 2845 ,
642 2819 702 2845 cap.
724 2811 748 2839 Ι.
764 2811 778 2846 §
797 2810 822 2836 4.
840 2810 861 2825 ³⁷
882 2808 966 2840 lbid.,
981 2815 1001 2834 c:

253 2859 276 2867 κ.
315 2857 364 2867 ιη...
391 2850 401 2867 ι
459 2848 482 2863 ιο
501 2847 558 2867 una
598 2855 648 2867 mm
675 2848 693 2867 δὲ
743 2846 775 2861 w-
793 2845 853 2867 l.itt.
873 2852 915 2867 ιιι.
936 2843 1001 2867 Ηὶειι

1060 2807 1088 2833 2.
1126 2806 1148 2821 ’⁸
1175 2806 1213 2833 De
1227 2805 1323 2832 cwlest.
1346 2804 1491 2834 Itierarch.,
1515 2800 1614 2836 (κηλεῖ.

1075 2849 1135 2867 can.
1153 2842 1178 2867 7.
1219 2841 1239 2856 “
1258 2841 1342 2867 Enisl.
1356 2839 1402 2867 57.
1424 2839 1457 2865 ad
1473 2839 1579 2864 Damas.

218 2859 301 2882 nom.,
315 2857 376 2884 cap.
391 2850 417 2875 l.
459 2848 482 2863 ³⁸
498 2847 582 2880 lbid.,
598 2843 658 2882 cap.
675 2843 702 2874 Ξ.
743 2843 776 2861 ³⁰τ
793 2845 853 2873 Lib.
873 2852 915 2876 in,
936 2843 1049 2876 llistor.,
1075 2849 1135 2876 cap.
1153 2843 1178 2881 7'.
1219 2843 1239 2856 ¹¹
1258 2843 1342 2880 Epist.
1356 2843 1402 2871 57,
1424 2843 1457 2865 ait

218 2885 330 2920 Propos.
356 2884 433 2913 Pauli
460 2883 609 2913 Samusat..
640 2888 706 2909 tom.
733 2880 741 2907 l
762 2880 864 2908 Concil.
883 2898 897 2913 δ
924 2878 947 2895 ³³
964 2877 1127 2906 Theodorei.
1157 2877 1203 2904 lib.
1224 2883 1233 2903 ι
1253 2875 1340 2908 Iltst.,
1368 2881 1427 2909 cap.
1440 2873 1469 2900 ό.

218 2859 301 2882 nom.,
315 2857 376 2884 cap.
391 2850 417 2875 l.
459 2848 482 2884 ‘f
498 2847 582 2880 lbid.,
598 2855 658 2882 cap.
675 2848 702 2874 ‘2.

217 2928 235 2955 ι,
251 2920 279 2948 5.

1053 1619 1119 1645 pore
1131 1620 1184 1646 quo
1202 1613 1283 1640 Arius
1297 1613 1421 1640 haeresim
1439 1621 1515 1640 suam
1540 1615 1719 1642 disseminare
1743 1617 1836 1651 erepit.

1054 1656 1099 1684 ille
1113 1665 1182 1684 nova
1208 1657 1394 1693 bartcnusque
1415 1659 1535 1686 inaudita
1560 1660 1686 1695 dogmata
1710 1668 1839 1696 spargere

1053 1703 1237 1734 insimulatus.
1270 1705 1304 1731 ab
1324 1704 1451 1731 omnibus
1465 1710 1558 1732 contra
1586 1706 1644 1740 ejus
1669 1706 1837 1741 impietatem

1053 1749 1090 1776 sit
1105 1748 1295 1776 reclamatum.
1312 1749 1382 1776 Nulli
1400 1755 1529 1784 praeterea
1549 1751 1660 1778 dubium
1678 1759 1738 1779 esse
1759 1760 1838 1786 posse

1055 1795 1192 1829 inquiunt.
1208 1796 1273 1830 quin
1288 1796 1403 1830 apostoli
1418 1799 1587 1824 adorandum
1599 1797 1665 1825 illud
1678 1799 1838 1834 mysterium

1054 1840 1230 1873 Christianis,
1245 1842 1396 1875 pracSertim
1413 1841 1632 1877 perfectioribus,
1644 1850 1696 1869 non
1710 1844 1837 1877 obscure,

1053 1888 1100 1915 sed
1111 1888 1184 1915 clare
1198 1893 1225 1914 et
1251 1889 1395 1923 perspicue
1410 1889 1597 1923 exposuerint,
1611 1897 1712 1924 eosque
1737 1891 1762 1917 in
1787 1892 1839 1918 hac

1055 1937 1109 1960 lam
1125 1933 1240 1961 difﬁcilis
1257 1934 1379 1968 mysterii
1403 1934 1527 1961 doctrina
1549 1934 1680 1962 adversus
1696 1941 1840 1973 nascentes

1054 1978 1172 2006 haereses
1186 1979 1345 2011 muniendo,
1368 1978 1435 2005 nihil
1454 1979 1518 2013 ipsis
1537 1980 1700 2014 reliquerint
1712 1981 1838 2008 obscuri-

1055 2025 1155 2053 tatibus
1171 2025 1330 2052 involutmn.
1349 2024 1417 2057 Quid
1434 2032 1500 2059 ergo
1515 2025 1611 2052 ntirum
1635 2026 1657 2052 si
1681 2026 1838 2061 Dionysius,

1056 2071 1132 2098 Pauli
1146 2071 1306 2105 discipulus,
1323 2076 1348 2097 et
1362 2071 1538 2106 philosophia:
1551 2071 1772 2104 callentissimus.
1782 2077 1838 2099 tra-

1054 2117 1137 2144 ditatn
1148 2117 1268 2149 ejusdem
1280 2117 1402 2150 mysterii
1416 2116 1645 2151 doctrinain,praa
1660 2118 1766 2144 caeteris
1777 2118 1839 2145 aliis

1055 2163 1248 2198 scriptoribus,
1274 2163 1365 2190 verbis
1392 2163 1552 2198 explicuerit
1590 2163 1753 2191 clarioribus
1780 2171 1839 2191 ma-

1055 2208 1149 2242 gisque
1165 2208 1380 2243 philosophicis?

1089 2254 1176 2282 Porro
1190 2260 1278 2281 autem
1291 2255 1418 2288 quamvis
1431 2262 1495 2282 usus
1509 2255 1589 2290 hujus
1603 2255 1677 2282 verbi
1690 2256 1839 2290 [typostasis

1054 2305 1116 2327 ante
1132 2300 1267 2328 Nicrcuam
1283 2301 1415 2335 synodum
1441 2309 1493 2328 non
1511 2307 1584 2328 esset
1602 2302 1638 2328 ita
1664 2291 1792 2335 frequens
1807 2310 1839 2329 ac

1054 2347 1239 2380 promisouus,
1253 2351 1363 2373 constat
1379 2351 1469 2374 tamen
1487 2354 1547 2374 eam
1573 2354 1666 2374 vocem
1683 2347 1718 2374 ab
1740 2347 1838 2381 aliqui~

1054 2394 1106 2420 bus
1122 2397 1280 2426 usurpatam
1297 2392 1390 2419 fuisse.
1419 2392 1525 2419 Etenim
1552 2392 1696 2427 Dionysius
1719 2393 1839 2420 Alexan-

1055 2438 1152 2465 drinus
1167 2445 1228 2465 eam
1249 2438 1335 2472 ipsam
1351 2437 1498 2472 aliquando
1518 2438 1676 2464 adhibuisse
1691 2438 1789 2472 legitur
1805 2438 1838 2465 “.

1056 2484 1211 2511 Alexander
1222 2491 1298 2516 vero,
1329 2483 1501 2510 Alexandria:
1526 2484 1681 2518 episcopus,
1698 2485 1731 2511 ad
1757 2484 1839 2511 alium

1055 2528 1258 2560 Alexandrum,
1285 2527 1535 2563 Constantinopolis
1561 2529 1741 2563 episcopum,
1770 2531 1842 2557 scri~

1056 2574 1176 2601 lteris";
1197 2573 1351 2608 Propriam,
1378 2574 1475 2608 inquit,
1504 2575 1664 2608 hypostasim
1687 2575 1840 2606 declaravit,

1057 2621 1145 2648 dicens
1157 2640 1164 2646 .
1184 2629 1193 2644 ι
1209 2619 1242 2646 In
1256 2619 1385 2654 principio
1400 2624 1457 2646 erat
1475 2618 1602 2651 Verbum,
1615 2624 1638 2645 et
1661 2618 1771 2652 Verbum
1784 2624 1840 2644 erat

1057 2668 1127 2702 apud
1144 2667 1226 2694 Deum
1245 2666 1293 2698 ",i
1306 2671 1360 2693 etc.
1372 2665 1493 2699 Denique
1506 2665 1548 2692 Itis
1560 2665 1635 2692 Pauli
1651 2665 1739 2692 verbis
1756 2672 1842 2699 χαρα-

1056 2715 1126 2750 κτὴρ
1140 2714 1189 2744 τῆς
1211 2712 1384 2743 ὑποστάσεως
1405 2711 1487 2738 αὐτοῦ
1509 2711 1550 2744 ³⁸,
1575 2718 1718 2744 personam
1751 2709 1857 2737 Patris

1663 2799 1685 2815 ”
1700 2799 1739 2827 De
1754 2800 1839 2828 divin.

1618 2835 1640 2850 ³²
1660 2835 1686 2862 In
1711 2835 1793 2870 Resp.
1807 2837 1840 2863 ad

1219 2841 1239 2856 “
1258 2841 1342 2873 Epist.
1356 2839 1402 2871 57,
1424 2839 1457 2865 ad
1473 2839 1579 2864 Damas.
1618 2839 1640 2850 ³³
1660 2839 1686 2862 In
1711 2839 1793 2870 ﬂesp.
1807 2839 1840 2863 ad

1224 2883 1232 2899 ι
1255 2875 1340 2899 ιιὶει..
1368 2873 1469 2899 eaad.
1515 2872 1538 2887 ³⁸
1562 2871 1640 2899 Joan.
1656 2878 1676 2898 ι.
1716 2870 1738 2886 ³⁸
1758 2871 1842 2899 Hebr.

1515 2872 1538 2887 ³⁸
1562 2871 1640 2899 Joan.
1656 2878 1676 2898 ι.
