1925 3070
65 173 94 199 5‘1
735 175 1000 205 PROLEGOMENA.
1668 183 1704 211 58

67 230 159 256 ηλιεηί
177 229 362 264 designatam
379 239 439 259 esse
461 233 578 261 Basilius
605 234 640 266 ",
665 240 692 261 et
710 235 835 261 laudatus
850 243 863 261 a
880 238 901 268 Α
954 233 1073 268 Denique
1093 235 1164 269 quod
1185 236 1263 263 aiunt
1282 242 1422 266 auctorem
1443 244 1565 268 nostrum
1584 242 1702 276 primunt

67 275 278 310 'l'heopbylacto
294 277 447 311 Gregorius
464 278 605 314 Nyssenus
618 281 764 308 afﬁrmant.
779 282 865 308 Caete-

69 329 142 353 rum,
172 322 307 355 quamvis
337 324 504 351 concedatur
527 325 628 352 nullum
652 331 716 354 ante
745 326 864 362 Dionysii

69 372 191 401 tempora
208 367 298 395 fuisse
312 367 391 402 hujus
408 370 480 396 verbi
509 378 605 403 usum,
622 371 760 399 fatendum
774 377 864 400 tamen

68 418 107 439 est
123 414 199 441 inter
218 414 397 442 Christianos
409 417 551 444 exstitisse
574 418 702 453 aliquem,
729 427 742 446 a
758 427 814 454 quo
829 421 864 447 il-

70 458 111 484 lud
125 459 251 492 primum
276 462 393 495 coeperit
418 463 557 497 usurpari.
574 463 643 497 Quid
659 472 724 500 ergo
738 466 864 501 prohibet

69 503 220 536 quominus
244 504 422 540 Dionysius,..
434 507 476 534 vir
493 507 687 543 philosophica:
712 510 864 546 disciplina:

69 548 271 582 peritissimus,
286 551 333 585 qui
354 551 466 586 hujusce
483 555 571 586 vocis,
590 555 624 581 ab
649 556 797 584 Aristotele
815 558 864 584 ali-

69 596 131 623 cubi
151 597 277 630 tradita,
290 598 345 625 vim
362 605 488 633 noverat,
506 601 550 628 illa
567 602 662 630 eodem
691 611 723 631 ac
747 604 791 632 ille
804 605 863 638 phi—

68 641 249 675 losophorum
266 643 403 679 princeps,
421 652 501 673 sensu
519 651 547 673 et
574 647 776 682 signiﬁcatione
807 650 863 685 pri-

68 695 127 714 mus
143 688 223 715 inter
241 688 412 719 Christianos
430 699 497 719 usus
511 700 571 720 esse
583 694 708 721 dicatur?

99 733 207 761 Contra
234 740 323 764 tamen
344 742 441 772 urgent
464 739 621 773 instantque
643 741 764 769 adversae
777 743 862 776 partis

67 779 204 812 fautores,
227 781 298 815 quod
319 784 443 816 quamvis
469 784 638 813 Anteniczeni
659 787 756 816 Patres
783 790 862 817 Chri-

66 832 137 854 stum
161 829 307 857 Dominum
335 838 428 858 verum
460 833 564 866 Deum,
591 834 680 863 Patris
700 837 794 864 aeterni
817 838 862 864 Fi-

67 874 143 907 lium,
171 875 294 910 ejusdem
307 884 369 904 cmn
384 886 417 906 eo
442 880 611 913 substantiae,
627 883 733 918 Ipsique
747 890 859 912 coaeter~

66 927 129 946 num
160 928 224 948 esse
243 926 271 948 et
299 924 465 953 crediderint
490 929 518 953 et
541 927 692 961 docuerint,
709 932 742 957 ab
763 939 856 959 eorum
876 918 896 946 Β

67 970 158 993 tamen
188 968 300 996 nemine
314 969 348 996 de
363 971 487 1004 personis
507 972 616 1006 divinis,
638 975 802 1011 illarumque
818 983 861 1004 at-

67 1012 179 1040 tributis
190 1019 220 1040 et
231 1014 363 1047 relativis,
389 1022 419 1044 ut
444 1017 605 1053 loquuntur,
628 1026 655 1048 et
668 1023 861 1052 essentialibus

67 1063 119 1084 tam
147 1058 226 1086 clare
248 1065 275 1087 et
296 1062 449 1096 enucleate,
475 1070 556 1099 atque
577 1066 610 1094 ab
636 1073 746 1096 auctore
768 1075 861 1097 nostro

67 1104 237 1139 disputatum
262 1114 379 1142 unquam
402 1109 494 1138 fuerit.
511 1112 542 1138 Et
561 1120 638 1145 sane,
655 1114 793 1148 inquiunt,
812 1123 861 1143 cur

67 1150 83 1176 ii
108 1151 159 1184 qui
172 1156 236 1185 post
260 1153 418 1190 Dionysium
433 1156 547 1184 edendis
571 1158 859 1188 lucubrationibussc-

67 1198 155 1224 condo
167 1203 196 1224 et
207 1200 291 1226 tertio
304 1201 431 1229 Ecclesiae
445 1204 545 1230 sacculo
556 1212 666 1239 operam
680 1206 790 1240 dedere,
806 1216 857 1235 non

65 1244 175 1270 eosdem
205 1253 238 1272 ac
261 1246 307 1273 ille
325 1248 358 1275 de
379 1248 470 1276 divina
493 1249 628 1278 Trinitate
652 1259 792 1280 Sermones
810 1254 859 1280 ha-

65 1287 203 1316 buerunt?
216 1290 271 1318 Cur
286 1293 375 1320 nullus
394 1294 541 1329 aliquando
559 1296 631 1324 illius
651 1303 859 1334 autprmcepto-

69 1334 105 1360 ris
117 1335 179 1369 ejus
194 1335 334 1366 llierotbei
352 1341 503 1374 exemplum
515 1347 624 1369 secutus
639 1345 702 1371 est?

99 1379 167 1413 Qum
179 1388 246 1409 vero
253 1383 286 1409 ad
302 1384 471 1418 probandum
485 1387 557 1413 vocis
570 1388 766 1423 ὑποστάσεως
778 1399 856 1418 usum

65 1426 251 1460 adducuntur,
270 1437 303 1456 ea
321 1430 389 1458 nihil
409 1431 510 1460 habere
527 1434 653 1461 videntur
669 1435 816 1464 soliditatis
830 1443 855 1465 et

66 1473 244 1502 ﬁrmamenti.
267 1476 416 1511 Epistolam
437 1479 509 1506 enim
532 1480 656 1516 Dionysii
675 1482 854 1512 Alexandrini

66 1519 113 1553 ipsi
125 1522 294 1555 suppositam
308 1523 543 1560 adulterinamque
557 1534 619 1554 esse
636 1529 727 1556 critici
746 1530 855 1559 doctio-

65 1573 108 1592 res
131 1567 215 1595 facile
232 1575 395 1604 agnoscunt.
407 1571 500 1599 Altera
522 1581 586 1601 vero
606 1575 719 1604 alterius
731 1577 852 1613 Dionysii
869 1590 891 1621 ρ

64 1612 177 1646 cpistola
203 1621 258 1648 quo
287 1619 409 1651 tempore
432 1618 532 1653 scripta
557 1620 602 1654 sit,
625 1622 715 1650 nullus
739 1612 854 1653 deﬁnire

65 1664 167 1691 potest.
187 1659 322 1689 Baronius
339 1663 450 1697 quidem
474 1665 545 1692 illam
564 1674 638 1695 anno
660 1668 729 1702 528,
744 1678 798 1704 quo
808 1672 854 1699 Li-

64 1705 126 1732 cinii
144 1711 261 1734 mortem
281 1709 437 1744 consignat,
452 1711 544 1739 datam
565 1714 709 1749 opinatur;
727 1719 774 1744 sed
798 1725 853 1745 rut-

65 1758 129 1778 noso
152 1752 252 1779 nititur
269 1752 456 1783 fundamento.
476 1756 544 1785 Nam
568 1759 689 1788 Licinius
710 1770 763 1790 non
782 1771 853 1792 anno

63 1796 125 1829 328,
148 1797 197 1824 sed
211 1798 275 1832 524,
289 1804 319 1827 ut
340 1803 519 1831 accuratioris
540 1805 646 1833 criterii
672 1808 852 1842 seriptoribus

65 1844 181 1876 ridetur,
205 1844 290 1871 vitam
314 1845 413 1874 ﬁnivit.
430 1847 530 1877 Demus
556 1854 647 1878 tamen
665 1851 851 1882 Alexandrum

63 1896 95 1915 eo
109 1896 166 1923 quo
189 1890 248 1918 vult
266 1890 400 1920 Baronius
417 1899 541 1930 tempore
555 1904 630 1924 suam
651 1905 780 1927 exarasse
796 1901 853 1934 epi-

64 1935 178 1969 stolam;
195 1937 259 1972 quid
285 1938 370 1966 inde?
391 1939 462 1968 Nulli
488 1950 554 1970 sane
571 1944 670 1971 mirum
695 1953 755 1973 esse
773 1947 853 1974 debet

64 1988 156 2008 vocem
179 1981 328 2017 hypostasis
356 1985 391 2012 ab
406 1985 516 2014 homine
538 1988 732 2017 Alexandriam
754 1993 852 2027 synodi

64 2027 232 2061 temporibus
255 2029 325 2057 adeo
338 2030 438 2064 vicino,
453 2032 539 2061 fuisse
561 2040 740 2070 usurpatam;
759 2038 806 2065 sed
821 2039 853 2065 il-

65 2071 106 2098 lud
124 2080 192 2100 sane
216 2073 376 2108 mirabilius,
397 2077 469 2112 quod
498 2080 587 2107 nullus
611 2081 739 2120 scriptor,
755 2088 783 2110 ut
803 2084 853 2111 Pe-

65 2120 150 2148 tavius
168 2123 290 2150 ostendit
305 2123 339 2156 "',
356 2124 398 2152 Itis
413 2126 481 2153 tanti
507 2127 557 2154 viri
574 2129 707 2163 vestigiis,
722 2131 773 2157 nisi
789 2137 851 2165 post

63 2166 273 2195 Alexandrinam
294 2170 428 2205 synodum
451 2173 634 2200 tnsistendum
650 2183 712 2202 esse
736 2181 851 2210 putave-

62 2211 105 2238 rit.
119 2211 198 2244 Quod
213 2217 288 2240 certe
306 2222 388 2249 quam
405 2223 500 2250 parum
523 2225 555 2245 ea
568 2226 617 2245 vox
635 2220 746 2248 ineunte
761 2229 853 2249 saecu-

62 2255 87 2283 lo
109 2262 219 2291 quarto,
237 2263 321 2294 atque
340 2268 355 2287 a
386 2261 498 2290 fortiori
521 2265 626 2292 saeculis
649 2267 847 2302 superioribus,
864 2277 890 2307 υ

62 2302 160 2329 usitata
174 2309 256 2336 esset.
274 2310 369 2339 aperte
386 2307 565 2336 demonstrat.

94 2347 150 2376 Nec
161 2349 222 2384 plus
245 2352 354 2379 roboris
367 2357 394 2380 et
415 2355 515 2382 virium
535 2355 601 2384 illud
620 2357 711 2392 habet,
727 2361 800 2395 quod
815 2368 847 2388 ea

61 2402 112 2423 vos
126 2401 155 2423 et
173 2397 199 2424 in
207 2396 330 2432 Epistola
346 2400 379 2427 ad
391 2399 519 2428 Ilebrzeos
532 2409 686 2436 occurrere,
699 2411 727 2433 et
741 2414 756 2433 a
771 2406 849 2434 Basi-

61 2441 96 2469 lio
124 2441 313 2479 Gregorioque
337 2453 419 2473 sensu
443 2447 608 2483 Dionysiano
628 2450 759 2485 explicari
778 2452 848 2487 obji-

61 2487 139 2514 citur.
171 2488 293 2523 Uterque
318 2490 393 2518 enim
416 2491 537 2521 Basilius
559 2500 586 2522 et
604 2495 754 2530 Gregorius
788 2502 848 2532 post

62 2531 200 2561 Nicatnum
228 2535 375 2563 concilium
399 2537 554 2573 scripsere;
577 2545 659 2575 atque
677 2542 703 2568 hi
720 2549 781 2569 eam
800 2551 846 2571 vo-

59 2586 117 2606 cem
141 2587 226 2608 sensu
257 2583 427 2618 temporibus
456 2586 514 2614 Suis
544 2587 646 2615 usitato
673 2589 847 2624 interpretati

60 2630 132 2652 sum.
161 2625 260 2655 Nullus
286 2633 377 2656 autem
393 2635 458 2658 ante
476 2631 541 2659 illud
561 2633 706 2661 concilium
723 2636 846 2663 eamdem

59 2670 132 2699 Pauli
153 2680 249 2701 vocem
276 2674 314 2702 ita
330 2679 436 2704 censuit
454 2686 515 2706 esse
540 2680 742 2714 explicandam.
767 2682 799 2710 Et
821 2684 847 2711 id

60 2718 167 2752 quidem
186 2720 223 2747 ita
243 2727 351 2749 certum
368 2728 419 2758 est,
435 2730 465 2751 ut
484 2726 510 2753 in
529 2725 627 2754 Latina
642 2727 763 2762 ejusdem
776 2729 847 2756 Pau-

61 2764 119 2792 lina
131 2766 254 2801 epistola
268 2770 395 2798 versione
406 2791 414 2803 ,
433 2779 484 2799 vox
503 2772 599 2800 Grteca
611 2775 782 2808 ὑπόστασις
795 2784 846 2803 non

60 2819 106 2845 per
116 2812 244 2841 Latinam
270 2815 429 2851 hypostaric,
447 2818 494 2846 sed
514 2819 601 2854 ﬁgura
613 2820 768 2848 substantia:
785 2822 848 2849 red-

61 2858 113 2885 dita
128 2859 248 2895 legatur.

916 279 1032 308 f6rsitan
1056 280 1153 313 fuisse,
1170 290 1184 307 a
1201 290 1255 316 quo
1271 283 1365 310 eadem
1384 291 1434 311 vox
1454 293 1534 312 sensu
1553 294 1703 315 memorato

916 331 1029 361 accepta
1051 328 1096 361 sit,
1111 328 1196 362 gratis
1222 329 1333 356 omnino
1357 330 1476 365 ﬁngitur.
1491 331 1588 361 Noster
1603 335 1702 370 quippe

916 377 1022 405 auctor,
1039 377 1068 399 ut
1081 373 1192 400 cuilibet
1209 375 1291 402 citata
1307 374 1365 402 loca
1387 379 1558 411 percurrenti
1573 380 1703 414 planissi-

916 424 988 443 mum
1014 418 1072 450 ﬁet,
1102 419 1136 445 de
1157 426 1188 446 ea
1216 420 1256 447 sic
1271 419 1402 455 disputat,
1417 429 1450 449 ac
1471 423 1493 450 si
1510 431 1609 452 sensus
1621 433 1701 460 quem

916 462 952 489 illi
969 463 1076 496 tribuit,
1093 464 1158 491 nulli
1175 466 1287 493 omnino
1308 467 1473 502 incognitus,
1495 475 1620 504 receptus
1628 478 1702 500 esset

914 510 947 536 ab
961 509 1097 538 omnibus.

949 555 1044 591 Neque
1074 557 1107 584 ad
1122 565 1178 585 rem
1194 559 1260 586 facit
1277 558 1385 586 laudata
1398 567 1452 587 uno
1473 560 1499 587 in
1521 560 1579 588 loco
1596 561 1700 588 Aristo-

916 602 974 629 telis
997 603 1157 632 auctoritas.
1179 604 1215 631 Ea
1240 605 1340 639 quippe
1356 605 1426 639 apud
1442 607 1546 640 primos
1571 606 1702 635 Ecclesiae

914 647 1009 675 Patres
1036 649 1136 677 nullius
1150 655 1211 677 erat
1230 652 1371 684 momenti,
1388 652 1489 686 quippe
1515 653 1561 687 qui
1580 654 1702 688 philoso-

913 693 982 727 phiae
1006 694 1131 729 dogmata
1159 701 1358 730 respuerentet
1381 705 1602 732 aspernarentur.
1615 699 1701 727 Porro

913 744 1002 766 autem
1012 740 1034 766 si
1060 741 1123 774 quid
1139 750 1267 770 successu
1284 746 1413 778 temporis
1425 752 1457 772 ex
1475 745 1520 772 illa
1541 747 1700 779 hauserunt,

912 783 1033 812 Platonis
1061 787 1150 819 potius
1168 795 1249 822 quam
1265 789 1425 817 Aristotelis
1441 791 1540 825 placita
1554 797 1581 818 et
1597 792 1700 819 doctri-

913 838 974 858 nam
990 836 1055 858 sunt
1068 832 1226 867 amplcxati.

1212 892 1327 921 CAPUT
1341 893 1396 922 XV.

915 943 1022 972 Sea-tum
1048 954 1243 985 argumentum,
1264 958 1296 977 ex
1311 951 1343 978 iis
1361 959 1420 985 qua:
1443 958 1536 980 auctor
1558 959 1646 981 noster
1666 957 1699 982 de

949 982 1083 1009 monac/tis
1104 991 1247 1024 sortitaque
1268 986 1334 1013 votis
1347 982 1378 1013 ai:
1399 988 1509 1014 solemni
1531 989 1697 1024 pro/essioue

946 1023 1086 1046 memorat.
1099 1019 1229 1048 elicitum.

948 1061 994 1089 illa
1008 1070 1072 1091 vero
1089 1070 1226 1093 auctorem
1242 1072 1363 1094 nostrum
1380 1074 1442 1103 post
1465 1069 1583 1105 Dionysii
1609 1070 1696 1098 Areo-

912 1108 1008 1142 pagittc
1018 1112 1230 1140 mtatemvixisse
1249 1113 1401 1142 luculenter
1419 1115 1619 1149 demonstrant,
1635 1125 1695 1151 qua:

911 1157 945 1180 ab
961 1160 993 1180 eo
1007 1153 1082 1181 hisce
1095 1160 1120 1181 tn
1132 1155 1366 1186 lucubrationibus
1380 1161 1413 1187 dc
1427 1162 1619 1189 monachorum
1634 1171 1696 1197 pro-

911 1198 1029 1227 fessione
1054 1205 1082 1228 et
1110 1202 1206 1230 ordine
1233 1205 1394 1238 produntur.
1418 1207 1455 1234 lbi
1478 1208 1550 1234 enim
1574 1208 1619 1235 ille
1641 1217 1694 1236 non

910 1245 1027 1274 obscure
1042 1247 1122 1275 docet
1137 1249 1209 1277 hunc
1222 1251 1418 1279 monachorum
1433 1253 1555 1281 ordinem
1570 1260 1632 1281 ante
1646 1262 1695 1282 sua

911 1296 1031 1327 tempora
1060 1294 1144 1322 fuisse
1172 1295 1342 1329 institutum;
1362 1299 1500 1333 traditque
1520 1300 1694 1334 apertissime

908 1342 1002 1363 eorum
1020 1337 1218 1371 professionem
1233 1349 1265 1368 ac
1279 1348 1339 1369 vota
1362 1345 1510 1371 nionastica
1528 1345 1694 1373 solemnibus

908 1387 940 1407 ac
955 1383 1081 1416 publicis,
1103 1393 1156 1413 non
1182 1394 1260 1414 secus
1281 1395 1313 1415 ac
1330 1389 1430 1416 saeculo
1444 1391 1539 1424 quinto
1555 1396 1582 1419 et
1604 1397 1692 1423 sexto,

908 1429 1078 1457 caeremoniis
1107 1430 1190 1459 fuisse
1206 1434 1317 1461 emissa.
1340 1435 1375 1462 At
1405 1441 1587 1472 praeterquam
1621 1438 1692 1472 quod

907 1474 1028 1507 priorum
1052 1475 1181 1505 Ecclesiae
1199 1480 1361 1508 smculorum
1387 1483 1545 1516 scriptores,
1569 1489 1650 1518 atque
1674 1485 1690 1511 ii

906 1518 988 1546 etiam
1005 1520 1054 1555 ipsi
1070 1522 1116 1556 qui
1131 1524 1164 1550 de
1178 1525 1291 1559 singulis
1307 1527 1527 1555 Christianorum
1550 1529 1692 1555 ordinibus

908 1567 1063 1593 accuratius
1075 1568 1169 1595 iisdem
1188 1572 1353 1606 tetnporibus
1370 1573 1570 1608 disseruerunt,
1588 1575 1689 1602 nullam

909 1612 1053 1639 monastioi
1077 1614 1184 1642 ordinis
1209 1618 1440 1647 mouachorumre
1462 1620 1639 1656 professionis
1653 1621 1693 1648 fe-

907 1662 970 1683 cere
984 1658 1163 1692 mentionem,
1179 1666 1255 1688 certe
1270 1663 1378 1696 quidam
1390 1666 1567 1694 eruditissimi
1579 1672 1607 1694 et
1622 1674 1692 1694 anti-

906 1703 1030 1736 quissimi
1047 1713 1138 1733 rertnn
1165 1709 1382 1737 monasticarum
1406 1711 1579 1747 indagatores
1596 1722 1690 1741 carum

905 1750 1038 1785 originem
1054 1752 1088 1779 ad
1107 1752 1216 1787 Paulus,
1232 1755 1367 1784 Antonios
1387 1758 1604 1794 Pachomiosque
1620 1761 1689 1789 refc-

907 1802 979 1823 runt.
993 1797 1041 1825 llis
1055 1806 1120 1834 ergo
1134 1806 1230 1827 auctor
1257 1807 1350 1830 noster
1366 1806 1501 1837 posterior
1526 1814 1585 1834 (-Sse
1599 1808 1689 1840 debet,

905 1851 955 1870 nec
968 1844 1111 1880 Dionysius
1125 1847 1289 1882 Arcopagita
1298 1849 1351 1876 dici
1369 1856 1467 1884 potest.

940 1889 1123 1926 Areopagitici
1139 1897 1227 1920 tamen
1242 1894 1314 1921 hunc
1328 1903 1380 1922 non
1395 1897 1500 1932 exigua:
1522 1899 1689 1928 difﬁcultatis

905 1937 1006 1964 nodum
1022 1938 1094 1965 haud
1106 1939 1251 1967 difﬁculter
1265 1949 1295 1968 se
1316 1943 1423 1970 solvere
1442 1945 1621 1978 arbitrantur,
1637 1947 1688 1974 da—

905 1983 981 2017 plicis
996 1985 1190 2012 monachorum
1206 1989 1313 2021 generis
1326 1989 1512 2017 distinctione.
1525 1991 1603 2019 Aliud
1616 1994 1687 2020 enim

904 2035 966 2056 esse
981 2029 1059 2057 aiunt
1072 2038 1158 2066 genus
1183 2033 1382 2060 ctenobitarum
1399 2042 1425 2062 et
1443 2037 1629 2070 eremitarum,
1640 2039 1686 2073 qni

904 2084 918 2102 a
936 2076 1014 2110 plebe
1035 2084 1146 2112 prorsus
1159 2079 1267 2112 Secreti,
1283 2084 1311 2106 et
1331 2088 1345 2107 a
1366 2085 1527 2110 czeterorum
1547 2084 1686 2112 hominum

904 2123 1035 2150 societate
1060 2126 1195 2158 separati,
1227 2127 1253 2152 in
1285 2129 1457 2156 monasteriis
1478 2135 1505 2156 et
1530 2131 1686 2164 ctenobiis,

905 2168 949 2196 vel
966 2169 991 2196 in
1018 2170 1096 2196 silvis
1118 2175 1146 2197 et
1168 2173 1307 2199 montibus
1333 2173 1418 2200 vitam
1437 2177 1617 2204 monasticam
1640 2178 1687 2204 de-

903 2216 1014 2250 gebant.
1043 2215 1098 2243 llos
1114 2217 1235 2244 fatentur
1263 2224 1341 2253 longe
1360 2225 1420 2254 post
1433 2222 1552 2256 Dionysii
1566 2229 1686 2257 tetatem,

905 2270 954 2290 nec
974 2267 1035 2290 ante
1060 2263 1148 2295 Pauli.
1164 2263 1274 2291 Antonii
1296 2271 1324 2292 et
1345 2265 1487 2294 Pachumii
1504 2274 1626 2304 tempora
1641 2278 1688 2298 or—

904 2313 959 2335 tum
978 2309 1115 2336 habuisse.
1132 2309 1210 2337 Aliud
1228 2318 1291 2338 vero
1316 2313 1484 2341 contendunt
1507 2314 1590 2343 fuisse
1601 2323 1687 2351 genus

904 2355 1111 2388 monachorum,
1126 2358 1171 2390 qui
1189 2365 1253 2391 pars
1278 2359 1370 2393 populi
1400 2361 1546 2395 praecipua.
1565 2367 1591 2390 et
1621 2363 1686 2392 illu-

906 2402 986 2429 strior
996 2402 1087 2437 gregis
1100 2403 1200 2430 Christi
1215 2405 1316 2438 portio,
1331 2406 1402 2432 inter
1415 2407 1500 2434 laicos
1515 2408 1551 2435 ita
1572 2417 1686 2444 compn-

903 2447 1041 2482 tabantur,
1074 2455 1103 2476 ut
1129 2450 1234 2483 primus
1258 2451 1297 2478 eis
1322 2451 1348 2478 in
1369 2453 1463 2487 synaxi
1486 2459 1546 2487 post
1560 2455 1687 2484 Ecclesiae

902 2495 1041 2522 ministros
1065 2496 1220 2530 assignatus
1243 2502 1315 2525 esset
1340 2498 1427 2526 locus.
1443 2499 1482 2526 llli
1496 2507 1579 2534 porro
1593 2502 1686 2537 priva-

901 2541 948 2568 tim
972 2542 999 2568 in
1023 2542 1080 2569 suis
1096 2543 1202 2570 urbium
1231 2544 1347 2577 aedibus,
1364 2545 1405 2572 vel
1427 2546 1507 2573 simul
1524 2548 1550 2574 in
1565 2549 1685 2584 Collegiis

902 2588 983 2615 vitam
999 2596 1094 2624 puram
1111 2594 1137 2616 et
1156 2595 1272 2624 castam,
1287 2597 1371 2626 atque
1387 2601 1402 2620 a
1417 2594 1492 2620 curis
1507 2596 1622 2623 terrenis
1637 2604 1685 2622 ex-

901 2634 1033 2669 peditam,
1049 2636 1150 2671 unique
1175 2637 1231 2664 Deo
1250 2639 1432 2673 mancipatam
1452 2641 1577 2675 agebant.
1591 2642 1685 2669 Iliona-

899 2681 967 2709 chos
992 2687 1084 2708 autem
1112 2683 1179 2710 istos
1195 2685 1364 2718 temporibus
1391 2687 1579 2720 apostolorum
1599 2689 1686 2715 exsti-

901 2726 967 2754 tisse
977 2727 1084 2761 dicunt,
1097 2736 1199 2764 eosque
1222 2737 1283 2757 esse
1296 2737 1434 2765 asserunt,
1447 2733 1481 2760 de
1494 2734 1592 2768 quibus
1605 2733 1685 2761 Philo

899 2771 1008 2799 Iudaeus
1023 2773 1097 2800 illum
1113 2773 1231 2802 instituit
1241 2782 1408 2810 sermonem,
1419 2778 1464 2812 qui
1481 2779 1514 2806 ab
1526 2778 1642 2806 Eusebio
1657 2779 1683 2805 in

900 2817 1020 2846 Historia
1032 2819 1055 2835 "
1070 2827 1116 2846 sua
1130 2823 1315 2858 transcriptus
1332 2828 1385 2851 est.

935 2866 1028 2902 Neque
1047 2867 1150 2894 dixeris
1180 2867 1240 2900 hos,
1265 2876 1332 2902 quos
1354 2868 1432 2898 Philo
1447 2878 1501 2898 non
1525 2870 1683 2903 monachos,

112 2917 133 2934 ³·
150 2918 237 2955 Epist.
249 2919 296 2953 43,
312 2921 346 2950 ad
370 2921 483 2958 Gregor.
501 2922 581 2960 Nyss.
619 2925 640 2941 ³⁷
656 2923 780 2961 Tlteolog.
797 2926 932 2963 Dogmat.,
946 2933 1006 2961 cap.
1020 2925 1046 2953 1.
1085 2925 1108 2942 ³⁸
1122 2924 1182 2953 Lib.
1199 2933 1229 2960 n,
1256 2934 1311 2962 iap.
1325 2927 1369 2956 17.
