1925 3070
223 192 258 219 39
794 187 822 215 S.
843 187 1030 216 DIONYSIUS
1050 186 1279 216 AREOPAGITA.
1824 192 1858 218 ω

223 245 270 272 sed
289 245 464 280 therapeutas
475 249 673 279 vocat,.revera
690 245 840 272 monachos
854 253 907 272 non
919 245 1016 276 fuisse,
1032 247 1055 276 Α
1072 245 1114 271 ubi
1131 246 1219 271 omnia
1245 247 1267 272 is
1289 246 1334 280 qui
1355 245 1487 276 initiatur,
1506 247 1640 280 professus
1659 251 1709 279 est,
1733 249 1858 276 sacerdos

224 291 270 320 sed
285 291 416 323 Judaicm,
433 299 607 326 nequaquam
631 299 696 318 vero
707 291 871 318 Christiana:
891 291 1015 324 religioni

224 338 359 369 addictos,
383 342 463 371 atque
484 338 631 365 Eusebium
658 339 708 365 hac
737 339 762 364 in
787 343 869 370 re,ut
893 338 1017 364 eruditus

223 384 286 418 ejus
301 385 437 419 interpres
454 384 577 412 Valesius
592 385 728 415 observat.
741 392 810 410 vano
825 391 920 411 errore
934 384 1017 411 fuisse

224 431 378 466 deceptum.
396 431 437 457 Ab
452 430 652 465 Areopagiticis
668 432 741 457 enim
755 431 850 457 audies
864 429 952 458 nullas
968 437 1016 464 pe-

226 478 355 512 nitusque
380 477 491 504 frivolas
519 486 578 505 esse
605 477 706 505 Valesii
727 479 860 505 adversus
877 482 1015 504 auctorem

225 532 304 551 suum
330 525 516 558 probationes.
548 525 579 551 Et
606 529 688 557 certe,
708 525 850 559 inquiunt,
871 524 1015 556 Eusebius,

225 573 267 599 vir
282 579 396 598 summa:
418 571 582 598 eruditionis
599 572 624 598 in
640 572 823 606 dignoscenda
841 571 1015 606 llierapeuta-

227 626 284 644 rmn
302 618 433 653 religione
445 638 452 650 ,
467 622 521 644 tam
540 618 625 652 turpis
647 617 870 645 hallucinalionis
886 625 938 644 non
955 617 1015 644 sine

226 663 390 690 temeritatis
404 668 464 690 nota
476 668 565 697 potest
583 662 748 690 insimulari.
759 662 870 689 Addunt
883 667 1014 697 pra-terea

225 709 419 748 Hieronymum
436 710 500 737 huic
517 710 627 736 Eusebii
648 710 681 736 de
699 709 1014 744 Cliristiauatlierapeii-

225 761 313 782 iarmn
352 757 482 790 religione
516 756 636 789 opinioni
663 758 720 783 haec
756 756 954 790 subscripsisse
986 756 1013 783 in

224 802 304 828 verba
319 802 359 828 ³⁹ι
379 801 470 833 I'liilo,
491 803 578 829 videns
605 802 775 830 Alcxandriw
789 804 901 837 primum
919 802 1011 829 Eccle-

222 849 289 874 sium
305 850 390 874 rid/inc
415 849 613 882 Judaizuntcm,
639 851 716 885 quasi
748 850 775 875 iii
803 849 909 876 laudem
928 849 1012 884 gentis

222 902 277 920 siue
296 893 391 919 librum
408 902 486 928 super
509 902 600 920 eorum
621 895 816 921 conversatione
829 894 944 927 scripsit.

258 939 293 965 At.
308 947 374 966 sane
395 939 579 974 Areopagitici
595 941 782 975 therapeutas,
799 939 822 967 si
839 940 898 966 fieri
912 940 1008 974 possit,

222 987 384 1013 Cliristiaurc
398 987 522 1021 religioni
537 994 634 1013 nomen
654 987 762 1014 dedisse
777 987 886 1014 invictis
898 987 1010 1012 demon-

221 1037 309 1059 strent
331 1033 515 1068 argumentis.
540 1041 588 1068 per
611 1041 661 1060 nos
683 1033 754 1060 licet.
774 1033 827 1060 Sed
847 1033 908 1059 illos
925 1033 1008 1059 vitam

221 1077 418 1109 monasticam,
448 1077 537 1111 qualis
560 1078 595 1104 ab
613 1083 726 1105 aucloie
757 1083 851 1104 nostro
876 1077 1009 1104 describi-

221 1127 274 1154 tur,
291 1123 436 1157 aliquando
453 1123 574 1155 duxisse,
592 1124 665 1150 nullo
691 1132 822 1158 unquam,
836 1129 864 1151 ut
888 1129 1008 1158 putator,

219 1169 391 1204 antiquitatis
417 1171 585 1197 monimento
615 1170 778 1204 probabunt.
803 1170 884 1197 Missa
907 1170 1008 1196 etenim

218 1215 336 1250 primum
363 1223 394 1242 ea
426 1215 542 1243 facimus
566 1224 625 1250 qua!
644 1217 764 1250 scriptor
781 1221 875 1243 noster
898 1216 931 1243 de
952 1215 1009 1242 Mo-

218 1263 314 1290 nachis
325 1263 383 1289 suis
404 1263 526 1293 tradidit,
543 1270 590 1289 eos
616 1269 670 1288 non
687 1263 711 1288 in
730 1262 852 1294 urbibus,
870 1262 916 1288 sed
930 1267 1007 1288 extra

219 1310 300 1336 urbes
321 1317 479 1344 progressos
493 1330 499 1341 ,
525 1309 552 1336 in
573 1310 660 1336 hortis
678 1309 828 1343 agcllisque
843 1309 959 1343 dt‘gisse,
977 1316 1008 1335 ac

218 1356 333 1390 proinde
356 1355 535 1386 Aiitonianis,
556 1356 627 1390 quod
645 1355 690 1382 alii
714 1359 822 1389 negant,
836 1354 920 1381 fuisse
932 1353 1008 1381 simi-

218 1402 267 1428 les.
281 1401 348 1428 llliid
375 1407 465 1429 autem
491 1402 662 1434 potissimum
686 1402 835 1435 qnmrimus
854 1408 903 1427 cur
923 1400 1006 1426 Euse-

219 1449 279 1474 bius
293 1448 338 1482 qui
356 1453 432 1474 tanto
449 1449 508 1476 uisu
541 1449 720 1479 therapcutas
734 1446 913 1474 Pliilonianos
925 1446 1006 1474 Chri-

219 1495 316 1522 stianis
335 1496 556 1523 aminmerandos
586 1502 647 1521 esse
672 1494 789 1528 probare
807 1499 921 1520 conatus
944 1498 1003 1526 est,

216 1546 328 1572 eosdem
345 1543 439 1571 nullibi
453 1542 552 1569 dixerit
570 1542 720 1568 monachos
732 1541 825 1572 fuisse,
842 1541 881 1567 vel
897 1549 1006 1568 succes-

216 1599 295 1619 sores
313 1591 452 1622 habuisse,
466 1589 512 1624 qui
527 1589 660 1621 vestibus,
676 1593 800 1620 tonsura,
815 1588 886 1614 votis
903 1588 1000 1614 soleiii-
1017 1593 1039 1624 ρ

217 1639 310 1670 nibus,
330 1645 362 1664 ac
385 1636 493 1663 vivendi
516 1635 622 1663 ratione
638 1635 671 1662 ab
695 1634 824 1661 omnibus
839 1634 1004 1661 Christianis

216 1685 327 1718 secreti,
339 1683 530 1718 perfectiorem
545 1683 608 1709 vitae
628 1681 790 1708 monasticae
805 1687 927 1706 normam
942 1686 1005 1713 pro-

215 1732 372 1760 ﬁtebantur.
392 1730 446 1757 Cur
458 1729 650 1764 Hieronymus,
665 1732 758 1753 tantus
773 1725 928 1753 monasticae
942 1732 1005 1759 pro-

216 1777 342 1804 fessionis
356 1774 530 1810 prmdicator,’
542 1774 652 1801 eosdem
671 1773 846 1806 therapeutas
867 1771 891 1798 in
910 1779 1004 1798 iiioua-

214 1825 329 1851 chorum
343 1830 486 1849 numerum
504 1829 556 1848 non
577 1820 672 1851 refert,
689 1819 806 1852 illosque
824 1825 883 1843 cum
897 1818 1004 1845 caeteris

214 1870 343 1898 omnibus
361 1869 457 1904 prima:
479 1867 608 1895 Ecclesiae
626 1865 792 1893 Christianis
813 1864 959 1897 permiscet
977 1868 1004 1890 et

214 1916 376 1943 confundit?
398 1915 476 1943 Nulla
489 1914 583 1949 procul
602 1913 683 1940 dubio
700 1912 751 1938 alia
767 1912 836 1938 ratio
849 1910 938 1937 afferri
957 1918 1003 1944 po-

216 1963 290 1995 terit,
302 1969 382 1997 quam
402 1968 451 1988 nec
469 1959 643 1993 therapentas
659 1957 736 1984 initio
755 1957 891 1983 nascentis
907 1956 1002 1982 Eccle-

213 2010 276 2040 siae,
292 2016 341 2036 uec
363 2007 432 2034 ullos
456 2006 628 2034 Christianos
647 2004 767 2039 Dionysii
794 2008 914 2037 tempore
937 2002 1002 2028 tales

214 2055 365 2082 monachos
384 2053 479 2085 fuisse,
499 2051 594 2086 quales
620 2051 654 2077 ab
666 2056 779 2077 auctore
791 2053 884 2076 nostro
901 2055 1001 2075 memo-

214 2107 320 2128 Πιιιιιιν.

248 2149 337 2181 Atque
356 2146 421 2173 illm]
439 2146 549 2181 quidem
565 2153 598 2172 eo
617 2152 711 2171 rursus
732 2141 887 2170 contiriiiari
901 2146 1000 2174 potest,

213 2195 284 2229 quod
312 2194 493 2220 iiieuasticum
521 2192 677 2219 insututuin
705 2198 758 2216 non
776 2188 900 2216 ferebant
913 2194 1000 2221 prima

213 2240 382 2267 saivientium
415 2240 548 2266 adversus
582 2237 755 2265 Christianos
780 2234 999 2269 persecutionum

214 2291 347 2320 tempora.
364 2286 430 2318 Quis
444 2287 517 2312 enim
533 2284 584 2312 sibi
604 2283 769 2318 persuadeat
788 2287 919 2316 tyrannos
940 2280 1000 2306 ido-

213 2331 355 2365 loriinique
375 2330 503 2363 cuitores,
521 2330 566 2364 qui
583 2337 688 2356 summa
705 2327 867 2355 crudelitate
881 2327 906 2353 in
918 2325 999 2353 Chri-

209 2377 317 2404 stianos
344 2384 440 2403 omnes
459 2375 669 2411 grassabantur,
686 2381 734 2401 cos
759 2374 870 2408 impune
894 2372 998 2403 tulisse,

211 2425 256 2457 qni
274 2425 300 2450 in
315 2424 438 2459 collegiis
465 2423 649 2450 communiter
673 2423 814 2455 degentes,
840 2424 951 2447 tonsura
972 2425 999 2446 et

213 2476 287 2497 veste
304 2470 516 2505 perfectiorique
542 2469 649 2497 vivendi
666 2475 765 2503 genere
790 2466 898 2494 caeteris
919 2465 998 2493 Chri-

212 2518 311 2544 stianis
339 2518 506 2545 illustriores
520 2521 610 2544 erant.
635 2510 775 2548 Sacerdos,
791 2515 878 2549 inquit
902 2517 1000 2540 auctor

212 2569 316 2594 uoster,
329 2568 382 2590 stat
399 2564 433 2590 ad
458 2564 579 2589 altare...
599 2561 629 2589 Is
650 2568 738 2588 autent
757 2562 801 2595 qui
818 2565 998 2591 consecratur,

211 2616 263 2637 stat
280 2616 336 2644 post
348 2611 564 2638 sacerdotem...
579 2618 659 2644 supra
672 2609 746 2635 illam
771 2608 909 2642 mysticam
924 2606 998 2632 invo-

211 2651 340 2682 cationem
363 2655 542 2690 prosequenli.
558 2655 619 2688 Qua
631 2654 719 2688 ﬁnita,
738 2654 861 2680 sacerdos
873 2651 999 2678 accedens

211 2706 286 2736 rogat
303 2702 387 2735 ipsum
403 2703 531 2735 primum,
543 2710 578 2728 an
592 2701 713 2728 omnibus
735 2700 810 2726 rebus
825 2698 939 2726 diriditis
954 2705 997 2724 re-

211 2748 325 2781 nuntiet,
339 2757 390 2775 rum
405 2749 491 2775 solum
504 2749 586 2781 vitiis,
600 2749 646 2775 sed
658 2748 738 2774 etiam
751 2744 995 2781 iiiiaginationibits.

213 2794 313 2821 Deinde
329 2795 434 2826 exponit
454 2795 494 2821 illi
504 2797 586 2822 vitam
603 2793 833 2829 perfectissimam,
847 2794 996 2817 contestans

211 2839 388 2866 itlumdcberc
402 2840 516 2867 mediam
525 2840 626 2868 vivendi
640 2840 767 2866 rationem
782 2845 916 2872 superare.
931 2834 996 2868 Qua:

249 2926 270 2940 "
283 2925 320 2951 De
335 2926 425 2960 script.
443 2927 537 2954 cretes.

1069 297 1127 316 eum
1143 291 1220 324 signo
1230 290 1315 317 crucis
1327 291 1508 325 consignatum
1521 293 1645 318 tondet...
1659 293 1780 327 omnique
1790 299 1858 321 περ(

1069 336 1200 367 detracta,
1224 345 1284 363 eum
1306 336 1361 362 alia
1384 338 1483 364 induit.
1496 337 1564 371 Quis
1588 343 1678 366 autem
1697 339 1794 374 primis
1807 341 1855 368 Ec-

1069 381 1159 408 clesia:
1182 381 1351 417 temporibus
1367 383 1528 410 monachum
1538 384 1655 418 aliquem
1671 390 1746 412 veste
1754 391 1782 413 et.
1795 390 1858 413 ton-

1068 433 1131 453 sura
1143 427 1178 454 ab
1197 427 1258 454 aliis
1275 427 1440 455 Christiana:
1463 429 1603 463 religionis
1629 430 1785 459 hominibus
1799 432 1856 459 dis-

1067 478 1184 505 cretum,
1212 474 1239 499 in
1268 474 1378 507 publico
1398 475 1501 507 visum,
1513 480 1560 502 aut
1573 483 1588 502 a
1604 476 1717 511 paganis
1733 481 1854 512 captum,

1068 524 1235 554 tortumque,
1254 525 1302 547 aut
1315 526 1444 548 necatum
1464 523 1604 550 memoria:
1617 523 1765 558 aliquando
1777 531 1856 551 man-

1066 565 1162 593 davit?
1184 565 1312 598 Ubinam,
1332 575 1436 602 quieso,
1459 568 1602 603 collegium
1621 569 1742 604 aliquod,
1759 571 1786 598 in
1799 578 1855 606 quo

1066 613 1194 639 monachi
1209 613 1290 640 simul
1304 613 1388 640 vitam
1404 614 1549 649 degerent,
1572 624 1587 642 a
1608 616 1723 651 paganis
1739 622 1787 644 aut
1800 618 1853 644 intr

1065 660 1242 694 peratorihus
1257 661 1407 694 prtedatuin
1422 667 1602 689 anteversum
1616 663 1732 697 legitur?
1742 663 1771 691 Si
1785 665 1852 699 quid

1066 706 1107 733 his
1133 714 1187 733 non
1210 715 1322 735 omnino
1347 708 1474 735 absimile
1491 709 1517 736 in
1539 709 1705 743 quibusdam
1721 711 1852 746 martyris

1065 753 1180 788 alicujus
1193 753 1270 781 Actis
1283 761 1428 781 occurrere
1441 754 1554 786 dixeris,
1572 761 1701 790 arguetur
1719 757 1852 784 continuo

1065 801 1111 828 illa
1130 807 1178 827 nec
1187 801 1303 833 genuina
1319 807 1378 827 esse
1393 807 1443 828 nec
1455 801 1574 833 sincera,
1591 802 1713 836 nihilque
1728 802 1762 828 de
1783 807 1851 830 tem-

1062 853 1130 881 pore
1156 850 1210 880 quo
1226 851 1330 882 martyr
1344 847 1389 874 ille
1406 847 1518 879 obierit,
1534 849 1569 876 ab
1584 856 1680 876 eorum
1705 849 1851 884 scriptori-

1065 892 1115 919 bus
1130 897 1207 919 certo
1219 893 1339 920 deliniri.

1099 937 1193 965 Tradit
1215 939 1333 973 denique
1351 945 1447 966 auctor
1470 944 1562 966 noster
1583 947 1680 967 nomen
1697 941 1845 976 therapeu-

1062 989 1095 1011 tie
1109 989 1135 1012 et
1146 986 1270 1012 monachi
1289 993 1338 1013 suo
1352 991 1475 1020 tempore
1492 987 1586 1013 tritum
1599 992 1626 1014 et
1637 988 1750 1023 vulgare
1765 988 1850 1016 fuisse

1061 1037 1144 1064 atque
1159 1039 1174 1058 a
1190 1033 1404 1067 praeceptoribus
1420 1034 1477 1060 suis
1490 1033 1557 1060 illud
1569 1033 1746 1067 Christianis,
1764 1037 1848 1063 ritum

1061 1078 1242 1104 monasticum
1279 1079 1438 1106 solemniter
1470 1081 1680 1114 profitentibus,
1705 1082 1844 1109 inditum:

1062 1122 1133 1149 Hinc
1158 1124 1242 1150 sancti
1258 1130 1431 1158 priet-optares
1453 1127 1545 1157 nostri,
1570 1126 1668 1160 inquit,
1693 1128 1789 1155 divini:
1802 1137 1847 1156 eos

1061 1169 1283 1202 appellationibus
1312 1174 1373 1196 sunt
1397 1171 1552 1204 prosecuti:
1564 1171 1611 1197 alii
1632 1173 1737 1206 quidem
1754 1173 1846 1200 thera-

1059 1219 1162 1246 peutua,
1189 1214 1236 1240 alii
1262 1223 1323 1241 vero
1348 1217 1489 1243 monachos
1515 1217 1733 1250 appellaverunt:
1749 1221 1773 1246 oi
1795 1220 1846 1255 μὲν

1060 1257 1239 1294 θεραπευτὰς,
1264 1261 1288 1286 oi
1309 1260 1336 1286 δὲ
1360 1262 1493 1296 μοναχοὺς
1506 1261 1694 1297 ὀνομάζοντες.
1717 1265 1844 1298 Quinam,

1059 1305 1184 1337 obsecro,
1211 1313 1274 1332 esse
1300 1311 1428 1339 poterant
1456 1307 1483 1334 hi
1506 1308 1626 1343 Dionysii
1651 1316 1845 1344 praeceptores,

1059 1351 1104 1385 qui
1124 1359 1155 1378 ea
1182 1352 1290 1378 nomina
1307 1352 1546 1387 appellutionesque
1561 1355 1665 1381 divinas
1688 1355 1741 1382 illis
1755 1356 1846 1391 impo~

1058 1396 1228 1424 suere‘lNou
1257 1397 1335 1424 Philo
1361 1399 1481 1433 quidem.
1499 1399 1524 1426 ls
1545 1400 1630 1431 enim,
1653 1400 1763 1429 Indicus
1777 1409 1844 1431 cum

1058 1447 1142 1476 esset,
1172 1451 1186 1469 a
1215 1443 1342 1479 Dionysio
1364 1445 1526 1480 Areopagita
1555 1451 1683 1479 tanquam
1711 1456 1781 1475 unus
1808 1457 1843 1477 ex

1057 1489 1160 1516 sanctis
1177 1491 1389 1524 przeceptoribus
1404 1493 1461 1518 suis
1477 1492 1580 1519 laudari
1597 1501 1650 1519 non
1667 1496 1763 1526 potuit.
1777 1495 1843 1528 Qui-

1058 1542 1122 1562 nam
1147 1543 1213 1571 ergo
1237 1537 1269 1562 ali
1290 1543 1322 1564 eo
1350 1543 1532 1572 praeceptores
1556 1539 1749 1572 appellantur?
1772 1540 1842 1567 Num

1058 1580 1221 1608 llicrotlieus
1249 1583 1289 1608 vel
1315 1583 1371 1614 alii,
1388 1591 1502 1618 quorum
1533 1593 1630 1612 nomen
1648 1587 1761 1618 excidit,
1779 1595 1843 1615 eva-

1059 1629 1173 1663 nuitque
1189 1629 1318 1656 memoria
1331 1629 1342 1655 ‘.’
1356 1629 1408 1657 Sed
1423 1630 1450 1656 hi
1466 1631 1523 1657 suis
1539 1632 1707 1666 temporibus
1720 1634 1843 1661 celebres

1057 1682 1116 1702 esse
1144 1675 1308 1707 debuerunt,
1339 1681 1366 1702 et
1384 1677 1512 1704 omnibus
1530 1678 1609 1705 facile
1628 1679 1696 1705 noti.
1708 1679 1763 1706 Cur
1776 1687 1843 1714 ergo

1057 1722 1101 1749 isti
1125 1721 1177 1749 soli
1203 1729 1264 1748 eum
1296 1723 1430 1756 discipulo
1454 1731 1502 1750 suo
1526 1724 1652 1759 Dionysio
1675 1725 1841 1760 Areopagita

1056 1770 1154 1803 primo.
1172 1770 1290 1797 secundo
1314 1771 1449 1806 tertioque
1473 1770 1600 1799 Ecclesia:
1625 1772 1725 1799 steculo
1747 1781 1842 1799 mona-

1056 1816 1168 1843 chorum
1183 1817 1301 1849 iiomina,
1324 1817 1462 1850 ordinem,
1479 1822 1581 1845 statum
1594 1840 1601 1851 ,
1628 1818 1839 1852 professionem,

1057 1867 1130 1894 vota,
1145 1868 1295 1895 tonsuram,
1313 1868 1416 1891 vestem
1433 1870 1460 1891 et
1475 1863 1587 1899 collegia
1602 1864 1841 1891 memoraverunt’.‘

1056 1908 1137 1935 Certe
1153 1916 1214 1935 cum
1230 1909 1274 1935 alii
1290 1910 1440 1944 scriptores
1460 1916 1507 1944 per
1528 1915 1581 1937 tam
1598 1910 1677 1944 longa
1694 1910 1776 1937 trium
1790 1918 1842 1937 sas--

1055 1954 1176 1981 culorum
1197 1956 1283 1989 Spatia
1306 1956 1536 1983 horumomnium
1556 1964 1725 1992 nequaquam
1744 1958 1840 1983 tuenti-

1055 2001 1157 2032 ncrint,
1179 2002 1205 2028 id
1222 2009 1286 2029 sane
1313 2007 1472 2037 argumento
1488 2011 1541 2030 non
1565 2003 1702 2031 levissimo
1717 2009 1759 2030 est
1773 2009 1840 2030 tem-

1055 2055 1120 2082 pore
1137 2048 1258 2083 Dionysii
1276 2049 1363 2076 nullos
1381 2049 1523 2077 exstitisse
1539 2050 1729 2084 lmjuscamodi
1745 2057 1842 2077 mona-

1054 2094 1121 2121 chos
1137 2099 1163 2122 ct
1177 2096 1365 2130 therapcutas.

1347 2153 1461 2180 CAPUT
1476 2153 1544 2180 XVI.

1054 2198 1244 2235 Argumentum
1274 2202 1423 2231 septimum,
1448 2208 1481 2226 ea:
1504 2201 1669 2227 cazremoniis
1694 2201 1840 2235 ritibusque

1088 2234 1181 2265 sacris,
1189 2243 1254 2269 quos
1263 2242 1354 2261 auctor
1363 2241 1449 2262 uos/er
1458 2237 1598 2267 recensuit,
1610 2237 1802 2270 depromptum.

1090 2279 1206 2306 Maxima
1235 2282 1458 2307 cmremoniariim
1483 2281 1638 2313 multitudo,
1655 2282 1839 2317 solemuisqiin

1054 2332 1151 2351 earum
1170 2330 1316 2358 apparatus
1337 2330 1363 2352 et
1386 2333 1502 2359 pompa,
1515 2326 1615 2360 quibus
1633 2330 1731 2352 auctor
1747 2331 1840 2354 noster

1054 2377 1225 2397 sacramenta
1253 2371 1436 2404 baptismatis,
1460 2371 1666 2398 clirismationis
1684 2377 1711 2399 et
1733 2371 1840 2399 Eucha-

1055 2417 1140 2442 ristiie
1152 2417 1250 2443 confici
1265 2421 1292 2443 et
1306 2416 1502 2448 administrari,
1514 2416 1623 2443 missam
1644 2416 1839 2451 liturgiamquc

1053 2462 1199 2494 celebrari,
1219 2468 1247 2489 et
1263 2468 1430 2490 mortuorum
1447 2471 1560 2496 corpora
1580 2464 1689 2498 sepeliri
1702 2465 1837 2499 perhibet,

1052 2518 1113 2537 eum
1130 2509 1260 2545 Dionysio
1279 2510 1442 2543 Arcopagita
1464 2510 1647 2544 posteriorem
1666 2517 1728 2538 esse
1742 2518 1837 2538 rursus

1053 2557 1171 2591 produnt
1185 2561 1213 2583 et
1228 2556 1427 2583 demonstrant.
1451 2555 1497 2583 Ille
1515 2557 1654 2583 enimvero
1680 2557 1729 2583 hos
1741 2564 1837 2583 omnes

1052 2605 1121 2632 ritus
1135 2611 1184 2630 nec
1196 2603 1295 2630 minori
1316 2610 1442 2635 numero,
1463 2610 1513 2629 nec
1529 2602 1627 2630 minori
1652 2602 1835 2634 solemnitate,

1052 2658 1134 2686 quam
1161 2658 1222 2677 cum
1245 2649 1366 2676 Ecclesia
1390 2657 1457 2682 pace
1475 2649 1660 2683 placidissima
1687 2648 1836 2682 fruebatur,

1053 2704 1113 2729 suo,
1131 2696 1181 2722 hoc
1211 2701 1264 2728 est,
1280 2700 1311 2722 ut
1336 2695 1394 2728 ipse
1413 2695 1502 2729 lingit,
1516 2694 1694 2723 acerbissimo
1713 2701 1781 2726 pene
1797 2694 1838 2720 iii-

1053 2741 1226 2769 credibilium
1252 2742 1426 2768 vexationum
1444 2745 1568 2776 tempore
1585 2748 1599 2767 a
1613 2739 1779 2768 Christianis
1791 2741 1837 2767 ad-

1053 2787 1140 2815 hiberi
1156 2788 1247 2815 solere
1260 2787 1407 2821 significat.

1086 2832 1145 2862 Non
1176 2833 1327 2862 difﬁtentur
1359 2834 1470 2870 quidem
1505 2831 1688 2868 Ai'eopagitici
1717 2837 1835 2866 plurium
