1925 3070
121 123 149 150 M
794 113 1060 145 FROLEGOMENA.
1693 114 1728 142 η

121 179 341 206 εειειιιοηὶπιιιιι
354 177 517 206 mentionem
531 176 601 212 apud
615 176 771 212 Dionysium
785 175 890 207 haberi;
906 177 927 204 Α
944 173 989 200 libi
1011 177 1117 206 quoque
1146 169 1264 204 reperies
1297 174 1351 197 tam
1380 169 1549 205 frequentem
1575 170 1658 199 fuisse
1685 172 1728 200 liis

120 225 165 252 sed
176 225 344 252 contendunt
357 232 404 252 eas
426 224 611 259 apostolorum
628 228 750 258 tempore
765 224 896 258 paulatim

122 271 268 302 institutas,
288 275 316 297 et
336 265 485 297 traditione
499 269 649 304 apostolica
666 269 700 296 ad
712 269 781 296 alios
801 269 838 296 ita
855 270 897 296 de-

123 316 230 348 rivatas,
247 321 276 342 ut
303 315 425 351 Dionysii
452 315 574 348 eiusdem
597 319 687 347 aztate,
702 315 728 342 in
739 322 802 342 eum
817 322 897 349 quem

123 361 165 388 ille
188 362 330 392 describit.
345 368 488 388 numerum
511 360 581 388 haud
607 360 750 388 dilllculter
773 367 898 388 crescere

121 408 266 441 potuerint.
290 407 375 435 Porro
400 413 488 435 autem
514 407 675 440 Christiani,
692 408 730 434 uti
752 407 790 434 illi
817 412 898 435 autu-

123 459 205 486 mant,
223 454 255 482 iis
277 453 375 481 ritibus
395 459 450 481 tum
464 454 620 486 utebantur,
633 461 706 486 cum,
730 455 897 489 persecutio-

122 507 184 526 num
199 500 291 528 furore
316 501 360 528 vel
377 502 464 536 sopito
485 501 526 528 vel
542 501 676 536 mitigato,
698 508 816 537 synaxes
837 509 900 529 suas

123 546 187 573 tutis
198 546 224 573 in
238 546 305 574 locis
319 547 520 580 agerelicebat.
532 547 596 580 Quae
608 547 715 581 quidem
732 553 762 574 ut
773 547 898 582 probent,

122 593 259 619 adducunt
275 592 434 619 testimonia
453 592 622 626 Tertulliani,
637 593 682 628 qui
697 594 829 628 baptisma
845 601 898 621 non

123 637 295 671 paucioribus
316 645 397 672 quam
415 643 508 665 auctor
524 644 618 666 noster
629 639 801 667 cairemoniis
814 640 899 667 admi-

124 683 267 710 nistratum
300 688 451 710 asseverat.
468 684 584 711 Basilius
601 691 665 711 vero
687 691 733 711 eas
749 692 763 711 ι
777 684 858 712 tacita
873 689 901 711 et

123 729 227 756 occulta
245 729 390 756 traditione
405 729 438 756 ad
452 737 528 757 suam
546 737 630 764 usque
643 734 750 757 aetatem
768 729 900 757 deductas

122 781 182 802 esse
199 779 324 802 testatur.
343 774 399 802 Nec
414 775 494 802 aliter
509 783 575 803 sane
592 776 627 803 de
643 775 685 803 his
699 780 783 810 atque
796 776 856 803 aliis
869 776 901 802 Ii-

124 821 217 856 turgite
228 821 324 849 ritibus
336 822 471 849 sentiebat
482 822 552 848 idem
563 821 748 851 Tertullianus
759 823 782 839 δ’
796 834 802 851 :
816 822 898 857 Quas,

125 866 223 899 inqttit,
242 867 298 893 sine
325 866 405 893 ullius
428 866 574 901 Scriptum
605 868 795 901 instrumento,
815 868 899 895 solius

123 911 273 938 traditionis
305 912 394 945 titulo,
420 912 514 939 exinde
532 908 730 941 consuetudinis
755 914 901 948 patrocinio

123 956 323 986 vindicantes...
340 957 442 984 Harum
463 964 487 985 et
501 959 616 985 aliarum
634 959 765 995 ejusmodi
780 960 900 994 discipli-

123 1009 216 1028 narum
246 1003 268 1028 si
295 1002 377 1037 legem
391 1005 552 1039 expostules,
567 1007 765 1045 scripturarum
800 1006 900 1034 nullam

123 1046 234 1073 invenies
247 1054 257 1072 :
273 1049 379 1075 traditio
395 1049 442 1076 tibi
456 1051 629 1083 pretenditur
644 1053 761 1085 auctrix,
786 1061 899 1080 consue-

123 1092 186 1118 tudo
209 1093 402 1127 conﬁrmatrir.
428 1101 452 1122 et
481 1095 546 1130 ﬁdes
569 1098 739 1125 observatrix.
763 1098 900 1127 Rationem

123 1139 272 1172 traditioni,
301 1142 494 1173 consuetudini,
517 1143 579 1176 ﬁdei
607 1145 833 1178 patrocinaturam
855 1151 901 1173 aut

123 1184 176 1217 ipse
192 1186 342 1219 perspicies,
356 1192 402 1213 aut
413 1189 444 1214 ab
458 1189 556 1222 aliqua,
567 1190 612 1225 qui
622 1191 789 1224 perspexerit,
803 1191 897 1220 disces.

125 1228 218 1264 Neque
235 1231 278 1257 hic
304 1233 435 1267 quosdam
455 1233 542 1262 audiri
558 1234 649 1263 volunt
676 1235 903 1271 Antiareopagiti-

124 1283 182 1308 eos,
204 1277 258 1311 qui,
277 1277 357 1305 nullis
380 1279 585 1313 probationibus
611 1281 684 1314 freti,
705 1282 836 1318 quasdam
851 1290 904 1310 cae-

125 1322 260 1350 remonias
274 1323 445 1359 Dionysianis
460 1330 541 1360 atque
563 1328 719 1361 apostolicis
735 1328 902 1363 temporibus

126 1366 152 1392 in
169 1374 218 1393 usu
231 1367 312 1395 fuisse
325 1369 453 1397 audacter
470 1371 635 1399 inliciantur.

161 1412 353 1441 Verumtamen
376 1415 441 1443 illud
458 1417 590 1450 adversus
615 1419 820 1455 Arcopagiticos
841 1420 903 1453 jure

125 1458 225 1485 merito
237 1465 357 1494 urgetur,
370 1462 442 1495 quod
453 1461 524 1489 sicut
546 1467 643 1490 auctor
655 1469 747 1491 noster
758 1464 902 1492 nonnullos

949 217 1112 252 temporibus
1126 215 1214 243 thuris
1225 223 1315 248 usum,
1329 223 1380 244 nec
1392 219 1433 243 tot
1442 216 1591 245 sullitiones
1611 223 1678 253 quot
1695 219 1730 246 ab

948 270 1059 291 auctore
1073 268 1166 290 nostro
1183 263 1226 290 his
1238 262 1329 290 verbis
1344 262 1498 290 referuntur
1510 270 1518 289 :
1534 262 1659 299 Ponti/ea:
1669 273 1728 299 pre-

947 317 1001 336 cem
1013 317 1115 336 sacram
1140 308 1174 334 ad
1192 310 1277 334 altare
1300 307 1348 334 Dei
1361 307 1550 341 celebraturus,
1565 309 1597 336 ab
1613 310 1728 344 ejusdem

947 355 1073 389 sufﬁtione
1094 354 1199 381 initium
1223 353 1336 387 faciens,
1363 353 1512 380 uniuersum
1540 355 1632 382 circuit
1654 356 1729 382 chori

948 401 1086 432 ambitum,
1101 400 1181 427 donec
1204 408 1309 426 rursum
1324 399 1358 426 ad
1374 401 1458 427 altare
1475 400 1590 428 divinum
1615 403 1729 434 rediens,

948 452 1002 474 etc.
1027 446 1169 473 Enimvero
1191 446 1375 481 AthenagOras
1401 446 1423 462 “
1448 451 1475 473 et
1505 447 1689 476 Tertullianns
1707 449 1730 464 “

949 492 1117 520 Christianos
1137 500 1223 528 nequc
1249 493 1330 520 thure
1346 485 1535 527 nequo'sumlu
1556 493 1610 521 Deo
1623 495 1730 522 sacrili-

949 545 1026 566 casse
1055 543 1196 566 testantur.
1228 539 1327 567 Ccuset
1359 541 1467 575 quidem
1499 541 1730 570 eminentissimus

950 584 1096 611 cardinalis
1110 584 1181 612 Bona
1196 592 1242 613 eos
1257 593 1316 613 esse
1330 585 1520 621 intelligendos
1534 587 1566 614 de
1581 594 1656 614 more
1669 587 1730 615 thus

950 629 1073 656 adolendi
1085 630 1179 657 eodem
1193 630 1257 664 ritu,
1270 631 1363 658 habitu
1379 635 1406 658 et
1423 637 1564 666 apparatu,
1579 639 1632 666 quo
1643 632 1730 667 agitur

950 673 1019 708 apud
1035 673 1116 701 idola.
1135 673 1188 701 Sed
1203 675 1300 702 summi
1313 675 1364 702 viri
1379 683 1445 709 pace
1457 676 1547 704 dicere
1564 677 1653 710 liccat,
1667 677 1731 704 illud

951 719 1104 746 accuratius
1128 718 1266 746 observari
1288 720 1396 754 debere,
1409 722 1481 755 quod
1505 721 1600 749 scribit
1624 722 1732 749 Tertul-

952 763 1221 798 lianus,Christianos
1234 765 1339 792 duabus
1351 766 1385 793 de
1395 767 1484 794 causis
1497 767 1558 794 thus
1571 768 1731 799 adolevisse,

953 809 1078 836 nimirum
1089 809 1245 837 Christianis
1257 811 1421 845 sepeliendis,
1435 817 1458 840 et
1471 821 1530 840 cum
1540 814 1606 840 odor
1618 814 1732 849 alicujus

916 844 936 872 Β
950 855 1000 882 loci
1015 855 1162 890 offenderit.
1189 855 1245 883 Hac
1258 844 1357 884 etenim
1385 844 1483 893 duplici
1498 859 1656 894 exceptione
1676 844 1733 895 pla-

951 909 1014 928 num
1039 902 1084 929 ille
1110 902 1184 935 facit,
1213 902 1254 930 vel
1283 903 1348 930 alibi
1375 904 1436 932 thus
1464 913 1478 932 a
1496 905 1658 934 Cbristiants
1678 915 1731 935 non

951 948 1079 981 oblatum,
1099 948 1139 976 vel
1167 950 1262 977 saltem
1286 958 1338 978 non
1354 951 1433 978 toties
1454 952 1607 980 adhibitum
1627 956 1733 988 quoties

951 993 986 1020 ab
1002 999 1112 1022 auctore
1130 1001 1220 1023 110511⁵0
1245 1002 1380 1025 narratur.
1405 997 1460 1025 Fac
1489 1003 1578 1026 tamen
1596 1007 1627 1027 ea
1641 1003 1732 1030 omnia

951 1038 1102 1066 sulﬁmenta
1116 1044 1180 1067 tunc
1192 1041 1278 1070 fuisse
1293 1043 1318 1070 in
1333 1051 1395 1071 usu.
1410 1044 1444 1071 At
1455 1044 1560 1078 nullus,
1581 1047 1688 1080 Opinor,
1705 1048 1731 1075 in

952 1086 1070 1113 animum
1094 1087 1145 1114 sibi
1175 1088 1253 1116 facile
1275 1089 1429 1122 induxerit,
1444 1098 1475 1118 ea
1501 1091 1527 1118 in
1552 1096 1590 1120 tot
1612 1094 1733 1122 ecclesia:

953 1131 1074 1166 partibus
1096 1137 1162 1167 quot
1181 1138 1277 1161 auctor
1295 1141 1387 1162 noster
1415 1135 1558 1171 designat,
1580 1137 1662 1166 fuisse
1683 1140 1732 1167 ad-

954 1177 1048 1204 hibita.
1065 1177 1190 1213 Nunquid
1215 1180 1287 1206 enim
1302 1181 1396 1214 primis
1420 1183 1589 1210 smvlcntium
1603 1189 1733 1219 tyranno-
1782 1209 1786 1215 .

954 1231 1012 1250 rum
1029 1225 1196 1258 temporibus
1210 1225 1372 1253 Christianis
1388 1231 1467 1254 erant
1477 1228 1610 1261 ecclesiae,
1622 1238 1683 1264 qua:
1694 1234 1734 1257 tot

953 1270 1084 1304 partibus,
1096 1272 1190 1305 choro,
1212 1272 1339 1300 narthece
1350 1274 1530 1308 sacristiaqne
1555 1278 1734 1305 constarent!

987 1316 1056 1351 Quid
1081 1325 1161 1354 porro
1177 1318 1260 1355 priori
1285 1318 1413 1349 Ecclesia:
1428 1321 1526 1350 szcculo
1553 1322 1643 1351 minus
1655 1325 1732 1352 andi-

957 1367 1029 1394 tunt,
1057 1371 1136 1397 quam
1157 1364 1215 1392 htec
1235 1365 1389 1393 chrismatis
1413 1369 1590 1395 consecrandi
1605 1377 1734 1398 caeremo-

955 1410 1018 1436 nia?
1031 1408 1155 1443 Pontifex
1165 1431 1173 1444 ,
1187 1411 1273 1445 inquit
1288 1417 1382 1439 auctor
1402 1418 1495 1440 noster
1507 1413 1547 1446 “,
1563 1420 1667 1449 accepto
1683 1424 1734 1443 un-

953 1459 1049 1490 guenlo
1059 1476 1065 1487 ,
1079 1457 1152 1491 ponit
1172 1465 1249 1491 super
1267 1458 1350 1485 altare
1363 1459 1500 1486 duodecim
1522 1461 1606 1488 sacris
1622 1462 1672 1488 alis
1688 1463 1734 1488 ob-

123 1511 321 1533 commemoml
346 1509 425 1541 mus,
439 1508 486 1542 qui
503 1508 548 1535 ma
570 1510 657 1544 prima
684 1509 811 1537 Ecclesia,
823 1515 902 1539 male
915 1508 937 1538 (ς
953 1500 1077 1528 velatum.
1091 1502 1157 1534 Quis
1170 1502 1250 1530 ritum
1276 1503 1351 1531 illum
1367 1504 1399 1532 ab
1422 1505 1552 1540 apostolis
1563 1507 1732 1539 ordinatum,

124 1558 219 1578 revera
235 1552 370 1587 vigebant,
389 1554 425 1581 ita
438 1555 529 1590 plures
544 1555 613 1583 alios
630 1562 765 1590 recenset,
779 1557 825 1592 qui
842 1563 903 1591 post

125 1598 319 1633 Dionysianum
353 1608 439 1628 aevum
473 1601 606 1636 originem
640 1602 802 1630 habuerunt.
838 1604 904 1637 Quis

123 1645 199 1671 enim
215 1646 360 1673 verisimile
384 1655 446 1675 esse
470 1650 607 1681 putaverit
626 1649 743 1685 Dionysii
756 1657 814 1677 aevo
826 1657 904 1679 eate-

124 1690 275 1718 chumenos
298 1694 516 1729 pteniteutesque
543 1696 669 1730 publicos
689 1695 838 1728 exstitisse,
856 1697 903 1731 qui

124 1740 185 1768 post
201 1743 338 1764 sacrarum
357 1738 558 1773 Scripturarum
587 1740 718 1769 lectiones
740 1742 903 1776 cjicerentur

123 1788 158 1807 ex
172 1782 308 1809 ecclesia?
330 1783 366 1810 De
386 1784 428 1812 bis
444 1789 531 1812 tamen
554 1786 593 1813 sic
615 1787 712 1813 scribit
735 1792 830 1814 auctor
853 1796 904 1815 no-

127 1831 183 1854 ster
195 1827 216 1843 “
233 1838 239 1854 :
258 1827 342 1856 Porro
357 1831 554 1858 catechumenos
568 1836 590 1858 et
605 1839 799 1866 energumenos,
811 1840 904 1867 eosque

124 1873 170 1906 qui
182 1875 333 1906 pauitantia
345 1874 488 1906 ducuntur,
497 1877 832 1905 sacrosanctteltierarcltice
844 1886 900 1905 mos

124 1919 226 1951 patitur
241 1919 335 1946 audire
362 1928 468 1947 sacrant
481 1921 657 1955 psalmodiam
675 1922 842 1957 divinumque
861 1932 905 1950 sa-

125 1972 232 1990 crarunt
254 1964 454 1999 Scripturarum
482 1968 660 1996 recitationem
677 1975 687 1995 .'
708 1977 796 1996 verum
818 1970 852 1996 ad
873 1978 904 1997 ea

124 2017 184 2044 qua:
198 2010 319 2044 deinceps
334 2018 480 2046 sequuntur
491 2013 624 2047 sacriﬁcia
636 2014 835 2050 spectaculaque
857 2023 905 2043 ne-

124 2063 276 2089 quaquam,
303 2063 355 2085 etc.
382 2056 438 2085 Nec
465 2058 560 2086 leviter
585 2062 773 2094 praetereunda
793 2065 835 2089 est
855 2069 904 2090 vox

124 2099 220 2128 Graeca
232 2103 342 2137 θεσμός
358 2111 419 2138 qua:
442 2105 477 2132 ibi
499 2105 614 2140 legitur;
629 2107 698 2134 idem
712 2108 812 2143 quippe
825 2112 906 2136 sonat

125 2153 158 2173 ac
173 2148 273 2175 sanctio
288 2154 335 2175 aut
358 2158 412 2177 mos
429 2156 508 2179 vetus.
526 2151 655 2185 Quaenam
675 2159 778 2187 autem,
805 2155 904 2182 amabo

126 2195 166 2223 te,
190 2194 307 2223 sanctio.
322 2200 370 2221 aut
382 2195 443 2229 quis
459 2203 518 2223 mos
538 2203 615 2225 vetus
628 2203 734 2232 poterat
746 2207 759 2226 a
776 2199 904 2235 Dionysio

125 2239 228 2271 notari,
244 2247 306 2274 qme
330 2241 364 2268 ab
387 2241 455 2275 ipsis
481 2244 611 2278 apostolis
626 2253 678 2272 non
697 2246 905 2280 sintprofecta?

123 2283 162 2311 At
175 2285 248 2312 nullo
259 2293 326 2313 sane
342 2287 512 2322 antiquitatis
523 2294 571 2316 aut
582 2298 667 2319 sacrae
683 2291 832 2328 Scriptura:
846 2302 906 2322 mo-

125 2329 248 2357 nimento
272 2333 398 2360 ostendes
424 2332 504 2361 latam
533 2336 566 2364 ab
589 2338 721 2371 apostolis
741 2339 839 2374 legem,
863 2340 905 2368 vel

126 2381 230 2402 tnorem
249 2377 283 2403 ab
298 2377 338 2404 eis
364 2378 512 2413 inductum,
536 2388 589 2416 quo
613 2383 801 2411 catechumcni
816 2389 842 2412 et
857 2393 906 2421 pu-

123 2420 191 2448 blici
211 2423 375 2456 pmnitcntes
399 2426 482 2459 priori
509 2427 597 2454 inissa:
625 2429 692 2462 parti
718 2420 863 2464 adessent,
877 2436 905 2459 et

121 2471 188 2500 post
202 2468 259 2495 haec
275 2469 355 2497 missa
369 2471 486 2498 lideliunt
502 2472 741 2504 interdicerentur.
756 2477 903 2511 Enumera,

122 2515 146 2541 si
174 2515 252 2546 velis,
275 2523 344 2550 quos
367 2518 481 2552 apostoli
505 2526 654 2555 eorumque
668 2529 839 2551 successores
853 2524 904 2551 viri

121 2561 267 2594 apostolici
280 2563 488 2592 catechumenos
500 2565 661 2600 baptismate
672 2568 805 2596 abluerint
814 2589 821 2601 ,
836 2577 904 2604 quos

123 2607 292 2634 absolveriut
321 2609 443 2643 publicos
467 2612 648 2645 ptenitentes,
666 2621 715 2642 nec
730 2614 811 2642 ullum
826 2623 904 2650 repe-

123 2660 180 2680 ries
200 2661 280 2687 quem
306 2654 348 2682 his
363 2663 480 2689 unquam
503 2657 605 2692 legibus
621 2659 753 2688 voluerint
770 2662 902 2689 coerceri.

160 2698 259 2727 Evolve
282 2701 374 2732 etiam.
401 2702 423 2728 si
441 2707 534 2736 vacat,
566 2712 661 2733 omnes
688 2706 780 2740 libros,
797 2715 846 2735 nec
862 2708 904 2734 nl-

955 1549 999 1576 vel
1023 1549 1058 1576 ab
1073 1549 1229 1584 apostolicis
1250 1550 1318 1578 viris
1332 1551 1504 1579 observatum
1532 1551 1615 1580 luisse
1631 1561 1734 1581 memo-

955 1596 1002 1623 riae
1028 1603 1145 1630 unquam
1177 1596 1316 1631 prodidit?
1343 1589 1458 1626 Dicesne
1481 1605 1542 1626 eum
1574 1599 1735 1628 Atheniensi

955 1642 1081 1670 Ecclesiae
1103 1643 1240 1677 proprium
1256 1643 1339 1670 fuisse
1357 1648 1385 1670 et
1404 1644 1650 1679 peculiaremiScd
1666 1653 1734 1673 cave

955 1691 985 1713 ut
997 1687 1070 1713 salva
1085 1687 1139 1714 sint
1155 1687 1274 1722 Dionysii
1289 1688 1459 1723 Areopagitas
1483 1688 1603 1722 scripta?
1617 1688 1641 1715 ls
1660 1689 1732 1716 enim

956 1734 1059 1768 primus
1082 1734 1285 1762 Atheniensium
1313 1734 1456 1769 episcopus
1475 1734 1535 1762 fuit.
1560 1735 1662 1763 Auctor
1685 1743 1734 1763 au-

956 1784 1010 1806 tem
1033 1786 1124 1807 ucster
1140 1781 1173 1807 de
1189 1781 1240 1808 hoc
1259 1781 1324 1813 ritu,
1348 1789 1400 1818 non
1424 1786 1452 1809 ut
1468 1789 1538 1809 novo
1557 1787 1586 1809 et
1612 1787 1732 1812 recente.

955 1830 1037 1859 atque
1053 1833 1067 1852 a
1091 1833 1120 1854 se
1142 1827 1276 1860 instituto,
1296 1827 1342 1855 sed
1370 1829 1403 1855 ab
1427 1827 1487 1855 aliis
1513 1828 1611 1862 ubique
1634 1829 1734 1855 usitato

956 1871 1089 1905 loquitur.
1107 1871 1169 1900 Hazc
1194 1872 1276 1907 igitur
1291 1873 1362 1901 illius
1377 1874 1477 1909 scripta
1505 1875 1636 1911 Dionysii,
1647 1875 1734 1901 Areo-

956 1917 1052 1952 pagitte
1062 1918 1133 1946 fetus
1146 1925 1208 1946 esse
1227 1926 1281 1946 non
1297 1924 1419 1954 possunt.

992 1962 1128 1991 Addamus
1142 1964 1257 1999 denique
1274 1965 1301 1992 id
1315 1973 1330 1992 a
1350 1966 1407 1993 veri
1421 1966 1511 2002 specie
1524 1973 1635 2000 prorsus
1651 1967 1736 1994 videri

955 2010 1084 2042 alienum,
1109 2011 1181 2045 quod
1206 2016 1310 2038 mortua
1326 2012 1544 2039 Christianorum
1559 2020 1672 2047 corpora
1702 2014 1735 2041 iis

955 2056 1091 2088 omnibus,
1105 2064 1172 2092 quas
1198 2056 1242 2084 ille
1258 2057 1344 2085 adhuc
1372 2063 1497 2086 recenset
1511 2058 1546 2092 ",
1565 2061 1736 2088 caeremoniis

949 2102 1080 2130 mandata
1094 2103 1237 2137 sepulturae
1259 2103 1369 2132 fuerint.
1384 2103 1428 2131 Eat
1440 2105 1585 2139 siquidem,
1605 2114 1666 2133 cum
1683 2106 1735 2134 Ec—

956 2148 1046 2177 clesiis
1070 2150 1196 2177 omnibus
1216 2157 1266 2184 pax
1286 2156 1392 2177 summa
1416 2152 1658 2186 trauquillitasqne
1672 2153 1736 2181 data

958 2199 1008 2227 est,
1033 2202 1082 2222 nec
1102 2195 1192 2229 plures
1215 2195 1333 2227 fuerunt,
1361 2201 1411 2222 nec
1427 2197 1512 2230 magis
1532 2197 1677 2225 solemnes.
1700 2199 1736 2225 At

958 2241 1068 2276 paganis
1089 2241 1215 2268 omnibus
1237 2241 1415 2269 intolerabilis
1429 2249 1540 2276 prorsus
1559 2242 1655 2270 luisset
1680 2248 1733 2270 tam

959 2286 1099 2321 magnifica
1124 2287 1228 2315 funeris
1249 2288 1494 2322 exsequiarumque
1519 2289 1734 2317 Christianarum

958 2339 1066 2367 pompa,
1080 2340 1130 2360 nec
1145 2333 1228 2361 ullum
1244 2334 1361 2369 Dionysii
1379 2341 1437 2361 ἱενο
1455 2335 1639 2362 Christianum
1654 2337 1735 2364 tanti:

959 2379 1144 2413 parentalibus
1156 2379 1229 2413 justa
1255 2381 1311 2408 suis
1331 2381 1492 2414 solventem,
1508 2383 1541 2409 ab
1554 2382 1671 2410 ethnicis
1683 2383 1736 2410 ali-

956 2424 1064 2458 quando
1078 2425 1275 2459 deprebensnm
1291 2426 1374 2453 fuisse
1390 2426 1558 2460 perhibetur.

1234 2472 1353 2510 parur
1376 2472 1456 2500 xvn.

956 2517 1142 2551 Argumentum
1168 2523 1285 2545 oettwum
1300 2539 1307 2551 ,
1333 2527 1365 2545 ea:
1388 2519 1503 2546 auctoris
1525 2519 1593 2554 ston
1615 2524 1737 2554 petitum.

992 2564 1028 2591 De
1041 2565 1162 2592 auctoris
1176 2566 1262 2592 nostri
1277 2564 1347 2600 stylo
1364 2565 1491 2592 nonnulla
1506 2565 1563 2599 jam
1575 2567 1741 2599 perstrinxi-

957 2619 1027 2644 mus,
1039 2612 1474 2647 ostendimusqueAreopagiticos
1489 2612 1555 2639 nihil
1570 2613 1596 2639 in
1605 2620 1638 2640 eo
1651 2621 1684 2640 an
1693 2614 1743 2640 im-

956 2658 1105 2687 advcrtisse
1136 2659 1206 2694 quod
1231 2666 1282 2686 non
1307 2660 1343 2687 sit
1371 2666 1435 2686 vere
1464 2659 1675 2694 Dionysianum,
1710 2667 1741 2685 ac

958 2705 1016 2733 viro
1044 2706 1191 2740 apostolico
1216 2705 1294 2739 plane
1316 2705 1427 2739 dignum
1449 2706 1614 2740 omninoque
1638 2712 1741 2733 conve-

159 2803 183 2819 “
282 2804 434 2844 Decorum:
448 2805 537 2839 milit.,
559 2807 657 2844 cap.
695 2808 717 2824 “
732 2808 771 2844 De
785 2809 873 2844 eccles.
887 2809 1029 2842 hicrarclt.,
1054 2817 1112 2844 cap.
1139 2810 1166 2838 5.
1206 2809 1228 2825 ⁸¹
1245 2810 1353 2844 Apolog.
1370 2810 1406 2836 ad
1424 2810 1546 2842 imperat.
1585 2808 1609 2824 “
1623 2807 1734 2842 Λυσιας.

122 2845 186 2873 cap.
198 2839 243 2872 50,
263 2845 290 2866 et
306 2839 352 2866 lib.
369 2840 403 2866 De
419 2848 526 2872 corona,
540 2839 598 2876 cap:
614 2843 658 2871 l0.
694 2843 718 2860 ⁸⁸
729 2843 833 2872 LibJJe
850 2846 939 2872 τίσιες.
954 2839 1094 2881 nierum»;
1107 2852 1167 2879 cap.
1183 2845 1210 2872 5.
1247 2839 1273 2861 δέ
1285 2839 1369 2878 Ibid”
1386 2852 1447 2880 cap.
1460 2839 1486 2872 7.

288 2888 422 2918 ΡΑτιιοι.
444 2886 501 2916 (in.
531 2886 584 2916 ΙΙΙ.

1263 2894 1270 2909 \

1583 2890 1603 2919 2
