1925 3070
222 121 256 148 ﬂ
762 114 793 145 S.
813 113 1001 144 DlONYSlUS
1020 111 1252 143 AREOPAGITA.
1799 116 1833 144 id

221 179 310 204 nisus.
322 174 484 210 Scriptlonis
494 175 594 202 etenim
611 175 683 202 illitts
698 181 783 209 genus
797 174 936 210 styiusque
949 182 1001 201 non
1017 177 1040 204 Α
1055 177 1168 207 possunt
1194 179 1312 206 unquam
1341 173 1458 207 assequi.
1484 171 1553 206 Quid
1569 172 1640 207 quod
1664 180 1750 207 neque
1767 172 1834 200 Ter-

219 219 334 255 simplex
348 220 474 254 quidem,
489 220 536 248 sed
551 219 652 252 elatus,
667 225 693 246 et
708 227 755 253 pro
769 219 935 246 sublimitate
953 226 999 246 ar-

219 266 341 302 gumenti
355 265 492 298 sublimis,
511 272 602 292 rerum
619 265 739 292 omnium
753 265 786 292 de
802 264 900 298 quibus
911 263 1001 298 agitur

218 311 342 347 dignitati
370 310 560 346 maiestatique
592 311 704 345 pulchre
733 311 888 344 respondet.
914 309 999 336 Porro

220 360 277 387 haec
291 359 353 394 styli
370 358 525 386 sublimitas
545 358 740 386 obscuritatem
757 357 870 392 peperit.
894 356 941 383 Illa
957 361 1000 383 ta~

219 412 281 433 men
296 412 349 432 non
372 412 404 432 ex
426 404 545 440 Dionysii
570 404 717 439 imperitia,
731 404 777 430 sed
794 411 827 430 ex
840 410 872 430 eo
887 403 998 437 potissi-

219 457 293 476 mum
306 455 366 477 orta
381 455 435 482 est,
449 449 520 483 quod
538 449 594 484 ipse
611 450 661 476 hoc
674 449 810 476 scribendi
826 455 925 483 genere
944 447 999 475 dif-

222 495 287 522 ficili
303 500 330 522 et
345 496 473 529 obscuro,
489 501 518 523 ut
536 497 574 522 ait
590 496 668 523 divus
686 494 814 528 Thomas,
825 502 901 522 sacra
917 499 944 522 ct
959 494 999 521 di-

220 542 283 568 vina
301 540 439 576 religionis
454 547 553 569 nostra:
569 541 692 574 dogmata
705 546 733 568 et
744 540 873 576 mysteria
886 540 998 576 pagapis

217 592 244 614 et
259 587 413 615 infidelibus
427 587 564 614 occultare
578 587 704 614 voluerit.

252 633 493 668 Antiareopagitici
520 641 584 661 vero
607 637 718 660 censent
743 632 810 660 nihil
832 632 926 659 eodem
950 639 998 659 au—

216 680 301 706 ctoris
325 679 410 707 nostri
425 679 494 714 stylo
508 680 658 715 excogitari
683 686 760 714 posse
773 679 944 713 Areopagita
958 679 998 706 vi-

217 726 297 760 rique
310 726 450 761 apostolici
477 727 594 754 orationi
610 727 694 760 magis
710 734 862 762 repugnans
877 732 905 753 et
931 734 996 754 cort-

216 772 340 799 trarium.
353 771 447 798 Tanta:
463 771 591 799 nimirum
618 771 698 798 molis
713 776 756 798 est
780 771 812 798 de
826 771 906 799 unius
926 772 997 806 ejus-

216 819 331 853 demque
350 818 491 853 scriptoris
506 818 576 852 slylo
593 822 694 844 certam
721 817 792 844 fcrre
816 817 994 844 sententiam!

216 863 351 897 Quantum
370 868 460 890 autem
477 863 520 890 hic
549 862 725 897 Dionysianus
750 862 884 889 scribendi
902 863 996 890 modus

215 911 248 937 ab
274 910 427 945 apostolicae
450 909 582 936 orationis
611 908 696 935 forma
721 908 878 939 abhorreat,
909 908 934 934 hi
949 908 996 935 de-

216 960 369 983 monstrant
380 963 411 982 ex
427 955 496 982 mira
511 954 582 981 illius
600 955 718 986 luxurie,
739 955 837 989 saepius
847 954 995 981 cothurnos

215 1007 243 1029 et
256 1002 444 1037 dithyrambos
456 1001 685 1036 supergredicnte.
697 1000 770 1028 Nihil
780 1002 880 1036 quippe
891 1001 994 1028 auctori

214 1054 309 1075 nostro
335 1048 401 1075 satis
423 1047 608 1083 magnificum,
625 1047 764 1080 inﬂatum,
782 1047 930 1081 turgidum,
946 1047 994 1081 hy-

214 1092 392 1128 perbolicum.
407 1091 581 1127 Supcrlntiva
595 1092 645 1126 ipsi
663 1099 716 1118 non
735 1091 881 1122 sufﬁciunt,
896 1092 942 1118 sed
961 1099 992 1118 ea

213 1143 317 1165 tantum
334 1142 465 1172 quantum
481 1142 570 1171 potest
582 1142 609 1164 et
629 1143 711 1171 auget
727 1141 753 1164 et
770 1137 894 1164 intendit.
909 1136 994 1164 Voces

215 1184 329 1211 usitatas
339 1203 347 1216 ,
361 1190 441 1210 sacro
456 1183 594 1210 nascentis
608 1182 735 1210 Ecclesiae
753 1189 801 1208 usu
818 1187 993 1210 consecratas

214 1233 393 1264 aspernatur,
410 1236 442 1255 ac
466 1235 550 1255 novas
569 1228 754 1262 hactenusque
785 1227 936 1258 inauditas,
952 1232 994 1253 at-

213 1283 266 1310 que
289 1275 323 1302 ad
345 1281 470 1309 pompam
486 1274 600 1305 etlictas,
630 1273 655 1299 in
672 1280 764 1299 earum
782 1272 872 1299 locum
893 1272 993 1299 substi-

214 1321 277 1348 tuit.
297 1319 398 1347 Horum
422 1323 513 1346 autem
530 1319 651 1346 omnium
677 1317 827 1353 catalogutn
847 1322 993 1345 contexere

211 1374 304 1403 opera:
327 1366 442 1400 pretium
459 1373 512 1392 non
528 1369 580 1396 est,
596 1364 815 1399 quandoquidem
829 1371 861 1391 ea
886 1371 939 1391 uno
956 1364 994 1390 in-

212 1413 283 1439 tuitu
298 1411 325 1438 in
337 1410 458 1438 Corderii
472 1410 645 1437 Onomastico
655 1413 735 1443 atque
747 1409 990 1441 observationibus,

213 1452 438 1496 Dionysianorum
461 1465 573 1493 operum
600 1457 711 1485 editioni
735 1457 866 1492 adjectis,
882 1457 993 1484 cuilibet

211 1512 326 1533 cernere
340 1504 458 1540 proclive
470 1509 521 1532 est.

247 1551 339 1587 Neque
365 1551 466 1579 dixeris
492 1554 680 1586 argumentum
709 1550 736 1576 in
762 1556 816 1584 quo
845 1548 990 1584 Dionysius

211 1598 386 1630 versabatur,
402 1597 472 1624 hanc
487 1597 522 1623 ab
531 1603 564 1623 eo
577 1596 700 1630 exegisse
713 1595 920 1627 sublimitatem,
936 1602 989 1629 qua

211 1647 286 1671 certe
307 1642 479 1670 sublimiores
494 1646 522 1669 et
544 1641 599 1669 Deo
624 1641 760 1676 digniores
789 1640 864 1668 ideas
885 1647 916 1667 ac
944 1648 990 1668 co-

211 1688 357 1724 gitationes
381 1686 536 1715 hominibus
560 1687 681 1714 traderet
705 1686 915 1720 inspiraretque.
934 1685 991 1712 Pri-

211 1742 285 1761 tnum
309 1733 382 1761 enim
395 1733 420 1760 id
434 1732 487 1760 dici
507 1740 678 1767 nequaquam
695 1736 783 1766 potest
811 1732 845 1759 de
859 1731 928 1758 libro
953 1730 991 1757 De

210 1779 358 1807 hieran/tia
377 1778 567 1811 ecclesiastica,
581 1778 626 1806 ubi
650 1777 694 1805 ille
709 1778 828 1812 disputat
851 1779 883 1805 de
896 1785 990 1804 sacra-

212 1825 310 1852 mentis
324 1825 463 1858 sacrisque
492 1824 589 1852 ritibus
604 1832 664 1859 qua:
679 1824 840 1859 quotidiauo
866 1832 914 1852 usu
937 1825 992 1852 lre-

209 1871 419 1905 quentabantur,
435 1877 546 1904 qumque
560 1870 678 1905 simplici
692 1869 871 1905 popularique
884 1870 990 1897 metho-

211 1918 247 1944 do
262 1915 423 1943 tardioribus
435 1915 598 1944 Christianis
614 1923 692 1950 teque
709 1923 741 1942 ac
753 1915 928 1950 peritioribus
941 1918 988 1943 de-

210 1963 313 1990 bebant
337 1963 481 1998 explicari.
509 1963 611 1991 Deinde
630 1963 774 1990 consilium
800 1963 919 1990 auctoris
943 1971 991 1990 no-

209 2009 272 2041 stri,
284 2010 322 2036 uti
332 2008 547 2042 observavimus,
557 2014 616 2036 erat
628 2008 670 2036 his
685 2009 712 2035 in
720 2008 796 2036 libris
807 2009 913 2036 clariori
926 2009 990 2036 sitn-

213 2055 375 2090 pliciorique
385 2056 508 2082 oratione
527 2061 559 2082 ea
579 2054 744 2083 Christianis
759 2055 846 2082 minus
862 2055 989 2090 perfectis

210 2107 362 2136 exponere,
374 2100 474 2135 quibus
495 2100 673 2133 llierotheus,
690 2104 839 2136 praeceptor
852 2101 926 2135 ejus,
942 2110 988 2128 su-

209 2146 326 2174 blirniori
351 2151 379 2173 et
401 2146 552 2174 obscuriori
575 2147 712 2174 scribendi
731 2154 829 2182 genere
854 2147 989 2181 perfectos

211 2192 467 2225 imbuerat.Debuit
487 2193 568 2227 igitur
585 2193 631 2220 ille
644 2193 715 2231 stylo
730 2193 850 2221 scribere
863 2192 985 2228 populari
1002 2217 1024 2244 ῃ

210 2243 238 2264 et
251 2237 342 2272 plano,
360 2238 505 2272 verbisque
517 2239 554 2265 uti
569 2240 685 2274 receptis
698 2244 726 2266 et
741 2239 938 2266 communibus.

246 2285 325 2312 Dices
350 2285 477 2320 Dionysio
494 2285 606 2312 forsitan
623 2286 694 2312 idem
712 2286 845 2313 accidisse
871 2292 903 2312 ac
920 2284 988 2312 Ter-

210 2331 322 2359 tulliano
346 2331 462 2366 aliisque
491 2331 666 2366 scriptoribus
696 2331 831 2359 nonnullis
848 2351 855 2364 ,
877 2332 922 2366 qui
937 2351 944 2364 ,
959 2340 988 2358 a-

209 2377 308 2404 crioris
323 2377 422 2412 ingenii
440 2377 501 2411 igne
517 2379 631 2412 abrepti,
649 2378 733 2406 libros
757 2385 823 2406 suos
838 2379 909 2414 stylo
922 2387 987 2406 exa—

212 2429 341 2452 rarerunt
357 2424 504 2459 singulari,
524 2424 667 2459 verbisque
694 2425 733 2451 usi
760 2428 823 2452 sunt
851 2425 987 2452 inusitatis

209 2477 242 2496 ac
261 2469 339 2504 plane
355 2470 544 2498 insolentibus.
560 2471 659 2498 Verum
685 2476 894 2506 quantocunque
926 2471 988 2506 igne

208 2519 348 2546 incensum
364 2517 447 2547 fuerit
461 2518 582 2553 Dionysii
598 2518 766 2553 ArcOpagltae
779 2523 881 2552 pectus,
896 2519 918 2547 is
944 2525 987 2545 sa-

209 2571 243 2590 ne
257 2568 310 2590 tam
336 2564 491 2590 immaniter
505 2571 519 2590 a
545 2571 628 2598 scopo
642 2572 695 2592 non
714 2564 801 2599 potuit
815 2565 944 2591 aberrare
958 2569 988 2591 ut

209 2612 236 2638 in
257 2611 334 2638 libris
346 2619 414 2645 quos
440 2611 653 2644 simplicioribus
673 2611 834 2638 Christianis
848 2611 988 2645 minusque

207 2656 337 2690 perfectis
352 2657 505 2690 scribebat,
522 2662 623 2684 tantam
639 2658 771 2685 orationis
791 2658 986 2685 sublimitatem

207 2707 235 2729 et
247 2703 510 2737 grandiloquentiam
531 2703 630 2738 ubique
646 2703 797 2731 alfectarct.
824 2702 877 2730 Sed
891 2704 929 2730 sic
943 2711 987 2730 er-

207 2755 269 2775 rare
291 2748 402 2782 fallique
412 2749 501 2776 solent
515 2749 584 2776 male
609 2749 696 2776 feriati
723 2749 856 2781 homines,
877 2749 924 2784 qui
940 2756 988 2783 pu-

207 2794 306 2821 nienda
320 2795 473 2822 temeritate
488 2795 564 2822 libris
579 2796 637 2823 suis
651 2803 745 2823 eorum
761 2797 870 2822 nomina
889 2796 986 2822 inscri-

209 2839 287 2874 bunt,
302 2849 416 2875 quorum
444 2849 494 2869 nec
523 2843 659 2878 ingenium
677 2849 726 2869 nec
741 2842 875 2869 scribendi
893 2842 987 2869 modos

1053 218 1192 250 tullianus,
1208 224 1297 252 neque
1326 217 1395 244 ullus
1421 225 1537 252 unquam
1560 218 1678 252 scriptor
1690 225 1721 245 ea
1737 218 1832 251 verba,

1051 272 1112 298 quae
1139 263 1323 297 apostolorum
1351 263 1620 300 Christianorumque
1635 265 1754 292 omnium
1783 273 1833 292 usu

1050 314 1209 338 consecrata
1225 314 1314 342 erant,
1341 310 1423 336 missa
1449 309 1570 337 fecerunt
1588 315 1618 337 ut
1633 311 1666 338 iis
1686 311 1738 338 alia
1756 311 1833 346 peni-

1052 361 1095 384 tus
1106 356 1274 390 incomperta
1290 356 1390 390 ubique
1402 356 1559 384 sufﬁcerent
1569 356 1581 383 ?
1592 357 1693 384 Auctor
1709 365 1772 385 vero
1785 365 1833 384 no-

1051 408 1108 430 ster
1133 409 1213 429 voces
1235 402 1366 436 episcopi,
1392 403 1536 438 presbyteri
1560 408 1588 430 et
1615 403 1830 438 diaconi,quasi

1049 448 1185 476 obsoletas
1210 449 1344 483 repudiat,
1359 450 1452 484 eisque
1475 456 1581 483 semper
1600 449 1730 484 subrogat
1749 451 1832 477 verba

1050 494 1185 530 ῑεράρχαι,
1200 494 1317 530 ἱερεῖςθι
1330 494 1480 530 λειτουργοί
1496 505 1502 522 :
1518 502 1610 522 sacros
1624 499 1714 522 autem
1729 495 1832 522 utrius-

1048 546 1100 573 que
1115 539 1237 566 Ftederis
1264 539 1348 566 libros
1365 540 1476 567 citando
1501 547 1580 566 voces
1607 539 1758 573 Scriptura,
1783 545 1831 566 aut

1049 587 1188 620 Scriptura
1217 592 1306 618 sacra,
1328 586 1488 621 evartgelica,
1510 587 1649 620 scriptores
1673 587 1756 619 sacri,
1786 587 1830 614 vel

1048 633 1212 667 scriptorum
1235 633 1345 659 nomina
1369 633 1488 666 respuit,
1513 641 1546 661 ac
1563 640 1612 668 pro
1634 634 1673 660 eis
1688 632 1830 660 substituit

1048 679 1130 706 verba
1145 678 1290 713 theologica.
1313 684 1339 705 et
1357 679 1481 714 theologi,
1501 679 1544 706 vel
1568 680 1656 706 divina
1673 679 1827 711 illustratio,

1047 728 1074 752 et
1086 725 1173 752 divino
1191 725 1296 752 numine
1309 725 1401 760 afflati,
1423 730 1470 752 aut
1495 725 1565 752 sacri
1585 725 1742 752 initiatoret.
1754 723 1827 752 Nihil

1046 778 1113 806 ergo
1129 770 1156 797 in
1176 771 1298 798 auctoris
1312 771 1400 799 nostri
1414 771 1496 806 stylo,
1510 771 1580 806 quod
1592 778 1653 797 cum
1668 770 1828 797 Tertulliani

1046 816 1133 849 libris.
1149 817 1287 852 multoque
1303 818 1392 844 minus
1406 825 1467 844 cum
1479 816 1600 851 Apostoli
1615 816 1742 851 Epistolis
1753 823 1828 844 com-

1047 863 1111 898 poni
1124 868 1217 897 queat,
1228 871 1373 891 occurrere
1391 862 1508 890 videtur.

1080 906 1174 942 Neque
1200 907 1309 934 tandem
1339 908 1472 935 orationis
1496 907 1568 934 illius
1593 907 1749 935 obscuritas
1765 906 1827 934 ideo

1046 956 1199 983 excusanda
1217 956 1337 991 estquod
1350 955 1495 991 Dionysius
1505 955 1593 991 Opera
1610 963 1658 984 sua
1672 955 1826 982 inﬁdelibus

1045 1006 1072 1028 et
1084 1009 1136 1028 non
1152 1002 1269 1029 initiatis
1283 1002 1440 1029 oecultanda
1451 1009 1512 1030 esse
1524 1003 1671 1030 censuerit.
1681 1001 1747 1029 Nam
1761 1009 1824 1029 cum

1044 1048 1218 1080 Christianis,
1234 1048 1273 1075 uti
1293 1049 1421 1081 diximus,
1438 1049 1592 1077 rudioribus
1605 1049 1749 1083 minusque
1763 1056 1826 1083 pcr-

1045 1093 1127 1121 fectis
1140 1094 1291 1129 scripserit,
1305 1101 1336 1121 ea
1351 1093 1444 1129 procul
1465 1094 1547 1121 dubio
1570 1102 1619 1122 nec
1634 1094 1709 1121 inani
1724 1094 1822 1120 obscu-

1045 1147 1129 1175 raque
1157 1141 1405 1175 grandiloquentia,
1425 1147 1476 1167 nec
1500 1140 1614 1168 vocibus
1639 1139 1771 1171 insolitis,
1789 1147 1822 1165 ac

1044 1194 1114 1214 vano
1127 1185 1259 1214 affectata:
1270 1194 1374 1222 pompa:
1389 1186 1480 1214 studio
1491 1186 1644 1218 fabricatis,
1658 1185 1704 1212 sed
1717 1192 1822 1212 summa

1044 1233 1250 1269 perspicuitate,
1269 1233 1412 1267 verbisque
1424 1232 1545 1260 omnium
1561 1240 1611 1259 usu
1627 1231 1746 1266 receptis
1758 1229 1820 1257 nul-

1044 1279 1116 1315 lique
1128 1279 1273 1315 incognitis
1293 1279 1490 1307 conscribenda
1506 1283 1594 1306 erant.

1321 1331 1436 1360 CAPUT
1449 1331 1541 1359 XVIII.

1043 1391 1080 1418 De
1094 1391 1233 1418 levioribus
1257 1390 1428 1426 quorumdam
1453 1388 1754 1426 Antiarcopagiticorum
1772 1396 1820 1414 ar—

1076 1427 1216 1460 gumentis,
1232 1431 1255 1452 et
1263 1423 1406 1459 postremis
1420 1424 1663 1460 Αηοραςὶιίιονιιιην
1684 1423 1821 1460 probatio-

1078 1458 1171 1492 nibus;
1184 1468 1217 1487 an
1231 1461 1272 1487 hic
1286 1466 1378 1486 auctor
1391 1459 1519 1486 mendacii
1533 1459 1706 1489 accusandus,
1722 1462 1745 1484 et
1756 1458 1821 1484 scri-

1076 1501 1121 1529 pta
1135 1496 1191 1530 ejus
1203 1496 1254 1522 sint
1270 1495 1406 1522 miraculis
1422 1495 1600 1521 colronestala.

1077 1551 1204 1584 Quatdatn
1228 1551 1281 1578 alia
1297 1554 1454 1584 argumenta
1469 1549 1503 1577 ab
1516 1550 1651 1584 aliquibus
1672 1549 1821 1577 Antiareo-

1042 1598 1168 1632 pagiticis
1193 1598 1367 1626 heterodoxis
1382 1596 1540 1628 afferuntur,
1555 1604 1615 1631 quae
1636 1597 1699 1631 quia
1714 1596 1756 1623 vel
1779 1595 1819 1622 le—

1041 1644 1151 1672 vissima
1168 1648 1241 1677 sunt,
1256 1644 1298 1670 vel
1317 1644 1423 1671 veritati
1443 1648 1579 1678 certisque
1603 1643 1818 1670 orlhodoxorum

1042 1691 1172 1718 doctrinae
1187 1696 1214 1717 et
1230 1690 1368 1717 traditioni
1382 1690 1470 1725 palam
1491 1689 1673 1724 refragantur,
1691 1689 1723 1715 iis
1736 1695 1819 1715 excu-

1042 1736 1143 1765 tiendis
1154 1741 1181 1764 et
1196 1737 1372 1764 recensendis
1383 1736 1508 1764 lubenter
1519 1737 1735 1770 supersedemus.
1749 1735 1818 1768 Quid

1041 1784 1123 1814 enim,
1150 1787 1180 1810 ut
1204 1787 1302 1810 caetera
1328 1787 1478 1815 taceamus,
1500 1782 1587 1810 levius
1612 1789 1645 1809 eo
1669 1785 1817 1812 momento,

1040 1829 1112 1863 quod
1140 1828 1226 1863 plenis
1247 1829 1343 1856 buccis
1358 1831 1536 1862 concrepant,
1551 1828 1702 1855 doctrinam
1717 1827 1751 1854 de
1767 1833 1818 1852 an-

1041 1874 1162 1909 gelorum
1192 1874 1356 1902 hierarcbiis
1381 1878 1409 1900 et
1430 1873 1583 1906 ordinibus,
1603 1879 1663 1907 qu:e
1685 1877 1819 1898 tamenu-

1041 1919 1128 1947 cleate
1143 1919 1176 1946 ab
1188 1923 1300 1946 auctore
1324 1922 1419 1945 nostro
1444 1917 1605 1952 explicatur,
1630 1916 1748 1952 Dionysii
1765 1923 1818 1944 sae-

1041 1964 1102 1993 culo
1131 1964 1216 1991 fuisse
1239 1963 1454 1998 incompertam?
1475 1962 1546 1990 Nihil
1564 1963 1662 1998 uuippe
1672 1963 1706 1989 de
1717 1962 1759 1989 his
1775 1962 1819 1988 illo

1040 2012 1142 2044 docuit,
1157 2011 1229 2046 quod
1243 2018 1275 2038 ex
1293 2009 1443 2045 Scripturis
1456 2010 1544 2036 sacris
1557 2016 1590 2036 ac
1605 2009 1723 2036 maxime
1738 2008 1817 2036 Pauli

1040 2058 1169 2093 Epistolis
1181 2057 1309 2092 primitus
1323 2064 1375 2084 non
1384 2056 1530 2090 acceperit.
1545 2055 1603 2083 Non
1627 2055 1696 2082 imus
1709 2055 1816 2089 quidem

1039 2105 1146 2133 inficias
1160 2104 1237 2132 illum
1255 2111 1304 2138 pro
1317 2102 1417 2138 ingenii
1430 2101 1471 2129 sui
1485 2102 1597 2134 viribus,
1611 2108 1642 2129 ea
1653 2109 1714 2136 quae
1727 2109 1758 2128 ex
1775 2108 1817 2127 sa-

1039 2153 1095 2181 cris
1107 2151 1226 2179 fontibus
1242 2151 1380 2182 hauserat,
1397 2148 1484 2176 fusius
1491 2149 1632 2180 enodasse,
1645 2152 1726 2182 atque
1735 2148 1817 2175 etiam

1039 2198 1260 2234 amplificavisse.
1275 2197 1328 2224 Sed
1345 2196 1410 2224 nulli
1427 2195 1524 2223 mirum
1533 2194 1618 2222 videri
1632 2194 1710 2222 debet
1729 2194 1818 2222 homi-

1041 2253 1103 2272 nem
1131 2244 1240 2272 doctum
1262 2248 1290 2268 et
1312 2241 1494 2277 ingeniosum,
1519 2241 1657 2276 multaque
1673 2241 1819 2268 Platonica:

1040 2288 1219 2324 philosophia:
1245 2286 1403 2314 eruditione
1432 2286 1582 2318 imbutum,
1603 2287 1636 2313 dc
1661 2285 1819 2313 ctriestibus

1039 2333 1201 2362 substantiis
1229 2333 1306 2368 plura
1327 2335 1390 2366 post
1415 2331 1522 2359 divinas
1543 2331 1697 2366 Scriptura:
1727 2337 1816 2359 retra-

1038 2385 1143 2412 ctasse,
1160 2379 1248 2413 iisque
1267 2379 1394 2406 nonnulla
1422 2378 1560 2406 addidisse
1575 2385 1635 2413 qua:
1655 2385 1689 2405 ex
1701 2378 1816 2406 sanioris

1039 2425 1217 2460 philosophia
1241 2423 1351 2459 placitis
1373 2426 1527 2457 desumpta,
1550 2423 1637 2451 sacris
1656 2422 1818 2451 Christianae

1039 2471 1102 2499 fidei
1116 2470 1364 2498 accommodaverit
1383 2470 1565 2505 dogmatibus.

1074 2518 1188 2551 Reliqua
1211 2516 1330 2550 ipsorum
1353 2521 1511 2551 argumenta
1537 2515 1640 2543 leviora
1663 2522 1735 2549 sunt,
1749 2517 1817 2544 mul—

1040 2572 1122 2600 toque
1137 2566 1252 2593 minoris
1272 2565 1411 2599 ponderis.
1424 2562 1528 2590 Nemini
1544 2570 1608 2597 ergo
1625 2564 1759 2596 negotium
1776 2563 1816 2589 fa-

1041 2617 1148 2639 cessere
1161 2615 1283 2645 possunt,
1299 2616 1330 2636 ac
1342 2616 1373 2636 ea
1387 2609 1516 2643 pleraque
1535 2610 1625 2635 omnia
1638 2617 1670 2635 ex
1686 2608 1739 2640 his,
1757 2615 1817 2642 qua:

1040 2660 1067 2687 in
1079 2658 1268 2693 superioribus
1278 2656 1515 2684 dissertationibus
1527 2656 1630 2689 passim
1646 2655 1815 2687 tradidimus,

1039 2710 1135 2739 sponte
1148 2711 1196 2731 sua
1219 2708 1312 2735 ruunt,
1328 2707 1356 2729 et
1378 2701 1498 2729 funditus
1514 2706 1684 2728 evertuntur.
1697 2700 1814 2728 Suliicict
1835 2715 1838 2721 -

1038 2758 1103 2786 ergo
1123 2749 1255 2777 validiora
1275 2749 1389 2775 aliorum
1405 2748 1714 2782 Autiareopagiticorum
1737 2754 1804 2781 argu

1039 2801 1129 2825 tnenta
1152 2795 1279 2822 omnibus
1310 2795 1367 2822 suis
1388 2794 1553 2829 ponderibus
1575 2794 1611 2820 ita
1635 2793 1816 2824 examinasse,

1039 2848 1069 2870 ut
1088 2840 1157 2868 nihil
1186 2847 1279 2868 eorum
1296 2845 1356 2872 qua:
1378 2839 1411 2868 ad
1428 2847 1460 2867 ea
1479 2837 1665 2866 confirmanda
1687 2838 1728 2864 vel
1743 2837 1812 2864 iniir-
