1925 3070
229 165 260 195 ﬂ
768 165 797 193 S.
819 164 1002 194 DIONYSIUS
1019 164 1246 194 AREOPAGITA.
1797 171 1831 198 $8

227 223 353 260 συνετέθη
369 223 441 251 κατὰ
453 223 497 251 τὸν
513 225 542 251 ἐν
555 224 611 255 τοῖς
621 225 708 259 ἁγίοις
727 225 930 261 Ἀρεωπαγίτην
949 227 997 252 Δια

1057 224 1172 252 inlibris
1193 226 1243 260 ipsi
1263 225 1388 260 ascriptis
1409 225 1492 253 etiam
1508 233 1578 253 mmc
1600 223 1689 260 legere
1704 231 1757 253 est.
1777 227 1829 254 Sed

225 271 324 297 νύσιον.
338 271 418 305 Atqui
435 271 555 305 Ephraun
569 272 723 305 patriarcha
733 271 916 300 Antiochenus
929 280 1004 299 crea-

226 322 270 344 tus
284 321 327 344 est
343 324 403 344 cum
426 316 594 344 Justinianus
615 324 687 344 anno
707 317 758 344 526
779 318 812 344 ad
838 317 941 352 imperii
956 326 1004 352 gu-

225 362 370 390 bernacula
393 364 519 394 accessit,
542 368 569 390 et
593 363 705 397 ipsemet
727 363 848 398 Ephrtem
868 370 931 392 ante
952 372 1003 391 an-

225 417 289 436 num
305 409 357 436 545
372 408 425 435 fato
447 408 555 436 iunctus
575 414 626 436 est.
647 409 767 445 Dionysii
791 411 871 438 etiam
895 410 1004 438 nomine

226 462 282 482 non
305 454 388 482 semel
403 455 522 482 citantur
547 456 580 483 ab
598 456 705 483 Andrea
722 456 881 484 Cwsariensi
897 459 1002 491 episco-

225 508 271 535 po,
284 502 329 535 qui
346 501 417 529 circa
441 510 540 529 annum
564 502 616 529 500
639 503 722 530 libros
744 510 808 531 suos
830 503 959 531 edidit“.
973 504 1001 532 ln

226 547 260 574 iis
274 548 371 583 quippe
387 548 485 576 nullius
499 549 639 584 scriptoris
660 549 739 577 beato
753 549 854 585 Cyrillo
870 551 1001 578 recentio-

226 593 274 626 ris,
292 593 338 621 ille
350 594 460 628 protulit
476 595 669 622 testimonium.

262 639 339 666 Aliud
360 639 479 674 cjusdem
505 641 675 675 antiquitatis
690 647 889 676 argumentum,
913 641 1002 670 minus

225 690 316 712 tamen
345 691 460 718 certum,
484 686 592 713 elicitur
611 694 642 713 ex
666 686 777 715 scholiis
803 695 862 722 qua:
884 687 1002 715 Joannes

226 731 473 766 ScythOpolitanus,
491 735 557 759 teste
578 732 720 760 Anastasio
740 732 960 766 Bibliothecario,
974 734 1001 761 in

225 779 344 814 Dionysii
359 778 444 812 Opera
462 778 621 814 composuit.
644 778 710 806 Nam
723 784 816 806 contra
836 779 905 807 hunc
919 780 1002 807 Joan—

225 833 304 858 nem,
338 825 383 859 qui
417 824 522 852 concilii
557 824 783 854 Chalccdoneusis
817 827 1000 856 defensionem

226 878 398 907 susceperat.
416 873 525 907 scripsit
540 872 654 900 Basilius
668 873 749 905 Cilix,
762 874 817 908 qui,
835 879 864 902 ut
880 876 917 902 ait
932 875 1001 903 Pho-

221 920 277 947 tius
300 919 333 951 ",
358 919 492 954 presbyter
516 919 566 953 [uit
591 918 716 946 Ecclesiae
740 920 925 954 Antiocheam,
948 930 999 957 quo

221 971 334 1000 tempore
350 965 470 992 thronum
485 965 523 992 ibi
537 966 639 992 tenebat
666 964 819 1000 Flavianus,
838 965 1000 1003 Romanique

221 1013 324 1040 clavum
353 1012 454 1046 imperii
486 1012 672 1038 moderabatur
697 1013 874 1045 Anastasius,
897 1013 923 1040 id
954 1017 1000 1040 est

222 1058 294 1085 circa
310 1065 410 1084 annum
432 1056 494 1084 500.
514 1056 706 1084 Verumtamen
721 1065 780 1085 cum
795 1057 866 1085 idem
882 1058 1000 1087 Anasta-

221 1104 278 1131 sitts
287 1103 402 1138 primam
416 1102 579 1136 scriptorum
594 1102 714 1138 Dionysii
727 1103 889 1131 mentionem
899 1113 913 1131 a
926 1111 999 1132 sum-

222 1151 275 1178 mis
301 1149 473 1185 pontiﬁcibus
493 1148 626 1183 Gregorio
649 1148 756 1184 Magno.
777 1148 903 1183 Martino,
926 1152 998 1186 Ago--

221 1198 305 1225 tbone
320 1195 377 1223 ﬁeri
390 1199 516 1227 testetur,
533 1194 578 1221 ille
591 1195 682 1229 procul
697 1195 779 1222 dubio
793 1195 835 1222 vel
849 1203 944 1223 errore
955 1196 999 1224 vel

221 1242 358 1270 memoriae
378 1241 453 1275 lapsu
480 1240 565 1267 falsus
583 1245 638 1272 est:
655 1248 704 1268 nec
721 1241 786 1268 tanti
803 1241 915 1275 proinde
930 1249 997 1276 pon-

220 1288 293 1316 deris
308 1292 396 1322 potest
409 1294 470 1314 esse
489 1285 546 1319 ejus
564 1286 723 1313 auctoritas.
747 1285 818 1313 Idem
834 1294 940 1322 quoque
958 1287 999 1314 di-

222 1333 335 1361 cendum
352 1333 385 1360 de
396 1333 541 1359 Anastasio
553 1331 669 1364 Sinaita,
683 1332 728 1366 qui
737 1336 800 1359 ante
813 1332 901 1359 saeculi
910 1333 996 1367 quinti

221 1379 303 1407 linem
327 1378 483 1413 Dionysium
508 1377 653 1405 Rhetorem
673 1377 725 1404 alia
750 1377 874 1405 similiter
895 1378 997 1406 scholia

221 1425 248 1452 in
262 1424 369 1452 easdem
391 1423 511 1458 Dionysii
535 1422 704 1457 Areopagitae
727 1422 926 1450 lucubrationes
947 1431 998 1457 pu-

220 1469 336 1498 blicasse
356 1474 468 1497 testatus
490 1474 541 1496 est.
563 1468 695 1496 Caeterum
710 1488 718 1501 ,
734 1469 907 1503 quantumvis
925 1473 998 1496 uter-

221 1524 275 1551 que
288 1516 449 1544 Anastasius
462 1522 588 1549 peccasse
599 1515 716 1547 dicatur,
724 1520 827 1542 certum
838 1519 926 1542 tamen
938 1522 997 1542 esse

220 1562 302 1590 debet
313 1569 359 1589 eos
372 1569 420 1588 nec
431 1561 543 1588 tinxisse
556 1567 607 1587 nec
615 1560 751 1587 divinasse
762 1560 866 1588 scholia
875 1560 998 1594 hujusce-
1010 1571 1032 1600 ο

221 1608 294 1636 modi
317 1607 400 1635 fuisse
423 1606 570 1641 aliquando
591 1607 626 1633 ab
651 1606 694 1633 his
713 1605 890 1641 scriptoribus
913 1606 996 1634 edita.

220 1655 272 1689 Qui
288 1659 379 1682 autem
394 1654 497 1681 scholia
516 1654 542 1680 in
558 1658 695 1680 auctorem
718 1653 860 1687 quemdam
877 1653 997 1680 conscri-

221 1702 298 1733 buut,
314 1707 373 1727 eum
387 1707 436 1733 pro
451 1699 533 1726 veteri
547 1703 574 1726 et
592 1699 680 1733 magni
696 1698 813 1725 nominis
824 1699 883 1725 viro
898 1699 998 1726 habere

220 1747 318 1774 solent.
332 1745 381 1772 Diu
396 1752 462 1780 ergo
481 1752 545 1772 atite
560 1744 689 1772 sarculum
700 1744 824 1779 quintum
840 1744 996 1780 Dionysiani

218 1793 279 1820 libri
294 1791 442 1828 pervulgati
458 1791 575 1818 fuerunt.

256 1838 323 1866 lllud
338 1846 402 1865 vero
416 1838 458 1865 bis
472 1837 576 1864 accedit
590 1836 694 1863 roboris
706 1841 733 1863 et
747 1836 908 1864 ﬁrmamenti
924 1837 996 1871 quod

218 1884 316 1912 Suidas
330 1884 354 1900 "
368 1889 394 1911 et
409 1883 588 1918 Pacbymeres
606 1882 630 1898 "
650 1883 769 1916 tradunt,
789 1882 890 1916 aliquos
912 1887 997 1909 exter-

218 1939 265 1958 nos
277 1930 453 1965 philosophos,
474 1928 616 1963 praesertim
633 1927 758 1955 l’roclum
770 1944 778 1957 ,
800 1927 996 1962 contemplatio-

219 1978 295 2004 nibus
316 1975 436 2010 Dionysii
451 1975 600 2010 frequenter
622 1982 699 2000 usum
724 1973 813 2007 fuisse,
829 1979 906 2008 atque
930 1973 995 1999 adeo

216 2024 296 2051 etiam
312 2022 389 2048 meris
408 2021 471 2055 ipsis
490 2020 657 2047 dictionibus.
679 2019 706 2047 Si
729 2025 808 2046 certa:
832 2019 911 2054 igitur
933 2019 994 2046 lidei

218 2070 272 2096 sint
289 2069 346 2095 hace
368 2067 534 2098 testimonia,
551 2066 689 2093 fatendum
704 2071 745 2092 est
765 2066 994 2100 contemplationes

220 2114 339 2148 Dionysii
359 2112 456 2139 Proclo
480 2111 537 2144 illo,
562 2111 607 2146 qui
631 2112 681 2138 sub
697 2111 786 2138 Leone
810 2111 914 2138 Thrace
939 2119 994 2138 me-

218 2160 291 2187 dium
308 2159 418 2186 circiter
431 2159 558 2186 saeculum
583 2158 707 2192 quintum
729 2157 805 2184 libris
821 2157 993 2184 conﬁciendis

216 2213 326 2241 operam
349 2205 431 2238 dedit,
455 2212 515 2232 esse
536 2203 714 2238 antiquiores.
737 2203 916 2236 Quamobrem
940 2211 992 2230 non

1054 273 1163 306 quidam
1175 272 1253 306 hujus
1268 272 1492 307 ltistoriographi,
1507 280 1585 306 quem
1602 272 1843 300 fabulosissimunr

1053 324 1113 344 esse
1130 318 1233 351 dicunt,
1254 318 1440 345 auctoritatem
1472 317 1579 344 elevare
1600 318 1688 345 conati
1706 327 1714 345 z
1738 317 1830 350 Verba,

1054 364 1191 399 inquiunt,
1205 373 1238 392 ex
1255 365 1351 392 nostris
1367 365 1536 400 Dionysianis
1549 366 1678 399 descripta
1699 365 1830 400 Nicepho-

1052 416 1098 436 ηδ
1110 409 1212 436 videtur
1230 410 1285 444 ipse
1299 410 1386 444 potius
1398 411 1430 436 de
1446 418 1494 436 suo
1508 410 1646 445 adjecissc.
1664 411 1699 437 ad
1711 410 1830 438 Jama-

1052 454 1086 482 lis
1106 456 1282 483 narrationem
1305 455 1531 490 conﬁrmandam,
1554 463 1633 491 quant
1653 465 1683 483 ea
1706 456 1830 485 lucenti

1052 502 1183 529 tribuisse.
1202 502 1248 529 His
1259 506 1357 530 autem
1379 502 1402 529 si
1423 502 1539 537 objicias
1562 502 1742 537 Nicephorum
1756 503 1830 531 clare

1051 552 1080 575 et
1096 547 1236 582 perspicue
1250 547 1383 576 aﬂirmare
1404 548 1539 583 ipsissima
1554 547 1690 576 Iuvenalis
1709 549 1788 576 verba
1812 556 1829 576 a

1051 600 1082 620 se
1096 593 1178 620 fuisse
1193 594 1338 628 descripta,
1355 599 1489 629 reponunt
1502 594 1574 622 illico
1588 603 1595 621 :
1611 593 1753 621 Historicis
1763 603 1830 622 scn-

1051 640 1169 673 ptoribus
1187 641 1301 668 solemne
1315 648 1380 673 esse,
1395 641 1523 672 homines,
1535 641 1568 668 de
1588 641 1681 676 quibus
1699 642 1828 674 scribunt,

1050 693 1082 712 ea
1095 686 1209 713 dicentes
1219 686 1351 718 inducere,
1366 694 1416 712 non
1426 694 1485 721 qua
1497 694 1556 714 vere
1567 695 1598 713 ac
1611 691 1681 714 certo
1691 687 1827 720 dixerunt,

1051 731 1096 758 sed
1106 739 1165 764 qua:
1180 731 1239 758 illos
1255 731 1304 765 ipsi
1317 731 1402 758 dicere
1415 733 1529 766 potuisse
1542 737 1646 766 putant.

1088 777 1142 804 Sed
1157 777 1220 805 huic
1244 778 1410 813 respousiOni
1426 777 1502 812 plura
1528 785 1678 814 repugnare
1691 778 1828 808 videntur.

1051 823 1171 850 Primum
1201 824 1272 850 enim
1298 825 1331 851 de
1359 831 1518 860 quocunque
1544 825 1598 853 alio
1622 825 1766 860 scriptore,
1782 827 1828 860 qui

1051 868 1167 895 aliorum
1194 868 1277 896 verba
1302 876 1497 906 sermonesque
1523 871 1701 903 transcribit,
1733 871 1827 898 eadem

1051 914 1135 942 etiam
1152 915 1204 943 dici
1220 922 1340 951 possent.
1357 917 1432 951 Quod
1448 925 1514 946 sane
1534 926 1617 954 quam
1637 919 1734 946 falsum
1747 919 1783 946 sit
1801 922 1829 945 et

1050 961 1208 996 absurdum,
1225 969 1304 990 nemo
1319 971 1371 990 non
1387 964 1469 993 videt.
1485 965 1585 992 Deinde
1609 964 1758 999 Nicephoro
1772 973 1827 992 non

1049 1007 1135 1034 moris
1151 1013 1191 1035 est
1206 1008 1330 1036 homines
1346 1015 1378 1036 ea
1393 1009 1513 1037 dicentes
1534 1009 1672 1042 inducere,
1689 1017 1748 1044 quze
1767 1009 1828 1036 illos

1051 1053 1107 1088 ipse
1131 1053 1223 1081 dicere
1247 1055 1366 1088 potuisse
1388 1054 1511 1089 putabat,
1531 1055 1577 1082 sed
1592 1062 1653 1090 qua
1674 1056 1691 1082 ii
1713 1063 1776 1083 vere
1795 1063 1829 1084 ac

1049 1104 1126 1127 certo
1141 1099 1278 1128 dixerunt.
1302 1100 1445 1128 Postremo
1471 1100 1584 1128 Michael
1611 1100 1709 1136 Glycas
1733 1102 1829 1130 scribis

1050 1145 1077 1172 in
1094 1144 1239 1172 Annalibus
1255 1146 1408 1180 sepulcrum
1426 1145 1472 1174 Dei
1495 1146 1637 1175 Genitricis
1651 1147 1741 1175 Mariae
1754 1155 1828 1183 cum,

1050 1190 1212 1217 adveniente
1227 1189 1342 1224 Thoma,
1356 1195 1479 1225 apertum
1504 1191 1610 1226 fuisset,
1624 1193 1649 1220 in
1676 1193 1720 1220 illo
1732 1199 1829 1228 praeter

1049 1234 1205 1269 sepulcrales
1224 1236 1331 1262 exuuias
1349 1235 1416 1263 nihil
1443 1236 1516 1264 aliud
1539 1242 1682 1272 repertum.
1698 1239 1786 1274 Atque
1802 1240 1828 1267 id

1050 1279 1158 1312 quidem
1171 1280 1271 1308 Graeca:
1290 1280 1436 1316 Nicephori
1460 1282 1610 1310 narrationi
1633 1285 1744 1311 omnino
1764 1293 1830 1312 con-

1049 1325 1135 1359 gruit,
1152 1325 1195 1353 ubi
1214 1333 1264 1353 vos
1281 1326 1373 1354 Graeca
1386 1334 1438 1354 non
1450 1327 1614 1362 sepulcrum,
1629 1329 1677 1356 sed
1691 1330 1828 1364 sepulcra-

1049 1369 1086 1397 les
1104 1371 1212 1398 exuvias
1226 1371 1345 1406 signiﬁca
1351 1376 1370 1398 ι.

1084 1416 1152 1449 Quid
1180 1417 1250 1451 quod
1285 1416 1468 1452 Hieronymus
1502 1425 1554 1445 non
1581 1418 1670 1448 minus
1701 1420 1827 1449 distincte

1048 1470 1129 1497 quam
1143 1467 1242 1492 auctor
1255 1467 1346 1490 noster
1363 1471 1458 1490 novem
1474 1463 1631 1498 angelorum
1654 1466 1762 1494 ordines
1780 1475 1828 1502 po-

1048 1507 1147 1536 suit”?
1171 1508 1246 1536 Unde
1265 1515 1330 1543 ergo
1348 1509 1416 1536 hanc
1431 1509 1463 1536 de
1481 1509 1583 1545 angelis
1602 1510 1750 1539 doctrinam
1773 1514 1826 1541 nisi

1048 1563 1081 1582 ex
1095 1555 1153 1589 ejus
1167 1555 1244 1583 libris
1257 1560 1393 1582 mutuatus
1406 1555 1467 1582 est?
1482 1554 1579 1583 Verum
1601 1556 1657 1584 haec
1671 1558 1825 1592 cortjectnra

1049 1609 1100 1629 non
1113 1602 1224 1629 omnino
1248 1602 1311 1629 felix
1324 1609 1384 1630 esse
1400 1602 1515 1629 videtur.
1528 1603 1592 1636 Quis
1607 1604 1679 1631 enim
1697 1604 1826 1641 Hierony-

1048 1657 1119 1676 mum
1133 1657 1166 1677 ex
1181 1649 1274 1676 eodem
1291 1656 1322 1676 ac
1343 1649 1458 1684 scriptor
1472 1655 1575 1683 noster,
1590 1658 1729 1679 sacrarum
1749 1653 1824 1680 Scri-

1047 1702 1187 1731 pturarum
1204 1696 1278 1722 fonte
1295 1694 1367 1722 illam
1381 1695 1490 1723 haurire
1506 1697 1626 1729 potuisse
1646 1697 1826 1728 inlicit-bitur!

1047 1742 1112 1776 Quis
1128 1741 1210 1768 etiam
1225 1745 1362 1768 auctorem
1378 1745 1508 1774 nostrum,
1531 1745 1623 1777 utpote
1635 1745 1824 1779 recentiorem.

1046 1795 1079 1815 ex
1096 1787 1259 1822 Hieronymo
1283 1793 1330 1813 sua
1349 1786 1531 1821 desumpsisse
1545 1788 1603 1822 pari
1615 1788 1677 1824 jure
1693 1789 1825 1820 aﬂirmare

1047 1840 1099 1860 non
1118 1833 1234 1867 poterit?

1081 1878 1295 1906 Probabiliorem
1324 1877 1436 1905 forsitan
1465 1878 1498 1905 de
1525 1877 1822 1916 Pseudo-Dionysiano—

1046 1932 1105 1952 rum
1118 1924 1235 1958 Operam
1250 1923 1412 1958 antiquitate
1423 1923 1608 1957 conjecturam
1622 1925 1684 1953 inde
1694 1927 1824 1961 accipies,

1045 1969 1116 2005 quod
1142 1969 1261 1996 nonnulli
1289 1976 1320 1995 ea
1356 1968 1504 2003 Apollinari
1531 1974 1559 1997 et
1584 1971 1707 2006 Didyme,
1735 1973 1824 2004 quarti

1045 2015 1135 2043 stt-culi
1148 2015 1334 2048 scriptoribus,
1350 2014 1564 2049 assignaverint;
1586 2023 1618 2042 ac
1640 2016 1752 2050 proinde
1766 2018 1823 2046 hac

1045 2062 1138 2089 eadem
1155 2061 1241 2095 Opera
1257 2060 1310 2087 illis
1325 2060 1490 2092 temporibus
1500 2060 1555 2094 jam
1568 2061 1595 2088 in
1615 2062 1709 2096 vulgus
1728 2070 1822 2098 sparsa

1044 2106 1128 2134 fuisse
1142 2106 1288 2133 habuerint
1311 2112 1482 2139 persuasum.
1501 2105 1554 2132 Sed
1577 2113 1637 2132 cum
1663 2106 1729 2133 nihil
1750 2108 1822 2142 quod

1043 2151 1206 2187 Apollinaris
1226 2155 1253 2179 et
1281 2150 1385 2186 Didymi
1399 2150 1536 2178 erroribus
1554 2155 1633 2186 atque
1645 2152 1772 2179 doctrina:
1787 2153 1822 2180 sit

1044 2205 1194 2225 causonmn
1209 2197 1236 2223 in
1261 2196 1356 2224 iisdem
1376 2195 1485 2230 scriptis
1508 2201 1646 2230 occurrat,
1666 2202 1719 2224 tota
1746 2203 1821 2225 certe

214 2240 277 2288 jure
290 2257 402 2286 prorsus
414 2249 549 2276 immerito
563 2248 685 2275 Marinus
698 2248 721 2264 ⁸⁵
737 2257 742 2274 :
760 2248 859 2275 Saltem
870 2248 994 2275 librorum
1011 2243 1033 2270 D
1046 2247 1138 2271 errant
1153 2243 1206 2273 via.
1222 2243 1266 2276 qui
1285 2249 1316 2268 ea
1330 2241 1512 2288 scriptoribus
1532 2240 1586 2268 illis
1603 2242 1770 2288 adjndicant.
1793 2243 1822 2270 Si

216 2298 327 2324 istorum
342 2294 461 2328 scriptio,
476 2293 573 2328 inquit,
586 2293 661 2320 initio
679 2293 763 2328 quinti
778 2293 880 2325 steculi,
896 2298 919 2320 et
934 2300 993 2321 ante

214 2342 319 2370 concilii
348 2339 567 2368 Chalcedonensis
604 2339 802 2366 celebrationem
833 2339 993 2373 assignanda

214 2393 264 2422 est,
289 2395 334 2414 nec
362 2386 416 2413 ulla
437 2385 537 2412 ratione
559 2384 689 2419 probabili
713 2385 747 2411 ad
774 2384 883 2417 inferius
907 2392 992 2411 a'vunt

213 2433 310 2461 revolvi
331 2436 424 2466 potest.
446 2431 580 2458 Lauuoius
603 2437 668 2458 vero
690 2435 809 2465 tempore
834 2431 927 2466 primae
948 2439 992 2467 sy-

215 2479 276 2506 nodi
295 2477 448 2513 Ephesiute,
464 2480 492 2502 et
509 2475 639 2502 Erasmus
652 2475 795 2510 Augustini
808 2479 886 2502 aetate
899 2481 991 2502 aucto-

214 2533 272 2554 rem
289 2529 410 2551 nostrum
427 2522 525 2548 vixisse
537 2520 713 2547 arbitrantur.

249 2571 348 2599 Narrat
366 2575 447 2604 porro
461 2566 629 2601 Nicephorus
649 2565 848 2599 “Iuvenalem,
865 2566 992 2594 llieroso-

205 2619 350 2653 lymtlana:
370 2613 445 2640 urbis
459 2612 626 2646 episcopum,
643 2610 788 2638 Pulcherite
808 2611 936 2645 Augustae
955 2612 989 2638 de

208 2668 326 2697 corpore
359 2660 475 2695 virginis
505 2659 628 2693 Deiparze
664 2657 841 2694 interroganti
876 2665 987 2693 respon-

207 2711 333 2739 dentem,
358 2713 390 2733 ea
409 2711 498 2731 Olltllla
527 2703 645 2738 Dionysii
667 2703 776 2731 nomine
802 2703 912 2736 citasse,
928 2711 988 2739 qua:

1045 2298 1109 2325 ergo
1128 2290 1154 2316 in
1173 2290 1224 2317 hoc
1248 2292 1302 2314 tam
1329 2286 1483 2314 humaniter
1495 2293 1510 2312 a
1525 2293 1590 2313 vero
1611 2287 1819 2321 aberraverunt,

1044 2336 1136 2371 quidni
1151 2340 1177 2362 et
1194 2335 1266 2363 circa
1282 2337 1387 2369 tempus
1402 2341 1455 2369 quo
1468 2334 1561 2361 eadem
1573 2334 1674 2368 scripta
1688 2335 1823 2368 prodiisse

1043 2382 1240 2418 opinabantur?

1079 2429 1155 2456 llanc
1172 2433 1263 2455 tamen
1275 2425 1404 2461 temporis
1419 2425 1630 2460 assignationem
1643 2432 1734 2451 veram
1751 2433 1821 2459 esse,

1044 2482 1076 2502 ac
1098 2474 1188 2502 omnia
1204 2472 1320 2501 auctoris
1334 2471 1417 2498 nostri
1432 2470 1532 2504 scripta
1553 2472 1698 2504 postremis
1715 2470 1820 2497 Eusebii

1044 2521 1212 2556 temporibus
1227 2519 1334 2554 vulgata
1349 2524 1409 2544 esse
1420 2524 1452 2544 eo
1464 2515 1581 2551 probant
1593 2515 1654 2549 quia
1676 2515 1702 2542 in
1718 2515 1820 2549 Grego-

1044 2568 1076 2595 rii
1104 2565 1266 2594 Nazianzeni
1293 2562 1522 2590 lucubrationibus
1543 2560 1619 2595 plura
1644 2567 1658 2586 a
1683 2560 1770 2594 Billio,
1796 2564 1822 2586 et

1043 2612 1095 2638 alia
1109 2611 1231 2645 qumdam
1255 2617 1270 2636 a
1296 2607 1394 2634 Dallzeo
1415 2606 1558 2633 observata
1580 2605 1759 2638 reperiuntur,
1787 2606 1821 2634 iis

1039 2664 1100 2692 qua:
1110 2656 1252 2690 Dionysius
1271 2653 1392 2688 scripsit,
1408 2658 1519 2686 prorsus
1533 2649 1642 2677 similia.
1659 2649 1739 2683 Atqui
1757 2650 1820 2677 Dio.

1041 2705 1134 2739 nysius
1151 2703 1196 2731 illa
1211 2710 1226 2730 a
1249 2700 1379 2736 Gregorio
1401 2706 1454 2726 non
1473 2702 1517 2726 est
1537 2701 1686 2728 mutuatus,
1726 2703 1818 2733 utpote

245 2802 269 2818 ⁵⁸
283 2800 426 2828 Comment.
450 2798 479 2824 in
505 2795 624 2830 Apocal..
646 2801 684 2828 ιι,
699 2801 757 2826 xm,
776 2801 839 2824 ειν.
875 2795 898 2812 ⁸⁸
921 2794 1047 2830 Bibliotlr.
1073 2792 1133 2830 god:
1148 2792 1208 2830 lO'_l_.
1282 2789 1314 2830 ln_
1330 2788 1485 2830 Gollectan-_
1496 2785 1534 2830 A"
1548 2785 1672 2830 ξίυξὲγηλ
1687 2785 1819 2830 ίηηορενιι

208 2838 257 2864 Dio
264 2845 322 2871 Itys.

208 2880 263 2899 vers
272 2870 289 2900 ,ν
302 2870 425 2905 Ruﬁnum

377 2820 556 2861 33"be'VSaciiI
702 2820 732 2859 tu
747 2820 817 2860 lianc
1029 2827 1057 2856 6.
1072 2827 1086 2850 κ
1103 2827 1145 2854 12.
1183 2826 1206 2843 ³⁸
1222 2826 1291 2854 Hist.
1308 2827 1326 2853 Ι.
1341 2831 1386 2858 xv,
1401 2832 1461 2859 cap.
1476 2822 1518 2847 14.
1555 2820 1579 2836 ⁸⁸
1593 2821 1704 2856 Apolog.
1719 2821 1747 2849 2.
