1925 3070
143 189 172 216 l9

141 292 268 326 ptoribus
283 291 364 326 plane
379 290 503 317 diversus
516 288 561 321 sit,
574 293 602 315 et
622 287 663 314 sui
687 290 789 313 tantum
804 284 901 312 similis
914 292 921 310 :

140 339 234 365 omnia
249 344 357 373 quoque
370 336 467 370 placita
483 342 529 362 sua
554 334 587 361 ad
612 333 776 361 neotericam
802 331 922 358 Platoni-

141 388 246 410 starum
273 380 453 409 coniormavit
476 379 613 411 scholam;
638 385 670 406 ac
697 377 806 404 tandem
826 375 925 410 ubique

143 429 440 464 passimasanctorum
457 426 569 454 Patrum
599 425 689 452 verbis
714 428 742 451 et
771 423 925 451 nationibus

145 476 264 503 maxime
282 474 433 502 abhorruit.
455 473 555 501 Contra
578 479 644 499 vero
662 471 808 504 Gregorius
821 470 925 504 quoties

145 522 180 548 ad
195 521 353 548 obscuriora
369 519 489 554 quaedam
512 523 540 546 et
562 519 647 553 magis
671 516 858 553 philosophica
879 516 926 545 dc-

145 565 241 597 ilectit,
256 565 337 593 toties
351 565 387 592 ab
402 564 462 591 aliis
477 571 524 591 sua
539 564 652 594 derivat,
678 567 760 598 atque
780 561 881 590 idcirco
892 569 925 589 ex

145 610 314 645 philosophis
337 614 365 638 et
386 610 515 645 Dionysio
536 614 630 637 nostro
648 609 692 636 illa
718 608 842 636 hausisse
862 615 927 635 vero

146 656 254 683 videtur
270 655 451 686 simillimum.

184 700 269 727 Porro
282 700 305 727 si
320 707 397 734 roges
411 707 460 726 cur
477 699 660 726 venerandum
683 698 802 733 Dionysii
817 704 928 729 nomen,

147 746 265 773 orationi
281 753 335 772 sum
349 753 475 779 magnum
490 745 594 780 pondus
617 743 795 778 adiecturum,
810 743 855 771 ille
876 751 928 770 non

148 792 305 823 inseruerit,
321 798 480 826 responsum
508 791 580 818 illico
606 790 722 824 accipies
744 797 840 818 nomen
865 790 929 818 illud

147 839 268 872 ejusdem
281 837 404 872 Gregorii
416 841 495 864 aetate
506 836 671 864 Christianis
680 841 764 869 tanto.
776 837 813 864 uti
826 841 928 871 postea,

148 892 202 912 non
219 884 305 912 fuisse
327 885 354 912 in
372 884 487 912 honore.
511 882 587 910 Tune
601 883 733 917 siquidem
757 888 851 910 auctor
875 882 929 915 ille,

148 940 198 967 pro
212 939 277 959 vero
299 931 460 966 Areopagita
484 931 603 958 nondum
627 930 745 965 agnitus,
759 930 801 957 vir
824 933 928 956 tantum

149 984 272 1012 magnus,
289 976 334 1011 qui
350 977 400 1003 sub
412 975 501 1004 alieno
519 976 627 1004 nomine
643 975 830 1007 delitescebat,
845 975 929 1002 hahe-

149 1024 238 1051 batur.
255 1023 325 1056 Quid
346 1029 412 1057 ergo
428 1023 539 1054 mirum,
560 1022 582 1051 si
598 1021 744 1056 Gregorius
759 1022 867 1056 proprio
883 1029 931 1049 no-

148 1070 222 1097 mine
237 1077 298 1097 eum
312 1077 366 1096 non
381 1068 566 1103 appellaverit,
579 1068 624 1102 qui
639 1068 773 1096 neminem
787 1076 820 1095 ex
828 1067 929 1096 Catho-

149 1117 218 1148 licis,
235 1116 280 1144 sed
305 1123 425 1151 paganos
450 1116 590 1146 duntaxat,
616 1122 648 1143 ac
672 1115 878 1150 Symmachum,
903 1119 930 1141 et

148 1161 275 1196 Aquilam
291 1161 452 1188 nominatim
469 1161 594 1188 vocavit?
610 1161 742 1188 Caeterum
766 1160 930 1187 credituril—

150 1207 203 1233 lum
219 1207 261 1234 his
279 1205 371 1234 verbis
393 1207 492 1233 citasse
507 1206 530 1222 ⁸⁷
545 1216 551 1233 :
575 1199 799 1239 Quemadmodum
818 1210 841 1231 et
861 1205 930 1232 alius

148 1253 254 1288 quidam
269 1257 328 1279 ante
342 1260 388 1279 nor
400 1251 573 1286 pulcherrime
587 1257 613 1279 et
619 1251 801 1279 aublimiuime
813 1251 930 1285 philoso-

148 1299 245 1332 phatus
269 1303 318 1326 est.
338 1298 429 1333 Neque
454 1299 526 1325 enim
553 1297 597 1325 hic
622 1297 774 1325 atuliendus
795 1302 837 1324 est
859 1297 931 1325 Elias

149 1343 369 1378 Cretensis,qui
397 1344 432 1371 ibi
462 1344 641 1371 Athanasium
664 1343 767 1370 laudari
795 1348 930 1370 autumat.

149 1389 217 1416 Nam
236 1389 298 1417 huic
312 1390 431 1424 opinioni
447 1395 474 1417 et
492 1389 621 1424 temporis
638 1391 717 1421 ratio,
733 1394 761 1416 et
775 1389 931 1423 scriptionis

150 1441 236 1469 genus
252 1433 332 1468 plane
357 1435 544 1462 adversantur.
560 1434 593 1461 Et
620 1442 683 1461 vero
696 1434 843 1468 Gregorius
861 1442 931 1460 nun-

150 1487 232 1515 quam
259 1479 436 1507 Athanasium
452 1501 459 1514 ,
484 1487 598 1515 quocum
625 1479 762 1507 meliorem
790 1480 850 1506 vitae
877 1487 933 1507 suat

151 1530 257 1559 partem
295 1529 484 1561 transegerat,
518 1525 679 1560 appellasset
705 1525 766 1552 τινὰ
792 1525 846 1551 τῶν
879 1525 932 1561 πρὸ

150 1570 240 1607 ἡμῶν,
253 1572 390 1606 quemdam
403 1572 448 1606 qui
467 1576 525 1598 ante
542 1579 588 1598 nos
606 1573 678 1599 vixit.
696 1571 751 1599 Hoc
772 1572 869 1606 quippe
891 1571 931 1598 lo-

151 1617 250 1651 quendi
278 1624 377 1652 genere
409 1616 497 1644 Graeci
526 1618 672 1651 scriptores
701 1617 858 1650 hominem,
888 1617 930 1644 vel

152 1663 307 1697 priusquam
325 1662 380 1689 nati
406 1668 508 1696 essent,
533 1664 574 1691 Vel
597 1664 674 1698 longe
702 1668 846 1698 antequam
864 1663 930 1690 scri-

153 1709 258 1741 berent,
276 1713 412 1736 mortuum
436 1709 591 1744 indigitant.
616 1709 708 1743 Neque
726 1709 808 1736 etiam
827 1708 931 1744 Grego-

151 1754 208 1782 rius
233 1755 267 1781 de
297 1755 456 1789 Athanasio,
485 1763 563 1790 quem
593 1755 627 1782 ob
648 1756 710 1790 styli
738 1755 930 1782 sublimitatem

153 1802 179 1828 in
202 1809 249 1829 sua
271 1801 395 1828 oratione
420 1802 581 1837 panegyrica
605 1810 656 1829 non
679 1802 859 1833 commendat,
883 1810 932 1829 un-

154 1856 234 1882 quam
257 1848 369 1875 dixisset
394 1857 401 1875 :
425 1848 619 1876 Sublimisrime
631 1848 828 1882 philosophatus
839 1848 932 1875 est.At

154 1898 301 1927 utrumque
327 1893 391 1920 illud
410 1898 437 1920 et
459 1894 615 1927 scriptionis
638 1900 733 1927 genus,
751 1898 774 1920 et
803 1893 931 1927 temporis

154 1938 222 1964 ratio
235 1939 360 1973 scriptori
375 1943 469 1966 nostro
480 1939 580 1973 optime
591 1939 765 1966 eonvmriunt.
780 1938 852 1964 Illum
865 1945 931 1973 ergo

151 1993 166 2012 a
180 1986 312 2021 Gregorio
327 1985 500 2013 Nazianzeno
527 1986 563 2013 ibi
589 1986 724 2013 laudatum
750 1992 809 2012 esse
831 1984 931 2012 nemini

153 2039 206 2058 non
223 2032 389 2067 probabitur.

187 2078 239 2111 Qui
255 2078 296 2105 his
322 2079 519 2106 convincuntur
545 2078 680 2106 rationum
706 2077 861 2110 momentis,
873 2076 933 2110 opi-

153 2123 226 2151 nioni
252 2123 289 2150 illi
304 2129 434 2158 quantum
450 2125 596 2156 voluerint,
615 2124 799 2156 subscribam,
825 2122 859 2150 iis
883 2129 933 2149 nec

151 2171 308 2204 invidimus,
324 2178 373 2198 nec
389 2170 567 2198 reluctantur.
585 2170 734 2204 Quomimts
758 2175 846 2196 tamen
870 2178 931 2196 om-

152 2219 278 2247 nemile
290 2219 458 2253 praebeamus
476 2225 628 2250 assensum,
645 2225 676 2244 ea
698 2217 865 2251 potissimum
887 2224 932 2243 ra-

153 2265 189 2292 tio
203 2272 252 2292 nos
270 2269 369 2297 movet,
387 2265 458 2299 quod
470 2268 657 2297 argumentum
677 2263 751 2295 illud,
765 2271 818 2298 quo
830 2264 929 2298 scripta

152 2310 272 2338 auctoris
284 2311 371 2337 nostri
389 2315 449 2345 post
461 2315 553 2338 natam
566 2310 624 2336 Arii
646 2310 769 2338 haeresim
786 2311 856 2337 edita
870 2318 931 2338 esse

152 2357 412 2389 demonstrabatur,
436 2357 506 2384 idem
531 2356 595 2384 illud
623 2357 709 2391 ipsum
734 2362 794 2390 post
822 2361 932 2384 exertos

152 2403 268 2431 Nestorii
281 2410 390 2430 errores
402 2403 535 2438 prodiisse
544 2403 656 2430 cuilibet
669 2403 740 2429 haud
753 2402 859 2430 diﬂicile
868 2411 929 2437 per-

151 2451 282 2478 suadebit.
298 2450 326 2476 ln
343 2450 376 2476 iis
388 2450 486 2485 quippe
500 2449 611 2477 haeresis
626 2453 718 2476 contra
734 2449 932 2476 lncarnalionis

151 2497 250 2524 Christi
269 2497 425 2531 mysterium
442 2503 493 2522 non
520 2495 608 2522 minus
633 2499 725 2529 aperte
740 2502 819 2529 quam
835 2503 931 2523 omnes

151 2547 245 2569 contra
261 2542 319 2577 ejus
341 2542 510 2569 divinitatem
526 2546 554 2568 el.
572 2549 653 2568 unam
673 2542 753 2568 triqu
775 2541 929 2568 divinarum

151 2595 326 2622 personarum
336 2593 460 2615 naturam
470 2594 578 2616 errores
592 2587 779 2622 proscribitur.
793 2587 829 2614 De
838 2587 929 2614 incar—

151 2640 215 2662 nato
231 2633 303 2661 enim
320 2633 367 2660 Dei
378 2633 445 2661 Filio
460 2633 542 2660 variis
556 2633 581 2659 in
605 2632 671 2659 Iouis
685 2633 740 2659 haec
755 2633 867 2667 legimus
883 2632 906 2648 "‘
921 2643 928 2660 :

153 2681 199 2708 Dei
218 2680 374 2715 principalis
393 2680 565 2707 bonitas......
579 2684 728 2706 nostrorum
742 2680 857 2706 omnium
872 2688 929 2707 vere

151 2727 222 2760 facta
233 2728 363 2761 particeps
376 2726 471 2761 absque
489 2729 606 2757 peccato,
624 2725 818 2760 humilitatique
833 2731 930 2752 nastrw

152 2775 237 2805 unita,
251 2775 324 2800 saluo
337 2773 524 2807 proprietatum
537 2778 645 2797 suarum
662 2777 743 2805 statu,
757 2780 837 2806 eoque
856 2779 931 2805 pror-

151 2827 194 2846 ειη
207 2818 345 2852 iacunfuao
360 2824 383 2844 et
408 2818 542 2846 inviolato.
560 2818 586 2845 In
611 2818 663 2845 alio
684 2822 772 2844 autent
799 2818 868 2844 libro
880 2817 903 2832 "
921 2825 928 2843 :

187 2908 296 2935 "Orat.
324 2908 358 2935 58
386 2909 413 2936 in
432 2907 555 2942 Tlteoph.
577 2907 651 2935 οι.ιὲ
677 2907 703 2934 in
729 2906 826 2936 Pascit.
865 2906 936 2933 “De

805 175 1069 207 PROLEGOMENA.

140 246 187 281 qui
211 246 245 274 ab
269 245 329 273 aliis
341 244 475 275 omnibus,
491 239 624 277 inquiunt,
646 238 835 268 ecclesiasticis
855 237 923 264 scri-
937 238 959 266 Α
977 233 1089 260 Verbum
1102 230 1363 281 diuirtiuimum......

1716 162 1752 191 50

1382 235 1429 261 per
1441 225 1606 259 inconfuram
1626 224 1751 251 humani-

973 282 1035 308 tati:
1057 283 1152 306 nostra:
1176 275 1392 310 auumptionem.
1414 273 1449 300 Et
1474 273 1499 299 in
1516 271 1628 306 epistola
1657 271 1691 302 4,
1719 270 1753 298 ad

973 326 1066 354 Caium
1082 333 1090 351 :
1108 324 1242 357 Quatenus
1254 325 1310 348 erat
1323 319 1393 347 Deus
1413 323 1438 346 et
1456 318 1543 350 homo,
1556 325 1648 344 nouam
1659 325 1753 351 quant-

974 373 1036 399 dam
1052 370 1184 398 aobiscum
1194 367 1369 396 convertenda
1380 362 1540 400 θεανδρικὴν
1553 363 1692 398 ινέργειαν
1706 370 1754 390 ext

976 417 1088 444 hibebat.
1105 415 1175 449 Quid
1189 413 1306 449 planius,
1320 411 1384 447 quid
1405 409 1551 438 dilucidius
1568 413 1630 443 post
1645 415 1754 443 sparsos

976 462 1093 490 Nestorii
1118 459 1328 495 Eulyehetisque
1355 464 1464 485 errores
1489 462 1504 481 a
1526 455 1623 489 quovis
1644 459 1756 482 auctore

977 515 1093 542 unquam
1112 506 1241 540 scriptunt
1256 509 1295 532 est
1302 504 1318 530 ᾗ

1011 564 1189 598 Quamobrem
1201 571 1253 590 non
1266 562 1317 590 levi
1332 561 1441 588 omnino
1456 559 1609 594 conjectura
1622 558 1752 592 colligere

978 618 1120 646 possumus
1139 610 1299 644 scriptorem
1326 612 1448 635 nostrum
1471 607 1601 634 maximas
1615 613 1676 633 cum
1700 609 1758 632 tur—

979 658 1027 685 bas
1046 657 1079 684 ab
1108 656 1241 684 hzcreticis
1255 654 1424 682 Nestorianis
1448 658 1475 681 et
1494 652 1672 688 Eutychianis
1687 652 1755 679 cieri

978 703 1093 734 videret,
1118 707 1184 730 tunc
1197 706 1227 730 ut
1251 705 1378 736 utrosque
1396 700 1585 732 confunderet,
1601 707 1632 727 ac
1655 707 1704 734 pro
1718 699 1759 726 vi-

979 750 1053 777 ribus
1068 749 1194 777 Ecclesia
1207 748 1346 776 catholicae
1367 752 1460 782 partes
1488 751 1622 776 tueretur,
1636 746 1756 773 animum

980 797 1013 823 ad
1026 795 1199 823 scribendum
1226 794 1370 829 appulisse.
1405 793 1492 828 Atque
1510 798 1539 820 ut
1555 793 1580 819 id
1605 793 1655 827 ipsi
1677 792 1759 819 cede-

980 846 1021 869 ret
1041 840 1155 873 felicius,
1181 847 1306 875 magnum
1335 839 1428 874 utique
1450 842 1478 866 et
1492 837 1675 866 venerandum
1696 837 1760 864 Dio-

945 907 969 934 B
981 889 1050 924 nysii
1065 888 1232 923 Areopagitu:
1247 894 1353 914 nomen'
1372 885 1482 920 scriptis
1496 886 1553 913 suis
1577 885 1704 919 prtetlxit.
1721 884 1760 912 Ea

981 942 1045 970 ergo
1072 934 1143 961 illius
1165 940 1246 967 opera
1277 933 1349 964 intra
1374 939 1473 958 annum
1491 931 1556 962 431,
1570 938 1624 966 quo
1639 937 1761 958 tecume-

981 983 1044 1010 nica
1080 981 1200 1017 synodus
1228 979 1365 1015 Ephesina
1399 980 1531 1006 adversus
1561 977 1760 1008 Nestorianos,

981 1033 1009 1055 et
1031 1028 1094 1059 451,
1114 1034 1166 1062 quo
1192 1026 1420 1054 Chalcedonensis
1448 1029 1541 1053 contra
1573 1024 1760 1059 Eutychianos

981 1072 1114 1100 celebrata
1128 1077 1179 1105 est,
1199 1073 1232 1099 ab
1260 1071 1306 1099 illo
1321 1071 1439 1106 profecta
1457 1077 1518 1098 esse
1540 1071 1675 1098 videntur.
1699 1069 1760 1097 Non

981 1119 1111 1146 continuo
1133 1124 1222 1146 tamen
1246 1118 1272 1145 in
1299 1116 1433 1152 publicam
1449 1117 1536 1144 lucem
1558 1117 1705 1151 producta,
1729 1120 1758 1143 et

981 1164 1015 1192 ab
1041 1165 1166 1192 omnibus
1190 1170 1309 1199 recepta,
1342 1164 1389 1191 sed
1415 1163 1516 1190 sensim
1541 1162 1602 1190 sine
1623 1170 1703 1189 sensu
1720 1161 1759 1189 ita

980 1210 1149 1246 prodierunt,
1167 1214 1196 1236 ut
1213 1217 1267 1237 non
1282 1214 1346 1236 ante
1358 1213 1533 1236 memoratam
1551 1208 1675 1242 superius
1695 1207 1759 1235 Col-

981 1255 1108 1284 lationem
1133 1255 1472 1289 Constantinopolitanam,
1490 1261 1560 1281 anno
1578 1253 1641 1286 555,
1658 1253 1684 1280 in
1698 1261 1759 1280 om-

982 1303 1055 1330 nium
1086 1301 1209 1329 venerint
1239 1300 1435 1336 cognitionem.
1464 1299 1532 1327 Illud
1562 1306 1643 1334 porro
1665 1299 1690 1326 in
1708 1299 1761 1326 hu-

979 1348 1055 1382 jusce
1080 1347 1217 1383 opinionis
1257 1345 1494 1374 continuationem
1523 1345 1619 1372 adduci
1646 1349 1759 1379 potest,

982 1394 1053 1427 quod
1078 1393 1137 1420 haec
1167 1392 1269 1426 scripta
1289 1392 1314 1418 in
1332 1391 1375 1417 his
1398 1390 1576 1418 meumenicis
1600 1389 1723 1417 conciliis
1744 1397 1759 1417 a

984 1439 1099 1470 nemine,
1120 1444 1207 1472 neque
1231 1436 1314 1465 etiam
1330 1444 1344 1463 a
1359 1435 1491 1464 Iuvenale
1503 1435 1758 1471 Hierosolymitauo,

983 1485 1028 1518 qui
1049 1484 1117 1511 inter
1132 1483 1234 1518 primos
1257 1482 1397 1517 utriusque
1415 1482 1509 1517 synodi
1528 1481 1622 1509 Patres
1637 1482 1760 1513 sedebat,

984 1531 1067 1558 citata
1086 1530 1266 1565 reperiantur.
1290 1528 1368 1556 Nulla
1383 1533 1472 1555 autem
1489 1528 1568 1563 hujus
1584 1528 1685 1555 silentii
1700 1535 1760 1554 catt-

945 1573 966 1602 C
983 1584 1011 1604 sa
1031 1577 1084 1603 alla
1113 1581 1203 1610 potest
1230 1574 1331 1607 afferri,
1363 1574 1415 1601 nisi
1436 1575 1508 1609 quod
1535 1574 1704 1609 Dionysium:
1717 1573 1760 1601 lu-

983 1623 1156 1650 cubrationes
1187 1621 1414 1649 tuncetenebris
1443 1624 1626 1655 emergentes,
1641 1619 1685 1646 vix
1712 1619 1758 1647 ulli

982 1672 1046 1695 ante
1056 1667 1199 1696 concilium
1212 1665 1431 1693 Chalcedoneuse
1448 1669 1517 1691 nota:
1536 1663 1654 1691 l'uerunt.
1671 1662 1758 1691 Porro

983 1718 1073 1742 autem
1084 1714 1106 1741 si
1123 1720 1230 1748 quteras
1248 1720 1297 1739 cur
1306 1712 1383 1746 plura
1398 1711 1468 1745 apud
1483 1715 1622 1738 auctorem
1636 1715 1758 1737 nostrum

982 1763 1138 1790 occurrant,
1169 1766 1229 1785 cum
1256 1757 1297 1785 his
1317 1764 1377 1792 qute
1401 1755 1549 1791 Gregorius
1572 1755 1760 1783 Nazianzenus

982 1804 1104 1839 scripsit,
1122 1803 1202 1837 plane
1219 1802 1333 1832 similia,
1371 1807 1422 1827 non
1458 1800 1575 1828 absurde
1599 1801 1758 1835 responderi

982 1854 1074 1885 potest
1094 1850 1138 1876 illa
1163 1849 1196 1876 ab
1222 1854 1332 1876 auctore
1357 1851 1460 1879 nostro,
1475 1847 1521 1881 qui
1546 1846 1644 1881 smpius
1664 1851 1691 1873 et
1710 1853 1758 1872 sua

982 1896 1016 1922 ab
1035 1894 1096 1922 aliis
1125 1893 1273 1926 accepisse,
1300 1896 1328 1919 et
1351 1892 1465 1919 aliorum
1494 1891 1635 1926 opiniones
1657 1889 1759 1916 referre

982 1941 1049 1968 dicit
1061 1960 1068 1971 .
1083 1940 1109 1966 in
1122 1947 1186 1967 usus
1207 1946 1283 1970 suos,
1299 1937 1382 1965 tacito
1396 1937 1521 1972 Gregorii
1539 1936 1660 1967 nomine,
1675 1935 1759 1962 fuisse

983 1993 1133 2020 assumpta,
1143 1992 1175 2012 ac
1185 1984 1253 2020 stylo
1264 1983 1366 2012 reddita
1373 1990 1432 2016 suo,
1447 1987 1473 2010 et
1482 1982 1617 2010 inusitatis
1631 1981 1759 2016 loquendi

984 2033 1081 2059 modis.

1017 2077 1120 2111 Quibus
1140 2081 1230 2104 autem
1249 2076 1291 2103 hae
1318 2074 1480 2110 conjectum
1507 2080 1557 2100 nec
1574 2072 1640 2100 satis
1664 2071 1758 2104 ﬁrmae,

983 2133 1031 2152 nec
1052 2125 1163 2152 omnino
1175 2124 1329 2159 probabiles
1345 2124 1520 2155 videbuntur,
1548 2121 1628 2148 iidem
1654 2119 1758 2147 fatean-

983 2176 1026 2197 tur
1054 2177 1163 2197 necesse
1186 2175 1228 2197 est
1250 2170 1308 2198 hate
1331 2169 1472 2203 scriptoris
1485 2168 1568 2195 nostri
1595 2166 1682 2201 Opera
1697 2165 1760 2193 Col-

983 2215 1109 2242 lationem
1125 2214 1448 2249 Cmistaulinopolitanam
1459 2233 1467 2246 ,
1479 2218 1559 2248 atque
1572 2213 1654 2240 etiam
1669 2210 1759 2238 satculi

983 2261 1050 2289 sexti
1066 2261 1141 2288 iltilia
1155 2260 1233 2294 longe
1245 2260 1455 2295 praecucurrisse
1469 2259 1597 2294 temporis
1607 2257 1758 2286 intervallo.

1271 2316 1385 2344 CAPUT
1409 2315 1468 2342 XX.

984 2366 1022 2393 De
1036 2367 1130 2394 horum
1152 2366 1266 2400 Operum
1293 2364 1419 2400 utilitate,
1442 2367 1467 2389 et
1497 2360 1690 2400 aliir‘ejurdem
1707 2367 1758 2386 au-

1122 2396 1201 2428 ctoris
1214 2399 1356 2435 deperditi:
1381 2396 1619 2424 lucubrationibus.

1017 2447 1084 2474 Cum
1108 2447 1189 2481 igitur
1205 2450 1288 2473 tanta:
1311 2443 1484 2478 antiquitatis
1502 2442 1558 2469 sint
1584 2441 1628 2467 illa
1658 2440 1759 2475 Opera,

983 2500 1016 2520 eo
1037 2492 1132 2526 majori
1151 2492 1221 2526 apud
1237 2490 1407 2518 Christianos
1418 2488 1517 2515 debent
1533 2494 1593 2514 esse
1616 2486 1643 2513 in
1659 2487 1759 2520 pretio,

982 2547 1036 2574 quo
1061 2539 1137 2574 plura
1156 2538 1190 2565 ad
1200 2537 1357 2565 eorumdem
1370 2535 1587 2563 Christianorum
1613 2532 1758 2559 utilitatem

982 2585 1094 2620 copiose
1127 2584 1314 2619 suppeditant.
1352 2581 1381 2609 In
1403 2581 1437 2608 iis
1460 2580 1601 2608 enimvero
1629 2579 1759 2606 docemur

984 2639 1045 2667 quae
1057 2631 1199 2666 scriptoris
1227 2628 1312 2656 nostri
1336 2631 1364 2654 et
1380 2627 1552 2654 decessorum
1564 2624 1623 2658 ejus
1637 2628 1758 2656 tempore

985 2678 1066 2706 luerit
1091 2676 1213 2705 doctrina
1237 2675 1298 2702 iidei
1324 2679 1351 2702 et
1372 2680 1478 2700 morum
1493 2670 1645 2704 disciplina.
1661 2668 1759 2701 Quatu-

983 2725 1024 2751 vis
1035 2724 1107 2751 enim
1132 2723 1159 2750 in
1175 2730 1207 2749 eo
1219 2721 1303 2748 falsus
1321 2726 1382 2748 esse
1397 2722 1537 2753 arguatur,
1555 2715 1626 2750 quod
1639 2722 1670 2740 ea
1698 2720 1758 2745 qua:

984 2771 1060 2797 docet
1082 2768 1201 2804 Dionysii
1230 2766 1396 2801 Areopagitae
1411 2769 1489 2791 aetate
1514 2761 1633 2796 viguisse
1647 2763 1759 2804 putave-

985 2817 1031 2847 rit,
1052 2819 1157 2842 coustat
1183 2818 1271 2839 tamen
1299 2819 1331 2839 ea
1352 2809 1442 2838 omnia
1461 2808 1586 2836 debuisse
1612 2810 1673 2832 ante
1687 2803 1759 2834 eius-

947 2244 972 2273 D

961 2905 1049 2932 (vdes.
1075 2904 1220 2936 hicmrch.,
1243 2908 1303 2937 cap.
1318 2902 1344 2929 5.
1383 2900 1406 2916 "’
1421 2899 1459 2926 De
1477 2898 1559 2925 divin.
1584 2896 1683 2923 aomin.
