1925 3070
199 173 227 199 Η
738 169 767 197 S.
787 167 969 197 DIONYSIUS
987 166 1215 195 ABEOPAGITA.
1778 165 1812 192 5:

199 222 260 247 dem
288 218 408 245 auctoris
438 216 522 246 nostri
549 223 634 243 :evmn
662 216 687 242 in
721 215 846 243 Ecclesia
862 223 930 242 voce
951 220 980 247 et
994 219 1017 247 Α
1029 215 1090 241 dem
1105 213 1203 249 Ficini,
1219 212 1328 241 Basileaa
1342 220 1414 241 anno
1433 211 1518 245 £576;
1539 211 1610 240 liber
1629 219 1695 240 vero
1716 211 1754 239 De
1768 220 1810 238 ec-

198 264 307 300 scriptis
332 264 434 295 docerl,
456 268 538 298 atque
565 270 614 290 usu
637 262 753 297 plurimo
768 261 861 296 recipi.
877 261 916 288 Ex
936 261 980 288 his

197 319 263 346 ergo
289 310 399 345 scriptis
422 309 553 336 discimus
579 308 643 343 quid
655 308 689 335 iis
714 306 840 335 omnibus
865 311 979 341 'tempo-

200 358 274 385 ribus
308 355 427 382 Ecclesia
456 353 580 382 docuerit
605 353 638 380 de
668 352 809 381 adorando
836 351 980 378 Trinitatis

200 402 340 438 mysterio,
357 402 391 428 de
414 400 517 428 Christi
533 400 675 428 divinitate
688 404 715 426 et
730 398 930 429 lncarnatione,
945 397 979 424 de

199 451 360 486 angelorum
375 448 539 476 hierarchiis
551 451 578 475 et
600 447 741 474 ordinibus
757 454 764 472 :
781 445 846 480 quid
860 444 980 471 tradide-

200 499 234 525 rit
247 498 281 524 de
306 495 433 530 baptismi
453 499 480 522 et
493 493 664 521 cucharistias
682 491 930 523 administratione,
946 490 980 517 de

200 542 316 578 litui-gite
327 549 376 569 Seu
404 540 493 567 missae
508 538 702 569 celebratione,
720 537 753 564 de
764 536 979 565 consecratione

199 589 366 621 chrismatis,
381 588 414 616 de
429 588 514 615 sacris
529 586 654 614 Ecclesiae
672 585 813 617 ministris,
831 585 864 611 dc
883 590 979 610 mona-

201 637 262 664 chis
288 642 438 669 eorumque
452 634 523 661 votis
535 638 561 660 et
576 632 753 668 professione,
768 638 801 657 ac
822 630 929 657 tattdem
947 629 981 657 de

199 686 369 709 mortuorum
385 680 521 715 exsequiis
546 683 574 706 et
602 677 751 712 sepultura.
780 676 864 703 Porro
886 680 977 703 autem

201 728 241 755 ha:
282 726 451 754 cazremonite
474 725 556 759 hique
578 726 646 752 ritus
666 731 718 751 non
737 726 766 749 ttt
793 726 916 749 recentes
947 727 980 747 ac

200 772 273 805 novi,
290 772 336 799 sed
365 775 394 798 ut
420 775 525 801 veteres
538 775 618 802 atque
648 768 681 795 ab
713 766 844 801 apostolis
863 765 980 792 derivati

200 819 227 845 itt
253 817 338 845 nostri
355 816 474 844 auctoris
489 815 600 848 scriptis
612 813 775 841 referuntur.
805 811 980 846 Quapropter

200 864 246 898 qui
273 863 364 890 eadem
379 861 478 895 scripta
502 859 628 893 Dionysio
641 857 813 892 Areopagitae
829 856 978 888 vindicant,

200 909 226 935 hi
247 914 341 934 outncs
364 906 424 933 illos
449 905 517 932 ritus
530 904 564 932 ab
582 902 712 939 apostolis
735 901 900 937 proﬂuxisse
914 908 981 928 con-

201 953 322 981 tendunt.
354 951 403 984 Qui
420 958 484 978 vero
500 957 532 977 ea
558 948 717 976 recentioris
731 947 874 980 scriptoris
897 945 981 972 letum

200 1006 261 1027 csse
288 997 447 1032 opinantur,
476 996 494 1023 ii
530 1002 631 1030 negare
664 1001 715 1020 non
743 995 857 1027 possunt
888 990 981 1025 plures

200 1051 232 1070 ex
251 1042 345 1070 iisdem
361 1041 457 1068 ritibus
471 1048 485 1068 a
504 1040 649 1068 traditione
669 1037 816 1073 apostolica
834 1044 959 1064 manasse
974 1046 980 1063 :

199 1093 314 1117 cazteros
339 1093 429 1114 autent
447 1091 504 1114 tum
517 1085 681 1121 pedetentitn
696 1084 846 1116 institutos,
862 1090 922 1110 cutn
932 1082 982 1110 Ec-

199 1135 289 1162 clesiis
315 1141 366 1169 pax
382 1137 409 1160 et
430 1131 612 1166 tranquillitas
625 1130 658 1157 ab
673 1128 882 1164 imperatoribus
904 1127 983 1154 Chri-

200 1180 300 1208 stianis
330 1180 392 1207 data
408 1182 459 1210 est,
475 1181 555 1211 atque
569 1176 602 1203 ab
627 1175 694 1209 ipsis
710 1173 820 1208 templa,
842 1172 868 1199 in
883 1172 981 1206 quibus

200 1234 278 1254 sacra
305 1225 411 1261 publice
435 1224 544 1257 tierent,
563 1221 696 1249 atdilicata
722 1220 841 1247 fuerunt.
867 1218 983 1246 Hincli-

201 1272 285 1307 quido
299 1271 450 1306 colligimus
466 1269 534 1296 tales
551 1269 662 1296 missam
677 1266 830 1294 celebrandi
853 1271 880 1293 et
891 1272 982 1293 sacra-

200 1322 290 1344 menta
297 1315 501 1344 administrandi
512 1314 580 1341 ritus
587 1314 621 1340 ab
629 1317 739 1341 auctore
750 1317 843 1339 nostro
852 1310 981 1343 describi,

200 1364 294 1398 quales
310 1361 481 1390 Constantini
498 1360 586 1396 Magni
603 1365 725 1395 tempore
737 1363 765 1386 et
777 1362 873 1393 quarto
883 1356 982 1385 saeculo

200 1409 342 1439 observari
353 1413 503 1443 cteperuut.

235 1455 330 1491 Magna
347 1461 428 1489 porro
444 1454 540 1481 horum
566 1451 688 1479 auctoris
707 1449 793 1477 nostri
818 1447 981 1483 scriptorum

200 1503 305 1530 utilitas
318 1502 395 1528 triste
414 1499 523 1535 aliquod
536 1499 662 1531 aliorum,
678 1505 739 1532 qua:
762 1497 912 1531 perierunt,
935 1502 983 1522 no-

200 1550 242 1577 bis
263 1548 426 1575 desiderium
443 1547 560 1581 reliquit.
577 1544 605 1572 ln
622 1545 664 1571 bis
684 1549 774 1571 autent
793 1547 981 1575 numerantur,

201 1593 269 1620 liber
284 1591 321 1619 De
333 1592 436 1627 hymnis
449 1585 541 1618 divinis
551 1591 584 1623 ⁸ο,
600 1590 666 1617 liber
676 1589 711 1615 ἐν
725 1588 789 1622 ταῖς
799 1587 983 1623 θεολογικαῖς

200 1636 461 1670 ὐποτυπώσεσι⁶¹,
483 1637 521 1664 De
537 1635 767 1672 informationibus
793 1634 897 1667 divinis,
915 1633 982 1661 liber

203 1689 240 1715 De
257 1687 399 1723 symbolice
429 1686 557 1721 theologia
573 1686 608 1718 θ’,
622 1685 691 1712 liber
707 1684 745 1711 De
761 1683 851 1710 anima
866 1682 901 1714 ",
914 1680 983 1708 liber

202 1735 239 1762 De
251 1735 323 1769 justo
335 1734 471 1768 divinaque
479 1732 583 1767 judicio
596 1731 630 1759 “.
641 1731 710 1758 liber
721 1730 758 1757 De
769 1730 800 1757 iis
812 1737 870 1764 qua
884 1727 930 1755 sub
942 1728 984 1754 in-

202 1781 331 1808 tellectum
356 1784 379 1806 et
393 1787 498 1806 ulmum
521 1778 618 1804 cadunt
633 1777 667 1804 ⁸³.
696 1776 730 1803 ΕΙ.
749 1776 772 1803 si
790 1775 851 1803 divo
867 1774 984 1801 Maximo

203 1827 270 1855 ﬁdes
299 1827 425 1855 habenda
450 1825 520 1852 liber
537 1823 575 1850 De
589 1823 666 1858 legali
688 1821 836 1849 hierarcltitt
852 1820 886 1855 “,
909 1820 983 1848 etii-

202 1871 250 1900 ber
263 1873 301 1900 De
314 1872 438 1908 angelicis
450 1869 659 1898 ordinationibus
674 1872 699 1895 et
721 1867 924 1903 proprietatibus
935 1865 958 1881 ⁸⁷
972 1873 980 1893 :

201 1919 250 1946 sed
268 1923 421 1954 postremus
449 1916 494 1944 ille
507 1916 575 1943 liber
599 1922 654 1942 non
675 1914 744 1941 alius
758 1914 791 1941 ab
807 1914 864 1949 ipso
878 1912 916 1940 De
929 1919 983 1939 cm-

201 1965 259 1992 lestt'
276 1963 424 1991 hieran/tia
450 1963 520 1990 libro
544 1961 666 1995 pluribus
683 1960 827 1988 videbitur.
850 1958 983 1986 Cancrum

202 2019 235 2038 ea
251 2010 302 2037 fuit
325 2018 420 2037 eorum
449 2009 582 2036 librorum
609 2008 719 2042 jactura
744 2011 774 2033 ut
801 2005 873 2032 nulla
890 2012 983 2032 eorum

203 2057 307 2084 mentio
322 2056 480 2090 nullumque
503 2059 591 2082 CXSICI.
605 2054 759 2089 vestigium,
778 2052 830 2079 nisi
846 2052 873 2079 in
886 2051 983 2079 iisdem

203 2103 323 2130 auctoris
340 2101 426 2129 nostri
438 2101 579 2136 Operibus,
596 2100 638 2127 vel
657 2099 728 2134 quod
744 2100 862 2132 ipsorum
887 2097 984 2125 fultum

205 2157 258 2177 non
271 2150 307 2176 sit
325 2147 492 2175 testimonio.
542 2181 544 2183 _

493 2191 606 2220 CAPUT
634 2191 706 2220 XXI.

1031 261 1174 288 etesiarum
1189 260 1336 287 hieran/tia
1350 266 1410 287 cum
1424 258 1521 286 Latina
1533 259 1673 291 versione,
1687 258 1811 291 Basilcte,

1030 313 1100 334 anno
1114 306 1193 334 1559.
1212 305 1329 340 Epistola
1346 306 1378 332 ad
1393 305 1572 341 Polycarpum
1589 305 1660 333 inter
1680 304 1812 340 epistolas

1031 350 1081 379 SS.
1108 350 1217 378 Patrum
1241 359 1255 378 a
1281 351 1425 386 Symphor.
1450 350 1613 385 Chantperio
1629 350 1701 386 typis
1724 350 1812 384 Ast,

1030 397 1110 424 1516.
1137 397 1236 424 Eadem
1260 404 1321 425 cum
1355 397 1478 432 epistolis
1503 397 1600 432 lgnatii
1622 402 1649 424 et
1683 396 1812 429 aliorum,

1030 444 1094 470 Ant.
1112 442 1193 475 isto,
1218 448 1246 471 et
1270 443 1366 471 Venet.
1384 443 1463 470 ists.
1480 442 1607 477 Epistolas
1626 434 1696 470 duae‘
1710 443 1736 469 in
1758 442 1812 469 0r-

1031 491 1268 525 thodoxagrapltia.
1303 489 1400 518 Omnia
1425 490 1542 524 deniqtte
1572 489 1691 524 Dionysii
1722 488 1809 517 nostri

1035 536 1121 570 Opera
1147 536 1243 564 Latine
1269 536 1296 563 itt
1321 536 1439 571 antiquis
1466 535 1574 562 Patrum
1611 535 1786 563 Bibliothecis
1803 554 1812 567 ν

1031 590 1062 611 ac
1088 584 1113 610 in
1132 583 1284 610 Coloniensi
1314 590 1347 609 ex
1373 581 1489 610 editione
1505 582 1646 613 Lansselii,
1661 587 1688 609 et
1707 582 1734 609 in
1764 590 1813 609 no-

1031 634 1087 656 stra
1116 629 1286 665 Lugdunensi
1315 636 1348 655 ex
1382 627 1547 656 Corderiaua
1579 636 1673 656 rursus
1701 628 1809 664 vulgata

1031 680 1102 702 SUIII.

1067 722 1263 756 Antiquissima
1279 723 1374 750 horum
1392 721 1510 756 Operam
1536 721 1624 749 versio
1639 721 1735 749 Latina
1763 728 1812 749 ac-

1032 772 1125 795 curata
1138 772 1181 795 est
1202 775 1216 794 a
1232 767 1315 795 Scoto
1332 767 1446 802 Erigena
1458 774 1504 793 seu
1517 766 1672 801 Seotigetta,
1688 766 1733 801 qui
1750 773 1811 793 eam

1031 820 1063 840 ex
1088 813 1282 848 manuscriptis
1304 812 1406 840 Graecis
1431 813 1459 840 itt
1482 812 1678 840 monasterlum
1697 811 1813 838 Sandio—

1034 858 1296 894 nysianum,(‘.arolo
1317 858 1400 887 Calvo
1415 859 1576 893 imperante,
1591 857 1681 884 allatis
1695 857 1813 887 adorna-

1034 905 1082 932 vit.
1102 905 1166 933 Hmc
1194 906 1285 933 versio
1311 913 1372 932 cum
1399 905 1460 932 aliis
1488 904 1662 939 quibusdam,
1683 903 1812 930 nimirum

1031 950 1104 978 Petri
1125 950 1271 983 Sarrasini,
1285 950 1420 978 Ambrosii
1441 949 1668 982 Camaldulensis,
1684 953 1712 977 et
1737 948 1811 980 Mar,-

1031 997 1084 1024 silii
1101 997 1188 1026 Ficitti
1209 997 1281 1025 edita
1305 1003 1347 1025 est
1365 996 1484 1025 Coloniae
1504 1005 1575 1025 antto
1598 996 1677 1024 1516.
1711 996 1814 1024 Eodem

1032 1050 1102 1070 anno
1117 1044 1168 1071 alia
1183 1044 1306 1072 Clauseri
1326 1044 1416 1071 studio
1434 1044 1608 1079 Argentorati
1633 1043 1735 1078 prodiit
1749 1052 1756 1070 :
1771 1048 1814 1070 at-

1031 1096 1084 1123 que
1106 1089 1200 1117 eadem
1227 1089 1252 1117 in
1278 1090 1345 1117 urbe
1376 1089 1518 1117 Periouius
1549 1097 1620 1117 anno
1637 1089 1703 1117 1557
1735 1096 1813 1116 suam

1031 1135 1151 1171 vulgavit
1179 1143 1239 1170 qua).
1265 1144 1336 1163 antto
1361 1135 1430 1164 1585
1464 1135 1589 1171 Lugduni
1616 1143 1710 1163 rursus
1736 1135 1814 1169 prelo

1032 1180 1153 1215 subjecta
1171 1185 1223 1208 est.
1251 1180 1311 1208 Illas
1333 1183 1498 1215 exceperunt
1523 1181 1612 1209 versio
1626 1179 1771 1213 Lansselii,
1798 1187 1815 1207 e

1026 1227 1164 1254 Societale
1191 1226 1254 1254 Jesu
1273 1227 1438 1262 presbyteri,
1454 1226 1566 1254 Parisiis
1581 1227 1718 1262 publicata
1743 1234 1815 1253 anno
1859 1221 1862 1224 ’

1033 1271 1112 1305 1625,
1142 1279 1175 1300 ac
1190 1272 1295 1300 demum
1318 1271 1440 1299 Corderii
1473 1272 1600 1307 theologi,
1623 1271 1742 1306 ejusdem
1765 1271 1815 1299 So-

1033 1318 1141 1346 cietatis
1155 1318 1283 1352 doctoris,
1295 1326 1355 1353 quae
1369 1319 1524 1353 Antuerpiat
1536 1319 1604 1346 1655
1616 1319 1715 1345 emissa
1728 1323 1771 1345 est
1786 1318 1814 1345 in

1033 1365 1131 1392 lucem.

1068 1409 1154 1438 Porro
1168 1415 1258 1437 autem
1284 1410 1328 1437 vix
1356 1410 1406 1437 alia
1433 1410 1552 1445 reperias
1577 1414 1733 1437 sanctorum
1759 1408 1814 1435 Pa-

1035 1461 1105 1484 trum
1139 1464 1234 1491 opera,
1264 1457 1363 1491 quibus
1389 1456 1557 1484 illustrattdis
1587 1461 1615 1484 et
1647 1456 1816 1491 exponendis

1034 1502 1166 1536 majorem
1204 1502 1354 1537 scriptores
1388 1503 1530 1537 posuerint
1558 1509 1679 1536 operam.
1711 1501 1817 1529 Practer

1035 1552 1200 1575 memoratas
1213 1548 1285 1575 enim
1304 1548 1454 1579 versiones,
1471 1547 1547 1574 multi
1574 1547 1600 1574 in
1619 1547 1669 1574 has
1694 1546 1817 1573 auctoris

1033 1595 1121 1622 nostri
1147 1593 1351 1621 lucubrationes
1384 1594 1526 1621 ediderunt
1558 1593 1681 1625 scholia.
1713 1597 1816 1624 notas,

1033 1640 1236 1667 observationes
1259 1645 1286 1667 et
1315 1640 1506 1675 paraphrases.
1530 1639 1561 1667 Et
1588 1647 1655 1667 vero
1672 1638 1817 1674 Dionysius

1034 1686 1138 1713 Rhetor
1161 1691 1190 1714 et
1212 1685 1329 1714 Joannes
1343 1686 1580 1721 Scytlmpolitauus
1595 1691 1672 1714 sexto
1686 1685 1816 1713 Ecclesiae

1034 1732 1133 1760 saeculo
1145 1732 1269 1767 quaedam
1282 1732 1309 1759 in
1327 1739 1374 1760 eas
1394 1732 1497 1759 scholia
1509 1732 1729 1767 conscripserunt
1743 1740 1751 1758 :
1768 1732 1816 1759 sed

1034 1785 1127 1806 eorum
1146 1779 1174 1806 in
1198 1779 1304 1813 primis,
1319 1786 1379 1814 quae
1397 1787 1411 1805 a
1438 1779 1566 1814 Dionysio
1587 1778 1709 1814 profecta
1739 1782 1815 1812 sunt,

1033 1825 1169 1860 iacturam
1191 1825 1319 1859 patimur.
1346 1824 1468 1859 Septimo
1484 1824 1584 1852 saeculo
1603 1828 1715 1852 sanctus
1729 1824 1816 1851 Maxi-

1035 1879 1105 1904 tnus,
1127 1876 1232 1906 martyr
1255 1870 1461 1904 celeberrimus,
1489 1871 1593 1898 scholia
1618 1870 1703 1898 etiam
1727 1870 1815 1897 conti~

1036 1925 1089 1945 ntta
1104 1922 1132 1946 et
1153 1917 1278 1946 uberiora
1299 1919 1460 1953 composuit.
1477 1917 1512 1946 lis
1541 1922 1630 1945 autem
1658 1924 1747 1952 neque
1766 1916 1816 1944 do-

1036 1965 1135 1999 ctrina,
1153 1973 1239 2000 neque
1254 1966 1331 1998 ritus,
1347 1971 1374 1993 et
1385 1965 1525 2000 disciplina
1544 1965 1578 1992 ab
1596 1971 1708 1991 auctore
1721 1968 1816 1991 nostro

1036 2011 1135 2039 tradita
1156 2011 1336 2046 explicantur,
1355 2010 1402 2038 sed
1417 2011 1541 2046 quaedam
1567 2011 1594 2038 in
1625 2014 1752 2037 auctores
1781 2010 1818 2036 ab

1035 2056 1082 2084 illo
1108 2057 1205 2084 citato:
1230 2056 1428 2089 observantur,
1459 2056 1558 2091 quibus
1598 2055 1733 2083 Maximus
1758 2055 1818 2082 haec

1032 2103 1135 2137 .scripta
1169 2102 1296 2138 Dionysio
1332 2102 1502 2137 Areopagitae
1533 2102 1674 2128 vindicare
1701 2107 1817 2130 conatus

1036 2154 1086 2176 est.
1114 2149 1142 2176 In
1174 2148 1297 2183 plurimis
1316 2153 1405 2176 autem
1421 2149 1531 2176 scholiis
1556 2155 1588 2174 ea
1613 2155 1673 2182 qua:
1696 2148 1722 2174 in
1740 2152 1815 2174 textu

1029 2193 1150 2222 auctoris
1180 2193 1318 2220 attention
1350 2192 1566 2220 consideratione
1593 2192 1705 2227 legenda
1728 2194 1813 2225 sunt,

203 2241 242 2268 De
255 2240 414 2268 editionibtts
433 2245 457 2266 et
473 2239 633 2275 uersionibus
649 2241 798 2266 earumdem
814 2237 939 2275 Qperum,
954 2244 984 2264 ac
1000 2235 1157 2269 Domnibus
1179 2241 1416 2268 animadvertenda
1447 2241 1584 2275 ριιοροηίι,
1613 2239 1680 2272 ρυλε
1703 2238 1814 2272 quidem

319 2275 400 2303 uariis
412 2275 439 2302 in
452 2280 482 2301 ea
493 2274 598 2300 scltolit'r
612 2280 636 2301 et
649 2273 880 2301 obseruationibus.

238 2332 298 2359 Jam
315 2340 379 2359 vero
394 2336 423 2359 ut
440 2331 474 2359 ad
491 2330 717 2366 Dionysiauorum
745 2329 863 2364 Operum
891 2328 987 2355 editio-

204 2387 252 2406 nes
273 2379 421 2411 veniamus,
434 2385 465 2405 ea
486 2378 555 2413 typis
575 2377 676 2406 Graecis
700 2384 799 2404 excusa
828 2381 893 2404 sunt
909 2375 989 2402 Basi-

204 2425 252 2452 leat
275 2432 347 2452 anno
359 2424 441 2456 1559,
454 2424 571 2451 Colonia
588 2423 668 2455 1577,
681 2422 768 2450 Paris.
799 2422 880 2454 1565,
899 2420 988 2450 Vene-

204 2471 249 2498 tiis
264 2470 345 2503 1558,
358 2473 385 2498 et
405 2470 475 2504 apud
503 2470 652 2497 Morelliutn
680 2477 751 2496 anno
772 2469 850 2496 1562.
881 2467 987 2496 Latinis

203 2525 269 2545 vero
280 2517 360 2545 simul
373 2517 524 2550 acGrtecis,
541 2517 652 2544 l‘arisiis
668 2524 738 2543 anno
754 2516 835 2548 1615,
848 2521 876 2542 et
892 2523 986 2542 rursus

205 2563 305 2590 ibidem
325 2562 407 2594 1644,
435 2568 462 2590 et
477 2562 633 2596 Atttuerpite
649 2570 720 2589 attito
747 2562 826 2589 1665.
856 2561 985 2594 Quaedam

205 2614 299 2637 autem
319 2617 352 2636 ex
374 2609 418 2637 his
431 2610 557 2643 operibus
571 2609 717 2643 separatim
731 2609 802 2635 edita
820 2613 893 2639 suttt,
906 2608 986 2635 nimi-

203 2664 264 2684 rum
280 2657 341 2684 libri
360 2658 425 2688 duo.
442 2657 510 2684 alter
525 2656 562 2683 De
575 2656 683 2690 mystica
701 2655 842 2688 theologia,
865 2655 934 2682 alter
951 2655 987 2680 De

205 2706 301 2732 diuinis
315 2705 473 2737 nominibus,
483 2704 562 2731 Mars.
579 2704 673 2731 Ficino
689 2705 839 2738 interprete
852 2708 879 2731 et
893 2703 988 2738 expla-

206 2756 312 2784 natore,
326 2750 448 2778 Venetiis
462 2758 533 2779 anno
543 2751 622 2784 1558,
637 2751 798 2785 atqueittter
813 2750 899 2785 Opera
913 2751 986 2785 ejus-

1028 2286 1120 2314 omnia
1146 2293 1282 2313 summam
1308 2286 1428 2321 ejusdem
1451 2285 1571 2316 Maximi,
1598 2285 1665 2312 tanti
1690 2283 1815 2312 videlicet

1030 2332 1166 2368 martyris,
1179 2331 1306 2367 pietatem
1321 2337 1348 2360 et
1360 2332 1567 2360 sanctimoniam
1581 2331 1692 2358 omnino
1707 2330 1814 2365 spirant

1028 2383 1056 2406 et
1071 2379 1203 2406 redolent.

1070 2421 1264 2456 Pachymerius
1292 2419 1478 2454 paraphrastm
1504 2425 1552 2444 seu
1582 2416 1814 2444 Commentariun:

1038 2476 1064 2495 tn
1091 2468 1185 2495 eadem
1226 2466 1345 2502 Dionysii
1368 2466 1456 2500 Opera
1482 2466 1613 2498 scripsit,
1643 2463 1689 2498 qui
1715 2471 1809 2490 memo-

1039 2514 1106 2542 ratis
1127 2513 1237 2540 Maximi
1258 2513 1370 2540 scholiis
1383 2511 1481 2546 sacpius
1505 2510 1686 2545 subjungitur.
1717 2508 1812 2536 Postea

1039 2569 1103 2588 vero
1119 2561 1194 2595 Httgo
1207 2568 1222 2588 a
1235 2560 1336 2588 Sancto
1350 2558 1458 2585 Victore
1468 2577 1476 2589 ,
1490 2557 1618 2584 Allienus
1627 2556 1754 2591 Magnus.
1776 2556 1816 2583 di~

1039 2615 1088 2634 vus
1100 2607 1204 2634 Thoma
1235 2606 1366 2640 Aquinas.
1393 2604 1537 2639 Dionysius
1567 2602 1766 2629 Carthusianus
1790 2607 1817 2627 et

1038 2654 1149 2689 quidam
1168 2653 1212 2679 alii
1229 2651 1356 2679 nonnulla
1373 2652 1399 2678 in
1413 2650 1542 2685 quasdam
1560 2649 1681 2684 ejusdem
1697 2648 1818 2675 auctoris

1041 2700 1241 2728 lucnbratioues
1253 2700 1431 2733 scripserunt.

1076 2747 1208 2774 Prteterea
1228 2746 1373 2774 editionem
1388 2747 1544 2772 eorumdcm
1561 2742 1678 2777 Operutn
1695 2740 1817 2767 Latinam

244 2842 266 2857 ⁵ο
283 2842 319 2869 De
334 2843 390 2870 cmi.
407 2844 473 2869 hier.
489 2850 549 2877 cap.
562 2843 589 2869 7.
627 2842 647 2857 ⁶¹
665 2841 702 2868 De
713 2841 795 2877 divin.
813 2840 930 2877 immiti...
941 2847 999 2874 cap.
1016 2838 1044 2871 1,
1055 2838 1111 2877 Eiet
1125 2838 1171 2877 11ἰ
1182 2836 1264 2877 ellib.
1278 2834 1580 2877 l_)eﬂmyst.‘t'ltepl.,‘Icap.
1679 2832 1701 2847 "
1718 2831 1754 2877 De
1777 2831 1820 2877 τιξ-

209 2878 260 2903 vin.
277 2867 390 2909 νῖοἷηῖἱὶζξ
614 2867 696 2909 15,et
712 2875 749 2902 Dc
771 2881 848 2911 ntyst.
861 2867 953 2905 theol”
975 2867 1043 2911 cap:
1061 2873 1089 2911 ‘2,
1107 2878 1134 2911 e_t
1146 2872 1232 2911 Epist.
1256 2873 1290 2896 ad
1314 2867 1368 2911 'l't'tv.
1405 2870 1427 2885 ⁸³
1440 2867 1689 2911 Dc'divmntominu
1703 2875 1764 2901 cap.
1790 2867 1816 2892 Δ.

210 2912 232 2926 ⁵⁸
249 2911 318 2939 Ibid.
357 2913 379 2929 ⁸⁵
395 2909 544 2941 Decedet.
561 2913 638 2944 hiem,
657 2919 715 2946 cap.
731 2911 755 2938 1.
795 2911 817 2926 ⁵⁸
831 2909 912 2943 lbitl.,
932 2917 990 2944 cap.

1012 2904 1037 2936 3.
1077 2910 1099 2926 δ’
1114 2909 1149 2935 De
1168 2904 1250 2934 divin.
1272 2907 1382 2937 numin.,
1398 2912 1457 2939 cap.
1472 2904 1496 2930 -ἱ,
