1925 3070
105 201 138 229 53
773 203 957 232 PROLEGOM
961 203 1036 231 ENA.
1688 205 1724 233 δι

105 257 240 287 habemus
255 258 370 289 Parisiis
389 262 458 297 typis
467 261 577 290 Henrici
592 261 722 297 Stephani
738 271 808 290 anno
824 263 892 290 l5l5
907 267 927 293 A
945 261 1039 289 nullibi
1064 269 1181 297 unquam
1210 266 1306 289 auctor
1330 268 1424 290 noster
1453 262 1573 292 tradidit.
1603 262 1635 290 Et
1648 269 1723 291 certe

107 312 247 338 excusant,
269 314 331 341 qua:
364 307 516 335 versionem
538 309 673 336 Ambrosii
698 309 889 337 Camaldulen-

107 353 157 384 sis,
179 353 371 385 notasFabri
401 353 577 388 Stapulensis,
603 360 631 382 et
656 356 887 383 commentarium

107 395 200 424 ludoci
214 396 363 425 Clichtovei
385 399 584 433 complectitur.
612 400 698 428 Porro
707 401 788 428 Fabri
806 401 888 429 scho-

108 442 141 469 lia
158 443 256 478 saepius
274 444 300 470 iu
323 443 419 479 vulgus
445 446 616 479 prodierunt,
640 447 816 482 Argentorati
842 454 890 474 an-

107 496 142 515 no
164 489 234 517 M98
245 490 364 524 et1502,
391 496 419 518 et
442 491 554 520 Parisiis
581 492 661 520 1503.
690 493 718 520 In
739 492 771 520 iis
798 497 889 520 autem

108 534 197 562 Faber
223 536 376 564 versionem
396 538 531 566 Ambrosii
553 538 768 566 Camaldulensis
783 543 829 566 aut
856 538 888 566 il-

107 580 205 608 lustrat
213 586 258 609 aut
266 582 381 617 corrigit
394 594 400 611 :
413 588 493 618 atque
506 589 536 610 ut
551 584 576 611 id
587 589 730 619 praestaret
745 585 887 620 integrius,

107 627 210 656 Graecis
223 629 424 663 manuscriptis.
435 637 494 665 quo:
507 629 534 657 in
548 630 712 665 Dionysiano
723 631 889 658 monasterio

106 673 297 706 servabantur,
315 682 381 701 usus
395 678 447 701 est.

143 718 226 746 Notas
236 719 262 746 in
277 719 381 754 singula
393 720 511 755 Dionysii
527 719 613 755 Opera
623 721 743 748 omnittm
758 721 888 749 maximas

103 767 160 799 jam
177 765 304 800 praefatus
315 765 461 794 Corderius
472 767 633 802 divulgavit,
662 775 756 802 eaeque
769 768 802 795 ab
830 767 888 803 ipso

105 811 257 846 theologica:
272 813 453 848 appellantur.
482 813 515 840 Et
542 822 570 841 re
582 814 690 848 quidem
707 814 764 849 ipsa
783 814 835 841 illa:
853 814 887 842 ad

107 857 268 892 theologiam
291 859 479 887 scholasticam
496 859 641 894 pertinent,
666 865 747 894 atque
764 860 790 887 in
818 859 886 894 illis,

103 903 204 939 quibus
222 904 319 932 librttm
335 905 372 933 De
384 907 477 933 diuinis
498 907 645 934 nominibus
657 906 795 934 illustrare
819 914 887 934 con-

105 951 204 984 tendit,
216 951 302 979 fusius
316 953 482 988 uberiusque
499 954 629 988 disputat.

389 999 502 1028 CAPUT
522 999 604 1027 XXII.

279 1045 361 1072 Nova:
385 1046 506 1080 quwdam
527 1046 728 1074 obseruationes.

138 1090 238 1118 Auctor
251 1090 379 1119 Hebraice
397 1092 536 1121 nesciebat.
561 1093 676 1121 ——Nulli
695 1094 885 1130 injucuudnm,

102 1143 153 1164 nec
165 1136 276 1164 forsitan
290 1137 384 1165 inutile
393 1138 445 1165 erit
456 1138 497 1165 his
508 1139 743 1167 observationibus
761 1140 885 1175 quaedam

103 1183 231 1217 adjicere,
248 1191 308 1218 qua:
319 1183 469 1211 attentione
495 1184 584 1219 aliqua
596 1192 650 1212 non
677 1185 758 1220 plane
771 1186 880 1221 indigna

102 1228 274 1258 videbuntur.
298 1229 415 1256 Primum
431 1231 503 1257 enim
518 1235 615 1258 auctor
637 1235 729 1258 noster
743 1230 877 1259 Hebraice

103 1274 251 1307 nesciebat,
271 1275 369 1310 quippe
389 1276 434 1310 qui
454 1277 497 1304 ubi
513 1277 656 1305 nonnullas
681 1277 876 1305 Hebraicorum

103 1320 250 1347 verborum
273 1320 514 1355 interpretationes
534 1321 624 1354 affert,
641 1322 780 1356 subjungit
793 1321 882 1348 conti-

102 1364 210 1391 nuo“:
226 1364 354 1393 Hebraice
368 1366 445 1401 periti
469 1367 555 1400 aiunt,
571 1367 613 1395 vel
627 1376 634 1395 :
655 1366 690 1393 Hi
702 1367 746 1402 qui
757 1366 885 1395 Hebraics

101 1416 210 1438 norunt.

137 1457 272 1485 Praeterea
282 1459 392 1486 dubium
405 1459 493 1487 adhuc
506 1463 533 1487 et
546 1464 677 1487 incertum
687 1468 746 1488 esse
760 1461 880 1495 videtur,

101 1507 194 1530 utrum
223 1504 264 1530 Ine
293 1511 373 1532 voces
403 1513 462 1539 quae
493 1506 518 1532 in
543 1506 673 1534 librorum
701 1506 885 1542 inscriptioni-

101 1548 154 1576 bus
180 1549 322 1583 leguntur,
350 1550 390 1583 Τῷ
402 1553 654 1587 συμπρεσϐυτέρῳ
672 1553 797 1588 Τιμοθέῳ
819 1553 884 1580 Διο-

99 1594 218 1628 νύσιος,
235 1596 269 1623 ab
286 1602 397 1624 auctore
421 1598 479 1632 ipso
503 1598 630 1633 profecta:
655 1599 718 1627 sint.
742 1599 792 1633 Qui
811 1599 883 1627 enim

100 1640 160 1667 ﬁeri
175 1642 263 1676 potuit
278 1647 306 1669 ut
323 1643 368 1671 ille
393 1644 419 1670 in
435 1643 554 1678 Operum
567 1652 677 1672 suorum
706 1645 793 1673 titulis
805 1645 883 1673 adhi-

100 1686 192 1714 buerit
208 1688 407 1722 πρεσϐύτερος
432 1696 536 1723 vocem,
568 1698 619 1724 qua
641 1689 736 1717 nullibi
761 1698 881 1725 unquam

100 1733 129 1760 in
161 1733 255 1761 iisdem
285 1734 418 1768 Operibus
442 1735 498 1763 suis
521 1736 559 1763 uti
583 1736 722 1763 voluerit?
747 1736 882 1764 Dissimu-

99 1779 158 1806 lare
183 1784 271 1807 tamen
306 1788 357 1808 non
380 1788 523 1814 possumus
549 1783 657 1810 easdem
689 1782 881 1817 inscriptiones

98 1824 196 1850 eodem
220 1825 299 1852 modo
312 1825 338 1852 in
366 1825 469 1853 Graecis
493 1834 526 1854 ac
554 1826 662 1855 Latinis
683 1827 880 1862 manuscriptis

100 1875 186 1905 atque
213 1870 241 1898 in
258 1872 338 1899 editis
358 1873 500 1906 exhiberi;
518 1874 566 1900 sed
598 1873 625 1901 in
653 1874 793 1902 codicibus
829 1874 881 1901 illis

99 1923 182 1943 manu
195 1918 325 1951 exaratis,
341 1926 454 1954 quorum
466 1919 646 1954 antiquissimi
664 1925 773 1948 aetatem
790 1921 877 1947 sancti

99 1961 208 1989 Maximi
238 1970 290 1990 non
311 1970 462 1998 superant,
485 1973 569 1993 voces
598 1965 784 2000 hujuscemodi
810 1973 824 1992 a
842 1965 877 1993 li-

98 2007 199 2035 brariis
230 2008 411 2043 scriptoribus
425 2011 451 2037 in
464 2011 558 2038 titulos
569 2011 646 2038 facile
657 2010 760 2039 intrudi
781 2015 876 2046 potue-

98 2058 172 2081 runt.
190 2053 289 2082 Verum
303 2056 352 2083 has
365 2057 536 2092 conjecturas
548 2062 656 2085 nostras
669 2057 786 2085 aliorum
802 2057 877 2093 judi-

97 2100 142 2127 cio
153 2100 270 2128 libenter
281 2102 472 2135 permittimus.

131 2145 171 2173 De
185 2148 301 2180 capitum
321 2149 521 2177 rummariis.-——
533 2148 606 2176 Idem
618 2155 725 2184 quoque
733 2148 876 2177 dicendum

96 2193 130 2220 de
149 2195 270 2228 capitum
284 2195 450 2228 sunnnariis,
476 2200 506 2222 ut
523 2200 631 2228 vocant,
658 2197 811 2230 sententiis,
828 2205 876 2224 seu

97 2240 354 2275 argninentis,quae
382 2241 408 2268 in
435 2242 627 2276 manuscriptis
651 2247 677 2269 et
704 2242 785 2270 editis
799 2242 876 2270 libris

943 307 968 334 id
991 308 1103 339 cuilibet
1126 307 1204 335 facile
1219 309 1427 343 persuadebitur
1437 329 1445 342 ,
1460 309 1482 337 si
1496 310 1587 337 animo
1599 310 1724 340 attendat

942 361 994 380 non
1017 352 1099 380 alium
1123 354 1264 388 scriptoris
1293 355 1379 382 nostri
1410 363 1524 390 scopum
1547 363 1607 383 esse
1640 363 1724 391 quam

941 397 1150 426 ecclesiasticam
1173 399 1356 426 hierarchiam
1372 419 1380 432 ,
1400 399 1528 434 angelica:
1552 404 1581 426 et
1602 400 1723 430 caelestis

942 442 1036 476 instar,
1053 443 1079 470 in
1096 448 1150 472 tres
1162 448 1275 477 tantum,
1286 444 1488 479 episcoporum,
1501 445 1720 480 presbyterorum

940 494 968 516 et
976 489 1161 523 diaconorum,
1171 497 1184 517 a
1197 490 1275 517 nobis
1285 497 1367 525 supra
1375 496 1603 518 commemoratos
1614 491 1722 520 ordines

940 535 1130 569 distinguendi.

975 580 1014 608 De
1024 581 1118 608 ritibus
1148 583 1340 616 prwurmissia.
1352 598 1387 603 —
1406 582 1498 617 Neque
1516 582 1599 610 etiam
1625 589 1722 610 omnes

939 628 1118 655 caeremonias
1129 628 1250 663 etiitus,
1267 629 1340 656 sicut
1366 628 1456 664 operis
1482 628 1543 664 ejus
1575 627 1721 656 consilium

939 672 1025 707 magis
1054 672 1191 706 postulare
1226 674 1391 707 videbatur,
1421 674 1448 700 in
1485 677 1719 701 sacramentorum

938 717 1174 746 administratione
1190 719 1330 746 observari
1356 719 1453 748 solitos
1479 718 1524 747 ille
1549 725 1720 747 commemo-

940 769 992 792 rat.
1023 765 1059 792 De
1086 765 1300 793 confirmatiOnis
1335 766 1407 793 enim
1446 769 1620 794 sacramento
1658 769 1721 800 post

939 810 1100 844 baptismum
1132 811 1348 838 administrando
1375 811 1419 838 ubi
1452 811 1591 846 disputat,
1616 811 1720 838 nullum

939 855 972 882 de
986 855 1291 891 mannumimpositione
1308 857 1418 884 verbum
1435 856 1510 884 fecit.
1527 856 1614 884 Nemo
1628 861 1718 883 tamen

939 900 1025 927 nescit
1040 907 1099 928 eam
1125 901 1309 936 ab‘apostolis
1336 910 1485 937 eorumque
1516 902 1719 930 successoribus

902 944 924 972 Β
937 946 1020 974 fuisse
1035 947 1192 975 adhibitam.
1210 947 1278 981 Quid
1291 949 1363 982 quod
1378 953 1405 975 ct
1421 949 1479 983 ipse
1496 949 1523 975 in
1541 949 1611 976 libro
1627 947 1664 976 De
1677 956 1720 975 ec-

936 993 1256 1028 clesiasticahiemrchia,
1277 995 1302 1022 in
1329 996 1450 1023 secunda
1474 996 1606 1031 cujusque
1621 996 1719 1031 capitis

936 1045 1022 1074 parte.
1038 1041 1083 1067 ubi
1099 1040 1131 1067 de
1145 1041 1332 1075 hujuscemodi
1351 1046 1456 1068 tantum
1475 1042 1572 1069 ritibus
1595 1042 1718 1074 disserit.

936 1085 1078 1113 nonnullos
1098 1087 1280 1121 praetermisit,
1295 1095 1411 1123 quorum
1436 1087 1563 1123 deinceps
1592 1088 1618 1115 in
1636 1088 1716 1115 tertia

936 1135 1014 1166 parte
1035 1131 1148 1160 refricat
1170 1133 1340 1160 memoriam.

972 1177 1009 1206 Ds
1025 1180 1077 1206 ritu
1090 1180 1229 1215 singulari.
1240 1194 1276 1201 —
1287 1181 1325 1208 De
1336 1180 1499 1216 quibusdam
1523 1180 1604 1208 etiam
1633 1187 1719 1208 caere-

935 1225 1034 1252 moniis
1045 1230 1154 1258 tractat,
1166 1233 1227 1261 quae
1239 1227 1266 1254 in
1283 1233 1333 1254 sua
1349 1231 1452 1256 tantum
1465 1225 1587 1254 Ecclesia
1603 1231 1630 1254 et
1646 1234 1718 1254 non-

936 1271 1017 1299 nullis
1040 1271 1152 1300 forsitan
1173 1273 1350 1301 vicinioribus
1364 1278 1443 1301 erant
1460 1273 1485 1300 in
1501 1273 1662 1301 usu.o'l‘alis
1673 1279 1717 1301 est

937 1317 981 1345 ille
994 1323 1047 1345 tam
1062 1318 1208 1353 singularis
1220 1319 1361 1346 duodecim
1372 1319 1471 1354 plumis
1478 1327 1587 1347 sacrum
1598 1320 1717 1348 chrisma

935 1364 1105 1398 cooperiendi
1122 1365 1198 1393 ritus.
1227 1364 1293 1392 Illud
1323 1365 1447 1392 etiamin
1478 1365 1567 1393 missze
1594 1366 1719 1393 celebra-

936 1410 1009 1436 tione
1037 1410 1172 1444 peculiare
1197 1411 1304 1439 videtur
1329 1412 1413 1446 quod,
1436 1412 1556 1440 recitatis
1576 1412 1716 1440 defuncto-

936 1463 995 1482 rum
1028 1456 1202 1488 nominibus,
1233 1457 1310 1484 ﬁeret
1339 1466 1466 1485 manuum
1503 1459 1589 1492 lotio,
1615 1465 1715 1486 conse—

935 1502 1048 1529 crationi
1061 1503 1246 1530 eucharisticaa
1266 1505 1471 1538 quamproxime
1487 1496 1685 1540 prmmittenda.

969 1549 1007 1576 De
1017 1557 1079 1578 mu.
1088 1550 1187 1585 Reg.—
1199 1550 1292 1578 Plures
1305 1551 1454 1578 etiamnum
1464 1555 1572 1578 exstant
1581 1551 1607 1578 ln
1617 1550 1716 1578 biblio-

936 1594 1014 1623 theca
1038 1596 1120 1631 chia
1150 1596 1247 1624 horum
1271 1595 1387 1632 Operum
1414 1597 1591 1632 manuscripti
1604 1597 1714 1625 codices

935 1640 1033 1673 Graci,
1041 1642 1155 1675 quorum
1165 1642 1324 1677 praecipuus,
1334 1651 1448 1671 numero
1459 1642 1530 1670 2262
1541 1644 1715 1676 subnotatus,

932 1687 1052 1714 omnium
1069 1687 1204 1722 antiquior
1217 1693 1267 1722 est,
1283 1693 1311 1716 et
1322 1696 1454 1716 annorum
1465 1688 1517 1716 600
1531 1693 1638 1716 aetatem
1664 1696 1713 1717 no-

932 1733 973 1760 bis
987 1733 1144 1768 prteseferre
1162 1734 1276 1761 videtur.
1307 1734 1346 1762 Ex
1369 1735 1421 1763 hoc
1440 1735 1533 1763 codice
1553 1736 1621 1768 solo,
1637 1735 1711 1768 aliis,

932 1780 976 1812 qui
997 1779 1172 1813 sequentibus
1187 1781 1307 1807 numeris
1323 1785 1462 1813 notantur,
1490 1788 1541 1808 nec
1568 1781 1710 1815 inspectis,

931 1832 981 1852 nec
993 1826 1164 1857 examinatis,
1177 1834 1252 1853 suam
1267 1826 1416 1859 Morellius,
1425 1828 1463 1854 uti
1477 1832 1600 1862 putatur,
1612 1827 1709 1855 editio-

931 1878 993 1897 nem
1010 1870 1162 1899 adornavit.

966 1915 1005 1942 De
1018 1924 1081 1943 mu.
1094 1915 1261 1944 Colbertinis.
1273 1932 1308 1937 —
1323 1918 1395 1946 Duos
1407 1917 1475 1946 alios
1489 1925 1521 1946 ex
1532 1917 1710 1947 celeberrima

930 1959 1046 1987 Colherti
1065 1960 1228 1989 bibliotheca
1244 1962 1351 1990 codices
1374 1971 1458 1997 penes
1475 1970 1526 1991 nos
1553 1963 1711 1997 habuimus,

930 2013 1045 2040 quorum
1070 2007 1154 2041 prior,
1169 2007 1326 2035 charactere
1347 2009 1549 2044 elegantissimo
1565 2014 1710 2042 exaratus,

930 2056 1037 2078 aetatem
1059 2059 1134 2079 suam
1152 2053 1194 2080 his
1211 2050 1319 2086 ‘verbis,
1344 2054 1371 2081 in
1394 2054 1468 2081 calce
1489 2055 1562 2082 illius
1586 2055 1711 2090 adjectis,

930 2097 1032 2124 indicat
1044 2106 1052 2125 :
1070 2097 1228 2134 Ἐτελειώθη
1243 2099 1258 2134 ἡ
1272 2098 1396 2135 παροῦσα
1409 2099 1500 2135 βίϐλος
1516 2100 1581 2136 μηνὶ
1595 2101 1710 2128 Ἰανουα-

930 2144 980 2180 ριῷ
1002 2144 1035 2177 ξ’,
1059 2145 1117 2171 ινδι.
1132 2149 1162 2178 ε’,
1181 2145 1252 2177 Etet;
1267 2149 1335 2181 βψ,
1359 2146 1384 2173 id
1414 2152 1454 2174 est
1475 2156 1483 2175 :
1504 2146 1641 2181 Perfectus
1673 2152 1711 2174 est

929 2192 971 2218 hic
984 2192 1051 2218 Lber
1072 2200 1158 2219 mense
1182 2192 1325 2226 Januario,
1342 2192 1408 2226 feria
1421 2193 1544 2227 septima,
1567 2193 1712 2220 indictione

928 2245 956 2266 v.
975 2246 1043 2264 anno
1068 2239 1160 2265 mundi
1171 2238 1252 2266 6500.
1280 2239 1310 2266 lli
1337 2239 1389 2266 duo
1425 2239 1600 2266 characteres
1620 2238 1710 2266 Graacl

95 2286 219 2313 similiter
244 2290 401 2313 occurrunt.
431 2286 510 2314 Plura
543 2288 642 2322 quippe
679 2289 797 2322 cupitum
826 2296 872 2316 ιιι--
891 2286 912 2314 D
928 2291 969 2318 ςφ
1004 2283 1031 2310 in
1044 2284 1136 2311 codice
1158 2286 1344 2319 manuscripto
1360 2285 1430 2312 inter
1444 2292 1473 2312 se
1499 2285 1630 2316 connexi,
1643 2285 1708 2312 nihil

95 2337 241 2365 gumenta,
275 2332 309 2359 ab
335 2332 368 2360 iis
396 2341 456 2367 quas
492 2333 518 2359 in
549 2338 623 2361 textu
651 2338 874 2370 pertractantur,

96 2379 323 2411 repraesentandis
354 2379 422 2406 adeo
451 2383 514 2406 sunt
543 2379 649 2412 aliena,
680 2385 709 2407 ut
736 2388 751 2407 a
775 2380 874 2415 quovis

94 2423 149 2450 alio
171 2423 261 2457 potius
278 2431 358 2458 quam
381 2425 416 2452 ab
445 2431 557 2454 auctore
579 2432 673 2454 nostro
698 2426 799 2461 scripta
816 2434 875 2454 esse

94 2469 248 2496 videantur.

127 2515 167 2542 De
181 2516 316 2544 ordinibus
342 2517 541 2545 minoribus.—
551 2518 729 2547 Arbitrantur
744 2519 868 2546 nonnulli

92 2562 133 2589 his
151 2561 178 2589 in
204 2563 313 2596 scriptis
339 2564 456 2598 aliquam
483 2566 616 2592 minorum
643 2565 771 2592 Ecclesia:
796 2565 872 2592 ordi-

91 2616 154 2635 num
171 2628 179 2641 ,
213 2616 291 2636 sacro
325 2609 469 2637 diaconatn
494 2611 654 2638 inferiorum
670 2630 678 2642 ,
707 2611 872 2638 intentionem

92 2654 196 2681 haberi.
219 2654 255 2681 lis
287 2659 374 2682 tamen
403 2655 526 2690 lectione,
549 2665 601 2692 qua
624 2659 770 2694 potuimus,
794 2668 874 2688 accn-

93 2701 196 2727 ratiore
214 2700 385 2734 examinatis,
405 2702 507 2729 nullum
530 2704 608 2731 nobis
632 2711 724 2732 eorum
744 2706 870 2733 ordinum

90 2745 233 2780 vestigium
249 2745 321 2773 ullihi
334 2748 469 2781 apparuit.
483 2748 542 2776 Non
555 2757 650 2777 sumus
663 2750 769 2785 quidem
784 2751 870 2778 nescii

90 2790 254 2818 mentionem
279 2791 314 2818 ibi
346 2792 405 2820 fieri
440 2799 608 2828 cantarunt;
632 2796 678 2822 sed
705 2797 868 2830 peculiarem

88 2836 232 2869 quemdam
263 2836 385 2864 ordinem
419 2845 453 2864 ex
476 2838 508 2864 iis
529 2838 554 2864 in
580 2838 700 2866 Ecclesia
727 2839 856 2866 constitui

927 2330 999 2356 aliud
1014 2330 1049 2357 ibi
1063 2330 1217 2364 signiﬁcare
1239 2330 1366 2357 videntur
1382 2337 1464 2365 quam
1492 2338 1594 2357 annum
1614 2331 1707 2358 mundi

927 2374 996 2402 6500
1011 2379 1038 2402 et
1051 2374 1150 2402 Christi
1162 2375 1224 2402 992.

963 2421 999 2447 De
1018 2431 1079 2448 mss.
1104 2421 1191 2448 Latin.
1213 2437 1247 2441 —
1261 2422 1288 2449 ln
1308 2422 1357 2450 hoc
1374 2427 1465 2449 autem
1483 2423 1578 2450 codice
1591 2422 1707 2457 adjectte

925 2472 987 2495 sunt
1007 2468 1090 2494 sancti
1116 2467 1225 2495 Maximi
1241 2472 1321 2500 noue,
1350 2468 1385 2495 ab
1413 2469 1455 2495 his
1478 2476 1538 2504 qum
1567 2469 1594 2497 in
1625 2469 1708 2497 editis

925 2519 1058 2548 prostant,
1088 2514 1234 2549 plurimum
1263 2515 1461 2549 discrepantes.
1499 2514 1573 2548 Quas
1596 2516 1705 2550 quidem

925 2561 1088 2588 variatioues
1100 2569 1160 2588 cum
1179 2568 1275 2588 omnes
1302 2562 1457 2588 describere
1486 2569 1539 2588 non
1556 2562 1706 2596 possimus,

925 2608 950 2635 id
966 2607 1049 2635 semel
1064 2609 1224 2635 observasse
1245 2607 1369 2635 sulliciat.
1386 2606 1462 2634 Unde
1490 2612 1579 2634 autem
1589 2613 1650 2635 orta
1672 2607 1708 2635 sit

924 2654 969 2682 illa
992 2658 1117 2681 notarum
1133 2653 1324 2687 discrepantia,
1341 2653 1363 2680 si
1377 2660 1467 2688 roges,
1480 2653 1555 2681 disce
1569 2661 1601 2681 ex
1619 2654 1706 2682 Atha-

924 2700 993 2727 nasii
1018 2700 1182 2729 testimonio.
1196 2707 1210 2725 a
1225 2700 1303 2726 nobis
1319 2706 1380 2727 mox
1407 2699 1583 2734 proferendo,
1600 2708 1654 2735 quo
1675 2707 1705 2729 se

925 2746 1028 2775 scholia
1058 2747 1143 2773 sancti
1163 2746 1272 2772 Maximi
1302 2749 1330 2772 et
1351 2745 1465 2773 Joannis
1482 2746 1700 2782 Scythopolitani

925 2799 940 2819 a
953 2799 981 2819 se
990 2793 1104 2820 invicem
1114 2792 1270 2820 distinxisse
1283 2791 1410 2819 allirmat.
1424 2791 1492 2819 Hinc
1503 2793 1576 2819 enim
1593 2792 1706 2826 colliges

923 2846 953 2865 ea
966 2839 1162 2874 imperitiorum
1179 2838 1352 2866 librariorum
1370 2839 1474 2866 incuria
1487 2838 1610 2873 potuisse
1623 2838 1705 2866 facile

123 2924 146 2940 "
160 2924 198 2952 De
211 2925 307 2953 caleat.
324 2926 403 2960 hicn,
416 2934 475 2961 cap.
491 2927 522 2961 7;
537 2927 573 2956 De
585 2929 676 2958 eules.
687 2929 830 2963 ltierarch.,
840 2936 900 2964 cap.
916 2929 942 2962 4,
956 2930 987 2958 dc
1004 2937 1069 2957 voce
1084 2928 1242 2963 Presbyteri.
