1925 3070
210 191 245 218 55
777 186 806 215 S.
829 184 1011 215 DIONYSIUS
1027 185 1255 213 AREOPAGITA.
1783 186 1816 212 50

209 248 236 275 in
249 245 343 274 codice
367 245 524 273 Colbertino
538 244 653 280 aliisque
677 243 800 279 pluribus
822 247 986 278 praepostera
1002 244 1023 271 Α
1040 250 1135 278 regem.
1157 242 1196 270 lbi
1211 242 1444 276 interpretationis
1461 249 1476 269 a
1490 241 1604 275 Joanne,
1629 250 1709 279 quem
1723 242 1815 271 Scoti—

209 292 417 327 perturbatione
428 291 568 322 confundi.

243 338 382 366 Posterior
391 337 498 364 tandem
508 337 592 364 codex
605 335 776 364 Colbertinos
785 343 800 362 a
810 335 925 371 quodam
935 341 987 362 mo-

209 383 297 412 nacho
314 384 424 411 nomine
435 382 568 417 Longino.
588 389 659 410 anno
671 381 776 413 mundi,
792 387 821 408 ut
836 382 871 410 ab
891 381 984 409 eodem

207 430 330 464 Longino
345 430 518 461 subuotatur,
528 427 608 460 6780.
617 428 643 455 id
658 432 699 456 est
710 427 812 455 Christi
824 426 984 457 annoli72,

207 477 360 511 descriptus
373 480 424 502 est.

244 522 280 548 De
296 529 347 550 me.
373 518 875 555 Sandionysiano.-0bservabamus
903 525 984 552 supra

207 568 339 603 quosdam
355 567 465 595 Gnaeos
481 567 602 598 codices,
616 565 715 593 Carolo
728 565 812 593 Calvo
823 566 984 599 imperante,

207 615 234 640 in
251 614 343 641 Sancti
371 613 490 648 Dionysii
520 620 602 648 prope
630 612 764 645 Lutetiam
787 612 983 639 monasterium

207 659 289 687 fuisse
302 664 475 694 asportatos;
500 660 546 686 sed
559 659 703 693 lugendam
715 665 808 686 eorum
825 665 887 684 cum
903 662 982 684 ctete-

207 706 243 733 ris
270 706 354 732 ferme
370 705 495 732 omnibus
511 704 649 731 ditissima:
671 704 790 740 ejusdem
815 703 984 731 bibliothecae

206 751 399 785 manuscriptis
419 751 553 786 iacturam
570 751 694 778 fecimus.
709 750 786 777 Alius
801 750 846 784 qui
861 750 897 777 ibi
911 758 983 777 nunc

206 797 330 829 habetur,
344 797 407 824 illuc
415 797 449 824 ab
461 797 621 831 imperatore
631 796 753 823 Manucle
762 796 910 831 Palaeologo
922 796 985 822 mis-

205 850 251 870 sus
271 848 320 869 est.
341 843 428 877 Atque
442 843 468 870 in
494 843 608 878 hujusce
624 843 662 870 rei
684 843 762 870 ﬁdem
786 843 843 870 hac
857 843 939 869 verba
955 843 982 869 iu

205 887 257 915 line
270 887 390 922 ejusdem
417 888 489 920 libri,
518 889 565 915 sed
591 895 670 915 ntauu
694 888 842 916 recentiori
862 887 982 922 subjecta

203 937 267 959 sunt
280 940 288 959 :
307 942 316 958 ε
332 932 368 959 Τὸ
381 932 466 968 παρὸν
478 933 579 968 βιὸλίον
601 933 740 969 ἀπεστάλη
760 933 834 969 παρὰ
847 933 895 960 τοῦ
912 933 984 969 ὑψη-

202 979 311 1006 λοτάτου
329 978 470 1014 βασιλέως,
487 979 534 1006 καὶ
549 979 748 1016 αὐτοκράτορος
775 979 920 1015 Ῥωμαίων
933 987 984 1007 κυ-

203 1024 250 1060 ροῦ
263 1023 400 1059 ’Μανουὴλ
418 1024 465 1051 τοῦ
487 1024 669 1058 Παλαιολόγου
691 1026 731 1056 εἰς
745 1024 776 1051 τὸ
800 1024 981 1060 μοναστήριογ

200 1070 248 1096 τοῦ
259 1070 347 1103 Ἀγιου
356 1070 495 1097 Διονυσίου
519 1069 558 1105 τῷ
572 1070 601 1097 ὲν
621 1070 750 1105 Παρυσιῳ
767 1069 817 1105 τῆς
843 1070 983 1105 Φραγγίας

200 1116 217 1151 ἢ
235 1116 377 1148 Γαλατίας,
391 1117 445 1143 ἀπὸ
469 1116 520 1151 τῆς
536 1116 844 1147 Κωνσταντινουπόλεως
864 1116 897 1142 δι’
914 1115 982 1152 ἐμοῦ

201 1162 329 1198 Μανουὴλ
363 1162 411 1189 τοῦ
434 1162 615 1198 Χρυσολωρᾶ,
647 1161 816 1198 πεμφθέντος
845 1162 984 1198 πρεσὸέως

200 1209 278 1245 παρὰ
292 1209 340 1236 τοῦ
352 1210 496 1245 εἰρημένου
510 1210 649 1245 βασιλέως,
666 1210 721 1237 ἔτει
743 1209 796 1238 ἀπὸ
809 1210 923 1242 κτίσεως
936 1211 982 1238 κό-

202 1262 271 1289 σμου
285 1253 507 1289 ἑξακισχιλιοστῷ
522 1254 772 1290 ὲννεακισχιλιοστῷ
786 1255 982 1290 ἑξκαιδεκάτῳ,

200 1300 255 1326 ἀπὸ
262 1300 423 1335 σαρκώσεως
434 1300 462 1326 δὲ
470 1300 517 1326 τοῦ
524 1301 626 1336 Κυρίου
635 1301 760 1337 χιλιοστῷ
768 1301 983 1337 τετρακοσιοστιρ

203 1345 299 1380 ὁγδοῷ.
310 1346 403 1377 Ὅστις
419 1346 562 1382 εἰρημένος
574 1346 699 1381 βασιλεὺς
713 1343 779 1382 ἦλθε
797 1346 927 1381 πρότερον
943 1346 983 1376 εἰς

199 1392 231 1418 τὸ
238 1391 371 1428 Παρύσιον
380 1392 432 1428 πρὸ
444 1392 512 1419 ὲτῶν
525 1393 675 1428 τεσσάρων.
684 1402 693 1418 ι
707 1392 758 1420 Hic
772 1393 840 1420 liber
851 1393 982 1420 Constan-

200 1439 310 1472 tinopoli
321 1439 355 1466 ad
363 1439 549 1466 monasterium
558 1439 650 1466 Sam‘ti
659 1439 778 1474 Dionysii
788 1439 947 1466 Parisieneis
954 1438 983 1466 in

200 1483 318 1512 Francia
328 1481 474 1511 siveGallia
487 1484 581 1511 missu:
593 1488 631 1511 est
643 1493 659 1511 α
674 1483 817 1511 celsissimo
827 1484 944 1518 principe
956 1489 981 1511 et

199 1532 358 1564 imperatore
370 1530 548 1557 Romanorum
562 1530 669 1557 domino
691 1529 814 1557 Manuele
828 1529 980 1565 Palwologo

199 1584 246 1609 per
261 1585 300 1603 me
325 1576 471 1603 Manualem
485 1575 684 1610 Chrysoloram,
699 1576 814 1609 legatum
835 1575 946 1602 misum
960 1583 976 1601 a
993 1574 1017 1606 C

200 1621 452 1656 dictoimperatorr,
481 1630 549 1649 anno
571 1631 586 1648 a
612 1622 745 1648 creatione
771 1620 862 1647 mundi
896 1619 980 1647 sexies

201 1666 338 1693 millesimo
354 1668 545 1702 nongentesimo
570 1667 670 1693 decimo
693 1672 777 1697 sexto,
800 1665 833 1691 ab
850 1664 981 1691 lncarna-

201 1713 271 1740 tione
285 1721 344 1740 vero
364 1713 471 1740 Domini
488 1713 625 1740 millesimo
640 1711 898 1747 quadringentesimo
911 1715 981 1737 octa-

201 1765 243 1784 vo.
262 1757 314 1790 Qui
327 1758 415 1785 dictus
442 1759 583 1791 imperator
598 1758 672 1792 prius
699 1756 818 1795 Parisios
835 1756 905 1782 venit
919 1760 980 1782 ante

201 1810 314 1839 quatuor
341 1812 433 1832 annos.

236 1850 308 1879 Duos
322 1851 432 1886 insuper
442 1851 553 1878 Latinos
570 1851 641 1877 nacti
667 1856 762 1876 sumus
779 1856 860 1875 manu
878 1855 977 1876 exara-

201 1903 244 1925 tos
258 1898 376 1931 codices,
399 1898 498 1932 quibus
523 1897 613 1924 νει-δίο
638 1896 751 1923 Joannis
777 1895 929 1929 Scotigenre
947 1901 979 1921 ac

201 1945 255 1972 divi
279 1944 400 1977 Maximi,
425 1943 601 1978 eiusdemque
631 1942 744 1969 Joannis
773 1941 924 1976 Scotigena:
939 1940 979 1975 (l)

201 1996 272 2018 noue
291 1995 319 2018 et
340 1990 440 2018 scholia
468 1989 642 2017 exhibentur.
676 1987 784 2014 Primus
806 1987 980 2014 Bibliotheca;

203 2037 292 2071 Regia!
311 2040 362 2068 est,
379 2035 514 2062 secundus
540 2034 723 2061 Colbertinze:
740 2034 810 2061 alter
839 2034 873 2061 ab
901 2033 981 2060 annis

200 2082 310 2109 circiter
324 2080 386 2112 600,
399 2081 469 2108 alter
482 2087 544 2107 vero
555 2079 607 2106 400
620 2079 785 2114 descriptus.
813 2079 840 2107 lu
861 2083 977 2113 utroque

201 2127 403 2160 praemittuntur
415 2125 533 2160 ejusdem
546 2124 659 2152 Joannis
678 2123 892 2158 Scythopolitani
904 2123 942 2158 (Ξ)
953 2127 982 2149 et

202 2173 339 2200 Anastasii
364 2171 566 2199 Bibliothecarii
591 2171 624 2198 ad
645 2171 770 2199 Carolum
797 2169 908 2198 Calvum
924 2169 982 2203 epi«

201 2218 288 2250 stolae,
304 2219 403 2253 quibus
424 2218 448 2245 ei
473 2218 605 2245 versionis
618 2217 765 2252 operisque
796 2216 837 2243 sui
867 2215 981 2242 redduut

202 2263 346 2291 rationem.
380 2262 497 2298 Epistola
507 2262 617 2290 Joannis
628 2262 667 2290 sic
678 2261 836 2289 inscribitur
851 2269 857 2287 :
875 2259 981 2286 Clario.

204 2308 308 2335 sissimo
322 2309 510 2335 catholicorum
537 2316 626 2343 regum
642 2307 737 2335 Carolo
760 2306 875 2333 Joannes
897 2308 981 2331 extre-

203 2362 262 2381 mus
288 2355 388 2388 mphiw
415 2355 587 2381 undantium.
611 2353 792 2380 Anastasiana
809 2359 890 2378 vero:
909 2349 982 2377 Prw-

203 2400 270 2433 fatio
284 2399 432 2432 Anastasii,
454 2399 606 2432 apostolicis
625 2399 694 2426 sedis
715 2395 918 2427 bibliothecarii,
945 2395 981 2421 ad

203 2445 447 2473 excellentissimum
460 2453 544 2481 regem
556 2450 579 2473 et
590 2444 844 2472 Christianissimum
855 2440 980 2468 Carolum

242 2524 284 2559 (l)
299 2523 370 2559 Lege
384 2523 546 2559 Joannisque
558 2524 776 2560 Scythopolitani.
793 2522 870 2551 Eutr.
883 2521 967 2549 Pun.

1038 293 1134 320 genam
1153 291 1243 319 vocat.
1268 287 1347 314 edita:
1371 287 1504 316 meminit.
1527 289 1720 323 Imperatorem
1749 297 1817 317 vero

1037 332 1179 359 certiorem
1194 332 1260 360 facit
1274 340 1304 360 se
1325 333 1358 360 ad
1372 340 1433 360 eum
1449 334 1601 361 versionem
1620 335 1730 363 mittere
1741 334 1816 363 Cm

1037 384 1130 404 corum
1145 377 1251 404 Maximi
1267 383 1294 405 et
1320 377 1435 405 Joannis
1450 379 1666 414 Scythopolitani
1695 380 1815 408 scholio-

1038 431 1096 452 rum
1113 432 1120 451 :
1139 431 1198 458 qua:
1211 424 1319 458 quidem
1334 424 1469 458 quomodo
1479 431 1494 451 a
1507 432 1536 452 se
1551 425 1666 452 invicem
1681 425 1816 452 distinxe-

1037 470 1082 501 rit.
1096 469 1139 497 his
1153 470 1242 497 verbis
1263 470 1417 505 signilicat:
1434 469 1558 504 Ipsorum
1586 470 1674 496 autein
1697 470 1814 498 scholia-

1036 523 1094 541 rum
1104 523 1149 542 seu
1158 517 1342 549 paratheseon,
1350 524 1511 551 quaecunque
1523 517 1550 543 in
1565 516 1635 543 calce
1647 517 1690 543 sui
1704 517 1810 550 signum

1035 561 1143 594 vivi/ica:
1156 562 1240 588 crucis
1251 562 1365 594 habent,
1385 571 1401 589 a
1424 562 1498 589 beata
1526 561 1643 590 Maximo
1666 563 1814 597 confutare

1035 614 1066 632 ac
1082 607 1209 634 monacho
1221 607 1327 634 inventa
1348 613 1492 634 narrantur
1503 615 1513 635 ἒ
1528 612 1624 635 cetera
1648 616 1708 635 vero
1725 609 1812 636 sancti

1035 652 1147 679 Joannis
1170 652 1380 688 Scythopolitani
1405 654 1533 681 antistitis
1553 662 1609 682 use
1630 654 1765 687 feruntur.

1071 729 1108 758 De
1119 730 1228 764 epistola
1238 730 1374 758 undecima
1381 731 1416 758 ad
1425 731 1745 765 Apollophanem.—lllud
1754 738 1814 762 lan-

1035 776 1094 804 dem
1110 777 1169 804 sine
1184 777 1373 805 observatione
1394 777 1486 813 aliqua
1502 780 1671 813 praetermitti
1700 788 1751 808 non
1766 782 1813 808 de-

1035 823 1089 855 bet,
1116 823 1188 857 quod
1210 830 1295 857 neque
1323 824 1349 850 in
1361 823 1403 850 his
1428 825 1553 852 omnibus
1575 826 1728 860 codicibus,
1754 827 1813 854 sive

1034 867 1136 895 Graecis
1156 868 1212 895 sive
1226 867 1340 902 Latinis,
1364 876 1452 903 neque
1479 869 1505 896 in
1521 871 1646 898 omnibus
1667 871 1725 899 fere
1751 871 1812 900 edi-

999 909 1020 936 B
1037 914 1165 945 tionibus,
1181 915 1233 941 nisi
1266 914 1293 941 in
1315 914 1482 942 Bibliotheca
1510 921 1601 943 nostra
1628 916 1812 952 Lugdunensi,

1034 960 1147 994 epistola
1167 960 1320 992 undecima,
1341 960 1462 995 Dionysii
1481 962 1568 989 nostri
1585 963 1695 990 nomine
1711 964 1812 992 inscri-

1034 1011 1092 1041 pta,
1107 1007 1200 1033 decem
1224 1005 1285 1033 aliis
1309 1006 1497 1040 superioribus
1518 1008 1704 1035 subnectitur.
1726 1010 1756 1036 In
1781 1017 1813 1037 ea

1034 1057 1128 1078 auctor
1159 1051 1337 1086 Apollophaui
1376 1051 1548 1086 philosopho,
1578 1053 1612 1080 ad
1639 1061 1719 1088 quem
1750 1054 1814 1082 data

1033 1103 1094 1132 est,
1119 1099 1152 1126 de
1170 1098 1241 1125 illius
1264 1099 1296 1124 ad
1319 1096 1502 1125 Christianam
1529 1099 1609 1127 iidem
1632 1100 1813 1128 conversione

1033 1144 1178 1178 plurimum
1192 1143 1353 1179 gratulatur,
1379 1149 1407 1171 et
1425 1145 1458 1172 de
1481 1144 1548 1172 solis
1569 1145 1735 1178 defectione,
1750 1154 1811 1180 quae

1033 1188 1142 1216 Christo
1169 1189 1322 1222 moriente,
1341 1189 1503 1225 contigerat,
1531 1197 1685 1219 sermonem
1711 1199 1810 1220 rursus

1033 1234 1162 1263 instituit.

1069 1280 1135 1308 llzec
1150 1286 1241 1309 autem
1272 1282 1387 1317 epistola
1406 1291 1457 1310 non
1486 1283 1573 1311 solum
1589 1283 1742 1310 certissima
1757 1283 1815 1311 evi-

1034 1325 1123 1353 denlis
1140 1327 1249 1360 praefert
1268 1327 1394 1355 falsitatis
1407 1328 1518 1360 indicia,
1533 1329 1579 1356 sed
1603 1336 1653 1356 nec
1664 1328 1699 1356 ab
1715 1328 1814 1359 eodem

1034 1377 1145 1398 auctore
1169 1380 1200 1399 ac
1215 1373 1307 1400 decem
1337 1374 1506 1407 superiores,
1531 1374 1633 1408 aliique
1652 1373 1809 1409 Dionysiani

1034 1418 1105 1451 libri,
1126 1418 1246 1453 profecta
1262 1426 1322 1446 esse
1345 1420 1463 1446 videtur.
1489 1419 1632 1447 Enimvero
1647 1420 1692 1447 illa
1708 1427 1760 1447 nec
1785 1420 1813 1447 in

1034 1465 1236 1500 manuscriptis,
1259 1467 1298 1493 uti
1317 1465 1446 1498 diximus,
1470 1473 1520 1494 nec
1549 1466 1574 1493 iu
1603 1467 1724 1495 melioris
1741 1472 1814 1494 nota:

1033 1511 1196 1539 editionibus
1205 1509 1312 1545 vulgata
1320 1511 1478 1538 est.Deinde
1492 1512 1525 1538 ab
1540 1511 1653 1538 aliarum
1674 1519 1735 1538 cum
1752 1512 1794 1545 epi
1805 1527 1812 1533 -

1034 1555 1177 1589 stolarum,
1196 1560 1251 1582 tum
1263 1556 1483 1584 lucubratiOnum
1500 1557 1621 1592 Dionysii
1640 1558 1729 1584 nostri
1743 1558 1815 1593 stylo

1035 1608 1146 1636 prorsus
1170 1601 1312 1628 abhorret.
1336 1600 1456 1635 Denique
1467 1601 1529 1628 divo
1547 1601 1676 1633 Maximo,
1691 1600 1811 1635 Operam

1032 1646 1153 1681 Dionysii
1167 1646 1376 1681 diligentissimo
1386 1646 1550 1681 indagatori,
1562 1646 1639 1680 plane
1653 1646 1814 1681 penitusque

1032 1691 1167 1727 incognita
1180 1691 1241 1718 fuit.
1260 1691 1353 1719 Nullas
1363 1691 1496 1718 etenimiu
1511 1691 1663 1723 eam,sicut
1673 1691 1699 1717 in
1709 1696 1809 1718 caetera

1032 1738 1149 1774 Dionysii
1163 1737 1265 1772 Opera,
1275 1737 1318 1765 ille
1326 1737 1409 1765 edidit
1419 1737 1634 1764 observationes.
1656 1736 1725 1769 Quid
1738 1737 1810 1771 quod

1030 1789 1058 1812 et
1071 1785 1128 1819 ipse
1140 1784 1270 1812 Maximus
1283 1783 1437 1819 Dionysium
1446 1791 1507 1810 cum
1519 1782 1582 1810 solis
1591 1782 1710 1816 eclipsim
1722 1783 1814 1811 obsor-

1032 1837 1119 1863 varct,
1140 1838 1240 1858 annum
1256 1829 1344 1857 aetatis
1361 1829 1519 1856 vicesiunnu
1533 1829 1657 1863 quintum
1685 1828 1811 1862 attigisse

1032 1878 1114 1905 meris
1124 1877 1286 1912 conjecturis
1296 1877 1411 1911 probare
1420 1880 1542 1903 conatur.
1551 1875 1585 1901 At
1595 1874 1665 1901 nulla
1680 1873 1731 1908 ipsi
1746 1881 1814 1908 opus

1032 1929 1092 1952 erat
1103 1923 1270 1957 conjectura,
1281 1923 1302 1949 si
1316 1922 1373 1949 hrrc
1385 1921 1510 1956 epistola,
1526 1920 1570 1949 ubi
1584 1920 1610 1947 id
1623 1924 1716 1954 aperte
1723 1918 1813 1946 decla-

1032 1970 1154 2002 ratur,in
1168 1969 1225 2004 ejus
1238 1976 1335 1996 manus
1348 1968 1491 2002 aliquando
1501 1967 1629 1994 venisset.
1649 1965 1720 1992 Vero
1731 1965 1814 1999 igitur

1031 2016 1138 2043 videtur
1152 2014 1262 2042 omnino
1277 2014 1365 2041 simile
1380 2020 1438 2040 eam
1452 2021 1465 2039 a
1486 2012 1555 2039 male
1574 2011 1671 2039 feriato
1693 2011 1812 2045 quodam

1031 2061 1163 2095 scriptore
1177 2067 1210 2087 ex
1226 2059 1339 2093 septima
1354 2058 1475 2084 auctoris
1492 2057 1576 2084 nostri
1597 2056 1634 2083 ad
1644 2054 1813 2090 Apollopha-

1032 2115 1093 2135 nem
1104 2106 1229 2141 epistola,
1246 2105 1272 2131 in
1287 2111 1338 2138 qua
1351 2104 1385 2130 de
1404 2107 1552 2129 memorata
1565 2101 1631 2128 solis
1643 2100 1738 2135 eclipsi
1761 2100 1814 2128 dis-

1031 2157 1118 2189 putat,
1138 2156 1200 2187 post
1208 2149 1315 2177 Maximi
1324 2149 1425 2177 obitum
1435 2149 1516 2176 fuisse
1526 2147 1712 2182 compositam.
1728 2146 1814 2173 Porro

1032 2204 1122 2226 autem
1132 2205 1183 2225 non
1190 2196 1242 2223 alia
1250 2195 1357 2231 quidem
1373 2195 1475 2222 ratione
1488 2194 1533 2220 ille
1545 2191 1809 2226 Pseudo-Dionysius

1033 2252 1092 2273 eam
1104 2242 1245 2277 scripsisse
1260 2242 1377 2272 videtur,
1395 2240 1445 2267 nisi
1463 2244 1491 2266 ut
1503 2238 1627 2266 citindem
1644 2237 1810 2271 Apollopha-

1033 2297 1093 2318 nem
1107 2288 1270 2317 Christiana:
1286 2286 1420 2320 religioni,
1434 2285 1468 2312 ad
1484 2292 1564 2319 quam
1578 2288 1675 2310 auctor
1689 2282 1812 2317 epistola:

1031 2336 1153 2371 septima:
1164 2342 1224 2362 eum
1237 2333 1370 2361 adducere
1385 2335 1546 2367 tentaverat,
1560 2336 1658 2357 nomen
1671 2336 1749 2356 suum
1764 2328 1814 2355 ali-

1033 2381 1141 2417 quando
1155 2380 1261 2409 dedisse
1281 2378 1408 2407 omnibus
1419 2384 1582 2413 quocunque
1601 2376 1712 2404 tandem
1731 2374 1814 2403 modo

1034 2427 1219 2464 persuaderet.

1042 2520 1089 2555 (2)
1107 2520 1177 2555 Lege
1196 2517 1351 2553 Scotigence.
1364 2516 1400 2545 lo.
