1925 3070
65 205 100 232 57
745 202 1008 231 PROLEGOMENA.
1655 203 1694 231 58

193 348 345 406 PB.
382 349 462 406 J.
503 349 586 405 Γ.
625 349 900 405 BERN.
940 350 1049 405 Μ.
1088 350 1209 405 DE
1245 350 1572 407 BUBEIS

648 456 784 485 0RDINIS
810 456 1102 485 PREDICATORUM.

358 537 394 568 In
409 538 563 570 Venetam
580 537 720 577 Operum
737 548 809 578 qum
823 539 1047 579 Areopagitica
1062 540 1213 571 dicuntur
1228 539 1402 572 editionem

544 629 708 674 DISS'E
721 629 941 676 BTATIO
979 631 1010 675 P
1023 631 1220 676 RJEVIA

68 727 100 754 In
116 736 169 763 qua
184 727 335 763 prmertim
349 727 436 763 agitur
450 727 484 756 de
497 727 610 756 Scholiis
627 727 720 756 Sancti
738 727 863 761 Maximi,
877 732 903 755 et
919 728 1033 756 Joannis
1049 729 1272 764 Scythopolitani,
1289 736 1321 755 ac
1339 726 1465 756 Germani
1474 728 1696 763 Constantinopo-

743 775 822 802 litani
834 775 1017 809 patriarchte‘.

319 898 433 928 CAPUT
454 899 599 929 PRIMUM.

69 958 187 992 Operam
207 957 453 991 Areopagiticorum
465 958 547 984 editio
561 958 761 991 Antnerpiensis
775 965 785 984 .'
795 959 859 991 quid

105 994 132 1019 in
149 1002 179 1020 ea
193 992 353 1027 prwstitum.
373 992 508 1019 Posterior
518 993 572 1020 alia
590 992 752 1021 Parisiensis
764 995 857 1022 editio.

105 1029 254 1056 Casimirus
271 1027 394 1054 Oudinus
411 1032 529 1056 notatus.

104 1083 125 1112 1.
141 1084 272 1117 Quaenam
302 1092 375 1112 cura
398 1083 527 1112 adliibita‘
549 1083 660 1118 fuerint,
686 1086 751 1120 quid
773 1086 857 1114 etiam

69 1131 215 1165 amplioris
231 1131 408 1158 emolumenti
425 1131 451 1158 in
468 1139 537 1159 nova
546 1132 678 1166 Operum,
698 1140 758 1166 qua:
773 1133 857 1160 Areo-

67 1179 185 1214 pagitica
208 1179 347 1211 dicuntur,
358 1179 463 1206 Veneta
483 1179 604 1206 editione
616 1181 781 1214 praestitum,
796 1188 856 1207 nm-

69 1234 122 1254 nus
143 1225 211 1253 milii
226 1225 422 1253 demandatum
434 1230 488 1259 est,
499 1231 528 1252 ut
543 1226 641 1261 prazvia
660 1227 777 1262 quadam
799 1227 856 1254 dis-

67 1273 219 1300 sertatione
241 1273 428 1300 admonerem.
456 1273 540 1307 Agam
560 1273 644 1307 igitur
668 1281 718 1308 pro
743 1282 856 1302 munere

68 1324 272 1355 assumpto:et
295 1328 419 1355 quaenam
445 1321 527 1349 luerit
551 1322 674 1348 anterior
691 1322 774 1348 editio
787 1323 856 1349 sele-

66 1371 123 1399 cta,
138 1374 200 1402 qua:
221 1366 320 1394 iterum
341 1367 507 1400 cuderetur;
525 1368 689 1403 numaliqua
711 1377 771 1395 cum
788 1376 854 1396 mss.

67 1413 220 1446 codicibus,
248 1417 276 1440 et
306 1414 481 1448 quibusnam,
511 1414 624 1442 collatio
649 1414 737 1441 Graeci
766 1420 855 1442 textus

66 1459 140 1487 facta
168 1458 266 1493 fuerit;
286 1467 410 1494 quaenam
438 1460 567 1495 opuscula
598 1459 717 1495 adjecta,
736 1468 796 1495 qua:
813 1460 854 1487 vel

65 1505 100 1532 de
122 1505 244 1540 genuino
267 1509 383 1540 parente
398 1505 558 1540 perquiraut
574 1505 615 1532 vel
634 1505 694 1540 ejus
711 1505 790 1532 ﬁdem
808 1513 855 1540 pa-

68 1551 219 1584 tet‘aciant,
234 1559 268 1578 an
284 1552 357 1579 edita
373 1551 476 1579 scholia
494 1553 549 1580 sint
565 1553 644 1580 unius
657 1552 751 1580 Sancti
768 1552 853 1579 Maxi-

65 1598 114 1630 mi,
137 1605 173 1624 an
190 1598 283 1633 aliqua
300 1599 342 1626 vel
364 1599 446 1626 etiam
469 1598 544 1634 plura
560 1598 675 1626 Joannis
696 1598 853 1634 Scylliopm
871 1591 892 1618 Β

65 1643 158 1677 litani,
184 1651 218 1671 an
246 1645 328 1672 etiarn
355 1645 477 1680 quaedam
503 1644 645 1678 Germani,
672 1646 752 1681 regite
777 1645 854 1672 urbis

65 1690 344 1726 Constantinopoleos
364 1692 546 1727 patriarchae;
568 1693 680 1720 totidem
705 1693 855 1720 eruntdis—

63 1738 223 1766 certationis
234 1745 409 1772 argumenta,
425 1748 458 1766 ac
471 1740 523 1767 alia
539 1747 607 1767 sane
623 1740 665 1767 liis
679 1739 780 1767 alliuia.

101 1786 358 1822 Areopagiticorum
383 1786 502 1822 Operutu
525 1787 661 1815 editiones
687 1795 782 1815 omnes
803 1787 854 1815 hoc

64 1831 128 1860 loco
143 1840 291 1860 numerare
306 1841 508 1868 supervacanea
527 1841 591 1861 cura
608 1834 690 1862 foret.
713 1834 854 1861 Nitidissi-

64 1886 138 1906 mam
152 1878 381 1913 Antuerpienseni
398 1887 521 1908 memoro
537 1889 569 1908 ea:
580 1881 682 1915 ofﬁcina
702 1881 849 1908 Plantinia-

64 1933 99 1952 na
110 1924 282 1952 Balthasaris
298 1925 395 1953 Moreti
407 1926 486 1954 1654.
504 1926 591 1954 Frons
606 1929 687 1963 primi
706 1928 771 1955 Ionii
789 1933 830 1956 est
844 1938 850 1955 ι

64 1971 153 2005 Opera
185 1971 216 1999 S.
246 1971 370 2007 Dionysii
397 1973 576 2008 Areopagum,
604 1983 663 2001 cum
688 1974 803 2002 Scito/iis
820 1976 851 2003 S.

65 2017 191 2050 Maximi,
210 2023 236 2045 et
258 2017 424 2052 Paraphrasi
450 2020 631 2054 Pachymerw,
656 2029 671 2047 a
693 2021 854 2049 Balthasare

65 2064 193 2092 Corderio
207 2065 270 2093 Soc.
282 2065 346 2092 Iesu
361 2066 431 2093 doct.
452 2066 531 2093 tlteol.
547 2066 641 2094 Latine
668 2067 852 2102 interpretata,

63 2118 89 2139 et
108 2113 181 2140 notis
203 2111 356 2147 theologicis
379 2112 526 2140 illustrata.
549 2113 658 2141 Primus
675 2114 746 2141 idem
762 2119 853 2142 tomus

64 2159 186 2186 continet
200 2158 295 2186 Grmce
315 2164 343 2186 et
359 2158 456 2186 Latine
484 2159 568 2187 libros
585 2159 624 2187 De
635 2161 733 2187 ccclein
748 2161 853 2188 hierar-

63 2205 134 2238 chia,
151 2205 189 2232 De
203 2205 382 2232 ecclesiastica
398 2206 548 2233 hierarchia
581 2212 610 2234 et
634 2206 671 2234 De
696 2207 794 2234 divinis
809 2216 854 2234 no-

63 2252 191 2299 minibus,
219 2251 378 2299 Baltlmsare
404 2253 535 2299 Corderio
565 2254 725 2289 interprete.
753 2254 888 2299 Librosc

62 2297 223 2331 [incedunt
239 2297 326 2332 ipsius
343 2297 466 2325 Corderii
483 2298 686 2326 Observationes
716 2302 852 2334 generales

62 2351 110 2377 pro
124 2344 299 2379 intelligentia
314 2344 345 2372 S.
364 2343 450 2379 Diony
464 2344 494 2378 ii,
508 2350 535 2372 et
550 2346 636 2372 sancti
654 2346 766 2373 Maximi
782 2347 852 2373 Pro-

61 2391 150 2424 logus,
170 2395 199 2418 et
222 2390 330 2425 Georgii
346 2389 520 2427 Pacliymera:
536 2390 699 2419 Prooemium
715 2401 725 2420 :
738 2393 854 2428 singulis

61 2445 129 2465 vero
157 2437 291 2464 librorum
308 2438 442 2472 capitibus
465 2438 657 2466 Adnotationes
672 2438 807 2472 Corderii,
826 2446 854 2468 et

61 2483 178 2510 Scholia
192 2482 222 2509 S.
240 2481 365 2515 Maximi,
384 2487 411 2511 et
428 2483 585 2516 Paraprasis
604 2483 776 2521 Pachymene
790 2487 855 2514 sub-

59 2529 213 2563 jiciuntur;
231 2535 292 2562 quin
313 2528 404 2555 onmia
421 2529 463 2556 vir
478 2529 549 2557 idem
567 2529 743 2560 doctissimus
753 2531 855 2559 Corde-

62 2573 119 2602 rius
130 2574 231 2603 Latine
242 2575 392 2602 transtulit.

96 2619 202 2649 'l'omus
219 2620 291 2648 alter
313 2622 504 2656 complectitur
521 2622 642 2650 Corderii
662 2623 802 2660 lsugegem
818 2626 853 2652 ad

69 2669 205 2702 mysticam
221 2668 392 2703 theologiam,
415 2674 471 2697 tum
492 2672 581 2705 ipsum
594 2671 633 2699 De
648 2673 758 2708 mystica
777 2674 855 2701 theo-

66 2714 134 2748 logia
153 2714 266 2745 libruu:,
292 2722 355 2742 cum
382 2716 608 2745 Adnotationibus
622 2718 811 2752 Corderianis,
826 2724 855 2748 et

65 2759 96 2787 S.
110 2759 224 2787 Maximi
240 2760 368 2794 Scholiis,
382 2767 409 2789 et
422 2762 592 2798 Puchymeraz
609 2764 782 2800 Paraphrasi,
802 2774 849 2794 eo-

63 2807 126 2834 dem
138 2808 273 2836 Cordcrio
289 2808 450 2844 interprete.
467 2810 589 2847 Dionysii
602 2812 721 2847 epistola'
732 2821 854 2849 sequun-

65 2859 118 2887 tur,
134 2863 194 2890 qna:
205 2856 300 2883 decem
315 2861 391 2886 sunt.
404 2865 436 2885 ea
448 2858 548 2893 rejecta
567 2867 627 2892 qua:
646 2861 679 2888 ad
692 2862 853 2897 Apollopha-

67 2907 122 2926 nem
150 2901 336 2937 philosophum
364 2904 534 2937 inscribitur,
558 2906 719 2935 certissimis
745 2907 853 2941 νοθείας

872 909 895 936 Α
910 908 1078 937 argumentis
1091 904 1218 929 damnata
1231 911 1237 929 :
1248 909 1351 936 easque
1362 902 1483 937 subjecta
1501 907 1598 929 m'uant
1613 901 1696 928 SC/IO-

910 952 946 977 lia
965 951 1090 983 Maximi,
1120 951 1292 986 Pachymera:
1317 949 1509 982 Paraphrasis,
1529 954 1557 977 et
1575 948 1697 976 Corderii

909 997 1109 1030 Adnotationes,
1127 1002 1154 1024 et
1168 996 1269 1024 Latina:
1280 997 1523 1030 interpretationes.
1538 995 1634 1023 Molem
1649 1002 1696 1021 vo-

909 1041 1019 1069 luminis
1050 1047 1151 1076 augent
1175 1043 1304 1077 opuscula
1334 1043 1423 1076 plura,
1445 1050 1506 1076 qum
1532 1046 1693 1076 sequuntur.

908 1088 929 1117 l.
948 1088 1005 1115 Vita
1015 1092 1040 1115 et
1050 1088 1206 1115 Encomium
1219 1089 1338 1124 Dionysii
1351 1089 1517 1123 Areopagitrr
1529 1097 1561 1115 ea;
1573 1087 1694 1120 Menm's,

908 1136 1050 1170 interprete
1082 1134 1163 1162 I’etro
1193 1135 1306 1162 "ul/aia;
1334 1135 1396 1163 Soc.
1422 1135 1496 1162 Iesu.
1515 1135 1546 1162 II.
1564 1134 1695 1162 Simeonis

909 1183 1097 1215 Metaphrastte
1116 1181 1176 1209 Vita
1191 1187 1215 1209 et
1237 1182 1409 1209 Conversntio
1427 1181 1458 1209 S.
1475 1180 1595 1216 Dionysii
1612 1185 1694 1208 Areo—

908 1229 1017 1264 pagitaz,
1029 1229 1061 1255 ab
1084 1229 1184 1255 incerto
1200 1228 1341 1262 interprete
1353 1225 1498 1255 Latinitate
1511 1229 1622 1261 donata,
1639 1233 1662 1254 et
1678 1236 1695 1254 ιι

907 1275 1035 1302 Corderio
1051 1275 1191 1303 recensita.
1210 1274 1253 1301 Ill.
1284 1275 1320 1301 De
1336 1274 1464 1309 Dionysio
1489 1274 1646 1309 Areopagita
1662 1281 1695 1300 es:

907 1322 1004 1354 Suida,
1015 1323 1154 1355 interprete
1167 1321 1246 1348 Petro
1255 1319 1393 1347 Lam-setio
1405 1320 1465 1347 Soc.
1481 1320 1555 1348 Jesu.
1572 1319 1616 1347 IV.
1634 1319 1693 1346 Vita

907 1369 1074 1404 Areopagitae
1093 1377 1125 1395 e1:
1141 1368 1217 1394 Libro
1240 1369 1354 1394 secundo
1383 1367 1535 1402 Nicephori,
1553 1365 1644 1394 Gra'ce
1669 1371 1693 1393 et

906 1415 1000 1443 Latine
1015 1415 1047 1442 ab
1064 1417 1155 1441 eodem
1175 1414 1311 1442 Lanssclio
1327 1415 1407 1441 edita.
1425 1414 1456 1441 V.
1474 1413 1609 1440 Michaelis
1624 1412 1694 1447 Syn-

905 1462 955 1497 geli
972 1462 1127 1488 Encontium
1143 1461 1168 1488 in
1186 1461 1216 1488 S.
1236 1462 1405 1496 Dionysium,
1424 1461 1567 1494 interprete
1593 1459 1694 1486 Basilio

906 1507 1041 1538 Millanio.
1071 1514 1094 1534 et
1115 1516 1131 1534 a
1157 1506 1234 1534 l’etro
1260 1506 1398 1534 Lansselio
1426 1506 1547 1540 pluribus
1571 1505 1598 1532 in
1627 1505 1693 1531 locis

906 1555 1076 1588 castigatum.
1099 1552 1140 1580 Vl.
1159 1553 1318 1588 Martyrium
1339 1552 1368 1580 S.
1387 1552 1508 1587 Dionysii
1526 1551 1694 1585 Areopagitte

907 1608 952 1634 per
978 1600 1153 1632 Methodium,
1179 1600 1227 1630 vel,
1253 1604 1282 1626 ul
1305 1599 1362 1632 alii,
1387 1598 1581 1630 Metrodorum,
1608 1597 1693 1623 inter-

906 1652 978 1680 prete
1003 1646 1149 1672 Lansselio.
1178 1645 1232 1672 Vll.
1264 1645 1321 1672 l’ita
1344 1646 1462 1680 ejusdem
1478 1652 1524 1677 per
1549 1644 1579 1671 Β.
1595 1643 1628 1670 Ρ.
1646 1643 1694 1670 Pe-

906 1698 976 1720 trum
994 1692 1104 1719 Ilalloia:
1117 1692 1147 1719 S.
1163 1692 1190 1719 Ι.
1206 1693 1376 1724 concinnata,
1390 1692 1560 1725 ejusdemque
1576 1690 1693 1716 notatio—

907 1740 984 1767 nibus
999 1740 1146 1766 illustrata.
1164 1738 1233 1765 Vlll.
1253 1738 1369 1765 Laudati
1385 1737 1518 1764 Halloizii
1535 1738 1567 1764 de
1582 1736 1612 1763 S.
1628 1736 1694 1762 Dio-

906 1787 975 1823 nysii
1000 1788 1164 1821 Areopagitas
1183 1785 1243 1812 Vita
1258 1790 1281 1812 et
1299 1784 1428 1818 Operibus
1446 1784 1612 1817 Quiestioiies
1628 1791 1694 1818 qua.

906 1840 976 1861 tuor.
992 1832 1038 1860 IX.
1051 1833 1212 1867 Argumenta
1227 1838 1250 1859 et
1268 1832 1429 1858 Testimoaia
1455 1840 1503 1866 pro
1518 1831 1647 1865 Operibus
1661 1830 1692 1857 S.

905 1879 1027 1913 Dionysii
1050 1886 1083 1905 ea;
1110 1878 1238 1904 Vindiciis
1263 1877 1457 1911 Areopagiticis
1473 1876 1506 1902 Β.
1533 1876 1565 1902 Ι).
1582 1875 1694 1902 Martini

906 1926 996 1953 Delrio
1012 1924 1074 1953 Sac.
1089 1925 1165 1953 Jesu.
1182 1925 1215 1952 Χ.
1232 1925 1270 1952 De
1291 1925 1417 1959 Dionysio
1433 1922 1604 1957 Areopagita,
1618 1924 1692 1957 ejus-

904 1981 955 2008 que
967 1973 1075 2008 scriptis
1093 1972 1244 2007 Disputatio
1270 1971 1442 2007 Apologetica
1462 1969 1534 1996 Petri
1551 1968 1692 1995 Lansselii.

905 2017 952 2046 ΧΙ.
989 2017 1130 2045 Variantes
1159 2018 1285 2044 lectiones
1315 2018 1342 2043 in
1373 2016 1460 2042 Libris
1489 2015 1692 2049 Areopagiticis.

904 2065 964 2094 XII.
979 2065 1180 2093 Onomasticum
1195 2064 1390 2099 Dionysianum
1407 2063 1577 2090 Balthasuris
1592 2061 1693 2088 Corde-

905 2114 950 2140 rii.
967 2112 1039 2140 Xlll.
1059 2111 1146 2138 lndrz
1161 2111 1278 2138 locorum
1293 2119 1377 2138 sacra:
1390 2110 1550 2144 Scriptum.
1563 2107 1634 2135 XIV.
1647 2107 1694 2135 In-

904 2161 955 2187 dex
969 2162 995 2187 in
1012 2161 1084 2187 binos
1100 2159 1213 2195 Operam
1230 2159 1316 2186 sancti
1333 2158 1449 2192 Dionysii
1465 2162 1558 2184 tantos.

940 2209 973 2236 ll.
991 2207 1056 2235 Post
1072 2215 1159 2234 annos
1174 2206 1281 2238 decem,
1298 2213 1369 2233 nova
1385 2204 1498 2232 Lutetia:
1516 2205 1692 2235 Parisiorum.

906 2263 977 2282 anno
990 2255 1097 2283 scilicet
1119 2254 1202 2286 16M,
1227 2258 1356 2280 accurata
1372 2259 1414 2280 est
1431 2254 1502 2286 apud
1515 2252 1692 2279 Laurentium

906 2303 1046 2331 Cottoreau
1071 2302 1155 2329 editio
1182 2301 1276 2329 Grmce
1302 2306 1330 2328 et
1355 2301 1462 2328 Latine.
1491 2299 1600 2327 Titulus
1624 2303 1692 2326 est:

907 2350 1001 2378 Sancti
1028 2350 1150 2384 Dionysii
1172 2348 1340 2383 Areopagitre
1367 2347 1484 2381 Operam
1499 2346 1619 2373 omnium
1634 2353 1694 2381 quce

906 2402 1029 2430 exstant,
1053 2401 1077 2423 et
1105 2395 1363 2423 Commentariorum
1389 2393 1483 2427 quibus
1507 2392 1692 2419 illustrantur.

909 2443 984 2470 Tom.
997 2442 1042 2470 Ι...
1060 2442 1136 2470 Tom.
1155 2442 1214 2469 11...
1232 2449 1311 2476 opera
1326 2447 1349 2468 et
1362 2441 1449 2467 studio
1462 2439 1536 2466 Petri
1550 2438 1693 2470 Lansselii,

906 2495 932 2517 et
947 2489 1115 2516 Balthasuris
1136 2489 1258 2516 Corderii
1281 2487 1341 2515 Soc.
1357 2486 1386 2514 J.
1400 2486 1622 2522 presbyterorum.
1641 2485 1694 2511 Ac-

906 2538 983 2564 cessit
1012 2545 1080 2564 nunc
1106 2536 1222 2570 primum
1243 2535 1410 2570 Areopagin
1431 2533 1547 2568 defensio
1569 2534 1695 2559 adversus

908 2586 1061 2612 Itwreticum
1075 2583 1260 2616 Caluinistam,
1273 2590 1320 2617 per
1335 2581 1440 2608 clariu.
1461 2585 1485 2608 et
1512 2580 1634 2607 nobiliss.
1651 2580 1677 2606 vi

907 2641 966 2659 runt
989 2632 1124 2659 dominum
1144 2631 1178 2658 ι).
1193 2630 1325 2657 Joannem
1340 2630 1372 2656 de
1385 2628 1545 2661 Chaumont,
1563 2626 1695 2654 Christia-

911 2679 1013 2706 nissimi
1038 2678 1105 2713 regis
1121 2678 1150 2704 in
1166 2677 1251 2704 sacris
1270 2685 1301 2703 ac
1318 2676 1504 2703 secretioribus
1519 2675 1592 2710 regni
1609 2674 1696 2701 consi-

907 2726 950 2752 liis
973 2724 1167 2755 eonsiliarium,
1195 2728 1220 2750 et
1248 2723 1397 2750 arcanioris
1417 2722 1502 2756 Rogita
1529 2720 1694 2748 bibliotheca»

907 2770 1074 2805 prazfectum.
1090 2770 1166 2797 Nora
1181 2770 1264 2796 editio
1274 2789 1282 2802 ,
1296 2768 1503 2803 prccedentibus
1529 2766 1694 2794 emendatior

907 2823 930 2846 et
943 2817 1057 2844 auctior.
1074 2816 1148 2845 Ordo
1167 2815 1268 2851 prioris
1281 2815 1413 2842 editionis
1440 2814 1565 2842 cernitur
1589 2813 1617 2839 in
1642 2813 1694 2839 ista

907 2863 1048 2898 paululum
1063 2863 1234 2896 immutatus,
1249 2870 1282 2889 ac
1297 2861 1480 2889 Lansseliaua:
1496 2859 1593 2893 aliquae
1611 2858 1694 2885 inscr-

909 2911 1076 2943 prctatioucs
1093 2909 1196 2937 Latina:
1220 2910 1329 2936 selectae
1350 2912 1416 2935 sunt
1438 2914 1493 2942 pra:
1508 2903 1692 2933 Corderianis.
