1925 3070
217 191 250 220 59
781 180 809 207 S.
829 176 1010 206 DIONYSIUS
1028 172 1257 202 AREOPAGITA.
1796 167 1831 194 60

216 249 306 276 Primo
320 246 346 272 in
365 244 501 272 volumine
516 242 718 278 prmmittuutur
731 237 852 265 Conlerii
868 235 997 262 Observa-
1013 237 1034 264 Α
1051 238 1162 267 prorsus
1178 229 1299 257 laborem
1312 228 1476 278 susciperet,
1496 226 1543 278 qui
1555 229 1743 261 argumentum
1758 224 1830 252 idem

215 295 297 320 tiones
313 294 457 328 generales.
482 289 656 324 ejusdemque
677 286 789 321 Isngoge
809 285 835 312 in
858 284 998 319 Mystitam

216 339 397 372 Tlteologiam,
412 342 440 364 et
456 336 619 363 Prooemium
636 333 808 368 Pachymerm
821 338 882 359 cum
905 330 998 357 Latina

215 383 383 411 Corderiana
404 381 590 408 translatione.
622 379 775 406 Succedunt.
794 377 888 405 Graece
902 382 929 404 et
945 376 998 403 La-

218 430 282 460 tine,
300 428 429 456 Corderio
454 428 612 459 interprete,
632 426 691 453 liiiri
717 425 754 452 De
771 424 869 452 caelesti
897 425 999 451 ltierar-

216 476 288 509 cltia,
310 474 348 502 De
362 474 544 500 ecclesiastica
565 472 723 504 Itierurchia,
739 471 776 498 De
798 471 893 498 divinis
916 469 1002 497 nomi-

219 522 305 554 nibus,
323 521 361 548 De
376 521 487 556 mystica
504 519 644 554 theologia,
658 526 719 545 cum
735 517 855 552 ejusdem
875 517 924 544 viri
949 517 1000 544 do-

218 566 334 593 ctissimi
370 565 604 599 interpretatione,
632 563 866 595 adnotationibus,
896 568 923 590 et
947 561 1000 589 1³η-

218 613 356 648 chymerze
382 613 553 647 paraphrasi.
590 611 718 645 Epistolas
749 615 910 644 sequuntur,
942 615 1002 643 quae

220 659 311 686 decem
336 663 523 691 numerantur,
543 658 663 685 Cordcrii
689 656 903 685 adnotationibus
932 655 1001 682 dun-

219 709 294 732 taxat
309 705 461 732 illustratur.

257 750 324 783 Quae
343 758 408 777 vero
435 750 560 777 volumen
585 749 700 777 alterum
722 749 923 784 complectitur,
944 749 1002 777 haec

221 801 295 822 stmt.
313 796 333 823 Ι.
353 795 482 830 Prologus
511 795 604 822 Sancti
622 795 743 826 Maximi,
758 795 907 830 interprete
923 794 1002 823 Petro

222 842 369 869 Lansselio.
393 841 425 869 11.
453 842 546 869 Graece
573 846 688 873 tantum,
711 841 859 876 Ἐρμηνεία
893 840 1002 874 λέξεων,

220 896 280 922 quae
293 888 375 914 etiam
392 892 482 915 exstat
494 888 519 914 in
533 887 624 914 Cra-ca
642 885 796 913 Morelliana
813 887 931 913 editione
949 886 1001 913 Pa-

1053 277 1259 312 aggrederetur.
1274 285 1283 302 ›
1307 274 1365 308 Quo
1383 275 1410 302 in
1433 274 1493 301 loco
1508 273 1598 300 minus
1621 276 1782 300 accuratmn
1802 279 1831 299 se

1050 323 1150 358 pnebet
1165 321 1285 350 Oudinus
1301 321 1328 348 in
1344 319 1489 352 utriusque
1505 318 1634 346 editionis
1660 317 1828 351 recensione.

1050 374 1079 396 ut
1093 376 1126 396 ne
1140 369 1249 404 quidem
1262 368 1365 396 vidisse
1380 367 1495 394 alterum
1517 366 1575 401 ipse
1589 366 1726 395 videatur.

1358 423 1471 452 CAPUT
1491 422 1523 452 11,

1051 471 1228 500 Parisiensem
1244 471 1385 499 editionem
1398 471 1523 506 exprimit
1544 478 1610 497 nova
1624 470 1704 497 editio
1721 469 1832 506 Veneta,

1086 507 1178 535 erco
1209 513 1279 534 textu
1302 507 1416 540 Operunt
1442 505 1833 540 Areopagiticorum,Scholio-

1091 551 1200 576 rumque
1211 539 1367 575 pra-sertim,
1381 541 1477 568 collato
1488 549 1546 567 cum
1560 541 1648 576 codice
1672 539 1833 576 bibliotltecw

1087 575 1176 605 Sancti
1199 577 1295 604 Marci.
1325 577 1459 610 Upuscula
1485 580 1574 604 aucta.
1601 575 1701 608 ναι-ἕω,
1717 583 1776 610 qua:
1792 575 1833 608 [e-

1085 617 1180 640 runlur
1203 613 1235 639 de
1250 611 1364 646 Operunt
1379 618 1486 638 auctore
1500 612 1645 645 opiniones.

1088 658 1108 686 Ι.
1130 658 1274 686 Sacrarum
1303 658 1455 685 litterarutn
1480 657 1641 688 culloribus.
1654 657 1698 691 qui
1722 664 1835 684 accura-

1053 706 1148 732 tiorem
1174 704 1292 740 aliquam
1322 703 1442 738 Operum
1468 703 1718 738 Areopagiticorum
1737 703 1837 730 editio-

1053 759 1114 779 nem
1128 750 1179 778 sibi
1201 750 1308 778 facilius
1334 757 1366 777 ac
1396 749 1494 776 minori
1521 750 1697 784 pecuniarum
1725 754 1835 783 sumptu

1054 805 1212 832 comparare
1228 802 1340 832 queant,
1363 797 1432 824 bene
1449 797 1626 824 consulturus
1652 796 1837 831 typographus

1055 843 1186 876 Venetus,
1212 842 1396 883 Parisiensem
1422 845 1584 870 recensitam
1611 843 1717 876 selegit,
1744 847 1839 876 utpote

1055 889 1194 924 opusculis
1229 889 1405 924 apologeticis
1432 888 1651 924 locupletiorem,
1680 888 1840 923 Latinisque

221 935 327 962 risiensi
344 934 406 960 anni
423 934 503 965 1562,
520 934 600 961 iit-8°.
615 933 660 960 ΙΙΙ.
676 933 783 960 Scltolia
799 932 892 960 Sancti
913 932 1002 960 Mazi-

1065 937 1193 971 )lerisque
1206 937 1355 965 doctissimi
1373 936 1586 971 peritissimique
1603 935 1651 963 viri
1664 936 1738 963 Petri
1751 935 1840 962 Lauso

221 981 255 1006 mi
289 980 314 1006 in
341 980 500 1014 superiores
543 979 748 1014 Areopagiticos
781 979 878 1011 libros,
905 979 1001 1006 eodem

220 1024 359 1052 Lanssclio
376 1026 534 1060 interprete.
550 1025 593 1052 IV.
619 1024 725 1060 Georgii
749 1024 920 1060 Pacltyment
946 1025 1004 1052 Pa—

221 1072 358 1105 raphrasis
374 1072 402 1098 in
429 1070 576 1105 Epistolas,
594 1071 742 1106 interprete
768 1071 917 1099 Godefrido
946 1070 1003 1098 Til-

222 1125 331 1149 mannn,
349 1117 501 1145 Cartltusize
515 1117 676 1144 Parisiensis
701 1118 846 1144 monacho.
866 1117 896 1145 γ.
910 1116 1004 1144 Sancti

222 1163 333 1190 Maximi
360 1163 467 1190 Scholia
492 1164 519 1190 in
545 1163 691 1197 Epistolas,
706 1171 767 1190 cum
789 1163 886 1190 Latina
915 1163 1004 1190 inter-

220 1210 373 1244 pretationc
391 1208 568 1237 Corderiana.
586 1209 627 1237 Vl.
646 1209 792 1244 Opuscula,
808 1215 837 1237 ut
863 1210 889 1238 in
904 1211 1004 1239 editio-

222 1263 256 1282 ne
278 1255 361 1290 priori
388 1254 590 1289 Antuerpiensi.
617 1255 687 1282 inter
712 1263 773 1290 quin
798 1254 896 1282 Latine
923 1256 1006 1283 vertit

223 1301 378 1329 LausSelius
395 1300 550 1328 Encomium
565 1309 597 1328 ea:
612 1300 719 1328 Mentiris
744 1300 854 1334 ercis,
869 1302 1006 1330 recensuit

223 1346 311 1374 Vitam
326 1355 339 1373 a
359 1347 541 1381 Metapltraste
568 1347 770 1379 concinnatam,
797 1347 895 1375 Latine
915 1348 1005 1375 inter-

227 1397 349 1426 pretatus
360 1396 402 1419 est
413 1393 466 1419 duo
483 1397 611 1427 excerpta
626 1400 659 1420 ex
677 1392 772 1425 Suida,
789 1398 816 1420 et
840 1394 1005 1428 Nicephoro,

230 1437 315 1464 i'itum
331 1437 437 1473 Syngeli
452 1439 618 1472 emendavit,
641 1446 672 1466 ac
688 1439 849 1474 Martyrium
875 1440 1005 1468 Methodii

223 1484 373 1511 Latinitate
386 1485 496 1511 donavit
507 1484 708 1519 illustravitque
718 1485 798 1513 notis.
812 1485 868 1513 ΠΙ.
882 1487 1007 1522 Sequun-

223 1536 267 1557 tur
283 1530 404 1565 Dionysii
427 1530 536 1558 Guerini
556 1531 715 1566 Martyrium
741 1533 917 1568 Areopagum,
944 1542 1007 1562 car-

224 1577 344 1604 minibus
359 1577 462 1605 Latiuis
477 1585 648 1612 expressum,
664 1577 724 1605 Vita
739 1580 773 1607 ab
788 1579 926 1607 Halloixio
940 1588 1005 1608 con-

1055 983 1113 1010 selii
1130 983 1395 1018 interpretationibus
1406 987 1544 1009 ornatam.

1090 1027 1172 1055 Nova;
1201 1032 1291 1056 tamen
1321 1035 1394 1055 cura:
1419 1027 1611 1062 prietermissm
1640 1034 1693 1054 non
1718 1031 1782 1054 sunt
1803 1027 1837 1054 ad

1055 1074 1252 1101 emendandum
1271 1078 1372 1101 textum
1388 1073 1525 1104 Graecum,
1542 1074 1601 1101 sive
1629 1073 1839 1108 Areopagitica-

1055 1127 1115 1147 rum
1133 1119 1263 1155 Operam,
1291 1120 1349 1148 sive
1377 1119 1562 1154 Scholiorum,
1588 1121 1730 1155 ipsumque
1755 1120 1838 1147 variis

1056 1165 1230 1198 lectionibus,
1246 1165 1269 1193 si
1284 1173 1344 1201 quae
1361 1173 1429 1200 opus
1443 1164 1543 1197 forent,
1557 1166 1756 1197 exornandam;
1773 1166 1838 1193 dili—

1056 1210 1173 1245 gentiori
1193 1210 1266 1238 facta
1293 1210 1441 1238 collatione
1465 1218 1527 1238 cum
1546 1210 1711 1237 nitidissima
1730 1209 1840 1237 Veneta:

1057 1256 1150 1284 Sancti
1177 1256 1263 1284 Marci
1290 1256 1461 1284 bibliotheca:
1490 1256 1594 1284 codice.
1619 1255 1734 1290 Operam
1766 1254 1839 1282 hanc

1057 1303 1168 1329 navavit
1193 1302 1344 1330 industrius
1359 1309 1392 1329 ac
1407 1309 1473 1329 sane
1494 1302 1597 1336 peritus
1623 1300 1756 1335 Georgius
1768 1300 1841 1328 Con-

1056 1349 1177 1381 stantini,
1195 1348 1303 1375 natione
1318 1347 1438 1381 Gnaeus,
1454 1354 1487 1374 ex
1504 1347 1637 1374 Joannina
1661 1348 1728 1374 urbe
1752 1347 1826 1380 Epiri

1056 1394 1147 1422 Labor
1162 1394 1244 1422 cessit
1258 1401 1319 1421 cum
1334 1394 1530 1422 emolumento.
1550 1393 1692 1420 Variantes
1708 1393 1842 1422 lectiones

1057 1441 1084 1468 in
1100 1440 1233 1474 Operibus
1254 1444 1402 1468 occurrunt
1426 1439 1593 1473 frequentes,
1612 1447 1645 1466 ac
1660 1447 1792 1474 praeterea
1808 1439 1841 1467 its

1057 1485 1175 1513 Scholiis
1187 1486 1247 1513 erui
1272 1493 1325 1512 non
1340 1492 1427 1520 pauca
1444 1485 1628 1512 additamenta
1645 1489 1768 1519 potuere.
1784 1483 1838 1512 Fo-

1058 1532 1154 1561 liorum
1166 1534 1308 1569 margines
1324 1533 1381 1560 haec
1402 1531 1492 1559 omnia
1509 1536 1653 1566 praestant.
1671 1531 1707 1558 De
1719 1531 1843 1559 Scholiis

1059 1579 1187 1607 Germani
1210 1578 1385 1611 Patriarclue,
1402 1586 1463 1613 qua:
1485 1585 1556 1605 nunc
1581 1578 1699 1612 primum
1720 1578 1754 1605 ab
1779 1579 1844 1606 aliis

225 1622 346 1655 cinnata,
361 1623 539 1659 ejusdemque
554 1625 719 1657 Qumtiones
732 1632 856 1660 quatuor,
875 1627 1005 1654 Vindicio:
1020 1617 1042 1646 (ἶ
1059 1626 1185 1654 distincta
1200 1627 1335 1661 prodeunt
1354 1625 1432 1661 juxta
1460 1625 1563 1653 codicis
1586 1625 1676 1658 iidem,
1692 1625 1781 1653 dicam
1795 1626 1838 1653 in-

227 1668 340 1697 Marlini
358 1670 458 1704 Dclrio,
475 1676 502 1698 et
516 1670 647 1698 Lansselii
664 1671 815 1706 Disputatio
832 1673 1006 1708 apologatica.

228 1715 295 1743 VII.
309 1716 421 1744 Accedit
433 1718 598 1753 Areopagitw
616 1719 738 1753 Defensio
757 1719 883 1746 adversus
898 1720 1007 1746 lucreti-

224 1771 285 1790 cum
310 1763 481 1791 Calvinislam
506 1764 667 1792 Charentoni
693 1765 854 1797 ministrum,
870 1774 885 1792 a
904 1764 1009 1794 Joanne

225 1811 336 1839 domino
351 1811 384 1838 de
403 1811 556 1839 Chaumont
579 1811 682 1839 Gallice
698 1812 814 1846 primum
840 1813 1007 1848 conscripta,

227 1858 398 1893 subindeque
424 1859 520 1886 Latine
535 1858 652 1886 reddita.
672 1858 717 1886 ΙΧ.
733 1858 907 1886 Postremum
920 1859 1008 1887 locum

228 1909 321 1932 tenent
335 1904 464 1932 Lansselii
481 1904 559 1931 Νοιω
570 1905 605 1931 ad
621 1905 791 1940 Pacltymerte
818 1905 1009 1939 Parapltrasint

227 1951 255 1978 in
271 1950 416 1986 Epistolas,
434 1951 608 1986 ejusdemque
632 1951 712 1979 Nota:
736 1952 762 1979 in
788 1951 873 1979 Vitam
889 1952 1009 1988 Syngeli,

227 2001 255 2024 et
268 1998 296 2024 in
312 1997 441 2024 Mclhodii
454 1997 623 2032 Martyrium.

264 2043 307 2071 111.
324 2043 414 2071 Habes
429 2051 461 2071 ea
484 2044 644 2079 singillatim
665 2049 840 2077 enumerata,
856 2046 882 2072 in
910 2045 1011 2080 quibus

228 2090 407 2122 conveniunt,
424 2096 452 2117 et
476 2091 502 2118 in
525 2091 624 2126 quibus
645 2091 786 2125 differunt,
808 2092 866 2120 sive
885 2092 1009 2120 ordinem

229 2142 347 2172 spectes,
360 2138 418 2164 sive
432 2137 545 2165 Latinas
560 2138 810 2173 interpretationes,
832 2147 865 2166 ac
882 2143 961 2167 notas
985 2143 1013 2167 et

230 2184 373 2218 opuscula,
403 2185 536 2212 editiones
559 2185 629 2218 dum,
647 2186 855 2219 Antuerpiensis
880 2190 908 2213 et
935 2185 1012 2213 Pari-

229 2229 338 2256 siensis.
357 2230 394 2256 De
416 2234 532 2265 utraque
556 2230 682 2258 Casimiri
707 2231 806 2258 Oudini
823 2231 955 2264 judicium
972 2237 1013 2260 est

231 2281 304 2302 totno
321 2275 341 2307 l,
358 2275 396 2302 De
417 2277 587 2309 scriptoribus
610 2282 634 2304 e:
646 2278 752 2311 scriptis
774 2278 958 2305 ecclesiasticis
978 2279 1012 2305 ad
1029 2287 1051 2315 ι)

230 2329 331 2348 annum
349 2321 412 2353 5‘20,
429 2322 481 2348 col.
501 2322 578 2348 1571.
594 2330 603 2347 t
620 2322 764 2349 Baltliasar
777 2323 936 2354 (Zorderius,
956 2323 1011 2357 ρήσ-

233 2375 292 2394 mus
305 2368 427 2394 omnium
442 2367 585 2395 diﬂusione
602 2373 628 2395 et
641 2368 817 2402 amplitudine
840 2367 1014 2395 Commenta-

232 2415 346 2446 riorum,
373 2414 562 2449 disquisitione
588 2415 798 2447 abstrusiorum,
826 2415 950 2442 doctrina
973 2422 1015 2442 re-

232 2467 291 2487 rum
307 2461 464 2488 omnium...
493 2461 580 2488 Vitam
607 2461 635 2488 S.
661 2461 778 2496 Dionysii
803 2461 973 2496 Areopagitae
988 2466 1016 2487 et

232 2507 324 2534 omnia
349 2507 406 2540 ejus
421 2506 520 2542 Opera,
535 2511 562 2534 et
581 2506 711 2541 quidquid
730 2508 763 2534 ab
783 2507 844 2534 aliis
863 2506 965 2534 Grzecis
981 2507 1015 2534 de

234 2554 281 2582 illo
297 2555 400 2582 dictum
418 2559 470 2587 est,
483 2553 695 2581 Commentariis
717 2553 866 2581 uberrimis
876 2553 1016 2581 elucidare

235 2599 328 2629 labore
343 2601 423 2635 plane
455 2600 567 2632 eximio,
594 2600 656 2626 licet
680 2599 792 2627 forsitan
818 2599 908 2626 minus
931 2598 1015 2629 felici.

235 2653 349 2676 conatus
362 2653 414 2675 est.
427 2647 576 2682 Apparebit
595 2645 761 2674 incredibilis
778 2645 824 2672 ille
850 2645 925 2672 labor
948 2645 1016 2672 Cor-

234 2695 303 2722 derii
323 2702 355 2722 ex
378 2694 546 2728 inspectione
565 2692 686 2719 onmimn
710 2691 740 2718 S.
760 2690 878 2726 Dionysii
893 2690 1017 2724 Areopa-

236 2742 299 2775 gita:
326 2740 457 2775 Operam,
483 2743 512 2766 et
538 2739 658 2766 omnium
674 2737 708 2764 ad
725 2737 813 2764 Vitam
830 2741 857 2764 et
886 2735 1017 2762 Encomia

236 2787 355 2819 ejusdem
385 2786 576 2820 spectantium,
594 2792 654 2820 qua:
679 2783 833 2817 Antuerpige
860 2789 932 2809 anno
947 2781 1016 2808 1651

238 2833 334 2860 Graece
352 2837 380 2860 et
403 2832 498 2859 Latine
515 2831 618 2859 duobus
635 2829 662 2856 in
679 2829 743 2856 folio
758 2828 838 2855 tomis
855 2826 1019 2854 nitidissime

241 2870 312 2906 edita
329 2883 403 2911 sunt,
424 2883 480 2906 tum
497 2884 591 2905 recusa
608 2875 730 2904 Parisiis.
745 2881 816 2901 anno
844 2872 922 2904 1614,
940 2873 1020 2900 modo

242 2925 381 2959 iormaquc
409 2925 520 2952 eisdem.
556 2922 590 2950 Ut
615 2929 680 2950 sane
712 2921 876 2956 inpostcrum
901 2919 1020 2947 inutilem

1059 1673 1153 1701 ferias.

1095 1719 1329 1755 ll.0pusculornm
1339 1726 1481 1747 numerum
1493 1725 1572 1755 auget
1583 1719 1756 1755 primoopus,
1768 1720 1845 1754 quod

1061 1764 1163 1792 Gallice
1176 1765 1306 1799 scriptum
1319 1764 1475 1798 editumque
1489 1764 1604 1791 frontem
1619 1763 1729 1799 praefert
1747 1774 1753 1791 :
1771 1764 1842 1792 Pro-

1061 1809 1140 1837 bléme
1152 1811 1262 1844 proposé
1277 1818 1331 1836 uua:
1353 1815 1474 1842 scavants
1489 1810 1614 1836 tonabant
1627 1810 1663 1837 les
1676 1810 1752 1838 liores
1763 1811 1844 1837 attri-

1062 1857 1126 1883 buez
1142 1856 1158 1883 ὰ
1172 1856 1201 1883 S.
1220 1856 1305 1891 Denys
1326 1857 1499 1891 I’Aréopagite
1510 1863 1520 1882 :
1533 1856 1566 1883 ait
1584 1855 1636 1883 l‘on
1656 1856 1783 1883 demands
1800 1856 1843 1883 s‘il

1062 1903 1119 1937 [aut
1143 1903 1211 1936 dire,
1231 1910 1281 1937 que
1302 1907 1340 1929 cet
1364 1908 1459 1929 auteur
1479 1910 1496 1928 a
1520 1902 1569 1929 tiré
1582 1910 1621 1929 ses
1640 1902 1781 1937 principes,
1792 1909 1844 1929 una

1063 1949 1147 1983 partie
1168 1949 1200 1975 de
1218 1957 1248 1975 sa
1272 1948 1400 1980 doctrine,
1423 1953 1447 1974 et
1467 1947 1491 1974 le
1517 1948 1596 1974 traité
1615 1948 1648 1974 de
1661 1955 1690 1974 sa
1705 1946 1844 1982 Tltéologie

1065 1996 1205 2030 mystique,
1219 1995 1250 2021 de
1263 1995 1332 2021 saint
1349 1993 1463 2020 Clement
1477 1993 1678 2025 d‘Alexandrie,
1692 1997 1715 2020 et
1730 1993 1762 2019 de
1772 1992 1843 2019 saint

1063 2041 1188 2076 Grégoire
1200 2041 1232 2068 de
1251 2040 1274 2067 Ν
1278 2048 1335 2075 ysse
1347 2049 1356 2068 :
1369 2048 1402 2066 ou
1420 2040 1444 2066 si
1457 2047 1500 2066 cca
1511 2039 1582 2066 deus
1598 2037 1676 2065 I’éres
1690 2043 1733 2065 out
1745 2039 1801 2072 pris
1811 2037 1844 2064 de

1064 2087 1111 2114 lui.
1134 2087 1154 2112 Α
1183 2085 1261 2113 Paris
1282 2086 1344 2113 chez
1366 2085 1434 2112 Jean
1460 2086 1492 2111 de
1509 2084 1591 2119 Nully
1606 2084 1644 2110 Il.
1663 2083 1738 2112 DCC.
1761 2083 1843 2111 VIII.

1067 2132 1228 2160 «Problema
1262 2131 1377 2159 itteratis
1399 2131 1461 2158 viris
1481 2130 1643 2165 propositum
1664 2130 1735 2156 circa
1762 2130 1845 2156 libros

1065 2178 1193 2213 Dionysio
1211 2177 1375 2211 Areopagitw
1386 2176 1500 2202 tributos
1513 2182 1522 2201 .'
1535 2183 1588 2210 quo
1604 2175 1638 2201 ad
1650 2181 1760 2201 examen
1770 2182 1847 2202 voca-

1065 2231 1120 2256 tur,
1139 2224 1325 2259 quwriturqua,
1347 2229 1408 2248 num
1433 2221 1550 2255 ipsorum
1574 2227 1679 2254 operum
1695 2221 1796 2246 Auctor
1815 2227 1847 2246 ea:

1066 2271 1197 2299 Clemente
1212 2269 1405 2299 Alexandrino,
1419 2271 1443 2294 et
1459 2275 1491 2293 ex
1508 2267 1567 2292 divo
1583 2264 1708 2298 Gregorio
1726 2264 1846 2299 Nysseno

1066 2317 1252 2353 deprompserit
1268 2315 1402 2350 principia
1423 2322 1484 2345 sua,
1499 2321 1530 2339 ac
1551 2312 1681 2338 doctrina:
1695 2317 1807 2345 partem,
1823 2316 1846 2337 et

1067 2364 1219 2391 Tractatum
1238 2362 1269 2388 de
1294 2360 1406 2395 Mystica
1429 2358 1571 2392 Thealogia
1585 2365 1594 2384 :
1608 2365 1642 2384 an
1655 2357 1687 2383 ab
1700 2356 1745 2383 illo
1768 2356 1847 2391 quid-

1065 2409 1135 2443 piam
1160 2407 1204 2433 isti
1227 2405 1415 2432 mutuaverint.
1433 2413 1443 2430 ι
1464 2403 1558 2437 Neque
1589 2402 1678 2429 solum
1694 2401 1846 2432 Problema,

1066 2454 1139 2489 quod
1155 2451 1330 2488 proponitur,
1361 2449 1532 2484 argumentis
1558 2454 1640 2482 atque
1667 2447 1848 2474 solutionibus

1067 2505 1181 2535 nlraque
1195 2506 1228 2525 CX
1240 2502 1315 2533 parte
1327 2496 1446 2523 ιιιυηὶιυν
1460 2502 1467 2519 ε
1483 2502 1575 2521 verum
1593 2495 1675 2520 οιὶςιῐιὶ
1690 2498 1848 2527 argumenta

1067 2549 1225 2580 comparent
1247 2544 1274 2570 in
1297 2550 1341 2573 eo.
1371 2549 1403 2568 ac
1427 2541 1599 2573 solutiones,
1630 2548 1690 2575 qua:
1722 2539 1850 2575 Dionysio

1067 2591 1246 2626 Areopagitaa,
1266 2588 1349 2616 veluti
1371 2587 1490 2623 genuino
1504 2587 1621 2620 auctori,
1639 2586 1742 2618 favent,
1758 2590 1786 2611 et
1799 2585 1849 2611 ad-

1069 2642 1220 2666 versantur.
1234 2635 1354 2663 Prodibit
1372 2633 1444 2668 Opus
1457 2632 1552 2659 Latine
1562 2633 1693 2660 duntaxat
1704 2631 1849 2658 redditum.

1104 2684 1177 2711 Inter
1192 2690 1239 2710 eos
1265 2682 1310 2716 qui
1335 2681 1384 2708 abs
1409 2680 1537 2715 Dionysio
1562 2678 1725 2712 Areopagita
1742 2677 1852 2712 abjudi-

1071 2734 1133 2757 cant
1145 2729 1244 2763 Opera,
1259 2727 1440 2754 ortltodoxum
1453 2725 1609 2760 quempiam
1634 2722 1768 2757 sequioris
1785 2728 1852 2750 atta-

1072 2779 1106 2805 tis
1117 2781 1254 2803 auctorem
1288 2777 1386 2808 pulant
1401 2772 1498 2806 aliqui.
1515 2770 1710 2798 heterodoxum
1726 2769 1782 2795 alii.
1798 2769 1852 2797 Pro

1072 2824 1152 2851 Petro
1170 2823 1316 2857 Cnaphaeo,
1332 2829 1379 2849 seu
1407 2820 1528 2851 Fullone,
1548 2823 1596 2845 aut
1622 2816 1716 2850 aliquo
1737 2825 1772 2844 ex
1795 2817 1854 2851 ejus

1072 2871 1185 2898 asseclis
1203 2869 1370 2904 Eutychiana
1382 2872 1429 2894 aut
1445 2864 1658 2901 Monopltysitica
1681 2863 1724 2890 lue
1742 2863 1853 2894 infecto,

1076 2918 1207 2954 pugnavit
1229 2915 1362 2944 aecrrime
1381 2907 1496 2942 Michael
1510 2911 1664 2947 Lequieuus
1678 2910 1703 2936 in
1721 2910 1853 2936 Disserta-
