1925 3070
240 165 274 193 ιδ
801 163 829 192 ς.
850 161 1035 191 DlONYSlUS

1089 160 1282 190 iEOPAGITA.
1817 161 1854 189 θι

545 222 659 250 CAPUT
680 221 722 249 lll.

242 279 350 309 Scholia
374 281 401 307 i'n
425 279 509 312 Opera
537 279 718 314 Areopagitica
742 279 845 314 scripsit
865 286 917 306 non
939 277 1023 304 solum

279 316 422 348 Maximus,
436 316 480 341 sed
494 321 553 342 tmte
563 312 647 348 ipsum
659 314 775 340 Joannes
787 312 1023 348 Scythopolitanul.

279 351 310 377 In
324 351 398 377 editis
408 350 517 384 confusa
531 347 657 381 prostant.
674 347 930 374 Nourriusttotatus.
947 347 1026 384 Scho-

277 386 314 412 lia
330 385 443 411 Joannis
458 382 670 418 Scythopolitani
692 384 718 410 in
733 384 866 410 codicibus
891 391 952 410 mss.
972 382 1024 418 ali-

280 421 339 446 cubi
355 416 504 451 anipliora:
516 419 620 445 Indicia
635 419 709 452 queis
733 418 785 444 alia
799 418 898 444 secerni
917 418 949 443 ab
966 416 1025 442 aliis

279 460 400 488 possunt.
416 454 481 486 Quis
494 454 573 488 fuerit
588 453 705 480 Joannes
720 452 961 488 Srythopolitanuc.

280 501 301 527 l.
323 500 379 527 Sub
394 500 472 526 ιιιιίυε
484 499 590 526 Maximi
605 499 723 530 nomine,
739 499 784 531 qui
799 497 898 524 szeculo
913 497 1027 531 septimo

245 545 346 577 ﬂoruit,
359 547 540 581 pugnavitque
555 546 690 580 egregiam
706 552 820 578 pugnam
834 545 962 570 adversus
974 543 1028 569 hm-

247 593 346 620 reticos
365 592 563 623 Mouollielitas,
582 591 742 624 prodierunt
762 589 869 616 Scholia
893 589 920 615 in
942 587 1027 622 Opera

246 638 426 672 Areopagitica
449 637 474 663 in
497 632 660 663 edition-ibus
683 635 873 668 Antuerpieusi
899 639 925 661 et
950 633 1027 660 Pari-

247 682 341 714 siensi,
357 689 389 708 ac
408 686 488 708 modo
504 681 636 715 prodeunt
658 680 683 706 in
707 679 818 706 Veneta.
843 679 897 706 Sed
910 683 1028 705 attamen

247 734 300 754 non
317 721 398 754 unum
415 727 586 753 st-lioliastcm
608 726 765 755 Maximum.
785 726 831 752 sed
858 725 938 751 alium
965 726 1029 751 ube-

248 771 402 805 rioremque
413 771 542 798 Joannem
558 770 820 806 Scythopolitanum,
831 777 941 804 operam
953 777 1029 796 suam

248 823 375 848 navasse.
397 817 474 844 testis
489 821 530 843 est
546 817 774 851 locupletissimus
786 816 956 847 Anastasius.
978 815 1032 842 llo-

249 870 335 888 manae
348 862 474 889 Ecclesite
483 862 712 894 bibliothecarius,
729 862 754 888 in
766 861 879 896 epistola
893 862 925 887 ad
941 868 1029 895 regem

1035 222 1058 250 Α
1072 221 1141 247 citer
1150 219 1210 249 600.
1231 219 1301 246 alter
1329 226 1392 246 vero
1415 218 1479 251 400,
1500 219 1660 254 descriptus.
1688 218 1716 247 In
1743 225 1859 255 utroque

1074 265 1278 299 prmmittuntur
1299 264 1420 299 ejusdem
1441 264 1552 292 Joannis
1567 265 1780 300 Scythopolilani
1806 269 1859 300 (er-

1075 317 1120 336 ror
1131 309 1158 336 2.
1171 309 1242 344 Lege
1254 309 1410 345 Scotigcntz)
1425 315 1453 338 et
1463 311 1599 337 Anastasii
1612 310 1811 338 Bibliothecarii
1825 313 1860 339 ad

1075 355 1198 382 Carolum
1212 355 1323 382 Calvum
1340 355 1474 390 Epistolas,
1491 356 1589 391 quibus
1601 356 1626 383 ei
1645 357 1780 384 versionis
1791 364 1861 391 ope-

1077 401 1168 435 risque
1191 401 1231 428 sui
1257 401 1370 428 reddunt
1400 401 1544 429 rationem.
1562 411 1571 427 ι
1600 401 1707 428 Scilicet
1727 403 1861 429 rationem

1076 447 1164 474 reddit
1185 448 1219 474 de
1241 455 1290 475 sua
1318 447 1434 481 Operam
1457 447 1707 482 Areopagiticorum
1734 449 1863 477 versione

1076 491 1194 520 Joannes
1213 493 1365 527 Scotigena,
1379 499 1406 521 et
1416 494 1573 521 Anastasius
1589 494 1813 522 Bibliothecarius
1828 495 1863 522 de

1077 547 1124 567 sua
1143 539 1235 566 Latina
1256 539 1424 566 Scholiorum
1445 539 1553 567 Maximi
1573 546 1601 567 et
1614 539 1726 568 Joannis
1744 541 1863 576 Scytho-

1077 585 1189 619 politani
1204 585 1393 613 translatione.

1116 630 1252 665 Epistolas,
1268 638 1349 664 quam
1365 631 1397 657 ad
1414 638 1502 666 regem
1521 630 1646 658 Carolum
1665 631 1773 659 Calvum
1792 633 1862 660 scri-

1082 678 1136 712 psit
1153 677 1306 712 Scotigena,
1324 676 1503 711 fragmentum
1522 679 1726 706 commentariis
1742 679 1864 713 puemit—

1081 724 1157 755 tilur,
1170 731 1184 750 a
1202 723 1330 758 Dionysio
1344 723 1523 751 Carthusiano
1538 724 1682 757 confectis;
1698 725 1801 760 integra
1817 733 1864 752 ve-

1081 776 1112 795 ro
1127 768 1240 794 habetur
1256 769 1326 795 inter
1355 768 1458 795 Veteres
1479 768 1612 800 Epistolas
1636 770 1807 803 Hiberniam,
1831 771 1866 803 ab

1081 814 1191 842 Usserio
1208 815 1345 842 collectas.
1368 815 1518 848 Scotigenas
1538 817 1655 844 laborem
1673 817 1795 844 laudibus
1816 825 1866 845 ex-

1083 860 1150 888 tollit
1167 861 1326 888 Anastasius
1348 860 1574 889 Bibliolliecarius
1587 863 1613 889 in
1632 863 1744 897 epistola
1760 863 1842 890 citata
1856 871 1864 890 :

247 907 372 935 Carolum
385 908 507 939 Calvum,
523 915 596 934 anno
611 908 719 934 circiter
728 907 790 934 865.
809 907 895 934 Verba
909 913 969 933 sunt
980 907 1031 941 (5):
1047 904 1070 934 Β
1088 915 1097 932 r
1115 906 1212 933 Beatus
1239 907 1331 941 itaque
1355 907 1515 942 Areopagita
1545 908 1697 944 Dionysius,
1731 909 1866 944 inquiens,

250 964 259 980 ι
281 953 356 988 Cmpi
371 953 462 980 sedulo
475 961 606 988 qua-rere.
633 953 655 980 si
673 954 741 980 forte
766 954 877 988 reperiri
902 953 1034 988 potuisset

248 1003 399 1033 praeceptor
410 999 556 1033 quispiam,
572 1000 613 1026 vel
628 1000 736 1034 aliquod
747 1000 890 1034 scriptum,
904 1008 956 1033 quo
969 1007 1035 1026 enu-

248 1046 334 1072 cleate
350 1051 439 1072 tantus
453 1044 534 1072 Patcr
548 1045 702 1081 (Dionysius
718 1045 889 1080 Areopagita)
911 1045 987 1072 nobis
1000 1045 1033 1071 li—

247 1090 358 1124 quidius
374 1090 542 1117 illuccsceret
560 1100 566 1116 :
584 1094 611 1116 et
636 1091 697 1124 quia
720 1090 775 1124 jam
796 1098 842 1124 per
867 1090 1033 1123 interpretis,

249 1135 373 1170 (Joannis
392 1137 464 1163 Scoti
487 1136 620 1171 Erigeute)
640 1137 800 1164 industriam
823 1136 922 1170 linguae
936 1141 1033 1163 uosth

250 1181 336 1209 fuerat
352 1183 476 1215 traditus,
493 1183 593 1209 nostris
608 1183 705 1217 patulis
720 1182 876 1210 redderetur
885 1182 1033 1215 perfectius

251 1227 441 1255 intellectibus.
476 1228 542 1255 Cum
565 1236 629 1255 ecce
655 1232 762 1262 repente
786 1227 953 1257 l’arutheus.
977 1227 1035 1254 sive

251 1274 359 1301 Scholia
382 1273 407 1300 in
421 1282 494 1306 eum,
517 1282 576 1308 qua:
589 1273 821 1308 Constantinopoli
839 1273 943 1307 positus
958 1273 1034 1299 vidc-

253 1327 321 1352 ram,
334 1321 366 1347 ad
390 1327 488 1347 manus
506 1327 614 1351 venere,
630 1319 728 1354 quibus
744 1325 878 1354 utcunque
900 1320 1034 1353 interpre—

253 1367 328 1399 tatis,
346 1367 412 1393 niihi
438 1365 634 1400 aliquantulum
658 1366 744 1400 magis
768 1366 887 1393 emicuit.
918 1366 983 1398 Quze
1007 1367 1034 1393 in

254 1413 420 1448 marginibus
441 1413 611 1448 in!erpretati
633 1413 736 1440 codicis
758 1412 828 1446 t-jus,
852 1418 880 1440 ut
897 1413 922 1439 in
942 1413 1035 1440 Cra-co

253 1460 353 1495 reperi,
378 1467 439 1487 mox
461 1461 637 1494 interpretata
652 1465 797 1493 utcunque,
818 1459 902 1486 donec
923 1467 937 1485 a
957 1458 1036 1485 docto

254 1508 352 1534 melius
364 1507 617 1540 interpretarentur,
640 1506 863 1540 respondentilms
888 1505 974 1539 signis
994 1505 1036 1532 in-

253 1557 360 1587 terpres
377 1561 426 1587 ego
438 1552 504 1580 satis
516 1553 656 1587 imperitus
676 1551 835 1586 apposui....
850 1551 970 1585 lpsorutn
987 1559 1035 1577 au-

253 1603 309 1625 tcm
330 1598 513 1631 Scholiorum,
533 1599 590 1625 sive
608 1597 793 1625 Paratheseon
817 1605 984 1632 quacunque
1009 1598 1035 1624 in

253 1644 327 1672 calce
350 1645 392 1672 sui
419 1645 526 1679 signum
548 1644 662 1671 viviﬁca:
682 1644 772 1673 crucis
799 1644 908 1676 habent,
926 1652 940 1670 a
959 1645 1036 1670 beato

255 1690 374 1718 Maximo
389 1690 542 1717 confessore
560 1695 586 1717 et
601 1691 734 1718 manacho
748 1690 855 1717 inventa
873 1696 1034 1718 narrantur:

254 1742 352 1764 caetera
369 1744 443 1769 vero,
462 1737 548 1763 sancti
564 1736 677 1764 Joannis
692 1735 905 1770 Scythopolitani
918 1734 1037 1769 episcopi

253 1787 315 1810 ease
336 1782 469 1808 feruntur.
494 1792 502 1807 ι
524 1782 687 1809 Act-uratum
706 1781 841 1808 Anastasii
866 1780 985 1807 laborem
1011 1781 1038 1807 in

258 1827 400 1862 uiriusqne
415 1827 526 1854 scholiis
542 1826 737 1860 distinguendis
748 1826 810 1860 quis
822 1825 969 1860 impensius
986 1832 1038 1852 non

256 1873 449 1899 commendet?
466 1872 583 1906 Epistola
601 1871 683 1898 citata
697 1871 768 1906 typis
779 1871 849 1897 edita
865 1869 1040 1905 praemittitur

256 1919 468 1946 Commentariis
487 1919 513 1945 in
527 1918 718 1953 Areopagitam
743 1925 758 1944 a
783 1917 910 1952 Dionysio
927 1917 1041 1944 Carlhu-

257 1964 334 1990 siano
344 1964 520 1996 elucubratis,
532 1963 668 1997 editisque
680 1968 802 1997 typorum
817 1961 949 1989 beneficio
965 1960 1041 1988 Colo-

257 2009 318 2040 nia',
334 2008 458 2041 impensis
474 2007 545 2034 Petri
559 2008 677 2040 Qucutel,
705 2016 773 2034 anno
796 2007 880 2038 1556,
904 2006 1015 2034 in-folio
1032 2015 1039 2033 :

259 2054 428 2088 habeturque
456 2055 525 2080 inter
552 2053 656 2080 Veteres
677 2053 810 2087 Epistolas
832 2052 999 2081 thernicas.
1025 2059 1041 2078 a

258 2099 361 2127 Jacobo
377 2100 488 2127 Usserio
503 2100 642 2131 collectas,
658 2107 690 2127 ac
713 2100 801 2126 editas
822 2097 935 2125 Parisiis
950 2099 976 2124 in
993 2097 1042 2132 0f—

259 2146 339 2179 ﬁcina
362 2145 485 2172 Ludovici
499 2145 703 2178 Billainr1665,
725 2153 798 2172 Ilum.
812 2143 906 2172 XXIV.

297 2190 417 2224 Utraque
431 2189 550 2222 Scholia,
568 2191 716 2225 eademque
733 2190 867 2221 distincta,
892 2189 918 2216 in
932 2189 1044 2216 vetustis

1085 960 1164 987 quem
1181 952 1250 980 inter
1259 957 1356 979 Cretera
1371 959 1487 986 constat,
1504 953 1636 982 industria
1650 960 1692 982 tua
1709 956 1804 990 (ipsius
1821 963 1868 984 re-

1084 999 1125 1033 gis
1136 998 1249 1033 Caroli),
1269 999 1490 1034 praxstantissime
1502 1000 1664 1035 principum,
1677 1002 1702 1028 in
1715 1001 1868 1029 Rounanum

1085 1051 1237 1071 sermonem
1250 1043 1445 1072 translato-ii...
1461 1043 1612 1072 Mirandum
1627 1051 1668 1072 est
1680 1047 1814 1081 quomodo
1824 1049 1870 1074 vir

1085 1091 1129 1118 ille
1144 1090 1283 1122 barbarus,
1308 1091 1352 1126 qui
1375 1092 1401 1117 in
1417 1091 1512 1126 ﬁnibus
1524 1093 1616 1118 mundi
1628 1093 1743 1126 positus,
1765 1099 1870 1127 quanto

1085 1137 1119 1163 ab
1132 1137 1287 1164 hominibus
1301 1137 1517 1169 conversatione,
1539 1142 1614 1165 tanto
1629 1138 1703 1166 credi
1724 1141 1811 1174 potuit
1827 1141 1871 1167 al-

1087 1182 1169 1209 terius
1192 1182 1290 1216 lingum
1312 1183 1428 1210 dictione
1444 1182 1613 1218 longinquus.
1640 1184 1702 1212 talia
1732 1185 1870 1213 intellectu

1085 1234 1194 1260 capere,
1220 1228 1246 1254 in
1270 1228 1405 1262 aliamque
1431 1228 1549 1263 linguam
1576 1230 1722 1258 transferre
1743 1231 1869 1259 valuerit.

1085 1273 1217 1301 Joannem
1246 1276 1327 1302 innuo
1352 1274 1535 1309 Scotigenam,
1562 1276 1649 1303 virum
1676 1285 1755 1311 quem
1776 1279 1870 1305 auditu

1086 1321 1204 1353 comperi
1220 1328 1267 1354 per
1282 1321 1370 1347 omnia
1387 1327 1520 1348 sanctum.
1540 1331 1549 1347 ι
1567 1321 1603 1348 De
1619 1322 1676 1356 ipso
1688 1324 1870 1351 disserentem

1086 1366 1146 1392 vide
1155 1365 1233 1394 Joan.
1246 1366 1380 1393 Albertum
1394 1366 1560 1401 Fabricium,
1570 1368 1595 1395 in
1605 1368 1765 1396 Bibliotheca
1775 1369 1872 1396 Latina

1086 1411 1178 1438 media
1195 1416 1218 1438 et
1235 1412 1333 1446 inﬁmae
1348 1413 1446 1440 anatis.

1122 1457 1152 1484 ll.
1168 1456 1226 1484 Non
1243 1457 1327 1484 latent
1344 1458 1371 1484 in
1394 1458 1501 1492 pluteis,
1523 1467 1610 1494 neque
1623 1461 1712 1488 abdita
1725 1466 1873 1489 servantur

1087 1503 1114 1529 in
1133 1503 1198 1530 solis
1209 1503 1348 1530 codicibus
1361 1511 1426 1531 mss.
1441 1512 1502 1539 quae
1517 1505 1542 1532 in
1558 1506 1740 1541 Areopagitica
1761 1508 1874 1543 scripsit

1087 1549 1188 1576 scholia
1204 1548 1323 1576 Joannes
1336 1549 1581 1586 Srythopolitauus.
1598 1552 1675 1580 Edita
1692 1559 1816 1588 prostant
1828 1556 1874 1582 in-

1089 1599 1130 1621 ter
1149 1603 1179 1622 ea
1204 1603 1263 1629 qua:
1282 1596 1332 1622 sub
1348 1596 1429 1623 unius
1442 1595 1551 1623 Maximi
1573 1599 1681 1625 nomine
1702 1601 1872 1634 prodierunt.

1088 1641 1200 1667 confusa
1224 1648 1285 1667 cum
1312 1641 1379 1675 ipsis
1402 1650 1409 1668 :
1430 1642 1502 1676 quod
1518 1644 1609 1677 utique
1624 1643 1778 1671 dolendum.
1804 1645 1873 1672 Rem

1091 1686 1161 1713 lianc
1177 1686 1342 1713 adnotarunt
1361 1685 1477 1714 Jacobus
1493 1687 1619 1716 Usserius
1637 1695 1663 1716 et
1687 1689 1798 1717 Michael
1820 1690 1875 1718 Li»

1089 1733 1218 1766 quienus.
1245 1731 1351 1759 Usserii
1365 1731 1449 1759 all‘ero
1474 1733 1568 1766 verba,
1581 1742 1642 1769 quae
1659 1734 1786 1769 leguntur
1801 1737 1873 1771 apud

1089 1777 1263 1805 Guillclmum
1281 1778 1362 1810 Cave,
1381 1780 1413 1807 ad
1436 1787 1536 1807 annum
1562 1780 1626 1813 5‘20,
1651 1781 1676 1808 in
1697 1781 1800 1808 Joanne
1814 1782 1876 1809 Ma~

1089 1824 1188 1851 mentio.
1201 1824 1247 1852 Sic
1258 1825 1336 1852 habet
1353 1834 1416 1853 vero
1430 1826 1456 1852 in
1473 1824 1636 1852 Bibliotheca
1648 1826 1793 1860 theologica
1807 1835 1874 1854 mss.

1094 1869 1238 1897 iJoanues
1265 1870 1504 1905 Scythopolitanus
1533 1871 1641 1905 scripsit
1665 1871 1692 1898 in
1717 1871 1874 1907 Dionysiqu

1090 1916 1280 1950 Areopagitam
1301 1917 1424 1950 Scholia,
1442 1918 1545 1952 pariter
1561 1924 1594 1944 ac
1609 1917 1752 1946 Maximus.
1775 1918 1876 1945 Verum

1092 1962 1118 1988 in
1133 1961 1209 1989 libris
1221 1961 1339 1997 Dionysii
1355 1963 1389 1989 ab
1400 1970 1472 1990 anno
1484 1963 1552 1989 1562
1573 1964 1702 1992 inclusive
1717 1964 1797 1991 editis
1809 1966 1878 1999 (quc

1093 2015 1189 2042 netupe
1204 2016 1275 2035 anim
1289 2007 1382 2035 Grazca
1399 2008 1482 2036 editio
1497 2008 1680 2036 Morclliorum
1701 2009 1788 2037 lucem
1808 2011 1878 2038 vidit

1093 2053 1204 2080 Parisiis
1216 2054 1295 2088 iri-8),
1309 2053 1388 2080 simul
1400 2054 1511 2081 confusa
1527 2058 1589 2080 sunt
1600 2054 1709 2082 Joannis
1721 2060 1749 2082 et
1765 2055 1878 2084 Maximi

1094 2098 1205 2125 Scholia
1221 2106 1228 2124 :
1242 2106 1302 2132 quae
1317 2105 1370 2125 non
1385 2098 1412 2124 iu
1427 2098 1625 2132 antiquioribus
1638 2098 1734 2132 solum,
1753 2107 1813 2133 quae
1823 2099 1879 2136 Cy-

1093 2146 1247 2180 parissiotaa
1260 2151 1381 2180 tempore
1395 2145 1506 2180 (saeculo
1523 2146 1578 2179 xtv)
1598 2146 1764 2179 ferebantur,
1779 2147 1879 2174 editio—

1095 2191 1172 2218 nibus
1184 2191 1273 2225 tmss.)
1289 2190 1396 2218 fuerunt
1407 2191 1547 2222 distincta;
1564 2191 1610 2218 sed
1623 2191 1704 2217 etiam
1720 2191 1747 2218 in
1762 2197 1880 2227 utroque

259 2236 397 2264 codicibus
413 2244 479 2262 mss.
497 2235 694 2263 Parisieusihus
711 2241 738 2262 et
751 2235 811 2262 aliis
824 2235 934 2269 reperiri
956 2236 1040 2262 aduo-
1059 2240 1081 2267 D
1096 2244 1149 2269 quo
1165 2244 1230 2264 usus
1245 2242 1285 2263 est
1299 2236 1358 2270 ipse
1373 2235 1508 2263 Morellius
1521 2236 1624 2262 codice.
1640 2236 1668 2262 ln
1678 2244 1792 2271 quorum
1807 2237 1878 2266 alte-

261 2288 301 2309 tat
314 2282 436 2309 laudatus
451 2283 586 2309 Usserius.
604 2281 690 2309 Verba
708 2282 766 2316 ejus
785 2283 908 2309 dabimus
929 2289 1042 2309 numero

261 2329 422 2363 iuseqneuti.
448 2329 554 2356 Testem
579 2335 685 2363 quoque
702 2328 785 2355 all'ero
806 2328 940 2355 laudatum
963 2328 1042 2356 Nico-

260 2374 331 2401 laum
346 2373 450 2409 Nourry
466 2374 493 2401 in
508 2374 645 2407 Apparatu
655 2375 690 2400 ad
701 2373 889 2400 llibliothecam
901 2375 1042 2401 maximam

260 2424 372 2446 veterum
391 2418 514 2450 Patrum,
533 2418 727 2445 Dissertatione
736 2426 761 2448 κ,
777 2418 808 2445 de
820 2418 948 2453 Operibuc
958 2420 1042 2446 sancti

263 2465 384 2500 Dionysii
408 2465 581 2499 Areopagitir,
606 2465 694 2499 capite
711 2465 756 2492 22.
771 2465 835 2500 Ejus
847 2465 932 2492 aliero
950 2467 1042 2498 verba,

261 2519 321 2546 qua:
339 2512 513 2543 castigatione
534 2511 663 2546 indigent,
687 2519 701 2538 a
730 2512 895 2547 Iypograplio
917 2511 1043 2539 facillime

262 2556 430 2585 deformata?
444 2566 452 2582 ι
473 2557 543 2584 Duos
561 2557 662 2592 pariter
679 2559 751 2584 nacti
767 2565 860 2584 sumus
874 2558 981 2585 codices
991 2557 1043 2584 La-

264 2604 334 2630 tinos
346 2611 426 2629 mauu
439 2609 574 2635 exaratos,
589 2603 686 2638 quibus
700 2603 826 2638 (Operum
842 2605 1044 2639 Areopagitico-

264 2649 335 2682 rum)
349 2649 438 2675 versio
451 2649 563 2676 Joannis
579 2649 739 2684 Scotigenm,
752 2657 783 2676 ac
797 2650 850 2676 divi
864 2649 984 2682 Maximi,
997 2649 1044 2677 τιο-

263 2695 396 2729 annisque
413 2694 563 2729 Scotigena:
582 2697 670 2731 (error
690 2697 715 2723 l.
739 2696 808 2730 Lege
821 2696 1043 2731 Srythopolitani)

265 2745 334 2767 nolte
362 2747 390 2768 et
417 2741 522 2769 Scholia
551 2743 721 2770 exhibentur.
743 2742 849 2770 Primus
873 2743 1045 2770 Bibliotheca

265 2786 365 2822 Regina,
382 2791 409 2814 et
424 2790 558 2816 secundus
575 2789 744 2817 Colbertinns
759 2800 764 2816 :
778 2789 846 2816 alter
857 2789 891 2816 ab
901 2789 978 2815 annis
989 2789 1044 2816 cir-

1097 2290 1126 2309 ro
1139 2282 1170 2308 ad
1185 2283 1332 2316 marginem
1348 2288 1410 2310 sunt
1425 2283 1548 2317 apposita
1573 2281 1686 2309 Joannis
1700 2282 1861 2318 Scylhopoli
1871 2299 1879 2305 -

1098 2329 1151 2355 Iani
1166 2329 1225 2356 sine
1241 2329 1350 2356 nomine
1366 2328 1491 2360 Scholia;
1514 2329 1540 2355 in
1556 2329 1642 2356 altero
1662 2336 1728 2356 vero
1750 2330 1877 2363 seorsim,

1097 2379 1158 2408 post
1176 2374 1328 2402 absolutum
1346 2379 1448 2402 textum
1461 2375 1594 2409 integrum
1608 2374 1740 2410 Dionysii.
1768 2375 1877 2402 Maximi

1097 2421 1205 2447 nomine
1217 2421 1343 2454 insignita
1359 2419 1484 2452 Scholia;
1498 2427 1530 2446 eo
1541 2419 1675 2452 breviora,
1692 2421 1762 2455 quod
1776 2421 1809 2447 ab
1820 2428 1879 2447 am-

1097 2466 1228 2500 plioribus
1246 2465 1368 2496 Joannis,
1389 2472 1450 2492 cum
1465 2464 1563 2499 quibus
1578 2472 1610 2491 ea
1625 2465 1742 2500 coujunx
1756 2471 1765 2492 ι
1780 2466 1879 2494 Morel-

1097 2512 1159 2544 lius,
1175 2519 1298 2546 separata
1311 2510 1429 2538 fuerant.
1446 2510 1530 2537 Porro
1542 2511 1647 2546 vulgata
1668 2511 1712 2538 illa
1727 2512 1879 2546 Scythopo-

1099 2558 1174 2585 litani
1197 2558 1318 2589 Srholia,
1334 2556 1428 2583 eadem
1451 2557 1495 2583 illa
1512 2557 1568 2591 ipsa
1584 2561 1648 2584 sunt
1670 2564 1730 2590 qua:
1751 2557 1878 2592 Dionysio

1097 2604 1281 2630 Alexandrino
1301 2603 1334 2629 ab
1349 2602 1410 2629 aliis
1432 2607 1494 2630 sunt
1518 2602 1644 2630 attributa
1659 2611 1666 2630 :
1683 2603 1753 2636 quod
1769 2611 1802 2630 ex
1817 2612 1879 2631 sen-

1100 2650 1182 2677 tentia
1195 2658 1210 2677 a
1222 2649 1406 2684 Cyparissiota
1421 2656 1454 2676 ex
1469 2649 1587 2683 Dionysii
1605 2648 1722 2676 Scholiis
1733 2649 1814 2677 citata
1832 2658 1880 2685 pa~

1099 2700 1145 2727 tet,
1162 2703 1222 2730 qua
1239 2696 1265 2722 in
1284 2694 1400 2722 Scholiis
1415 2695 1474 2722 istis
1496 2695 1604 2720 totidem
1623 2693 1712 2720 verbis
1731 2696 1878 2729 reperitur.

1098 2742 1179 2768 Istam
1196 2749 1258 2768 vero
1270 2742 1431 2770 sententiam
1449 2739 1672 2776 Scythopolitani,
1699 2747 1752 2767 non
1769 2741 1807 2767 ⁵ίὰ
1815 2741 1879 2769 ximi

1097 2795 1168 2820 esse,
1183 2787 1266 2822 liquet
1282 2794 1314 2815 ex
1330 2786 1426 2815 Latina
1441 2786 1565 2814 versione
1576 2783 1751 2813 Scholiorum
1765 2786 1879 2822 Scytho-

301 2868 340 2904 (3)
363 2867 427 2896 Vide
451 2868 610 2905 l’atrologiw
639 2869 740 2897 Latina:
762 2874 827 2897 tom.
847 2868 964 2900 CXXIX,
993 2867 1043 2895 col.
1063 2868 1125 2896 757.
