1925 3070
90 141 125 168 05
770 136 1040 175 sacramentum,
1672 140 1707 169 ea

92 197 209 232 politani
223 205 238 224 a
256 197 374 226 Roberto
389 197 515 233 episcopo
527 198 707 226 Lincolniensi
720 198 836 228 iacta,et
850 206 876 225 In
891 207 912 233 Α
928 197 965 225 tio
980 197 1073 232 (verba
1087 200 1151 224 sunt
1161 196 1300 232 Loquieni)
1315 197 1348 224 ab
1365 196 1417 225 alio
1433 200 1543 225 auctore
1564 198 1649 226 indita
1666 200 1708 227 eis

94 243 261 271 bibliotheca
277 243 382 279 collegii
399 244 525 278 Corporis
540 244 640 272 Christi
655 244 725 279 apud
740 243 876 271 Oxouien-

94 297 140 317 ses
152 296 219 316 mss.
232 293 383 322 asservata,
400 289 427 317 in
443 298 493 324 qua
513 290 653 322 reperitur.
671 299 680 316 ι

130 335 209 362 Hunc
224 335 330 363 Usserii
346 336 433 363 locum
446 336 545 363 indicat
556 335 636 364 Joan.
647 336 775 364 Albertus
784 336 878 364 Fabri-

95 381 156 409 cius
172 382 198 408 in
211 381 375 409 Bibliotheca
390 380 492 414 Greca,
514 381 582 410 libro
599 390 625 416 v,
647 383 736 418 capite
750 383 777 415 t,
801 391 876 412 num.

94 427 123 458 6,
138 426 256 462 allegata
274 427 394 461 ejusdem
410 427 512 455 Usserii
530 427 719 455 Dissertatione
733 428 766 454 de
777 427 877 462 Diony-

95 473 134 500 sio
149 480 159 500 :
173 479 267 507 quam,
281 473 378 507 inquit,
401 473 435 501 Η.
453 473 619 501 Whartonus
633 474 718 501 edidit
731 474 764 500 ad
775 473 877 500 calcem

95 518 158 546 libri
173 518 212 546 De
223 518 361 551 scripturis
372 521 505 553 sacrisque
517 519 671 547 vernaculis.
682 520 769 547 Vitam
783 519 880 554 agebat

97 567 227 596 laudatus
245 567 392 601 Roberlus,
417 566 613 595 Liucolniensis
630 567 782 602 episcopus,
799 567 879 594 tertio

97 612 205 640 decimo
217 613 326 645 saeculo,
348 613 486 648 vitamque
507 612 682 640 commutavit
706 619 767 640 cum
794 616 880 638 morte

99 665 173 685 anno
187 659 267 692 1255,
283 660 353 694 apud
367 659 490 687 eumdem
504 658 656 686 Fabricium
673 658 699 685 iu
719 656 880 683 Bibliotheca

99 703 197 732 Latina
210 705 303 732 media:
315 711 338 733 et
350 706 448 740 iri/ima:
464 707 558 732 matis.
569 704 632 738 Quae
644 711 706 731 vero
719 703 819 730 invehit.
831 702 881 730 Us-

98 753 191 780 serius
205 752 239 780 de
256 751 468 787 Scythopolitani
487 750 603 779 Scholiis
620 750 748 785 Dionysio
763 749 880 777 Alexan-

99 799 182 826 drino
193 798 341 830 atlribulis,
358 798 444 833 deque
459 798 591 826 sententia
605 797 802 833 Cyparisslotte,
817 797 879 824 dili-

99 842 216 876 gentiori
228 849 291 869 cura
302 843 477 876 expendimus
489 850 536 870 nos
548 842 573 869 in
586 842 778 877 Dissertatione
788 846 878 870 nostra

98 895 172 922 saepe
187 888 281 919 citata,
293 888 382 921 capite
397 888 425 917 5.

136 934 210 960 Inter
221 934 292 961 edita
304 933 414 961 Scholia
430 938 494 961 sunt
509 933 595 968 aliqua
613 941 671 968 qua;
682 933 750 961 satis
763 933 878 968 produnt

98 981 250 1013 auétorem,
266 988 318 1007 non
336 979 493 1012 Maximum,
509 979 557 1007 sed
577 979 670 1011 alium,
686 979 778 1014 utique
797 978 880 1006 Joan-

98 1032 161 1052 nem
178 1025 440 1060 Scythopolitanum.
463 1025 577 1061 Egregie
605 1033 661 1053 rem
684 1025 811 1060 patefacit
831 1024 880 1052 Mi-

99 1071 180 1099 chael
203 1071 357 1107 Lequienus
384 1072 410 1098 in
432 1071 628 1099 Dissertatione
647 1071 879 1099 Damasceuican.

101 1127 110 1143 s
128 1116 256 1152 Inprimis
269 1124 298 1144 se
318 1124 349 1144 ea
363 1121 453 1149 actate,
468 1118 548 1152 inque
562 1124 592 1144 ea
609 1117 717 1152 regione
731 1117 831 1144 vixisse
841 1117 880 1144 si-

99 1163 222 1198 gniﬁcat,
238 1163 265 1190 in
279 1163 377 1198 quibus
387 1161 599 1197 Origenistarum
614 1163 724 1190 hazrcsis
735 1163 882 1190 invalesce-

100 1213 151 1236 ret.
167 1208 236 1236 Nam
252 1209 277 1236 in
289 1212 370 1243 caput
382 1208 397 1235 7
410 1207 448 1235 De
466 1208 640 1235 ecclesiastica
661 1208 818 1240 ltierarcltia,
848 1209 882 1236 ad

98 1262 130 1281 ea
146 1255 226 1282 verba
245 1261 327 1289 prope
345 1254 449 1281 initium
461 1254 520 1280 τῶν
533 1253 567 1280 δὲ
580 1253 714 1288 ἀνιέρων,
731 1263 740 1280 ‹
756 1253 880 1288 profano-

99 1308 159 1327 rum
171 1308 240 1332 vero,
255 1309 264 1325 ι
284 1300 423 1327 recensitis
434 1300 626 1327 vetustiOribus
641 1299 784 1332 ha-reticis,
794 1299 882 1327 Simo~

100 1353 136 1373 ne
150 1346 240 1381 Mago,
250 1345 407 1379 Menandro,
419 1346 570 1377 Valentino,
582 1345 716 1374 Marcione
728 1350 755 1373 et
765 1345 881 1379 Manete,

99 1392 135 1419 de
164 1390 332 1428 Origenianis
360 1393 498 1427 subjungit
517 1392 566 1419 καὶ
583 1392 642 1419 νῦν
654 1391 698 1425 δὲ,
715 1393 741 1419 οὶ
753 1392 811 1419 ἀπὸ
824 1391 883 1420 τῶν

105 1437 275 1473 Ὠριτένους
296 1440 508 1474 προερχόμενα
529 1440 641 1474 μύθων,
670 1449 679 1465 s
706 1445 729 1467 et
754 1448 823 1467 nunc
838 1441 883 1476 qui

99 1485 230 1518 prodeunt
257 1484 406 1519 fabularum
432 1485 551 1520 Origenis
569 1490 709 1512 sectatores
733 1494 742 1511 ι
769 1486 827 1518 vel,
854 1490 884 1514 ut

928 251 988 272 esse
1003 251 1056 271 non
1072 245 1169 278 potuit,
1186 249 1364 278 praeterquam
1384 251 1399 271 a
1416 243 1519 272 Joanne
1536 245 1708 280 Scythopoli-

928 297 1002 324 tano,
1018 291 1063 325 qui
1080 291 1162 318 variis
1177 290 1285 324 scriptis
1304 298 1318 316 a
1337 290 1434 317 Basilio
1447 290 1540 323 Ciliee,
1559 291 1707 318 Antioche-

929 345 969 364 ηαξ
993 337 1119 364 Ecclesiae
1143 337 1301 373 presbytero
1326 337 1480 366 lacessitus.
1505 337 1627 364 eumdem
1657 336 1708 364 Bs-

928 381 1016 409 silium
1035 387 1161 417 tanquam
1178 382 1393 410 versutissimum
1406 381 1571 408 Nestoriana:
1586 381 1709 415 impieta-

930 425 964 452 tis
976 430 1194 460 propagatorem,
1213 426 1400 453 antirrheticis
1410 425 1644 453 dissertationibus
1657 431 1710 452 tra-

930 471 1057 502 duxerat,
1075 471 1157 498 veluti
1174 476 1267 498 narrat
1284 471 1396 499 Photius
1408 472 1434 498 in
1451 471 1622 503 Bibliotheca,
1646 473 1710 500 cod.

930 524 980 544 XCV
995 521 1022 543 et
1036 524 1099 544 CVII.
1116 525 1128 542 ι

964 563 1053 590 Priori
1076 564 1102 590 in
1123 564 1216 591 codice
1240 563 1320 590 verba
1350 568 1414 591 sunt
1436 563 1526 590 Photii
1542 563 1655 591 :Lectus
1668 569 1707 590 est

931 607 1046 635 Joannes
1058 608 1236 644 Scythopolita
1244 610 1454 643 σχολαστικός,
1466 610 1652 644 scholasticus,
1660 610 1709 637 ad-

929 662 1016 681 versus
1032 653 1154 682 Ecclesia:
1167 656 1355 682 desertores....
1381 655 1489 689 Scripti,
1512 657 1539 683 in
1552 658 1621 690 quod
1643 655 1710 691 Scy-

929 701 1054 735 thopolita
1066 701 1201 728 scribit...
1220 701 1331 735 fortasse
1342 701 1458 728 Basilius
1469 701 1539 728 Cilix
1554 707 1592 729 est
1606 707 1708 731 auctor.

930 746 963 774 Et
975 746 1028 773 alio
1047 746 1073 772 in
1089 746 1180 774 codice
1200 755 1207 773 :
1227 746 1321 774 Lectus
1336 752 1373 774 ut
1391 748 1457 774 liber
1477 747 1583 780 Basilii,
1599 749 1707 784 presby-

931 793 978 819 teri
997 792 1096 824 Cilicis,
1111 793 1233 820 adversus
1245 792 1375 820 Joannem
1387 793 1602 828 Scythopolitam.
1623 795 1666 820 cui
1683 798 1708 821 et

931 839 1064 866 Causidici
1076 847 1179 871 nomen,
1187 839 1355 874 Δικόλοτον.
1368 839 1456 867 Unum
1467 847 1536 872 esse,
1547 844 1574 867 et
1584 841 1708 867 eumdem

895 877 914 903 Β
928 884 1059 912 Joannem
1070 884 1331 919 St-ytbopoiitauum,
1348 884 1410 910 licet
1428 884 1506 911 aliter
1516 889 1541 912 et
1555 885 1635 912 aliter
1661 892 1710 911 cn-

931 931 1335 965 gnomiuatum.Schalasticum
1363 935 1390 958 et
1420 930 1599 962 Causidicum,
1628 939 1709 965 grave

929 977 1032 1004 utilium
1051 981 1241 1012 argumentum
1256 977 1355 1009 obstat,
1368 977 1513 1011 quominus
1531 977 1707 1003 aﬂirmemus.

929 1021 958 1048 In
967 1021 1060 1048 codice
1075 1021 1156 1056 priori
1169 1021 1225 1048 haec
1240 1021 1389 1049 habentur:
1406 1021 1515 1054 Scripsit
1527 1021 1709 1056 (Scylhopolh

931 1068 1020 1096 Ianus)
1040 1071 1147 1102 rogatus
1176 1076 1192 1094 α
1218 1068 1367 1101 patriarcha
1387 1069 1511 1102 quodam,
1539 1068 1581 1094 cui
1600 1067 1710 1094 Iuliano

930 1120 1032 1140 nomn.
1049 1111 1077 1139 In
1096 1113 1187 1140 sedem
1201 1113 1392 1140 Antiochenam
1408 1113 1564 1140 censceudit
1577 1113 1711 1146 Julianus,

931 1164 990 1193 post
1011 1158 1120 1185 Petrum
1134 1159 1309 1193 Cuaphreum,
1326 1166 1396 1186 anno
1414 1159 1478 1190 471,
1496 1167 1610 1194 eamque
1626 1161 1711 1186 tenuit

931 1204 964 1230 ad
979 1211 1079 1231 annum
1092 1204 1154 1231 476.
1167 1203 1234 1231 Vide
1243 1204 1385 1231 Boschium
1403 1205 1440 1230 De
1450 1205 1610 1239 patriam/tis
1621 1205 1712 1230 Antio.

931 1250 1030 1282 chenis,
1046 1250 1116 1277 inter
1130 1250 1195 1276 Actu
1220 1254 1382 1281 sanctorum,
1409 1254 1480 1276 tomo
1502 1249 1533 1276 IV
1556 1249 1630 1277 Julii.
1655 1250 1713 1277 ΙΙου

932 1297 1024 1330 itaque
1040 1301 1159 1331 tempore
1181 1295 1262 1330 ctepit
1287 1296 1525 1330 Scythopolilanus
1554 1296 1579 1322 in
1601 1303 1712 1323 arenam

932 1343 1098 1370 descendere
1124 1343 1260 1370 adversum
1290 1341 1414 1369 Ecclesia:
1438 1343 1590 1374 desertores,
1619 1347 1648 1369 ut
1675 1341 1714 1368 ait

932 1389 1055 1422 Pltotius,
1068 1389 1119 1415 sive
1129 1393 1219 1415 contra
1232 1388 1365 1422 Eutychen
1375 1393 1397 1414 et
1408 1387 1573 1419 Dioscorum,
1581 1387 1714 1421 ejusdem-

931 1444 981 1470 que
999 1440 1074 1462 sectae
1095 1435 1218 1462 auectas.
1242 1434 1380 1461 Calamam
1397 1438 1490 1461 contra
1507 1433 1632 1460 Basilium
1646 1432 1713 1460 Cili-

933 1489 991 1509 cem
1016 1482 1105 1509 serius
1129 1481 1237 1508 videtur
1258 1481 1410 1508 strinxisse.
1437 1480 1464 1506 lu
1483 1480 1537 1506 alio
1559 1480 1652 1507 codice
1675 1479 1715 1506 ait

101 1530 257 1558 Lansselius
268 1532 358 1564 vertit,
370 1536 447 1567 atque
464 1532 541 1559 etiam
552 1540 620 1559 nunc
632 1532 663 1559 ab
676 1531 795 1567 Origenis
803 1533 882 1566 prad—
894 1546 918 1578 ο
934 1527 1047 1578 Photius
1063 1525 1198 1578 :‘Basili‘ua
1212 1524 1281 1578 Citii:
1296 1525 1501 1578 fuit.prettbyle‘r,
1526 1529 1555 1550 ut
1573 1524 1646 1578 de'se
1661 1523 1714 1556 ipss

99 1581 163 1603 eunt
181 1577 301 1612 fabulis).
321 1578 402 1612 Atqui
423 1579 509 1605 sancti
538 1577 645 1605 Maximi
665 1586 722 1606 sevo
744 1579 881 1608 exsoleve-

100 1628 164 1651 rant
179 1632 289 1658 prorsus
307 1624 478 1659 Origenislte,
493 1633 525 1652 ex
544 1633 597 1660 quo
616 1626 744 1661 Origenes
760 1634 821 1654 cum
842 1627 885 1654 Di-

100 1671 194 1706 dyme,
207 1670 322 1705 Evagrio
333 1671 448 1706 altisque
457 1672 551 1700 horum
563 1673 644 1700 sociis
655 1681 668 1700 a
679 1675 771 1709 quinta
783 1676 884 1710 synodo

101 1718 244 1752 proscripti
255 1717 360 1745 fuerant
375 1727 382 1744 :
399 1719 467 1746 adeo
476 1723 504 1745 ut
517 1719 613 1747 saeculo
623 1722 747 1755 septimo,
764 1730 818 1756 quo
831 1723 885 1750 Ma-

102 1764 194 1790 ximus
214 1762 336 1796 llorebat,
360 1764 429 1790 nuda
451 1771 544 1791 eorum
567 1770 720 1799 superesset
743 1767 883 1794 memoria.

99 1809 193 1839 Etate
208 1817 272 1837 vero
295 1810 406 1838 Joannis
426 1810 635 1846 Scythopolitani
660 1813 749 1846 (quem
779 1812 885 1840 labente

101 1857 203 1883 saeculo
220 1860 297 1884 sexto
309 1857 442 1889 ﬂoruisse,
466 1857 534 1885 infra
550 1858 714 1893 dicendum),
732 1866 825 1886 eorum
842 1865 886 1886 er-

102 1910 178 1930 rores
193 1910 239 1937 per
252 1903 415 1930 monasteria
430 1902 576 1931 Palaestina:
587 1905 788 1940 grassabantur,
800 1904 886 1932 Leon-

103 1949 141 1976 tio
153 1949 268 1982 quodam
284 1948 442 1984 Byzantina,
453 1950 565 1983 Joanne,
578 1951 680 1978 lsidoro
690 1956 717 1977 et
729 1950 824 1978 Nonuo
837 1959 885 1978 au-

101 1994 224 2022 ctoribus
244 2005 249 2021 :
263 1995 332 2022 unde
345 1996 510 2030 gravissima:
525 1997 618 2028 turba),
640 2004 672 2024 ac
696 1997 822 2024 tumultus
838 2004 886 2032 per

101 2048 162 2066 eam
177 2042 434 2075 omnem.regionem
450 2041 558 2069 excitati
572 2045 645 2069 sunt.
660 2050 668 2067 ι
685 2042 884 2075 Animadverte,

101 2084 212 2112 Scholia
231 2091 279 2112 sua
300 2085 371 2112 circa
391 2087 447 2113 hasc
461 2090 580 2121 tempora
599 2086 739 2120 scripsisse
755 2085 884 2114 Joannem

103 2131 370 2166 Scythopolitanum,
387 2137 478 2166 utpote
504 2133 549 2166 qui
575 2132 608 2159 tle
632 2131 793 2167 Origeuistis
819 2133 884 2167 agit,

102 2177 149 2211 qui
163 2184 232 2203 nunc
248 2177 375 2203 dicuntttr
389 2178 526 2211 prodiisse.
548 2177 679 2212 Tempora
701 2178 801 2205 certitts
817 2178 884 2205 infra

101 2222 255 2250 deﬁnienda
271 2227 343 2250 sunt.

137 2268 197 2295 Alia
210 2269 262 2295 duo
282 2273 346 2296 sunt
364 2268 466 2296 scholia
481 2277 541 2304 qua
557 2270 672 2304 produnt
687 2275 836 2298 auctorem.
855 2270 884 2298 In

100 2320 185 2349 caput
199 2315 215 2341 7
238 2314 275 2341 De
288 2315 384 2342 cwlesti
399 2315 556 2349 ltierarcltia,
572 2316 605 2343 ad
623 2323 654 2342 ea
670 2316 761 2348 verba,
776 2317 820 2349 εις
836 2317 885 2343 οὑ-

96 2361 221 2395 ρανούς,
239 2361 265 2387 in
276 2361 366 2392 δίεισι,
383 2366 444 2388 nota
461 2362 501 2387 sic
512 2361 768 2396 appingiturthota
789 2367 885 2389 contra

100 2407 254 2434 Basiliauos
269 2412 295 2434 et
309 2406 484 2434 Nestortauos
495 2406 587 2435 Jesum
598 2407 747 2440 Christum,
758 2408 784 2434 in
801 2408 885 2436 eteius

100 2457 280 2486 assumptum,
301 2454 450 2480 Secundum
467 2454 537 2488 quod
555 2453 634 2480 homo
650 2459 702 2486 est,
719 2460 778 2480 esse
793 2453 885 2481 Domi-

99 2507 166 2526 num
192 2498 399 2533 intelligibilium
427 2500 664 2531 omnium,etc....
697 2503 791 2526 contra
822 2506 885 2526 vero

99 2544 253 2579 Acephalos
268 2550 294 2572 et
308 2544 499 2579 Entychianos,
523 2545 593 2580 quod
612 2546 736 2580 quamvis
757 2544 886 2572 Dominus

100 2591 245 2623 virtutum,
262 2598 341 2617 venis
356 2596 382 2617 et
401 2590 560 2618 manifestus
575 2593 665 2618 homo.
682 2599 691 2616 ι
709 2590 774 2617 item
796 2590 822 2616 in
838 2597 885 2616 ca-

101 2639 148 2670 put
167 2635 182 2661 7
199 2635 238 2662 De
254 2635 429 2663 ecclesiastica
447 2637 608 2669 hierarcltia,
630 2636 663 2663 ad
679 2643 710 2663 ea
727 2636 819 2667 verba,
837 2635 887 2661 καὶ

100 2681 196 2716 ιεράν,
207 2688 231 2709 et
245 2691 360 2714 sacrant,
375 2683 431 2710 haec
444 2682 622 2716 subjiciuntur
636 2690 643 2710 :
659 2692 668 2708 t
686 2683 797 2710 Sacram
813 2683 888 2710 theo-

103 2731 202 2764 logiam
216 2730 283 2757 dicit
299 2738 306 2756 :
322 2729 361 2756 Tu
380 2738 406 2756 es
426 2729 547 2757 Christus
565 2729 654 2757 Filius
673 2729 721 2756 Dei
744 2730 801 2761 uiui,
815 2729 887 2764 quod

103 2776 252 2803 notandum
267 2781 308 2803 cst
326 2779 422 2803 contra
437 2775 595 2808 Basiliauos,
618 2780 646 2803 et
660 2775 844 2806 Nestoriauos,
860 2780 888 2802 et

102 2821 296 2855 Paulianistas,
312 2827 338 2849 et
351 2822 462 2849 similes.
485 2831 494 2848 ι
511 2822 613 2855 Quibus
628 2823 654 2849 in
673 2822 739 2849 locis
750 2820 888 2848 Nestoria-

101 2877 151 2897 uos
166 2869 243 2898 vides
266 2868 353 2897 dictos
374 2868 532 2897 Basiliauos.
556 2878 564 2895 I
583 2868 644 2897 llaec
659 2873 750 2897 autem
765 2867 886 2903 appella-

935 1573 1056 1608 aﬂirmat,
1068 1571 1234 1598 Amice/teme
1253 1569 1386 1601 Ecclesiw,
1403 1577 1456 1604 qtto
1471 1574 1583 1603 tempore
1593 1569 1714 1595 thronum

934 1619 970 1646 ibi
992 1618 1092 1644 tenebat
1117 1615 1274 1648 Flavianus,
1299 1615 1459 1650 Romanique
1490 1614 1590 1641 clauum
1612 1613 1716 1647 imperii

934 1664 1101 1691 Anastasius.
1115 1663 1259 1696 Imperium
1277 1662 1360 1687 tenuit
1371 1661 1420 1687 iste
1430 1662 1464 1687 ab
1478 1667 1548 1686 :utno
1560 1658 1608 1686 491
1623 1659 1655 1685 ad
1668 1666 1716 1685 an-

936 1717 998 1736 nutn
1011 1708 1074 1735 518.
1097 1707 1147 1740 Qui
1170 1714 1234 1733 vero
1249 1705 1393 1732 Flavianus
1412 1704 1511 1731 dicitur
1530 1703 1716 1730 Autiocheuul

934 1754 1102 1789 patriarcha,
1125 1752 1284 1787 intelligitur
1300 1751 1380 1785 hujus
1392 1750 1508 1777 nominis
1521 1749 1665 1780 seCundus,
1681 1748 1716 1775 ab

935 1809 1008 1829 anno
1028 1801 1138 1828 circiter
1151 1799 1204 1827 499
1218 1799 1251 1826 ad
1264 1806 1362 1825 annum
1375 1797 1437 1824 512.
1458 1796 1564 1831 Optime
1580 1795 1717 1823 cohzereut

935 1849 1036 1876 omnia.

969 1893 1012 1921 Ill.
1027 1893 1086 1920 Jam
1099 1900 1164 1927 ergo
1175 1891 1245 1918 inter
1258 1890 1330 1917 edita
1344 1890 1395 1917 sub
1411 1889 1490 1916 unius
1502 1888 1610 1915 Maximi
1630 1886 1717 1914 nomi-

938 1948 971 1968 ne
988 1939 1107 1972 Scholia,
1131 1938 1216 1965 locum
1238 1937 1337 1964 habent
1355 1936 1413 1963 sine
1429 1935 1508 1962 dubio
1528 1942 1587 1969 qum
1605 1934 1718 1968 scripsit

936 1990 1056 2017 Joannes
1073 1985 1321 2022 Scythopolitauus,
1338 1983 1448 2011 confusa
1460 1991 1520 2010 cum
1531 1983 1644 2010 eisdem.
1670 1981 1718 2008 Mi-

938 2043 988 2063 nus
1001 2039 1130 2062 accurata
1145 2033 1254 2068 profero
1270 2031 1350 2059 verba
1364 2030 1464 2057 Nicolai
1481 2029 1586 2056 Noun-ii
1601 2029 1659 2056 loco
1672 2036 1719 2056 su-

937 2081 1030 2117 perius
1045 2082 1141 2109 citato.
1162 2089 1171 2105 t
1187 2079 1214 2106 In
1227 2079 1319 2106 codice
1333 2076 1500 2106 Colbertino.
1515 2083 1595 2102 manu
1605 2079 1720 2102 exarato

936 2136 1023 2156 mense
1050 2127 1191 2155 Januario.
1217 2124 1284 2159 [cria
1306 2123 1427 2157 septimo,
1453 2121 1592 2148 indictione
1614 2121 1716 2156 quinta,

937 2183 1006 2202 anno
1024 2173 1115 2200 mundi
1126 2171 1205 2204 6500,
1226 2171 1251 2198 id
1267 2175 1308 2198 est
1325 2169 1425 2197 Christi
1442 2168 1504 2201 992,
1526 2168 1636 2202 adjectae
1654 2172 1719 2194 sunt

901 2221 925 2250 D
939 2221 1031 2248 Sancti
1046 2218 1154 2246 Maximi
1169 2223 1249 2249 notzc,
1262 2217 1296 2243 ab
1308 2215 1350 2243 his
1369 2223 1428 2250 quae
1450 2215 1477 2241 in
1490 2215 1571 2241 editis
1584 2219 1716 2248 prostant,

937 2267 1080 2303 plurimum
1094 2266 1314 2299 discrepantes...
1332 2263 1407 2291 Unde
1423 2267 1482 2289 orta
1503 2263 1538 2289 sit
1560 2262 1602 2288 illa
1617 2262 1719 2288 discre-

936 2313 1027 2347 pantia
1041 2313 1063 2339 si
1077 2319 1165 2346 roges.
1180 2312 1254 2338 disce
1266 2317 1298 2337 ex
1313 2308 1447 2336 Anastasii
1463 2307 1616 2334 testimonio
1628 2306 1719 2342 (supe-

937 2359 992 2385 rius
1003 2358 1106 2390 allato),
1122 2365 1175 2392 quo
1194 2364 1223 2383 se
1238 2355 1345 2383 Scholia
1373 2354 1403 2382 S.
1427 2353 1535 2380 Maximi
1558 2357 1584 2379 et
1605 2352 1719 2379 Joannis

937 2403 1150 2440 Scythopolitani
1175 2411 1190 2429 τι
1216 2409 1246 2429 se
1274 2401 1388 2428 invicem
1412 2398 1579 2430 distinxisse,
1594 2398 1718 2425 aliirmat.

938 2450 1008 2477 lliuc
1020 2449 1092 2476 enim
1106 2448 1228 2482 colliges,
1240 2455 1272 2475 ea
1287 2446 1473 2481 imperitorqu
1486 2444 1660 2471 librariorum
1678 2444 1721 2471 in-

937 2497 1024 2528 curia,
1041 2495 1161 2532 potuisse
1173 2494 1253 2521 facile
1277 2493 1303 2520 in
1319 2492 1413 2519 codice
1435 2490 1589 2518 Colbertino
1606 2490 1722 2524 aliisque

938 2543 1060 2578 pluribus
1078 2546 1243 2576 praepostera
1256 2538 1459 2574 perturbatione
1474 2537 1613 2564 confundi.
1629 2545 1640 2562 ι
1657 2536 1732 2568 Qui-.
1746 2547 1750 2551 ~

940 2590 991 2616 bus
1006 2589 1113 2616 videtur
1127 2587 1219 2615 verbis
1230 2591 1340 2621 putasse
1354 2583 1502 2616 Nourrius,
1515 2581 1724 2617 Scythopolitant

940 2635 1048 2663 Scholia
1061 2634 1134 2662 edita
1150 2633 1268 2661 nondum
1284 2638 1352 2664 esse,
1369 2637 1401 2657 ac
1420 2629 1507 2657 latere
1523 2629 1549 2656 in
1571 2627 1723 2656 codicibus.

940 2681 1056 2709 Fallitur
1070 2680 1188 2716 egregie.
1207 2679 1244 2706 uti
1260 2679 1359 2706 dictum
1376 2681 1432 2704 est.

975 2729 1129 2755 Admonere
1150 2731 1237 2753 tamen
1262 2725 1377 2759 pretium
1397 2727 1439 2750 est
1460 2730 1559 2756 operat,
1576 2722 1600 2748 in
1620 2720 1722 2747 Veneto

939 2775 1033 2803 codice
1047 2778 1140 2802 nostro
1154 2773 1298 2800 Marcianas
1312 2770 1483 2798 bibliotheca:
1491 2769 1584 2797 eadem
1601 2767 1721 2797 Scholia,

939 2828 1000 2855 qua:
1012 2820 1081 2855 typis
1099 2819 1171 2846 edita
1184 2822 1258 2850 sunt,
1273 2816 1394 2844 auctiora
1409 2820 1436 2842 et
1447 2814 1578 2849 ampliora
1592 2812 1720 2846 reperiri:

941 2873 1001 2902 qua:
1024 2866 1116 2900 utique
1132 2864 1315 2891 additamenta
1341 2861 1479 2896 praestabit
1506 2866 1574 2887 nova
1603 2864 1721 2892 praesens
