1925 3070
234 119 266 147 67
794 119 823 148 S.
843 118 1029 149 DIONYSIUS
1047 118 1277 148 AREOPAGITA.
1812 123 1850 152 68

232 178 325 205 editio.
351 175 470 204 Jacobus
490 176 632 205 Echardus
658 176 686 205 in
717 176 895 212 Scriptoribus
919 177 1010 204 ordini:

1069 176 1220 208 ἄλλως-τε.
1238 176 1265 203 In
1283 181 1364 210 caput
1383 175 1429 210 l5,
1452 177 1486 204 ad
1502 184 1595 205 vocem
1611 177 1782 212 ῥᾳστώνην,
1805 187 1852 207 εει

235 222 453 255 Pradicatorum,
471 227 544 250 tonio
556 221 587 255 ll,
603 223 636 250 ad
661 231 761 250 annum
786 223 865 256 1679,
883 223 909 250 in
926 222 1016 250 Fran-

231 269 300 295 risco
313 268 472 303 Combe/icio
487 270 608 302 adnotat,
623 271 710 297 virum
726 270 962 305 praeclarissimum
975 277 1019 298 re-

233 315 348 348 liquisse
378 315 453 349 prelo
480 321 604 350 paratum
632 321 734 343 tomum
748 316 779 343 lll
796 316 914 342 Auctarii
928 317 1016 343 novis-

231 361 290 387 simi
308 361 475 388 Bibliotheca.-
493 362 643 389 brwcorum
668 361 788 394 Patrum,
815 362 841 389 in
861 370 915 397 quo
928 362 1015 389 locum

231 407 370 434 habuisset
397 408 503 434 Scholia
530 409 556 434 in
581 408 734 442 Dionysium
756 409 959 442 Areopagi/ant..
984 416 1017 435 ea:

231 452 321 488 Regio,
341 452 569 488 Sandionysiano,
589 462 619 480 ac
639 453 738 487 duplici
761 453 900 480 Mazarino
919 455 1016 480 codici-

230 499 287 530 bus,
315 498 403 525 multis
430 505 508 524 aucta
536 504 559 525 et
578 498 724 526 emendata.
746 498 815 525 Sunt
838 506 934 533 nempe
949 499 1016 535 Scy-

231 545 392 580 thopolilani
410 545 528 576 Scholia,
550 552 608 579 qua:
623 549 712 571 tamen
735 546 767 571 ad
786 544 931 571 lliaxiututn
947 545 1016 572 rel'e-

230 593 306 620 rebat
320 593 361 619 vir
372 594 478 620 doctus.

264 638 373 665 Addere
399 638 461 665 licet
485 637 706 665 Commentarium
731 639 812 665 etiam
836 639 960 673 fusiorem
988 639 1015 665 in

229 687 353 717 quartum
374 682 491 717 Dionysii
509 683 671 717 Areopagum
689 683 726 709 sic
744 684 819 717 vulgo
841 685 906 711 dicti
919 685 1014 719 episto-

230 729 294 760 lam,
309 737 366 762 qua:
380 734 417 756 est
431 730 466 755 ad
479 728 573 756 Caium
588 737 598 762 ;
612 730 683 764 quod
698 737 766 764 opus
780 730 958 758 Combelisius
968 738 1015 758 vo-

230 782 276 803 cat
290 776 401 804 Maximi
413 779 553 812 genuinum
578 784 611 803 ex
634 777 729 805 codice
744 778 840 812 Regio,
856 778 933 814 idque
950 785 1013 804 nus-

229 830 308 857 quam
333 828 409 848 antea
428 822 495 856 typis
512 830 646 850 excusant.
670 823 722 850 Sed
744 823 807 850 illud
828 824 930 851 editum
944 823 1014 859 typis

1066 223 1157 249 cunda
1182 222 1316 256 expositio
1340 222 1463 255 allertur.
1490 231 1550 250 cum
1571 224 1672 257 ἄλλως
1697 226 1850 259 praemisso.

1067 267 1139 294 Idem
1163 272 1309 296 observare
1334 268 1398 296 licet
1422 269 1448 295 in
1476 273 1557 303 caput
1574 270 1592 296 2
1613 270 1651 296 De
1672 271 1850 298 ecclesiastica

1065 313 1234 345 hierarchia,
1252 314 1285 340 ad
1305 314 1348 340 illa
1371 314 1469 346 verba,
1495 314 1637 350 intelligere
1655 317 1743 343 animo
1759 321 1782 342 et
1801 325 1848 343 να·-

1065 361 1154 390 tione;
1166 364 1191 386 et
1204 359 1229 386 in
1247 365 1327 394 caput
1341 359 1410 391 5,ad
1428 367 1520 391 voces,
1533 361 1560 386 in
1572 361 1673 394 alteris,
1688 366 1714 388 et
1727 362 1760 389 ad
1777 362 1847 392 illas.

1065 406 1128 432 dicit
1140 405 1185 440 qui
1198 405 1267 432 lotus
1279 410 1335 437 est;
1348 411 1376 432 et.
1389 406 1416 432 in
1429 411 1509 440 caput
1519 405 1547 439 4,
1558 407 1590 433 ad
1603 408 1695 440 verba,
1708 412 1746 434 est
1757 409 1849 441 aliqua

1065 451 1184 482 celestis,
1207 456 1234 478 et
1249 451 1282 478 ad
1307 451 1383 484 illud,
1400 452 1589 486 inferioribus;
1603 458 1631 480 et
1645 454 1670 480 in
1685 458 1765 488 caput
1778 454 1797 481 2
1810 454 1849 482 De

1064 498 1161 524 divinis
1177 498 1340 530 nominibus,
1367 498 1400 525 ad
1415 498 1507 531 verba,
1524 507 1618 533 passus
1639 500 1744 532 divina;
1767 506 1795 528 et
1820 501 1847 528 in

1065 549 1145 577 caput
1158 544 1186 576 4,
1201 545 1234 570 ad
1250 551 1341 576 voces,
1354 544 1403 571 καὶ
1415 545 1609 580 ὑπερκόσμιον.

1101 590 1128 616 In
1150 595 1230 623 caput
1251 590 1278 621 5,
1293 590 1327 617 ad
1339 591 1433 623 verba,
1451 596 1536 624 etest,
1553 597 1577 618 et
1591 592 1658 623 erit,
1675 592 1762 627 prima
1781 592 1846 619 sub-

1062 633 1158 668 jicitur
1172 639 1252 667 nota;
1272 636 1325 662 alia
1340 636 1467 670 sequitur
1485 637 1582 664 deinde
1596 644 1657 664 cum
1680 637 1722 664 his
1742 637 1845 670 verbis,

1063 683 1104 712 et;
1115 680 1145 707 τὸ
1162 681 1288 709 αὐτόεθι
1310 681 1335 708 in
1355 687 1436 716 caput
1451 683 1477 714 7,
1500 683 1534 710 ad
1556 690 1652 714 voces.
1671 688 1695 710 et
1715 683 1847 718 imagines

1063 728 1204 764 quasdam.
1219 727 1281 755 Haac
1297 736 1362 756 vero
1378 729 1444 757 satis
1459 735 1540 757 sunt:
1555 738 1605 757 nec
1617 730 1690 757 enim
1706 730 1808 757 diutius
1818 731 1845 758 in

1065 774 1109 801 his
1133 774 1270 802 immorari
1287 774 1370 808 licet,
1384 782 1444 809 qua:
1464 776 1522 804 sola
1540 777 1663 803 codicum
1680 776 1847 811 inspectione

1065 819 1230 856 deprehendi
1243 823 1301 846 tuto
1314 824 1441 854 possunt.

230 867 327 895 Oxonii
344 867 408 894 1681
427 868 577 910 putaverim
589 875 638 903 ego
652 867 678 895 in
693 869 848 902 Appendiee
858 869 893 895 ad
901 868 1013 896 Joannis
1029 868 1050 895 B
1101 864 1134 892 ν.
1156 865 1197 892 Ad
1223 870 1362 893 auctorem
1377 866 1510 894 Joannem
1527 866 1780 902 Scythopolitannm
1790 869 1847 896 red-

229 913 302 941 Scoti
321 913 440 947 Erigenat
451 914 530 941 libros
544 914 658 949 quinque
680 914 717 941 De
740 915 869 942 divisione
891 920 1013 942 uatum:

229 959 272 986 ubi
289 963 377 986 exstat
389 958 483 987 Graece
499 964 526 987 et
542 959 650 993 Latine,
670 959 819 995 interprete
843 961 894 987 Th.
912 959 1013 993 Galazo,

226 1003 326 1041 Anglo.
349 1004 466 1038 Epistolis
493 1005 578 1039 prima
605 1006 636 1033 S.
650 1005 761 1033 Maximi
776 1007 810 1032 ad
824 1005 949 1033 Thomam
975 1007 1014 1033 vi-

226 1058 284 1077 rum
301 1055 421 1077 sanctum
441 1051 473 1077 de
490 1050 600 1078 diversis
613 1052 812 1086 quwsliam'bus,
841 1059 873 1079 ac
891 1056 1014 1086 prostant

227 1096 315 1130 capite
326 1095 342 1122 5
358 1096 473 1123 fusiores
483 1096 511 1122 in
524 1097 661 1130 epistolam
675 1102 796 1130 quartam
809 1098 844 1124 ad
859 1097 954 1124 Caium
963 1099 1013 1125 sub

226 1141 347 1176 ejusdem
367 1141 474 1168 Maximi
493 1142 602 1169 nomine
613 1141 818 1170 Commentarii.

262 1187 305 1214 IV.
327 1187 368 1214 An
385 1195 449 1216 vero
470 1187 579 1214 Maximi
597 1187 717 1222 Scholia,
733 1193 761 1217 et
778 1197 808 1216 ea
830 1196 890 1224 qum
903 1188 1014 1223 scripsit

226 1232 479 1267 Scythopolitanus,
493 1238 608 1268 utraque
624 1235 736 1262 confusa
754 1235 780 1261 in
800 1235 891 1266 editis,
913 1234 1012 1262 indicia

228 1280 340 1312 iuerint,
353 1288 412 1314 qua:
429 1281 590 1308 secernanti
617 1281 654 1307 Ea
668 1281 776 1315 quidem
793 1281 955 1308 Anastasius
968 1279 1012 1307 Bi-

226 1326 419 1354 bliothecarius
439 1326 648 1359 prudentissime
663 1327 695 1354 ab
711 1328 826 1354 invicem
840 1327 956 1354 discreta
970 1327 1012 1354 iu-

226 1377 392 1407 terpretatus
410 1377 462 1406 est,
488 1381 660 1408 qua-cunque,
686 1373 821 1407 inquiens,
845 1373 874 1400 in
885 1373 955 1400 calce
969 1373 1011 1400 sui

224 1419 328 1454 signum
341 1419 429 1446 civica:
443 1419 526 1445 crucis
540 1419 646 1451 habent,
662 1427 677 1445 a
689 1419 763 1445 beato
777 1418 893 1446 Maximo
909 1419 1012 1454 confes-

225 1474 284 1492 sore
301 1471 325 1492 et
349 1465 476 1492 monacho
500 1466 601 1493 inuenta
617 1472 772 1498 narrantur,
791 1471 884 1493 cwtera
904 1474 964 1493 vero
979 1464 1009 1493 S.

224 1511 349 1544 Joannis,
361 1511 570 1546 Scythopolitani
585 1512 712 1546 episcopi,
733 1520 788 1539 esse
801 1512 932 1547 feruntur.
954 1512 1009 1539 Ea-

226 1560 285 1586 dem
305 1566 411 1592 quoque
432 1565 484 1584 non
496 1558 618 1590 confusa,
637 1558 684 1585 sed
701 1559 826 1586 distincta
839 1562 914 1592 sunt,
927 1558 1010 1586 Usse-

230 1605 270 1631 rio
286 1605 445 1637 adnotaute,
463 1604 488 1630 in
509 1604 628 1638 antiquis
643 1604 792 1638 codicibus,
809 1610 836 1632 et
858 1605 886 1630 in
900 1610 1009 1639 utroque

225 1651 314 1677 codice
328 1659 378 1685 quo
394 1658 456 1676 usus
474 1655 510 1677 est
525 1649 661 1676 Morellius
675 1657 685 1682 ;
704 1651 730 1677 in
751 1658 862 1685 quorum
877 1651 960 1677 altera
976 1651 1011 1676 ad

225 1697 368 1731 marginem
385 1702 445 1722 sunt
459 1696 578 1730 appoaita
593 1695 706 1723 Joannis
722 1694 932 1731 Scythopolitani
955 1695 1010 1722 sine

226 1743 329 1768 nomine
341 1742 447 1769 Scholia
461 1749 471 1768 :
484 1743 511 1768 in
524 1741 607 1768 altero
621 1749 679 1768 vero
689 1742 809 1773 seorsim,
831 1745 888 1774 post
902 1740 1009 1768 absolu—

225 1793 280 1814 tum
294 1792 392 1814 textrini
403 1788 532 1823 integrant
550 1787 681 1823 Dionysii,
703 1787 814 1815 Maximi
828 1788 930 1814 nomine
943 1787 1009 1814 insi-

223 1834 296 1868 gnita
313 1832 429 1861 Scholia.

259 1878 299 1905 Ad
315 1879 388 1913 ipsas
401 1879 471 1914 quod
484 1879 581 1907 attinet
593 1879 737 1911 editiones,
752 1878 850 1906 indicia
863 1882 1010 1906 occurrunt

224 1926 417 1954 distinctionis.
436 1925 463 1953 lu
485 1926 642 1953 Morelliana
670 1926 733 1953 anni
757 1925 828 1952 1562
853 1925 894 1952 his
918 1924 1010 1952 verbis

224 1972 384 1999 inscribitur
401 1972 531 2007 Prologus
547 1981 555 1999 :
571 1971 721 2006 Πρόλογος
746 1971 799 1998 τοῦ
817 1970 903 2005 ἁγίου
916 1970 1009 2003 Μαξί-

223 2027 291 2052 μου,
324 2017 345 2053 ἢ
374 2018 450 2044 κατά
476 2026 573 2050 τινας,
606 2017 745 2044 Ἰωάννου
774 2016 827 2044 τοῦ
858 2018 1009 2044 Σκυθοπο-

222 2065 320 2096 λιτου,
338 2073 347 2090 ί
368 2063 496 2098 Prologus
510 2064 594 2091 sancti
605 2063 727 2094 Maximi,
745 2062 792 2095 uel,
804 2063 946 2090 secundum
958 2063 1009 2088 ali-

222 2119 298 2145 quos,
310 2109 422 2137 Joannis
439 2109 657 2145 Scythopolitani.
672 2117 682 2134 ι
692 2109 731 2136 Ad
744 2109 815 2136 hunc
827 2107 900 2136 omni
916 2107 1009 2142 procul

223 2157 304 2184 dubio
318 2156 457 2184 Scholinm
471 2157 589 2191 pertinet
602 2157 628 2183 in
644 2162 697 2191 quo
708 2155 868 2190 Origenista:
882 2155 1008 2181 dicuntur

1065 921 1098 941 eo
1109 933 1117 946 ,
1140 911 1174 938 de
1189 918 1242 946 quo
1253 912 1320 939 satis
1331 912 1450 940 nondum
1467 913 1615 940 innotescit
1629 933 1636 945 ,
1649 914 1710 947 quis
1728 913 1773 940 ille
1788 913 1846 940 fue-

1065 958 1102 982 rit
1115 966 1122 983 :
1137 964 1169 984 ac
1188 957 1317 993 ingerunt
1334 965 1400 985 sane
1424 957 1608 986 difﬁcultatem
1637 963 1691 986 tum
1707 959 1846 987 Anastasii

1066 1002 1124 1030 Bibl
1136 1003 1289 1037 othecarii,
1314 1009 1370 1031 tum
1396 1003 1485 1032 Photii
1505 1005 1630 1039 superius
1651 1005 1731 1032 allata
1750 1007 1844 1034 verba.

1063 1047 1195 1076 Joannem
1211 1048 1485 1084 Scythopolitannm,
1501 1051 1674 1079 Scholiorum
1693 1056 1844 1084 auctorem,

1064 1099 1143 1121 vocat
1155 1095 1307 1130 episcopum
1324 1096 1378 1129 ille;
1393 1097 1427 1125 de
1440 1097 1546 1126 Joanne
1556 1097 1781 1134 Scythopolitano
1791 1099 1846 1134 agit

1064 1140 1132 1173 iste,
1161 1149 1243 1176 quem
1276 1142 1355 1170 modo
1387 1143 1578 1171 Scholasticum
1606 1145 1736 1179 appellat,
1765 1146 1846 1173 modo

1063 1185 1245 1221 Causidicum,
1276 1189 1349 1215 nulla
1377 1189 1483 1225 ingesta
1507 1191 1672 1226 episcopalis
1701 1192 1845 1227 dignitatis

1063 1233 1211 1262 mentione.

1071 1275 1074 1278 ’
1100 1277 1281 1307 Nihilominus
1296 1278 1409 1308 Photius
1426 1281 1484 1315 ipse
1495 1281 1625 1310 Joannem
1637 1281 1843 1318 Scythopolita-

1063 1331 1127 1350 nunt
1141 1329 1274 1351 memorat
1291 1327 1438 1353 antistitem
1451 1328 1548 1355 codice
1561 1335 1688 1358 ccxxsvt.
1704 1329 1748 1356 ubi
1763 1329 1845 1357 refert

1062 1369 1216 1404 synodicam
1228 1371 1367 1405 epistolam
1379 1371 1523 1406 Sophronii
1532 1373 1744 1408 llierosolymita:
1768 1377 1846 1410 (cou-

1064 1421 1103 1442 tra
1118 1415 1322 1452 Monothelitas,
1345 1425 1416 1445 anno
1429 1419 1481 1447 655
1497 1421 1650 1456 scriptam),
1668 1422 1694 1448 in
1717 1429 1769 1456 qua
1786 1429 1843 1450 me—

1063 1465 1185 1488 moratur
1209 1461 1300 1489 beatus
1325 1462 1443 1490 Joannes
1461 1465 1571 1492 antistes
1595 1465 1843 1502 Scythopolitanus,

1060 1507 1108 1540 qui
1119 1508 1192 1534 docet
1205 1513 1228 1534 et
1240 1509 1282 1542 pie
1293 1509 1325 1535 de
1337 1510 1437 1544 synodo
1449 1510 1658 1539 Chalcedonensi
1672 1503 1788 1547 scripsit.

1096 1552 1155 1585 Quo
1175 1560 1237 1581 vero
1254 1555 1277 1582 is
1299 1555 1421 1583 lloruerit
1446 1557 1585 1592 tempore?
1605 1558 1679 1586 lnter
1702 1560 1846 1594 episcopos

1063 1598 1303 1635 Scythopolitanos
1328 1602 1355 1629 in
1382 1603 1569 1638 patriarchatu
1605 1603 1843 1640 Jeroaolymitano.

1060 1644 1190 1672 Joannem
1217 1647 1394 1680 probabiliter
1421 1649 1492 1676 circa
1518 1657 1617 1677 annum
1643 1650 1696 1677 496
1730 1651 1844 1678 collocat

1061 1689 1214 1725 Lequienus
1229 1691 1255 1719 in
1273 1692 1381 1720 Oriente
1407 1693 1570 1726 Christiano.
1597 1700 1661 1723 tom.
1681 1695 1722 1722 lll.
1738 1696 1790 1723 lies
1806 1696 1842 1723 ita

1061 1744 1091 1763 se
1107 1737 1204 1764 haheat
1218 1746 1225 1764 :
1250 1737 1362 1766 dubium
1380 1744 1471 1767 manet
1485 1740 1585 1772 adhuc,
1600 1749 1662 1768 ntun
1679 1741 1702 1768 is
1714 1741 1840 1769 confece-

1061 1781 1098 1808 rit
1113 1782 1224 1809 Scholia
1238 1783 1264 1810 in
1282 1783 1439 1813 Maximum.
1466 1784 1550 1813 Favet
1571 1793 1605 1820 cp
1617 1786 1733 1821 scopalis
1756 1787 1844 1823 digni-

1063 1832 1115 1862 tas,
1142 1829 1265 1863 ipsorum
1282 1832 1386 1859 auctori
1405 1832 1506 1859 tributa
1527 1832 1561 1859 ab
1575 1833 1719 1860 Anastasio
1741 1833 1842 1861 Biblio-

1062 1875 1198 1902 thecario:
1209 1881 1237 1902 at
1249 1882 1364 1911 sumpta:
1373 1885 1406 1904 ex
1417 1877 1513 1905 Photio
1526 1877 1693 1906 dillicultates
1705 1880 1841 1913 negotium

1062 1921 1191 1956 ingerunt
1213 1922 1284 1950 haud
1309 1924 1345 1950 ita
1374 1923 1442 1951 leve.
1471 1923 1609 1952 Laudatus
1633 1924 1788 1959 Lequienus
1814 1925 1841 1952 in

1061 1966 1259 1994 Dissertationc
1286 1967 1482 1995 Damascenica
1517 1976 1535 1995 lt
1565 1970 1685 1996 tribuere
1714 1969 1841 2004 przedicta

1061 2012 1170 2040 Scholia
1191 2013 1297 2040 videtur
1309 2013 1407 2043 Joauni
1424 2014 1658 2050 Scythopolitano,
1675 2014 1805 2043 lacessito
1825 2023 1840 2043 a

1059 2059 1159 2086 Basilio
1177 2058 1273 2092 Cilice,
1303 2064 1330 2087 et
1353 2060 1439 2094 ipsum
1467 2061 1578 2095 scriptis
1593 2062 1650 2089 suis
1671 2062 1814 2089 lacessenti
1831 2070 1839 2089 τ

1060 2105 1106 2132 sed
1133 2105 1205 2132 hunc
1221 2113 1236 2132 a
1252 2105 1356 2133 Joanne
1378 2106 1577 2142 Scythopoleos
1601 2107 1728 2142 episcopo
1748 2107 1843 2135 distin-

1060 2151 1117 2185 guit
1133 2151 1158 2178 in
1175 2151 1283 2178 Oriente
1308 2151 1471 2181 Christiano.
1488 2152 1587 2184 Quidni
1611 2153 1775 2180 Anastasius
1793 2153 1840 2180 Bi-

223 2210 292 2228 nuuc
306 2202 449 2237 prodiisse.
469 2203 494 2228 in
511 2201 652 2229 Palaestina
665 2201 779 2228 scilicet.
799 2199 926 2234 Ejusdem
946 2202 1009 2226 sunt
1026 2211 1048 2240 Β
1062 2196 1256 2224 hliothecarius
1267 2201 1294 2223 et
1309 2197 1422 2224 Photius
1435 2197 1575 2224 conciliari
1600 2201 1709 2231 queant,
1726 2197 1749 2225 si
1765 2198 1842 2225 dixe-

223 2248 337 2281 scholia,
351 2248 430 2283 queis
445 2247 598 2275 Nestoriani
612 2247 783 2282 appellantur
796 2245 936 2273 Basiliani.
951 2244 1006 2272 Ad-

223 2298 301 2321 uolat
324 2293 460 2324 Usserius.
481 2293 589 2320 Maximi
607 2293 717 2320 Scholia
744 2292 860 2319 breviora
883 2299 954 2325 esse,
977 2295 1006 2318 et

223 2340 351 2375 ampliora
375 2347 435 2374 qua:
462 2341 572 2375 scripsit
600 2340 847 2375 Scythopolitauus.
870 2338 946 2372 Quod
968 2339 1005 2365 ita

224 2385 408 2420 intelligimus.
422 2391 450 2412 ut
465 2386 546 2413 etiam
563 2385 727 2421 longiuscula
742 2385 865 2420 quanlam
880 2384 1004 2412 confece-

224 2432 260 2458 rit
275 2432 416 2465 Maximus,
432 2438 460 2459 ει.
474 2440 526 2460 non
540 2432 626 2460 solum
643 2433 785 2464 breviora;
809 2433 855 2459 sed
871 2435 899 2459 et
913 2431 1003 2459 brevia

221 2484 389 2513 quaecunque
403 2479 543 2514 scripserit
556 2478 803 2514 Scythopolitauus,
814 2482 842 2506 et
850 2486 902 2514 non
915 2478 1003 2506 solum

223 2523 378 2559 prolixiora.

257 2569 286 2597 In
303 2570 397 2598 eadem
412 2571 494 2598 verba
506 2572 685 2607 eamdemque
701 2571 824 2600 auctoris
838 2571 1002 2600 sententiam

222 2621 370 2643 occurrunt
392 2624 445 2644 non
461 2624 525 2644 raro
543 2617 606 2644 bina
626 2618 729 2645 scholia
742 2639 749 2651 ,
766 2618 881 2645 alterunt
899 2617 1004 2645 scilicet

223 2659 344 2694 Maximi,
353 2660 570 2696 Scythopolitani
584 2662 761 2695 alterum.his
770 2663 860 2691 verbis
872 2664 1002 2698 discreta,

222 2707 336 2739 ἄλλως,
353 2712 380 2733 et
392 2707 436 2739 εἰς
448 2706 532 2734 αὑτό.
557 2707 690 2735 Nonnulla
707 2706 799 2742 accipe
815 2709 951 2743 exempla.
975 2708 1003 2734 ln

222 2757 303 2786 caput
316 2752 347 2779 l0
365 2752 402 2779 De
418 2753 514 2779 ctzlesti
527 2753 676 2781 hierarchia
689 2776 696 2788 ,
714 2755 747 2781 ad
763 2754 808 2781 illa
824 2754 917 2784 verba.
932 2762 1003 2788 κρυ-

220 2797 346 2832 φιώτερα
353 2797 422 2832 μέν,
440 2807 450 2824 ι
462 2799 599 2825 occultiori
610 2801 725 2835 quidem,
739 2809 749 2826 ι
771 2805 831 2835 post
845 2800 1001 2835 longiuscu-

222 2841 275 2867 lam
287 2841 506 2875 adnotationem,
519 2843 628 2870 additur
640 2844 692 2872 alia
707 2846 848 2879 praemisso
859 2844 1001 2872 adverbio.

1059 2242 1156 2273 rimus,
1181 2242 1313 2269 Joannem
1329 2241 1599 2278 Scythopolitauutn.
1615 2247 1693 2269 antea
1706 2243 1842 2271 scholasti-

1058 2296 1117 2314 cum
1131 2292 1160 2314 et
1181 2289 1342 2315 causidicum
1356 2308 1363 2319 .
1381 2290 1467 2316 virutn
1483 2288 1666 2315 clarissimum
1687 2289 1722 2316 ob
1737 2291 1837 2325 scripta

1058 2333 1085 2360 in
1101 2334 1258 2362 desertores
1274 2334 1413 2369 Ecclesiae,
1426 2340 1454 2362 et
1468 2335 1494 2362 in
1511 2335 1640 2363 Basilium
1657 2335 1769 2366 Cilicem
1781 2337 1839 2365 elu-

1057 2380 1183 2412 cubrata,
1200 2380 1300 2408 infulas
1313 2385 1407 2415 postea
1416 2381 1565 2409 obtinuisse
1578 2380 1705 2409 Ecclesia:
1722 2382 1838 2418 Scytho-

1056 2427 1198 2462 politanaz?
1216 2427 1351 2462 Tempora
1365 2430 1540 2456 conveniunt.
1554 2428 1686 2456 Joannem
1699 2438 1754 2458 sua:
1769 2438 1838 2465 pra:-

1057 2473 1140 2501 l'uisse
1164 2474 1292 2502 Ecclesia:
1319 2475 1352 2502 ad
1381 2483 1483 2502 annuttt
1511 2475 1623 2503 circiter
1647 2476 1700 2504 5l8
1726 2477 1838 2504 adnotat

1056 2519 1230 2554 Lequienus,
1261 2528 1315 2554 quo
1341 2521 1533 2548 moderandam
1569 2526 1754 2557 assumpserat
1776 2530 1836 2549 eam

1056 2565 1241 2599 Theodosius,
1257 2566 1379 2602 epistola:
1393 2568 1539 2602 synodicae,
1554 2577 1636 2603 quam
1659 2568 1778 2596 Joannes
1793 2568 1834 2596 Je-

1056 2612 1265 2647 rosolymitanus
1284 2618 1380 2640 contra
1394 2612 1525 2641 Severum
1539 2613 1735 2642 Antiochenam
1751 2614 1836 2648 dedit,

1054 2659 1225 2694 subscriptus
1239 2667 1310 2686 anno
1321 2659 1374 2687 5i8
1390 2668 1397 2686 :
1414 2659 1572 2693 Θεοδόσιος
1594 2660 1759 2693 ἐπίσκοπος
1782 2660 1836 2695 τῆς

1054 2705 1291 2733 Σκυθοπολιτῶν.
1324 2705 1401 2733 llunc
1425 2713 1490 2733 vero
1507 2704 1550 2733 ~ad
1571 2714 1670 2733 annum
1693 2707 1837 2741 pervenire

1055 2751 1114 2779 sine
1127 2751 1210 2778 dubio
1224 2753 1312 2786 potuit
1327 2751 1446 2779 Joannes
1463 2752 1704 2787 Scythopolitanus
1729 2754 1837 2780 Schola-

1054 2798 1139 2824 SLicus
1153 2801 1200 2824 aut
1212 2797 1376 2832 causidicus,
1390 2798 1434 2832 qui
1449 2798 1504 2832 jam
1520 2805 1592 2824 anno
1605 2798 1654 2825 471
1668 2799 1777 2827 circiter
1791 2806 1837 2827 ro-

1055 2851 1134 2882 gatus
1155 2852 1171 2872 a
1196 2843 1305 2873 Juliano
1332 2845 1489 2880 patriarcha
1505 2844 1675 2873 Antiocheno
1698 2846 1836 2874 calamum
