1925 3070
53 120 89 146 69

52 225 122 251 lium
136 223 255 251 Cilicem
270 229 361 259 postea
375 226 515 253 insecutus
528 230 580 253 est.

90 271 265 306 Dignissima
279 275 320 298 est
336 271 576 299 animadversione
587 272 638 299 alia
653 272 847 307 chronologica

53 322 132 349 nota,
149 325 237 351 quam
252 318 332 345 oll'ert
347 318 486 345 adnotatio
498 318 622 353 superius
633 318 713 345 allita
730 327 803 346 num.
819 319 848 350 2.

54 364 80 390 in
99 371 166 398 cap.
191 364 218 398 7,
234 364 272 391 De
283 359 457 391 ecclesiastica
472 365 633 398 hierarchia,
646 365 690 393 ubi
707 374 775 392 nunc
786 375 847 400 pro-

55 410 135 436 diisse
148 410 282 437 dicuntur
298 411 448 445 fabularum
465 411 587 446 Origem'c
599 417 740 439 sectatores
751 412 778 438 in
796 412 848 438 Pa-

57 455 176 483 laestina.
196 456 299 490 Nempe
321 457 411 491 magni
434 462 522 484 motus
536 458 562 484 in
578 459 749 485 monasteriis
764 459 848 486 Palae-

55 502 134 529 stinte
152 510 230 529 anno
249 503 298 530 55!
325 510 376 538 pro
398 503 570 538 dogmatibus
595 504 722 539 Origenis
742 505 845 532 exciti:

56 550 101 575 sed
114 548 174 583 jam
191 552 274 576 antea
289 549 410 584 inempti,
438 550 535 577 Nouno
551 551 684 578 monacho
696 551 845 584 incentore,

55 594 99 629 qui
116 599 268 629 propterea
280 600 341 622 ante
354 604 453 623 annum
475 596 526 623 5l8
546 596 650 632 ejectus
671 599 845 632 monasterio,

56 646 84 669 ut
110 643 216 670 iterum
247 642 456 675 restitueretur,
487 643 542 678 egit
571 645 661 671 eodem
690 653 760 672 anno
785 653 845 673 cum

55 688 173 720 Joanne,
195 689 241 723 qui
257 689 320 716 Eli:e
344 689 505 723 patriarcha:
521 690 750 726 Jerosolymitano
764 691 846 719 sull'e.

54 740 114 763 ctus
131 735 238 762 fuerat.
259 735 321 764 Haec
338 736 432 764 latiore
446 745 572 764 sermone
587 742 699 765 narrant
720 738 846 766 Norisius

56 780 92 807 De
103 782 209 815 eynodo
222 781 324 816 quinta,
335 782 425 816 capite
434 782 446 809 Ι
455 802 462 814 ,
471 787 499 810 et
511 781 611 818 Pagius
623 783 655 810 ad
668 791 767 811 antnun
780 784 844 815 552,

54 835 129 854 num.
147 828 176 856 5.
194 827 251 855 Hoc
265 828 348 863 igitur
362 833 482 863 tempore
513 829 654 857 verissime
671 829 843 857 Scholiorum

733 120 917 149 PROLEGOM
920 121 997 151 ENA.

53 178 217 206 strinxerat
229 178 372 206 adversum
396 178 527 206 Ecclesia:
543 179 716 211 desertores.
733 186 765 207 ac
779 179 855 207 Basi-

1653 130 1685 158 70

1197 183 1258 211 CAl'
1265 185 1312 213 UT
1338 185 1380 214 IV.

901 236 1041 279 Edilontm
1057 239 1365 279 Schalioraninonnulla
1373 243 1505 272 Germano
1519 247 1682 279 patriarcha'

934 274 1024 300 tribuit
1048 276 1130 302 codex
1144 285 1193 303 me.
1217 276 1318 304 Veneta:
1339 278 1485 307 Marciam
1499 274 1660 309 bibliothecm
1672 293 1683 311 :

933 317 991 343 qua:
1013 312 1102 352 omnia
1114 312 1291 352 indicaner
1310 313 1578 352 Artintadt'ersioucs’:
1594 319 1684 352 conje-

935 346 1065 384 c‘lurtede
1082 345 1211 384 Germano
1221 348 1373 380 patriarcha
1383 350 1479 376 invecto
1495 360 1541 384 pro
1552 345 1680 380 Matinio.

935 379 1000 422 Quis
1021 380 1066 407 ille
1091 381 1338 422 [ueri/“(ieiunantis
1363 379 1524 422 patriarcha.
1547 388 1606 413 Alia
1624 379 1682 422 ante

934 414 1056 457 ferantnr
1070 418 1140 457 apud
1162 414 1404 451 bibliographos'm
1423 420 1494 454 Opus
1515 414 1667 457 Areopag'ili

932 457 990 476 cum
1007 451 1123 483 Scholia,
1140 460 1314 480 recensentur.

862 213 886 241 A

933 506 953 535 Ι,
982 507 1181 537 Nitidissimum
1209 511 1282 538 inter
1302 512 1385 541 alios.
1410 513 1436 540 in
1465 514 1565 547 quibus
1592 515 1680 550 Opera

898 552 1105 588 Areopagitica.
1144 560 1170 582 et
1209 556 1318 584 Scholia
1348 563 1412 585 cont
1425 565 1541 592 nentur,
1573 561 1681 589 Veneta:

898 596 926 623 S.
944 596 1026 625 Marci
1050 599 1221 629 bibliothecae
1242 603 1348 629 rodices
1365 612 1445 631 manu
1469 611 1597 634 exaratos
1620 615 1680 634 cum

896 643 947 670 viri
976 645 1084 678 quidam
1119 648 1277 680 peritissimi
1306 653 1509 684 expenderent,
1542 661 1680 681 versarent

895 690 977 716 etiam
994 698 1055 726 ego,
1072 700 1084 719 s
1098 692 1211 726 ngulare
1223 695 1362 729 quidpiam
1379 697 1521 724 addiscere
1541 699 1633 726 statim
1645 707 1679 727 ex

895 743 928 763 eo
943 737 1027 771 licuit,
1045 738 1116 766 inter
1131 739 1240 767 Scholia
1262 749 1360 774 nempe
1384 743 1410 769 in
1425 743 1513 778 Opera
1532 746 1681 780 Areopagi-

897 781 947 809 tica
965 784 1077 818 reperiri
1096 786 1224 813 nonnulla
1238 807 1246 820 ,
1269 795 1329 821 qua:
1355 789 1464 816 cuidam
1479 790 1615 818 Germano
1633 799 1679 826 pa-

896 829 1021 856 triarcha:
1045 831 1244 860 attribuuntur.
1275 833 1397 862 Primum
1419 836 1446 862 in
1469 836 1563 863 cortice
1589 837 1679 864 locum

55 879 150 901 auctor
176 875 310 902 adnotare
333 875 437 909 μοιιιίι,
450 883 520 902 nunc
543 877 672 910 ρτοάίίεκ
687 877 840 912 fabularum
858 885 878 912 η
895 878 968 901 Ienet
980 875 1048 902 llbel‘
1059 875 1097 903 De
1111 877 1205 904 divinis
1226 879 1384 912 nominibus,
1409 882 1617 917 marginemque
1632 891 1681 910 Cli-

55 918 180 955 Origenis
205 926 367 949 sectator":
382 922 455 956 quod
477 922 570 957 utique
592 927 697 957 tempus
724 924 842 951 maxime

55 967 183 993 conv-nit
197 965 308 1000 Joanni,
321 969 431 1003 egregio
446 969 574 1004 scriptori
592 975 690 997 contra
711 969 841 997 Basilium

54 1009 174 1043 Cilicem,
193 1016 222 1039 et
238 1012 367 1041 Ecclesia:
387 1014 553 1047 desertores,
570 1023 602 1043 ac
618 1015 842 1052 Scythopolitauo

56 1058 195 1093 episcopo.
213 1058 252 1086 De
265 1059 319 1087 lato
337 1060 363 1086 in
380 1059 524 1095 Origeuem
538 1070 570 1089 ac
585 1070 670 1090 novos
688 1063 840 1092 fabularum

55 1104 111 1137 eius
135 1109 343 1133 consectatores
365 1107 541 1134 anathemate
555 1108 581 1135 in
596 1110 699 1143 synodo
721 1112 838 1145 quadam

56 1149 359 1185 Constantiuopolitana
373 1151 423 1178 sub
438 1151 533 1179 Mcnua
544 1172 551 1183 ,
569 1154 644 1180 urbis
657 1154 737 1189 regite
753 1157 840 1190 patri-

56 1197 135 1223 archa
145 1217 153 1230 ,
168 1197 242 1225 inter
257 1205 358 1224 annum
379 1197 431 1226 538
443 1203 471 1225 et
486 1206 587 1226 annum
602 1200 664 1233 544,
679 1207 742 1229 ante
758 1209 841 1236 syno-

56 1244 117 1270 dum
130 1244 257 1278 quintam
281 1245 490 1277 (ecutnenicam,
508 1245 725 1275 luculentissime
745 1253 839 1275 contra

56 1289 164 1325 Pagium
190 1291 315 1325 aliosque
351 1291 463 1319 disserit
491 1291 647 1327 Lequienus
675 1293 702 1321 in
733 1293 839 1322 Oriente

57 1336 222 1370 Christiano,
236 1343 309 1366 tomo
321 1337 351 1365 Ill
362 1358 370 1370 ,
384 1339 411 1366 in
427 1339 572 1366 Eustochio
583 1341 739 1374 patriarcha
763 1340 840 1369 Jeroc

56 1384 229 1420 aolymitano.

88 1430 242 1459 Theodosio
267 1431 520 1468 Scylhopolitanam
545 1433 693 1461 Ecclesiam
716 1440 838 1470 regente,

56 1480 110 1502 erat
133 1477 245 1511 quidam
261 1477 412 1513 Scythopoli
435 1479 608 1507 scholasticus
623 1480 753 1514 Joannes,
782 1480 838 1507 Er

57 1522 172 1555 pellentaa
206 1523 293 1558 ﬁlim,
318 1529 346 1551 ut
366 1525 480 1559 legimus
503 1527 530 1553 in
553 1526 611 1553 Vita
633 1528 718 1554 sancti
748 1527 836 1560 Salue,

56 1570 121 1602 apud
136 1569 313 1603 Cotelerium,
334 1571 360 1597 in
375 1570 555 1599 Monumentis
578 1572 705 1600 Ecclesia:
726 1571 835 1607 (ἔνατα,

58 1616 95 1641 vir
108 1615 189 1643 bonus
204 1621 230 1643 et
244 1617 333 1643 animo
347 1617 524 1646 illuminatus.
555 1619 663 1654 Anceps
677 1619 762 1646 lueret
784 1619 836 1647 Le-

55 1659 167 1693 quienus
182 1669 216 1688 an
232 1662 285 1689 iste
306 1663 483 1691 scholasticus
500 1665 618 1692 Joannes
640 1665 837 1701 Scythopolita-

57 1713 120 1740 nne,
144 1707 309 1742 Expellantur
340 1709 430 1744 ﬁlius,
460 1711 513 1738 dici
539 1711 608 1739 idem
641 1712 738 1740 debeat
773 1721 835 1741 cum

55 1752 154 1781 Joanne
177 1753 398 1789 Scythopolitano
417 1757 591 1789 scholastica,
614 1765 694 1793 quem
722 1759 836 1787 Photius

57 1807 183 1829 memerat
209 1802 306 1830 codice
328 1810 389 1830 xcv.
420 1803 568 1832 Distinctos
586 1806 681 1833 ambos
706 1807 836 1834 evincunt

56 1846 156 1874 divetsa
181 1848 325 1883 utriusque
352 1854 494 1883 tempora,
520 1857 552 1878 ac
568 1850 676 1878 diversa
694 1851 835 1888 utriusque

56 1894 149 1926 studia,
166 1895 279 1922 alterius
303 1896 352 1922 uiri
373 1896 434 1923 boni
450 1901 474 1923 et
487 1897 577 1924 animo
598 1897 752 1929 illuminati.
769 1899 835 1926 alte-

58 1940 162 1974 riusque
176 1941 202 1968 in
220 1941 466 1976 disceptationibus
479 1943 603 1971 innutriti
620 1945 763 1972 adversum
786 1945 835 1974 he-

59 1988 196 2016 terodoxos
209 1997 216 2015 :
233 1994 264 2016 ut
276 1990 332 2024 jam
347 1995 455 2017 constet
469 1990 567 2018 iterum
578 2011 586 2023 ,
607 1990 739 2019 Joannem
765 1995 833 2028 Scy-

58 2034 246 2070 thopolitanum
268 2036 373 2071 Photii,
388 2037 583 2066 scholasticam
602 2044 629 2066 et
652 2039 809 2067 causidicu"
824 2060 832 2072 ,

59 2089 133 2110 unum
145 2091 213 2117 esse,
230 2090 258 2112 et
272 2093 355 2112 unum
367 2086 419 2113 dici
434 2093 514 2120 po~se
528 2094 588 2113 cum
602 2085 707 2114 Joanne
717 2086 831 2113 Anasta-

58 2130 87 2156 sii
103 2130 306 2160 Bibliothecarii
320 2153 328 2165 ,
350 2134 480 2168 episcopo
496 2134 730 2169 Scythopolitano,
747 2133 833 2161 Sch0<

59 2175 147 2205 liorum
162 2178 188 2205 in
202 2179 392 2214 Areopagitica
414 2179 501 2214 Opera
527 2181 669 2215 scriptore.
695 2180 723 2207 In
748 2181 829 2208 aliam

59 2222 126 2250 abire
139 2211 327 2261 conjecturam
340 2226 443 2261 placuit
457 2227 523 2254 mihi
542 2227 568 2254 in
581 2226 775 2254 Dissertatione
791 2227 829 2254 ci—
843 2219 869 2250 Ι)
884 2256 907 2261 __
917 2212 952 2261 “ﬁ
977 2211 985 2238 l

59 2273 120 2303 tata,
134 2272 221 2307 capite
234 2273 272 2306 4,
297 2281 372 2300 num.
388 2273 406 2300 2
418 2294 426 2305 ,
451 2274 494 2301 cui
513 2274 580 2301 satis
596 2273 712 2301 fortasse
724 2281 755 2300 ea
771 2274 828 2301 lieri

57 2322 139 2349 potest
154 2320 270 2351 ratione,
286 2327 339 2354 qua
364 2321 539 2348 concordiam
566 2320 685 2348 Photius
703 2321 784 2353 inter,
801 2326 829 2348 et

58 2362 219 2392 Anastasium
244 2365 487 2393 Bibliothecarium
513 2365 578 2393 iniri
599 2373 680 2401 pos>e
697 2366 830 2394 indicavi—

58 2416 120 2436 mus.
131 2409 157 2436 Β·
169 2411 262 2439 ctioris
272 2412 403 2446 cujusque
416 2412 551 2447 judicium
567 2418 636 2440 esto.
650 2413 826 2448 Compertum

59 2462 115 2483 vero
128 2464 158 2483 ex
178 2457 221 2485 his
241 2458 367 2486 omnibus
381 2458 439 2486 ﬁeri
455 2459 574 2493 denique
591 2459 716 2493 videtur,
730 2468 827 2495 prrpe-

58 2507 108 2528 ram
127 2509 140 2528 a
164 2504 301 2531 nonnulla
321 2504 403 2532 tribui
425 2505 533 2533 Schol-a
554 2505 652 2533 luanni
677 2506 826 2540 Maxentio,

58 2551 240 2578 monachorum
259 2550 420 2586 Scytharum
447 2553 596 2588 primipilo,
615 2561 665 2588 per
681 2552 739 2581 haec
756 2559 825 2581 tem-

59 2603 115 2629 pora
132 2599 212 2626 vitam
233 2599 343 2634 agenti,
365 2607 397 2627 ac
419 2607 562 2634 perperam
582 2600 670 2634 ipsum
696 2598 824 2626 confundi

60 2651 112 2671 cum
125 2644 224 2674 Joanne
240 2647 475 2682 Scythopolitano,
489 2647 531 2676 vel
544 2649 664 2682 episcopo
705 2647 747 2675 vel
773 2647 826 2674 Ba-

60 2690 106 2718 silii
119 2693 206 2723 Cilicis
222 2696 397 2723 insectatore.

893 924 992 946 ornant
1007 921 1127 948 Schol'a.
1143 921 1206 950 Haec
1218 931 1284 949 vero
1300 925 1419 952 occurrit
1436 926 1515 954 initio
1528 932 1590 955 nota
1607 936 1679 955 mar-

893 965 991 998 ginalis
1007 973 1013 992 :
1027 967 1211 1001 Σημείωσαι·
1232 969 1290 996 ὅσα
1313 970 1371 1004 μὲν
1400 971 1527 1005 ἔχουσιν
1554 974 1680 1009 ἀριθμὸν

893 1011 1018 1044 σχόλια.
1033 1012 1092 1039 εἰσὶ
1105 1014 1260 1047 Γερμανοῦ
1274 1016 1456 1050 πατριάρχου
1465 1026 1471 1030 ·
1482 1018 1541 1045 ὅσα
1556 1019 1590 1046 δὲ
1603 1020 1678 1048 ἄνευ

892 1057 1166 1092 ἀριθμοῦ,Μαξίμου
1178 1063 1323 1095 μοναχοῦ.
1344 1071 1353 1087 ι
1373 1062 1443 1090 Nota
1459 1072 1468 1091 :
1486 1064 1552 1097 Quw
1576 1066 1676 1094 scholia

893 1111 1032 1130 numerum
1056 1104 1170 1137 habent,
1192 1111 1253 1132 sunt
1275 1108 1400 1136 Germani
1423 1112 1599 1144 patriarchrc;
1618 1122 1677 1147 quor

892 1157 1001 1176 munero
1014 1156 1117 1183 carent,
1136 1152 1170 1178 ad
1187 1152 1335 1180 Maximum
1352 1156 1508 1183 monac/tam
1521 1162 1650 1190 spectant.
1663 1169 1673 1185 ι

891 1194 995 1222 Novum
1013 1197 1077 1231 quid
1103 1199 1296 1226 omiuabamur
1318 1208 1431 1233 omnes,
1457 1204 1528 1237 quod
1547 1203 1675 1232 Venetam

890 1241 1038 1270 editionem
1056 1245 1174 1272 maxime
1190 1251 1357 1279 exornaret;
1372 1252 1400 1274 at
1415 1255 1477 1275 cum
1492 1250 1574 1278 editis
1593 1251 1676 1278 colla-

892 1288 964 1316 tione
985 1288 1074 1321 facta,
1095 1289 1151 1324 jam
1176 1291 1246 1326 typis
1269 1300 1333 1319 cusa
1359 1299 1486 1327 prostare
1508 1297 1600 1324 omnia
1625 1298 1678 1325 sub

891 1333 970 1360 unius
992 1333 1102 1362 Maximi
1127 1337 1254 1370 nomine,
1280 1342 1356 1365 certo
1379 1341 1611 1374 deprehendimus
1642 1351 1675 1370 ea

890 1379 1009 1407 Scholia.

927 1426 1036 1454 Scholia
1053 1435 1119 1456 vero
1144 1437 1197 1457 non
1213 1437 1297 1464 pauca
1322 1433 1449 1460 visuntur
1463 1441 1523 1468 qua:
1537 1435 1676 1469 alphabetl

889 1473 974 1501 Grazci
989 1474 1088 1502 litteris
1102 1481 1293 1508 numerantur,
1306 1484 1336 1505 ea
1348 1479 1454 1506 scilicet
1468 1487 1527 1514 qua:
1538 1480 1676 1510 Germano

889 1519 1052 1554 patriarchae
1068 1521 1225 1549 tribuuntur
1243 1523 1270 1550 in
1285 1523 1386 1552 codice.
1402 1525 1431 1552 lu
1447 1531 1528 1560 caput
1543 1527 1555 1554 1
1570 1527 1608 1555 De
1621 1537 1673 1555 cte-

851 1550 871 1578 C
888 1566 947 1593 lecti
963 1566 1113 1594 hierarclu’a
1127 1574 1305 1596 numerantur
1319 1570 1382 1604 tria;
1394 1571 1421 1598 in
1438 1550 1520 1606 caprut
1534 1573 1562 1606 2,
1580 1574 1672 1602 itidem

889 1612 957 1645 tria;
974 1613 1000 1640 in
1013 1618 1095 1648 caput
1108 1613 1134 1647 7,
1151 1622 1219 1649 sex;
1237 1615 1263 1642 in
1278 1621 1359 1651 caput
1378 1617 1423 1650 12,
1441 1624 1569 1653 quatuor;
1586 1619 1613 1647 in
1628 1628 1675 1648 ca-

887 1662 935 1692 put
951 1658 985 1685 13
1017 1658 1112 1686 itidem
1133 1665 1270 1695 quatuor;
1286 1662 1313 1688 in
1325 1664 1431 1697 caput!
1449 1663 1487 1691 De
1497 1665 1674 1693 ecclesiastica

887 1704 1038 1731 hierarchia
1052 1709 1116 1732 sunt
1132 1711 1248 1740 septem,
1266 1714 1298 1734 ac
1312 1708 1413 1737 iterum
1431 1710 1569 1745 quinque;
1586 1712 1612 1739 in
1627 1720 1673 1739 ca-

888 1755 935 1784 put
947 1749 965 1776 2
976 1771 984 1783 ,
1008 1751 1058 1778 tria
1070 1771 1078 1784 ,
1103 1759 1136 1779 ac
1152 1751 1249 1780 iterum
1271 1759 1394 1789 septem;
1411 1755 1438 1782 in
1455 1761 1537 1792 caput
1554 1758 1571 1785 5
1582 1777 1589 1790 ,
1606 1758 1672 1791 duo,

887 1795 1040 1831 iterumque
1058 1797 1193 1832 quinque;
1218 1798 1244 1825 iu
1263 1804 1345 1834 caput
1367 1800 1405 1833 ι,
1430 1802 1564 1836 quinque;
1585 1803 1611 1830 in
1626 1811 1673 1830 ca-

886 1846 933 1875 put
947 1842 974 1874 6,
990 1843 1041 1870 tria
1055 1851 1063 1876 ;
1081 1844 1106 1870 in
1121 1848 1204 1879 caput
1219 1844 1236 1871 4
1261 1844 1299 1871 De
1322 1845 1418 1873 divini:
1440 1848 1587 1875 nominibus
1608 1854 1673 1876 sunt

885 1894 997 1920 novem,
1011 1887 1165 1922 iterumque
1181 1889 1244 1922 tria,
1261 1897 1293 1916 ac
1306 1889 1405 1917 iterum
1418 1896 1548 1926 quatuor,
1562 1899 1594 1919 ac
1610 1900 1672 1918 rur-

885 1939 945 1958 sum
971 1940 1088 1964 novem,
1105 1937 1132 1960 et
1157 1937 1252 1968 paslea
1273 1937 1395 1968 septem;
1423 1935 1448 1962 in
1466 1941 1547 1970 caput
1564 1936 1589 1970 7,
1607 1938 1669 1964 tria.

885 1978 1077 2014 Huiuscemodi
1094 1979 1212 2007 Scholiis
1228 1986 1304 2008 caret
1326 1981 1395 2008 liber
1410 1981 1449 2008 De
1463 1984 1574 2017 mystica
1596 1982 1670 2010 theo—

884 2026 967 2060 logia.
993 2025 1131 2060 Apparent
1157 2025 1207 2052 tria
1230 2026 1257 2052 in
1284 2026 1420 2060 epistolam
1446 2027 1482 2060 8,
1503 2028 1539 2054 ad
1564 2027 1670 2056 Titum:

883 2080 981 2100 carere
1008 2071 1136 2098 Garumni
1172 2072 1275 2099 scholia
1305 2079 1360 2100 non
1395 2073 1506 2100 habent.
1536 2072 1669 2101 Numeros

884 2121 967 2150 istos,
993 2118 1030 2146 uti
1055 2122 1118 2145 sunt
1140 2117 1166 2144 in
1198 2118 1312 2151 codice,
1341 2117 1440 2146 Veneta
1463 2118 1546 2146 editio
1567 2126 1667 2154 πυτατ·-

882 2169 979 2193 seutat.

989 2215 1071 2246 taque
1098 2211 1120 2238 si
1148 2210 1235 2239 codici
1267 2210 1397 2246 praedicto
1423 2210 1507 2243 lides,
1538 2219 1592 2238 non
1621 2211 1666 2238 uni

882 2256 1019 2290 Maximo,
1041 2257 1088 2284 sed
1114 2265 1202 2292 neque
1217 2257 1298 2285 etiam
1316 2256 1414 2285 Joanui
1431 2257 1666 2292 Srythopolitano,

881 2304 954 2332 edita
981 2303 1091 2331 Scholia
1113 2303 1259 2331 tribuenda
1276 2307 1357 2337 sunt;
1374 2303 1422 2330 sed
1446 2311 1542 2330 e0rum
1559 2310 1666 2338 quoque

879 2356 984 2386 partem
1005 2350 1159 2379 Germanus
1174 2351 1327 2385 patriarcha
1351 2350 1402 2378 sibi
1421 2350 1552 2378 vindieat.
1572 2349 1664 2378 Fidem

880 2399 984 2426 colicis
1007 2399 1138 2426 roborare
1167 2398 1273 2425 videtur
1294 2397 1432 2424 adnotatio
1455 2396 1535 2424 Joan.
1559 2396 1664 2424 Alberti

879 2445 998 2473 Fabricii
1027 2446 1054 2472 in
1076 2444 1239 2472 Bibliotheca
1266 2443 1360 2471 (ἔνατα
1373 2463 1381 2476 ,
1399 2443 1468 2471 libro
1484 2451 1511 2476 ν,
1530 2444 1618 2478 capite
1637 2444 1663 2476 l,

880 2500 956 2519 num.
970 2491 999 2524 6,
1018 2490 1062 2518 ubi
1078 2491 1119 2518 sic
1133 2490 1170 2517 ait
1183 2497 1190 2515 :
1203 2489 1328 2517 Germani
1339 2489 1498 2524 patriarcha!
1509 2488 1663 2516 Constanti-

877 2538 1024 2573 nopolitani
1047 2537 1157 2564 Scholia
1186 2537 1213 2563 in
1236 2535 1392 2562 bibliotheca
1421 2534 1552 2562 Vaticana
1577 2535 1663 2561 adhuc

877 2589 1025 2613 servantur.
1038 2585 1079 2611 An
1091 2583 1184 2611 eadem
1197 2582 1300 2609 fuerint
1313 2589 1375 2609 cum
1387 2580 1507 2608 nostris?
1517 2579 1661 2607 Rationem

875 2633 1012 2664 reddant,
1031 2630 1078 2665 qui
1095 2638 1177 2657 manu
1190 2635 1320 2658 versare.
1338 2632 1365 2655 et
1385 2626 1484 2654 intueri
1508 2626 1614 2659 oculis,
1630 2633 1662 2653 ac

877 2683 970 2706 mente
989 2677 1146 2711 expendere
1168 2676 1275 2703 codices
1290 2674 1436 2701 Vaticanos
1458 2673 1565 2705 valent;
1595 2680 1662 2699 ceu-

873 2724 989 2760 jec.uris
1007 2721 1200 2757 indulgendum
1214 2721 1279 2748 mihi
1295 2725 1348 2748 cst.

912 2770 1016 2806 Stylum
1034 2776 1101 2804 ego,
1115 2772 1143 2796 et
1162 2766 1291 2798 modum,
1309 2774 1341 2793 ac
1357 2765 1509 2793 doctrinam
1535 2762 1660 2790 Scholio-

876 2825 937 2846 rum
948 2839 955 2851 ,
972 2824 1033 2852 quae
1047 2815 1146 2842 litteris
1161 2813 1298 2849 afpliabeti
1323 2815 1463 2839 numerata
1482 2815 1557 2842 sunt,
1570 2812 1659 2836 atten-

875 2869 929 2891 uns
953 2864 1018 2891 licet
1042 2860 1194 2895 espeudam
1206 2878 1215 2892 ,
1237 2858 1305 2886 nihil
1321 2861 1440 2884 attamen
1455 2856 1536 2883 vndco
1554 2862 1610 2888 quo
1624 2861 1656 2880 ea
