1925 3070
230 102 258 129 Ἠ
798 94 826 123 S.
845 91 1017 121 DIONYSIUE

1073 89 1236 117 REOPAGI'I
1244 91 1275 119 A.
1801 85 1838 114 ’12

230 158 281 186 dici
296 157 410 185 debeant
426 155 545 191 profecta
561 154 596 182 ab
611 153 666 182 alio
681 155 802 184 auctore,
816 151 864 186 qui
878 160 930 179 non
948 151 1008 177 fue-
1024 153 1046 181 Α

230 203 264 230 iii
280 202 424 235 Maximus,
447 206 492 228 aut
506 201 625 229 Joannes
640 198 890 234 Srytliopolitanus.
909 197 1007 224 Eadem

229 256 277 283 pro
291 256 339 275 sua
352 248 448 282 peritia
463 247 574 281 ponden
585 251 594 272 t
606 246 715 280 sapiens
729 245 825 272 lector.
837 249 864 271 et
875 242 1008 274 conferat,

230 302 261 320 ac
273 293 405 328 judicium
420 292 499 319 ferat.
515 292 542 318 In
559 296 621 318 nota
635 291 764 324 quadam,
777 297 810 316 eo
824 289 904 315 modo
917 295 1010 314 nume-

232 344 302 372 rata,
312 339 338 365 in
352 344 433 372 caput
447 338 476 368 ‘2,
493 337 531 364 De
545 336 640 364 tcelcsti
652 335 810 366 hicrarchia,
824 335 862 360 sic
876 333 1008 368 legimus:

233 385 302 417 Quid
317 393 396 419 porro
409 385 442 411 sit
458 383 610 410 resonantia
627 386 744 408 extrema
755 400 762 412 ,
776 380 908 414 explicabo
923 379 950 405 in
965 385 1010 404 ca-

231 431 283 465 pite
297 431 313 457 4
327 430 387 457 libri
402 431 438 457 De
451 430 546 456 diuinis
563 427 720 455 nominibus.
745 426 819 453 Hanc
833 423 1010 452 resonantium

233 477 357 512 intelligit
375 485 465 503 rerum
480 476 602 503 ordinem
617 481 631 500 a
647 473 701 500 Deo
724 476 853 500 statutum
865 490 873 502 ,
897 478 929 496 ac
945 468 1012 496 infe-

235 524 335 550 riorutn
365 522 576 549 illustrationem
608 527 623 546 a
647 517 843 552 superioribus.
868 515 1009 549 Quidpiam

234 575 299 594 vero
313 567 366 594 tale
382 566 409 593 in
426 566 538 593 selioliis
551 565 646 591 eodem
663 562 741 590 tnodo
758 561 906 588 numeratis
921 560 947 586 in
969 566 1012 586 ca-

234 618 282 647 put
296 614 312 640 4
329 612 367 639 De
379 612 475 638 divinis
499 610 645 638 nominibus
664 609 810 638 indicatur,
833 611 879 634 aut
901 605 1012 639 exponi‘

234 664 290 687 tur.
303 660 342 686 An
356 666 420 686 vero
437 658 533 684 modus
556 657 607 683 istc
630 663 659 683 se
683 653 816 682 referendi
839 652 865 679 in
882 651 934 678 alio
953 651 1012 678 loco

235 706 424 734 disserentem.
443 703 589 731 conveniat
603 701 750 729 Germano.
766 699 811 733 qui
824 698 926 725 scholia
949 704 1013 723 non-

236 751 307 778 nulla
326 750 471 784 adjiciebat
485 749 517 776 ad
537 747 646 775 Scholia
663 745 772 773 Maximi
795 748 823 771 et
845 741 1013 778 Scyzhopoi-

236 797 308 824 Iani?
323 795 492 823 Conveniunt
508 802 572 822 sane
588 791 823 828 Scythopolitano,
843 789 887 823 qui
909 788 1012 823 primus

1096 146 1142 175 IV.
1164 148 1302 175 Aduotare
1323 150 1461 181 postremo
1485 146 1544 174 loco
1556 146 1653 178 liceat,
1672 145 1740 174 alios
1753 145 1836 174 etiam

1061 193 1208 227 scriptores
1222 193 1366 220 nonnullos
1377 193 1533 226 memorari,
1545 193 1591 227 qui
1608 193 1634 220 in
1649 192 1736 227 Opera
1749 193 1836 219 Areo-

1061 239 1175 272 pagitica
1198 238 1356 273 scripserint
1377 237 1500 269 scholia,
1515 239 1580 272 quin
1603 246 1634 266 ea
1659 244 1748 266 tamen
1772 239 1838 265 satis

1062 283 1241 311 innotescant.
1265 283 1344 312 Joan.
1368 283 1495 311 Albertus
1515 284 1656 311 Fabricius
1682 285 1708 311 in
1738 283 1841 317 Βεθλε-

1061 326 1136 352 theca
1149 326 1252 358 Cra'ca,
1269 327 1337 354 libro
1349 335 1374 359 ν,
1394 329 1481 363 capite
1498 330 1524 361 I,
1544 337 1570 356 n.
1590 328 1618 360 6,
1643 329 1735 363 paucis
1750 327 1841 354 verbis

1062 377 1187 399 recenset
1202 372 1311 400 Scholia
1329 373 1432 409 Georgii
1455 375 1682 402 Hicromnemonis
1701 376 1727 401 in
1746 374 1842 400 biblio-

1063 418 1137 444 theca
1164 417 1292 445 Medic-ca.
1318 419 1392 447 Inter
1417 420 1525 448 codices
1549 420 1722 447 Bibliotheca:
1750 420 1842 453 Itegite

1062 462 1250 497 Taurinensis,
1269 470 1332 492 tom.
1348 465 1369 498 I,
1386 471 1543 493 numeratur
1559 469 1643 494 codex
1657 467 1731 494 CCC.
1744 465 1840 497 LXIX,

1062 509 1290 542 menibranaceus,
1319 512 1410 538 sa’culi
1434 520 1489 545 xiv,
1514 513 1539 539 in
1565 520 1620 547 quo
1645 513 1842 540 «continentur

1063 553 1183 590 Dionysii
1197 556 1366 591 Areopagitae
1382 557 1486 592 Opera,
1503 565 1563 586 cum
1587 558 1699 586 scholiis
1727 559 1842 585 Andre:

1063 600 1213 634 cujusdam,
1231 603 1456 636 quemadmodum
1479 603 1568 638 legere
1589 609 1630 631 est
1652 609 1713 638 post
1738 604 1844 639 aliquot

1063 645 1180 680 Dionysii
1206 648 1285 674 verba
1309 648 1335 674 in
1361 649 1473 682 captiti
1501 649 1540 676 De
1558 650 1655 677 diuinis
1681 651 1841 683 nominibus,

1064 690 1111 719 fol.
1137 692 1162 718 6.
1195 692 1318 729 Ἀνδρέου
1354 694 1497 730 ἐξήγησις,
1523 696 1658 724 (Αηάνεω
1685 698 1812 724 narratio.
1829 707 1841 724 ι

1064 735 1249 772 Subjiéiuntur
1271 748 1377 775 semper
1389 741 1487 769 deinde
1503 742 1587 769 textui
1603 742 1722 778 Dionysii
1738 743 1844 771 scholia

1064 785 1145 812 rubro
1167 786 1259 814 co‘ore
1273 787 1418 820 descripta,
1442 792 1471 814 ut
1491 788 1534 815 vix
1559 789 1609 824 legi
1624 790 1740 824 possint.
1756 790 1845 818 Scho-

237 842 410 877 amplioribns
424 841 495 867 notis
514 839 670 866 illustrabat
688 838 761 871 Opus
780 835 1011 870 Areopagiticum.
1028 839 1050 868 Β
1065 829 1098 877 lit!
1116 830 1171 858 lttt'c
1187 835 1274 858 tamen
1290 832 1475 867 (Bibliotheca:
1498 835 1616 862 editores
1639 836 1789 871 inquiunt),
1813 840 1845 863 ut

239 887 410 914 Conveniunt
421 886 502 912 etiam
520 884 647 914 Maximo,
661 882 707 916 qui
723 881 835 921 seorsim
847 881 880 907 ab
896 879 942 906 illo
956 879 1014 906 bre-

237 933 277 959 via
294 932 414 966 quaedam
430 929 566 957 scribebat
578 929 643 956 scho
657 930 692 955 ia.

270 977 298 1004 Id
317 985 382 1004 vero
399 976 515 1003 maxime
542 974 828 1006 animadrerendum,
846 971 1014 1007 frequentius

237 1023 361 1050 breviora
376 1030 435 1050 esse.
454 1021 573 1052 scholia,
591 1028 651 1054 quae
666 1024 806 1046 numerata
818 1023 890 1050 sunt,
903 1025 935 1044 ac
945 1017 1014 1045 Ger-

238 1075 318 1095 mano
338 1068 518 1094 tribuuntur:
556 1066 704 1098 eademque
727 1065 749 1092 si
778 1064 888 1098 colligas
911 1064 1014 1096 omnia,

239 1121 324 1148 pauca
341 1113 429 1147 potius
442 1119 502 1139 esse
517 1120 597 1146 qnam
610 1111 735 1146 plurima.
755 1110 864 1137 Duobus
881 1109 955 1136 hisce
970 1108 1011 1135 in-

237 1160 331 1190 diciis,
355 1159 521 1185 scholiorum
547 1156 690 1184 brevitatis
713 1163 744 1182 ac
774 1155 930 1190 paucitatis,
957 1161 1016 1188 quae

239 1212 304 1231 vere
317 1203 424 1230 Maximi
441 1208 516 1233 sunt,
533 1202 690 1229 indicarunt
703 1201 779 1227 nobis
793 1200 918 1227 Usscrius
927 1203 955 1227 et
966 1199 1016 1226 Le-

239 1251 365 1285 quienus.
381 1249 448 1275 Ilinc
460 1247 542 1275 menti
559 1248 724 1275 obversatur
739 1247 912 1280 conjectura,
935 1245 1018 1272 libra-

240 1297 321 1325 rium,
339 1303 384 1330 qui
402 1294 565 1320 Marcianum
582 1292 703 1320 codicem
716 1291 898 1322 describebat,
913 1290 1017 1318 scholia

239 1350 254 1368 a
270 1341 380 1368 sclioliis
402 1339 529 1366 distincta
547 1338 686 1365 inveniens
700 1357 708 1369 ,
723 1344 753 1364 ac
770 1335 880 1370 majoris
899 1336 1017 1370 ipsorum

239 1386 325 1421 partis
349 1389 487 1411 auctorem
514 1384 641 1418 ignorans
663 1381 794 1409 Joannem
815 1380 1018 1416 Scythopolita-

240 1440 321 1463 num,
348 1430 399 1457 alia
421 1429 547 1456 tribuerit
571 1428 708 1455 Germano
732 1428 892 1462 patriarchae
920 1431 947 1453 et
966 1426 1017 1453 alia

240 1475 365 1502 Maximo.
393 1473 532 1501 Tenebras
562 1472 708 1507 depellere,
733 1479 764 1498 ac
792 1472 918 1498 dirimere
943 1471 1016 1498 litem

1065 876 1212 903 observare
1224 878 1340 913 contigit
1353 887 1386 906 ex
1401 881 1614 916 comparatione,
1627 882 1721 908 eadem
1734 882 1846 908 omnino

1065 925 1126 948 sunt
1143 927 1224 956 atque
1239 924 1341 951 scholia
1359 925 1453 954 Sancti
1482 926 1591 954 Maximi
1608 927 1678 962 typis
1693 927 1812 962 vulgata.
1831 936 1842 952 ι

1065 967 1164 1001 Quidni
1181 967 1320 1003 quidpiam
1334 971 1424 998 simile
1436 991 1443 1004 ,
1467 971 1534 999 falsa
1561 972 1763 1000 nomenclatura
1774 973 1845 1001 Ger—

1066 1014 1138 1040 mani
1154 1014 1316 1048 patriarcha:
1331 1016 1449 1050 invecta,
1466 1018 1600 1046 acciderit
1613 1020 1638 1046 in
1656 1019 1758 1047 Veneto
1770 1019 1845 1047 Mar-

1065 1059 1144 1087 ciano
1155 1061 1266 1088 codice?

1101 1106 1315 1135 Commentarios
1333 1108 1360 1135 in
1385 1109 1541 1145 Dionysium
1561 1111 1752 1146 Areopagitam
1775 1112 1847 1139 scri-

1066 1151 1154 1185 psisse
1168 1152 1258 1187 lingua
1273 1153 1387 1188 Syriaca
1402 1155 1489 1182 fertur
1499 1155 1617 1184 Joannes
1634 1157 1709 1184 Darze
1724 1157 1750 1184 in
1765 1157 1845 1193 Syria

1067 1197 1221 1231 episcopus.
1240 1198 1275 1226 De
1290 1200 1339 1226 viri
1361 1205 1450 1232 aetate.
1466 1201 1552 1236 deque
1574 1204 1639 1230 urbe
1654 1203 1730 1236 cujus
1745 1204 1846 1232 infulas

1066 1242 1232 1277 episcopales
1255 1247 1401 1278 gestaverit
1427 1247 1488 1279 ille,
1528 1248 1659 1276 dissident
1684 1251 1733 1277 viri
1759 1251 1844 1278 docti.

1069 1287 1209 1316 Uberi-imo
1235 1295 1448 1324 pertractantem
1477 1293 1521 1320 adi
1551 1294 1682 1322 Joannem
1710 1296 1845 1324 Morinum

1067 1333 1105 1361 De
1116 1335 1199 1361 sacris
1211 1337 1432 1370 ordinationibus,
1459 1346 1473 1366 a
1491 1347 1551 1374 pag.
1566 1341 1627 1373 423,
1644 1349 1677 1369 ac
1690 1342 1771 1369 etiam
1787 1342 1847 1378 lege

1069 1379 1301 1415 Dissertationem,
1313 1390 1394 1417 quam
1410 1383 1512 1412 Gallice
1531 1386 1688 1421 inscriptam
1715 1388 1845 1416 diximus.

1069 1422 1222 1458 Probléme,
1245 1431 1297 1454 etc.
1325 1426 1373 1454 His
1388 1429 1456 1456 addo
1483 1430 1675 1464 peritissimum
1697 1431 1847 1468 Josephum

1069 1468 1221 1497 Siinonium
1245 1471 1422 1500 Assemanum
1450 1474 1475 1501 in
1505 1475 1666 1504 Bibliotheca
1698 1477 1847 1511 Orientali,

239 1527 346 1547 onmem
375 1528 428 1546 non
453 1523 574 1553 possunt,
601 1518 652 1545 nisi
679 1518 777 1545 vetusti
807 1517 913 1544 codices
942 1517 1017 1544 bona:

1073 1517 1142 1541 tomo
1158 1514 1193 1546 ll,
1207 1516 1296 1549 capite
1312 1516 1359 1550 I8,
1385 1518 1428 1545 ubi
1452 1519 1581 1547 Joannem
1607 1521 1682 1548 Darm
1703 1531 1756 1550 non
1784 1509 1849 1553 ante

243 1570 323 1597 nola‘,
338 1566 364 1591 in
382 1564 480 1599 quibus
504 1564 613 1590 Maximi
631 1563 734 1590 scholia
751 1571 764 1589 a
781 1563 893 1590 scholiis
906 1562 1018 1590 Joannis

243 1610 457 1647 Scythopolitani
474 1614 602 1637 accurate
616 1609 732 1636 discreta
748 1608 930 1636 inveniantur.

278 1655 320 1682 Ill.
341 1655 406 1688 Quis
423 1655 466 1682 ille
480 1654 561 1680 fuerit
576 1654 728 1681 Germanus
750 1653 916 1688 patriarcha,
932 1653 954 1680 si
970 1660 1019 1680 sua

242 1706 269 1728 et
284 1701 342 1735 ipse
362 1700 469 1727 Scholia
494 1700 636 1734 scripserit
669 1699 694 1726 in
713 1698 799 1734 Opera
817 1699 1018 1734 Areopagitica,

244 1747 432 1781 inquirendum
445 1751 498 1774 est.
513 1736 610 1772 PJucis
623 1753 666 1772 res
680 1750 733 1772 tota
750 1745 878 1780 exigitur.
893 1744 1020 1778 Ejusdem

244 1791 361 1818 nominis
385 1792 436 1818 duo
449 1790 577 1818 Germani
594 1796 692 1825 praesto
708 1795 782 1822 sunt,
796 1790 840 1824 qui
855 1790 1022 1824 patriarcha-

242 1837 294 1863 lem
324 1837 402 1871 regia:
427 1837 502 1863 urbis
529 1836 799 1870 Constantinopoleos
829 1836 954 1862 thronum
980 1841 1018 1863 te-

243 1890 343 1910 nuere:
362 1883 442 1908 ambo
456 1881 543 1909 sacris
557 1881 656 1909 litteris
676 1881 759 1913 clari,
777 1887 804 1909 et
820 1882 934 1917 plurium
957 1889 1022 1915 ope-

245 1937 303 1955 rum
331 1929 490 1962 scriptorcs.
518 1927 626 1954 Primus
650 1927 808 1954 conscendit
833 1928 922 1954 sedem
948 1927 1021 1953 illam

243 1983 315 2002 allllo
333 1974 400 2005 H5,
418 1981 531 2008 eamque
544 1993 551 2004 ,
567 1973 698 2007 dignitate
711 1973 833 2000 abdicata
847 1992 855 2004 ,
882 1980 951 2000 anno
972 1973 1023 2001 730

243 2019 354 2046 dimisit.
382 2017 484 2045 lnl'ulas
511 2018 620 2045 easdem
649 2018 683 2044 ab
711 2025 783 2044 anno
809 2018 877 2044 1212
912 2018 945 2045 ad
974 2025 1023 2045 an-

246 2072 310 2091 num
329 2063 398 2090 1260
412 2063 526 2098 gestavit
541 2063 620 2089 alter.
649 2062 769 2089 Tertium
792 2070 942 2089 memorare
956 2062 1023 2090 Ger-

245 2117 353 2137 manum
369 2115 513 2143 pi‘aetereo,
527 2115 608 2142 quem
622 2107 781 2142 dignitatem
804 2107 940 2142 indeptum
964 2116 1024 2136 esse

244 2162 316 2182 anno
344 2154 432 2186 ησι,
469 2153 496 2180 in
522 2153 610 2188 prima
638 2152 805 2179 ostendimus
835 2153 1023 2180 dissertatione

245 2208 326 2236 quam
349 2199 418 2227 Viue
439 2199 560 2234 Gregorii
587 2198 677 2233 Cyprii
699 2198 874 2233 subjecimus,
897 2206 929 2225 ac
953 2201 1023 2235 typis

244 2247 378 2275 edidimus
392 2254 465 2274 anno
481 2245 559 2273 I755.
978 2275 981 2277 ἓ

283 2292 430 2326 Utriusque
461 2291 549 2325 Opera
589 2289 755 2324 diligentiori
783 2298 848 2318 cura
885 2295 1025 2318 recensent

247 2337 425 2373 bibliographi
454 2345 460 2364 :
486 2343 574 2371 neque
600 2336 653 2362 ulla
677 2336 851 2368 scholiorum,
876 2336 909 2363 de
928 2336 1025 2371 quibus

247 2383 362 2418 agimus,
387 2383 458 2417 apud
482 2382 555 2417 ipsos
580 2382 692 2408 mentio.
715 2382 797 2416 Atqui
824 2390 889 2409 vero
905 2382 1024 2413 scholia,

249 2433 380 2463 quotquot
401 2429 426 2455 in
450 2428 524 2463 Opus
547 2428 764 2462 Areopagiticnm
784 2429 853 2463 typis
863 2429 934 2456 edita
951 2434 1025 2462 sunt,

251 2475 422 2510 reperiuntur
442 2475 532 2501 omnia
551 2475 576 2501 in
591 2475 709 2508 antiquis
728 2475 881 2506 codicibus,
897 2475 941 2509 qui
960 2474 1027 2502 Ger-

249 2520 321 2547 mani
345 2519 455 2546 seeuudi
482 2524 587 2546 aetatem
615 2524 756 2554 superant.
780 2518 851 2545 Inter
875 2519 932 2546 haec
958 2519 1026 2554 typis

248 2565 319 2592 edita
333 2565 435 2591 scholia
451 2564 540 2591 locum
555 2565 664 2596 habent,
678 2572 737 2598 quze
751 2563 887 2591 Germano
903 2563 1027 2591 tribuun-

250 2615 313 2637 tur:
338 2610 422 2644 igitnr
448 2610 470 2636 si
495 2609 557 2643 quis
577 2609 730 2636 Germanus
757 2609 1028 2644 Constantinopoleos

249 2656 402 2690 patriarcha
425 2655 565 2690 scripserit
586 2663 633 2688 ea,
650 2656 709 2682 sine
730 2654 812 2682 dubio
828 2655 911 2683 fuisse
924 2656 1028 2691 primus

249 2702 351 2730 debuit.

285 2759 324 2793 (xi)
343 2758 455 2786 Joannis
483 2758 556 2786 Scoti
584 2759 672 2794 versio
700 2759 819 2794 Operuin
848 2758 878 2786 S.
907 2758 1026 2794 Dionysii

253 2794 522 2829 Arwwgiuvexstat
538 2793 611 2821 l’atr.
625 2793 686 2822 Lat.
703 2799 722 2822 t.
739 2793 844 2826 CXXII,
859 2794 928 2821 inter
951 2793 1026 2821 scuti

1070 1567 1170 1587 annum
1182 1560 1233 1589 700
1245 1561 1368 1590 ﬂoruisse
1381 1565 1502 1592 ostendit
1517 1566 1557 1593 vir
1567 1567 1688 1601 apprime
1703 1570 1809 1597 doetus.

1374 1620 1487 1650 CAPUT
1507 1622 1537 1649 V.

1071 1672 1183 1704 Latiare.
1199 1683 1256 1710 quae
1272 1675 1392 1715 feruntur
1406 1677 1498 1715 Operis
1511 1679 1695 1715 Areopagitici,
1717 1683 1849 1710 versione:

1106 1716 1280 1746 recensentur.
1297 1710 1360 1738 Loci
1370 1710 1508 1746 cujusdam
1523 1715 1559 1740 De
1577 1710 1676 1743 Diiinis
1690 1710 1850 1745 nominibus

1105 1742 1200 1785 l._atina
1211 1757 1214 1760 ι
1224 1746 1317 1786 νει-δίο.
1327 1742 1528 1786 ᾳηςιάέηηειιιῃι
1555 1742 1672 1776 cliommn
1694 1742 1849 1786 nquito};

1105 1779 1231 1806 sincerior
1244 1788 1275 1806 ac
1290 1781 1401 1808 nitidior
1412 1790 1490 1816 quam
1504 1783 1531 1808 in
1543 1785 1655 1811 steteris.

1106 1833 1127 1861 1.
1148 1835 1203 1863 Abs
1230 1843 1258 1863 re
1273 1845 1325 1863 non
1350 1838 1411 1870 erit,
1438 1843 1580 1874 antequam
1607 1841 1849 1869 dissertatinnculae

1071 1879 1151 1907 ﬁnem
1173 1881 1291 1914 impono,
1308 1885 1395 1911 varias
1409 1891 1557 1917 recensere,
1574 1893 1632 1920 qum
1643 1894 1753 1922 operum
1767 1889 1851 1916 Areo-

1074 1925 1248 1960 pagiticorum
1267 1928 1394 1956 hactenus
1409 1930 1538 1957 confecta:
1558 1937 1628 1964 sntit,
1644 1940 1676 1959 ac
1702 1934 1770 1967 typis
1787 1942 1851 1968 pro-

1073 1970 1186 2004 dierunt,
1214 1972 1324 2000 Latinas
1343 1975 1487 2003 versiones.
1513 1977 1539 2002 Id
1563 1977 1736 2005 emolumenti
1755 1980 1851 2006 saltem

1073 2015 1161 2050 colligi
1181 2018 1287 2051 poterit,
1304 2024 1332 2045 ut
1345 2020 1365 2046 si
1384 2020 1536 2047 versimiuin
1563 2021 1712 2056 hujusntodi
1732 2023 1852 2050 collatio-

1074 2069 1133 2088 nem
1148 2063 1216 2090 inire
1228 2064 1360 2098 quispiam
1375 2071 1492 2100 exoptet,
1507 2075 1560 2102 quo
1571 2067 1684 2095 lucidius
1694 2069 1850 2096 obscuriora

1075 2108 1196 2140 quaedam
1217 2108 1404 2143 Areopagitica
1427 2109 1484 2137 loca
1507 2112 1781 2146 comprehendantur,
1801 2121 1851 2140 no-

1075 2157 1133 2179 seat
1151 2160 1207 2186 eas,
1223 2161 1256 2180 ac
1271 2155 1348 2182 facile
1360 2157 1477 2190 reperire
1490 2162 1580 2192 queat.

1109 2197 1216 2226 Primus
1233 2199 1305 2227 hanc
1324 2205 1442 2235 spartam
1467 2209 1565 2230 ornare
1578 2203 1722 2238 assumpsit
1736 2202 1855 2232 Joannes

1075 2244 1173 2271 Scottis
1184 2244 1298 2279 Erigena
1311 2246 1361 2281 (6),
1377 2246 1412 2273 De
1424 2255 1486 2275 vera
1498 2247 1555 2282 ejus
1569 2249 1655 2283 patria
1667 2249 1746 2277 Joan.
1760 2251 1855 2278 Alber-

1075 2293 1118 2316 tus
1139 2289 1279 2318 Fabricius
1303 2294 1359 2327 agit
1376 2293 1401 2319 in
1425 2293 1587 2321 Bibliotheca
1603 2294 1697 2321 Latina
1717 2297 1808 2323 media:
1830 2302 1855 2323 ct

1075 2335 1173 2370 inﬁnite
1186 2338 1281 2371 celatis,
1299 2343 1328 2365 ut
1342 2344 1453 2366 caeteros
1466 2340 1515 2367 hoc
1531 2340 1589 2367 loco
1605 2346 1771 2375 praeteream.
1787 2342 1814 2368 In
1828 2343 1854 2368 id

1075 2389 1143 2416 opus
1158 2383 1313 2411 incubuisse
1327 2385 1412 2419 ipsum
1432 2386 1507 2420 jussu
1524 2387 1594 2420 regis
1610 2387 1698 2413 Caroli
1712 2387 1796 2420 Calvi,
1812 2388 1854 2414 di-

1076 2429 1178 2456 scimus
1192 2437 1224 2456 ex
1239 2429 1358 2463 ejusdem
1372 2430 1483 2463 epistola
1499 2431 1531 2457 ad
1544 2433 1666 2458 eumdem
1684 2441 1784 2469 regem,
1797 2442 1857 2468 qua:

1077 2474 1180 2509 integra
1201 2478 1291 2502 exstat
1311 2475 1380 2502 inter
1396 2475 1550 2502 Hibernicas
1574 2476 1707 2510 Epistolas
1721 2486 1736 2505 a
1755 2479 1858 2507 Jacobo

1079 2519 1186 2548 Usserio
1206 2520 1345 2554 collectas,
1373 2528 1447 2547 num.
1478 2520 1522 2548 25.
1543 2521 1588 2548 Ait
1601 2522 1644 2549 ille
1673 2531 1735 2551 vero
1752 2533 1759 2551 :
1776 2533 1806 2552 se
1825 2529 1858 2553 de

1078 2563 1168 2591 (ἐι-ατο
1184 2565 1210 2591 in
1222 2564 1343 2592 Latinum
1362 2566 1527 2593 transtulisse
1545 2566 1625 2594 ιίὺνοι
1642 2573 1755 2602 quatuor
1773 2573 1858 2598 sancti

1078 2608 1167 2636 Patris
1178 2609 1297 2644 Dionysii
1310 2609 1473 2643 Areopagita:
1484 2610 1597 2644 episcopi
1610 2611 1778 2642 Athenarum,
1792 2622 1858 2648 quas

1077 2657 1179 2690 scripsit
1191 2656 1224 2682 ad
1242 2656 1402 2682 Timotheum
1421 2657 1568 2690 episcopum
1589 2657 1746 2692 Ephesinum
1764 2660 1857 2691 (nitui-

1079 2709 1137 2728 rum
1153 2702 1192 2729 De
1211 2703 1305 2729 cietein
1327 2702 1486 2735 hierarchia,
1503 2702 1542 2729 De
1563 2702 1736 2730 ecclesiastica
1757 2704 1860 2732 hientr-

1079 2757 1177 2791 Opcra,
1202 2764 1312 2786 curante
1335 2758 1378 2785 D"
1396 2758 1464 2786 II.J.
1489 2757 1575 2793 Floss,
1590 2758 1735 2795 Bonnensi,
1761 2768 1859 2790 κυεην

1081 2798 1142 2820 διικ.
