1925 3070
119 174 157 201 7‘5
804 175 897 203 PROL‘

953 175 1070 203 )MENA.
1710 180 1740 208 7b

118 231 191 263 chio,
203 231 242 258 De
252 231 346 259 divinis
358 232 518 266 nominibus,
533 233 569 260 De
584 235 693 268 mystica
711 233 866 269 theologia),
879 240 908 261 et
921 236 943 264 Α
959 234 1056 260 librum
1081 241 1161 261 unutn
1173 253 1180 267 ,
1206 234 1244 261 De
1270 235 1446 262 ecclesiastica
1470 238 1617 264 Itierarchia
1643 238 1739 265 librum

118 277 208 304 deum
220 278 343 311 epistolas
356 278 484 312 ejusdem.
501 279 567 305 Data
586 285 626 306 est
640 279 752 313 epistola
769 287 908 314 nuncupa-

117 323 190 350 toria
205 330 276 350 anno
294 323 356 355 858,
372 328 403 351 ut
416 324 542 352 Usserius
555 326 667 363 adnotat
678 325 705 352 in
721 326 852 360 margine.

156 369 297 397 Versionis
315 369 426 404 hujusce
452 372 615 398 mentionem
640 371 746 406 ingerit,
771 379 802 398 ac
823 372 905 399 etiam

116 415 215 443 laudat
235 423 295 444 eam
316 417 476 445 Anastasius
499 417 724 446 Bibliothecarius
742 419 768 445 in
792 419 905 453 epistola

116 462 152 488 ad
167 463 293 491 eumdem
312 471 403 499 regem
415 471 487 491 anno
500 464 552 491 865
565 466 676 499 scripta,
690 473 742 499 qua
757 473 833 492 suam
854 466 904 500 ipsi

115 507 244 536 Latinam
270 514 409 545 nuncupat
429 511 582 538 versionem
615 510 784 538 Scholiormn
817 511 904 538 sancti

115 555 239 589 Maximi,
254 561 281 583 et
300 556 412 584 Joannis
433 557 646 592 Scythopolitani
670 558 799 592 episcopi.
817 557 904 585 Verba

114 601 241 629 dedimus
262 602 349 636 capite
363 603 390 635 ὃ,
408 611 483 630 ιιιιιιι.
499 603 518 629 l.
534 602 596 630 Haec
618 595 684 631 vero
704 603 796 631 Latina
815 603 902 631 Scoti—

115 655 193 682 genae
218 648 307 675 versio
330 648 580 683 Arcopagilicorum
601 648 719 684 0pcrum
736 654 826 676 exstat
847 649 904 676 fere

114 693 222 728 integra
242 694 312 728 typis
326 694 398 721 edita
415 695 484 729 apud
510 695 664 731 Dionysium
683 696 902 729 Carthusianum,

115 739 163 771 qui
178 745 238 764 eam
251 739 375 766 adhibuit
386 740 413 766 in
422 741 479 767 suis
490 740 696 769 Commentariis
708 741 734 768 in
746 741 902 777 Dionysium

112 783 317 818 Areopagitam,
332 784 449 812 Coloniae
463 786 545 818 cusis,
562 786 684 821 impensis
703 786 777 814 Petri
792 787 902 820 Quetttel

113 837 186 856 anno
201 830 280 857 1556.
298 829 327 857 In
348 831 510 859 Prmiatione
529 832 562 859 ad
583 832 710 860 lectorem
731 833 901 861 luechaben-

115 879 178 902 tur:
197 885 207 901 ι
231 875 352 911 ναιςανίε
369 877 522 910 translatio,
537 886 597 913 quae
608 878 707 906 dicitur
720 886 779 907 esse
791 878 902 907 Joannis

959 288 1052 312 unum,
1070 280 1107 307 De
1121 281 1215 307 dit-inin
1235 282 1384 308 nominibus
1397 282 1493 309 librum
1509 291 1604 315 unum,
1618 283 1657 311 De
1683 291 1741 317 my-
1758 279 1761 282 ’

957 327 1161 362 sticatlteologia
1177 327 1274 354 librum
1292 335 1385 361 unum,
1403 328 1534 362 Epistolas
1545 330 1642 358 decem.
1660 331 1742 358 Soliu-

958 371 994 398 lia
1007 372 1088 399 etiam
1101 372 1126 398 in
1139 372 1237 399 librum
1255 373 1292 399 De
1314 372 1490 400 ecclesiastica
1505 375 1664 408 hieran/tia,
1676 384 1742 403 non-

957 416 1020 444 dum
1039 425 1053 444 a
1071 425 1206 452 quoquam
1227 418 1308 453 (quod
1324 418 1420 453 sciam)
1442 420 1582 454 translata,
1597 430 1656 455 quae
1672 424 1742 450 edita

958 467 1021 489 sunt
1048 462 1214 497 Basiieaa,in
1239 462 1343 490 oliicina
1369 464 1548 499 llervagiana,
1573 469 1705 494 converti.
1731 479 1740 494 ι

956 506 1130 542 Lugdunensi
1149 513 1210 535 utor
1230 509 1348 537 editione
1367 511 1436 545 apud
1465 510 1626 539 Gulielmum
1652 513 1744 540 ltot'il-

955 553 1034 586 lium,
1051 554 1130 586 1585,
1149 554 1226 582 in-8°.

990 600 1019 627 ln
1038 600 1126 628 fronte
1138 601 1404 629 Commentariorum
1421 602 1540 639 Dionysii
1555 604 1740 637 Carthusiani.

955 652 1024 679 quos
1039 647 1110 681 typis
1129 647 1217 674 editos
1228 647 1346 675 Colonia:
1362 648 1431 675 l556
1442 649 1638 683 adnotavimus,
1646 658 1741 679 recen-

955 696 1030 719 setur
1044 693 1126 719 etiam
1144 692 1238 720 Latina
1253 694 1371 721 Marsilii
1387 694 1475 722 Ficini
1490 697 1669 728 interpretatio
1690 698 1743 724 im-

954 737 1069 771 perfecta
1089 743 1118 765 ut
1135 747 1192 774 quw
1217 740 1303 767 solum
1318 740 1413 768 Divina
1435 741 1549 769 Nomina
1576 743 1699 776 continet,
1717 749 1742 770 et

954 782 1094 818 Mysticam
1108 784 1285 819 theologiam.
1316 785 1364 813 llis
1381 787 1507 814 omnibus
1528 787 1639 814 nitidior
1654 793 1681 814 et
1695 796 1741 815 ac-

954 830 1075 856 curat'or
1100 831 1206 857 accedit
1235 838 1267 858 ea
1295 839 1376 866 quam
1405 832 1572 859 elucubravit
1600 833 1742 861 Balthasar

954 874 1102 903 Corderius
1115 875 1178 903 Soc.
1193 875 1266 904 Jesu.
1281 875 1310 903 in
1324 876 1483 911 prmiatioue
1498 878 1536 904 ait
1557 878 1620 905 ille:
1636 878 1741 906 Not-am

112 921 299 957 Scoiigente...
318 931 333 950 ιι
349 925 477 960 Dionysio
489 930 580 952 nostro
590 925 770 954 Carthusiano
783 934 831 961 per
844 928 897 954 sin-

955 921 1022 948 Imnt:
1038 922 1178 949 editionem
1195 923 1323 949 adornavi
1338 931 1397 949 cum
1417 923 1513 951 Latina
1536 932 1593 952 mea
1611 925 1742 960 interpre-

111 968 176 1003 gula
196 970 324 1004 capitula,
346 978 430 1006 prope
450 972 482 998 de
501 971 584 999 verbo
599 972 632 1000 ad
652 972 773 1005 verbum,
786 973 902 1007 explica-

111 1020 169 1048 tur,
185 1022 300 1051 excepto
314 1018 385 1051 quod
414 1018 440 1045 in
456 1019 618 1054 quibusdam
644 1019 818 1054 Areopagitze
842 1021 901 1055 cpi-

77 1081 80 1084 ι
110 1060 190 1088 stolis
215 1061 440 1096 interpretandis,
464 1063 660 1091 Carthusianus
692 1069 784 1092 noster
815 1065 902 1092 utitur

111 1106 292 1134 translatione
312 1107 423 1136 alterius
439 1110 577 1144 cujusdam
589 1109 712 1141 Joannis,
728 1118 781 1137 non
797 1119 837 1143 re.
853 1112 900 1139 sed

111 1158 292 1186 cognomento
305 1152 446 1181 Sarraceni
459 1162 467 1180 :
483 1155 508 1181 in
521 1163 589 1182 nona
601 1162 665 1182 vero
678 1159 704 1182 et.
716 1155 815 1183 decima
832 1157 900 1192 (cpi-

110 1198 203 1232 stola),
217 1198 428 1227 Camaldulensis
444 1201 612 1236 (Ambrosii).
631 1211 640 1227 ι

146 1243 224 1271 llaud
251 1245 288 1272 ita
312 1246 401 1274 artatis
427 1247 533 1279 mediae,
561 1248 731 1283 maximeque
755 1250 899 1285 sequioris,

108 1290 178 1317 viris
205 1291 294 1319 doctis
310 1291 411 1326 placuit
432 1293 521 1320 versio
538 1292 696 1329 Scotigenw,
712 1296 777 1329 quin
802 1304 899 1324 novam

109 1343 222 1370 operam
239 1337 267 1364 in
280 1338 479 1366 transferendis
492 1339 569 1367 libris
579 1343 606 1367 et
619 1341 741 1375 epistolis
752 1342 900 1378 Areopagi-

109 1383 173 1410 ticis
191 1383 366 1412 collocarent.
382 1384 450 1413 llinc
472 1386 605 1414 secundus
628 1387 748 1414 laborem
767 1388 838 1416 hunc
856 1397 900 1417 as-

109 1428 227 1462 sumpsit
238 1428 311 1456 circa
327 1437 428 1456 annum
440 1430 509 1457 1118
523 1428 642 1458 Joannes
658 1430 828 1466 Sarracinus,
841 1433 899 1460 sive

108 1475 288 1509 Sarrasenus,
306 1481 335 1503 ut
349 1477 461 1504 adnotat
471 1476 614 1504 Fabricius
629 1478 656 1505 in
677 1477 841 1506 Bibliotheca
858 1479 900 1506 ci-

109 1525 178 1548 tata.
195 1521 241 1548 Sic
255 1528 319 1549 vero
343 1530 456 1550 narrare
476 1523 564 1558 pergit
579 1523 644 1551 ille:
671 1531 683 1551 ι
701 1523 797 1552 Latine
820 1525 899 1552 vertit

109 1565 299 1595 Hierarchiam
322 1568 440 1604 Dionysii
465 1569 634 1605 Areopagitae
652 1570 808 1605 (utramque
827 1571 898 1598 scili-
915 1589 936 1618 ο

107 1620 162 1647 cet,
178 1614 327 1648 caelestem,
344 1620 372 1642 et
385 1615 620 1651 ecclesiasticam).
635 1616 738 1644 Viderit
752 1617 898 1650 Gesnerus,

107 1661 154 1696 qui
167 1661 194 1688 in
213 1659 377 1688 Bibliotheca
390 1668 438 1688 sua
454 1662 511 1688 ait:
530 1662 710 1689 Sarracenum
727 1662 898 1690 transtulisse

107 1714 204 1735 omnes
233 1708 403 1742 Areopagitae
427 1707 521 1741 libros,
551 1715 719 1742 excusosque
747 1716 808 1736 esse
834 1716 896 1736 eum

107 1752 234 1788 Dionysii
250 1753 424 1781 Carthusiani
440 1753 650 1782 Commentariis
664 1754 796 1788 Coloniae,
815 1762 870 1784 etc.
881 1765 894 1780 ›

106 1798 137 1826 Ιι]
152 1799 195 1826 his
210 1799 304 1834 utique
318 1799 538 1834 Commentariis,
560 1801 711 1836 eademque
731 1801 758 1829 in
780 1802 899 1830 editione

107 1845 263 1872 Coloniensi
278 1845 340 1872 anni
360 1844 440 1878 1536,
461 1846 583 1880 impensis
598 1846 719 1879 Quentel,
736 1851 825 1874 exstat
845 1847 899 1874 La-

107 1891 164 1918 tina
181 1890 326 1918 Sarraceui
346 1891 435 1918 versio
457 1891 494 1918 De
514 1892 609 1919 caelesti
632 1892 793 1926 hieran/tia,
813 1897 839 1920 et
860 1892 900 1920 De

105 1937 287 1964 ecclesiastica
309 1938 475 1971 hieran/tia,
503 1944 618 1974 utraque
649 1939 737 1966 dicata
769 1940 899 1975 magistro

105 1983 203 2011 Joanni
218 1984 250 2011 de
261 1984 422 2012 Sarisberiis
435 1994 442 2012 :
459 1986 522 2012 item
538 1985 633 2012 Latina
647 1986 738 2013 versio
748 1985 788 2013 De
799 1987 896 2014 divinis

106 2029 267 2062 nominibus,
282 2033 309 2056 et
329 2029 368 2056 De
385 2031 496 2065 mystica
513 2032 652 2065 theologia,
667 2035 781 2066 utraque
795 2033 898 2067 pariter

106 2075 140 2102 ad
159 2074 282 2102 Odonem
307 2075 400 2102 Sancti
426 2077 546 2111 Dionysii
569 2078 694 2104 abbatem
722 2070 894 2113 nuncupata:

106 2120 225 2155 itemque
243 2121 350 2148 demutn
377 2121 474 2149 Latina
501 2123 590 2150 vet-sio
617 2123 788 2157 epistolarum
816 2124 896 2152 unde-

106 2167 129 2194 εἰ
133 2175 167 2193 m.

142 2213 264 2240 Tertium
279 2221 394 2241 numero
409 2214 574 2241 Ambrosium
596 2220 739 2249 oratorem,
754 2219 781 2243 et
804 2223 895 2242 mona-

956 967 1054 994 talione
1068 974 1076 993 :
1091 976 1151 1002 qua!
1170 969 1271 996 ta'leris
1286 969 1370 1004 (quod
1388 974 1455 997 certe
1467 976 1577 998 conatus
1587 971 1656 1007 sum)
1669 980 1742 1006 pres-

954 1013 1021 1045 sius,
1039 1017 1063 1039 et
1082 1013 1191 1047 clarius,
1205 1020 1282 1049 atque
1297 1015 1423 1050 theologis
1439 1018 1672 1050 accommodatius,
1685 1027 1741 1046 ter-

955 1061 1046 1087 borum
1061 1061 1118 1096 ejus
1133 1063 1182 1088 vim
1199 1063 1268 1097 (qua:
1290 1063 1323 1089 iis
1343 1063 1408 1089 inest
1427 1063 1560 1098 maxime),
1574 1065 1737 1099 exprimeret,

953 1113 977 1133 et
997 1107 1065 1142 stylo
1085 1108 1163 1141 plano
1179 1116 1283 1135 sensum
1295 1109 1414 1135 redderet
1426 1110 1579 1143 genuinum.

989 1153 1020 1180 ll.
1035 1152 1106 1180 Loca
1121 1158 1210 1180 tamen
1223 1154 1312 1188 aliqua
1326 1155 1513 1189 Areopagitica
1526 1155 1631 1183 felicius
1648 1161 1741 1183 trans~
1771 1175 1774 1179 ι

953 1196 1016 1223 ferri
1046 1197 1072 1223 in
1092 1196 1219 1224 Latinum
1253 1199 1373 1232 potuisse
1393 1200 1572 1227 observarunt
1588 1201 1638 1228 viri
1656 1202 1739 1229 docti.

953 1237 1110 1276 Exemplum
1124 1241 1208 1269 all‘cro
1224 1250 1256 1270 ex
1277 1244 1365 1278 capite
1381 1244 1399 1271 2
1423 1244 1462 1271 De
1476 1246 1570 1273 divinis
1581 1247 1740 1281 nominibus,

952 1287 996 1314 ubi
1011 1287 1024 1323 ᾗ
1040 1287 1055 1314 ϐ
1070 1287 1107 1314 sic
1118 1288 1194 1314 habet
1208 1293 1292 1316 textus
1308 1288 1418 1317 Grtecus
1433 1297 1442 1316 :
1459 1291 1634 1327 Διακέκριται
1648 1292 1676 1318 δὲ
1690 1293 1741 1328 τῆς

951 1332 1160 1369 ἀγαοοπρεποῦς
1175 1334 1214 1365 εἰς
1235 1335 1308 1370 ἡμᾶς
1325 1334 1477 1371 θεουργίας,
1492 1336 1523 1362 τὸ
1537 1338 1596 1363 καθ’
1613 1338 1695 1373 ἡμᾶς,
1712 1338 1741 1371 ἐξ

951 1379 1038 1414 ἡμῶν,
1054 1379 1150 1411 ὑλικῶς
1166 1380 1212 1407 καὶ
1222 1381 1329 1416 ἀληθῶς
1343 1383 1506 1418 οὑσιωθῆναι
1520 1384 1565 1410 τὸν
1582 1384 1740 1419 ὑπερθύσιον

950 1425 1047 1460 Λόγον,
1063 1426 1110 1452 καὶ
1131 1427 1227 1461 δρᾶσαι
1243 1427 1290 1453 καὶ
1311 1428 1406 1454 παθεῖν
1428 1429 1478 1455 ὅσα
1499 1429 1549 1464 τῆς
1565 1430 1741 1466 ἀνθρωπικῆς

951 1471 1033 1498 αὑτοῦ
1048 1471 1191 1508 θεουργίας
1207 1473 1279 1500 ἐστὶν
1304 1474 1417 1509 ἕκκριτα
1431 1475 1477 1501 καὶ
1492 1474 1625 1511 ἐξαίρετα.
1644 1476 1741 1503 Sarra-

951 1518 1011 1545 ceui
1038 1518 1179 1546 translatio
1205 1519 1262 1547 haec
1287 1524 1347 1547 est:
1383 1520 1531 1547 Discretum
1559 1528 1644 1548 autem
1665 1527 1702 1549 est
1722 1531 1739 1549 α

953 1563 1063 1599 benigna
1074 1565 1107 1591 ad
1122 1573 1168 1592 nos
1187 1565 1277 1592 divina
1294 1567 1455 1600 operatione,
1470 1569 1614 1596 secundum
1634 1579 1692 1604 nos,
1708 1579 1740 1600 ex

951 1610 1038 1642 nobis,
1054 1610 1169 1638 lotuliter
1179 1616 1204 1638 et
1219 1619 1277 1639 uere
1288 1613 1462 1640 substantiam
1475 1615 1573 1648 factum
1585 1625 1639 1644 esse
1650 1626 1740 1653 super—

951 1656 1126 1683 substantiale
1141 1655 1254 1684 Verbum
1268 1664 1278 1682 :
1294 1658 1392 1692 facere,
1404 1664 1426 1686 et
1442 1660 1497 1694 pati
1518 1670 1678 1698 quaecunque
1689 1665 1738 1690 hu-

951 1709 1036 1728 manae
1056 1701 1137 1736 ipsius
1160 1703 1386 1737 contemplationis
1401 1711 1460 1732 sunt
1485 1706 1565 1733 electa
1585 1713 1608 1734 et
1628 1715 1736 1737 remota.

953 1745 1054 1774 Vocum
1080 1747 1204 1781 illarunt,
1226 1748 1280 1782 τῆς
1303 1750 1491 1785 άνθρωπικῆς
1518 1753 1610 1780 αὐτοῦ
1638 1755 1739 1789 (iamip-

950 1793 1026 1827 γίιῑς,
1049 1793 1159 1821 minime
1176 1794 1217 1821 vis
1242 1796 1423 1829 exprimitur:
1443 1797 1497 1825 imo
1513 1800 1645 1833 θεωρίας,
1676 1809 1739 1827 con-

953 1839 1140 1873 templationis,
1163 1840 1260 1873 legisse
1278 1842 1386 1870 videtur
1409 1843 1542 1878 interpres
1567 1853 1617 1879 pro
1636 1848 1739 1881 ﬂeat-p-

949 1885 1025 1919 γίας.
1041 1885 1129 1912 Minus
1151 1886 1234 1914 etiam
1253 1892 1379 1915 accurata
1397 1889 1502 1916 videtur
1519 1890 1658 1918 translatio
1673 1891 1739 1918 Sco-

951 1931 1058 1965 tigeme,
1079 1936 1103 1958 et
1128 1933 1242 1967 operari,
1266 1938 1289 1960 et
1313 1934 1369 1968 pati
1384 1943 1545 1970 qutecunque
1566 1936 1738 1964 humanitatis

949 1977 1007 2010 ejus
1038 1977 1127 2005 divina
1154 1980 1258 2006 actione
1281 1985 1342 2007 sunt
1369 1981 1493 2014 discreta,
1516 1986 1540 2008 et
1565 1990 1665 2009 summe
1688 1983 1738 2008 mi-

949 2022 1044 2051 randa.
1068 2023 1186 2059 Legebat
1204 2025 1322 2054 fortasse
1348 2027 1539 2061 ἀνθρωπηΐης
1563 2035 1612 2063 pro
1626 2029 1738 2063 ἀνθρω-

949 2068 1049 2102 πικῆς.
1064 2068 1224 2098 Feliciorem
1240 2078 1294 2098 non
1313 2071 1395 2099 habet
1418 2073 1568 2100 versionem
1581 2073 1739 2102 Ambrosius

950 2115 1166 2144 Catualdulensis
1181 2128 1186 2145 :
1203 2126 1285 2152 eaque
1299 2123 1324 2145 et
1343 2123 1421 2153 gessit
1439 2124 1468 2146 et
1479 2119 1584 2154 pertulit
1598 2128 1657 2155 qute
1677 2126 1738 2147 sunt

948 2161 1070 2189 humana:
1081 2163 1137 2198 ejus
1150 2163 1333 2198 assumptionis
1344 2165 1425 2192 electa
1437 2169 1514 2200 atque
1524 2167 1665 2201 prtecipttu.
1681 2167 1736 2194 Vo-

948 2218 1005 2237 cem
1013 2211 1167 2245 θεθυργ-(ας
1177 2211 1243 2238 satis
1250 2218 1302 2238 non
1308 2212 1443 2247 exprimit.
1451 2212 1616 2247 lmperiecta:
1629 2213 1736 2240 demunt

106 2260 182 2287 cltum
195 2260 410 2288 Camaldulensis
423 2260 536 2293 ordinis,
552 2264 580 2286 ut
594 2260 788 2288 inscribiturin
800 2263 894 2288 eodem
911 2262 936 2293 D
949 2259 1012 2283 sum
1035 2255 1153 2282 Perionii
1172 2261 1198 2283 οι
1214 2256 1336 2284 Corderii
1353 2257 1492 2284 versiones
1508 2267 1512 2284 :
1540 2257 1596 2288 illa.
1612 2257 1734 2291 fecitque,

105 2306 225 2339 Dionysii
247 2306 422 2333 Carthusiani
447 2306 594 2339 volumine,
618 2307 690 2341 quod
713 2307 844 2342 integram
861 2308 895 2334 ab

104 2353 199 2380 eodem
219 2352 371 2380 coniectam
387 2353 556 2387 Areopagitae
578 2352 719 2385 librorum,
740 2358 768 2380 et
786 2353 893 2388 Episto—

103 2397 191 2426 larum
211 2399 337 2426 undecim
355 2399 507 2426 versionem
530 2402 649 2432 praestat.
668 2397 830 2425 Tt‘attersarii
848 2406 895 2426 co-

103 2452 220 2480 gnomen
235 2443 293 2478 ejus
307 2448 359 2477 est,
377 2452 409 2471 ac
424 2444 552 2478 oppidum
570 2443 671 2471 l’ortici
686 2451 765 2478 supra
781 2444 894 2471 Forum-

103 2490 210 2523 livium,
229 2488 329 2523 patria.
345 2488 517 2516 Celeberrimi
535 2488 633 2516 smculo
656 2489 771 2516 cadente
790 2489 894 2516 decimo

102 2541 212 2571 quarto,
233 2536 397 2570 Iahentequc
414 2536 510 2569 quinto
527 2536 631 2563 decimo
646 2535 788 2571 scriptoris
807 2535 894 2571 elogia

103 2587 197 2609 texunt
210 2581 403 2616 bibliographi.
424 2580 635 2608 Praeclarissitne
654 2581 687 2608 de
708 2588 740 2608 eo
757 2581 893 2608 disseren-

103 2631 154 2653 tem
171 2626 230 2659 lege
239 2626 398 2660 Apostolum
413 2625 515 2653 chutu
527 2627 555 2653 in
572 2625 808 2653 Dissertationibus
829 2625 894 2652 Vos-

101 2673 183 2699 sianis
198 2672 291 2699 ltalice
308 2673 427 2706 scriptis,
441 2677 508 2699 tom.
521 2672 543 2700 Ι.

135 2719 254 2752 Quartus
276 2723 319 2745 est
338 2718 493 2746 Joacbimus
515 2719 676 2752 Pcrionius,
703 2719 894 2747 Beucdictinus

100 2765 355 2792 Cortnoeriacenus.
372 2764 529 2792 Versionem
550 2773 627 2792 suam
647 2765 771 2792 Latinam
788 2773 893 2792 nuncu-

100 2816 145 2846 pat
164 2810 297 2839 cardinali
322 2810 532 2838 Vindocinensi.
555 2811 583 2837 In
608 2811 721 2845 epistola
741 2810 803 2837 data
828 2809 891 2838 Kal.

100 2857 167 2884 Maii
191 2857 270 2888 1555,
295 2857 335 2885 sic
362 2857 468 2884 habet:
496 2866 505 2882 ι
527 2857 655 2885 Converti
680 2861 769 2884 autem
800 2857 893 2884 omnia

99 2904 156 2938 ejus
168 2911 250 2939 opera
267 2910 328 2938 quae
339 2908 457 2935 exstant,
474 2903 498 2930 id
514 2908 554 2929 est
571 2902 607 2930 De
620 2903 717 2931 coslesti
738 2902 891 2930 hieran/tia

257 2952 392 2981 ιἠιιοι..
416 2950 476 2980 Gn.
500 2951 553 2980 lll.

950 2306 974 2328 et
1000 2310 1094 2336 passus
1119 2306 1155 2329 est
1180 2302 1280 2336 omnia,
1303 2309 1362 2336 quw
1373 2302 1496 2329 humatus
1519 2302 1600 2337 ipsius
1626 2302 1736 2329 actionis

950 2349 1085 2383 praecipua
1107 2353 1166 2375 sunt
1183 2353 1207 2375 et
1223 2348 1370 2382 singularia
1384 2355 1393 2373 .‘
1416 2348 1482 2381 ista,
1511 2357 1591 2384 eaque
1618 2350 1734 2383 gesserit,
1776 2381 1778 2383 ι

951 2395 1105 2429 tuleritque,
1118 2403 1176 2430 quw
1187 2395 1310 2422 humana:
1322 2395 1403 2430 ipsius
1419 2395 1528 2422 actionis
1535 2396 1667 2430 praecipua
1675 2400 1736 2422 sunt

946 2446 970 2468 et
985 2441 1141 2476 singularia.

983 2485 1021 2513 lta
1037 2494 1099 2513 vero
1117 2490 1217 2514 textum
1231 2487 1389 2514 vertendum
1399 2487 1476 2522 jubet
1489 2487 1602 2515 Michael
1620 2488 1734 2522 Lequie~

949 2539 1000 2559 nus
1015 2531 1210 2560 Dissertatione
1241 2540 1260 2559 ιι
1284 2533 1489 2566 Daumscenica,
1510 2542 1584 2561 num.
1602 2534 1659 2566 XV,
1678 2543 1737 2569 ege-

948 2577 1043 2613 ritque,
1058 2583 1081 2605 et
1099 2568 1233 2612 perpessus
1248 2578 1280 2604 sit
1299 2579 1394 2605 eximia
1410 2587 1527 2614 qumque,
1543 2584 1567 2606 et
1582 2580 1734 2607 excellentia

947 2623 1175 2651 ltumano-dirime
1204 2624 1354 2658 efficientia
1377 2633 1464 2658 opera.
1488 2625 1563 2653 lianc
1586 2633 1641 2653 suo-
1667 2631 1736 2653 tetu-

947 2677 1027 2704 pore,
1042 2674 1089 2697 aut
1102 2678 1117 2696 a
1129 2677 1169 2703 se,
1184 2675 1230 2696 aut
1246 2671 1280 2697 ab
1292 2670 1352 2697 aliis
1364 2670 1530 2704 confectam,
1545 2671 1612 2698 vidit
1624 2676 1734 2698 sanctus

947 2715 1068 2743 Thomas
1088 2716 1211 2750 Aquinas
1226 2717 1390 2749 versionem,
1405 2722 1433 2744 et
1445 2716 1567 2744 adhibuit
1589 2725 1618 2745 Ill
1633 2725 1669 2751 p.,
1686 2725 1733 2751 qu.

945 2767 1002 2793 xu,
1018 2766 1069 2788 art.
1088 2762 1113 2794 l,
1131 2762 1157 2788 in
1173 2769 1231 2796 arg.
1245 2762 1270 2794 l,
1285 2763 1388 2796 operari
1403 2768 1426 2790 et
1440 2764 1495 2798 pati
1508 2770 1667 2799 qnwcunque
1681 2762 1735 2788 hu-

945 2814 1032 2833 mana:
1043 2807 1101 2841 ejus
1124 2806 1268 2841 divinaeque
1293 2809 1439 2841 operationi
1457 2812 1615 2843 congruunt.
1632 2807 1732 2840 Nempe

946 2854 1047 2881 Doctor
1068 2853 1215 2887 Angelicus
1235 2860 1285 2887 pro
1312 2861 1359 2880 sua
1373 2854 1482 2888 peritia,
1504 2861 1606 2889 proque
1625 2861 1655 2879 ea
1678 2861 1732 2886 qua

944 2900 1061 2934 pollebat
1080 2900 1180 2935 ingenii
1195 2895 1234 2932 vi.
1250 2899 1306 2928 suis
1320 2901 1347 2928 in
1366 2901 1493 2935 operibus
1511 2901 1589 2928 modo
1608 2904 1728 2934 sequitur
