1925 3070
190 184 224 212 79
751 185 779 213 S.
799 185 983 215 DIONYSIUS
1002 185 1228 214 AREOPAGITA.
1760 187 1796 216 80

186 242 312 269 τοσοῦτον
327 243 374 270 ἐπὶ
387 242 418 269 τὸ
433 243 544 274 ἄναντες
564 242 757 276 ἀνανεύοντας,
783 244 845 271 ὅσον
867 244 963 279 ἑαυτὴν

1020 244 1135 271 siustica:
1149 243 1317 276 hieran-him,
1329 247 1356 271 et
1369 242 1471 278 passim
1485 241 1559 275 alibi.
1573 242 1690 278 appellat
1707 252 1718 269 ι
1733 244 1798 274 τοὺς

187 287 323 314 avolsum
333 288 350 322 ἡ
367 287 518 322 θεαρχικῶν
529 287 626 321 λογίων
640 288 727 320 ἀκτὶς,
742 289 810 324 πρὸς
821 289 871 320 τὰς
882 290 967 325 ὑπερ-

186 333 268 368 τέρας
284 332 380 367 αὒγάς,
398 335 431 368 τῇ
451 334 516 368 περὶ
534 332 568 359 τὰ
584 332 642 359 Θεῖα
658 333 817 370 σωφροσύνῃ
831 334 879 360 καὶ
895 334 966 360 ὁσιό-

185 388 246 414 τητι
263 378 500 414 συστελλομένους.
521 389 530 405 ι
552 379 626 406 Nihil
645 380 727 414 igitur
740 381 846 408 omnino
862 388 964 414 prauu-

185 425 310 451 menduns
327 424 414 451 dicere
428 425 467 451 rel
481 425 596 459 cogitare
608 426 639 452 de
656 425 868 458 superessentiali
882 430 906 453 et
917 426 965 452 ab-

186 470 242 496 dita
259 470 375 501 deitate,
393 474 488 502 printer
509 469 556 495 illa
581 477 641 504 qua:
663 470 789 496 divinitus
813 469 887 496 nobis
904 474 966 497 sunt

185 515 269 541 sacris
291 514 401 550 eloquiis
416 515 561 541 elucidata.
585 515 655 542 Nam
679 519 703 542 et
726 524 870 544 sermonem
886 521 908 543 et
924 516 966 543 in-

187 560 319 586 tellectum
341 565 365 587 et
390 561 530 587 essentiam
561 561 663 588 excedit
691 561 965 594 superessentialitatis

185 607 242 641 ejus
253 607 397 641 ignoratio,
409 607 452 633 cui
464 607 686 641 superessentialis
694 608 802 634 scientia
816 607 963 635 tribuenda.

187 654 276 686 Quare
301 658 402 679 tantum
427 653 461 680 ad
487 654 648 680 inaccessum
671 653 739 680 illud
755 653 841 680 lumen
864 654 965 687 aspire-

185 707 255 732 mus,
269 703 397 734 quantum
413 706 440 725 se
456 699 627 726 insinuaverit
647 699 796 726 divinorum
811 699 856 726 ille
873 700 964 727 radius

185 745 356 771 oraculorum
368 765 375 777 ,
390 753 441 780 quo
455 745 670 772 eminentioribus
685 745 742 771 istis
760 753 846 772 rerum
863 745 968 772 divina-

185 797 244 816 rum
260 789 461 823 splendoribus,
489 790 627 817 sobrietate
643 791 757 825 quadam
773 799 804 817 ac
824 791 964 817 sanctitate

186 839 423 868 contemperamur.

219 879 339 914 Denique
358 879 385 906 in
412 879 526 915 Mystica
542 879 693 915 Theologia,
715 888 773 916 cap.
794 882 819 913 l,
836 889 869 909 ex
888 881 964 909 Scri-

1021 290 1161 324 θεολόγους
1178 300 1188 316 ι
1207 290 1349 324 theologos.
1367 299 1376 315 ι
1393 290 1458 321 τοὺς
1478 289 1585 320 ἐνθέους
1598 289 1676 324 ἡμῶν
1695 290 1798 326 lepor:—

1017 334 1123 366 λεστάς,
1139 344 1148 360 ι
1166 335 1252 361 divino
1269 334 1375 361 numine
1392 334 1491 369 amatos
1509 342 1597 361 sacros
1622 339 1724 361 nostros
1743 335 1797 360 ini-

1017 379 1135 412 tiatores,
1155 388 1165 405 r
1184 379 1247 411 τοὺς
1270 379 1377 410 ἐνθέους
1400 379 1547 414 ιεράρχας,
1563 388 1572 405 s
1595 378 1681 405 divino
1701 378 1796 412 spiritu

1016 424 1118 458 amatos
1137 424 1298 457 trierarchos,
1315 433 1325 450 ε
1342 424 1405 455 τοὺς
1428 423 1553 459 πρώτους
1574 423 1625 458 τῆς
1644 423 1705 450 καθ’
1723 423 1796 458 ἡμᾶς

1017 469 1158 505 ἱεραρχίας
1175 469 1378 505 καθηγεμόνας,
1398 479 1408 496 ι
1422 471 1519 504 primos
1535 470 1688 496 hieran-hia:
1700 476 1796 496 nostra:

1016 520 1201 552 prtcceptores,
1227 513 1273 550 §5
1289 524 1296 542 :
1314 525 1323 541 ι
1344 515 1392 541 Ἐκ
1413 515 1463 550 τῆς
1485 515 1646 551 ὑπερουσίου
1669 515 1797 551 θεαρχιας

1015 558 1113 591 αὐτούς
1123 568 1152 587 τε
1159 559 1380 596 ἀναπλησθέντας
1391 560 1437 586 τοῦ
1457 560 1529 596 ἱεροῦ
1542 559 1640 595 δώρου,
1655 560 1702 587 καὶ
1714 561 1753 592 εἰς
1766 560 1797 588 τδ

1015 604 1078 639 ἑξῆς
1087 604 1152 631 αὐτὸ
1162 607 1328 641 προαγαγεῖν
1342 605 1395 632 ὑπὸ
1408 605 1459 640 τῆς
1471 604 1617 641 θεαρχικῆς
1630 605 1797 642 ἀγαθὸτητος

1014 649 1244 685 ἀπεσταλμένους,
1255 660 1264 676 ι
1283 650 1324 677 Es:
1337 650 1545 684 superessentiali
1560 650 1705 677 Divinitate
1719 658 1796 677 sacro

1015 695 1086 729 ipsos
1101 703 1208 722 munere
1222 695 1344 730 repletos,
1360 700 1384 722 et
1400 695 1429 722 in
1441 700 1557 729 posteros
1574 695 1641 722 illud
1654 697 1738 730 ipsum
1749 696 1795 722 de-

1015 741 1127 768 rivatum
1144 749 1160 767 α
1174 741 1262 768 divina
1275 741 1390 768 bonitate
1403 742 1506 774 missos,
1521 747 1574 769 etc.

1261 797 1480 827 OBSERVATIO
1506 799 1550 826 Ill.

1101 845 1272 878 Quadruplex
1289 847 1321 872 de
1339 846 1392 873 Deo
1413 846 1616 880 philosophandi
1630 847 1707 874 ratio.

1050 890 1171 919 Notanda
1185 895 1226 919 est
1240 892 1319 926 hujus
1331 892 1418 919 sancti
1432 892 1599 926 quadruplex
1615 893 1648 920 de
1664 893 1718 920 Deo
1732 892 1795 927 phi-

183 926 270 960 pturis
289 927 389 959 tradit,
416 926 498 954 Deum
523 927 650 955 tenebras
675 928 798 962 posuisse
824 928 963 956 latibulum

1016 936 1175 971 losophandi
1194 925 1381 966 ratiosPrima
1407 925 1459 970 est,
1478 925 1559 972 prout
1577 939 1646 966 Deus
1662 939 1688 965 in
1706 925 1795 973 seipse

183 978 261 997 suum
274 970 308 1003 ⁷¹,
333 976 360 998 et
385 971 472 998 lucem
498 972 654 999 inhabitare
679 973 893 1002 inaccessibilem
911 984 919 1003 :
937 979 964 1002 et

183 1016 307 1051 exemplo
338 1016 439 1052 Moysis
467 1018 632 1052 ostendit",
661 1020 796 1053 quomodo
820 1020 963 1056 caliginem

183 1061 255 1088 illam
272 1063 412 1097 mysticam
429 1063 586 1091 subintrare
598 1070 733 1098 oporteat.
747 1065 785 1093 Ex
798 1067 895 1100 quibus
910 1075 964 1096 cm-

183 1107 305 1142 terisque
329 1108 439 1142 scriptis
466 1108 543 1142 ejus,
569 1111 695 1137 omnibus
718 1111 819 1145 liquido
844 1119 963 1146 constat,

184 1152 213 1179 S.
234 1151 391 1188 Dionysium
407 1153 444 1180 nil
461 1154 512 1181 nisi
526 1162 541 1182 e
555 1155 636 1183 verbo
654 1155 702 1182 Dei
718 1157 904 1192 depromptum
921 1158 964 1186 af-

183 1197 268 1225 terre.

438 1232 655 1263 OBSERVATIO
674 1235 706 1265 ll.

184 1277 238 1320 Cur
263 1278 471 1320 S._Dion1sius,
487 1286 510 1307 et
527 1282 759 1320 quanpmagrtiﬁee
775 1284 808 1311 de
823 1284 963 1320 Scriptura

219 1288 238 1305 ιτ
263 1288 293 1305 ο.
317 1288 387 1306 mon
405 1288 471 1319 stus,
487 1288 510 1307 et
527 1289 605 1316 quant
621 1288 759 1318 magni/tce
775 1288 808 1311 de
823 1288 962 1320 Scriptura

219 1314 352 1354 loquatur.
379 1288 478 1354 auibus
504 1317 653 1354 nominibus
675 1318 827 1354 Scripturas
840 1320 962 1354 appellet.

224 1348 325 1380 Quibus
343 1350 490 1377 nominibus
507 1351 637 1385 apostolos
652 1348 796 1386 compellet.

219 1393 286 1420 Cum
305 1397 414 1420 sanctus
428 1394 484 1427 hic,
497 1396 534 1422 uti
550 1402 687 1424 ostensum
699 1402 750 1430 est,
766 1402 848 1426 totam
861 1399 963 1427 doctri-

184 1447 249 1467 nam
266 1446 343 1466 suam
360 1440 468 1468 hauriat
484 1446 510 1468 et
527 1442 648 1469 stabiliat
667 1450 700 1470 ex
723 1444 809 1472 verbo
828 1445 892 1478 Dei,
912 1446 964 1474 hoc

184 1486 222 1513 illi
250 1488 348 1516 merito
377 1487 501 1523 inprimis
517 1496 589 1516 curae
607 1494 648 1518 est
664 1494 694 1517 ut
715 1497 768 1526 quo
786 1492 897 1518 verbum
916 1492 963 1519 Dei

185 1533 274 1568 majus
289 1535 359 1570 apud
375 1543 424 1563 nos
444 1539 613 1562 momentum
633 1535 745 1569 habeat,
763 1544 812 1571 per
827 1538 963 1565 sublimis-

186 1579 271 1607 simas
288 1586 316 1608 et
334 1588 449 1616 prorsus
465 1582 570 1609 divinas
586 1581 713 1617 loquendi
732 1582 878 1616 formulas,
892 1583 962 1610 divi-

185 1632 249 1652 nam
269 1624 328 1660 ejus
352 1627 540 1654 auctoritatem
560 1627 638 1654 nobis
658 1626 793 1661 inculcet,
809 1635 912 1663 nosque
928 1628 965 1656 si-

185 1669 241 1696 mul
263 1670 291 1696 in
314 1670 433 1704 ejusdem
461 1671 667 1698 admirationem
689 1671 794 1706 rapiat,
811 1679 898 1706 neque
915 1672 965 1699 llu-

186 1715 266 1742 mlles
283 1715 316 1743 de
331 1716 479 1751 Scripturis
492 1716 672 1752 cogitationes
687 1717 787 1744 habere
802 1717 882 1744 sinat.
896 1717 966 1745 Hinc

183 1760 243 1788 tere
260 1768 398 1795 nunquam
421 1768 468 1789 eas
489 1761 594 1797 vulgari
620 1762 727 1789 nomine
749 1761 905 1796 Scripturas
918 1771 965 1796 ap-

183 1807 285 1841 pellat,
307 1807 354 1834 sed
381 1807 471 1835 divina
496 1815 608 1843 prorsus
631 1808 734 1835 ratione
751 1808 962 1842 circumscribit,

183 1853 225 1880 uti
240 1860 274 1881 ex
293 1853 359 1881 locis
381 1862 461 1889 supra
480 1855 571 1882 citatis
593 1859 620 1882 et
639 1855 755 1882 maxime
774 1855 863 1890 capite
879 1855 890 1883 l
907 1855 965 1883 Cte-

183 1900 255 1927 l‘sstis
271 1900 427 1927 hierarchiw
453 1900 546 1927 videre
562 1899 642 1933 licet,
664 1900 708 1927 ubi
725 1901 750 1927 in
769 1901 867 1934 titulo,
885 1908 963 1928 sacra

183 1944 324 1979 Scriptura
354 1945 455 1972 dicitur
483 1945 548 1972 θεία
573 1945 741 1980 euang-lc,
760 1945 786 1972 id
812 1950 853 1973 est
875 1946 964 1972 divina

183 1989 338 2022 illustratio,
353 1994 381 2017 et
394 1990 420 2017 in
441 1994 569 2018 contextu
589 1990 810 2025 Πατροκινήτου
831 1999 965 2025 semiesas-

183 2035 266 2068 νὲίας
285 2035 432 2069 πρόοδος,
451 2035 478 2063 id
497 2040 537 2063 est
556 2044 572 2063 a
588 2035 671 2063 Patre
683 2041 762 2063 motae
779 2036 963 2064 illustratianis

183 2082 326 2108 emanatio.
344 2081 378 2108 Et
394 2081 520 2109 invocato
535 2080 611 2115 Jesu,
629 2083 662 2108 ad
679 2081 738 2115 ejus
759 2082 964 2117 contemplatio-

184 2133 246 2152 nem
261 2133 292 2153 se
312 2131 471 2153 reverenter
485 2134 663 2161 componens,
680 2127 778 2154 ibidem
794 2128 851 2154 ait:
869 2137 877 2153 I
903 2128 965 2155 Ἐπὶ

181 2171 230 2203 τὰς
257 2172 311 2198 τῶν
340 2173 494 2209 ἱερωτάτων
515 2172 613 2207 λογίων
635 2173 893 2209 Πατροπαραδότους
918 2174 963 2200 ὲλ-

181 2218 298 2254 λάμψεις
323 2218 360 2250 ὡς
382 2218 491 2253 ἐφικτὸν
508 2219 709 2254 ἁνανεὺσωμεν.
728 2228 737 2245 ι
757 2219 798 2245 Ad
812 2220 964 2246 sacratissi-

1013 989 1074 1008 esse
1090 982 1252 1017 concipitur,
1267 983 1419 1010 secundum
1437 990 1483 1010 eas
1500 983 1678 1017 proprietates
1691 990 1722 1009 ac
1733 990 1796 1016 per.

1014 1028 1158 1061 rectiones,
1174 1036 1235 1063 quae
1251 1028 1289 1056 illi
1302 1035 1336 1056 ex
1348 1033 1443 1056 natura
1459 1029 1497 1055 rei
1515 1036 1563 1056 seu
1581 1029 1796 1056 substantialiter

1014 1075 1181 1102 conveniunt
1199 1079 1323 1109 respectu
1347 1075 1404 1107 sui,
1428 1079 1458 1102 ut
1478 1079 1562 1108 sunt,
1580 1082 1640 1102 esse
1662 1082 1743 1102 unum
1767 1075 1794 1101 in

1014 1121 1132 1148 essentia
1148 1128 1196 1148 seu
1218 1125 1313 1148 natura
1327 1121 1417 1149 divina
1428 1141 1436 1154 ,
1455 1121 1554 1148 trinum
1571 1122 1597 1148 in
1615 1122 1748 1155 personis,
1765 1125 1794 1148 ct

1013 1171 1110 1194 camera
1129 1174 1188 1201 qua:
1215 1166 1269 1194 Deo
1285 1171 1348 1194 sunt
1368 1167 1524 1194 intrinseca.
1547 1166 1670 1194 Secunda
1684 1186 1692 1200 ,
1714 1171 1795 1201 prout

1014 1212 1204 1239 consideratur
1224 1220 1284 1240 cum
1301 1217 1423 1248 respectu
1445 1217 1472 1240 et
1487 1213 1583 1240 ordine
1595 1213 1628 1239 ad
1644 1216 1792 1244 creaturas,

1014 1262 1148 1293 quatenus
1166 1258 1291 1286 videlicet
1312 1266 1405 1286 earum
1431 1263 1528 1286 auctor
1557 1264 1609 1292 est,
1626 1260 1794 1293 gubernator

1014 1311 1046 1331 ac
1061 1303 1132 1336 ﬁnis,
1151 1309 1177 1331 et
1191 1305 1231 1332 sic
1246 1305 1284 1332 illi
1301 1305 1442 1339 desumpta
1458 1313 1491 1332 ex
1507 1304 1612 1332 eﬁ'ectis
1631 1305 1738 1332 nomina
1753 1310 1795 1332 ao-

1015 1349 1177 1377 commodal.
1191 1348 1293 1381 Tertia,
1311 1354 1391 1383 prout
1407 1349 1477 1377 Deus
1499 1350 1525 1376 in
1549 1349 1697 1384 Scripturis
1708 1349 1795 1377 sacris

1015 1395 1184 1422 diversarum
1207 1403 1298 1422 rerum
1320 1403 1514 1431 corporearum
1532 1396 1625 1431 ﬁguris
1645 1403 1794 1430 repraesen-

1015 1442 1102 1470 tatur,
1126 1442 1154 1466 et
1177 1440 1333 1467 earumdem
1353 1441 1510 1468 nominibus
1530 1441 1662 1473 aﬁicitur,
1680 1445 1709 1467 ut
1731 1448 1793 1468 cum

1014 1488 1127 1511 vocatur
1148 1492 1245 1518 agnus,
1262 1485 1313 1517 leo,
1332 1490 1418 1520 petra,
1433 1492 1487 1513 etc.
1504 1486 1618 1519 Quarta,
1642 1491 1722 1521 prout
1745 1493 1794 1520 per

1014 1528 1134 1555 omnium
1150 1536 1241 1556 rerum
1263 1530 1483 1565 conccptibilium
1507 1531 1684 1562 oblationem,
1701 1535 1727 1558 et
1742 1538 1793 1557 no-

1015 1574 1065 1600 stri
1091 1574 1175 1609 ipsius
1195 1575 1412 1607 abdicationem,
1428 1575 1512 1603 divini
1537 1576 1637 1603 amoris
1661 1577 1794 1604 subvecta

1016 1619 1112 1654 pennis
1123 1639 1131 1653 ,
1158 1628 1235 1648 mens
1256 1626 1348 1648 nostra
1364 1621 1390 1648 in
1407 1621 1488 1648 Deum
1505 1621 1664 1657 subrigitur,
1679 1626 1708 1650 et
1722 1629 1793 1656 pra:-

1016 1665 1112 1692 Sentia:
1137 1665 1196 1700 ejus
1214 1667 1296 1694 radiis
1314 1666 1402 1694 aﬂlata
1414 1686 1422 1699 ,
1439 1666 1579 1702 caligando
1597 1667 1702 1702 penitus
1717 1671 1792 1695 extra

1015 1719 1150 1747 supraque
1172 1720 1202 1740 se
1221 1713 1324 1748 rapitur
1340 1717 1421 1748 atque
1438 1712 1606 1741 absorbetur.
1623 1714 1661 1740 Ac
1676 1714 1792 1748 primam

1015 1759 1122 1793 quidem
1147 1765 1191 1786 res
1212 1759 1318 1786 divinas
1343 1760 1478 1787 tractandi
1503 1760 1635 1786 rationem
1655 1760 1741 1787 tenuit
1765 1760 1793 1786 in

1015 1804 1086 1831 libro
1108 1803 1327 1839 Hypotyposeam,
1347 1809 1376 1832 ut
1395 1812 1427 1832 ex
1442 1812 1501 1840 cap.
1517 1805 1534 1832 5
1548 1804 1667 1840 Mysticte
1693 1805 1793 1832 tlteolo~

1015 1851 1065 1885 gia:
1088 1854 1185 1883 patet;
1203 1849 1250 1878 sed
1274 1857 1370 1885 magno
1386 1850 1513 1878 Ecclesiae
1533 1851 1631 1878 damno
1653 1851 1793 1879 divinissi-

1016 1903 1076 1924 mus
1092 1896 1137 1924 ille
1151 1901 1285 1924 tractatus
1298 1897 1446 1924 intercidit.
1462 1896 1616 1924 Secundam
1628 1905 1692 1924 vero
1706 1897 1794 1924 ratio-

1014 1949 1076 1969 nem
1098 1947 1190 1970 servat
1205 1943 1233 1969 in
1257 1942 1326 1969 libro
1340 1941 1379 1969 De
1389 1942 1484 1969 divinis
1499 1944 1657 1970 nominibus.
1674 1942 1793 1970 Tertiam

1013 1988 1162 2015 tradiderat
1177 1989 1203 2015 in
1218 1988 1367 2024 Symbolica
1392 1989 1532 2024 theologia,
1547 1989 1623 2024 cuius
1638 1989 1794 2024 frequenter

1014 2035 1180 2062 mentionem
1201 2035 1284 2067 facit,
1300 2035 1347 2063 sed
1362 2035 1489 2063 similiter
1508 2035 1687 2063 desideratur.
1703 2035 1792 2069 Quar-

1014 2084 1069 2108 tam
1086 2082 1205 2116 denique
1226 2082 1398 2115 maximeque
1416 2081 1566 2109 mirabilem
1581 2082 1699 2116 practice
1715 2082 1793 2109 theo-

1012 2128 1118 2163 logandi
1140 2135 1264 2155 normam
1281 2128 1363 2156 tradit
1385 2128 1410 2154 in
1432 2127 1544 2163 Hystica
1578 2128 1720 2162 theologia,
1733 2136 1793 2163 qua!

1013 2180 1067 2200 non
1085 2178 1190 2200 tantum
1216 2173 1382 2200 intellectum
1408 2173 1463 2200 Deo
1479 2173 1590 2208 subjicit
1611 2178 1638 2200 et
1659 2174 1794 2208 adjungit,

1012 2219 1058 2246 sed
1091 2219 1132 2246 vel
1168 2219 1368 2254 quammaxime
1399 2218 1522 2246 allectum
1548 2219 1646 2252 allicit,
1686 2224 1733 2253 et,
1763 2224 1793 2247 ut

181 2274 283 2292 morum
299 2274 315 2292 a
332 2265 456 2292 Patribus
467 2267 578 2292 traditas
593 2266 755 2301 eloquiorum
770 2266 959 2293 illustrationes
975 2269 998 2296 D
1014 2264 1045 2291 S.
1058 2263 1191 2292 Maximus
1206 2269 1232 2293 et
1251 2265 1395 2301 Dionysius
1416 2266 1616 2293 Alexandrinus
1633 2265 1791 2300 loquuntur,

181 2318 229 2345 pro
241 2310 338 2337 viribus
358 2311 542 2345 suspiciamus.
557 2311 590 2337 Et
603 2319 722 2343 rursum,
740 2315 818 2338 vocat
831 2318 892 2338 eam
911 2311 962 2346 τὴν

182 2355 299 2391 ἀρχικὴν
324 2356 370 2382 καὶ
381 2355 545 2391 ὑπεράρχιον
558 2355 604 2382 τοῦ
618 2355 762 2391 Θεαρχικοῦ
782 2355 889 2391 Πατρὸς
906 2364 963 2390 φω-

181 2401 315 2434 τοδοσίαν,
335 2409 344 2426 ι
371 2401 396 2428 id
421 2406 462 2428 est
482 2401 652 2436 principalem
669 2406 695 2428 et
715 2401 963 2436 superprincipalem

183 2445 284 2478 Patris,
296 2445 342 2480 qui
352 2446 508 2480 principium
518 2445 669 2472 Divinitatis
681 2451 734 2478 est,
742 2446 962 2478 illustratio-em;

182 2496 210 2518 et
223 2491 301 2525 paulo
315 2495 392 2526 post:
413 2492 482 2526 «τὴν
501 2491 648 2527 θεαρχικὴν
667 2492 773 2523 ἀκτῖνα,
795 2501 805 2518 ι
825 2492 851 2519 id
866 2497 907 2519 est
920 2492 961 2518 di-

183 2536 428 2571 uino-principalem
443 2537 568 2570 radium;
586 2538 649 2565 alibi
666 2546 676 2563 ι
697 2539 746 2574 τὴν
769 2538 927 2572 Θεολογίαν,
948 2547 958 2564 ι

184 2587 237 2609 etc.
261 2581 308 2609 Sic
323 2582 483 2609 traditiones
501 2588 580 2610 vocat
594 2590 619 2610 c.
637 2583 664 2614 2,
681 2583 695 2618 §
711 2583 737 2615 5,
752 2593 761 2609 ι
779 2585 828 2619 τὴν
843 2585 961 2619 κρυφίαν

183 2627 229 2654 καὶ
244 2627 382 2662 ἱερατικὴν
398 2627 555 2662 παράδοσιν,
569 2636 578 2653 ι
600 2628 626 2654 id
641 2635 682 2655 est
693 2637 818 2655 arcanam
833 2635 856 2656 et
873 2637 961 2657 sacer-

183 2673 295 2701 dotalem
312 2674 492 2707 traditionem,
509 2675 608 2709 quibus
620 2674 734 2710 aliisque
758 2675 959 2704 sublimissimis
987 2683 990 2686 λ

182 2719 309 2754 loquendi
325 2719 420 2751 modis,
442 2719 476 2747 ad
499 2720 630 2747 sublimes
646 2728 677 2748 ac
697 2721 750 2747 Deo
768 2721 863 2756 dignas
877 2722 957 2756 erigit

182 2766 382 2793 meditationes.
401 2765 528 2793 Eamdom
554 2766 588 2793 ob
612 2773 722 2793 causam
745 2767 798 2794 SS.
822 2768 959 2802 apostolos

183 2811 302 2845 aliosque
325 2810 470 2846 Scriptum
485 2818 569 2838 sacras
589 2813 752 2846 scriptorcs,
776 2820 802 2840 c.
821 2813 833 2840 1
862 2812 954 2841 Eccle-

255 2890 278 2905 “
291 2889 360 2917 Psal.
379 2891 479 2918 xvn."
492 2889 577 2918 Exod.
594 2898 652 2925 xix,
677 2899 767 2918 xxxiii.

1011 2311 1075 2343 ταῖς
1090 2311 1260 2344 ἀδιδάκτοις
1273 2312 1316 2339 vel
1331 2313 1418 2346 potius
1432 2311 1629 2344 θεοδιδάκτοις
1639 2307 1794 2346 [motaru—

1011 2358 1090 2392 τΙαις
1106 2358 1132 2385 in
1150 2358 1205 2384 Deo
1221 2357 1378 2385 felicissime
1402 2357 1516 2385 collocat
1539 2365 1570 2384 ac
1593 2357 1694 2390 ﬁrmat,
1709 2358 1746 2384 ita
1764 2362 1793 2384 ut

1014 2403 1087 2430 nulla
1106 2402 1250 2437 theologia:
1264 2410 1328 2437 pars
1340 2410 1356 2428 a
1371 2402 1541 2430 divinissimo
1552 2402 1633 2436 plane
1647 2403 1706 2429 viro
1722 2409 1794 2436 pra:-

1016 2449 1144 2477 termissa
1159 2449 1292 2478 videatur.

1260 2490 1475 2520 OBSERVATlO
1501 2490 1545 2519 ιν.

1109 2539 1195 2572 Quam
1211 2539 1261 2565 vim
1278 2537 1388 2564 habeant
1405 2538 1548 2571 composita
1565 2544 1598 2563 ea;
1618 2537 1706 2570 ὺπέρ.

1049 2584 1187 2612 Notandus
1198 2591 1304 2618 quoque
1315 2591 1375 2610 cum
1391 2583 1483 2610 Lessio
1498 2582 1544 2609 lib.
1558 2590 1565 2609 I
1577 2582 1615 2608 De
1625 2582 1794 2616 perfectioni—

1015 2630 1062 2657 bus
1076 2631 1182 2663 divinis,
1199 2637 1260 2664 cap.
1271 2630 1298 2661 5,
1314 2627 1446 2655 mirabilis
1456 2632 1481 2654 et
1494 2627 1552 2662 plus
1563 2635 1644 2662 quam
1661 2628 1794 2653 humanus

1015 2677 1112 2703 modus
1129 2676 1258 2710 loquendi
1279 2675 1309 2702 S.
1328 2674 1459 2708 Dionysii,
1481 2681 1536 2709 quo
1555 2675 1640 2700 utitur
1654 2672 1687 2698 ad
1703 2672 1794 2706 expri-

1015 2723 1140 2750 mendam
1164 2729 1273 2749 suorum
1298 2727 1477 2756 conceptuum
1501 2720 1703 2750 sublimitatem,
1717 2722 1744 2744 et
1759 2718 1792 2744 ad

1014 2768 1164 2795 divinitatis
1177 2775 1257 2802 supra
1271 2768 1362 2794 omnia
1384 2773 1475 2795 creata
1487 2772 1576 2794 mente
1589 2763 1790 2798 conceptibil,;a,

1015 2813 1147 2842 inﬁnitam
1180 2814 1355 2842 eminentiam
1377 2815 1565 2842 insinuandam
1599 2812 1792 2848 pra-positione
