1925 3070
136 114 176 147 ”8Ι
825 121 1090 151 PROLEGOMENA.
1731 126 1763 154 82

143 175 221 209 ὑπέρ
235 175 377 210 praeposita
388 196 396 209 ,
412 177 535 204 vocando
549 185 577 205 ν.
591 184 619 213 g.
637 177 721 205 Deum
742 187 752 203 ι
771 178 928 214 ὑπερούσιον

983 179 1176 212 essentialiter,
1198 187 1229 208 ac
1240 179 1355 215 proinde
1376 179 1496 209 absolute
1506 186 1532 208 et
1545 182 1677 216 perfecte,
1694 183 1766 211 sicut

144 219 251 252 οὐσίαν,
270 230 280 247 ι
296 222 435 249 essentiam
454 223 709 257 superestentialem,
725 224 853 252 nimirum
866 226 929 260 quia

143 271 187 293 est
201 268 319 294 essentia
334 275 382 295 seu
395 269 547 296 substantia
562 270 727 298 eminentior
738 271 812 298 omni
834 278 929 299 essen-

144 312 180 339 tia
197 313 361 347 conceptibli
377 321 392 340 a
408 318 532 341 creatura
547 324 553 341 :
570 315 634 342 item
645 325 654 342 ι
675 316 846 352 ὺπεράγαϐον
860 318 929 352 ἀγα-

143 358 259 394 θότητα,
275 359 322 386 καὶ
334 359 465 396 ὑπέροεον
490 360 620 396 θέοτητα,
639 371 649 387 t
668 362 809 389 bonitatem
824 368 847 390 et
862 364 929 390 dioi-

134 405 262 439 nitatem,
274 405 346 432 omni
359 405 475 433 bonitate
488 411 513 433 et
525 407 622 435 deitate
633 408 795 442 conceptibili
811 409 928 436 eminen-

143 450 254 482 tiorem;
283 452 418 484 quomodo
441 452 598 486 exponenda
622 457 686 480 sunt
709 454 800 481 omnia
820 455 929 482 nomina

141 495 293 530 composita
308 503 342 523 ex
357 497 488 531 particula
501 498 588 532 ὑπέρ,
606 503 635 526 ut
646 499 829 534 ὺπέρςρωτος,
843 502 930 535 ὑπερ-

136 540 256 574 άρχιος,
273 542 458 576 ὑπερτελής,
473 548 541 577 etc.,
555 544 582 571 id
607 549 648 572 est
670 546 741 572 omni
768 546 835 579 luce,
857 547 928 574 omni

141 587 286 621 principio,
301 588 372 614 omni
395 588 554 623 perfectione
570 589 750 620 excellentior.
774 591 841 619 Illud
855 593 927 620 enim

142 631 229 666 ὺπέρ.
247 632 273 659 id
286 638 423 667 estsuper,
437 634 508 669 apud
523 633 680 670 Dionysium
693 635 721 662 in
734 637 928 671 compositione

142 676 267 711 designat
287 677 496 711 excellentiam,
512 685 632 707 creatam
649 687 756 708 omnem
773 682 928 718 intelligen-

144 721 211 748 tiam
226 727 413 756 superantem.

167 777 223 806 Vox
245 780 336 807 οὐσία
349 789 429 816 quam
448 782 506 827 vim.
520 783 616 844 héabeat
641 792 700 811 cum
724 785 910 820 prmpotitione

492 825 535 844 υπ
551 826 578 844 ο.

492 825 578 852 exop.

180 859 247 886 Cum
260 865 350 887 autem
363 862 516 897 praepositio
535 863 610 898 ὺπέρ
631 864 697 892 nulli
714 865 845 895 vocabulo
870 866 927 894 fre-
942 857 964 885 Β

143 906 272 939 quentius
288 914 463 943 praeponatur
478 917 559 944 quam
579 911 638 938 voci
659 912 766 944 οὐσία,
787 912 927 941 sciendum

143 951 216 979 hanc
239 959 332 979 vocem
348 954 418 988 apud
437 955 594 990 Dionysium
621 961 648 984 ut
670 957 817 991 plurimum
840 959 927 994 accipi

142 1003 196 1032 pro
212 998 341 1032 essentia,
364 1001 518 1028 substantia
529 1021 537 1034 ,
553 1007 661 1034 natura,
678 1005 828 1038 priesertim
845 1005 927 1040 spiri-

145 1043 227 1075 tuaii,
242 1049 269 1072 et
285 1045 420 1073 interdum
434 1047 532 1082 etiam,
550 1049 597 1076 sed
614 1049 714 1082 rarius,
733 1057 784 1084 pro
799 1051 926 1079 materia.

143 1088 259 1122 Quando
286 1095 375 1118 autem
407 1092 563 1127 adjungitur
597 1094 635 1122 illi
668 1096 823 1130 praepositio
845 1096 926 1133 ὑπέρ,

143 1142 201 1164 tum
223 1138 280 1166 fere
300 1140 333 1167 de
348 1140 404 1168 Deo
421 1142 557 1177 rebusque
571 1143 672 1171 divinis
687 1152 719 1172 ac
733 1149 928 1180 supernatura-

141 1184 215 1213 libus
230 1194 319 1214 sermo
342 1191 394 1214 est.
413 1187 483 1215 Hinc
499 1189 546 1217 lib.
573 1189 612 1217 De
638 1191 733 1218 diuinis
762 1192 926 1227 nominibus,

145 1239 208 1265 cap.
223 1233 250 1265 1,
265 1231 280 1268 §
298 1233 321 1265 Ι,
337 1239 365 1261 et
387 1234 452 1262 alibi
480 1237 599 1270 passim,
622 1237 701 1265 [idem
722 1242 801 1266 vocat
817 1247 826 1264 ι
844 1239 928 1274 ὑπερ-

142 1277 233 1304 ούσιον
246 1279 410 1315 ἐπιστήμην,
420 1289 430 1306 ι
444 1280 470 1307 id
484 1284 526 1308 est
537 1283 764 1315 supernaturalem
773 1284 924 1317 scientiam,

142 1323 206 1358 quia
233 1325 335 1353 viribus
364 1330 467 1354 natura
495 1327 590 1355 haberi
616 1328 729 1363 nequit,
759 1329 804 1357 sed
830 1337 844 1356 a
873 1329 928 1357 Deo

141 1371 222 1399 nobis
244 1371 301 1405 ejus
328 1372 437 1400 habitus
464 1372 568 1400 infundi
597 1374 697 1407 debet,
726 1380 754 1402 et
786 1375 835 1402 Dei
863 1383 927 1410 ara--

143 1418 182 1444 tia
208 1424 274 1452 opus
310 1422 352 1445 est
379 1423 408 1445 ut
432 1424 510 1447 actus
530 1419 593 1446 ﬁdei
617 1420 753 1450 eliciatur.
776 1421 821 1449 Sic
845 1422 926 1449 etiam

142 1461 294 1495 Christum,
313 1468 442 1498 tanquam
458 1464 520 1492 lidei
535 1469 561 1491 et
583 1465 677 1500 gratiae
693 1471 850 1499 auctorem,
866 1474 927 1502 cap.

143 1506 156 1532 Ι
175 1505 248 1533 Eccl.
269 1507 409 1543 hierar.,§
427 1509 452 1540 i,
467 1509 582 1544 appellat
599 1518 608 1534 ‹
628 1509 844 1545 θεαρχικώτατον
862 1511 924 1538 νοῦν
942 1529 966 1559 c

142 1552 193 1580 καὶ
218 1553 418 1591 ὑπεροὺσιονλ»
433 1553 460 1581 id
479 1559 520 1581 est
541 1559 653 1582 mentem
680 1556 793 1583 maxime
809 1556 927 1584 divinant

143 1607 176 1624 ac
194 1599 431 1633 supernatat-atem.
457 1599 589 1628 Similiter
613 1601 819 1629 sacramentalia
837 1606 865 1629 et
885 1609 929 1630 sa-

142 1648 286 1671 cramenta
298 1664 305 1677 ,
329 1650 357 1672 et
377 1644 532 1680 Scripturas
548 1645 652 1674 divinas
671 1646 769 1674 ibidem
788 1647 802 1683 §
817 1647 834 1675 5
852 1653 930 1676 vocat

146 1700 156 1716 ί
175 1690 206 1716 τὸ
222 1690 293 1727 ἱερὸν
307 1691 393 1727 δῶρον
408 1692 456 1727 τῆς
475 1692 638 1727 ὑπερουσίου
657 1692 801 1729 Θεαρχίςις,
820 1703 829 1719 ι
845 1694 870 1722 id
886 1699 930 1721 est

144 1745 251 1762 sacrum
272 1745 367 1765 munus
382 1738 591 1773 supernaturalis
614 1738 661 1765 Dei
675 1739 850 1774 principatus.
866 1739 929 1768 Hace

146 1781 220 1808 enim
234 1782 326 1809 omnia
342 1787 466 1817 spectant
484 1783 520 1810 ad
539 1784 661 1811 ordinem
677 1788 774 1812 natura
790 1785 929 1813 sublimio-

146 1834 216 1860 rem,
231 1827 335 1855 scilicet
355 1828 464 1863 gratiae,
480 1835 533 1863 qua
557 1835 639 1863 supra
661 1833 785 1856 naturam
801 1830 835 1857 ad
859 1830 929 1858 divi-

147 1879 214 1898 num
229 1871 372 1906 quemdam
387 1876 486 1900 statum
504 1873 651 1907 elevamur,
667 1874 705 1901 uti
730 1874 808 1902 docet
828 1874 929 1912 Diony-

147 1918 204 1945 sius
220 1917 258 1944 De
274 1917 336 1944 ccci.
355 1918 433 1951 Itier.,
452 1926 512 1953 cap.
527 1918 554 1952 2,
569 1924 646 1954 parte
664 1927 683 1947 t.

405 1987 622 2017 OBSERVATIO
640 1990 672 2017 V.

147 2036 219 2069 Quid
242 2035 389 2070 signiﬁcent
413 2035 557 2070 composita
582 2043 614 2063 ea:
643 2038 724 2064 αὐτό.
751 2037 867 2066 Nomina
888 2040 930 2067 di-

185 2072 246 2098 vina
260 2069 310 2104 quo
323 2078 400 2097 sensu
409 2069 441 2095 de
453 2069 504 2096 er
513 2070 647 2102 praedicet.
664 2072 735 2105 Quid
764 2074 799 2100 sit
826 2083 856 2101 ea
868 2076 929 2102 080-

184 2104 305 2167 :zperztbq
332 2107 482 2142 praedicari.
513 2105 574 2133 Non
603 2107 688 2134 solum
711 2109 853 2136 secundum
869 2118 929 2137 cau-

183 2150 239 2168 sam
272 2149 316 2168 ιιι.

981 225 1040 259 ipsa
1065 225 1194 252 divinitas
1220 229 1262 254 est
1287 227 1313 253 in
1339 226 1458 261 qualibet
1482 235 1599 258 persona
1622 235 1655 256 ex
1678 229 1763 256 tribtu

984 275 1052 302 tota.
1068 270 1201 305 perlecta,
1218 275 1321 307 integra
1335 276 1362 299 et
1374 272 1465 307 plena.

1017 317 1094 346 Unde
1114 318 1184 346 bene
1204 319 1358 347 observavit
1375 319 1406 346 P.
1427 319 1525 348 Franc.
1549 320 1702 348 Turrianns
1729 321 1763 348 ad

979 363 1093 392 Joannis
1106 365 1297 400 Cyparissiota:
1313 365 1445 393 Decadem
1461 373 1488 393 IV
1506 366 1686 400 Expositionis
1703 375 1763 394 nm-

980 409 1092 443 teriatw,
1107 417 1167 444 cap.
1185 410 1212 443 9,
1228 418 1281 438 non
1296 410 1332 437 ita
1347 418 1408 438 esse
1423 416 1452 438 ut
1463 411 1571 445 quidem
1586 416 1762 447 putaverunt,

980 457 1071 484 divina
1096 457 1205 484 nomina
1233 457 1383 485 secundum
1410 457 1586 493 Dionysium,
1615 459 1762 486 secundant

979 509 1090 529 causam
1110 507 1214 530 tantum
1227 503 1260 530 de
1275 503 1331 530 Deo
1344 503 1408 536 dici,
1422 508 1452 530 ut
1467 503 1567 536 bonus.
1583 504 1654 538 quod
1668 505 1703 531 sit
1718 511 1763 531 au-

979 553 1039 575 ctor
1050 548 1190 581 bonitatis,
1205 549 1325 583 sapiens,
1339 549 1411 583 quod
1425 549 1578 583 sapientiae,
1594 555 1621 576 et
1635 549 1763 577 similiter

980 593 1007 621 in
1021 594 1093 623 aliis.
1108 594 1137 622 Si
1151 595 1224 623 enim
1245 595 1285 623 sic
1300 595 1457 622 dicerentur
1473 595 1507 622 de
1522 594 1586 627 Deo,
1604 595 1762 622 clauderent

979 639 1008 667 in
1036 648 1086 668 suo
1110 640 1270 673 intellectu,
1295 645 1325 667 ut
1345 641 1384 668 ait
1405 640 1434 668 S.
1452 641 1587 674 Thomas,
1612 641 1762 668 bonitatem

978 691 1126 719 creaturae;
1153 693 1184 713 ac
1202 686 1316 721 proinde
1339 686 1373 713 de
1395 690 1521 713 creatura
1544 686 1668 720 inprimis
1687 686 1763 713 dice~

978 736 1086 771 rentur,
1103 732 1181 767 quasi
1207 732 1277 759 Deus
1295 731 1433 759 diceretur
1452 732 1540 759 bonus
1553 737 1580 758 et
1600 732 1711 766 sapiens
1728 733 1761 759 ad

979 775 1183 804 similitudinem
1198 776 1273 809 boni,
1288 777 1330 804 cui
1347 777 1394 804 dat
1409 777 1574 809 bonitatem;
1586 782 1613 804 ct
1631 777 1762 812 sapientis

978 823 1023 850 cui
1044 823 1090 850 dat
1105 823 1277 858 sapientiam.
1288 824 1323 851 At
1339 831 1391 852 non
1407 824 1447 852 sic
1462 824 1606 859 Dionysius
1621 824 1717 856 sensit,
1731 828 1761 851 ut

979 869 1089 897 nomina
1110 869 1202 896 divina
1226 870 1375 897 secundum
1399 877 1508 898 causam
1524 875 1629 897 tantum
1648 869 1681 897 de
1703 870 1758 897 Deo

977 916 1150 949 dicerentur;
1167 917 1214 943 sed
1230 916 1280 948 sic,
1295 921 1324 943 ut
1336 915 1392 944 Deo
1413 916 1529 950 primum
1545 916 1762 943 attribuerentur

977 965 1006 988 ut
1020 968 1081 988 eum
1094 961 1202 994 decent,
1217 961 1243 988 id
1255 965 1297 989 est
1310 961 1510 996 imparticipate
1525 966 1553 988 et
1565 961 1759 989 essentialitcr.

976 1007 1044 1034 Cum
1060 1007 1133 1034 enim
1148 1007 1217 1035 dicit
1234 1007 1375 1042 Scriptura
1393 1016 1400 1035 :
1420 1007 1504 1035 Nemo
1525 1008 1608 1035 bonus
1621 1008 1672 1035 nisi
1687 1008 1760 1035 solus

977 1054 1048 1081 Deus
1058 1053 1091 1085 ",
1105 1054 1217 1088 perinde
1231 1059 1273 1081 est
1287 1061 1319 1082 ac
1327 1054 1350 1081 si
1361 1054 1451 1081 dicat!
1464 1054 1549 1081 Nemo
1563 1061 1610 1089 per
1621 1061 1650 1082 se
1663 1054 1760 1086 bonus,

978 1097 1003 1124 id
1018 1101 1070 1130 est,
1083 1104 1163 1125 nemo
1176 1104 1257 1132 supra
1270 1097 1676 1133 bonitatemparticipatammisi
1688 1098 1762 1126 solus

977 1141 1049 1168 Deus
1065 1150 1073 1168 :
1090 1142 1130 1170 sic
1146 1143 1219 1170 enim
1235 1142 1368 1170 intellexit
1378 1147 1406 1169 et
1418 1143 1614 1177 interpretatus
1629 1147 1670 1170 est
1686 1142 1759 1170 idem

977 1187 1124 1224 Dionysius
1136 1196 1198 1222 cap.
1212 1188 1230 1215 2
1247 1188 1283 1216 De
1295 1188 1389 1215 divinis
1403 1189 1551 1216 nominibus
1566 1189 1592 1215 in
1607 1188 1760 1224 principio:

979 1240 1008 1262 ut
1020 1234 1077 1269 jam
1089 1235 1177 1262 bonus
1189 1239 1218 1262 et
1232 1235 1343 1269 sapiens
1356 1235 1464 1263 dicatur
1478 1235 1560 1269 Deus,
1577 1235 1638 1269 quia
1654 1235 1762 1263 bonitas

978 1279 1005 1306 in
1021 1287 1053 1307 eo
1065 1279 1210 1308 antecellat
1220 1286 1246 1307 et
1257 1285 1400 1315 exsuperet
1413 1287 1519 1308 omnem
1531 1280 1680 1308 bonitatem
1688 1287 1763 1308 crea.

979 1329 1033 1352 tam
1058 1329 1085 1352 et
1106 1326 1310 1360 participatam.
1326 1325 1483 1360 Hujusmodi
1500 1331 1590 1354 autem
1606 1326 1698 1354 divina
1712 1333 1762 1354 no-

980 1371 1064 1404 mina,
1081 1378 1141 1404 qua:
1157 1372 1306 1399 secundum
1323 1372 1518 1406 plenitudinem
1542 1377 1570 1400 et
1592 1379 1644 1399 non
1666 1379 1762 1399 secun-

979 1417 1041 1444 dum
1055 1417 1292 1452 participationem
1313 1418 1368 1445 Deo
1387 1417 1582 1449 attribuuntur,
1600 1422 1679 1444 vocat
1699 1416 1754 1444 Dio-

979 1462 1073 1497 nysius
1089 1462 1248 1497 θεοπρεπῆ,
1262 1463 1289 1490 id
1302 1467 1344 1490 est
1355 1463 1464 1490 nomina
1481 1464 1565 1490 Deum
1582 1463 1717 1490 decentia.
1732 1463 1762 1490 Si

980 1507 1063 1543 igitur
1087 1509 1237 1536 secundum
1262 1516 1371 1536 causam
1393 1513 1495 1536 tantum
1519 1509 1686 1541 dicerentur,
1708 1515 1762 1535 non

979 1558 1073 1582 essent
1086 1555 1195 1581 nomina
1216 1554 1300 1581 Deum
1316 1554 1452 1587 decentia,
1466 1553 1527 1588 quia
1544 1554 1584 1581 sic
1601 1554 1673 1581 dicta
1691 1554 1717 1580 in
1733 1560 1762 1581 se

980 1599 1140 1633 includunt,
1157 1605 1187 1628 ut
1208 1601 1274 1632 dixi,
1290 1600 1379 1628 solum
1404 1600 1628 1635 participationes
1643 1606 1761 1634 creatas,

980 1651 1011 1673 ut
1023 1647 1109 1673 bonus
1130 1646 1280 1674 bonitatem
1295 1646 1497 1680 participatam,
1512 1645 1589 1680 cujus
1606 1649 1701 1672 auctor
1714 1645 1763 1672 bo-

980 1699 1031 1718 nus
1048 1691 1134 1726 Deus;
1156 1693 1266 1727 sapiens
1287 1692 1449 1727 sapientiam
1466 1692 1671 1727 participatam,
1685 1691 1762 1725 cujus

980 1742 1075 1765 auctor
1099 1739 1210 1774 sapiens
1238 1739 1328 1772 Deus;
1352 1746 1379 1769 et
1389 1741 1422 1768 ad
1434 1739 1557 1769 eumdem
1570 1739 1679 1767 modum
1697 1739 1760 1765 alia.

980 1784 1070 1816 Quare
1085 1784 1115 1812 S.
1129 1784 1258 1820 Dionysio
1272 1786 1435 1813 contradicit
1453 1790 1480 1812 et
1503 1789 1646 1819 repugnat,
1660 1784 1706 1819 qui
1720 1785 1761 1811 di-

980 1830 1019 1857 cit
1045 1831 1156 1858 nomina
1177 1831 1269 1857 divina
1292 1831 1442 1858 secundum
1468 1829 1641 1864 Dionysium,
1665 1837 1762 1856 secun-

980 1876 1044 1903 dum
1068 1884 1178 1904 causam
1196 1882 1299 1904 tantum
1319 1877 1373 1904 dici
1393 1876 1426 1904 de
1440 1877 1494 1903 Deo
1511 1885 1517 1902 :
1535 1876 1574 1902 sic
1587 1875 1659 1902 enim
1679 1875 1761 1907 dicta,

980 1931 1033 1951 non
1047 1927 1110 1951 sunt
1130 1923 1213 1951 Deum
1234 1924 1368 1956 decentia,
1393 1931 1425 1950 ac
1442 1923 1556 1958 proinde
1578 1923 1617 1950 sic
1638 1927 1761 1956 accepta,

980 1977 1033 1996 non
1054 1974 1118 1997 sunt
1137 1970 1246 1997 nomina
1266 1970 1368 1997 divina.
1381 1969 1510 2004 Dionysio
1529 1973 1619 1995 autem
1638 1974 1761 2001 auctore,

979 2015 1091 2043 nomina
1115 2015 1204 2043 divina
1225 2016 1309 2043 Deum
1330 2015 1466 2047 decentia,
1484 2014 1619 2047 absolute,
1632 2014 1760 2049 perfecte,

981 2061 1086 2096 integre
1100 2066 1128 2089 et
1140 2061 1219 2097 plene
1229 2082 1237 2095 ,
1251 2062 1277 2088 id
1292 2067 1334 2089 est
1348 2067 1544 2096 exsuperanter
1560 2065 1588 2088 et
1609 2060 1762 2088 eminenter

981 2107 1035 2134 Deo
1050 2108 1224 2136 conveniunt.

1224 2165 1440 2194 OBSERVATIO
1461 2165 1504 2193 Vl.

184 2197 273 2225 Simili
295 2197 352 2224 fere
375 2197 455 2225 modo
477 2197 648 2233 intelligenda
664 2204 726 2227 sunt
741 2201 851 2228 nomina
869 2209 928 2235 qua:
944 2200 966 2228 D
999 2211 1135 2245 Quomodo
1157 2212 1226 2239 De",
1245 2212 1278 2238 ,η
1297 2219 1343 2246 per
1364 2220 1390 2238 τε
1405 2212 1476 2243 vim,
1494 2216 1518 2237 ει
1540 2214 1633 2237 auctor
1654 2216 1700 2243 per
1715 2216 1743 2236 se

148 2248 348 2278 componuntur
363 2251 395 2272 ex
410 2244 541 2278 particula
556 2246 641 2278 αὐτό,
657 2250 686 2273 ut
699 2255 761 2274 cum
775 2248 800 2274 in
814 2248 883 2277 libro
891 2250 930 2277 De

149 2290 245 2316 diuinis
262 2290 422 2324 nominibus,
437 2298 497 2325 cap.
514 2290 530 2317 5
543 2295 569 2318 et
583 2291 628 2323 ii,
640 2296 666 2318 et
679 2291 753 2325 alibi,
777 2293 862 2321 Deum
881 2301 930 2322 vo-

148 2340 193 2363 cat
214 2335 246 2362 τὸ
270 2335 341 2362 αὐτὸ
365 2336 440 2364 εἷναι
454 2356 461 2368 ,
487 2336 544 2371 τὴν
566 2337 724 2371 αὑτοζωήν,
737 2338 793 2372 τὴν
803 2339 930 2366 αὐτοσο-

147 2381 232 2416 μίαν,
250 2386 316 2414 etc.,
338 2381 365 2408 id
382 2386 423 2409 est
438 2390 483 2417 per
497 2390 523 2409 se
540 2391 606 2414 esse,
624 2391 670 2418 per
689 2391 716 2410 ae
733 2385 823 2417 vitam,
836 2393 883 2419 per
902 2393 929 2411 se

147 2428 324 2461 sapientiam,
337 2433 365 2455 et
385 2428 494 2461 similia,
517 2436 578 2463 qua:
599 2429 649 2456 soli
672 2430 726 2457 Deo
750 2435 928 2467 competunt:

150 2473 225 2500 nulla
240 2474 311 2500 enim
327 2478 452 2502 creatura
466 2479 506 2502 est
521 2482 569 2509 per
583 2483 611 2502 se
631 2475 656 2502 id
672 2477 742 2510 quod
754 2483 808 2508 est,
822 2477 868 2504 sed
883 2485 931 2512 per

148 2520 403 2555 participationem;
419 2520 492 2548 solus
507 2525 598 2548 autem
613 2521 685 2549 Deus
703 2527 745 2550 est
766 2523 852 2557 ipsum
879 2524 930 2551 hoc

148 2566 224 2600 quod
240 2570 283 2592 est
297 2573 345 2600 per
358 2574 399 2600 se,
416 2566 441 2594 id
455 2571 496 2594 est
514 2575 561 2595 sua
574 2568 690 2595 essentia
700 2588 707 2600 ,
724 2574 751 2595 et
765 2577 842 2596 suum
859 2576 929 2603 esse,

149 2616 178 2638 et
189 2619 244 2638 non
266 2613 414 2640 secundum
428 2614 676 2648 participationem.
701 2615 804 2643 idcirco
822 2616 852 2643 D.
867 2616 931 2643 Dio-

150 2658 243 2693 nysius
258 2665 321 2692 cap.
338 2658 356 2685 2
369 2659 406 2685 ait
430 2659 487 2687 ba‘c
502 2660 622 2693 nomina,
639 2665 765 2695 tanquam
782 2661 865 2688 Demn
881 2662 929 2689 dc.

149 2704 254 2734 centia.
272 2704 385 2731 attribui
407 2705 540 2734 divinitati
563 2708 644 2734 trium
660 2705 842 2734 Personarum
861 2708 930 2743 ἀμε-

148 2748 223 2783 ρῶς,
241 2749 294 2776 boc
316 2754 358 2777 est
373 2750 584 2788 imparticipate,
610 2757 691 2788 atque
713 2753 779 2782 adeo
802 2754 879 2789 plene
903 2759 930 2783 et

200 2836 222 2853 "
236 2836 320 2867 Marc.
337 2847 365 2866 ι.

1299 2248 1370 2280 vitw,
1386 2252 1439 2274 etc.

1016 2293 1064 2321 llic
1093 2294 1206 2322 ulterius
1229 2293 1376 2320 notandum
1398 2291 1534 2327 quomodo
1561 2290 1591 2318 S.
1615 2290 1763 2326 Dionysius

980 2341 1123 2375 aliquando
1141 2340 1249 2376 quidem
1266 2340 1348 2367 Deum
1365 2343 1444 2366 vocet
1467 2336 1524 2371 τὴν
1552 2336 1715 2371 αὐτοζιιιὴν,
1735 2337 1762 2363 id

979 2393 1018 2415 est
1042 2396 1086 2422 per
1109 2395 1136 2414 se
1156 2388 1254 2419 vitam,
1279 2385 1425 2420 aliquando
1447 2391 1513 2412 vero
1535 2382 1591 2416 τῆς
1615 2381 1762 2415 αὺτοζωῆς

981 2433 1174 2467 ὑποστάτην,
1199 2432 1257 2458 sive
1282 2439 1326 2466 per
1350 2438 1377 2458 se
1401 2431 1461 2457 vine
1483 2434 1697 2456 sustentatur-em.
1729 2427 1763 2454 Et

981 2479 1076 2506 eodem
1096 2478 1183 2512 capile
1200 2477 1230 2504 ii
1253 2483 1305 2511 quo
1323 2483 1403 2503 sensu
1425 2475 1483 2502 base
1500 2473 1673 2507 intelligenda
1696 2472 1761 2503 sint,

983 2526 1096 2560 ipsemet
1109 2523 1201 2558 pandit
1224 2523 1265 2549 bis
1279 2521 1370 2549 verbis
1386 2528 1392 2546 :
1414 2529 1422 2545 ε
1440 2520 1497 2546 Οὐκ
1511 2518 1629 2545 ἐναντίον
1651 2517 1760 2545 -ιύτοδύ-

981 2578 1061 2605 ναμιν
1075 2567 1239 2604 ἣαύτοζωὴν
1251 2568 1336 2594 εἰπεῖν
1350 2567 1394 2593 τὸν
1408 2565 1483 2596 Θεὸν,
1496 2565 1542 2590 καὶ
1553 2564 1602 2599 τῆς
1615 2562 1762 2597 αὑτοζωῆς,

983 2616 1132 2652 ἦείρήνης,
1154 2614 1171 2650 ἢ
1193 2613 1332 2648 δυνάμεως
1353 2612 1521 2646 ὑποστάτην·
1543 2609 1577 2636 τὰ
1593 2609 1641 2644 μὲν
1664 2607 1718 2642 γὰρ
1731 2608 1762 2652 ex

982 2661 1036 2687 τῶν
1048 2661 1141 2692 ὄντων,
1154 2660 1201 2686 καὶ
1215 2658 1331 2693 μάλιστα.
1351 2658 1383 2683 ἐκ
1402 2656 1456 2683 τῶν
1475 2655 1588 2691 πρώτως
1608 2653 1701 2684 ὄντων,
1726 2651 1762 2682 ὡς

984 2707 1068 2738 αἴτιος
1090 2707 1196 2733 πάντων
1218 2704 1271 2731 τῶν
1285 2704 1368 2730 ὄντων
1391 2703 1497 2737 λέγεται
1510 2710 1516 2716 ”
1535 2700 1568 2726 τὰ
1589 2699 1617 2725 δὲ
1634 2698 1672 2728 ὼς
1694 2697 1761 2731 ὑπὲρ

984 2753 1071 2780 πάντα
1090 2752 1136 2778 καὶ
1147 2751 1181 2778 τὰ
1203 2750 1317 2787 πρώτως
1339 2750 1412 2783 ὅντα,
1436 2747 1542 2783 ὺπερὼν
1568 2742 1759 2779 ὑπεροεσίως..
