1925 3070
153 101 189 130 85

715 100 743 128 S.
767 99 950 130 DIONYSIUS
968 100 1194 131 AREOPAGITA.

1734 100 1771 128 86

153 159 217 188 Non
235 164 364 195 pugnant,
386 159 487 195 inquit,
510 167 610 192 secum,
635 158 724 186 dicere
745 158 826 186 Deum
844 167 889 194 per
909 167 937 186 se
949 164 974 193 Α
987 160 1124 192 sanctitas,
1133 156 1251 194 iustitia,
1270 159 1462 193 misericordia,
1479 159 1626 191 beatitudo,
1644 159 1696 186 vita
1710 167 1769 185 ont-

151 211 305 242 potestatern
319 211 345 233 et
364 215 410 240 per
423 214 451 234 se
471 206 570 239 vitam;
585 210 610 233 et
628 206 714 233 dicere
736 205 817 233 Deum
831 210 934 233 creato-

150 260 206 280 rem
217 260 264 285 per
277 260 304 279 se
322 253 391 285 mitte,
410 252 449 280 vel
460 261 508 287 per
519 260 546 280 se
559 253 644 287 pacis,
659 252 698 280 uel
716 260 763 286 per
778 261 805 279 se
817 256 933 287 potesta-

150 298 184 324 tis
193 305 202 329 ,'
212 298 267 324 lucc
279 297 350 325 enim
360 297 458 325 dicitur
467 297 538 325 Deus
550 305 582 324 eo;
593 297 627 324 iis
637 305 696 333 qua:
705 301 810 331 sunt,et
820 297 934 324 maxime

149 350 183 370 es
201 342 234 370 iis
250 351 310 378 quia
323 343 410 377 prima
424 347 497 376 sunt,
512 348 637 378 tanquam
650 350 730 369 causa
744 343 860 370 omnium
874 351 934 377 quo:

150 392 212 415 sunt
231 398 241 417 :
260 388 308 416 illa
323 394 409 416 autem
430 389 529 415 dicitur
549 393 675 425 tanquam
697 389 813 416 existens
837 398 933 423 super-

149 434 360 462 substantialiter
374 442 456 469 supra
471 435 559 462 omnia
574 443 633 470 qua:
650 439 722 469 sunt,
737 440 762 462 et
776 443 835 470 qua:
847 435 933 470 primo

149 485 220 508 sunt.
235 479 342 508 Dicitur
356 488 421 515 ergo
438 480 509 508 Deus
528 488 575 516 per
588 489 616 508 se
629 481 694 513 vita,
708 481 814 508 scilicet
830 481 933 515 impar-

151 525 274 560 ticipata,
300 526 434 553 illimitata
447 545 455 558 ,
473 530 526 554 etc.
545 526 646 553 Auctor
667 533 730 554 vero
747 534 793 560 per
813 534 840 554 se
861 531 931 559 vute,

149 571 254 599 scilicet
269 571 450 606 participatte,
468 572 590 600 limitatm
601 592 609 605 ,
624 577 691 604 etc.,
705 572 762 600 sive
777 572 840 600 doni
859 572 933 600 illius

148 624 204 650 quo
219 617 342 645 viventes
357 617 436 651 iacit,
457 618 494 645 ita
510 617 637 645 nimirum
654 622 683 644 ut
698 625 746 652 per
766 625 795 644 se
810 618 864 644 vita
885 625 933 644 na-

152 668 242 690 turam
263 664 325 691 vitae
340 663 487 700 signiticet,
507 663 534 691 id
550 668 590 691 est
606 671 638 691 ea
651 671 712 699 quae
725 664 828 691 cadunt
842 664 869 691 in
885 664 933 691 de-

150 709 298 736 tinitionem
319 709 381 737 vitae
396 709 448 744 (5).

388 755 607 785 OBSERVATIO
625 755 682 784 Vii.

289 803 360 836 Quid
378 803 481 838 signent
498 802 641 837 composita
656 810 690 829 ea;
705 802 787 838 ἀρχή.

184 846 242 874 Non
259 855 321 874 raro
339 855 448 882 quoque
470 846 500 874 S.
517 847 663 883 Dionysius
678 846 765 874 utitur
777 846 931 874 nominibus
947 840 969 867 Β

147 900 182 920 ex
193 901 258 921 voce
273 894 343 929 ἀρχή
360 893 528 929 compositis,
542 894 663 921 vocando
678 893 763 921 Deum
777 893 931 927 θεαρχιαν,

147 940 311 974 θεαρχικὴν
329 940 469 974 ὕπαρξιν,
498 945 567 974 etc.,
581 939 608 968 id
624 944 667 969 est
678 939 931 975 Dei-principatum,

146 987 320 1014 substantiam
333 985 617 1021 diuino-principalem,
629 986 778 1013 divinitatis
790 986 931 1021 originem,

148 1032 175 1059 in
193 1032 328 1059 creaturis
345 1031 464 1065 scilicet,
479 1032 545 1066 quia
561 1032 634 1059 Deus
648 1035 692 1059 est
711 1037 808 1059 auctor
831 1031 932 1058 divini-

147 1078 211 1106 tatis
231 1079 260 1106 in
285 1079 392 1107 cunctis
415 1078 572 1106 hominibus
597 1082 626 1107 et
651 1078 757 1114 angelis
777 1079 824 1113 qui
849 1078 932 1106 Deum

147 1123 289 1153 imitantur
301 1129 329 1153 et
351 1125 376 1152 ei
391 1124 498 1153 similes
519 1125 602 1158 ﬁunt,
621 1124 656 1153 de
677 1124 777 1160 quibus
800 1125 934 1159 scriptum

146 1177 190 1201 est
207 1181 215 1200 :
237 1172 294 1208 Ego
309 1172 367 1200 dixi
380 1179 390 1199 :
403 1172 448 1200 Dii
460 1173 523 1200 estis
534 1173 570 1206 "';
593 1177 620 1201 et
633 1172 701 1200 illud
718 1184 725 1201 ;
741 1171 812 1200 Deus
823 1172 933 1199 deorum

146 1221 175 1248 in
201 1219 267 1248 Sion
292 1220 328 1247 ".
356 1220 504 1254 Θεαρχίαν
526 1220 618 1255 itaque
643 1220 728 1254 dicit,
751 1219 828 1254 quasi
857 1217 934 1245 θεῶν

145 1266 288 1301 ἄρχοντα,
302 1266 428 1293 dicamus
444 1273 495 1293 nos
508 1265 594 1293 Deum
611 1265 736 1299 deorum,
748 1269 779 1292 ut
790 1265 875 1293 David
892 1266 933 1293 di-

146 1312 195 1339 cit.
215 1310 310 1346 Cap.5
328 1310 446 1338 Caelestis
458 1311 618 1338 Itierarcltite
641 1311 724 1339 Deum
735 1314 814 1338 vocat
827 1312 928 1337 τελετ-

146 1358 256 1393 αρχίαν
272 1357 321 1385 καὶ
341 1357 623 1392 αὐτοτελεταρχίαν,
635 1356 662 1384 id
675 1360 716 1384 est
731 1357 858 1392 originem
873 1363 934 1391 per-

147 1404 280 1438 fectionis,
299 1409 323 1431 et
342 1411 387 1439 per
399 1411 428 1431 se
449 1403 577 1439 originem
594 1403 784 1437 perfectionis;
802 1402 867 1430 item
883 1410 934 1429 ea-

147 1450 286 1487 ξαρχίαν,
301 1450 326 1478 id
341 1455 383 1477 est
405 1450 533 1485 originem
549 1449 735 1477 ordinationis.
754 1449 820 1477 lletn
837 1456 896 1483 cap.
914 1448 931 1476 5

986 204 1059 230 nium
1074 204 1222 236 viventium,
1243 213 1298 232 esse
1319 206 1437 232 omnium
1452 205 1631 236 existentium,
1652 205 1770 231 omnium

984 243 1119 284 perfectio,
1139 250 1318 283 pulchritudo.
1339 259 1474 283 mensura,
1498 251 1578 282 ratio,
1602 251 1687 284 salus,
1706 259 1772 278 con-

983 297 1107 323 servatio.
1122 296 1198 324 Unde
1210 296 1288 324 divus
1298 296 1463 328 Bernartius.
1483 297 1532 325 lib.
1548 305 1565 323 ν
1589 297 1629 325 De
1641 298 1744 324 consiti.
1758 305 1769 325 :

985 342 1055 375 Quid
1070 347 1108 370 est
1125 342 1214 370 Deus?
1240 342 1368 370 Voluntas
1387 343 1561 377 omnipotens,
1576 343 1770 370 benevolentis-

983 389 1052 416 sinta
1069 389 1164 421 virtus,
1177 388 1264 415 lumen
1282 394 1421 421 teternurn,
1442 389 1669 416 incommutabilis
1690 390 1769 422 ratio,

983 438 1082 461 wterna
1096 434 1239 461 beatitudo.
1259 434 1292 461 Et
1304 434 1374 461 inira
1390 443 1398 462 :
1413 435 1490 461 Amat
1511 440 1538 461 ut
1555 435 1684 467 charitas,
1698 437 1770 462 novis

983 484 1013 506 ut
1034 480 1143 512 veritas,
1161 480 1266 515 judicat
1285 485 1313 507 ut
1334 482 1455 516 a'quitas,
1476 481 1629 508 dominatur
1642 486 1670 508 ut
1687 482 1770 515 majev

982 530 1050 559 stas,
1067 526 1132 560 regit
1147 531 1175 552 ut
1189 526 1359 560 principium,
1372 531 1495 560 operatur
1517 531 1545 552 ut
1564 527 1658 559 uirtus,
1678 531 1770 553 tuetur

983 575 1010 596 ut
1029 569 1113 603 salus,
1133 570 1230 598 revelat
1249 575 1278 597 ut
1299 569 1356 602 lux,
1381 570 1481 597 assistit
1499 576 1527 597 ut
1543 571 1638 606 pietas,
1657 576 1713 599 etc.
1736 572 1771 599 Et

983 617 1107 652 quamvis
1125 617 1240 652 plurima
1254 624 1346 645 rerum
1362 617 1472 645 nomina
1487 618 1524 646 illi
1541 626 1595 646 non
1613 619 1769 647 tribuantur

983 663 1018 690 ob
1033 663 1268 698 imperfectionem
1288 671 1371 699 quam
1388 664 1541 698 invoivunt,
1561 669 1651 692 tamen
1673 672 1769 692 omnes

984 717 1075 737 rerum
1102 711 1209 745 species
1231 716 1259 738 et
1286 712 1379 739 omnia
1409 711 1548 739 individua
1578 712 1682 740 suntin
1709 712 1770 747 ipso

983 756 1134 784 etninenter
1149 757 1298 784 secundum
1318 765 1369 785 sua
1383 762 1541 793 prototypa,
1557 761 1585 785 et
1607 757 1692 784 veluti
1709 757 1770 792 pri-

984 809 1070 829 maeva
1084 807 1112 830 ct
1123 807 1226 830 aeterna
1240 803 1357 836 semina,
1373 811 1406 831 ex
1419 811 1535 838 quorum
1549 804 1574 831 vi
1591 803 1768 838 pullularunt,

984 854 1068 883 atque
1077 850 1145 877 adeo
1154 854 1216 877 sunt
1225 850 1250 876 in
1261 849 1319 884 ipso
1330 850 1486 881 intrinsece.
1494 857 1546 877 non
1555 850 1662 884 quidem
1671 857 1770 877 secun-

983 895 1046 922 dum
1057 903 1134 923 suum
1146 903 1207 923 esse
1221 895 1336 924 formale
1346 901 1373 924 et
1385 895 1540 927 essentiaie,
1553 895 1602 922 sed
1618 895 1771 923 secundum

983 948 1044 968 esse
1053 948 1132 968 suum
1147 942 1269 969 eminens
1278 946 1304 969 et
1316 941 1554 977 superessentiale.
1571 941 1646 970 Unde
1660 941 1717 975 ipse
1727 944 1771 968 est

983 987 1074 1014 onntia
1087 991 1115 1015 et
1134 987 1240 1021 singula
1260 988 1415 1015 eminenter
1441 993 1469 1015 et
1491 987 1768 1022 superessentialiter.

1175 1032 1314 1067 Quomodo
1325 1033 1415 1061 omnia
1431 1038 1568 1069 negentur.

1017 1079 1158 1115 Negantur
1181 1080 1215 1107 de
1237 1079 1296 1114 ipso
1319 1080 1424 1113 omnia,
1446 1080 1510 1115 quia
1535 1080 1594 1115 ipse
1619 1084 1664 1107 est
1685 1087 1770 1115 supra

982 1133 1091 1153 omnem
1116 1125 1251 1153 rationem
1263 1129 1291 1153 et
1310 1126 1428 1161 speciem
1450 1132 1551 1154 creata;
1565 1126 1650 1153 menti
1670 1133 1771 1154 conce-

982 1171 1116 1207 ptibiiem.
1131 1171 1177 1199 Sic
1192 1171 1344 1208 Dionysius,
1363 1172 1447 1207 capit.
1458 1172 1510 1199 ult.
1525 1171 1605 1207 Mysi.
1622 1170 1769 1206 tlteologiw,

982 1218 1050 1246 dicit
1063 1218 1148 1246 Deutn
1167 1226 1229 1246 esse
1245 1226 1298 1246 non
1315 1219 1510 1251 substantiam,
1530 1226 1585 1246 non
1601 1220 1700 1251 vitam,
1716 1226 1770 1245 non

983 1263 1082 1298 lucem,
1096 1271 1152 1292 non
1166 1271 1289 1297 sensum,
1303 1271 1357 1291 non
1373 1269 1504 1298 mentem,
1520 1271 1575 1291 non
1592 1264 1768 1299 sapientiam.

983 1317 1035 1337 non
1059 1309 1223 1344 bonitatem,
1249 1317 1304 1338 non
1327 1310 1476 1343 deitatem,
1504 1311 1552 1338 sed
1576 1310 1705 1346 quiddam
1727 1309 1770 1337 his

982 1357 1112 1384 otnnibus
1126 1357 1292 1384 eminentius
1308 1361 1389 1392 atque
1405 1356 1593 1392 priestantius.
1618 1355 1699 1383 Ratio
1716 1360 1769 1389 est,

982 1403 1046 1437 quia
1061 1403 1154 1430 omnia
1171 1403 1238 1436 ista,
1253 1407 1388 1438 quatenus
1403 1401 1487 1430 menti
1502 1406 1602 1430 creatae
1617 1407 1681 1429 sunt
1693 1408 1771 1429 com-

982 1449 1178 1484 prehensibilia
1195 1454 1222 1477 et
1235 1449 1426 1480 nominabilis.
1445 1448 1547 1476 habent
1561 1453 1709 1483 conceptus
1722 1448 1771 1475 ob-

147 1496 187 1524 De
208 1496 303 1523 divinis
323 1496 483 1530 nominibus,
503 1496 518 1532 §
535 1496 565 1530 2,
583 1503 684 1530 corpus
698 1497 728 1524 Β.
749 1495 867 1531 Virginis
882 1504 931 1524 νο·
945 1515 968 1544 C
980 1497 1095 1532 jectivos
1114 1497 1246 1524 limitatos
1268 1496 1295 1524 in
1311 1496 1420 1524 ratione
1439 1495 1514 1523 entisv
1528 1504 1538 1524 :
1557 1495 1707 1526 limitalos,
1729 1494 1771 1521 itt-

148 1547 194 1570 cat
210 1542 380 1578 ζωαρχικόν,
400 1542 428 1570 id
449 1547 492 1570 est
504 1542 574 1576 quod
586 1543 647 1570 υἰιω
661 1542 822 1577 principium
834 1542 917 1569 dedit.

387 1599 607 1628 OBSERVATIO
625 1599 694 1627 Vill.

148 1645 305 1682 Dionysium
326 1646 416 1672 omnia
428 1647 460 1672 de
476 1646 529 1682 Deo
540 1646 671 1682 affirmare
678 1651 705 1682 ret
721 1646 816 1672 iterum
827 1652 932 1680 negare.

280 1681 415 1713 Quomodo
430 1681 519 1707 omnia
531 1682 562 1708 de
576 1681 630 1708 Deo
641 1681 813 1716 afﬁrntentur.

183 1728 337 1756 Notandum
358 1735 465 1763 quoque
481 1728 511 1755 S.
529 1728 688 1763 Dionysium
711 1728 758 1756 lib.
784 1727 823 1754 De
836 1727 934 1755 diuinis

148 1776 308 1807 nominibus,
324 1782 386 1810 cap.
403 1775 430 1809 l,
450 1776 479 1808 2,
500 1774 546 1808 i3,
565 1779 593 1801 et
615 1773 691 1808 alibi,
709 1774 857 1809 aliquando
873 1774 934 1809 qui-

148 1823 209 1849 dem
224 1823 314 1849 omnia
331 1822 365 1849 de
384 1821 440 1850 Deo
456 1821 603 1854 aiiirmare,
619 1821 767 1856 aliquando
785 1829 851 1848 vero
870 1829 933 1848 rur-

147 1876 208 1896 sum
220 1867 310 1896 omnia
325 1875 435 1903 negare.
449 1868 518 1896 Hinc
538 1868 606 1895 dicit
618 1867 704 1895 Deum
719 1867 812 1895 omnia
824 1874 886 1895 esse
903 1872 934 1894 ut

147 1913 233 1941 Deum
256 1913 349 1947 decet;
373 1918 400 1940 et
418 1913 486 1940 nihil
512 1921 607 1940 eorum
623 1919 695 1946 esse,
720 1917 749 1940 ut
769 1921 852 1948 supra
868 1913 935 1942 sub-

149 1959 278 1987 stantiam
304 1965 361 1992 est;
385 1965 534 1993 utrumque
555 1959 628 1986 enim
650 1959 760 1994 proprie
781 1959 881 1986 dicitur
906 1959 935 1986 in

150 2005 198 2034 Dei
211 2006 391 2040 amplitudine
406 2013 413 2032 :
431 2011 472 2038 ut,
488 2005 559 2032 Deus
575 2009 617 2033 est
633 2005 701 2038 vita,
716 2005 787 2033 Deus
801 2010 843 2032 est
855 2004 935 2032 ι)οηί-

152 2058 212 2086 tas;
227 2056 264 2085 et,
279 2052 351 2079 Deus
364 2059 416 2079 non
432 2058 474 2080 est
485 2052 552 2085 vita,
567 2056 595 2079 et
613 2059 666 2079 non
679 2057 721 2079 est
734 2052 856 2085 bonitas,
871 2052 934 2087 quia

149 2104 193 2128 est
215 2106 297 2134 supra
319 2100 387 2132 tunc,
411 2106 471 2133 quae
486 2106 536 2126 nos
557 2106 607 2133 per
627 2099 713 2125 vitam
731 2103 760 2126 et
781 2099 935 2126 bonitatem

151 2146 338 2182 intelligimus.
350 2146 382 2173 Et
396 2146 448 2173 hoc
461 2153 541 2173 sensu
557 2153 619 2181 cap.
634 2146 663 2179 2,
674 2145 740 2182 §ui,
754 2151 832 2174 vocat
850 2147 934 2174 Deum

984 1551 1078 1578 quam,
1099 1551 1152 1571 non
1173 1551 1206 1570 ex
1229 1549 1307 1578 parte
1330 1542 1370 1570 rei
1389 1549 1450 1576 qua:
1473 1542 1643 1576 concipitur,
1666 1541 1713 1568 sed
1736 1548 1771 1568 ex

984 1593 1062 1624 parte
1084 1589 1156 1616 modi
1169 1587 1353 1622 concipiendi.
1370 1587 1447 1615 Unde
1462 1593 1492 1614 ut
1507 1587 1547 1614 sic
1561 1587 1769 1622 concipiuntur,

985 1642 1038 1661 non
1054 1634 1196 1662 includunt
1218 1634 1372 1662 formaliter
1392 1633 1461 1662 alias
1475 1633 1658 1669 periectiornes
1674 1642 1682 1661 :
1699 1633 1770 1660 ratio

984 1680 1058 1707 enim
1079 1680 1250 1712 substantiae,
1277 1686 1306 1707 ut
1331 1687 1346 1707 a
1369 1685 1498 1708 creatura
1523 1680 1687 1714 concipitur,
1714 1687 1770 1706 non

985 1726 1103 1754 includit
1117 1727 1255 1754 rationem
1270 1727 1416 1762 sapientiae
1430 1732 1477 1753 aut
1491 1731 1606 1754 caeteras
1622 1726 1770 1759 perfectio-

985 1781 1046 1806 nes,
1063 1780 1114 1801 ncc
1130 1778 1234 1807 contra,
1251 1773 1299 1800 sed
1314 1780 1428 1809 qumque
1443 1780 1522 1800 suum
1537 1771 1685 1798 inuitatum
1701 1779 1772 1798 con-

985 1822 1094 1853 ceptum
1117 1817 1210 1845 habet.
1235 1818 1307 1845 Deus
1327 1823 1419 1845 autem
1434 1822 1473 1846 est
1493 1817 1563 1844 ratio
1581 1823 1696 1852 prorsus
1714 1815 1771 1842 illi-

960 1863 1099 1897 'mitata,
1126 1862 1199 1889 unde
1225 1861 1379 1890 formaliter
1406 1862 1449 1890 vel
1477 1862 1631 1889 eminenter
1658 1861 1772 1888 includit

985 1915 1092 1935 omnem
1106 1907 1300 1943 perfectionem
1316 1907 1540 1942 conceptibilem.

1086 1954 1264 1990 Perfectiones
1283 1954 1425 1989 dupliciter
1439 1954 1556 1981 existunt
1571 1955 1599 1981 in
1615 1953 1680 1981 Deo.

1021 2002 1090 2030 Hinc
1102 2005 1178 2036 patet
1201 2008 1296 2029 omnes
1307 2001 1491 2036 perfectiones
1505 2009 1566 2036 qua:
1578 2001 1633 2028 Deo
1648 2001 1773 2028 tribuun-

987 2055 1030 2077 tur
1044 2050 1149 2084 absque
1162 2049 1337 2084 metaphora,
1353 2048 1497 2083 dupliciter
1510 2048 1537 2075 in
1551 2049 1610 2082 ipso
1625 2047 1770 2080 contineri,

986 2095 1136 2124 iortnaiiter
1153 2098 1180 2123 et
1199 2095 1350 2122 eminenter
1369 2103 1377 2122 :
1398 2094 1563 2126 iormaliter,
1576 2094 1598 2120 si
1614 2096 1773 2128 spectentur

987 2141 1135 2169 secundutn
1147 2140 1287 2175 proprium
1301 2144 1472 2174 conceptum,
1488 2147 1542 2173 quo
1553 2146 1568 2165 a
1581 2138 1635 2165 Deo
1646 2142 1674 2165 et
1684 2137 1772 2164 beatis

152 2201 163 2219 ι
182 2192 292 2219 πάντων
316 2191 389 2218 θέσιν
412 2192 458 2218 καὶ
479 2190 587 2218 πάντων
605 2191 759 2227 ἀφαίρεσιν,
785 2200 795 2217 ›
818 2192 934 2218 omnium

988 2187 1187 2222 concipiuntur,
1211 2188 1257 2222 qui
1274 2192 1315 2214 est
1338 2187 1490 2214 illimitatus
1507 2186 1533 2213 in
1555 2192 1655 2219 genere
1671 2184 1743 2211 entis
1760 2192 1769 2217 ;

150 2239 320 2274 positionem,
335 2242 358 2264 et
381 2237 499 2264 omnium
522 2237 691 2270 ablutionem,
705 2237 769 2272 quia
783 2238 935 2265 eminenter

151 2285 229 2321 ponit
244 2284 347 2316 omnia,
373 2288 502 2318 tanquam
523 2283 614 2310 omnia
636 2283 804 2317 continens;
830 2287 858 2310 et
879 2283 936 2310 ior-

152 2332 261 2359 rnaliter
279 2331 369 2358 omnia
382 2331 482 2363 aufert,
496 2330 560 2364 quia
577 2330 648 2357 ratio
669 2330 778 2365 propria
794 2337 848 2364 qua
864 2328 935 2357 Deus

151 2382 205 2411 est,
220 2377 338 2405 excludit
359 2377 392 2404 ab
410 2377 469 2412 ipso
483 2383 591 2403 omnem
610 2375 752 2403 formalem
769 2376 903 2403 rationem
921 2383 936 2402 a

151 2428 244 2450 creata
259 2428 349 2450 mente
368 2423 650 2458 compreltensibilem.
668 2423 708 2450 uti
724 2423 829 2450 erudite
842 2423 936 2450 obser-

150 2475 198 2496 vat
218 2469 327 2497 Lcssius
344 2469 391 2497 lib.
405 2477 414 2496 ι
443 2469 481 2496 De
496 2470 604 2504 perfect.
620 2469 714 2502 divin.,
729 2477 789 2503 cap.
813 2470 841 2500 5,
858 2469 936 2503 cujus

149 2516 235 2542 verba
260 2524 321 2542 cum
348 2515 377 2542 S.
401 2515 530 2550 Dionysio
554 2522 679 2549 magnam
703 2513 791 2542 lucem
809 2514 936 2547 aii'erunt,

152 2562 197 2590 hic
209 2561 436 2596 reierrcpiacuit:
453 2561 563 2594 Omnia,
577 2561 675 2595 inquit,
688 2562 719 2588 de
733 2561 788 2588 Deo
803 2561 938 2595 aﬁirman-

152 2612 207 2640 tur,
224 2607 286 2642 quia
303 2607 392 2633 omnia
409 2613 468 2634 sunt
484 2609 510 2634 in
527 2607 583 2642 ipso
604 2607 750 2641 forntaltter
765 2608 803 2634 vel
819 2608 936 2634 eminen-

152 2656 204 2682 tsr.
232 2653 300 2680 Ilinc
322 2654 420 2680 dicitur
448 2653 590 2688 sapientia,
613 2653 728 2686 bonitas,
753 2653 858 2686 veritas,
877 2656 934 2691 lux,

188 2743 214 2762 ’δ
232 2744 304 2772 Psal.
331 2752 424 2772 uxxt.
463 2745 486 2760 "
503 2744 575 2772 Psal.
603 2753 718 2773 Luxnt.

987 2235 1154 2268 etninenter,
1177 2235 1199 2261 si
1216 2234 1424 2261 considerentur
1447 2232 1597 2259 secundum
1624 2233 1772 2264 conceptus

988 2281 1126 2317 proprios,
1140 2288 1208 2315 quos
1222 2280 1323 2308 habent
1340 2284 1370 2306 ut
1383 2287 1398 2306 a
1409 2278 1545 2306 creaturis
1557 2278 1660 2311 absque
1670 2275 1773 2302 lumine

988 2327 1082 2363 gloriae
1106 2325 1345 2361 apprehenduntur
1363 2332 1372 2352 :
1393 2326 1446 2353 etsi
1470 2324 1543 2352 enim
1570 2331 1615 2351 res
1637 2325 1772 2356 concepta

988 2375 1023 2402 sit
1045 2373 1153 2408 proprie
1173 2373 1200 2400 in
1217 2372 1284 2405 Deo,
1300 2379 1355 2399 non
1380 2375 1473 2398 tamen
1497 2377 1561 2398 cum
1584 2377 1618 2396 eo
1642 2368 1722 2396 modo
1743 2373 1772 2396 et

987 2419 1149 2447 limitatione
1163 2419 1213 2446 sub
1225 2425 1278 2454 qua
1294 2417 1459 2452 concipitur.

1244 2475 1461 2505 OBSERVATIO
1479 2474 1527 2503 ix.

989 2524 1169 2560 Perlectiones
1183 2522 1232 2550 Dei
1248 2521 1390 2557 dupliciter
1404 2520 1616 2560 considerantur.
1630 2516 1771 2560 Quomodo

1090 2559 1162 2586 Deus
1176 2560 1361 2585 denomtnetur
1376 2559 1491 2590 sapiens,
1503 2559 1605 2590 justus,
1618 2559 1673 2581 etc.

1024 2606 1060 2635 Ut
1082 2605 1141 2634 inec
1166 2610 1193 2633 et
1212 2605 1266 2633 alia
1294 2611 1354 2640 quae
1379 2611 1461 2639 supra
1486 2603 1645 2639 attigimus,
1673 2601 1772 2629 melius

990 2653 1186 2689 intelligantur,
1206 2652 1307 2681 ibidem
1326 2659 1341 2680 e
1363 2651 1459 2679 Lessio
1481 2650 1629 2678 notandum
1652 2654 1704 2680 est,
1727 2648 1772 2674 di-

190 2824 230 2861 (5)
247 2823 313 2854 Vide
328 2823 399 2854 inira
414 2832 437 2854 (ι.
454 2825 470 2854 5
488 2829 515 2855 et
530 2825 558 2854 il
583 2823 622 2855 De
632 2824 727 2853 αἰτίηίδ
742 2824 890 2855 nominibus
909 2828 937 2853 ct
950 2822 1101 2859 Epistulam
1120 2823 1149 2852 S.
1166 2821 1286 2859 Dionysii
1304 2822 1337 2851 ad
1350 2821 1446 2868 Caium
1459 2820 1550 2858 (epist.
1570 2819 1603 2854 Ι)-
