1925 3070
78 139 113 168 85
755 143 889 173 PROLEG
893 145 1021 173 OMENA.
1675 149 1711 178 86

76 200 161 228 vinas
186 201 370 236 perfectiones
402 201 549 234 dupliciter
577 201 749 230 considerari
778 211 870 238 posse.
887 207 910 236 Λ
925 205 972 230 sed
994 202 1076 230 etiam
1098 209 1180 230 omne
1201 203 1337 238 obiectum
1363 204 1545 241 intelligibile,
1564 209 1592 233 et
1613 206 1653 235 sic
1678 207 1713 236 do

78 246 186 280 Primo,
201 252 232 275 ut
245 252 310 275 sunt
325 248 352 275 in
366 248 451 275 rebus
464 248 566 276 creatis
581 248 624 275 vel
642 249 725 275 etiam
741 253 822 283 prout
836 249 872 276 ab

79 293 223 322 intellectu
238 300 331 323 creato
345 296 451 330 absque
467 295 570 322 lumine
584 295 677 330 gloria:
688 295 796 330 concipi
809 302 871 329 pos-

79 344 163 373 sunt;
186 342 318 374 secundo,
339 345 370 369 ut
390 345 457 369 sunt
477 341 506 368 in
529 341 596 368 Deo.
621 340 650 368 Si
673 341 766 376 priore
789 342 871 369 modo

77 388 304 420 considerentur,
329 388 537 423 distinguuntur
553 387 627 414 inter
651 395 681 415 se
705 387 869 420 formaliter,

78 434 138 462 imo
153 433 247 462 multae
257 434 342 462 etiam
356 434 480 468 realiter,
493 439 611 470 sumque
627 435 744 462 diversae
763 434 869 467 formae,

76 480 122 507 vel
137 481 261 510 rationes
279 481 420 511 formales.
436 482 468 510 Et
482 482 608 518 quamvis
632 482 827 516 concipiantur
842 486 872 510 ut

77 525 248 560 illimitatae,
273 527 317 555 vel
347 526 461 555 infinitae
488 527 668 563 perfectionis
693 527 765 555 intra
793 535 870 556 suam

77 573 202 607 speciem
218 580 265 601 seu
283 574 419 601 rationem
436 573 595 608 formalem,
615 578 706 602 tamen
724 575 749 602 in
764 575 872 602 ratione

77 619 154 646 entis
176 620 219 647 vel
237 620 415 655 perfectionis
430 625 494 648 sunt
507 620 642 654 limitatae,
658 621 722 656 quia
740 629 794 649 una
815 629 870 649 non

77 665 198 693 includit
221 666 315 695 aliam.
338 666 397 694 Hoc
421 668 504 696 modo
527 668 581 697 ilia:
599 668 785 704 perfectiones
814 675 870 696 non

78 715 145 739 sunt
170 712 197 739 in
223 712 278 740 Deo
299 712 465 746 formaliter,
492 714 539 742 sed
564 715 717 742 eminenter
742 719 869 748 tantum,

77 765 179 793 nempe
194 763 224 787 ut
245 760 272 787 in
287 767 370 788 causa
393 760 547 795 superioris
567 761 684 794 ordinis,
700 765 728 789 et
741 762 869 797 analoga.

78 803 109 831 Si
132 811 198 832 vero
224 806 344 834 secundo
369 807 453 835 modo
473 807 676 841 cencipiantur,
694 808 734 836 sic
749 815 803 836 non
821 808 870 836 ha-

76 851 147 878 bent
168 850 243 878 inter
263 859 293 879 se
310 852 394 879 ullam
412 853 618 881 distinctionem
641 853 797 887 formalem,
821 855 870 882 sed

78 901 144 924 sunt
158 904 212 924 una
226 897 429 933 simplicissima
442 898 542 932 forma,
560 906 575 927 a
593 907 646 935 qua
663 900 735 927 Deus
747 900 868 927 omnium

78 942 188 971 illarum
209 944 408 979 perfectionum
429 945 681 973 denominationem
697 946 809 981 accipit,
822 947 870 973 sed

79 987 164 1023 longe
182 989 265 1017 altior
279 997 360 1024 quam
387 998 465 1018 mens
486 995 578 1018 creata
598 992 746 1026 concipere
770 992 869 1027 possit.

77 1032 188 1061 Dicitur
208 1036 280 1063 enim
296 1037 410 1072 sapiens,
430 1044 484 1065 non
501 1038 580 1074 quasi
599 1038 733 1073 sapientia
751 1038 871 1066 imbutus

79 1084 108 1107 et
128 1079 302 1114 informatus,
318 1082 365 1110 sed
384 1086 414 1109 ut
438 1084 572 1119 sapientia
588 1092 637 1119 per
653 1091 682 1112 se
707 1083 870 1112 subsistens.

77 1125 184 1154 Dicitur
196 1127 295 1162 justus,
320 1129 482 1162 misericors,
494 1135 613 1163 sanctus,
631 1138 684 1158 non
698 1135 728 1158 ut
747 1130 789 1158 his
808 1138 871 1166 pcr-

80 1170 248 1200 fectionibus
267 1172 391 1207 affectus,
410 1179 524 1203 ornatus
546 1179 574 1203 et
589 1175 709 1204 imbutus
723 1175 872 1210 (quomodo

78 1226 93 1245 a
108 1218 191 1247 nobis
211 1219 385 1256 concipitur),
399 1222 447 1250 sed
463 1222 621 1258 utjustitia,
643 1222 830 1250 misericordia
844 1227 872 1250 et

76 1264 214 1293 sanctitas
229 1266 429 1300 substantialis,
455 1276 504 1304 per
524 1275 555 1296 se
578 1269 746 1296 subsistens.
769 1269 871 1297 Eodem

77 1311 160 1339 modo
174 1312 341 1348 accipiendae
356 1321 453 1342 omnes
470 1314 532 1343 alite
545 1315 727 1350 perfectiones
743 1323 805 1351 quae
820 1316 872 1350 ipsi

77 1357 249 1391 tribuuntur,
267 1359 331 1395 quia
345 1360 371 1387 in
388 1360 434 1388 illo
449 1360 522 1388 nulla
543 1365 583 1389 est
602 1361 749 1388 diversitas
765 1362 870 1389 forma-

76 1411 138 1431 rum
150 1410 198 1433 aut
209 1406 345 1434 rationunt
360 1406 527 1440 formalium,
538 1407 584 1435 sed
597 1415 650 1435 una
665 1408 869 1443 simplicissima

76 1450 167 1479 f0rma
181 1459 230 1490 per
247 1460 277 1480 se
299 1454 464 1486 subsistens,
482 1454 587 1482 inﬁnite
602 1462 685 1490 supra
706 1454 798 1483 omnia
814 1454 871 1483 ele-

76 1502 153 1532 vata,
169 1505 230 1533 quae
252 1503 296 1526 est
315 1499 401 1534 ipsius
419 1500 539 1527 essentia
558 1499 651 1535 (quam
674 1500 808 1529 Deitatem
822 1509 872 1529 vo-

78 1551 145 1572 care
160 1546 317 1582 possumus)
331 1553 382 1581 per
397 1553 479 1582 quam
493 1554 588 1574 omnes
603 1546 656 1574 illae
669 1547 870 1575 denominatio—

921 249 1039 276 caeteris.

924 304 1009 332 Nulla
1026 309 1065 332 est
1083 305 1232 333 similitudo
1253 306 1322 333 inter
1335 305 1509 341 perfectiones
1526 307 1574 334 Dei
1591 313 1614 335 et
1636 316 1713 335 crea-

1276 347 1354 369 ιιιι-αξ.

958 385 1101 421 Sequitur.
1121 388 1216 419 tertio,
1241 387 1426 422 perfectiones
1454 388 1573 421 divinas,
1596 393 1627 415 ut
1649 394 1714 417 sunt

923 433 950 460 in
967 433 1031 467 Dea,
1055 442 1108 462 non
1132 435 1233 462 habere
1249 435 1332 462 ullam
1347 435 1556 463 similitudinem
1572 443 1634 463 cum
1649 444 1714 471 per-

923 479 1086 508 fectionibus
1109 488 1170 515 quae
1194 485 1258 508 sunt
1285 481 1326 509 vel
1350 488 1412 509 esse
1435 486 1551 516 possunt
1576 481 1603 509 in
1631 483 1713 510 rebus

922 526 1034 560 creatis,
1045 531 1076 554 ut
1086 527 1166 554 docet
1182 527 1328 563 Dionysius
1340 535 1402 562 cap.
1420 527 1437 555 9
1464 527 1501 554 De
1515 527 1613 555 divinis
1628 529 1714 554 nomi-

922 572 1010 604 nibus,
1026 577 1054 599 et
1071 579 1132 607 cap.
1151 571 1168 599 5
1186 571 1305 607 Mystico:
1329 573 1478 607 theologitr.
1497 572 1583 606 Quam
1601 573 1637 601 ob
1650 581 1715 600 cau-

922 626 981 646 sam
1006 619 1078 646 Deus
1103 619 1206 646 dicilur
1232 627 1285 646 non
1308 626 1369 646 esse
1389 620 1555 652 substantia,
1580 627 1633 647 non
1654 627 1715 648 esse

922 666 990 698 vita,
1016 671 1084 699 etc.,
1107 667 1171 702 quia
1191 666 1228 693 ita
1247 671 1289 694 est
1310 674 1392 702 super
1410 667 1501 694 omnia
1526 667 1663 699 elevatus,
1685 671 1716 694 ut

922 720 985 740 cum
1004 713 1079 740 nulla
1095 721 1124 741 re
1142 717 1235 740 creata
1251 712 1294 740 vel
1310 713 1422 741 creabili
1441 713 1648 740 similitudinem
1666 713 1714 740 ha-

921 758 995 786 beat.
1019 759 1088 792 Quia
1118 765 1208 787 tamen
1234 766 1278 786 res
1301 763 1407 786 creatae.
1425 759 1545 794 aliquam
1569 759 1604 786 ad
1628 758 1714 785 Deum

920 805 1128 840 proportionem
1143 805 1247 832 habent
1262 809 1393 839 tanquam
1409 804 1523 832 effectus
1536 809 1564 832 et
1581 803 1714 832 imitatio-

922 858 973 878 nes
993 851 1117 886 quasdam
1134 851 1206 878 illius
1229 851 1276 886 (ob
1298 858 1380 886 quam
1399 851 1618 886 proportionem,
1636 851 1660 878 si
1677 852 1716 877 sit

923 897 950 924 in
974 904 1081 924 summo
1102 897 1188 932 gradu
1213 897 1342 924 dicuntur
1365 898 1448 924 etiam
1469 896 1524 924 Deo
1549 897 1663 929 similes,
1687 901 1715 923 et

923 943 971 972 Dei
985 943 1129 979 imagines,
1143 947 1172 970 ut
1186 947 1261 978 patet
1281 943 1307 970 in
1324 947 1423 970 natura
1444 942 1647 977 intellectual‘i),
1665 949 1713 969 nc-

922 997 976 1025 que
991 997 1041 1017 nos
1056 989 1141 1017 Deum
1153 990 1204 1017 nisi
1220 990 1351 1017 ex-rebus
1364 990 1463 1017 creatis
1476 997 1525 1024 per
1541 989 1712 1024 analogicum

923 1043 1067 1064 ascensum
1081 1043 1252 1071 cognoscere
1267 1044 1424 1072 possumus,
1441 1037 1503 1064 ideo
1520 1037 1630 1063 nomina
1649 1043 1712 1070 per-

922 1082 1074 1110 fectionem
1088 1088 1242 1111 creatarum
1259 1083 1292 1110 ad
1304 1083 1489 1119 perfectiones
1502 1083 1611 1110 divinas
1623 1087 1713 1110 trans-

923 1127 1055 1162 ferimus;
1086 1129 1210 1164 alioquin
1240 1131 1274 1157 de
1301 1129 1404 1157 divinis
1429 1129 1504 1157 nullo
1531 1129 1614 1156 modo
1639 1128 1712 1164 loqui

922 1181 1076 1210 possemus.
1092 1174 1194 1202 Verum
1215 1175 1274 1204 haec
1296 1176 1406 1204 nomina
1421 1175 1502 1211 longe
1522 1174 1612 1201 altiori
1629 1181 1713 1201 sensu

922 1222 1082 1258 accipienda
1111 1226 1193 1255 sunt,
1217 1230 1278 1251 cum
1305 1223 1463 1250 tribuuntur
1490 1222 1572 1249 rebus
1601 1220 1713 1254 divinis,

923 1277 1007 1306 quam
1025 1277 1088 1297 cum
1103 1270 1208 1297 creatis
1225 1278 1232 1296 :
1257 1269 1284 1297 in
1303 1269 1359 1297 Deo
1373 1269 1446 1297 enim
1468 1269 1625 1304 significant
1646 1267 1713 1295 sub—

923 1316 1055 1343 stantiam
1074 1323 1088 1342 a
1105 1323 1135 1343 se
1151 1315 1329 1347 existentem,
1350 1322 1383 1342 ac
1398 1315 1512 1350 proinde
1529 1314 1643 1342 omnino
1658 1313 1715 1341 illi-

923 1361 1062 1395 mitatam,
1081 1368 1142 1396 quae
1157 1368 1206 1396 per
1221 1368 1251 1389 se
1267 1360 1420 1388 formaliter
1438 1361 1542 1399 absque
1556 1360 1630 1388 omni
1649 1364 1712 1386 actu

923 1407 1016 1435 elicito
1042 1411 1157 1442 praestat
1183 1407 1276 1434 omnia
1307 1414 1367 1441 quze
1399 1406 1583 1440 perfectiones
1610 1410 1712 1433 creatae

922 1458 1054 1489 praestare
1076 1458 1210 1488 possunt,
1232 1457 1260 1481 et
1282 1453 1362 1481 modo
1384 1452 1490 1483 infinite
1513 1453 1713 1480 excellentiori.

922 1499 1018 1535 Itaque
1037 1507 1126 1536 neque
1145 1500 1174 1527 in
1190 1501 1271 1528 modo
1294 1501 1443 1534 existendi,
1467 1508 1556 1536 neque
1581 1500 1608 1527 in
1634 1500 1714 1528 modo

923 1547 1071 1584 operandi,
1085 1554 1174 1582 neque
1191 1547 1218 1574 in
1234 1547 1315 1575 modo
1337 1547 1474 1575 tribuendi
1490 1555 1570 1575 suum
1587 1546 1712 1575 etlectum

77 1599 128 1619 nes
141 1591 181 1619 illi
197 1598 231 1619 ex
247 1599 325 1628 parte
341 1593 382 1621 rei
407 1598 575 1629 competunt.
600 1593 629 1621 Id
643 1594 716 1621 enim
730 1599 771 1621 est
787 1594 868 1630 longe
883 1594 904 1624 (Ζ
922 1592 1063 1621 formalem
1078 1598 1120 1620 est
1133 1592 1187 1620 ulla
1205 1592 1367 1626 similitudo,
1383 1597 1437 1621 etc.

76 1636 228 1674 perfectius
248 1643 276 1666 et
297 1639 407 1674 dignius
428 1639 467 1667 illi
488 1639 640 1674 majcstati,
666 1640 773 1667 inﬁnite
789 1647 870 1674 supra

76 1686 172 1716 omnia
191 1693 253 1720 qua:
266 1690 330 1712 sunt
344 1689 371 1712 et
385 1692 445 1720 qua:
460 1692 514 1713 non
532 1689 596 1712 sunt
611 1686 652 1720 (ut
669 1685 814 1722 Dionysius
831 1685 871 1713 lo-

76 1730 185 1765 quitur)
200 1731 323 1758 elevatae.

250 1778 389 1811 Quomodo
403 1786 431 1806 se
443 1784 535 1806 mutuo
551 1779 700 1807 includam.

115 1824 185 1853 [Inc
210 1826 335 1859 sequitur
357 1826 457 1860 primo,
487 1825 579 1853 omnia
605 1827 757 1860 attributa,
790 1833 871 1863 prout

78 1871 292 1899 considerantur
310 1871 338 1899 in
359 1879 465 1899 summa
481 1879 530 1900 sua
547 1871 701 1902 elevationc
723 1874 872 1909 (quomodo

77 1922 145 1947 sunt
158 1918 184 1946 iu
198 1917 276 1953 Deo),
293 1925 323 1946 se
343 1922 438 1946 mutuo
453 1919 604 1954 includere,
622 1925 648 1949 et
662 1921 689 1948 in
707 1921 788 1948 unius
801 1928 870 1949 con-

77 1969 161 1999 captu
178 1964 328 1992 intrinsece
340 1964 444 1993 includi
460 1967 563 2000 omnia,
579 1967 642 2002 quia
656 1971 722 1995 sunt
735 1975 787 1995 una
802 1967 870 1995 sim-

77 2010 229 2045 plicissima
243 2009 344 2044 forma,
365 2011 392 2038 in
409 2018 439 2039 se
452 2012 541 2040 omnis
555 2013 741 2041 distinctionis
756 2021 869 2049 expers,

79 2058 115 2084 de
126 2056 203 2092 cujus
217 2057 326 2085 ratione
342 2061 385 2085 est
396 2057 487 2086 omnia
505 2058 548 2085 illa
563 2058 717 2087 formaliter
730 2063 757 2087 et
770 2067 871 2088 secon-

79 2104 143 2131 dum
158 2111 293 2132 summam
314 2103 486 2132 identitatem
503 2104 652 2139 includere,
670 2110 698 2134 et
713 2107 808 2134 omnia
825 2107 871 2135 illa

79 2157 140 2178 esse
155 2149 319 2178 formaliter.

248 2195 387 2229 Quomodo
400 2196 452 2223 sint
467 2197 570 2231 inﬁnite
584 2197 701 2226 eleualw.

117 2238 261 2273 Sequitur,
289 2239 422 2273 secundo,
443 2241 628 2275 perfectiones
650 2243 767 2276 divinas,
789 2248 870 2279 prout

81 2290 147 2315 sunt
171 2285 198 2312 in
216 2286 281 2319 Deo,
299 2293 363 2314 esse
385 2286 492 2314 infinite
513 2287 635 2315 elevatus
654 2296 736 2323 supra
756 2290 868 2317 easdem

80 2330 263 2366 perfectiones
280 2337 428 2368 spectatas,
444 2338 525 2368 prout
540 2339 605 2362 sunt
618 2339 665 2362 aut
680 2340 794 2369 possunt
809 2343 876 2365 esse.

82 2377 109 2404 in
129 2377 277 2412 creaturis,
294 2383 342 2405 aut
357 2378 440 2407 etiam
462 2383 545 2414 prout
559 2388 574 2407 a
591 2385 681 2408 mente
695 2386 787 2409 creata
805 2389 871 2416 pos-

82 2433 146 2455 sunt
159 2428 276 2463 concipi.
293 2428 374 2457 Ratio
393 2434 447 2463 est,
463 2430 527 2465 quia
544 2435 574 2458 ut
592 2435 658 2458 sunt
675 2431 702 2458 in
718 2432 786 2465 Deo,
807 2437 872 2461 Sunt

82 2474 197 2501 infinitae
228 2475 407 2510 perfectionis
432 2485 485 2504 non
512 2477 600 2505 solum
632 2478 704 2505 intra
733 2480 870 2514 propriam

83 2522 214 2556 speciem,
231 2521 279 2549 sed
295 2522 420 2551 absolute
434 2529 462 2551 et
477 2523 505 2551 in
517 2528 576 2552 toto
589 2531 690 2559 genere
703 2526 785 2553 entis.
800 2526 869 2554 Tum

84 2566 163 2593 etiam
179 2564 244 2601 quia
260 2566 287 2593 in
304 2566 359 2595 Deo
380 2575 434 2595 non
449 2574 513 2596 sunt
528 2569 616 2597 forma
634 2571 725 2606 aliqua
741 2572 871 2599 acciden-

85 2612 166 2645 taria,
190 2612 237 2639 sed
264 2614 420 2642 substantia
443 2624 493 2651 per
511 2624 542 2645 se
561 2617 726 2650 subsistens,
754 2623 781 2645 ct
802 2625 815 2645 a
841 2625 872 2645 se

88 2656 188 2685 habens
207 2659 300 2686 omnia
320 2659 437 2694 infinite,
457 2670 517 2697 qua:
538 2663 572 2691 ad
593 2664 726 2691 rationem
741 2663 872 2699 cujusque

88 2703 261 2736 perfectionis
284 2709 419 2740 spectant,
437 2714 464 2735 ν.
488 2715 527 2743 3.,
549 2710 683 2745 sapientia
705 2709 794 2737 divina
818 2719 871 2738 non

88 2753 127 2776 est
141 2749 273 2784 qualitas,
293 2752 341 2780 sed
356 2754 509 2782 substantia
525 2763 573 2790 per
589 2763 619 2784 se
635 2756 799 2790 subsistens,
821 2757 872 2785 ita-

90 2792 151 2823 bcns
165 2804 181 2824 a
196 2803 227 2824 se
242 2804 295 2825 non
312 2798 401 2827 solum
418 2799 553 2830 inﬁnitum
569 2802 660 2830 lumen
679 2801 871 2838 intellectuale,

152 2886 175 2901 "
196 2886 269 2916 Paul.
291 2896 383 2918 cxuv.

1180 1660 1400 1690 OBSERVATIO
1420 1662 1453 1690 Χ.

924 1708 1042 1735 Nomina
1056 1710 1207 1736 communia
1223 1717 1275 1743 quo
1295 1717 1373 1744 sensu
1390 1711 1464 1744 prius
1478 1709 1510 1736 de
1523 1709 1589 1741 Dea,
1601 1715 1625 1736 et
1640 1718 1714 1744 prius

958 1746 991 1771 de
1007 1745 1137 1780 creaturis
1158 1743 1429 1780 dicamurnNomina
1452 1750 1512 1771 sunt
1530 1747 1605 1772 rebus
1624 1750 1712 1780 poste-

959 1779 1044 1806 riora.
1060 1778 1176 1806 Nomitta
1188 1779 1220 1805 ab
1236 1779 1340 1806 homine
1353 1781 1470 1806 inventa.

960 1824 1028 1852 Nota
1048 1824 1079 1854 S.
1094 1825 1240 1858 Thomam,
1255 1829 1335 1860 parte
1350 1833 1370 1857 ι,
1382 1832 1429 1860 qu.
1450 1826 1493 1859 15,
1510 1830 1563 1856 art.
1576 1827 1605 1860 6,
1622 1827 1714 1856 dicere

922 1871 1069 1908 praedictas
1085 1871 1278 1908 perfectiones,
1293 1876 1424 1906 quantum
1445 1873 1479 1900 ad
1497 1880 1554 1900 rem
1572 1873 1712 1908 signiﬁca-

922 1920 978 1943 tam
996 1923 1046 1950 per
1059 1922 1170 1948 nomen,
1187 1915 1264 1950 prius
1277 1915 1330 1943 dici
1346 1915 1380 1944 de
1394 1916 1450 1944 Deo
1461 1925 1544 1952 quam
1556 1918 1590 1946 de
1603 1923 1714 1946 creatu-

923 1964 982 1998 ris;
998 1963 1061 1999 quia
1077 1971 1093 1991 a
1109 1963 1164 1990 Deo
1183 1962 1339 1998 huiusmodi
1355 1964 1542 1998 perfectiones
1559 1965 1586 1993 in
1602 1970 1714 1993 creatu-

923 2018 969 2038 ras
978 2014 1106 2044 manant;
1118 2010 1165 2037 sed
1174 2014 1308 2045 quantum
1320 2011 1354 2037 ad
1366 2010 1567 2045 impositioncm
1581 2013 1713 2046 nominis,

923 2057 1000 2092 prius
1012 2065 1026 2083 a
1042 2057 1121 2084 nobis
1133 2057 1236 2091 imponi
1248 2057 1384 2084 creaturis
1395 2065 1464 2092 quas
1479 2058 1556 2092 prius
1571 2060 1714 2094 cognosci-

923 2111 1007 2136 mus;
1028 2103 1100 2130 unde
1127 2107 1155 2131 et
1181 2103 1292 2131 modum
1318 2103 1492 2138 signiﬁcandi
1521 2105 1639 2139 habent,
1667 2107 1714 2141 qui

923 2148 1055 2183 competit
1066 2149 1211 2176 creaturis.
1226 2148 1290 2176 Non
1306 2149 1377 2176 enim
1397 2149 1497 2185 (inquit
1515 2149 1642 2184 Basilius,
1661 2151 1712 2179 lib.

924 2202 955 2227 ιι,
971 2200 1065 2222 contra
1079 2194 1255 2230 Eunomium)
1273 2199 1371 2223 natura
1386 2204 1474 2223 rerum
1496 2198 1604 2225 nomine
1625 2199 1714 2234 sequi-

924 2246 979 2274 tur,
998 2242 1050 2268 imo
1062 2246 1121 2276 post
1135 2250 1177 2268 res
1188 2242 1260 2276 ipsas
1274 2242 1379 2269 inventa
1395 2249 1456 2270 sunt
1470 2245 1588 2271 nomine.
1606 2244 1714 2272 Etenim

924 2289 947 2316 si
968 2289 1019 2316 hoc
1034 2292 1107 2315 esset
1122 2295 1227 2320 verum,
1244 2295 1298 2315 non
1317 2296 1378 2316 esse
1398 2290 1513 2317 nomina
1527 2292 1607 2318 rebus
1622 2296 1714 2326 poste<

925 2334 1010 2367 riora,
1024 2342 1093 2369 opus
1114 2338 1197 2368 esset,
1210 2340 1240 2362 ut
1256 2342 1371 2370 quorum
1387 2340 1450 2362 sunt
1472 2337 1573 2364 eadem
1589 2337 1722 2365 nomina--

925 2383 1025 2416 tiones,
1050 2390 1101 2410 una
1128 2387 1154 2410 et
1179 2383 1274 2410 eadem
1298 2384 1451 2411 substanlia
1479 2389 1571 2413 esset:
1599 2393 1633 2412 ex
1657 2393 1712 2421 quo

923 2431 1014 2463 ﬁeret,
1033 2434 1062 2457 ut
1076 2430 1140 2464 quia
1155 2430 1203 2465 qui
1221 2434 1288 2457 sunt
1309 2430 1410 2457 virtute
1435 2430 1559 2467 perfecti,
1573 2432 1647 2467 digni
1660 2440 1711 2460 no-

925 2477 999 2504 mine
1019 2476 1068 2504 Dei
1081 2477 1227 2509 habentur,
1242 2480 1270 2503 et
1291 2475 1329 2503 dii
1351 2476 1535 2511 appellantur,
1557 2483 1650 2506 essent
1664 2479 1714 2506 ho-

927 2524 1016 2551 mines
1042 2523 1176 2559 ὁμούσιοι,
1205 2524 1232 2551 id
1259 2527 1302 2551 est
1326 2522 1449 2556 ejusdem
1475 2524 1635 2553 substantiae
1659 2533 1715 2560 qua

925 2570 1008 2598 Deus.
1026 2569 1127 2598 Verum
1151 2570 1223 2597 sicut
1243 2569 1295 2598 hoc
1311 2569 1416 2602 dicere,
1436 2569 1583 2598 manifesta
1605 2572 1720 2600 insania.

924 2622 985 2649 est;
1010 2617 1050 2644 sic
1075 2617 1139 2644 illud
1156 2616 1259 2649 dicere,
1276 2623 1354 2652 aeque
1376 2616 1516 2645 dementia
1530 2622 1584 2646 est.
1609 2618 1667 2645 Imo
1685 2623 1727 2646 et.

924 2662 1071 2697 Gregorius
1091 2661 1228 2697 Nyssenus
1244 2661 1294 2691 lib.
1309 2669 1374 2697 xtn,
1389 2662 1532 2698 disputans
1547 2668 1644 2691 contra
1659 2663 1716 2691 Eu‘

927 2708 1047 2736 nomium
1061 2716 1069 2735 :
1084 2707 1233 2741 Miserator,
1255 2708 1354 2743 inquit,
1367 2714 1391 2736 et
1406 2710 1555 2737 misericors
1571 2710 1713 2742 Dominus,

924 2756 1038 2790 patiens,
1060 2760 1083 2782 et
1102 2755 1192 2782 multa:
1211 2755 1398 2783 mtsericordite
1422 2756 1529 2790 ".Quid
1553 2757 1612 2785 haec
1630 2756 1714 2783 aiunt.

920 2801 1093 2838 signiﬁcare?
1104 2801 1281 2835 Naturamne,
1299 2809 1333 2830 an
1351 2802 1553 2832 onerationem?
1569 2801 1653 2830 Nemo
1665 2809 1709 2830 sa-
