1925 3070
186 106 220 133 87
751 99 780 127 S.
801 97 986 127 DlONYSllJS
1005 94 1233 124 AREOPAGITA.
1765 89 1799 117 88

182 173 216 191 ne
231 159 452 191 aliuddeclarare
463 159 758 194 dixeritpracterquain
770 154 1002 192 operationem.A
1018 161 1099 180 unum
1131 157 1169 179 est
1193 150 1263 186 quod
1291 146 1527 184 signiﬁcatum-Et
1555 146 1577 173 si
1603 145 1686 174 Deum
1713 145 1799 177 dicas,

182 211 297 244 Quando
311 208 396 243 igitur
413 208 559 234 miseratus
573 210 616 232 est
629 205 768 237 Dominus,
787 208 816 230 ut
827 210 861 230 ex
880 209 974 237 opera-

183 258 256 283 tione
266 254 451 282 miserationis
464 259 562 280 nomen
575 249 704 278 duceret?
715 248 843 284 Nunquid
859 253 924 276 ante
933 247 972 274 vi-

184 309 240 330 tam
250 300 416 330 humanam?
427 299 525 333 Ecquis
535 303 599 325 tunc
611 296 800 324 misericordia
816 292 973 329 indigebat?

184 351 218 376 At
235 355 299 376 vero
319 351 380 382 post
400 350 541 381 peccatum
561 350 672 379 prorsus
697 341 887 369 misericordia
904 347 974 376 opus

184 396 247 428 fuit,
262 398 405 430 peccatum
421 395 513 419 autem
530 394 592 425 post
610 389 750 417 hominem
766 387 898 421 existitit;
912 390 974 422 post

184 442 323 470 hominem
335 439 419 473 igitur
432 438 504 466 actio
519 436 665 465 miserendi
676 441 704 464 et
717 434 913 462 misericordia:
923 440 974 461 no-

186 497 259 517 men.
272 487 350 516 Unde
359 485 532 514 manifestum
544 483 660 512 ellicitur
674 481 827 517 posteriora
845 487 908 508 esse
923 486 975 507 no-

187 537 260 564 mina
273 535 330 569 ipsa
343 533 495 561 aeternitate
505 531 565 565 Dei,
581 535 608 559 et
625 534 687 565 post
704 529 844 556 hominem
858 531 886 554 et
899 533 976 554 men-

189 588 241 611 tem
254 582 373 610 hominis
387 581 497 608 inventa
509 585 581 606 esse.
594 577 669 604 Mens
684 576 758 604 enim
771 576 891 603 humana
903 573 976 601 sicut

187 631 303 658 aliarum
315 636 406 656 rerum
417 627 525 655 nomina
538 625 692 656 adinvenit,
707 624 747 651 sic
762 623 846 651 etiam
865 620 977 648 nontina

189 676 236 703 Dei
251 683 394 710 aggressa.
404 679 430 701 ct
443 673 527 700 veluti
542 671 686 699 materiam
696 675 786 703 nacta,
798 669 842 696 illa
862 669 920 703 ipsa
935 665 977 693 ef-

188 722 259 749 fecta
274 726 302 749 et
317 721 501 752 admirabilia,
517 727 578 755 quae
592 719 618 746 in
632 718 761 745 universo
771 713 976 749 contemplatur

189 767 347 802 insequens,
364 771 391 794 et
408 766 441 794 de
457 766 513 794 Deo
535 765 690 800 inquirens,
706 762 816 790 nomina
835 758 975 795 imposuit.

189 815 306 842 Nomina
322 814 474 852 communia
489 821 540 849 quo
552 812 681 852 senm‘d‘e
695 811 764 852 Deo,
779 815 805 838 et
823 818 876 845 quo
891 817 971 837 sensu
987 825 1010 852 Β

392 850 424 876 de
439 847 570 875 creaturis
585 847 764 882 intelligenda.

224 897 263 924 Ex
284 896 326 923 his
342 903 407 930 ergo
426 894 575 930 colligitur,
593 901 655 921 cum
684 891 838 926 huiusmodi
862 892 973 920 nomina

190 943 281 970 divina
297 943 330 970 de
341 940 474 968 creaturis
482 947 550 975 quas
559 940 634 975 prius
648 938 848 974 cognoscimus,
859 941 886 966 et
898 937 977 972 prius

192 990 377 1022 nominamus,
404 987 547 1019 dicuntur,
565 987 666 1014 habere
687 993 720 1013 ea
744 985 852 1012 modum
871 984 976 1019 signifi—

189 1035 278 1067 candi,
293 1035 338 1070 qui
350 1034 482 1068 competit
496 1033 641 1064 creaturis,
656 1033 727 1059 sicut
746 1031 784 1058 ait
798 1031 827 1058 S.
842 1031 974 1064 Thomas,

189 1085 217 1108 et
231 1080 379 1108 secundum
402 1084 521 1107 nostram
550 1078 775 1106 consuetudinem
804 1078 913 1113 proprie
938 1078 975 1105 si-

190 1127 322 1163 gniﬁcare
334 1125 520 1161 operationem
531 1133 578 1153 seu
590 1125 721 1153 effectum
733 1124 935 1160 participatum,
947 1128 976 1151 ut

189 1175 278 1202 bonus
293 1173 446 1200 bonitatem
461 1176 595 1206 creatam,
609 1171 719 1206 sapiens
734 1170 893 1205 sapientiam
907 1171 973 1198 item

191 1223 326 1250 creatam,
345 1223 373 1246 et
386 1218 511 1245 similiter
523 1218 549 1244 in
565 1216 680 1251 reliquis
700 1215 859 1243 nominibus
871 1215 976 1251 signiti-

191 1265 319 1292 cantibus
345 1262 502 1300 hujusmodi
528 1262 713 1298 perfectiones
729 1262 928 1296 participatas;
948 1265 977 1288 et

193 1310 273 1337 utsic
288 1317 340 1336 non
357 1309 486 1336 dicuntur
505 1308 615 1343 proprie
629 1307 663 1334 de
678 1307 743 1340 Deo,
758 1307 821 1342 quia
839 1307 911 1334 Deus
932 1310 975 1334 est

189 1363 273 1390 supra
295 1356 358 1388 ista,
380 1362 462 1390 supra
484 1355 596 1386 bonum,
619 1361 699 1388 supra
724 1355 886 1388 sapientem.
907 1351 975 1380 Cum

190 1409 258 1428 vero
282 1401 315 1429 de
332 1402 388 1428 Deo
406 1401 515 1436 proprie
536 1401 676 1433 diettntur,
695 1399 841 1426 essentiam
859 1398 918 1434 ejus
939 1398 976 1425 si-

191 1447 332 1482 gniﬁcare,
347 1451 374 1474 et
386 1447 532 1474 secundum
554 1451 681 1472 naturam
703 1445 769 1478 dici,
794 1449 821 1471 et
845 1443 918 1471 dicta
942 1443 976 1470 de

1018 199 1137 226 eumdem
1152 196 1299 229 ostendisti,
1326 203 1401 230 quem
1416 202 1461 228 per
1476 194 1576 227 reliqua
1592 193 1700 218 nomina
1715 197 1800 218 mente

1018 246 1169 278 concepisti.
1203 243 1243 270 Ex
1271 242 1314 269 his
1339 241 1422 276 igitur
1455 239 1628 266 manifestum
1666 237 1696 264 ﬁt
1727 237 1799 272 quod

1018 294 1113 320 eadem
1135 291 1225 319 divina
1246 289 1355 317 nomina
1374 292 1402 315 et
1418 286 1518 314 eaedem
1546 286 1670 313 notiones
1696 289 1799 312 nostra}

1017 338 1051 365 de
1071 338 1127 365 Deo
1139 337 1278 367 dicuntur,
1292 333 1447 367 nullamque
1473 330 1650 359 diﬂ'erentiam
1677 329 1716 356 rei
1736 331 1800 356 sub-

1016 384 1095 418 jecta:
1123 384 1156 410 ad
1186 382 1270 409 Deum
1302 379 1389 407 relata
1422 381 1642 412 reprzcsentant:
1673 380 1701 402 et
1727 375 1799 410 quod

1019 429 1129 458 nomina
1149 428 1197 455 Dei
1223 426 1356 462 triplicem
1378 424 1480 451 habent
1502 430 1613 451 causam
1635 421 1798 449 emcientem

1020 475 1141 511 quidem,
1159 477 1276 500 mentem
1295 471 1380 504 ipsam
1399 471 1563 500 humanam;
1581 468 1735 500 materiam,
1756 467 1801 494 illa

1019 520 1090 548 unde
1113 519 1289 553 colliguntur,
1303 517 1329 544 id
1343 521 1386 544 est
1410 515 1522 547 ellecta;
1548 514 1638 546 linem,
1662 513 1745 541 Deum
1768 512 1803 540 ad

1020 574 1099 601 quem
1114 565 1280 592 referuntur.

1268 617 1490 648 OBSERVATlO
1509 617 1554 645 XI.

1021 666 1052 695 S.
1072 667 1216 702 Dionysius
1235 666 1335 702 primus
1355 670 1447 702 auctor
1467 664 1606 702 theologica
1625 662 1803 702 scholas-(icti.

1058 697 1194 736 Principia
1206 697 1350 736 incologica
1362 708 1394 727 ea:
1407 699 1610 736 prima‘periodo
1623 697 1741 736 Dionysii
1756 698 1805 724 dc—

1056 733 1204 772 promplau
1220 733 1304 762 Omne
1326 735 1424 772 donum
1441 743 1460 772 _a
1476 734 1537 772 _D_co
1560 741 1616 760 esse
1630 753 1637 765 ,
1663 733 1803 763 desursum

1057 769 1129 803 esse,
1153 780 1169 798 a
1185 770 1267 798 Patre
1279 771 1418 796 luminum.
1436 769 1551 803 Spiritus
1576 773 1683 794 sanctus
1704 771 1803 793 donum

1059 807 1160 834 Patria.
1181 806 1236 834 Cur
1253 805 1336 832 Pater
1357 804 1487 831 luminum
1507 804 1604 830 dictus.
1625 803 1731 829 Patrem
1750 809 1806 828 esse

1058 842 1217 875 principium
1233 840 1438 867 emanationum.
1460 839 1569 875 Bonum‘
1577 839 1626 875 sui
1638 838 1804 875 diﬂttsiuum.

1062 876 1132 903 Deus
1145 872 1235 903 omnia
1250 876 1316 910 facit
1331 874 1362 910 ob
1378 875 1530 901 bonitatem.
1541 872 1644 910 _Grati_a
1659 873 1807 910 nonrdatur

1058 920 1090 939 ea:
1117 912 1226 938 meritis.
1250 907 1409 936 Immediate
1430 913 1467 936 est
1491 917 1507 935 α
1534 908 1599 936 Deo.
1622 907 1733 935 Uniendi
1756 907 1807 934 vim

1059 947 1146 974 habet.
1160 946 1299 973 Hominem
1311 945 1392 972 elevat
1407 953 1488 974 supra
1498 947 1597 970 statum
1609 949 1723 971 naturtc.
1737 942 1808 970 Deus

1061 982 1177 1009 omnium
1190 980 1348 1015 principium
1363 985 1386 1006 et
1398 979 1473 1013 ﬁnis.

1059 1012 1211 1055 Observata
1243 1012 1354 1060 quoque
1386 1012 1575 1059 dignissimum
1607 1012 1743 1059 quomodo
1777 1021 1807 1049 S.

1026 1074 1170 1109 Dionysius
1204 1073 1309 1108 primus
1338 1071 1509 1099 scholastica;
1539 1070 1685 1106 theologia:
1711 1070 1809 1105 jecerit

1026 1119 1211 1152 rutidamenta,
1229 1119 1329 1153 quibus
1345 1117 1436 1145 caeteri
1454 1117 1584 1152 deinceps
1600 1116 1729 1151 theologi,
1747 1123 1809 1143 eam

1025 1174 1086 1201 qua:
1105 1165 1138 1193 de
1158 1165 1214 1192 Deo
1233 1165 1369 1199 rebusque
1390 1163 1489 1190 divinis
1505 1164 1531 1190 in
1551 1162 1653 1190 scholis
1677 1162 1808 1194 traditur,

1026 1213 1180 1240 doctrinam
1198 1218 1306 1238 onmem
1323 1209 1535 1238 itmdil‘tcarunt.
1554 1208 1684 1244 Exemplo
1699 1209 1735 1236 sit
1750 1215 1814 1243 pro-

1027 1258 1130 1285 ximum
1144 1258 1216 1291 qttod
1234 1255 1355 1283 occurrit
1373 1256 1471 1291 capitis
1486 1255 1566 1291 primi
1593 1253 1632 1281 De
1648 1255 1742 1282 calcati
1754 1254 1812 1280 Ilie-

1027 1302 1383 1335 rarcltia_exordium,cujus
1394 1302 1509 1336 primam
1522 1301 1662 1335 periodum
1673 1300 1695 1327 si
1707 1304 1812 1327 attente

1027 1350 1088 1385 quis
1109 1349 1281 1384 expenderit,
1302 1353 1369 1383 quot
1385 1347 1467 1375 verba
1485 1352 1523 1374 tot
1538 1347 1661 1378 oracula,
1683 1346 1811 1373 totidem-

1027 1403 1082 1430 que
1097 1394 1232 1422 altissima
1252 1393 1420 1422 scholastica:
1434 1392 1565 1420 doctrinae
1581 1391 1713 1426 prittcipia
1727 1391 1812 1418 mira-

1027 1441 1110 1469 bitur.
1130 1441 1176 1468 Sic
1195 1440 1277 1468 habet
1296 1448 1303 1467 ι
1327 1448 1336 1464 ι
1355 1438 1443 1466 Πᾶσα
1458 1439 1543 1471 δόσις
1561 1437 1668 1473 ἀγαθὴ,
1686 1437 1735 1465 καὶ
1751 1436 1813 1465 πᾶν

191 1493 330 1520 creaturis
345 1492 434 1527 quoad
449 1499 507 1519 rem
523 1491 717 1526 signiﬁcatam.
735 1497 787 1516 non
803 1489 912 1524 proprie
927 1488 974 1516 sed

1033 1487 1144 1522 ἳὼρημα
1167 1487 1292 1519 τέλειον,
1316 1486 1430 1513 ἁνωθέν
1452 1486 1527 1518 ἐστι,
1552 1484 1731 1512 καταϐαῖνον
1753 1484 1812 1511 ἀπὸ

190 1547 239 1574 per
250 1539 363 1566 abusum
378 1538 464 1566 verbi.
480 1541 507 1565 et
521 1545 567 1572 per
582 1537 761 1564 imitationem
777 1539 804 1563 et
820 1535 977 1562 similitudi-

191 1593 255 1613 nem
279 1585 425 1620 quamdam
451 1583 620 1618 analogicam
641 1582 694 1610 dici
719 1590 727 1607 :
750 1586 833 1616 atque
860 1582 896 1607 ita
917 1587 978 1615 qnze

193 1633 256 1655 sunt
279 1627 435 1656 communia
457 1628 515 1655 Deo
538 1632 565 1654 et
585 1626 720 1654 creaturis
742 1626 863 1659 nomina,
888 1625 977 1660 quoad

192 1683 250 1702 rem
267 1674 448 1708 signiﬁcatam
467 1681 530 1701 vere
543 1678 572 1701 et
587 1673 705 1708 proprie,
725 1673 751 1700 id
765 1677 806 1700 est
821 1671 977 1700 essentiali-

193 1725 236 1747 ter
251 1726 278 1747 et
301 1728 349 1755 per
365 1727 394 1747 se
413 1719 542 1747 dicuntur
557 1719 590 1746 de
613 1719 687 1751 Deo;
714 1718 747 1745 de
771 1722 898 1745 creatura
911 1724 978 1743 vero

195 1775 249 1794 non
266 1774 330 1794 vere
343 1774 429 1801 neque
443 1765 562 1800 proprie,
580 1765 642 1800 quia
658 1772 710 1791 non
726 1771 774 1798 per
789 1770 817 1790 se
830 1763 976 1789 dicuntur:

193 1813 282 1846 quoad
301 1819 366 1839 vero
382 1811 582 1846 impositionem
596 1810 749 1842 nominum,
766 1808 876 1844 proprie
890 1808 977 1843 signi-

195 1857 278 1883 lic-ant
308 1857 335 1884 id
360 1856 394 1883 ad
421 1858 492 1890 quod
516 1856 642 1890 imposita
667 1859 742 1888 sunt,
759 1854 884 1889 itnposita
904 1854 978 1881 enim

191 1908 256 1930 Sllltl
273 1903 350 1937 prius
371 1903 403 1930 ad
421 1903 616 1936 signiﬁcandas
631 1901 813 1936 perfectiones
830 1900 979 1935 participa-

195 1955 249 1980 tas,
263 1956 331 1983 quas
347 1956 362 1975 a
385 1948 442 1976 Deo
459 1949 485 1975 in
499 1948 634 1976 creaturis
649 1947 761 1974 edoctas
776 1946 977 1982 cognoscimus,

196 2003 228 2022 ex
245 1996 354 2030 quibus,
376 1996 410 2022 ad
431 1993 642 2029 cognoscendas,
662 1999 800 2027 utcunque
823 1999 978 2027 possumus,

195 2042 380 2075 perfectiones
397 2039 557 2068 essentiales
571 2040 617 2067 Dei
632 2039 804 2072 deducimur,
821 2038 892 2066 sicut
907 2037 978 2064 scri-

194 2093 269 2122 ptutn
281 2092 340 2114 est:
358 2087 506 2114 Invisibilia
518 2086 566 2113 Dei
581 2094 626 2120 per
637 2094 669 2112 ea
680 2094 738 2120 qua:
750 2085 820 2119 facta
832 2090 891 2112 sunt
903 2084 980 2111 intel-

196 2134 263 2160 lecta
275 2133 476 2167 conspiciuntur
486 2132 520 2159 ⁷⁷.

194 2188 291 2216 Omnia
314 2188 362 2216 Dei
386 2190 492 2216 nomina
504 2190 574 2225 quid
590 2198 673 2216 unum
695 2195 719 2217 et
741 2190 809 2217 idem
828 2189 978 2225 signiﬁcant

473 2226 506 2251 ad
520 2225 603 2251 Deum
619 2225 712 2252 relata.

230 2269 436 2297 Observandum
461 2271 506 2298 hic
530 2278 592 2297 cum
611 2270 797 2305 Cyparissiota
818 2271 918 2298 Decad.
940 2279 978 2304 tv,

195 2321 256 2350 cap.
278 2315 304 2346 7,
322 2316 394 2350 quod
410 2316 481 2342 sicut
494 2316 586 2342 divina
604 2316 714 2343 nomina
734 2324 767 2343 ex
786 2316 890 2344 eﬂ‘ectis
904 2325 979 2344 sum-

195 2367 252 2396 pta,
267 2361 447 2390 diﬂ'erentiam
460 2362 650 2397 operationum
665 2369 875 2398 reprmsentant,
891 2364 930 2391 sic
943 2364 977 2392 ad

194 2409 278 2435 Deum
302 2409 399 2442 relata,
418 2410 541 2438 diversas
564 2417 609 2438 res
622 2416 820 2445 reprazsentare
844 2418 898 2438 non
915 2418 980 2445 pos-

194 2454 260 2482 sint.
280 2453 349 2482 Hinc
369 2463 484 2490 magnus
502 2455 620 2482 Basilius
643 2455 670 2482 in
694 2455 802 2491 epistol.
826 2455 859 2482 ad
883 2455 982 2482 Eusta-

197 2500 290 2527 chium
308 2503 318 2528 ξ
335 2500 442 2533 Omnes,
466 2501 565 2536 inquit,
594 2501 723 2534 notiones,
745 2506 769 2528 et
793 2501 900 2527 nomina
922 2509 981 2536 qum

197 2544 283 2572 Deum
294 2547 395 2579 decent,
409 2547 518 2582 aqualis
532 2548 599 2574 inter
610 2555 636 2574 se
648 2547 756 2573 honoris
768 2552 840 2578 sunt,
853 2552 980 2581 quatenus

196 2588 393 2622 Jiyniﬁcatione
408 2591 445 2617 rei
459 2591 585 2625 subjectw
597 2590 665 2618 nihil
677 2591 814 2625 differunt.
834 2590 896 2618 Non
910 2594 980 2618 enim

196 2635 231 2660 ad
254 2634 336 2661 aliam
360 2643 412 2661 rem
436 2636 580 2670 subjectum
603 2641 714 2664 mentem
738 2636 812 2663 ducit
834 2636 979 2671 appellatio

197 2679 268 2714 boni,
284 2685 308 2707 et
323 2681 358 2707 ad
373 2682 456 2708 aliam
471 2682 614 2717 appellatio
637 2684 764 2717 sapientis
778 2704 785 2716 ,
798 2688 822 2710 et
852 2683 977 2718 potentis,

196 2731 220 2752 et
241 2726 322 2760 justi.
338 2727 408 2760 Quin
421 2728 520 2763 potius,
537 2736 697 2765 quiscunque
723 2730 830 2757 nomina
857 2729 958 2756 dixeris
972 2749 979 2763 ,

232 2803 254 2819 ’τ
279 2803 357 2832 Rom.
377 2812 396 2831 ι.
435 2804 458 2820 ⁷⁸
469 2803 526 2832 Jac.
540 2813 560 2838 ι,
575 2805 617 2832 l'l.

1027 1535 1080 1562 τοῦ
1094 1533 1210 1568 Πατρός
1221 1533 1280 1560 τῶν
1295 1532 1397 1567 φώτων
1414 1533 1447 1559 ⁷⁸.
1470 1532 1548 1559 Ἀλλὰ
1561 1532 1608 1559 καὶ
1624 1532 1698 1558 πᾶσα
1709 1532 1814 1567 Πατρο-

1028 1581 1137 1615 κινήτου
1154 1579 1340 1614 φωτοφανείας
1364 1578 1476 1614 πρόοδος
1500 1578 1540 1609 εἰς
1557 1578 1630 1613 ἡμᾶς
1644 1576 1814 1611 ἁγαθοδὸτως

1029 1624 1147 1660 φοιτῶσα
1159 1624 1239 1651 πάλιν
1251 1624 1288 1655 ὡς
1300 1623 1420 1654 ἑνοποιὸς
1432 1621 1546 1657 δύναμις
1560 1621 1730 1653 ὰνατατικῶς
1741 1622 1814 1657 ἡμᾶς

1029 1671 1151 1702 ἀναπλοῐ,
1176 1669 1224 1696 καὶ
1245 1668 1403 1704 ἐπιστρέφει
1425 1668 1494 1703 πρὸς
1515 1667 1564 1703 τὴν
1585 1667 1633 1693 τοῦ
1655 1666 1812 1701 συναγωγοῦ

1029 1716 1134 1751 Πατρὸς
1145 1716 1269 1750 ἑνότητα,
1288 1715 1335 1741 καὶ
1354 1713 1475 1740 θεοποιὸν
1487 1713 1634 1748 ἁπλότητα.
1651 1712 1705 1739 Καὶ
1716 1711 1770 1748 γὰρ
1783 1712 1813 1744 ἐξ

1029 1761 1111 1788 αὐτοῦ
1125 1761 1222 1793 πάντα,
1236 1760 1282 1786 καὶ
1294 1760 1333 1791 εἰς
1344 1758 1434 1786 αὐτόν.
1459 1767 1468 1784 ι
1487 1758 1570 1784 Omne
1586 1758 1677 1784 clatum
1698 1757 1792 1786 bonum
1803 1777 1811 1790 ,

1028 1810 1053 1833 et
1068 1814 1144 1833 omne
1157 1807 1254 1832 donum
1271 1804 1413 1839 perfectum
1426 1803 1565 1830 desursum
1579 1808 1631 1835 est,
1653 1803 1812 1830 descendens

1030 1861 1046 1878 ιι
1066 1851 1146 1879 Patre
1161 1851 1302 1878 luminum.
1319 1850 1389 1882 Quin
1404 1853 1428 1876 et
1445 1848 1528 1875 omnis
1541 1857 1557 1874 tt
1570 1847 1650 1875 Patre
1661 1854 1738 1876 moue
1751 1848 1812 1875 illu-

1030 1898 1165 1925 strationis
1176 1898 1318 1930 emanatio,
1333 1897 1361 1923 in
1376 1903 1422 1923 nos
1433 1894 1543 1928 beneﬁce
1556 1895 1714 1928 exundans;
1727 1895 1813 1922 demto

1031 1953 1077 1971 ceu
1093 1944 1191 1978 uni/ica
1206 1944 1254 1976 vis,
1276 1943 1310 1969 ad
1332 1950 1428 1977 supera
1445 1950 1491 1968 nos
1508 1942 1629 1976 erigenda
1651 1941 1812 1974 simpliﬁcat,

1030 1996 1053 2018 et
1067 1991 1194 2017 convertit
1212 1989 1247 2016 ad
1261 1989 1444 2023 congregantis
1467 1987 1558 2014 Patris
1573 1987 1700 2013 unitatem
1713 1991 1737 2013 et
1757 1987 1814 2012 dei-

1030 2037 1109 2071 ﬁcam
1123 2035 1330 2070 simplicitatem.
1351 2034 1483 2066 Quoniam
1501 2041 1533 2059 ea:
1553 2033 1610 2067 ipso
1630 2036 1654 2058 et
1677 2032 1705 2058 in
1727 2031 1814 2066 ipsum

1030 2088 1092 2109 sunt
1113 2083 1212 2109 omnia.
1225 2081 1296 2108 Ecce
1311 2084 1376 2115 quot
1396 2079 1486 2106 brevis
1502 2079 1560 2105 haec
1578 2077 1708 2112 periodus
1728 2076 1815 2104 subli-

1031 2129 1162 2156 missimte
1176 2127 1319 2162 theologia;
1331 2125 1463 2160 principia
1476 2125 1682 2159 complectatur.

994 2161 1019 2190 Β
1070 2174 1172 2206 Primo,
1187 2161 1286 2201 bonum
1299 2178 1378 2199 omne
1392 2179 1407 2198 a
1422 2172 1475 2198 Deo
1489 2171 1581 2198 datum
1592 2177 1668 2203 esse;
1681 2169 1751 2205 quod
1765 2171 1814 2197 de-

1032 2221 1139 2256 signant
1152 2219 1246 2252 verha,
1260 2217 1348 2245 Πᾶσα
1362 2216 1447 2249 δόσις
1459 2214 1564 2250 ἀγαθή.
1577 2215 1616 2242 Ex
1636 2222 1689 2249 quo
1710 2214 1814 2249 princi-

1032 2267 1076 2301 pio
1090 2265 1240 2292 S.Thomas
1253 2272 1280 2299 p.
1298 2273 1322 2296 r,
1334 2271 1380 2298 qu.
1392 2263 1419 2295 4,
1435 2262 1461 2295 5,
1473 2261 1500 2294 6,
1518 2261 1649 2296 plurimas
1662 2259 1735 2287 elicit
1749 2267 1815 2288 con-

1033 2311 1176 2341 clusiones,
1190 2309 1265 2336 verbi
1276 2308 1373 2343 gratia,
1383 2307 1466 2334 Deum
1479 2312 1537 2332 esse
1553 2311 1687 2331 sutnmum
1701 2304 1817 2336 bonum,

1034 2365 1125 2385 rerum
1144 2356 1264 2384 omnium
1282 2350 1462 2389 perfectiones
1488 2351 1639 2378 eminenter
1662 2349 1813 2381 continere,

1034 2408 1175 2432 creaturas
1189 2403 1248 2437 ejus
1260 2399 1466 2436 participatione
1488 2405 1520 2424 ac
1540 2395 1717 2424 similitudine
1730 2395 1814 2422 bonas

1033 2457 1102 2482 esse,
1116 2453 1169 2476 etc.

1067 2494 1205 2526 Secundo,
1217 2501 1298 2521 omne
1308 2491 1407 2519 donum
1423 2489 1573 2524 perfectum
1585 2494 1645 2515 esse
1656 2495 1671 2513 ιι
1682 2487 1749 2519 Deo,
1765 2485 1815 2512 και

1033 2539 1094 2568 πᾶν
1105 2539 1224 2574 δώρημα
1239 2538 1363 2569 τέλειον,
1375 2536 1479 2564 scilicet
1492 2540 1521 2562 ut
1531 2534 1665 2570 principio
1678 2532 1814 2564 eﬂ‘ectivo,
1851 2549 1854 2551 μ

1033 2585 1190 2620 exemplari,
1208 2588 1235 2612 et
1250 2583 1321 2610 linali
1336 2593 1342 2610 :
1355 2590 1380 2617 p.
1399 2591 1424 2614 ι,
1435 2589 1481 2616 qu.
1494 2581 1580 2612 6,art.
1596 2580 1623 2613 4,
1637 2583 1664 2606 et
1674 2577 1732 2610 2-2,
1747 2583 1774 2613 q.
1784 2577 1815 2611 3,

1034 2636 1086 2660 art.
1102 2632 1120 2658 2
1135 2631 1169 2659 ad
1184 2633 1217 2664 ις
1234 2638 1262 2665 q.
1277 2630 1323 2662 27,
1335 2632 1387 2656 art.
1400 2628 1428 2661 3,
1444 2628 1471 2655 in
1486 2634 1609 2662 corpore.
1622 2625 1688 2654 Vide
1700 2624 1763 2651 item
1779 2623 1812 2650 ιλ

1034 2679 1164 2707 Thomam
1180 2685 1207 2711 p.
1225 2687 1248 2710 ι,
1260 2683 1288 2711 q.
1301 2675 1347 2709 58,
1359 2679 1387 2703 et
1401 2674 1459 2708 1υὲ,
1473 2681 1501 2709 q.
1512 2673 1557 2707 68,
1571 2673 1615 2700 ubi
1638 2670 1755 2705 disputat
1780 2670 1816 2698 de

1033 2725 1140 2754 ratione
1155 2723 1228 2753 doni.
