1925 3070
104 113 139 140 so
787 116 1052 147 PROLEGOME’NA.
1696 130 1730 158 οο

141 170 246 203 Tertio,
262 178 342 198 omne
366 171 464 199 donum
489 172 638 207 perfectum
663 174 805 202 desursum
818 183 889 204 esse.
905 182 928 210 Α
981 178 1100 210 Decimo,
1125 179 1242 212 gratiam
1257 180 1357 209 habere
1371 182 1424 209 vim
1439 183 1619 219 coniungendi
1643 186 1732 214 homi-

107 216 237 243 Ἀνωθέν
249 217 325 244 ἐστι.
339 217 408 245 llinc
424 218 454 245 D.
472 218 589 246 Thomas
604 227 630 253 p.
648 227 672 251 1,
685 228 713 255 q.
726 221 772 252 58.
788 226 843 248 art.
863 222 889 258 1,

104 262 135 290 in
150 269 272 297 corpore,
301 263 378 290 docet
393 271 443 291 nos
459 271 512 291 non
536 273 614 300 posse
630 267 771 300 pervenire
783 268 815 294 ad
830 275 891 301 per-

106 309 208 336 fectum
221 309 322 336 donum
339 309 396 341 Dei,
411 309 458 337 sed
471 310 569 338 debere
583 311 633 338 hoc
646 311 722 339 nobis
737 313 794 340 dari
810 314 890 340 desu-

104 362 165 389 per.
181 356 245 383 ltem
259 355 332 390 quod
343 356 383 384 sic
398 356 496 384 divinae
508 364 629 392 personae
644 363 776 393 competat
789 359 848 387 dari
863 364 890 387 et

103 408 167 428 esse
185 401 295 429 donum.

145 447 261 481 Quarto,
273 449 372 476 donum
385 455 464 476 omne
475 449 622 484 perfectum
636 450 799 478 descendere
812 459 826 477 a
839 450 889 477 Pa-

103 497 148 521 tre
164 493 308 521 luminum.
330 494 514 522 Καταϐαἴνον
535 495 594 523 ἀπὸ
618 496 672 523 τοῦ
693 496 808 531 Πατρός
830 497 889 525 τῶν

102 539 218 575 φώτων.
232 539 300 567 llinc
311 539 342 568 D.
355 540 485 574 Thomas,
503 549 530 576 p.
547 550 571 574 ι,
585 549 613 576 q.
626 542 673 574 58,
686 545 738 570 art.
751 543 778 574 2,
795 544 886 577 tradit,

102 586 203 613 donum
214 593 273 614 esse
284 587 420 621 proprium
434 594 530 614 nomen
544 587 660 622 Spiritus
672 589 769 621 sancti,
789 593 815 616 et
827 596 888 617 esse

101 641 203 660 nomen
217 633 367 667 personale.
378 633 444 660 Cum
462 638 551 661 autem
564 641 579 660 a
598 633 678 661 Palrc
690 634 811 669 Filioque
825 644 887 670 pro-

101 679 184 705 cedat
196 683 224 706 ut
235 686 320 710 amor,
331 679 457 713 procedit,
470 679 568 714 inquit,
581 681 610 707 in
631 682 735 708 ratione
748 681 810 708 doni
830 682 886 716 pri-

100 723 230 751 mi.Unde
242 725 272 751 D.
286 724 452 760 Augustinus
466 724 514 752 lib.
527 733 563 752 xv
573 725 613 752 De
626 725 763 758 Trinilale,
777 727 885 761 cap.19,

99 769 168 796 dicit
189 770 259 804 quod
276 777 325 805 per
344 770 455 803 donum,
477 771 548 805 quod
567 776 608 799 est
629 771 745 806 Spiritus
761 777 884 805 sanctus,

99 814 185 841 multa
197 816 305 850 propria
321 817 391 843 dona
404 816 555 844 dividantur
567 817 697 844 membris
715 818 828 845 Christi.
842 817 885 844 Di-

98 860 172 886 citur
183 865 273 887 autetn
291 868 306 887 a
319 860 401 888 Patre
413 861 588 892 descendens,
603 866 633 888 ut
653 862 680 889 in
702 863 812 890 nomine
823 863 886 890 doni

99 904 262 940 importetur
272 907 425 940 proprietas
437 907 548 941 originis
559 906 630 941 ejus,
646 915 706 942 quae
718 912 761 934 est
774 915 884 942 proces-

97 951 152 978 sio.
172 951 210 978 Ita
221 950 253 978 D.
270 951 387 979 Thomas
406 957 481 986 parte
498 960 517 985 1,
536 960 563 986 q.
573 953 618 984 58,
632 956 684 979 art.
699 952 717 980 2
738 955 770 980 ad
792 954 818 980 2.
836 954 884 981 At-

98 996 228 1023 tribuitur
249 1001 338 1023 autem
365 996 465 1024 donum
488 997 573 1030 Patri,
603 1001 731 1031 tanquam
764 998 883 1025 mittenti

96 1042 251 1077 principali,
266 1042 330 1070 licet
345 1043 428 1070 etiam
442 1050 456 1069 a
468 1042 537 1072 Filio
553 1042 677 1069 mittatur
687 1047 770 1076 atque
788 1050 883 1077 proce-

97 1088 144 1115 dat
158 1096 166 1115 :
184 1096 211 1122 p.
228 1096 249 1120 l,
264 1093 360 1122 qumst.
374 1089 417 1115 45.
432 1088 489 1115 Non
502 1088 589 1116 otiose
604 1096 710 1123 quoque
722 1089 792 1116 Deus
803 1088 883 1116 Pater

95 1132 180 1159 Pater
194 1132 321 1160 luminum
342 1137 524 1167 nuncupatur,
534 1139 595 1160 cum
609 1140 642 1159 ex
658 1132 717 1166 ipso
735 1133 882 1166 purissima

95 1178 150 1204 duo
165 1177 313 1205 divinitatis
326 1178 458 1212 germina,
476 1177 559 1204 Filius
573 1181 600 1204 et
617 1177 735 1212 Spiritus
757 1182 881 1209 sanctus,

93 1231 146 1251 ceu
159 1223 285 1258 splendor
297 1231 328 1251 ac
343 1223 432 1251 lumen
446 1231 460 1250 a
476 1224 532 1251 sole
548 1224 584 1258 (si
598 1224 688 1251 divina
702 1224 801 1252 creatis
813 1231 880 1251 con-

94 1271 168 1297 ferre
185 1270 286 1305 liceat)
304 1275 405 1297 :eterna
427 1269 600 1303 processione
618 1270 786 1306 pullularint.
803 1271 881 1299 Unde

93 1315 122 1342 in
135 1316 235 1351 hymno
247 1316 374 1343 Ecclesiae
386 1316 492 1343 canitur
505 1324 511 1342 :

266 1362 325 1390 Lua:
345 1362 410 1389 lucis
425 1367 447 1388 ει
464 1362 523 1396 {om
542 1362 660 1389 luminis.

92 1408 254 1443 Quanquam
263 1408 332 1436 Filio
346 1416 442 1436 nomen
457 1408 524 1435 lucis
536 1413 563 1436 et
576 1409 704 1444 imaginis
718 1409 878 1444 approprie-

93 1459 149 1486 tur,
161 1454 223 1488 quia
237 1455 359 1489 procedit
378 1461 426 1489 per
440 1453 618 1487 intellectum,
637 1461 664 1482 ct
678 1455 706 1482 in
722 1454 878 1482 similitudi-

91 1507 167 1527 uem.
183 1499 221 1527 Ita
234 1500 265 1527 D.
277 1499 408 1534 Thomas,
422 1508 448 1534 p.
464 1508 484 1532 1,
496 1508 523 1534 (ι.
535 1500 580 1527 55.

942 231 1005 250 nem
1018 230 1080 250 cum
1095 223 1160 251 Deo.
1181 224 1229 258 Ὠς
1245 225 1383 259 ἐνοποιὸς
1396 226 1530 262 δύναμις.
1544 228 1612 257 llinc
1625 229 1730 258 D.Tho-

941 276 1000 296 mas
1015 269 1071 302 1-2,
1088 276 1115 303 q.
1131 270 1192 302 111,
1208 275 1261 297 art.
1275 271 1300 304 5,
1329 273 1406 300 docet
1425 275 1542 308 gratiam
1563 281 1668 311 gratunt
1685 276 1727 303 la-

940 314 1055 342 cientem
1071 314 1222 349 digniorem
1247 322 1308 343 esse
1331 324 1413 351 quam
1430 319 1515 352 gratis
1533 319 1636 352 datam.
1653 320 1727 354 quod

940 359 997 387 haec
1014 364 1118 387 tantum
1131 361 1240 388 ordinet
1251 362 1283 388 ad
1296 363 1416 396 quaedam
1433 365 1626 398 prmparatoria
1640 365 1728 393 ultimi

941 403 1014 435 ﬁnis,
1032 403 1078 431 illa
1091 411 1156 431 vero
1168 405 1277 432 ordinet
1293 406 1429 434 hominem
1445 407 1602 437 immediate
1613 410 1647 437 ad
1663 418 1729 438 con-

936 448 1109 483 iunctionem
1125 451 1213 478 ultimi
1227 451 1298 479 linis.

975 494 1135 527 Undecimo,
1159 496 1249 523 lumen
1263 497 1357 532 gratiae
1375 503 1492 527 mentem
1517 500 1624 529 elevare
1646 509 1727 537 supra

938 540 1122 568 conditionem
1138 547 1245 568 natura:
1259 542 1394 575 humanae,
1408 549 1436 571 ut
1447 545 1587 574 insinuant
1602 547 1645 574 illa
1663 555 1726 575 ver-

938 585 981 618 ba,
991 586 1182 621 Ὰνατατικῶς
1197 588 1275 623 ἡμᾶς
1289 591 1430 618 ἀναπλοῖ.
1446 591 1511 618 ltetn
1529 600 1577 620 nos
1592 593 1625 619 ad
1641 593 1727 620 Deum

938 637 1106 664 Convertere,
1120 634 1175 660 Kal
1186 634 1358 669 ἐπιστρέφει
1371 636 1445 670 πρὸς
1460 636 1518 671 τὴν
1526 637 1578 664 τοῦ
1593 645 1728 672 συναγω-

937 676 991 710 τοῡ
1000 677 1115 710 Πατρός
1126 678 1261 713 ἑνότητα.
1281 680 1330 707 Ubi
1350 689 1402 708 non
1418 682 1519 709 frustra
1536 682 1637 709 dicitur
1651 691 1727 713 συν-

936 722 1051 756 αγωγοῦ
1066 724 1190 757 Πατρός,
1204 732 1265 752 cum
1278 725 1401 754 Christus
1430 726 1488 760 ipse
1499 728 1599 755 dixerit
1615 737 1621 754 :
1641 727 1726 756 Nemo

936 768 1002 795 venit
1013 769 1048 795 ad
1063 778 1111 802 me,
1125 770 1177 797 nisi
1194 770 1276 797 Pater
1290 779 1362 798 meus
1378 774 1489 800 traxerit
1503 774 1603 802 eum".
1615 775 1727 802 Vocalio

936 814 1008 840 enim
1023 813 1096 841 Patri
1112 815 1314 850 appropriatur,
1329 818 1365 844 uti
1384 817 1453 845 Filio
1467 819 1605 853 adductio,
1619 825 1647 847 et
1658 820 1724 854 Spi-

900 856 922 884 B
938 858 1002 886 ritui
1022 865 1116 886 sancto
1132 862 1283 894 pcrventio,
1298 869 1344 889 seu
1359 862 1446 890 bravii
1467 865 1634 893 consecutio.
1656 866 1724 893 Item

935 910 986 930 vox
1007 903 1134 938 ἑνότητα
1149 905 1283 941 designat,
1297 907 1413 941 gratiam
1429 907 1552 936 homines
1575 910 1722 944 colligere;

934 956 988 983 qua
1006 957 1034 976 re
1044 950 1214 984 significatur
1230 953 1293 979 uuio
1305 952 1350 979 illa
1365 953 1507 988 spiritalis,
1523 962 1583 989 qua:
1599 964 1647 990 per
1661 964 1722 984 eam

934 995 965 1022 lit
979 996 1011 1022 ad
1036 996 1132 1023 Deum.
1150 996 1271 1032 Denique
1292 998 1379 1030 docet,
1393 1006 1442 1026 nos
1457 1006 1505 1034 per
1518 1000 1632 1034 gratiam
1652 1001 1724 1028 divi-

935 1042 1032 1069 nitatis
1044 1042 1185 1076 cujusdam
1205 1043 1352 1078 participes
1370 1045 1457 1077 reddi,
1471 1046 1509 1072 uti
1524 1046 1664 1073 declarant
1677 1047 1722 1074 illa

932 1087 1027 1118 verba,
1042 1088 1092 1114 καὶ
1116 1089 1254 1116 θεοποιὸν
1282 1089 1445 1123 ἁπλότητα.
1464 1090 1513 1117 Ubi
1538 1099 1644 1126 quoque
1671 1100 1724 1120 vox

932 1132 1067 1167 ἁπλότης
1082 1138 1182 1161 statum
1199 1135 1297 1161 animus
1311 1136 1458 1168 spiritalem
1475 1136 1661 1170 signiﬁcanter
1674 1145 1724 1164 ex-

932 1180 1036 1214 primit,
1055 1184 1148 1214 utpote
1159 1181 1323 1215 simplicem,
1341 1186 1366 1208 et
1380 1189 1395 1208 a
1411 1182 1493 1209 rebus
1504 1182 1589 1209 variis
1603 1188 1630 1210 et
1644 1191 1721 1210 com-

931 1227 1027 1261 positis
1041 1227 1221 1254 abstractum.
1237 1227 1304 1255 Vide
1318 1227 1348 1254 D.
1369 1228 1499 1254 Thomam
1521 1228 1579 1261 1-2,
1596 1237 1642 1264 qu.
1657 1230 1720 1263 110,

931 1277 984 1298 art.
1001 1273 1072 1304 1,,et
1090 1272 1149 1305 2-2,
1164 1277 1259 1306 quaest.
1278 1272 1321 1306 17,
1342 1278 1396 1300 art.
1412 1273 1442 1307 4,
1458 1278 1485 1301 et
1504 1282 1551 1309 qu.
1567 1275 1612 1308 81,
1626 1280 1679 1305 art.
1692 1276 1721 1310 8,

931 1317 1048 1352 aliisque
1063 1318 1130 1346 locis
1142 1319 1278 1354 plurimis.

972 1362 1148 1395 Duodecimo,
1166 1363 1249 1389 Deum
1275 1370 1335 1390 esse
1357 1371 1448 1391 rerum
1477 1366 1598 1392 omnium
1617 1366 1720 1400 princi-

930 1408 1002 1442 pium
1024 1413 1049 1434 ct
1072 1408 1164 1435 liuent.
1178 1408 1235 1434 Kal
1250 1409 1305 1443 γὰρ
1326 1409 1360 1442 ἐξ
1383 1410 1475 1437 αὐτοῦ
1491 1410 1599 1443 πάντα,
1615 1411 1665 1438 καὶ
1679 1413 1722 1445 εἰς

929 1454 1030 1480 αὐτόν.
1047 1454 1085 1481 Ex
1108 1462 1160 1489 qua
1181 1455 1298 1482 veritate
1312 1455 1389 1482 divus
1404 1455 1523 1483 Thomas
1541 1457 1643 1490 passim
1661 1459 1721 1491 plu-

930 1501 1013 1527 rimas
1032 1500 1141 1527 deducit
1164 1501 1363 1534 conclusiones,
1381 1506 1411 1528 ut
1428 1502 1521 1529 videre
1543 1508 1584 1529 est
1607 1508 1684 1537 parte
1699 1512 1721 1536 ι,

128 1546 239 1581 Quinto,
259 1547 369 1574 Patrem
391 1553 452 1573 esse
476 1546 639 1581 principium
662 1547 878 1579 emanalionum,
892 1552 913 1581 ρ
931 1546 1081 1580 quaestione
1104 1546 1150 1578 22,
1167 1546 1282 1574 articulo
1299 1546 1332 1579 2;
1349 1552 1444 1581 qumst.
1463 1547 1509 1579 44,
1526 1553 1578 1574 art.
1593 1549 1619 1580 1,
1639 1548 1666 1581 2,
1681 1550 1718 1582 ὃς

91 1595 149 1618 tam
163 1599 256 1618 earum
267 1599 327 1626 quae
342 1592 375 1618 ad
388 1591 458 1619 intra
478 1599 559 1625 quam
577 1599 637 1626 quae
650 1592 683 1618 ad
698 1595 775 1618 extra
792 1592 880 1618 nomi-

89 1641 206 1668 nantur,
221 1641 251 1663 ut
270 1637 409 1664 insinuant
432 1636 478 1663 illa
500 1635 584 1662 verba
598 1646 605 1664 :
627 1631 717 1663 Ἀλλὰ
732 1636 782 1663 καὶ
797 1636 881 1664 πᾶσα

87 1681 310 1716 πατροκινήτου
322 1682 528 1718 φωτοφανείας
543 1682 678 1717 πρόοδος.
689 1683 756 1710 llinc
772 1683 879 1710 D.Tho-

88 1736 151 1755 mas
170 1736 196 1763 p.
211 1736 231 1759 ι,
254 1735 281 1762 q.
297 1727 340 1762 55,
368 1732 421 1755 art.
440 1729 468 1760 1,
484 1732 562 1755 docet
573 1727 681 1754 Patrem
697 1734 756 1754 esse
776 1726 879 1761 princi-

86 1774 166 1808 pium
182 1774 210 1800 in
225 1773 335 1806 divinis,
350 1773 430 1808 eique
444 1781 542 1801 nomen
558 1773 683 1807 principii
697 1771 879 1807 personaliter

87 1818 249 1851 convenire,
265 1819 380 1853 ideoque
393 1819 503 1846 nomina
521 1817 682 1853 principium
695 1817 877 1852 signiﬁcantia

86 1865 166 1893 Patri
182 1872 243 1892 esse
266 1865 450 1892 attribuenda.
466 1864 557 1892 Potest
583 1864 627 1891 hic
654 1864 736 1890 etiam
763 1863 878 1898 intelligi

86 1911 179 1946 gratia
192 1911 361 1945 praeveniens
377 1915 406 1938 et
420 1910 549 1937 auxilium
573 1909 621 1936 Dei
639 1916 761 1940 movens,
775 1909 808 1936 de
823 1917 877 1944 qua

87 1958 123 1985 υ.
139 1957 255 1985 Thomas
267 1957 326 1990 1-2,
340 1965 387 1990 qu.
404 1957 474 1992 11L]

127 2003 223 2035 Sexto,
238 2004 340 2031 bonum
358 2011 419 2031 esse
435 2003 476 2030 sui
490 2003 656 2036 dili‘usivum,
671 2002 744 2038 quod
769 2002 877 2038 signant

88 2050 136 2078 illa
149 2050 245 2084 verba,
268 2051 323 2084 Εὶς
345 2049 424 2086 ἡμᾶς
438 2049 581 2084 φοιτῶσα.
600 2050 667 2078 Vide
690 2050 722 2077 D.
741 2051 876 2078 Thomam

87 2104 119 2130 p.
134 2103 153 2129 ι,
166 2103 194 2130 q.
211 2096 238 2128 5,
252 2101 303 2124 art.
317 2096 346 2123 4.

127 2141 261 2175 Septimo,
276 2141 360 2169 Deum
372 2142 464 2169 omnia
477 2142 567 2170 facere
582 2147 691 2176 propter
705 2150 781 2169 suam
799 2142 876 2169 boni-

88 2179 182 2218 tatem,
205 2188 277 2222 quod
299 2188 389 2215 innuit
413 2189 574 2216 vocabulum
598 2188 793 2224 ἀγαθοδότως.
812 2188 876 2216 Vide

88 2234 121 2261 D.
139 2233 272 2261 Thomam
289 2242 315 2269 p.
332 2242 352 2267 ι,
365 2242 392 2269 q.
409 2234 454 2267 65,
467 2239 518 2262 art.
534 2235 562 2262 2.

124 2282 238 2312 Octavo,
255 2280 346 2308 lumen
362 2281 457 2315 gratiae
470 2282 589 2316 gratuito
603 2282 651 2308 Dei
666 2289 778 2309 munere
795 2281 875 2309 nobis

87 2327 230 2362 inspirari,
243 2333 271 2354 et
285 2331 486 2362 consequenter
501 2335 555 2354 non
574 2328 630 2354 dari
647 2328 725 2355 nobis
739 2335 773 2355 ex
790 2327 874 2354 meri-

88 2373 124 2401 tis
149 2373 266 2405 nostris,
292 2373 363 2408 quod
391 2373 460 2400 idem
483 2373 643 2401 vocabulum
668 2373 874 2408 significandum

87 2420 200 2454 praebet.
216 2419 244 2446 S.
260 2419 378 2446 Thomas
393 2419 454 2452 1-2,
469 2426 498 2453 q.
513 2419 574 2451 109,
592 2425 644 2446 art.
660 2420 686 2453 6,
706 2420 732 2446 in
748 2426 873 2453 corpore.

123 2466 212 2497 Nono,
226 2465 316 2492 lumen
326 2466 421 2499 gratia:
436 2472 451 2493 a
466 2466 523 2493 solo
538 2465 594 2492 Deo
608 2465 762 2493 immediate
777 2466 873 2493 animae

88 2510 204 2538 infundi.
221 2510 252 2538 D.
264 2509 380 2538 Thomas
392 2510 445 2543 1-2,
459 2518 487 2545 q.
502 2511 536 2538 76
547 2517 574 2538 et
588 2511 728 2539 112.1tem
740 2511 873 2538 excedere

88 2557 272 2585 conditionem
287 2561 392 2584 natura:
407 2563 514 2591 creatae,
531 2562 559 2585 et
572 2564 632 2584 esse
649 2557 753 2585 ordinis
775 2564 872 2591 super-

89 2603 221 2631 naturalis
238 2614 244 2630 ε
260 2603 318 2636 1-2,
332 2611 360 2638 q.
375 2604 437 2637 111,
452 2608 505 2632 art.
519 2605 546 2638 1,
559 2605 586 2632 in
605 2611 730 2639 corpore,
747 2609 774 2631 et
788 2608 841 2631 art.
855 2604 871 2630 2

88 2650 141 2676 et5
153 2651 220 2678 ibid.
237 2650 443 2684 Consequenter
459 2650 596 2678 hominem
609 2650 669 2678 sine
688 2650 806 2686 gratuito
823 2650 871 2677 Dei

90 2696 188 2724 auxilio
212 2704 267 2724 non
283 2703 363 2730 posse
385 2704 415 2724 se
440 2697 473 2725 ad
496 2697 611 2732 gratiam
629 2698 792 2734 disponere:
809 2704 837 2733 p.
851 2705 871 2731 ι,

90 2746 116 2773 q.
131 2740 175 2773 62,
188 2746 241 2768 art.
257 2740 285 2774 2,
297 2747 325 2768 ct
339 2741 397 2775 1-2,
409 2750 436 2778 q.
453 2742 516 2777 109,
530 2747 583 2771 an.
596 2741 622 2770 6.

124 2819 145 2835 "
157 2819 237 2847 Joan.
256 2826 296 2850 τι.
313 2819 358 2846 41.

932 1597 1028 1626 qumst.
1045 1591 1091 1625 65,
1108 1598 1161 1619 art.
1174 1592 1208 1626 2;
1225 1597 1321 1626 quaest.
1339 1593 1402 1625 105,
1423 1598 1474 1620 art.
1488 1593 1522 1626 2;
1544 1599 1640 1628 qucest.
1657 1594 1718 1628 105,

931 1642 984 1665 art.
995 1638 1030 1671 5;
1045 1637 1108 1665 item
1124 1643 1196 1672 part.
1213 1638 1273 1669 1-2,
1287 1643 1384 1672 quaest.
1399 1638 1444 1671 69,
1460 1644 1512 1665 art.
1526 1639 1554 1670 2,
1573 1644 1628 1668 etc.

968 1684 1031 1711 llaec
1045 1685 1078 1711 ad
1094 1684 1200 1711 leonem
1225 1692 1258 1712 ex
1281 1678 1381 1720 ungue,
1398 1689 1428 1712 ut
1448 1685 1475 1711 in
1497 1686 1641 1719 proverbio
1666 1691 1719 1721 est,

931 1728 1149 1763 cognoscendum
1165 1729 1232 1755 satis
1245 1729 1310 1756 sint.

1176 1773 1393 1802 OBSERVATIO
1412 1773 1468 1801 X11.

964 1818 1073 1846 Juvabit
1091 1819 1173 1846 etiam
1188 1826 1240 1845 non
1253 1826 1348 1853 parum
1361 1820 1394 1846 ad
1410 1819 1559 1853 pleniorem
1572 1820 1600 1847 S.
1616 1820 1718 1856 Diony-

932 1864 964 1891 sii
993 1864 1214 1899 intelligentiam,
1236 1865 1308 1891 scirc
1327 1864 1385 1891 loca
1411 1873 1470 1899 quae
1496 1865 1526 1892 D.
1543 1865 1660 1894 Thomas
1683 1875 1718 1895 ex

929 1910 987 1943 ipso
1009 1909 1087 1942 citat,
1107 1913 1136 1935 ut
1157 1909 1228 1936 sicut
1243 1909 1344 1936 Doctor
1357 1909 1501 1943 Angelicus
1526 1917 1559 1937 ex
1586 1911 1632 1938 illo
1656 1911 1714 1938 sole

928 1962 1056 1989 magnum
1071 1954 1211 1989 sapientia:
1234 1955 1323 1981 lumen
1351 1955 1467 1989 accepit,
1482 1955 1519 1981 ita
1536 1955 1658 1982 vicissim
1676 1956 1716 1982 lu-

927 2002 1009 2029 minis
1024 2001 1143 2035 ejusdem
1159 2000 1250 2028 radios
1266 2002 1299 2028 ad
1315 2005 1424 2035 captum
1445 2005 1567 2028 nostrum
1586 2005 1648 2036 apte
1661 2002 1717 2030 dis-

927 2049 1053 2081 tributos,
1067 2048 1237 2074 hierarchico
1254 2048 1307 2074 ritu
1323 2048 1349 2074 in
1365 2055 1415 2075 nos
1431 2046 1615 2075 transfundat.

1143 2101 1177 2120 DE
1193 2100 1316 2121 C(ELESTI
1331 2101 1489 2120 HIERARCHIA
1495 2111 1503 2120 σ

961 2141 1050 2175 Caput
1063 2140 1190 2175 primum,
1205 2140 1275 2175 quod
1294 2140 1327 2167 de
1342 2140 1483 2174 Scriptura
1499 2142 1558 2167 slve
1573 2147 1652 2168 sacra
1664 2141 1714 2167 do-

927 2189 1015 2216 ctrina
1029 2193 1080 2220 esl,
1097 2196 1189 2222 quam,
1202 2192 1231 2214 ut
1242 2187 1362 2222 ejusdem
1381 2187 1545 2222 argumenti,
1562 2189 1596 2214 ad
1609 2187 1712 2223 Diony-

927 2235 959 2262 sii
985 2233 1136 2268 exemplum
1159 2233 1246 2269 primo
1269 2233 1328 2260 loco
1354 2233 1456 2268 posuit,
1474 2233 1573 2260 citatur
1597 2237 1674 2267 parte
1692 2241 1714 2266 I,

928 2280 1074 2314 qumstione
1095 2279 1122 2312 1,
1139 2278 1256 2306 articulo
1272 2278 1299 2310 9,
1318 2279 1343 2305 in
1359 2286 1483 2313 corpore,
1496 2283 1523 2306 et
1539 2279 1572 2305 ad
1589 2279 1607 2305 2
1629 2284 1656 2306 et
1674 2279 1712 2312 5;

926 2326 990 2353 item
1005 2329 1101 2360 quaest.
1117 2325 1144 2358 9,
1157 2330 1211 2352 art.
1226 2325 1238 2352 1
1254 2325 1287 2351 ad
1305 2325 1338 2358 3;
1356 2326 1420 2352 item
1442 2329 1538 2359 quaest.
1553 2325 1598 2356 88,
1616 2328 1669 2351 art.
1685 2324 1712 2355 2,

925 2377 953 2399 et
971 2376 1066 2406 quaest.
1084 2370 1143 2404 108,
1155 2375 1208 2397 art.
1225 2370 1238 2397 1
1252 2375 1280 2397 et
1290 2370 1317 2397 1.
1330 2370 1358 2397 In
1379 2369 1470 2397 Prima
1486 2377 1552 2396 vero
1566 2369 1715 2403 Secundae,

926 2421 1022 2452 quaest.
1037 2417 1080 2449 99,
1096 2421 1148 2443 art.
1164 2416 1191 2443 5.
1207 2415 1236 2442 ln
1252 2421 1328 2451 parte
1342 2423 1383 2448 lll,
1397 2422 1494 2450 qumst.
1508 2415 1552 2448 60,
1567 2419 1618 2442 art.
1632 2415 1666 2448 1;
1685 2416 1712 2442 iu

925 2469 997 2498 part.
1013 2463 1123 2495 tSent.,
1135 2463 1199 2490 dist.
1213 2463 1260 2496 22,
1274 2468 1369 2497 quaest.
1386 2462 1414 2494 1,
1427 2466 1479 2488 art.
1495 2461 1523 2495 2,
1539 2465 1567 2488 et
1583 2461 1648 2489 dist.
1664 2462 1710 2495 54,

924 2514 1020 2545 quaest.
1036 2511 1064 2544 5,
1080 2514 1133 2537 art.
1146 2510 1175 2544 1;
1191 2510 1217 2536 in
1232 2513 1302 2544 part.
1319 2517 1339 2535 ιι
1362 2508 1452 2542 Sent.,
1465 2507 1527 2535 dist;
1539 2508 1566 2541 9,
1574 2512 1670 2542 quaest.
1683 2508 1711 2541 1,

924 2562 977 2583 art.
989 2558 1015 2585 8.
1501 2574 1514 2584 κ

959 2603 1044 2636 Caput
1054 2602 1203 2629 secundum
1218 2600 1317 2627 citatur
1331 2598 1357 2626 in
1370 2603 1448 2633 parte
1460 2606 1482 2631 t,
1500 2599 1649 2633 quaestione
1664 2598 1712 2630 15,

925 2649 1040 2676 artiCulo
1059 2649 1089 2682 5,
1109 2653 1137 2676 et
1160 2652 1211 2674 art.
1229 2647 1277 2680 12;
1306 2649 1399 2680 quaest.
1420 2645 1466 2678 5.1,
1496 2651 1549 2672 art.
1561 2645 1588 2672 5.
1604 2644 1633 2672 lu
1648 2644 1712 2677 2-2,

927 2699 1020 2730 quaest.
1036 2695 1097 2727 112,
1117 2699 1170 2721 art.
1190 2694 1219 2720 2.
1235 2693 1263 2720 In
1280 2697 1348 2728 part.
1366 2701 1374 2720 ι
1399 2692 1581 2725 Sententiar.,
1606 2690 1669 2718 dist.
1679 2690 1709 2724 4,

926 2746 1024 2778 quaest.
1040 2741 1067 2776 2,
1092 2746 1144 2769 art.
1159 2740 1192 2775 1;
1207 2740 1271 2768 dist.
1288 2739 1335 2775 22,
1357 2743 1453 2774 quaest.
1475 2738 1502 2773 1,
1516 2742 1567 2766 art.
1583 2739 1595 2765 1
1617 2740 1645 2765 et
1669 2735 1709 2770 2;
