1925 3070
285 136 319 164 95
850 133 878 162 S.
899 133 1084 162 DIONYSIUS
1104 133 1336 164 AREOPAGITA.
1864 132 1897 162 96

315 193 402 227 Caput
427 192 617 220 duodecimum
641 193 742 220 citatur
757 193 783 219 in
799 198 876 226 parte
896 200 917 224 ι,
942 193 1065 227 quaestio-
1078 195 1103 223 Α
1152 191 1271 227 Epistola
1296 192 1330 218 ad
1352 190 1446 219 Caium
1461 191 1562 218 citatur
1577 191 1603 218 in
1619 196 1696 226 parte
1713 198 1755 225 ιιι,
1771 192 1896 226 quaestio-

281 240 367 271 net5,
375 239 491 266 articulo
502 238 532 272 8;
550 238 709 273 qumtJOS,
719 243 771 266 art.
779 238 838 265 5.ln
849 238 905 271 2-2,
919 237 1065 272 quaest.29,

282 290 335 314 art.
353 286 381 312 2.
396 285 425 312 lu
438 289 508 319 part.
521 292 564 316 ιιι,
577 289 673 318 quaest.
687 283 734 317 27,
755 287 807 311 art.
820 283 847 310 2.
863 283 892 310 ln
908 283 1067 317 Quaestioni-

282 332 332 359 bus
347 331 501 365 disputatis,
515 331 548 357 de
567 330 687 364 potentia
701 329 758 364 Dei,
774 335 869 365 quaest.
880 329 906 362 9,
920 335 972 358 art.
987 330 1012 357 7.

283 423 372 449 stioue
392 422 434 455 il,
461 421 576 448 articulo
600 421 625 446 1.
654 420 682 447 in
707 425 778 455 part.
805 428 814 448 ι
843 419 932 452 Sent.,
957 419 1022 448 dist.
1038 419 1067 452 2,

283 472 381 501 quaest.
396 467 422 500 1,
438 471 490 494 art.
505 468 517 493 1
533 472 560 494 et
571 467 598 494 3.
610 467 637 494 ln
653 466 851 500 Quaestionibus
863 466 1021 500 disputatis,
1033 466 1068 494 de

283 513 400 546 potentia
419 512 476 545 Dei,
492 517 587 547 quaest.
602 512 628 543 7,
644 516 698 538 art.
713 511 746 544 5;
763 515 861 546 quaest.
879 511 907 543 9,
924 515 977 538 art.
995 511 1021 538 7.

523 588 643 607 IYSTICE
661 587 829 608 TKEOLOGIE.

316 649 401 684 Caput
418 651 535 684 primum
548 650 651 677 citatur
673 649 700 676 in
722 653 798 683 parte
813 657 834 682 ι,
858 650 1007 684 qutestione
1024 650 1068 682 l2,

284 696 399 723 articulo
412 691 461 729 13;
477 701 572 730 quzest.
582 697 626 729 15,
639 702 690 724 art.
703 697 729 723 6.
745 696 773 723 in
786 701 857 730 part.
867 703 908 728 nl,
919 701 1014 731 quaest.
1023 696 1068 728 92,

285 746 336 768 art.
354 741 380 768 2.
397 741 424 768 In
440 746 510 776 part.
526 750 544 768 ιι
568 741 657 774 Seut.,
674 742 736 768 dist.
754 741 782 773 9,
807 745 903 776 quaest.
917 742 943 773 1,
970 746 1022 768 art.
1040 741 1067 768 2.

284 785 313 812 lu
322 785 519 819 Qttzestionibus
530 787 685 821 disputatis,
704 787 737 814 de
748 786 866 820 potentia
874 786 931 819 Dei,
941 787 1068 821 qumst.7,

286 837 338 858 art.
355 832 387 865 5;
402 837 497 867 quaest.
513 832 539 866 9,
564 837 616 860 art.
632 833 665 866 7;
691 833 724 860 de
742 833 902 867 virtutibus,
930 837 1026 868 quaest.
1042 833 1068 866 1,

285 881 338 904 art.
352 877 378 904 8.

1117 245 1150 265 ne
1166 238 1210 270 92,
1224 238 1338 265 articulo
1350 238 1375 265 1.

1152 283 1271 318 Epistola
1287 284 1320 310 ad
1333 283 1505 311 Dorothaeum
1516 284 1616 311 citatur
1634 284 1660 311 in
1674 288 1749 318 parte
1761 291 1804 317 ut,
1819 291 1894 319 quaa-

1091 356 1098 363 _
1117 331 1205 358 stione
1219 330 1265 364 92,
1281 330 1397 357 articulo
1414 331 1440 357 1.

318 377 406 410 Caput
421 376 556 403 decitntun
571 376 680 402 tertiutn
696 375 796 403 citatur
817 375 844 402 in
868 379 944 409 parte
961 383 978 402 ι«
997 382 1068 409 qute-
1085 370 1100 408 ἶ

1151 376 1270 411 Epistula
1287 377 1321 404 ad
1338 376 1516 412 Polycarpum
1533 377 1633 405 citatur
1643 376 1668 404 in
1683 381 1760 412 parte
1776 385 1795 404 ιι
1809 377 1898 410 Sent.l

1118 422 1180 450 dist.
1197 423 1241 456 15,
1258 427 1353 457 quast.
1369 423 1395 456 1,
1408 427 1461 450 art.
1475 424 1501 451 4.

1153 468 1270 503 Epistola
1287 469 1320 495 ad
1332 469 1518 503 Demophilum
1531 469 1632 497 citatur
1646 470 1671 496 iu
1685 473 1761 504 parte
1775 477 1800 496 tv
1810 469 1899 503 Sent.,

1119 513 1182 542 dist.
1199 515 1242 546 i9,
1259 519 1354 549 quaest.
1368 515 1396 547 2,
1412 520 1464 542 art.
1480 516 1508 543 2.

1153 559 1193 586 Ex
1210 560 1252 587 his
1266 560 1379 595 aliisque
1395 561 1462 588 locis
1487 568 1547 594 quae
1568 568 1611 588 me
1636 559 1802 596 effugerunt,
1819 560 1900 588 facile

1119 609 1193 640 patet
1217 605 1377 640 Angelicum
1391 606 1534 633 Doctorem
1557 611 1639 633 totam
1668 606 1725 634 fere
1748 607 1901 635 doctrinam

1120 651 1299 687 theologicam
1320 659 1354 679 ex
1370 652 1524 686 purissimis
1541 652 1662 689 Dionysii
1687 653 1808 681 fontibus
1834 654 1901 680 hau-

1119 697 1198 730 sisse,
1213 705 1274 724 cum
1290 697 1336 725 vix
1351 697 1404 724 ulla
1416 697 1451 725 sit
1467 698 1594 732 periodus
1607 705 1622 726 e
1635 706 1686 733 qua
1701 707 1753 726 non
1765 699 1825 734 ipse
1840 704 1900 726 tan«

1120 749 1200 776 quam
1225 743 1284 777 apis
1307 748 1496 778 argumentosa
1518 743 1698 779 tlteologicum
1720 751 1831 771 succum
1855 751 1900 771 ex-

1120 788 1244 819 traxerit,
1271 791 1298 815 et
1316 788 1342 814 iu
1360 787 1509 821 Summam,
1527 788 1610 816 veluti
1626 789 1762 824 quoddam
1777 786 1900 822 alveare,

1120 833 1242 868 pluribus
1264 834 1457 868 quaestionibus
1479 835 1656 870 articulisque
1672 855 1680 868 ,
1706 843 1755 863 ceu
1779 835 1899 867 cellulis,

1083 879 1106 906 B
1122 879 1272 914 theologica
1287 880 1366 908 melle
1380 881 1528 913 servando,
1546 880 1716 915 distinctum,
1733 882 1884 916 redegerit.

289 974 1885 993 —____.__—________________

496 1057 798 1116 ISAGOGE
837 1058 1326 1118 BALTHASARIS
1368 1061 1706 1121 CORDERII

897 1177 1054 1199 SOCIE'I'ATIS
1072 1179 1133 1200 JESU
1149 1179 1285 1200 TBEOLOGI

522 1248 577 1278 ΑΙ)
598 1247 812 1279 MYSTICAM
836 1248 1106 1280 THEOLOGIAM
1126 1249 1158 1280 S.
1175 1249 1356 1281 DIONYSII
1379 1251 1663 1283 AREOPAGITE.

324 1412 381 1446 Quo
396 1405 503 1438 facilior
517 1410 664 1444 puriorque
678 1409 755 1437 nobis
769 1409 802 1436 ad
822 1414 994 1437 sacrosancta
1011 1410 1068 1446 My-
1081 1408 1105 1440 C
1121 1408 1292 1436 Timotheum
1315 1408 1466 1442 scripturus
1481 1417 1488 1434 :
1508 1407 1588 1442 Vide,
1606 1409 1706 1444 inquit,
1733 1417 1764 1437 ne
1776 1411 1904 1445 explodet

287 1459 362 1486 sticm
378 1457 517 1491 theologis:
541 1458 621 1492 adyta
641 1457 676 1484 sit
690 1463 828 1489 aecessus,
853 1464 940 1491 opera:
956 1457 1070 1491 pretium

288 1504 378 1534 ruerit,
390 1511 423 1531 ex
440 1502 500 1529 aliis
517 1501 636 1535 ejusdem
655 1502 740 1531 sancti
760 1501 847 1532 Patris
864 1501 996 1540 Operibus
1009 1503 1072 1532 bre-

287 1550 331 1579 via
356 1549 477 1586 quaedam
502 1548 648 1586 προτέλεια
672 1559 717 1578 seu
742 1551 870 1586 prreludia
896 1551 1071 1585 praemittere,

287 1597 385 1632 quibus
410 1605 486 1625 mens
511 1602 604 1625 nostra
625 1598 849 1632 prasexercitata,
875 1597 927 1624 ritu
954 1597 1071 1632 quodam

288 1644 402 1679 mystico
419 1649 594 1678 praeparetur,
620 1647 664 1675 ut,
687 1648 815 1678 quantutn
839 1645 880 1670 fas
899 1647 958 1677 est,
980 1649 1072 1672 sancte

287 1689 369 1716 rebus
383 1689 563 1716 sanctissimis
578 1688 771 1723 coniungatur.

323 1735 362 1763 1\'e
378 1741 466 1762 autem
477 1743 493 1762 a
505 1735 597 1769 janua,
610 1740 639 1761 ut
653 1735 680 1762 in
695 1735 837 1770 proverbio
851 1740 902 1768 est,
916 1740 943 1763 et
961 1743 975 1763 a
988 1743 1071 1771 scopo

289 1783 463 1814 aberremus,
488 1781 706 1816 cognoscendum
730 1785 793 1809 ante
818 1783 910 1808 omnia
933 1781 997 1816 quid
1024 1789 1073 1816 per

288 1827 431 1863 mysticam
454 1826 618 1860 theologiam
640 1826 817 1860 intelligatur,
837 1831 865 1854 et
887 1834 946 1861 quae
966 1827 1001 1854 sit
1015 1826 1073 1861 ejus

289 1873 421 1904 deiiuitio,
440 1873 567 1906 quodque
592 1873 755 1906 principium
781 1880 828 1900 seu
852 1873 939 1907 origo,
956 1873 1018 1907 quis
1039 1873 1072 1899 li-

289 1919 341 1950 nis,
365 1925 424 1952 qua:
438 1919 470 1944 ad
486 1917 557 1944 illaut
576 1919 815 1952 prmrequirantur,
838 1923 864 1945 et
885 1919 1020 1953 quomodo
1039 1919 1073 1945 ad

290 1963 374 1998 ipsam
391 1964 574 1990 accedendum
598 1962 648 1996 sit,
660 1967 687 1990 et
703 1971 755 1998 qua
772 1964 879 1991 tandem
895 1964 1000 1991 ratione
1020 1963 1073 1991 mi-

289 2010 384 2038 rabilis
406 2009 451 2037 illa
467 2011 590 2046 mystica:
605 2010 746 2046 theologia:
759 2011 823 2038 unio
843 2011 869 2038 in
885 2012 975 2038 anima
991 2011 1074 2046 perii-

290 2056 471 2090 ciatur:qua:
495 2056 585 2083 omnia
606 2056 723 2083 breviter
747 2060 850 2091 septem
870 2056 1004 2091 capitibus
1026 2063 1072 2084 se-

291 2102 434 2136 quentibus
448 2102 656 2136 explicabimus.

546 2173 659 2200 CAPUT
679 2171 822 2200 PRlMUM.

363 2218 434 2251 Quid
448 2227 494 2253 per
509 2220 645 2254 mysticam
660 2220 816 2253 theologiam
830 2219 1004 2254 intelligatur.

280 2257 284 2277 ί
328 2265 440 2301 Mystica
453 2273 500 2292 seu
516 2265 676 2300 tnysteriosa
691 2264 835 2299 theologia,
848 2265 872 2291 si
888 2265 941 2291 vim
958 2264 1076 2292 nominis

293 2311 428 2342 attendas.
444 2311 570 2345 designat
585 2311 729 2344 quamdam
747 2319 852 2338 sacram
865 2315 891 2337 et
903 2318 1030 2337 arcanam
1044 2313 1077 2338 de

295 2357 350 2384 Deo
375 2357 525 2391 divinisque
551 2359 631 2384 rebus
659 2358 792 2384 notitiam.
817 2357 978 2392 Μυστήριον
1005 2357 1077 2384 enim

293 2403 395 2431 Gnecis
413 2404 482 2431 idem
502 2409 543 2431 cst
559 2405 629 2439 quod
647 2403 753 2431 Latinis
775 2411 914 2436 arcanum,
934 2403 1076 2435 occultant,

294 2449 422 2481 abditum,
438 2455 579 2482 secretum,
599 2454 626 2476 et
640 2449 750 2483 quidem
766 2452 982 2481 sacrosanctum,
1005 2449 1077 2483 quod

296 2495 405 2522 nonnisi
435 2495 590 2523 hominibus
613 2496 700 2523 sacris
725 2496 992 2529 communicandum,
1013 2502 1079 2530 pro—

297 2541 367 2568 fanis
389 2548 454 2568 vero
473 2542 662 2568 occultaudum
680 2542 714 2569 sit
731 2551 737 2568 :
755 2549 822 2576 quos
847 2541 950 2569 idcirco
970 2541 999 2568 S.
1015 2541 1079 2568 Dio-

299 2587 391 2622 nysius
411 2588 549 2623 ἀμυήτους
563 2593 639 2614 vocat
649 2587 684 2620 ⁸⁸,
699 2589 725 2615 id
740 2593 781 2616 cst
795 2593 918 2615 exsortes
933 2587 1079 2623 mysterio-

299 2640 368 2664 rum,
388 2633 486 2666 quibus
512 2633 660 2660 secundum
680 2633 764 2667 legem
789 2633 989 2660 bierarchicam
1007 2635 1082 2660 vetat

300 2681 428 2715 mysteria
446 2680 496 2715 (sic
507 2681 577 2707 enim
593 2681 709 2715 appellat
730 2679 912 2715 sacramenta)
930 2678 1078 2714 propalari.

301 2729 410 2756 Sciebat
423 2729 522 2763 quippe
535 2728 605 2763 quod
615 2732 807 2754 sacramentum
830 2727 898 2761 regis
921 2726 1080 2753 abscondere

302 2777 395 2803 bonum
409 2781 446 2804 est
457 2776 491 2802 ³¹.
505 2775 573 2803 llinc
588 2776 620 2803 de
636 2774 771 2810 mysteriis
784 2781 831 2802 seu
848 2771 1030 2801 sacramentis
1046 2771 1080 2798 ad

1122 1454 1219 1482 Sancta
1237 1459 1404 1486 sanctorum;
1418 1456 1479 1488 quin
1497 1456 1582 1489 potius
1596 1465 1694 1483 arcana
1711 1457 1758 1484 Dei
1773 1460 1906 1486 revereba-

1123 1500 1175 1535 τίς,
1199 1509 1230 1530 ac
1255 1499 1421 1537 spiritalibus
1446 1501 1727 1539 inaspectabilibutque
1758 1503 1909 1533 nationibus

1124 1547 1282 1581 celebrabit;
1299 1549 1432 1575 inaccessa
1450 1549 1554 1584 quidem
1570 1550 1689 1583 profanis
1704 1550 1750 1578 illa
1764 1557 1787 1578 et
1806 1552 1909 1578 intacta

1123 1594 1289 1626 reservanda,
1309 1594 1373 1620 solis
1388 1601 1446 1620 vero
1465 1593 1575 1625 sanctis,
1598 1601 1656 1620 cum
1678 1603 1754 1621 sacra
1776 1595 1910 1630 quadam,

1123 1644 1199 1674 prout
1222 1639 1264 1674 [ar
1285 1643 1339 1673 est,
1363 1639 1484 1666 claritate
1501 1647 1542 1667 res
1563 1647 1653 1666 sacras
1676 1641 1909 1669 communicando.

1123 1685 1257 1719 Idemque
1276 1686 1326 1713 sub
1343 1684 1423 1712 tinem
1444 1685 1562 1719 ejusdem
1585 1686 1680 1720 capitis
1703 1686 1800 1713 iterum
1820 1687 1911 1715 incul-

1124 1736 1178 1764 cat,
1191 1737 1220 1759 ut
1231 1731 1308 1767 juxta
1321 1733 1403 1759 ritum
1417 1732 1616 1760 hierarchicum
1631 1732 1801 1767 proﬁteatur,
1814 1739 1911 1761 sancta

1124 1779 1232 1813 quidem
1258 1783 1352 1805 sancte
1373 1782 1558 1812 contrectare,
1572 1778 1628 1806 sola
1644 1783 1735 1805 autem
1758 1780 1856 1807 deiﬁca
1873 1781 1911 1808 di-

1123 1825 1205 1857 vinis,
1223 1823 1392 1858 perlicieutia
1413 1823 1586 1857 perfectionis
1606 1825 1763 1858 capacibus,
1787 1819 1911 1853 sanctis?

1124 1878 1177 1905 que
1189 1870 1360 1898 sanctissima
1378 1870 1588 1898 communicare.
1601 1870 1646 1898 Sic
1661 1870 1785 1899 Christus
1801 1879 1911 1907 qucque

1124 1916 1159 1943 ad
1184 1916 1276 1943 turbas
1293 1916 1319 1943 in
1336 1915 1471 1950 parabolis
1492 1915 1654 1950 loquebatur
1665 1915 1698 1948 ⁸³,
1716 1919 1743 1943 et
1761 1917 1824 1944 solis
1845 1925 1911 1952 apo‘

1125 1961 1201 1989 stolis
1221 1961 1303 1988 dabat
1318 1969 1397 1989 nosse
1411 1961 1540 1997 mysteria
1556 1962 1630 1996 regni
1645 1961 1703 1990 Dci.
1727 1961 1819 1996 Neque
1837 1964 1911 1990 enim

1125 2008 1166 2036 fas
1191 2013 1233 2036 est
1248 2012 1289 2043 (ut
1310 2008 1408 2035 ibidem
1424 2008 1538 2035 Oraeula
1557 2007 1704 2043 testantur)
1724 2008 1813 2041 porcis
1829 2009 1911 2043 proji«

1125 2061 1186 2081 cere
1204 2053 1364 2088 spiritalium
1389 2055 1593 2088 margaritarum
1618 2062 1715 2089 purum
1731 2054 1806 2080 illum
1825 2057 1860 2082 a'c
1876 2056 1911 2082 lu-

1127 2100 1218 2127 cidum
1242 2099 1484 2134 pulchriﬁcumque
1500 2099 1672 2126 adornatum.

1165 2144 1259 2179 Itaque
1278 2144 1324 2179 qui
1344 2143 1486 2179 mysticam
1505 2143 1665 2178 theologiam
1681 2144 1804 2171 nominat
1816 2144 1854 2177 “.
1872 2154 1911 2173 an

1128 2197 1223 2218 canam
1247 2190 1391 2225 quamdam
1405 2191 1516 2218 omnino
1541 2198 1646 2218 sacram
1662 2191 1788 2225 designat
1802 2193 1911 2226 sapien-

1129 2238 1204 2269 tiam,
1219 2236 1265 2263 Dei
1284 2235 1440 2271 principalis
1455 2235 1665 2271 pulchritudinis
1686 2236 1833 2271 imaginem
1851 2246 1911 2272 pro‘

1127 2284 1197 2319 prio,
1212 2287 1342 2318 quantutn
1363 2282 1404 2311 fas
1421 2287 1480 2316 est,
1504 2283 1638 2318 principio
1664 2282 1858 2311 conformem:
1877 2286 1911 2312 si-

1129 2329 1237 2364 quidem
1259 2328 1401 2363 cujuslibet
1422 2336 1515 2356 corum
1538 2329 1585 2363 qui
1604 2328 1727 2364 mysticis
1749 2329 1911 2358 illustratio‘

1128 2377 1208 2402 nibus
1228 2376 1398 2406 imbuuntur,
1421 2374 1446 2400 in
1462 2374 1513 2401 hoc
1529 2374 1582 2400 sita
1608 2374 1738 2408 perfectio
1753 2380 1811 2406 est,
1833 2381 1865 2403 ut
1884 2375 1911 2406 at

1129 2420 1245 2447 divinam
1268 2427 1316 2456 pro
1332 2425 1410 2454 captu
1427 2420 1542 2454 quisque
1553 2427 1602 2447 suo
1614 2425 1808 2454 promoventur
1822 2422 1911 2451 imita-

1131 2467 1246 2498 tionem,
1260 2466 1362 2500 Dcique
1377 2466 1404 2492 in
1419 2465 1566 2500 semetipso
1579 2466 1697 2499 excipiat
1712 2466 1907 2500 operationem

1131 2513 1158 2538 in
1187 2511 1286 2538 mentis
1309 2510 1401 2538 abdito
1425 2509 1595 2538 divinissime
1621 2510 1804 2544 relucentem,
1830 2520 1911 2547 quau

1131 2559 1228 2586 exinde
1242 2558 1296 2584 ritu
1311 2556 1485 2584 hierarchico
1499 2556 1524 2583 in
1541 2557 1609 2585 alios
1622 2557 1804 2584 transfundat.

1439 2626 1552 2654 CAPUT
1570 2626 1602 2654 ll.

1256 2674 1321 2707 Qua:
1333 2673 1367 2700 sit
1383 2673 1501 2708 deﬁnitio
1513 2674 1630 2709 mysticw
1640 2673 1786 2709 theologica.

1167 2720 1280 2748 Omissis
1293 2721 1384 2753 variis,
1404 2728 1472 2755 quas
1487 2721 1563 2748 varie
1586 2721 1707 2748 diversas
1728 2720 1854 2754 tradunt,
1873 2724 1910 2751 de

1132 2767 1315 2801 ﬁnitionibus,
1336 2767 1377 2794 vel
1402 2768 1493 2802 potius
1516 2766 1825 2801 circumscriptionibus,
1855 2769 1911 2797 bre‘

340 2854 362 2870 ³ο
376 2857 439 2886 Cap.
464 2856 475 2884 1
495 2855 594 2884 Εεειοι.
614 2855 777 2885 h‘wrarchia’.
817 2855 837 2871 ⁸¹
858 2853 925 2881 Tob.
950 2860 999 2886 xu,
1023 2851 1049 2878 7.

1130 2849 1188 2877 Luc.
1213 2856 1270 2880 vui,
1294 2847 1336 2876 i0.
1372 2847 1396 2864 ⁸³
1411 2847 1473 2876 Coel.
1491 2847 1623 2874 Itierarch.
1640 2853 1700 2881 cap.
1715 2844 1742 2873 3,
