1925 3070
33 170 73 199 97
717 167 969 198 PROLEGOMENA
974 190 981 198 .
1624 171 1658 199 98

33 229 110 255 viter
132 231 162 255 et
186 227 260 255 clare
283 227 391 255 videtur
415 227 467 254 hoc
491 225 571 254 modo
596 225 702 254 deﬁniri
726 226 945 262 posse:Astice
959 225 1065 260 perlicit
1077 229 1102 253 et
1122 225 1260 259 informat,
1274 225 1311 252 ila
1335 231 1365 254 ut
1380 227 1467 254 tribus
1487 226 1548 254 istis
1565 227 1660 254 excel-

35 269 189 304 Theologia
217 272 329 306 mystica
355 275 398 298 est
423 271 556 305 sapientia
583 272 846 310 experimentalis,_

35 316 88 344 Dei
116 316 258 349 aﬁ'ectiva,
281 318 410 346 divinitus
436 318 540 352 inlusa,
561 326 623 354 quae
650 323 768 346 mentem
791 319 826 346 ab

38 359 115 386 omni
139 360 337 389 inordinatione
358 369 468 396 puram,
491 370 539 397 per
562 367 640 390 actus
661 368 824 398 superualu-

42 405 114 433 rales
137 406 208 439 lidei,
229 408 286 442 spei
298 412 326 437 et
339 409 493 442 charitatis,
509 417 572 437 cum
587 409 643 438 Deo
656 409 750 438 intime
761 417 827 438 con-

40 452 141 486 jungit.

80 497 143 525 llaec
154 498 276 527 definitio
285 505 392 528 constat
405 501 532 529 omnibus
544 501 668 536 partibus
679 507 726 528 seu
741 507 826 528 mem-

41 544 100 572 bris
113 544 147 573 ad
164 546 299 580 propriam
321 546 437 581 alicujus
452 547 489 574 rei
512 546 699 574 definitionem
725 553 824 573 secun-

40 590 106 617 dum
130 591 306 626 philosophiae
318 592 391 627 leges
411 592 560 627 requisitis.
577 591 668 619 Genus
684 592 754 620 enim
777 592 825 619 de-

38 635 111 662 ﬁniti
138 636 182 664 hic
205 642 247 664 est
270 638 398 672 sapientia
415 638 636 672 experimenlalie,
660 645 708 665 seu
730 637 825 672 sapida

37 682 167 709 scientia.
180 681 238 713 Non
249 683 321 710 enim
335 684 392 712 haec
404 684 539 719 theologia
552 689 594 712 est
606 685 727 719 quaedam
740 685 826 712 otiosa

37 727 178 755 sterilisve
199 729 358 762 speculatio,
378 729 426 758 sed
448 730 618 763 sapidissime
632 730 680 757 Dei
701 736 826 758 contem-

36 771 136 805 platio,
150 779 210 806 qua:
226 774 388 801 suavissimo
412 775 500 809 (cuius
523 775 631 810 quidem
650 776 678 803 in
701 776 752 804 hac
771 776 826 803 vita

36 825 157 852 capaces
178 820 283 852 sumus)
308 827 407 854 sapore
428 821 542 856 spiritali
569 827 687 850 mentem
711 822 824 856 imbuit,

37 863 182 898 multoque
205 865 392 894 delectabilius
417 875 476 894 eain
495 867 592 900 allicit,
610 875 694 903 quam
716 868 750 895 ab
772 869 826 896 ullo

36 910 206 945 spiritalium
221 911 318 939 barum
332 912 489 942 deliciarum
504 914 645 949 inexperto
659 915 763 949 concipi
777 919 824 942 aut

36 956 113 982 credi
130 957 227 990 possit.

71 1000 232 1029 Dilferentia
249 1008 302 1036 est,
327 1003 375 1032 Dei
388 1004 518 1039 affection,
544 1013 599 1039 quo
617 1005 707 1033 dill'ert
728 1014 744 1034 a
761 1007 822 1034 reli-

36 1047 100 1081 quis
127 1047 251 1076 scientiis
277 1049 437 1085 theologicis
459 1058 520 1084 quae
544 1051 712 1079 intellectum
737 1052 823 1080 infor-

36 1098 132 1125 mant,
155 1101 217 1121 cum
239 1095 296 1122 haec
317 1096 493 1131 principalius
516 1096 615 1125 alliciat
636 1099 821 1132 voluntatem;

35 1138 102 1164 licet
117 1139 202 1166 etiam
219 1147 321 1167 arcano
339 1142 458 1175 quodam
484 1143 588 1171 lumine
610 1143 729 1172 illustret
743 1145 822 1172 intel-

35 1183 153 1218 Iectum,
167 1187 201 1213 ad
216 1186 299 1214 Deum
315 1192 342 1214 et
358 1195 401 1216 res
416 1196 512 1217 omnes
526 1191 712 1225 eminentiori,
729 1197 822 1228 utpote

36 1231 253 1265 supernaturali,
270 1234 349 1261 modo
362 1234 575 1270 intelligendum.

72 1275 233 1310 Proprietas
257 1277 336 1310 huius
359 1279 499 1313 sapientiae
520 1288 576 1315 pm
590 1283 696 1311 caeteris
721 1284 821 1312 eximia

36 1326 92 1355 est,
119 1323 193 1356 quod
211 1323 248 1350 sit
271 1324 396 1352 diuinitus
413 1325 519 1359 infusa,
543 1334 597 1355 non
623 1334 683 1357 arte
704 1330 818 1358 humani

36 1367 204 1402 magisterii,
218 1374 263 1395 aut
280 1369 378 1404 ingenii
395 1372 602 1407 perspicuitate,
617 1375 659 1403 vel
683 1377 764 1404 studii
779 1385 823 1405 as-

37 1412 168 1440 siduitate
192 1413 348 1443 humanitus
372 1417 524 1451 acquisita;
551 1420 652 1455 quippe
672 1421 770 1449 donum
795 1427 822 1450 et

37 1459 181 1487 charisma
207 1460 366 1489 nobilissimi
392 1462 510 1498 Spiritus
535 1466 623 1493 sancti
648 1467 819 1503 principalis,

38 1506 81 1541 qui
103 1514 170 1534 cum
190 1514 244 1535 non
261 1507 431 1544 ingrediatur
451 1510 569 1538 anitnam
585 1511 755 1547 malevolam,
773 1523 821 1543 nc-

877 271 1037 298 lentissimis
1060 271 1189 298 virtutum
1207 271 1418 306 theologicarum
1434 272 1553 304 actibus,
1574 272 1658 307 totius

876 318 998 353 mystica
1016 317 1158 351 theologia:
1176 317 1308 352 perfectio
1330 323 1358 345 et
1377 319 1496 346 essentia
1517 319 1661 346 continea-

877 367 930 394 tur.
951 363 991 389 uti
1015 362 1126 396 pulchre
1146 369 1178 390 ac
1200 363 1259 390 fuse
1283 363 1310 389 in
1331 362 1408 389 libris
1428 362 1606 389 divinissimis
1623 361 1660 388 De

876 415 986 435 ascensu
999 407 1094 434 montis
1108 407 1231 440 Carmeli,
1252 407 1291 435 De
1306 411 1381 434 nocte
1396 408 1505 434 obscura
1517 426 1525 439 ,
1548 411 1576 434 et
1590 407 1661 434 Can-

875 452 978 480 tionum
1003 460 1066 480 verc
1092 453 1268 487 mysticarum
1288 452 1521 481 declarationibus
1535 451 1584 486 (6),
1610 459 1662 479 exn

877 498 952 532 ponit
967 498 1126 526 venerabilis
1142 498 1221 525 Pater
1236 497 1357 526 Joannes
1378 498 1412 526 de
1433 498 1457 525 la
1472 498 1552 529 Cruz,
1568 505 1660 524 rerum

876 544 1054 579 mysticarum
1071 544 1288 578 expertissimus.

912 589 952 616 Ex
974 589 1071 624 quibus
1095 594 1170 624 patet
1193 589 1358 624 theologiam
1385 589 1529 624 mysticam
1556 593 1611 616 tam
1634 589 1661 616 in

877 635 1028 663 substantia
1041 642 1090 663 sua
1103 642 1184 671 quam
1197 635 1223 662 in
1238 635 1317 662 modo
1332 635 1494 670 procedendi
1508 642 1571 662 esse
1587 643 1663 662 mero

877 681 1123 716 supernaturalcm.
1150 681 1290 716 Siquidem
1314 686 1342 708 et
1367 681 1502 716 principia
1531 682 1609 716 ejus,
1634 685 1663 708 et

875 727 975 761 media,
986 732 1013 755 et
1028 727 1099 760 ﬁnis,
1114 731 1141 754 et
1155 728 1181 754 in
1199 727 1275 754 hunc
1289 727 1414 755 tendendi
1434 727 1539 760 tnodus,
1558 732 1662 755 natura:

876 773 949 800 vires
969 777 1051 807 atque
1074 773 1198 800 ordinem
1215 774 1324 808 penitus
1345 773 1554 805 transcendunt,
1571 773 1608 800 uti
1628 781 1663 801 ex

874 817 930 853 jam
947 818 1030 845 dictis
1047 817 1128 846 facile
1145 818 1293 853 colligitur,
1307 823 1334 846 et
1349 825 1382 845 ex
1397 819 1576 853 sequentibus
1597 818 1662 846 ube-

877 863 934 891 rius
953 863 1077 898 liquebit.
1093 862 1172 891 Unde
1189 864 1312 898 sequitur
1333 871 1394 891 cum
1411 864 1508 898 ipsam,
1526 868 1582 890 tum
1601 871 1664 898 pro-

879 908 967 936 ximas
989 909 1023 936 ad
1050 908 1178 936 unionem
1203 909 1347 944 mysticam
1373 909 1582 944 dispositiones,
1607 917 1662 936 non

878 961 912 982 ex
931 953 1046 981 aibitrio
1061 958 1165 987 nostro,
1191 954 1239 982 sed
1260 961 1295 981 ex
1318 953 1403 982 solius
1424 954 1553 981 benevola
1578 955 1661 981 mise-

878 999 964 1027 rentis
978 1006 1010 1026 ac
1029 1000 1167 1035 dignantis
1182 999 1229 1027 Dei
1245 1000 1332 1034 gratia
1358 1000 1520 1035 dependere.
1535 1001 1584 1034 Qui
1600 1009 1661 1029 cum

877 1045 1008 1081 benignus
1024 1045 1057 1073 sit
1079 1053 1112 1073 ac
1126 1046 1221 1073 multm
1235 1046 1425 1078 miserationis,
1442 1047 1595 1081 dignatione
1612 1055 1661 1074 sua

877 1092 987 1125 copiose
1003 1099 1051 1119 nos
1072 1091 1213 1126 praevenit,
1226 1096 1253 1119 et
1274 1091 1306 1118 ad
1322 1092 1413 1119 cordis
1424 1093 1532 1127 ,ostium
1555 1093 1658 1127 pulsat,

877 1140 906 1164 et
919 1142 1061 1172 exspectat
1082 1142 1112 1165 ut
1134 1137 1172 1164 illi
1187 1138 1289 1164 aditum
1304 1138 1510 1172 patefaciamus,
1522 1139 1661 1166 obstacula

877 1183 1050 1215 removendo,
1063 1187 1174 1217 paratus
1185 1191 1235 1211 nos
1247 1184 1365 1220 dirigere
1379 1191 1411 1211 ac
1425 1184 1559 1212 deducere
1574 1192 1661 1219 usque

878 1229 911 1255 ad
929 1233 1049 1256 montem
1069 1228 1150 1262 Oreb,
1166 1237 1197 1257 ac
1213 1237 1368 1264 supremum
1385 1230 1527 1266 theologia:
1541 1232 1661 1267 mysticae

878 1273 1034 1309 fastigium,
1061 1273 1209 1302 dummodo
1244 1275 1356 1310 iugibus
1389 1283 1420 1302 ac
1450 1275 1661 1303 ferventissimis

879 1319 965 1354 ipsum
977 1319 1102 1354 precibus
1113 1319 1279 1353 invocemus,
1292 1321 1402 1355 ductum
1414 1320 1472 1355 ejus
1487 1321 1661 1349 exactissime

877 1365 1062 1394 observantes.

1178 1410 1291 1439 CAPUT
1310 1411 1352 1439 lll.

976 1457 1053 1490 Quod
1065 1457 1098 1484 sit
1113 1457 1270 1492 principium
1287 1457 1403 1492 mystica:
1418 1457 1565 1493 theologiw.

912 1503 978 1531 Cum
994 1504 1110 1538 ipsamet
1125 1503 1237 1538 mystica
1251 1503 1396 1538 theologia,
1413 1503 1477 1538 qttid
1493 1504 1540 1538 sit,
1556 1508 1628 1532 recte
1644 1512 1660 1532 a

37 1561 88 1588 que
114 1554 226 1582 habitet
250 1554 277 1581 in
306 1563 420 1590 corpore
445 1557 554 1585 subdito
580 1560 700 1593 peccatis
719 1562 754 1594 ιιι⁴
778 1570 827 1597 pro
842 1562 862 1590 ο
879 1552 968 1585 nobis,
992 1556 1022 1579 ut
1038 1551 1144 1586 opinor,
1170 1551 1280 1579 deﬁnita
1299 1551 1347 1584 sit,
1371 1555 1455 1578 restat
1478 1555 1506 1578 ut
1527 1551 1659 1586 originem

38 1598 163 1632 subjecto
187 1600 302 1633 requirit
332 1607 442 1628 mentem
468 1602 501 1628 ab
527 1603 598 1629 omni
629 1603 823 1634 inardinationc

37 1651 142 1676 puram.
159 1643 278 1676 Nam,ut
295 1646 334 1672 ait
350 1646 440 1680 regius
455 1646 607 1682 Propheta:
621 1649 687 1681 Qui:
703 1652 823 1679 accendet

36 1689 62 1715 in
78 1693 197 1716 montem
220 1689 340 1723 Domini,
364 1696 408 1718 aut
423 1693 481 1726 quis
503 1693 581 1720 stabit
602 1694 629 1720 in
653 1695 711 1722 loco
733 1701 822 1724 sancto

35 1733 108 1767 ejus,
133 1734 189 1761 nisi
206 1735 332 1762 innocens
354 1738 487 1770 manibus,
507 1743 532 1765 et
553 1740 652 1766 mundo
667 1742 754 1774 corde,
777 1743 822 1777 qui

35 1787 86 1805 non
105 1780 207 1813 accepit
220 1780 248 1806 in
263 1788 328 1808 vano
341 1782 456 1809 animum
470 1792 545 1810 suam
556 1784 600 1812 ἐἳ
616 1785 684 1818 Quin
699 1791 726 1814 et
743 1788 824 1816 Citri-

34 1829 92 1852 stus
103 1833 110 1852 :
123 1825 215 1857 Beati,
228 1826 325 1860 inquit,
335 1829 432 1855 mundo
444 1830 531 1862 corde,
542 1831 664 1865 quoniam
676 1833 727 1866 ipsi
739 1833 822 1861 Deum

35 1870 166 1897 videbunt
179 1870 214 1897 ⁸⁸.
228 1870 314 1900 Porro
330 1873 393 1900 linis
408 1881 457 1908 per
471 1875 575 1903 hancce
595 1877 754 1912 sapientiam
779 1880 821 1907 in-

34 1920 139 1950 tentus,
155 1921 198 1943 est
219 1918 280 1944 unio
294 1926 353 1944 cum
373 1918 439 1952 Deo,
461 1927 562 1955 quanta
585 1923 713 1951 nimirum
735 1930 822 1960 potest

34 1960 61 1987 in
89 1962 140 1989 hac
167 1962 226 1990 vita
255 1964 392 1998 obtineri,
415 1967 567 1995 arctissima
592 1970 820 2006 suavissimaque.

34 2006 123 2034 Media
139 2016 207 2035 vero
224 2009 304 2044 hujus
319 2010 472 2039 obtinendae
493 2019 556 2040 sunt
575 2020 651 2042 actus
679 2017 821 2052 theologici

35 2055 277 2089 supernaturales.
304 2057 383 2091 ﬁdei,
407 2059 466 2093 spei
491 2065 518 2087 et
542 2060 698 2095 cbaritatis,
723 2064 823 2098 quibus

37 2100 192 2129 immediate
218 2109 296 2129 mens
311 2102 397 2130 Deum
420 2105 538 2140 attingit,
561 2114 610 2142 per
624 2107 704 2135 ﬁdem
720 2109 822 2138 scilicet

37 2146 196 2181 caliginose,
209 2155 258 2182 per
273 2155 348 2183 spem
364 2158 506 2185 suspense,
522 2159 571 2186 per
585 2153 747 2182 charitatem
762 2163 821 2190 per-

39 2191 115 2220 fecte.
140 2193 224 2221 Fides
238 2195 310 2222 enim
326 2203 386 2223 cum
404 2196 440 2223 sit
463 2203 644 2232 argumentum
668 2208 719 2227 non
741 2209 821 2235 appa-

39 2240 149 2266 rentium
163 2240 198 2274 ⁸⁷,
222 2245 264 2268 est
282 2241 369 2276 caligo
385 2242 436 2269 ista
460 2244 574 2278 mystica
599 2244 628 2272 S.
642 2245 725 2273 Paulo
742 2231 817 2273 ets.
834 2231 858 2260 ί)

39 2283 166 2318 Dionysio
188 2285 257 2312 adeo
273 2285 420 2323 celebrata,
442 2286 475 2313 de
498 2294 551 2320 qua
570 2289 632 2315 vide
651 2297 711 2323 cap.
727 2290 739 2316 1
756 2295 783 2317 et
802 2289 820 2316 2

38 2327 117 2362 Mysi.
141 2330 235 2360 "1:01.,
249 2336 277 2357 et
291 2331 370 2366 epist.
384 2331 400 2359 ὅ
416 2333 448 2358 ad
471 2332 646 2367 Dorotheum,
667 2339 748 2369 atque
769 2335 820 2362 ibi-

38 2373 96 2400 dem
114 2379 223 2402 nostras
241 2376 440 2403 adnotationes.
457 2375 524 2410 Spes
548 2384 612 2405 vero
633 2386 694 2405 cum
718 2379 755 2406 sit
776 2387 817 2406 rc.

38 2428 94 2446 rum
117 2428 177 2455 qua:
203 2422 318 2448 necdum
346 2423 518 2456 possidentur
529 2423 563 2456 ⁸⁸,
589 2425 745 2452 earumdem
769 2433 818 2453 ex-

40 2467 204 2499 spectatione
233 2474 265 2494 ac
292 2468 428 2495 desiderio
460 2470 578 2496 animum
617 2470 816 2503 quodammodo

41 2512 188 2545 suspendit,
204 2518 285 2547 atque
309 2514 345 2540 ita
365 2522 413 2549 per
431 2514 502 2541 illam
523 2515 635 2549 mystica
651 2514 682 2541 lit
698 2522 815 2549 suspen-

41 2556 87 2582 sio.
102 2557 229 2585 Charitas
244 2559 369 2593 denique,
384 2567 445 2587 cum
469 2560 506 2587 sit
528 2559 656 2586 vinculum
681 2560 817 2594 perfectio-

42 2602 77 2627 nis
87 2602 120 2634 ⁸⁸,
135 2612 195 2631 cum
213 2605 272 2638 ipso
287 2605 341 2632 Deo
355 2606 474 2633 animant
491 2605 652 2633 felicissime
666 2605 815 2641 conjungit.

42 2646 76 2672 Ac
96 2647 160 2676 fides
175 2651 284 2684 quidem
300 2650 475 2682 intellectum,
491 2659 553 2685 spes
566 2651 737 2683 memoriam,
752 2652 816 2679 cha-

43 2691 104 2719 ritas
125 2694 291 2722 voluntatem
313 2699 341 2722 et
361 2695 486 2723 all‘ectum
508 2703 589 2731 supra
605 2700 733 2723 naturam
754 2704 814 2732 my-

74 2770 96 2787 ⁸⁸
109 2773 174 2808 Sap.
191 2779 209 2806 ι,
225 2773 253 2800 4.

292 2774 315 2790 ⁸⁸
336 2774 407 2802 Psal.
426 2782 509 2807 xxnt,
521 2775 549 2808 5,
562 2774 589 2802 ι.
627 2775 650 2791 ⁸³
667 2774 761 2803 Matth.
786 2783 817 2810 v,
833 2775 862 2806 8..
897 2776 919 2792 ⁸⁷
933 2776 1000 2804 Heb.
1018 2784 1055 2808 xi,
1071 2777 1096 2803 l.

875 1598 935 1633 ejus
952 1599 1159 1633 investigemus.
1173 1597 1259 1633 llujus
1274 1598 1357 1633 igitur
1367 1598 1530 1632 principiutn
1546 1603 1573 1624 ct
1584 1598 1659 1632 origo

875 1644 998 1677 mystica‘.
1021 1643 1175 1678 theologiae,
1191 1648 1221 1670 ut
1240 1643 1327 1670 sancti
1343 1642 1463 1678 Dionysii
1478 1643 1569 1671 verbis
1585 1648 1658 1675 utar,

874 1689 935 1718 fons
951 1694 994 1717 est
1014 1690 1086 1721 vitm,
1111 1690 1229 1717 essentia
1247 1689 1387 1722 bonitatis,
1404 1697 1456 1716 una
1479 1696 1570 1716 rerum
1594 1697 1655 1716 om-

874 1737 949 1763 nium
971 1743 1052 1764 causa
1077 1736 1207 1770 Trinitas,
1227 1743 1241 1762 a
1257 1744 1310 1771 qua
1332 1743 1381 1772 per
1402 1736 1533 1763 benitatis
1556 1735 1659 1763 redun-

873 1781 1005 1813 dautiam,
1026 1781 1065 1807 uti
1085 1786 1193 1812 uetera,
1214 1780 1253 1808 sic
1273 1780 1354 1808 etiam
1375 1781 1460 1808 ltocce
1475 1780 1567 1807 datum
1583 1781 1657 1814 opti-

873 1835 946 1854 mum
961 1831 988 1854 et
1008 1827 1106 1854 donum
1126 1826 1276 1861 perfectum
1299 1827 1493 1862 benignissime
1513 1825 1656 1861 proﬂuxit,

873 1873 1013 1901 desursum
1029 1873 1195 1900 descendens
1214 1879 1229 1899 a
1244 1872 1326 1899 Patre
1342 1872 1473 1899 luminum
1494 1879 1544 1906 per
1558 1871 1657 1898 Filium

873 1920 900 1948 in
926 1919 1030 1955 Spiritu
1054 1924 1160 1953 sancto,
1183 1919 1228 1953 qui
1251 1926 1299 1953 per
1323 1918 1374 1945 hoc
1399 1919 1499 1944 donum
1517 1919 1658 1952 sapientiae

873 1966 951 1993 nobis
979 1966 1058 1993 modo
1090 1965 1262 1992 nobilissimo
1288 1964 1515 1992 communicatur.
1538 1964 1608 1997 Quin
1629 1968 1657 1991 et

873 2011 994 2046 mystica:
1017 2011 1108 2038 omnis
1133 2018 1148 2037 a
1165 2010 1246 2038 Patre
1264 2014 1343 2037 mota:
1369 2009 1558 2037 illustrationis
1579 2017 1656 2036 ema-

872 2057 945 2083 natio
965 2057 991 2083 in
1014 2064 1063 2084 nos
1077 2056 1197 2085 beneﬁce
1211 2057 1364 2090 exundans,
1378 2057 1478 2087 denuo,
1490 2063 1540 2083 ceu
1555 2056 1655 2083 uniﬁca

871 2103 924 2135 vis,
940 2103 974 2129 ad
992 2110 1088 2137 supera
1113 2111 1162 2131 nos
1179 2104 1332 2130 revocando
1358 2102 1531 2136 simplilicat,
1546 2106 1573 2129 et
1588 2110 1654 2130 con-

871 2150 952 2176 vertit
966 2149 999 2176 ad
1017 2149 1209 2184 congregantis
1232 2148 1322 2175 Patris
1334 2148 1466 2175 unitatem
1483 2155 1514 2175 ac
1528 2148 1654 2175 dcilicam

872 2196 1086 2231 simplicitatem,
1101 2201 1183 2230 atque
1196 2195 1229 2222 ad
1244 2203 1282 2227 se,
1297 2199 1327 2221 ut
1343 2194 1383 2222 fas
1397 2199 1448 2228 est,
1472 2194 1653 2226 attendentes,

870 2250 920 2277 pro
935 2241 1066 2276 cujusque
1081 2242 1243 2276 capacitate,
1261 2241 1459 2275 simplilicativa
1481 2247 1529 2267 sua
1554 2241 1654 2267 unione

869 2287 987 2322 subrigit
1013 2287 1192 2321 unilicatque.
1219 2287 1338 2313 Dicimus
1362 2286 1454 2321 itaque
1474 2293 1535 2312 cum
1557 2285 1654 2312 eodem

870 2339 963 2362 sancto
973 2333 1112 2369 Dionysio,
1125 2333 1367 2367 Dei-principalem
1384 2332 1588 2362 beatitudinem,
1605 2339 1653 2358 na-

871 2385 959 2408 turam
980 2380 1142 2412 divinitatis,
1159 2379 1322 2414 principium
1341 2377 1534 2409 deificationis,
1549 2384 1582 2404 ex
1598 2384 1653 2411 quo

870 2423 1012 2450 deificandi
1029 2423 1199 2457 deiﬁcantur,
1217 2423 1360 2458 mysticam
1383 2421 1545 2457 theologiam
1567 2422 1592 2448 in
1609 2429 1653 2448 sa-

869 2468 952 2495 lutem
966 2472 993 2495 et
1011 2467 1208 2495 deificationem
1223 2468 1362 2495 hominum
1378 2467 1558 2498 concessisse,
1571 2466 1654 2494 modo

870 2513 974 2540 scilicet
994 2514 1080 2548 magis
1101 2514 1284 2541 immateriato
1297 2518 1324 2542 et
1338 2513 1507 2548 spiritaliori,
1529 2519 1581 2539 non
1604 2519 1652 2538 ex-

871 2560 1006 2587 trinsecus
1028 2560 1063 2587 ad
1085 2559 1177 2587 divina
1196 2559 1341 2592 movendo,
1359 2560 1405 2587 sed
1429 2557 1590 2594 intelligibili
1606 2566 1651 2584 ra—

870 2604 943 2632 tione
968 2609 1051 2639 atque
1073 2605 1239 2633 intrinsecus
1259 2613 1325 2640 pura
1350 2604 1507 2639 liquidaque
1529 2603 1651 2630 illustra-

869 2651 944 2678 tione
968 2650 1165 2678 divinissimatn
1182 2651 1217 2678 iis
1232 2651 1397 2678 voluntatem
1415 2649 1578 2677 irradiando.
1595 2647 1650 2674 llu-

866 2695 912 2729 jus
925 2700 1015 2723 autem
1035 2696 1133 2724 divinae
1147 2695 1325 2731 beatitudinis
1340 2697 1447 2724 bonitas
1463 2696 1557 2723 eadem
1578 2700 1650 2721 sem-

1134 2774 1157 2791 ⁸⁸
1172 2775 1251 2802 Rom.
1277 2783 1339 2809 vui,
1353 2774 1397 2802 24.
1436 2774 1459 2790 "
1475 2774 1533 2802 Col.
1547 2781 1588 2806 nr,
1602 2772 1649 2798 Η.

54 2881 61 2888 ,
75 2850 110 2890 (li)
125 2851 194 2890 Xide
210 2852 327 2881 (Euvrcs
356 2853 491 2888 complétcr
514 2854 546 2882 de
572 2854 656 2882 saiute
681 2852 806 2890 Thérére,

875 2853 916 2890 ll,
936 2853 1035 2882 Montis
1052 2853 1135 2882 Rubri
1156 2854 1235 2889 1852,
1265 2854 1354 2889 in-l',
1385 2861 1418 2882 cx
1440 2851 1510 2887 typis
1532 2850 1649 2880 ollicinz

44 2882 190 2914 Catholica.
