1925 3070
254 181 288 209 99
822 171 851 199 S.
873 167 1058 198 DlONYSlUS
1075 164 1303 194 AREOPAGITA.

1838 159 1895 187 {06

253 246 303 275 per
323 242 351 265 et
374 235 471 263 eodem
490 234 571 262 modo
595 239 625 260 se
646 232 751 260 habens
763 231 798 261 ’⁸,
819 230 958 258 benellcos
978 227 1047 255 lucis
1061 229 1087 259 Α
1100 225 1256 252 lectualiter
1275 230 1305 250 se
1324 225 1491 256 componant
1510 220 1545 252 ",
1568 223 1650 254 atque
1669 217 1895 253 divino-princi-

252 293 310 314 sua:
332 283 424 311 radios
448 280 556 309 cunctis
581 278 669 307 oculis
695 277 860 305 mentalibus
885 276 1046 303 luculenter

253 330 394 366 expandit,
411 329 536 362 adeoque
550 327 573 354 si
589 331 742 360 spontanea
757 327 849 351 mente
867 322 1046 358 praeditorum

253 376 363 405 arbitrii
387 375 504 402 libertas
519 372 643 407 spiritale
665 371 757 398 lumen
773 369 892 401 deserat,
909 375 924 395 a
943 371 1044 394 natura

253 423 306 450 sibi
330 422 429 449 insitas
460 419 513 447 luci
539 418 706 452 excipienda:
731 416 823 448 vires,
848 421 942 441 amore
968 411 1046 448 parvi

253 468 435 504 praecludens,
453 465 581 501 praesenti
597 463 706 499 quidem
723 462 778 489 luci
793 468 822 489 se
836 459 974 493 subducit,
990 459 1048 486 ltazc

255 521 346 543 tamen
363 521 425 541 eam
451 513 565 540 minime
581 510 715 541 destituit.
735 510 782 537 sed
798 508 840 535 vel
856 507 1047 535 conniventem

254 561 407 592 illuminat,
423 563 506 593 atque
522 555 662 584 aversanti
685 555 803 589 benigne
818 560 932 588 prorsus
950 559 1048 580 occur-

253 608 291 636 rit
301 607 335 634 ".
358 605 489 640 Quisquis
505 605 588 640 igitur
602 604 635 630 ad
652 602 765 630 insitum
780 608 796 628 a
811 601 867 627 Deo
882 603 990 626 naturae
1005 598 1047 625 lu-

255 661 317 681 men
336 651 500 682 recurrerit,
520 649 654 686 principio
675 647 784 682 quidem
804 654 866 674 cum
880 646 927 673 Dei
943 644 1050 679 adjuto-

255 700 308 732 rio,
326 699 387 734 quis
403 697 515 726 tandem
536 696 596 732 ipse
611 696 648 723 sit
666 694 780 726 videbit,
795 694 903 728 hocque
917 692 986 720 lueis
1000 699 1048 719 ac-

255 746 381 773 cessione
396 751 496 772 munus
511 750 621 771 sacrum
635 743 749 770 referet.
765 740 852 768 Porro
871 739 918 775 qui
936 738 1048 774 propria

255 798 305 818 sua
319 789 451 818 irrellexis
464 788 551 816 oculis
562 786 794 818 consideraverit,
809 785 919 812 abditas
936 785 1048 819 quidem

255 837 438 874 ignorationis
451 843 507 864 suae
520 834 650 862 tenebras
661 831 826 864 elimittabit,
840 831 1050 867 perfectissima:

255 889 346 912 tamen
363 883 409 910 Del
426 882 538 909 unionis
557 885 585 907 et
600 878 823 916 participationis
838 878 928 905 adhuc
940 883 1048 910 exsors,

255 930 376 964 ejusdem
394 928 531 957 desiderio
553 931 651 962 sponte
673 933 727 953 non
751 924 899 956 aliieietur,
917 924 966 951 sed
983 930 1048 951 sen-

254 977 306 1004 sim
330 976 447 1010 primum
461 982 476 1001 a
490 973 610 1009 propriis
624 972 658 1000 ad
673 972 794 1007 potiora,
810 976 838 998 et
854 978 888 998 ex
905 970 938 998 iis
953 970 986 997 ad
1002 977 1050 1005 po—

254 1021 371 1053 tissima,
385 1028 435 1049 nec
450 1028 503 1048 non
517 1020 657 1055 perfectus
673 1018 784 1046 tandem
798 1025 847 1053 per
859 1018 907 1045 Dei
920 1017 1048 1052 gratiam,

255 1068 290 1095 ad
311 1065 603 1102 divino—principalem
640 1064 790 1096 unionem,
818 1070 898 1091 sacro
931 1062 1049 1097 quodam

254 1113 353 1142 ordine
378 1114 524 1141 evehetur.
537 1112 585 1140 Sic
599 1116 692 1139 autem
708 1110 859 1138 adductum
875 1109 968 1137 divina
984 1108 1050 1136 bea-

254 1160 346 1188 titudo
362 1160 396 1187 ad
415 1159 458 1187 sui
473 1159 594 1186 admittit
607 1156 903 1188 communicationem,
920 1155 1051 1190 propriae-

255 1214 310 1242 que
326 1206 396 1234 lucis
421 1207 509 1233 instar
525 1205 597 1240 signi
620 1203 762 1238 cuiusdam
778 1203 868 1238 ipsum
884 1201 1049 1238 participat,

255 1253 313 1281 Deo
327 1253 453 1280 intimum
477 1251 604 1284 reddens,
620 1255 704 1284 atque
719 1253 878 1277 consortem
903 1255 1050 1275 mttnerum

256 1298 423 1327 divinorum.
438 1297 533 1332 Neque
545 1297 617 1324 enim
633 1296 689 1323 vita
702 1295 780 1323 nobis
795 1299 838 1322 est
854 1293 899 1322 cui
917 1294 958 1321 vis
973 1293 1049 1320 illata

256 1345 294 1373 sit
311 1343 354 1371 vel
378 1343 506 1378 imposita
531 1343 682 1370 necessitas
702 1342 742 1374 “,
766 1348 856 1376 neque
880 1347 946 1367 vero
967 1339 1051 1367 etiam

256 1397 351 1417 eorum
365 1390 464 1424 quibus
480 1389 638 1424 providetur
653 1387 794 1419 libertate,
810 1385 913 1413 divina:
930 1385 1052 1412 illustra-

257 1435 340 1462 tionis
356 1443 370 1462 a
393 1434 570 1462 Providentia
595 1433 733 1461 manantis
750 1432 820 1460 radii
842 1432 1051 1464 obtunduntur;

256 1481 306 1508 sed
331 1479 476 1508 oculorum
506 1479 666 1508 mentalium
700 1477 893 1505 dissimilitudo
919 1476 1000 1507 facit,
1023 1481 1053 1503 ut

256 1527 402 1554 exundans
418 1531 541 1561 paterna:
555 1525 686 1553 bonitatis
703 1523 864 1554 illustratio,
878 1523 922 1550 vel
940 1523 1052 1549 omnino

256 1580 334 1599 cassa
349 1573 394 1604 sit,
409 1577 436 1599 et
452 1577 564 1607 propter
577 1579 673 1598 eorum
693 1569 904 1605 repugnantiam
929 1568 1049 1602 inutilis,
1065 1577 1090 1609 α

257 1618 300 1646 vel
314 1618 374 1653 ejus
390 1619 617 1653 participationes
638 1617 759 1644 existant
776 1615 939 1652 inaequales,
959 1622 1051 1650 parvae

256 1664 299 1691 vel
323 1671 438 1699 magna),
460 1665 588 1691 obscura:
611 1663 654 1691 vel
680 1663 772 1694 clarae,
794 1671 856 1690 cum
873 1669 944 1690 unus
969 1662 1005 1688 sit
1025 1666 1052 1687 et

257 1711 390 1746 simplex,
414 1711 566 1745 eodemque
582 1710 663 1737 modo
685 1718 795 1745 semper
818 1717 847 1737 se
868 1709 968 1736 habeat
989 1707 1050 1735 foti-

258 1758 320 1786 talis
335 1758 379 1786 ille
395 1759 503 1792 radius,
519 1759 563 1792 qui
578 1758 681 1792 jugiter
697 1762 741 1784 est
755 1763 908 1791 expensus.

563 1826 679 1855 CAPUT
698 1826 745 1856 ιν.

414 1885 481 1918 Quis
494 1886 526 1913 sit
541 1884 602 1919 (iui:
616 1885 734 1920 mystica:
751 1884 898 1920 theologia.

293 1942 389 1971 Omnis
403 1950 486 1977 porro
505 1942 628 1977 mysticae
650 1941 793 1976 theologia:
815 1948 916 1976 scopas
930 1945 972 1969 est
985 1949 1050 1977 erga

259 1988 344 2016 Detttn
360 1993 388 2015 et
407 1995 451 2015 res
468 1989 575 2015 divinas
588 1988 717 2015 continua
734 1987 844 2014 dilectio
855 1986 890 2020 ",
906 1995 966 2022 quae
983 1988 1052 2014 divi-

257 2033 332 2061 nitus
347 2034 489 2066 inseritur,
504 2038 532 2061 et
549 2041 598 2068 per
613 2033 672 2068 ejus
685 2033 814 2061 unionem
832 2038 1049 2065 consummatur,

258 2088 374 2115 qumque
389 2080 441 2107 hac
457 2080 534 2114 prior
549 2085 601 2113 est,
616 2079 655 2106 illi
672 2079 879 2106 adversantium
895 2079 1051 2106 omnimoda

258 2130 287 2152 et
309 2126 506 2152 irrcvertibilis
528 2126 608 2161 fuga;
634 2125 754 2160 cognitio
771 2125 816 2152 Dei
840 2124 1050 2159 perfectissima,

258 2177 287 2198 ct
310 2172 443 2206 simplicis
470 2171 651 2206 pet-lectionis
679 2170 738 2204 ejus
761 2170 853 2197 divina
877 2170 1051 2205 participatio

259 2217 420 2251 fruitioque,
433 2224 493 2251 qua:
506 2224 615 2244 omnem
637 2215 685 2242 Dei
708 2215 957 2249 contemplatorem
970 2215 1052 2249 spiri-

1098 271 1186 306 palem
1202 268 1410 297 similitudinem
1426 266 1688 302 supermundialiter
1700 266 1895 300 contemplan-

1099 320 1151 348 tes,
1166 315 1200 342 ad
1215 315 1338 342 eamdem
1353 313 1473 348 speciem
1488 320 1566 340 suam
1582 316 1717 339 conentur
1730 310 1896 342 el'l'ormaro,

1097 362 1157 398 jure
1178 361 1277 389 uterito
1293 360 1421 387 uberiore
1440 366 1549 393 quoque
1564 357 1685 392 gaudent
1699 356 1759 390 ejus
1775 357 1898 391 partici-

1098 407 1220 443 patione,
1237 406 1310 442 quod
1326 406 1382 433 sint
1397 404 1510 435 assidui,
1527 411 1560 431 ac
1575 411 1685 436 semper
1701 403 1734 430 ad
1749 402 1898 429 anteriora

1099 460 1236 488 nunquam
1258 451 1408 479 fatiscentis
1423 450 1526 477 amoris
1543 449 1719 477 contentione
1743 455 1772 475 se
1790 453 1897 476 exten-

1098 499 1182 531 dant,
1205 503 1232 526 et
1252 497 1444 533 primordiales
1458 496 1653 524 illustrationes
1669 495 1898 522 itnmatcrialiter

1100 546 1258 581 liquidoque
1271 545 1434 579 suscipiant,
1451 548 1533 578 atque
1547 542 1581 570 ad
1596 543 1707 570 easdem
1724 549 1898 576 componan-

1100 597 1153 626 tur,
1179 593 1320 626 vitamque
1345 598 1454 619 omnem
1484 590 1605 618 habeant
1637 589 1802 624 spiritalem.
1826 588 1898 615 Pttri

1099 638 1235 673 siquidem
1258 636 1387 665 censendi
1399 637 1440 669 °‘,
1465 643 1519 663 non
1542 635 1620 671 quasi
1639 643 1654 662 a
1679 635 1794 662 maculis
1819 635 1897 661 duu-

1101 689 1176 712 taxat
1190 684 1304 718 'mpuris
1318 683 1574 717 coljuvionibusque
1587 683 1641 710 sint
1655 682 1747 712 liberi,
1758 682 1800 709 vel
1816 681 1895 716 qttod

1100 729 1286 758 materialibus
1316 729 1479 764 imaginibus
1499 728 1610 755 minime
1637 728 1812 760 adhaereant,
1843 727 1897 754 sed

1101 777 1172 812 quod
1187 776 1261 803 omni
1278 783 1307 804 re
1322 780 1414 802 creata
1428 774 1557 802 celsiores
1565 781 1622 809 prae
1634 781 1740 800 summa
1755 773 1898 812 puritate,

1101 810 1143 848 vel
1158 821 1276 848 maxime
1289 820 1468 848 deiformibus
1484 819 1634 846 virtutibus
1649 819 1705 846 sint
1724 810 1898 851 coordiuati,

1101 868 1262 903 ordinisque
1277 867 1319 895 sui
1337 871 1440 894 motum
1456 865 1597 900 propriam
1613 864 1830 900 aequabilemque
1844 872 1898 899 per

1103 921 1221 941 amorem
1239 913 1285 940 Dei
1302 916 1462 940 constanter
1478 915 1589 938 teneant
1611 911 1786 943 invariatum,
1802 917 1900 945 neque

1104 959 1185 986 ullam
1208 959 1235 986 in
1262 958 1384 986 deterius
1407 957 1554 984 admittant
1580 956 1818 988 imminutionem,
1843 956 1899 984 sed

1104 1005 1298 1033 inconcussam
1321 1010 1430 1036 semper
1442 1008 1470 1030 et
1485 1001 1653 1030 immobilem
1670 1001 1813 1030 deiformis
1835 1010 1899 1030 sua}

1101 1050 1279 1087 proprietatis
1298 1050 1390 1076 sedem
1411 1048 1546 1076 habeant.
1565 1047 1801 1082 Contemplatores
1826 1047 1898 1074 item

1102 1104 1156 1124 non
1178 1097 1255 1132 quasi
1279 1094 1482 1131 symbolorum,
1504 1101 1565 1129 quae
1588 1101 1670 1121 sensu
1689 1093 1732 1120 vel
1755 1093 1899 1128 imagina-

1102 1143 1177 1171 tione
1205 1142 1405 1178 percipiantur,
1431 1144 1616 1175 speclatores,
1641 1147 1730 1175 neque
1756 1140 1898 1168 varietate

1102 1190 1236 1217 duntaxat
1249 1196 1392 1216 sacrarum
1407 1187 1614 1223 Scripturarum
1632 1186 1666 1214 ad
1682 1186 1767 1214 Deum
1781 1186 1898 1214 elevan—

1103 1240 1157 1268 tur,
1180 1235 1227 1263 sed
1243 1235 1317 1262 omni
1342 1234 1500 1269 cognitione
1514 1233 1632 1269 simplici
1657 1234 1763 1261 altioris
1779 1233 1898 1261 lumittis

1102 1281 1254 1316 replentur,
1276 1285 1358 1314 atque
1384 1279 1617 1314 contemplatione
1640 1279 1715 1307 illius
1734 1279 1896 1314 pulchritu-

1102 1328 1184 1360 dinis,
1206 1335 1267 1362 quae
1287 1327 1410 1354 etl‘ectrix
1425 1331 1454 1354 et
1469 1327 1545 1362 origo
1569 1327 1659 1354 omnis
1676 1326 1898 1361 pulchritudinis

1103 1377 1207 1410 existit,
1226 1383 1341 1412 quaeque
1357 1383 1440 1411 supra
1457 1375 1639 1403 substantiam
1659 1379 1701 1402 est
1715 1378 1742 1400 et
1757 1373 1785 1401 in
1802 1372 1899 1400 Trini-

1103 1427 1160 1451 tate
1183 1422 1408 1458 suprasplendet,
1425 1427 1558 1456 quantum
1581 1420 1686 1447 homini
1704 1419 1745 1447 las
1763 1423 1806 1447 est
1827 1421 1898 1448 reli-

1103 1471 1223 1498 ciuntttr.
1244 1468 1449 1496 Communionis
1467 1474 1575 1502 quoque
1598 1466 1662 1494 Jesu
1684 1466 1811 1494 similiter
1830 1475 1900 1502 par-

1104 1518 1199 1552 ticipes
1218 1516 1296 1549 liunt,
1311 1523 1365 1542 non
1379 1515 1458 1550 quasi
1476 1514 1502 1542 in
1519 1513 1682 1549 imaginibus
1698 1519 1792 1541 sancte
1806 1514 1899 1542 inl‘or-

1105 1565 1197 1596 matis,
1215 1571 1275 1598 qum
1293 1562 1378 1589 veluti
1402 1561 1498 1588 formae
1515 1561 1542 1587 in
1566 1561 1632 1596 ipsis
1650 1561 1775 1588 deilicam
1796 1561 1898 1588 simili-

1105 1611 1226 1637 tudinem
1242 1608 1411 1643 exprimant,
1428 1607 1476 1634 sed
1495 1611 1625 1641 tanquam
1640 1614 1703 1635 vere
1717 1607 1750 1634 ad
1769 1613 1830 1634 eum
1848 1615 1899 1642 ap—

1102 1656 1334 1692 propinquantes,
1357 1653 1385 1679 in
1407 1652 1465 1687 ipsa
1494 1653 1580 1687 prima
1614 1652 1822 1687 participatione
1845 1660 1898 1679 co-

1103 1701 1233 1738 gnitionis
1263 1700 1394 1727 luminum
1425 1698 1484 1733 ejus
1513 1698 1688 1730 deiﬁcorum,
1712 1698 1783 1733 quod
1809 1698 1898 1725 Deutn

1103 1748 1228 1776 imitandi
1244 1748 1313 1775 ratio
1328 1747 1526 1775 sublimissimo
1541 1745 1608 1780 ipsis
1624 1744 1704 1772 modo
1725 1743 1761 1771 sit
1776 1743 1897 1775 indulta,

1102 1799 1130 1822 et
1145 1795 1172 1821 in
1188 1794 1334 1829 primaeva,
1352 1797 1485 1828 quantum
1503 1792 1612 1826 quidem
1630 1790 1671 1817 l'as
1690 1794 1742 1823 est,
1759 1790 1898 1824 potentia,

1103 1843 1202 1870 divinis
1218 1841 1276 1876 ejus
1301 1842 1484 1876 humanisque
1508 1840 1657 1867 virtutibus
1677 1838 1897 1866 communicent.

1103 1890 1237 1917 Similiter
1251 1887 1366 1923 perfecti
1383 1891 1456 1920 sunt,
1473 1895 1525 1914 non
1543 1887 1621 1921 quasi
1636 1885 1783 1912 varietates
1797 1891 1898 1912 sacras

1102 1938 1255 1966 resolvendi
1277 1939 1391 1966 scientia
1415 1938 1470 1965 sint
1496 1937 1643 1969 illusuati,
1667 1936 1715 1963 sed
1739 1935 1810 1970 quod
1835 1935 1897 1969 pri-

1103 1985 1190 2011 maria
1216 1989 1244 2012 et
1263 1984 1439 2019 pratcellente
1456 1984 1503 2011 Dei
1531 1983 1634 2010 unione
1656 1982 1800 2012 satientur,
1814 1980 1897 2016 juxta

1103 2037 1257 2065 supremam
1273 2030 1365 2063 illam,
1388 2029 1467 2065 cujus
1483 2035 1597 2063 capaces
1611 2031 1676 2055 sunt
1689 2025 1829 2059 mortales,
1854 2026 1898 2052 di-

1103 2077 1159 2103 vini
1179 2076 1284 2103 amoris
1298 2075 1484 2107 inlluentiam;
1502 2074 1637 2108 siquidem
1653 2072 1687 2100 ab
1711 2072 1828 2106 ipsamet
1854 2070 1898 2097 di-

1102 2124 1215 2151 vinitate
1230 2123 1317 2150 sacris
1342 2123 1469 2157 mysticis
1493 2121 1649 2152 initiantur,
1671 2119 1734 2146 dum
1757 2117 1790 2145 ad
1809 2118 1896 2144 Deum

1102 2177 1151 2204 per
1162 2169 1336 2197 dilectionem
1351 2169 1542 2203 subriguntur,
1557 2173 1607 2194 nec
1624 2172 1678 2192 non
1695 2165 1721 2191 in
1738 2171 1771 2191 eo
1786 2171 1896 2190 summa

1103 2215 1221 2250 puritate
1242 2222 1404 2249 summaque
1423 2213 1578 2241 constantia
1604 2211 1793 2242 stabiliuntur,
1809 2214 1897 2244 atque

260 2262 307 2289 tali
335 2262 416 2289 modo
443 2262 532 2289 reiicit
558 2262 734 2295 deilicatque.
758 2260 827 2287 Cum
853 2260 925 2287 enim
951 2261 1051 2288 habeat
1067 2257 1359 2296 Dsupernaturalibus
1372 2260 1527 2287 divinorum
1543 2266 1655 2293 operum
1680 2256 1842 2289 rationibus,
1860 2256 1895 2282 ab

260 2309 345 2336 Deum
361 2308 451 2336 omnis
474 2315 562 2335 sacra:
579 2315 636 2335 sua:
652 2314 761 2334 arcane
774 2315 836 2334 cum
851 2307 974 2334 scientiae
994 2310 1049 2333 tum

259 2355 428 2389 operationis
444 2354 525 2381 linem
536 2354 572 2388 “,
587 2354 620 2381 ad
637 2353 839 2381 divinissimum
854 2353 913 2387 ejus
924 2353 1049 2380 decorem

260 2405 420 2427 constanter
440 2400 582 2432 intuendo,
604 2400 731 2427 eumdem
748 2399 837 2433 quoad
853 2402 943 2433 potest
957 2399 1050 2432 expri-

260 2446 320 2478 tnit,
335 2452 384 2472 nec
400 2452 454 2471 non
470 2444 580 2471 divinos
596 2443 637 2471 sui
661 2447 815 2475 consortes,
829 2449 908 2470 sacra
927 2442 1050 2476 quaedam

260 2491 366 2525 perﬁcit
382 2491 528 2518 simulacra
544 2490 709 2525 speculaque
732 2489 885 2517 clarissima
905 2494 933 2516 et
954 2488 1051 2516 imma—

261 2537 364 2570 culata,
385 2545 446 2572 quae
468 2538 615 2572 primitiva:
638 2537 723 2570 lttcis,
748 2543 917 2571 summaeque
941 2535 1051 2563 deitatis

261 2582 365 2609 radium
391 2584 541 2617 excipiant,
558 2588 586 2610 et
609 2583 636 2610 in
654 2583 739 2611 Deum
762 2583 850 2618 ipsunt
875 2590 890 2610 a
910 2589 963 2616 quo
986 2590 1050 2616 pro-

261 2629 353 2662 tluxit,
376 2630 562 2657 sincerissime
581 2629 734 2657 reﬂectant.
759 2629 827 2657 llittc
844 2628 953 2665 mystici
974 2629 1052 2656 theo-

261 2675 314 2710 logi
338 2675 468 2710 primario
491 2676 734 2711 multipliciterque
758 2677 840 2703 Deum
865 2675 1066 2711 participant,

261 2725 288 2747 ct
311 2721 513 2749 subliutissimis
531 2729 563 2749 ac
580 2722 672 2750 multis
688 2723 774 2750 tnodis
795 2730 928 2750 arcanum
943 2722 991 2749 Dei
1005 2729 1052 2748 co-

262 2771 406 2801 gnoscunt.
429 2767 497 2795 Cum
520 2768 594 2796 enim
615 2769 649 2797 ad
675 2769 837 2797 itnitandum
860 2768 947 2797 Deum
971 2768 1053 2796 intel-

264 2867 288 2883 "
307 2869 378 2911 l'frfl.
404 2870 473 2911 (tier.
485 2879 546 2911 cap.
563 2871 589 2898 l.
627 2871 649 2911 _"
665 2871 747 2911 fingi.
760 2874 833 2911 rhier.
846 2881 908 2911 cap.
923 2873 951 2900 9..

262 2912 322 2940 cap.
340 2906 366 2932 5.
405 2906 427 2922 ’⁸
448 2906 531 2942 lbid.,
547 2915 607 2942 cap.
623 2907 649 2935 l.
664 2909 687 2924 "
705 2908 788 2943 lbid.,
804 2917 864 2945 cap.
882 2906 911 2938 7.

991 2870 1015 2886 θ’
1034 2866 1110 2904 (Ital,
1133 2867 1198 2896 Iticr.
1216 2877 1275 2904 cap.
1289 2870 1316 2898 9.
1354 2870 1378 2886 ’³
1397 2867 1468 2895 Eccl.
1481 2868 1546 2895 hier.
1567 2873 1627 2902 cap.
1643 2866 1666 2895 ι.

950 2909 972 2926 υτ
993 2905 1030 2934 οε
1056 2903 1142 2932 divin.
1167 2903 1330 2941 καπίθην.
1349 2905 1376 2933 7.

1104 2306 1219 2341 ipsemet
1241 2306 1334 2333 divino
1366 2306 1518 2341 principatu
1545 2303 1724 2334 θεοδιδάκτοις
1747 2310 1895 2338 μυσταγωε

1103 2351 1177 2386 γιαις
1192 2351 1366 2379 erudiuntur.
1385 2350 1462 2378 Unde
1479 2349 1520 2381 lit,
1543 2354 1572 2376 ut
1584 2348 1690 2384 mystici
1706 2347 1824 2381 theologi
1850 2355 1895 2373 re-

1103 2398 1229 2425 conditos
1253 2405 1377 2433 quosque
1406 2396 1557 2431 Scriptum
1592 2401 1689 2422 sensus
1711 2398 1739 2420 et
1763 2393 1895 2420 scientias

1103 2443 1216 2477 quasvis
1242 2443 1383 2470 naturales
1406 2442 1486 2477 longe
1507 2440 1587 2468 aliter
1604 2447 1685 2474 quam
1710 2439 1756 2466 alii
1780 2439 1895 2474 (quippe

1104 2489 1360 2523 snpernaturaliter)
1373 2488 1525 2523 intelligant
1537 2491 1745 2522 pettetrentque,
1760 2492 1821 2512 cum
1837 2493 1892 2512 non

1105 2535 1207 2562 dividui
1225 2540 1271 2562 aut
1288 2543 1303 2562 e
1316 2535 1447 2567 dividuis,
1463 2534 1503 2562 vel
1520 2534 1658 2566 sensibus,
1674 2532 1716 2560 vel
1737 2531 1892 2559 rationibus

1104 2581 1299 2608 ratiocittando
1319 2580 1448 2615 colligant
1459 2581 1613 2613 scientiam,
1626 2579 1673 2606 sed
1686 2579 1721 2605 ab
1736 2578 1811 2605 omni
1831 2585 1892 2605 ma-

1106 2626 1193 2654 teriali
1209 2634 1241 2655 ac
1264 2627 1388 2655 sensibili
1411 2627 1567 2662 pluralitate
1583 2626 1659 2660 puri,
1676 2632 1692 2651 a
1708 2623 1821 2651 materia
1846 2631 1892 2651 se-

1105 2677 1181 2700 creto
1200 2678 1281 2706 atque
1307 2672 1435 2700 uniformi
1463 2673 1543 2700 modo
1567 2671 1683 2706 spiritali
1707 2677 1739 2697 ea
1762 2670 1891 2704 capiant,

1103 2726 1275 2754 quaecunque
1288 2720 1332 2745 vel
1355 2720 1380 2746 in
1396 2719 1497 2746 divinis
1513 2719 1553 2746 vel
1572 2719 1598 2745 in
1621 2717 1748 2744 humanis
1767 2717 1891 2744 scientiis

1104 2765 1219 2800 intelligi
1237 2771 1362 2800 possunt.
1379 2766 1426 2793 Est
1441 2766 1512 2793 enim
1534 2765 1588 2793 illis
1609 2765 1649 2792 vis
1661 2764 1682 2780 "
1695 2764 1819 2799 quaedam
1835 2763 1892 2798 spi-

1705 2869 1728 2884 "
1743 2867 1808 2897 Cael.
1825 2869 1891 2896 trior.
