1925 3070
63 153 108 180 101

62 203 145 236 ritalis
156 211 236 242 atque
250 206 374 242 operatio
386 206 556 240 impermista
569 212 651 241 atque
667 205 839 234 immaculata

62 255 174 289 puritate
190 254 378 289 resplendens,
390 258 418 280 et
429 253 577 287 conspicax
592 252 747 280 divinarum
764 252 842 280 intel—
858 235 879 264 Α

62 299 238 335 ligentiarum,
251 306 311 334 quae
327 306 377 334 per
389 297 533 325 divisionis
547 305 578 324 ac
600 298 722 325 materia:
742 304 842 324 caren-

63 347 136 379 tiam,
150 345 275 373 deiformi
293 345 399 372 unitate
417 344 450 370 ad
466 343 586 370 divinam
600 348 628 371 et
643 344 785 378 plusquam
799 351 843 371 sa-

62 393 171 427 pientem
190 395 311 418 mentem
325 398 357 417 ac
371 390 507 417 rationem
524 389 656 417 divinitus
671 389 842 417 ell'ormatur-.

63 439 126 465 Hinc
146 437 252 473 mystici
269 436 387 470 theologi
410 437 462 464 hoc
484 443 595 470 quoque
611 443 720 464 sacrum
744 444 844 465 munus

64 486 187 518 referunt,
200 489 228 511 ut
241 484 314 519 qttod
325 483 478 510 divinorum
500 482 622 510 omnium
639 482 841 511 divinissimum

62 536 117 565 est,
135 531 161 558 in
182 531 270 558 salute
290 537 322 557 ac
341 529 513 565 perfectione
529 529 720 564 proximorum
742 537 845 565 procu-

63 578 152 609 randa,
167 577 259 604 divino
275 584 388 612 prorsus
410 581 436 603 et
459 575 635 603 eminentiori
660 583 718 611 prte
737 577 845 604 caeteris

62 624 138 651 modo
151 623 292 658 ipsiusmet
305 622 353 650 Dei
366 627 559 657 cooperatores
570 622 706 655 existant;
722 629 775 650 non
789 629 846 649 om-

62 669 124 697 nino
138 669 231 697 dissita
248 669 284 696 ab
298 669 396 696 ordine
412 668 521 696 ctelesti
542 668 728 696 insinuatione
744 670 770 696 in
787 669 846 696 ani-

61 725 119 744 mos
133 716 274 744 hominum
292 716 441 749 induendo,
460 720 488 744 et
514 723 529 742 a
548 716 691 750 quibusvis
710 715 784 743 vitiis
805 720 847 743 at-

61 770 112 798 que
127 762 380 799 imperfectionibus
402 764 436 792 ad
456 771 565 793 omnem
584 764 714 792 virtutem
736 768 765 792 et
784 763 847 792 vitae

61 809 231 838 sanctitatem
250 810 429 838 traducendo.

366 877 481 906 CAPUT
500 878 532 907 ν.

78 935 204 968 Qua-nam
218 934 446 970 prwreqnirantur
457 934 492 961 ad
508 935 646 970 mysticam
659 934 828 971 theologiam.

94 992 135 1020 Ad
150 992 221 1019 hanc
237 991 400 1027 theologiam
416 990 440 1007 η
461 992 623 1026 cumprimis
644 992 852 1027 praerequiritur

60 1043 146 1066 status
172 1038 283 1073 quidam
305 1037 524 1073 supernaluralis
545 1038 597 1073 ipsi
615 1039 851 1073 proportionatus,

59 1085 104 1120 qui
120 1092 182 1111 cum
198 1085 234 1111 sit
259 1084 337 1119 quasi
363 1084 487 1118 quaedam
504 1085 590 1112 altera
607 1085 735 1112 nativitas
746 1085 850 1119 divina,

59 1138 197 1166 nunquam
221 1138 287 1158 sane
312 1130 488 1164 intellexerit,
514 1131 613 1159 nedum
636 1132 754 1167 gesserit
774 1133 853 1168 quid-

59 1179 130 1213 piam
157 1178 307 1205 secundum
333 1177 476 1213 mysticam
500 1177 677 1213 theologiam,
694 1178 737 1206 cui
750 1186 784 1206 ne
795 1180 853 1214 ipse

59 1224 169 1258 quidem
185 1227 274 1250 status
290 1223 335 1250 hic
355 1223 486 1251 divinitus
508 1223 617 1252 amatus
641 1224 688 1252 sit.
703 1225 810 1253 Etenim
825 1231 854 1254 et

59 1270 140 1297 nobis
153 1269 286 1303 (humano
304 1269 431 1304 loquendi
457 1270 548 1305 modo)
566 1271 712 1299 existentia
734 1273 851 1307 primum

60 1325 128 1352 opus
141 1322 198 1349 est,
215 1321 246 1343 ut
259 1316 388 1351 deinceps
408 1324 469 1351 quae
488 1317 574 1345 nostri
589 1317 639 1345 fori
659 1323 732 1351 sunt,
749 1324 853 1348 tracte-

59 1371 130 1397 mus,
150 1371 213 1391 cum
228 1362 254 1390 id
268 1363 340 1397 quod
365 1363 440 1391 nullo
464 1364 544 1392 modo
568 1364 672 1398 existit,
688 1373 776 1400 neque
793 1373 853 1393 mo-

59 1411 161 1438 tionem
187 1417 277 1445 neque
300 1410 481 1438 substantiam
504 1411 617 1438 omnino
641 1411 758 1445 habeat;
782 1413 854 1447 quod

60 1461 152 1484 autem
179 1465 289 1492 quoquo
314 1465 394 1492 paeto
419 1462 470 1491 est,
497 1465 529 1484 ea
556 1458 664 1485 demum
690 1463 718 1486 et
743 1464 804 1494 agat
827 1463 855 1486 et

59 1503 192 1537 patiatur,
208 1510 268 1537 qua!
292 1508 396 1530 natura:
417 1507 560 1538 statusque
583 1508 648 1530 sunt
662 1504 715 1532 sui.
734 1503 855 1531 Dicimus

61 1550 154 1584 itaque
169 1549 290 1577 assiduis
301 1550 335 1576 ad
350 1549 434 1578 Deum
452 1550 617 1577 connitendo
630 1551 853 1585 aspirationibus,

60 1601 143 1630 atque
169 1596 299 1624 totalibus
324 1598 523 1624 contrariorum
546 1597 802 1626 mortilicatiouibus
825 1590 890 1626 etc

60 1642 258 1671 abolitionibus
275 1643 397 1671 homines
406 1644 543 1678 spiritales
556 1648 645 1671 status
661 1643 740 1677 hujus
753 1645 856 1672 deifora

61 1689 112 1716 mis
125 1688 351 1716 immutabilitate
375 1689 468 1723 potiri.
490 1689 548 1716 Non
563 1690 634 1716 enim
650 1690 683 1717 ab
696 1690 769 1717 omni
785 1691 856 1718 dun-

60 1740 135 1762 taxat
149 1735 254 1762 malitia
267 1736 332 1769 ipsis
344 1736 526 1763 recedendum
541 1741 593 1769 est,
607 1737 654 1763 sed
668 1736 856 1764 obdurandum

58 1782 189 1815 viriliter,
206 1786 235 1810 et
259 1782 444 1817 imperterrita
467 1789 575 1817 semper
592 1783 781 1810 obsistendum
805 1784 856 1818 ipsi

59 1828 151 1855 noxiae
176 1827 346 1860 remissioni;
367 1835 417 1855 nec
430 1835 446 1855 a
468 1835 547 1856 sacro
560 1833 603 1856 est
626 1836 745 1864 unquam
765 1837 858 1857 amore

58 1874 228 1902 cessandum
239 1895 248 1907 ,
263 1879 305 1902 ast
317 1875 492 1902 continenter
503 1882 534 1902 ac
549 1881 680 1910 perpetuo
693 1884 742 1911 pro
756 1876 859 1904 viribus

56 1920 82 1947 ei
103 1920 301 1953 insistendum,
318 1921 350 1948 ad
370 1921 567 1956 perfectionem
592 1922 676 1949 divini
690 1922 859 1957 principatus

57 1968 285 1994 subliinationem
295 1973 389 1995 sancte
402 1975 511 2003 semper
524 1969 630 2002 negotia
645 1977 694 1996 sua
706 1969 859 2004 dirigendo.

58 2012 155 2047 Neque
172 2013 246 2039 enim
263 2012 286 2028 θ’
305 2013 345 2039 fas
361 2018 401 2040 est
416 2014 538 2048 mysticis
561 2014 695 2049 theologis
710 2015 859 2049 quidquam

57 2058 184 2093 operari,
199 2058 273 2093 quod
288 2058 387 2085 divinis
411 2059 637 2094 inspirationibus
659 2060 701 2087 vel
717 2060 859 2087 minimum

58 2109 209 2138 repugnet,
236 2105 292 2131 imo
313 2112 362 2132 nec
392 2106 488 2133 iisdem
515 2106 674 2135 dissentire.
699 2107 720 2134 si
739 2106 861 2133 divinam

57 2156 194 2185 appetant
209 2150 375 2183 claritatem,
398 2157 425 2178 et
439 2154 471 2178 ad
488 2153 558 2180 hanc
581 2157 686 2186 sancte,
702 2157 731 2180 ut
747 2161 797 2188 par
809 2158 860 2186 est,

59 2197 201 2232 aspireut.
217 2196 312 2232 Itaque
330 2198 451 2232 perfecta
468 2198 510 2225 sui
531 2198 618 2233 ipsius
635 2199 808 2227 abdicatione
827 2200 861 2216 ¹⁰⁰

59 2251 93 2270 ac
107 2243 241 2270 continua
257 2244 284 2270 in
308 2244 391 2272 rebus
414 2245 543 2273 omnibus
565 2246 777 2273 mortificatinne
794 2254 862 2281 opus

59 2295 122 2322 est;
141 2291 253 2325 Quando
268 2291 376 2325 quidem
399 2296 523 2318 naturain
550 2292 696 2319 humanam
719 2293 786 2320 vitio
802 2301 863 2327 pro-

60 2337 177 2372 toplasti
201 2336 302 2364 divinis
325 2336 404 2365 bonis
427 2338 586 2372 spoliatam,
610 2338 665 2365 vita
686 2338 863 2372 passionibus

57 2382 185 2410 obnoxia
205 2383 324 2416 excepit,
350 2387 378 2410 et
403 2389 603 2418 consequenter
627 2385 710 2411 homo
729 2393 745 2412 a
772 2385 861 2412 divina

58 2430 166 2463 gratia,
182 2437 243 2464 qua:
259 2429 347 2464 ipsum
366 2430 399 2457 ad
423 2438 521 2465 supera
547 2431 715 2466 subrigebat,
732 2432 865 2466 dilapsus,

57 2483 87 2506 et
105 2478 144 2505 ad
159 2482 286 2505 extrema
300 2478 438 2505 contraria
455 2478 512 2512 jam
527 2485 647 2513 praeceps
666 2479 757 2511 datus,
781 2478 864 2505 variis

57 2523 327 2558 perturbationibus
342 2524 495 2559 expositam
513 2529 610 2552 nactus
631 2529 674 2552 est
695 2525 864 2552 immutatio-

58 2579 139 2598 nem.
156 2569 238 2598 Unde
257 2578 319 2598 cum
335 2578 389 2598 non
406 2571 492 2605 possit
515 2572 549 2597 ad
569 2578 653 2597 unum
667 2570 768 2605 colligi,
784 2575 865 2605 atque

57 2618 150 2644 unius
175 2618 299 2652 paciticze
319 2617 429 2645 unionis
453 2619 591 2652 particeps
617 2617 736 2645 existere
759 2617 804 2651 qui
820 2624 865 2644 sc-

58 2671 130 2689 cutn
150 2663 210 2698 ipse
234 2663 361 2696 dissidet,
380 2670 469 2697 neque
492 2663 573 2689 liceat
594 2670 701 2690 summe
727 2663 866 2691 contraria

57 2709 148 2736 simul
175 2710 354 2744 participare,
380 2708 421 2736 vel
449 2709 726 2736 communicationem
746 2709 865 2744 aliquam

57 2764 127 2782 cum
146 2764 202 2784 uno
222 2757 347 2787 habenti,
374 2755 479 2783 divisas
506 2756 607 2784 habere
632 2756 716 2789 vitas,
739 2756 762 2783 si
787 2756 867 2785 unius

56 2799 111 2827 Dei
145 2801 275 2828 stabilem
295 2800 423 2835 praeferat
439 2801 695 2836 participationem,
712 2802 867 2831 necessario

96 2858 124 2874 "
149 2858 222 2887 Eccl.
246 2860 314 2888 hier.
337 2860 438 2894 (ηυρλ.

477 2860 500 2876 ⁹⁰
519 2860 583 2887 ϐαι.
604 2861 672 2888 hier.
688 2869 748 2897 cap.
761 2862 788 2888 5.

56 2894 135 2922 Itier.
155 2903 217 2929 cap.
240 2896 267 2923 Δ.

308 2896 318 2911 ³
340 2894 380 2923 De
398 2896 480 2923 divin.
497 2905 579 2930 nom.,
604 2904 666 2932 cap.
691 2894 751 2934 4ίῇ
778 2898 804 2925 4.

724 147 995 177 ῬΒΟΙΕΕΟΜΕΝΑ.

829 2863 863 2880 ¹⁰⁰
883 2863 959 2892 Eccl.
973 2864 1040 2892 ltier.
1054 2872 1116 2900 cap.
1128 2865 1154 2893 5.

1634 145 1687 173 {(32

894 204 1049 233 adhibenda
1074 207 1117 232 est
1138 203 1211 238 iugis
1236 203 1428 237 mortiﬁcatio,
1453 208 1483 230 ut
1503 204 1566 238 quis
1590 210 1688 232 exsors

899 251 944 278 ﬁat
968 255 996 278 et
1016 257 1115 284 expers
1138 249 1259 276 oumium
1289 250 1486 277 uniformitatis
1509 250 1685 278 divisionum.

894 297 1042 332 Propterea
1067 296 1117 324 viri
1139 295 1237 328 sancti,
1259 296 1414 323 divinorum
1438 296 1630 324 communione
1646 297 1688 324 di-

894 343 980 377 gnati,
999 343 1062 370 dum
1078 349 1128 377 pro
1140 349 1268 369 mensura
1285 342 1380 376 gratiae
1398 342 1497 369 divina:
1518 342 1570 370 sibi
1583 343 1690 370 collatas

870 403 872 406 ‹
895 390 928 417 ad
945 389 1139 417 deiformitatis
1161 393 1190 416 et
1208 389 1330 424 mystica:
1342 389 1454 416 unionis
1469 389 1610 424 fastigium
1625 397 1690 424 per-

896 433 1054 462 fectissimis
1068 435 1280 470 perfectivisque
1293 434 1510 462 deiﬁcationibus
1523 435 1690 466 evehuntur,

896 488 929 508 ea
951 489 1012 515 quae
1028 481 1121 508 caruis
1145 485 1209 508 sunt
1237 481 1349 508 minime
1367 485 1466 508 curant
1493 481 1564 508 citra
1588 485 1692 508 naturae

897 527 1101 560 necessitatem,
1117 527 1208 562 idque,
1227 531 1307 562 prout
1329 535 1393 555 usus
1406 527 1468 560 ferr,
1486 528 1594 561 obiter;
1611 533 1693 563 atque

897 574 949 602 hcc
963 574 1043 600 modo
1058 573 1140 601 etiatn
1166 580 1279 608 corpora
1303 572 1410 600 illorum
1436 581 1483 608 per
1504 572 1693 600 mortificatio-

897 627 959 646 nem
975 611 1174 653 quodammodo
1185 619 1393 654 spiritualizata,
1407 619 1433 646 in
1447 619 1560 654 mystica
1576 619 1694 647 deiﬁca-

897 665 971 692 tione
988 664 1117 700 templum
1134 664 1201 691 ﬁunt
1223 664 1341 699 Spiritus
1363 664 1644 699 divino-principalis,
1665 664 1694 692 in

898 719 952 746 quo
965 711 1057 739 simile
1072 711 1098 738 in
1115 711 1196 738 simili
1212 711 1343 738 fundatur
1356 719 1388 739 ac
1405 711 1568 740 collocatur.

1208 766 1323 795 CAPUT
1345 767 1388 795 Vl.

900 813 960 847 Qua
972 814 1077 841 ratione
1088 814 1122 840 ad
1134 815 1273 849 mysticam
1285 804 1449 849 theologiam
1460 814 1637 841 accedendum
1650 815 1694 842 sit.

934 861 1088 889 Obstaculis
1118 866 1145 889 et
1172 861 1373 896 impedimentis
1400 868 1448 896 per
1480 861 1696 889 mortificatiouis

863 912 885 939 Β
899 908 1060 936 exercitium
1079 907 1205 941 sublatis,
1229 907 1411 935 adhibendum
1431 912 1472 935 est
1482 908 1566 935 etiam
1578 908 1696 936 studium

902 954 1045 986 orationis.
1064 954 1189 988 exemplo
1210 953 1331 988 Dionysii
1348 954 1489 990 mysticam
1504 954 1668 989 theologiam
1680 963 1695 982 a

903 1001 1082 1028 sanctissima)
1121 1000 1263 1028 Trinitatis
1304 1001 1477 1028 invocatione
1516 1002 1696 1036 auspicantis.

903 1046 1019 1082 Oportet
1032 1047 1116 1082 igitur
1129 1053 1178 1073 nos
1193 1046 1310 1081 primum
1329 1047 1502 1074 orationibus
1518 1047 1552 1074 ad
1576 1047 1660 1074 Deum
1675 1047 1697 1080 ',

905 1099 1032 1129 tanquam
1048 1094 1081 1121 ad
1102 1093 1222 1129 mystica:
1243 1093 1383 1129 theologia;
1409 1093 1571 1128 principium
1587 1093 1697 1127 adduci,

903 1148 936 1168 ac
951 1141 1048 1169 deinde
1061 1141 1149 1177 magis
1161 1141 1209 1176 ipsi
1224 1142 1451 1177 propinquantes,
1471 1141 1581 1169 edoceri
1595 1143 1699 1176 optima

904 1195 1019 1223 qumque
1035 1195 1159 1218 munera.
1177 1195 1237 1222 quae
1261 1194 1344 1222 penes
1362 1187 1450 1221 ipsum
1471 1191 1535 1214 sunt
1555 1186 1698 1215 collocata.

904 1234 973 1261 Nam
990 1234 1047 1269 ipse
1060 1234 1169 1270 quidem
1188 1242 1310 1270 praesens
1327 1235 1405 1261 adest
1426 1234 1565 1267 omnibus,
1580 1240 1633 1261 non
1649 1241 1701 1261 au-

905 1285 959 1308 tem
975 1280 1012 1308 illi
1026 1282 1126 1309 adsunt
1146 1281 1257 1314 omnia;
1272 1282 1320 1309 sed
1333 1289 1395 1308 cum
1410 1288 1471 1309 eum
1486 1281 1589 1309 sanctis
1603 1287 1702 1316 preca-

907 1327 1036 1360 tionibus,
1058 1332 1085 1355 et
1103 1332 1194 1355 mente
1209 1327 1368 1362 tranquilla,
1381 1332 1409 1355 et
1432 1327 1464 1354 ad
1485 1327 1603 1355 divinam
1619 1327 1702 1355 unio~

905 1382 968 1402 nem
992 1374 1199 1402 accommodata
1222 1373 1411 1408 deprecamur.
1439 1377 1494 1400 tum
1519 1372 1628 1400 demum
1650 1380 1702 1400 nos

905 1422 988 1449 etiam
1008 1421 1033 1449 ei
1048 1425 1199 1456 prmsentes
1224 1428 1330 1448 sumus.
1356 1419 1416 1454 Ipse
1440 1420 1513 1448 enim
1535 1426 1586 1446 nec
1602 1419 1628 1446 in
1643 1419 1704 1446 loco

906 1467 943 1494 ita
962 1472 1003 1494 est
1014 1472 1043 1494 ut
1062 1473 1174 1501 usquam
1197 1465 1277 1497 absit,
1296 1465 1337 1492 vel
1350 1473 1384 1492 ex
1399 1464 1461 1491 aliis
1476 1464 1509 1491 ad
1523 1463 1575 1491 alia
1591 1464 1702 1499 migret.

905 1511 975 1546 Quin
992 1512 1047 1539 imo
1060 1512 1162 1544 dicere,
1177 1511 1204 1538 in
1219 1510 1347 1538 omnibus
1371 1510 1459 1545 ipsum
1475 1517 1546 1542 esse,
1563 1510 1635 1544 quod
1652 1509 1704 1536 mi-

907 1566 958 1585 nus
973 1562 1014 1585 est
1035 1557 1095 1592 ejus
1110 1556 1255 1587 inliuitate,
1279 1563 1339 1589 quae
1359 1560 1386 1582 et
1410 1555 1518 1582 excedit
1532 1558 1561 1582 et
1581 1554 1706 1582 continet

907 1603 1044 1629 universa.
1059 1601 1114 1629 Nos
1129 1601 1203 1636 ipsos
1220 1601 1311 1635 itaque
1330 1600 1502 1628 orationibus
1515 1600 1548 1627 ad
1564 1599 1705 1627 sublimio-

907 1657 965 1677 rem
983 1649 1138 1676 divinorum
1155 1648 1387 1682 benignorumque
1398 1647 1536 1674 radiorum
1551 1647 1704 1674 contuitum

907 1701 1107 1729 comparemus.
1125 1693 1359 1726 Quemadmodum
1378 1694 1400 1720 si
1415 1692 1612 1720 lucidissimam
1625 1697 1704 1719 cate-

907 1747 970 1766 nam
982 1747 997 1766 e
1010 1746 1117 1766 summo
1129 1739 1197 1766 coelo
1208 1745 1383 1773 suspensam,
1399 1742 1424 1765 et
1436 1739 1489 1765 huc
1505 1745 1589 1772 usque
1601 1737 1704 1764 demis-

908 1792 979 1818 sam,
995 1784 1121 1812 mauibus
1137 1784 1251 1811 alternis
1267 1784 1293 1811 in
1310 1784 1446 1811 anteriora
1463 1782 1601 1817 protensis
1617 1783 1706 1810 conti-

909 1835 1010 1859 nenter
1028 1831 1224 1865 arriperemus,
1241 1830 1382 1857 attrahere
1403 1829 1511 1863 quidem
1525 1830 1609 1863 ipsam
1627 1829 1705 1856 vide-

910 1883 1014 1907 remur,
1034 1883 1063 1903 re
1077 1880 1167 1903 autem
1185 1883 1248 1903 vera
1260 1883 1312 1902 non
1329 1875 1403 1902 illam
1423 1875 1473 1910 ipsi
1496 1875 1706 1907 deduceremus,

910 1925 939 1949 ut
953 1929 1014 1956 quae
1030 1929 1147 1957 superne
1162 1925 1190 1948 et
1209 1920 1316 1948 inferne
1335 1928 1456 1956 praesens
1474 1925 1557 1952 esset,
1576 1920 1624 1948 sed
1640 1919 1708 1955 ipsi-

911 1973 966 1996 met
985 1969 1071 2003 magis
1087 1968 1121 1995 ad
1141 1967 1315 1995 sublimiores
1335 1967 1473 1995 radiorum
1491 1967 1636 1995 illustrium
1653 1967 1708 1994 ful-

911 2023 992 2050 gores
1018 2015 1206 2042 eveheremur.
1228 2015 1282 2041 Aut
1306 2014 1378 2041 sicut
1406 2013 1429 2041 si
1453 2014 1544 2040 navim
1572 2013 1708 2049 ingressi,

913 2062 1042 2088 rudentes
1065 2069 1097 2088 ex
1113 2065 1190 2095 petra
1207 2060 1326 2095 quadam
1343 2060 1376 2086 ad
1399 2067 1449 2086 nos
1470 2067 1555 2094 usque
1567 2065 1710 2094 porrectos

914 2108 1009 2135 auxilii
1029 2114 1112 2134 causa
1135 2111 1302 2139 teneremus,
1327 2114 1381 2133 non
1407 2105 1441 2132 ad
1466 2113 1515 2133 nos
1527 2110 1645 2140 petram,
1662 2107 1710 2134 sed

914 2155 1038 2188 ucsipsos
1055 2161 1151 2180 revera
1168 2152 1315 2187 navimque
1328 2152 1361 2179 ad
1374 2156 1480 2186 petraut
1493 2152 1709 2179 traducerentus.

950 2201 1124 2235 Quapropter
1148 2203 1213 2226 ante
1236 2199 1340 2231 omnia,
1365 2197 1518 2233 praesertim
1545 2198 1573 2224 in
1595 2199 1709 2233 mystica

916 2247 1063 2281 theologia,
1090 2245 1124 2273 ab
1146 2245 1273 2273 oratione
1303 2244 1497 2279 auspicandum
1521 2248 1563 2271 est
1580 2253 1588 2271 :
1606 2251 1658 2271 non
1681 2248 1711 2271 ut

916 2293 1016 2329 ubique
1027 2297 1055 2321 et
1066 2301 1200 2329 nusquam
1212 2297 1373 2328 praesentem
1387 2293 1515 2320 virtutem
1528 2291 1710 2323 attraliamus,

915 2340 973 2372 sed,
993 2344 1024 2367 ut
1037 2340 1139 2368 divinis
1155 2339 1463 2367 commemorationibus
1478 2338 1712 2366 invocationibus-

920 2396 976 2423 que
992 2396 1042 2416 nos
1057 2389 1130 2423 ipsos
1146 2388 1185 2415 illi
1201 2388 1332 2415 dedamus
1352 2392 1434 2421 atque
1450 2386 1588 2413 uniamus.
1603 2384 1712 2413 Etenim

916 2434 1034 2462 essentia
1051 2434 1094 2461 illa
1109 2435 1132 2467 ί,
1146 2433 1224 2468 cujus
1243 2433 1336 2461 odoris
1351 2433 1476 2460 suavitas
1499 2436 1618 2460 mentem
1632 2439 1712 2466 snpe-

920 2486 973 2512 rat,
989 2479 1024 2507 ab
1038 2480 1125 2515 igneis
1139 2479 1348 2515 pnrissimisque
1372 2478 1508 2506 mentibus
1522 2478 1554 2504 ad
1566 2477 1609 2505 sui
1624 2477 1713 2504 mani-

919 2527 1092 2554 festationem
1118 2534 1167 2562 per
1187 2525 1407 2554 ferventissimas
1435 2525 1577 2552 orationes
1602 2523 1713 2550 invitari

920 2578 1004 2605 amat,
1020 2573 1261 2607 divinissiinasque
1284 2579 1347 2599 suas
1370 2571 1568 2607 inspirationes
1589 2570 1714 2598 luculen-

921 2619 1035 2646 tissimis
1061 2618 1299 2646 distributionibus
1321 2618 1477 2652 impcrtitur
1500 2616 1571 2650 illis,
1596 2616 1643 2651 qui
1671 2615 1713 2643 sic

919 2665 994 2692 illam
1019 2664 1279 2699 supramundialiter
1305 2664 1464 2691 invitarunt.
1495 2662 1543 2690 Est
1569 2662 1641 2690 enim
1666 2661 1713 2688 lux

920 2719 984 2739 vera
1007 2711 1019 2728 ⁸
1037 2719 1097 2746 qua:
1117 2718 1226 2738 onlnem
1246 2715 1363 2738 mentem
1379 2710 1472 2746 implet
1487 2710 1590 2737 lumine
1604 2707 1714 2736 intelle-

920 2758 1103 2791 ctili,omnem
1121 2764 1210 2786 autem
1228 2759 1409 2793 ignorantiam
1422 2763 1450 2785 et
1464 2764 1586 2785 errorem
1601 2763 1635 2783 ex
1650 2761 1712 2781 om—

920 2804 999 2831 nibus
1013 2805 1112 2832 animis
1126 2805 1151 2832 in
1171 2805 1270 2840 quibus
1287 2810 1341 2838 est,
1356 2804 1441 2840 ejicit,
1461 2810 1489 2831 et
1505 2804 1569 2838 ipsis
1584 2801 1714 2830 omnibus

1196 2865 1203 2880 ¹
1226 2864 1263 2892 De
1277 2865 1358 2892 divin.
1373 2872 1442 2892 nom.
1462 2870 1524 2898 cap.
1541 2863 1566 2890 5.
1607 2862 1616 2878 ³
1636 2861 1714 2889 Exi.
