1925 3070
233 171 285 199 105

804 169 832 196 S.
854 167 1039 197 DIONYSIL'S
1058 166 1288 196 AREOPAGITA.

1800 169 1847 196 1οι

229 229 320 257 lumen
335 232 460 256 sanctum
481 229 618 264 impertit,
640 235 790 263 eorumque
804 228 896 255 oculos
912 232 1017 254 menta-
1031 236 1053 263 Α
1068 226 1095 253 in
1114 226 1256 253 animabus
1274 225 1374 252 nostris
1397 226 1506 260 exigant
1519 226 1619 253 habere
1634 226 1684 254 sibi
1701 227 1848 256 conformes

229 275 270 302 les
282 282 296 301 a
311 274 429 308 caligine
443 278 470 301 et
484 274 636 309 ignorantia
661 272 825 301 circumfusa
846 278 975 309 repttrgat
989 279 1017 301 et

229 321 337 352 liberat,
354 325 382 347 et
397 320 500 347 excitat
515 324 596 354 atque
615 319 702 353 aperit
716 319 798 346 multa
813 320 949 354 gravitate
974 324 1016 347 te-

229 366 375 394 nebrarum
397 373 542 401 oppressos
566 370 591 392 et
614 366 719 393 clausos
742 373 749 391 :
772 365 873 400 datque
896 365 1013 400 primum

229 413 339 446 quidem
365 412 529 439 mediocrem
553 411 740 446 splendorem,
769 411 866 438 deinde
888 416 1015 446 tanquam

230 457 373 493 degustato
388 457 499 488 lumine,
514 457 600 484 oculis
610 457 664 491 jam
679 457 764 491 magis
776 461 836 492 post
848 457 1015 491 degustatio-

230 510 292 530 nem
316 502 406 530 lumen
431 502 634 536 appetentibus,
660 503 748 536 magis
777 510 806 530 se
829 502 962 537 impertit,
990 507 1020 529 et

231 548 367 582 copiosius
381 547 502 582 aﬂulget,
525 547 653 581 quoniam
667 547 822 574 dilexerunt
837 548 967 580 multum;
983 555 1015 576 ac

230 600 339 627 semper
353 593 465 620 ulteritts
485 592 612 627 provehit
635 593 808 627 proportione
825 594 908 620 studii
922 602 1016 621 eorum

231 640 264 666 ad
279 639 463 673 aspiciendttm
479 647 597 666 sursum.
616 639 723 666 Etenim
739 640 750 655 ⁸
772 640 844 667 sicut
863 640 1016 675 ignorantia

231 690 355 712 errantes
381 685 493 719 dirimit,
518 686 558 712 sic
581 686 714 713 adventus
737 685 848 719 luminis
871 692 1019 722 congregat

231 734 260 757 et
275 730 383 764 copulat
409 730 587 763 illuminatos,
613 730 772 764 perficitque
793 738 852 764 eos,
876 737 905 758 et
931 732 965 759 ad
991 732 1018 759 id

232 777 303 812 quod
317 784 378 804 vere
394 782 435 804 est
449 777 594 810 convertit,
610 785 623 804 a
638 777 727 805 tttultis
745 777 950 812 opinationibus
972 786 1020 806 eos

231 831 374 855 revocans,
390 831 423 851 ac
439 824 529 850 varios
544 829 679 858 aspectus,
693 825 747 858 vel,
764 831 793 851 ut
809 824 895 860 magis
909 825 1019 860 proprie

231 869 329 900 dicam,
343 869 416 895 varia
430 869 456 895 in
471 877 552 896 unam
567 877 658 896 veram
671 875 698 897 et
711 877 807 904 puram
819 878 850 898 ac
866 871 1018 905 simplicem

1071 279 1120 306 per
1135 272 1276 302 virtutem.
1299 272 1518 305 incorruptibiles
1543 273 1686 307 imagines.
1707 272 1847 300 lneircum-

1070 317 1202 351 scriptum
1219 317 1291 344 enitn
1312 316 1376 344 illud
1395 314 1502 344 virtutis
1519 317 1660 346 deiformis
1679 319 1848 346 simulacrum

1071 363 1124 389 rite
1139 363 1300 390 imitandum
1312 367 1363 394 est,
1384 367 1414 390 ut
1432 364 1563 398 spiritalis
1578 371 1610 391 ac
1626 365 1751 400 fragrans
1767 365 1849 400 ipsum

1070 409 1172 437 referat
1193 409 1377 444 pulchritudo.
1398 417 1511 444 seseque
1532 410 1630 438 formet
1651 416 1678 438 et
1698 412 1803 446 etlingat
1818 412 1850 439 ad

1068 455 1279 491 pulcherrimam
1291 457 1350 491 ejus
1370 456 1561 486 imitationem.
1583 457 1616 484 Et
1634 458 1705 485 sicut
1719 459 1744 485 in
1760 459 1850 494 imagi-

1070 501 1151 528 nibus
1175 501 1330 534 sensilibus,
1356 502 1378 529 si
1402 501 1491 536 pictor
1508 503 1542 529 ad
1559 503 1713 537 prima‘vam
1738 504 1850 539 speciem

1070 551 1226 574 constanter
1240 547 1371 580 intendat,
1388 547 1459 574 nulla
1473 555 1503 575 re
1515 548 1566 574 alia
1581 549 1680 575 visibili
1697 549 1849 581 distractus,

1069 601 1160 628 neque
1171 594 1319 621 secundum
1335 593 1474 628 quidpiam
1492 595 1604 624 divisus.
1619 595 1692 622 illum
1705 596 1790 630 ipsutn
1806 597 1850 631 qui

1071 639 1258 675 depingendus
1273 645 1323 673 est,
1338 641 1359 668 si
1375 641 1412 667 ita
1432 641 1523 668 dicere
1544 642 1632 673 liceat,
1657 643 1851 676 quodammodo

1069 685 1224 720 replicabit,
1240 689 1320 720 atque
1345 686 1488 720 ipsammet
1511 687 1652 714 veritatem
1676 688 1702 714 in
1727 688 1852 716 similitu-

1071 731 1143 765 dine,
1168 737 1196 759 et
1218 732 1394 767 archetypum
1418 733 1444 759 in
1471 733 1590 768 imagine
1617 733 1764 768 exprimet,
1786 735 1852 762 alte-

1070 785 1186 813 rumque
1218 779 1245 805 in
1273 779 1358 806 altero
1382 779 1450 807 citra
1485 779 1646 807 substantia:
1672 780 1851 809 differentiam

1070 824 1186 857 referet;
1205 825 1244 852 sic
1265 825 1390 861 mysticis
1412 826 1438 852 in
1473 831 1562 853 mente
1584 826 1735 860 pictoribus
1757 835 1852 854 suave-

1072 869 1170 897 olentis
1183 875 1210 897 et
1225 878 1331 898 arcana:
1343 871 1661 905 pulchritudinisintenta
1674 877 1852 906 constansque

231 915 412 950 cognitiOncm
429 915 576 949 contrahit,
591 920 618 943 et
633 923 687 943 uno
710 916 812 944 lumine
838 917 939 944 unitico
967 917 1019 945 im-
1034 912 1054 940 Β
1070 915 1260 950 contemplatio
1277 915 1448 943 infallibilem
1469 916 1544 944 iudet
1567 917 1738 953 maximeque
1752 918 1851 946 deifor-

230 962 295 997 plet.

265 1006 350 1035 Porro
373 1007 463 1035 lumen
482 1008 532 1035 hoc
553 1008 682 1035 uniticum
698 1008 847 1044 accipimus
869 1015 918 1044 per
935 1009 1017 1037 Chri-

230 1057 301 1080 stum
314 1053 335 1086 ',
349 1055 394 1088 qui
412 1058 523 1089 paterna
539 1055 586 1081 (tu;
598 1060 641 1082 est
656 1063 728 1088 vera,
742 1063 800 1090 qua
814 1055 948 1082 illuminat
960 1063 1017 1081 om-

229 1107 288 1126 nem
313 1099 444 1126 hominem
469 1100 613 1128 venientem
640 1101 669 1127 in
695 1100 763 1128 hunc
785 1101 912 1128 mundum
925 1101 947 1132 ⁸,
971 1108 1018 1135 per

230 1153 310 1180 quem
331 1145 364 1172 ad
380 1146 512 1180 originem
527 1146 594 1174 lttcis
619 1146 725 1174 Patrem
741 1154 880 1174 accessum
899 1147 1019 1174 obtinui-

230 1198 303 1218 mus.
319 1189 369 1218 Hic
383 1195 425 1218 est
438 1191 484 1225 qui
498 1192 597 1218 tnetttis
611 1192 719 1226 quidem
742 1197 842 1219 nostrae
865 1192 1018 1220 obscuritau

231 1242 286 1266 tem
301 1239 311 1254 ⁷
326 1238 406 1266 beato
426 1239 572 1273 divinoqtte
593 1238 694 1266 lumine
713 1238 837 1274 replevit,
860 1238 1018 1266 deformita-

230 1289 341 1319 temque
360 1291 480 1313 nostram
508 1286 685 1313 deiformibus
704 1287 873 1314 ornamentis
899 1287 1017 1314 illustra-

229 1328 281 1361 vit,
308 1330 392 1356 animi
414 1333 503 1357 autem
527 1329 692 1357 domicilium
712 1338 773 1358 eum
791 1331 910 1365 perfecta
931 1331 1019 1359 salute

230 1375 356 1403 essentiaa
380 1381 539 1411 naturzequc
559 1381 679 1409 nostrai,
706 1384 766 1412 quae
789 1379 876 1405 ferme
901 1378 1017 1412 collapsa

230 1425 291 1448 erat
314 1425 343 1448 et
361 1421 530 1454 conciderat,
551 1421 709 1450 ftedissimis
734 1423 887 1458 quibusque
912 1425 1018 1457 passio-

230 1467 312 1494 nibus
327 1470 409 1501 atque
432 1467 648 1502 inquinamentis
671 1468 760 1495 noxiis
782 1468 918 1502 liberavit,
941 1476 1017 1497 coni-

230 1517 384 1540 monstrata
402 1513 480 1540 nobis
492 1513 721 1547 supermundialis
735 1521 863 1550 anagogze
875 1522 907 1542 ac
920 1515 1017 1542 divina:

230 1559 294 1585 vita
309 1567 416 1592 norma,
429 1567 478 1594 per
489 1566 568 1594 quam
585 1559 619 1586 ad
639 1567 732 1586 sacras
746 1558 804 1593 ejus
816 1560 1017 1593 similitudines,

231 1605 322 1639 quoad
348 1604 405 1639 ejus
428 1605 485 1633 fieri
508 1610 608 1640 potest,
631 1606 791 1633 evehamur.
817 1605 932 1634 Unicum
945 1607 1017 1633 enim

229 1650 297 1678 illud
311 1650 323 1666 '
336 1658 367 1678 ac
391 1651 504 1686 sintplex
527 1659 711 1687 arcanumque
733 1650 798 1679 Jesu
815 1652 932 1679 Verbum
948 1653 1019 1680 divi-

230 1695 371 1723 nissimutn
394 1703 442 1731 per
460 1696 674 1731 assutnptionem
698 1697 876 1726 humanitatis
899 1703 1016 1730 nostrae,

228 1742 258 1768 in
271 1742 495 1776 compositionem
511 1741 594 1768 simul
607 1747 633 1770 et
653 1747 809 1777 aspectum,
831 1744 892 1771 sine
907 1744 959 1771 ttlla
974 1743 1016 1773 sui

229 1787 430 1820 immutatione,
446 1795 494 1822 pro
515 1795 563 1815 sua
584 1789 706 1817 bonitate
716 1790 936 1826 benignitateque
951 1799 1016 1825 pro-

229 1833 332 1867 cessit,
359 1834 499 1868 nostrique
524 1842 617 1862 secum
643 1836 771 1864 unificam
796 1838 1015 1866 communionem

228 1879 348 1907 beneﬁce
361 1881 537 1916 excogitavit,
553 1888 585 1908 ea
601 1888 660 1916 qua:
676 1881 702 1909 in
717 1883 794 1910 nobis
810 1883 924 1910 humilia
941 1888 1014 1918 sunt,

229 1926 407 1953 divinissimis
422 1927 477 1954 suis
496 1927 593 1954 uniens
608 1928 788 1961 excellentiis,
803 1933 833 1956 ut
843 1934 869 1956 et
884 1937 934 1957 nos
949 1931 1013 1965 ipsi,

228 1978 358 2008 tanquam
379 1975 499 2002 membra
522 1975 642 2009 corpori,
666 1982 715 2010 per
736 1975 854 2010 ejusdem
880 1977 1014 2005 immacu-

228 2019 289 2047 lata:
311 2027 342 2047 ac
361 2020 459 2047 divinae
483 2021 545 2047 vitre
567 2021 737 2048 idetttitatettt
762 2029 942 2056 congruamus
956 2044 964 2056 ,
980 2031 1013 2051 ne

228 2066 450 2100 eorruptibilibus
465 2066 553 2093 necati
578 2067 766 2101 passionibus,
783 2068 882 2096 divinis
897 2069 956 2096 istis
968 2077 1012 2096 sa-

227 2112 403 2147 nissintisque
418 2114 547 2141 membris
565 2114 723 2150 incongrui,
746 2115 860 2150 vitatque
872 2115 1014 2150 iticapaces

228 2159 385 2186 existamus.

263 2204 376 2239 Oportet
390 2204 471 2239 igitur
484 2212 545 2238 nos,
558 2205 582 2233 si
593 2205 626 2233 ad
638 2207 858 2234 communionem
872 2200 930 2241 eius
942 2207 1013 2242 aspi-

1069 967 1140 987 niem
1157 961 1386 996 imaginationem.

1104 1005 1201 1034 Merito
1217 1007 1309 1042 itaque
1330 1008 1436 1043 mystici
1460 1008 1590 1042 pictores,
1608 1009 1715 1044 quando
1737 1014 1852 1038 mentem

1070 1059 1146 1079 suam
1162 1053 1195 1080 ad
1215 1053 1469 1088 superessentialem
1493 1053 1565 1081 illam
1587 1054 1752 1090 fragrantent
1774 1057 1854 1091 spiri-

1070 1098 1207 1134 talemque
1235 1099 1463 1134 pulchritudinem
1500 1105 1658 1128 constanter
1687 1101 1851 1137 etformant,

1070 1145 1170 1172 nullam
1184 1145 1313 1172 virtutent
1329 1153 1420 1172 earum
1436 1153 1495 1181 qute
1506 1146 1540 1174 iis
1553 1147 1656 1180 insunt,
1671 1153 1765 1182 agunt,
1781 1153 1807 1176 ut
1819 1150 1853 1177 ab

1070 1191 1235 1225 hominibus,
1249 1191 1319 1219 sicut
1333 1192 1463 1226 scriptum
1475 1197 1529 1225 est,
1544 1193 1702 1226 videantur,
1718 1193 1764 1221 sed
1777 1195 1854 1229 quid-

1069 1235 1134 1270 quid
1156 1236 1182 1262 in
1209 1236 1311 1263 virtute
1330 1244 1436 1263 sacrum
1460 1243 1491 1264 ac
1516 1237 1637 1265 maxime
1656 1238 1785 1265 deiforme
1801 1244 1854 1272 est,

1070 1281 1141 1308 intra
1153 1286 1271 1309 mentem
1285 1289 1372 1315 suam,
1394 1289 1453 1316 qua:
1467 1282 1500 1309 ad
1522 1282 1666 1317 imaginem
1688 1287 1715 1310 et
1728 1283 1855 1311 similitu-

1070 1326 1160 1354 dinem
1182 1327 1229 1354 Dei
1255 1327 1326 1355 facta
1349 1333 1410 1359 est,
1435 1328 1614 1355 recondentes
1641 1329 1673 1355 ad
1696 1330 1853 1363 primaevam

1070 1373 1203 1400 duntaxat
1226 1373 1345 1408 speciem
1370 1378 1453 1409 atque
1472 1373 1677 1407 intelligentiam
1702 1375 1852 1402 intuentur.

1069 1419 1162 1454 Neque
1181 1420 1254 1447 enint
1273 1421 1359 1448 solum
1374 1419 1516 1448 dissimilia
1533 1420 1635 1455 vident,
1652 1420 1698 1450 sed
1712 1428 1745 1450 ne
1760 1421 1792 1450 ad
1807 1429 1855 1451 co-

1069 1472 1129 1492 rum
1147 1465 1256 1500 quidem
1273 1471 1412 1501 aspectum
1429 1467 1633 1501 pertrahuntur.
1659 1467 1853 1501 Quamobrem,

1070 1510 1141 1537 sicut
1153 1518 1200 1538 eos
1212 1511 1301 1544 decet,
1315 1519 1368 1538 non
1383 1520 1414 1538 ea
1440 1519 1500 1547 quzc
1529 1517 1631 1540 temere
1652 1510 1790 1546 videntur,
1806 1516 1855 1542 sed

1069 1564 1130 1591 qua:
1147 1557 1292 1592 verejusta
1307 1562 1369 1585 sunt
1380 1565 1411 1584 ac
1424 1557 1505 1590 bona,
1519 1558 1635 1594 diligunt
1651 1567 1658 1585 :
1673 1567 1761 1594 neque
1773 1561 1854 1587 istant

1070 1606 1196 1637 spectant
1221 1603 1332 1638 gloriam
1360 1611 1420 1638 qua:
1441 1604 1500 1631 sine
1521 1605 1625 1631 rati0ne
1655 1604 1735 1640 vulgo
1754 1606 1855 1640 pasam

1069 1649 1148 1676 beata
1164 1650 1336 1684 praedicatur,
1348 1650 1394 1677 sed
1410 1649 1559 1677 imitatione
1572 1650 1618 1678 Dei
1630 1650 1728 1678 bonttm
1745 1651 1857 1678 malum.

1068 1702 1122 1730 que
1135 1702 1184 1730 per
1199 1703 1227 1722 se
1252 1695 1422 1730 iudicantes,
1444 1695 1535 1722 divina
1560 1697 1682 1731 qumdam
1706 1697 1855 1724 simulacra

1068 1739 1137 1767 ﬁunt
1152 1741 1231 1768 istius
1245 1739 1404 1776 fragrantia:
1428 1741 1545 1773 divinae,
1570 1749 1630 1776 qum
1652 1741 1752 1769 bonum
1775 1743 1802 1769 in
1825 1751 1857 1771 se

1067 1786 1177 1813 odorem
1191 1794 1255 1814 vere
1273 1787 1426 1820 continens,
1445 1787 1479 1814 ad
1492 1786 1558 1814 illud
1573 1788 1644 1822 quod
1658 1788 1738 1824 vulgo
1752 1790 1855 1824 passim

1067 1831 1238 1867 inaequaliter
1270 1837 1401 1867 apparet,
1439 1842 1577 1868 nunquam
1605 1835 1789 1868 convertitur,
1826 1836 1856 1863 in

1066 1879 1138 1906 veris
1151 1879 1207 1906 suis
1221 1879 1381 1913 imaginibus
1392 1881 1546 1914 exprimens
1559 1881 1708 1909 veritatem.

1102 1924 1171 1952 llinc
1186 1925 1207 1940 ”
1223 1926 1246 1952 si
1264 1934 1340 1953 more
1360 1927 1478 1953 humano
1496 1934 1527 1954 ea
1551 1935 1609 1962 qua:
1623 1935 1703 1962 supra
1719 1937 1768 1956 nos
1789 1934 1858 1957 sunt

1066 1971 1241 2006 accipiamus,
1255 1976 1282 1999 et
1296 1971 1476 2000 familiaribus
1489 1974 1565 2000 nobis
1582 1975 1704 2003 sensibus
1719 1976 1856 2003 inhaerea-

1066 2026 1137 2052 mus,
1152 2023 1232 2053 atque
1242 2018 1330 2046 divina
1342 2027 1402 2046 cum
1420 2021 1518 2047 nostris
1528 2021 1708 2054 conferamus,
1723 2021 1855 2055 fallimur,

1066 2063 1087 2091 si
1099 2065 1246 2091 secundum
1260 2064 1286 2091 id
1296 2065 1366 2098 quod
1377 2064 1477 2092 deforis
1487 2071 1608 2100 apparet,
1621 2067 1760 2101 mysticam
1773 2074 1857 2094 arca-

1066 2116 1182 2143 namque
1192 2109 1353 2144 theologiam
1369 2110 1526 2142 metiamur;
1540 2118 1600 2137 cum
1612 2110 1682 2138 scire
1692 2111 1856 2146 delicatum,

1066 2158 1181 2181 ntentetn
1206 2155 1315 2188 quidem
1341 2159 1462 2182 nostram
1485 2155 1587 2189 pollere
1613 2155 1640 2182 vi
1663 2148 1855 2191 intelligendi,

1065 2207 1116 2234 qua
1129 2207 1172 2227 res
1191 2200 1361 2228 intellectiles
1374 2201 1425 2236 ipsi
1439 2202 1661 2236 proportionatas
1676 2207 1855 2236 contucatur,

228 2258 336 2284 remus,
351 2250 547 2278 dit'ittissimam
565 2251 624 2286 ejus
645 2253 673 2279 in
692 2260 773 2280 carne
797 2253 879 2280 vitam
894 2259 1013 2281 content-

1068 2251 1158 2273 tamen
1183 2247 1261 2273 istatn
1285 2246 1424 2280 unionem,
1447 2255 1499 2281 qua
1525 2247 1607 2274 rebus
1618 2254 1647 2274 se
1663 2248 1857 2281 superioribus

227 2297 307 2332 ptari,
318 2300 399 2330 atque
416 2301 538 2323 sanctam
555 2297 641 2331 ipsius
652 2298 858 2331 impeccantiam
873 2298 1014 2332 imitamlo,

228 2343 261 2369 ad
274 2342 486 2369 deiformitatem
507 2346 534 2369 et
558 2342 760 2370 immaculatum
782 2347 882 2370 statutn
900 2350 1013 2371 conten-

228 2388 303 2414 dere.
317 2387 374 2414 llac
396 2395 512 2422 namque
533 2388 653 2421 ratione,
677 2392 758 2421 prout
779 2389 858 2416 nobis
877 2390 1012 2424 congruit,

228 2435 431 2462 similitudinem
451 2443 526 2461 suam
538 2434 762 2462 commutticabit.

262 2480 392 2508 Czeterutn
416 2480 540 2516 mysticis
559 2480 692 2515 tlteologis
706 2480 856 2508 obvelanda
877 2484 920 2507 est
934 2488 1010 2508 men-

228 2526 262 2553 tis
275 2526 405 2553 sanctitas
422 2530 503 2560 atque
525 2526 675 2561 fragrantia
687 2526 709 2558 9,
736 2533 797 2553 cuni
817 2526 945 2554 divinitus
960 2528 1009 2554 viri

227 2571 313 2598 sancti
323 2571 479 2605 jubeantur,
493 2579 547 2598 non
563 2572 597 2598 ad
615 2579 709 2598 vanam
722 2571 833 2606 gloriam
848 2577 1010 2607 apparentes

227 2617 319 2644 arcani
339 2617 386 2644 Dei
400 2617 527 2651 pulchras
541 2625 573 2644 ac
595 2617 747 2652 fragrantes
763 2617 864 2645 habere
884 2618 1010 2646 similitu-

226 2663 313 2690 dines.
333 2662 471 2697 Siquidcm
486 2670 584 2690 arcana
605 2663 652 2690 Dei
678 2663 786 2694 decora,
803 2671 920 2699 quorum
942 2672 1009 2691 sua-

224 2709 296 2735 vitas
307 2708 473 2735 intcllectum
492 2713 614 2743 superat,
633 2716 743 2743 prorsus
757 2713 819 2736 sunt
834 2709 1008 2741 intemerata,

225 2754 342 2789 solisque
354 2754 419 2782 viris
431 2754 598 2789 spiritalibus
605 2755 764 2789 spiritaliter
778 2760 922 2790 apparent,
937 2755 1008 2789 quod

263 2848 273 2863 ⁸
289 2848 326 2876 De
339 2848 420 2884 divin.
436 2856 505 2875 nom.
522 2855 547 2875 c.
560 2847 587 2880 ι,
599 2848 648 2884 §6.

686 2849 696 2864 ⁸
712 2848 775 2876 Caci.
791 2850 857 2876 Itier.
870 2855 929 2879 cap.
941 2849 966 2878 l.
977 2848 992 2882 §
1002 2847 1030 2874 ‘2.

226 2883 240 2918 §
255 2884 295 2911 li.
331 2885 341 2900 ν
351 2883 422 2911 Eccl.
433 2884 510 2919 hicn,
524 2890 583 2919 cap.
598 2880 625 2918 ἕ,
638 2889 762 2919 partem,
780 2884 828 2919 §t.
848 2883 869 2899 ¹⁰
877 2880 998 2910 Βσαενῆι
1009 2890 1092 2914 nom.,
1105 2889 1163 2917 cap.
1177 2881 1204 2916 7,
1217 2880 1231 2916 §
1245 2881 1267 2908 ι.

1065 2291 1249 2327 coniungitur,
1262 2298 1388 2319 naturam
1403 2292 1487 2327 ipsius
1501 2292 1579 2326 longe
1595 2299 1734 2326 superare.
1748 2293 1857 2320 Secun-

1066 2338 1128 2365 dum
1146 2339 1216 2366 hanc
1231 2339 1323 2374 itaque
1337 2341 1463 2367 unionem
1479 2340 1569 2367 divina
1590 2339 1636 2366 illa
1654 2341 1767 2375 mystica
1787 2346 1857 2368 sunt

1066 2383 1252 2420 intelligenda,
1276 2393 1329 2413 non
1354 2393 1428 2412 more
1455 2390 1558 2418 nostro,
1575 2385 1623 2412 sed
1647 2391 1781 2420 quatenus
1802 2394 1856 2414 nos

1065 2430 1113 2464 ipsi
1139 2435 1210 2458 totos
1225 2439 1275 2459 ttos
1293 2439 1307 2457 a
1325 2431 1403 2458 nobis
1429 2431 1550 2458 totaliter
1566 2432 1733 2463 ahdicanuts,
1758 2437 1786 2459 et
1803 2434 1855 2460 toti

1064 2480 1209 2506 transimus
1226 2479 1251 2505 in
1278 2478 1374 2510 Deum,
1396 2483 1425 2505 ut
1448 2486 1508 2505 cum
1525 2478 1654 2513 Apostolo
1681 2488 1744 2507 vere
1758 2480 1857 2508 dicere

1062 2524 1218 2559 possimus:
1241 2523 1304 2550 Vivo
1326 2531 1386 2557 ego,
1400 2523 1459 2558 jam
1470 2531 1519 2550 non
1533 2532 1591 2559 ego,
1615 2525 1673 2551 vivit
1692 2525 1788 2551 veroin
1811 2532 1856 2551 me

1062 2569 1183 2596 Christus
1197 2569 1229 2596 υ.
1252 2568 1317 2602 Quae
1333 2577 1383 2596 vox
1399 2574 1440 2596 est
1454 2568 1508 2595 veri
1531 2570 1661 2598 amatoris
1684 2570 1729 2604 qui
1750 2576 1855 2596 exces—

1061 2621 1134 2644 serat
1148 2624 1164 2644 c
1178 2624 1207 2644 se
1227 2617 1292 2649 Deo,
1308 2621 1335 2643 et
1351 2623 1404 2642 non
1415 2615 1471 2650 jam
1488 2617 1572 2643 vitam
1586 2624 1673 2648 suam,
1689 2616 1734 2643 sed
1751 2617 1854 2648 amnti,

1061 2668 1188 2698 tanquam
1219 2663 1394 2690 vehementer
1419 2662 1565 2696 dilectam,
1602 2662 1728 2689 viventis.
1753 2661 1856 2696 Itaque

1059 2708 1138 2743 Iunge
1153 2713 1264 2743 prrestat
1282 2716 1331 2736 nos
1348 2709 1394 2736 Dei
1411 2717 1471 2737 esse
1486 2716 1565 2743 quam
1582 2713 1706 2740 nostros;
1719 2708 1759 2735 sic
1772 2707 1855 2735 enim

1059 2755 1150 2782 divina
1167 2755 1246 2782 nobis
1268 2755 1327 2783 dari
1344 2759 1481 2789 poterunt,
1508 2755 1530 2782 si
1558 2762 1618 2782 cttm
1642 2754 1695 2781 Deo
1712 2753 1857 2782 fuerimus

1735 2841 1854 2876 'lbia.,

1069 2846 1169 2873 'Joan.
1183 2845 1242 2877 t,9.
1281 2846 1291 2861 ⁷
1310 2845 1382 2872 Eccl.
1397 2845 1475 2875 hiatu,
1497 2850 1557 2880 cap.
1571 2844 1598 2877 5,
1627 2843 1696 2880 5H.

1308 2880 1328 2896 “
1341 2880 1401 2908 Gal.
1415 2888 1445 2913 tt,
1460 2874 1517 2908 2οῘ
