1925 3070
83 167 133 195 105

755 163 1019 192 PROLEGOMENA.

1640 160 1690 189 106

79 227 228 262 conjuncti.
252 226 328 255 Hanc
349 232 440 255 autem
464 226 587 254 intimam
602 225 820 260 coniunctionem
836 226 857 242 ι’
871 229 895 257 Α
911 225 993 252 Deum
1020 230 1081 252 cum
1112 228 1204 250 amore
1230 220 1333 254 integre
1356 219 1506 252 convertit,
1542 219 1694 253 incompre-

80 267 246 309 acquirimus
263 281 311 309 per
325 273 413 301 vivam
427 273 588 308 fidem,quae
598 278 640 300 est
655 277 784 300 constans
796 272 860 300 fide-

80 319 143 348 lium
157 320 368 352 ﬁrmamentum,
383 324 411 347 et
426 319 521 346 fundat.
536 326 585 346 nos
598 318 624 345 in
640 318 767 350 Veritate,
779 323 861 352 atque

80 367 108 393 in
136 366 215 393 nobis
238 366 391 396 veritatem.
419 366 481 392 dum
504 364 698 392 indissuasibili
722 364 861 391 identitate

80 411 229 446 simplicem
254 411 378 438 veritatis
400 410 584 445 cognitionem
600 410 754 437 obtinemus
771 417 860 436 rerum

79 457 285 485 credendarum.
310 455 378 483 Nam
402 456 424 483 si
451 455 570 490 cognitio
595 463 638 483 res
661 455 785 489 cognitas
800 462 860 482 eum

80 503 306 539 cognoscentibus
320 504 391 534 unit,
408 503 542 538 ignoratio
553 510 618 530 vero
630 502 764 537 ignoranti
778 509 861 530 causa

79 554 120 576 est
127 553 157 576 ut
164 556 271 583 semper
279 553 374 581 mutet,
385 554 466 581 atque
475 556 489 575 a
499 548 792 583 semelipsodiscrepet,
799 556 861 576 eum

79 595 122 630 qui
133 596 221 623 credit
232 596 258 623 in
274 595 485 630 veritate,juxta
499 596 680 630 Scripturam,
694 595 760 623 nihil
772 604 786 623 a
798 603 861 623 vero

80 641 141 669 fidei
154 641 331 669 fundamento
343 640 499 674 dimovebit,
514 641 540 668 in
551 649 605 676 quo
619 641 798 668 constantiam
813 642 863 668 ha-

78 687 151 714 bebit
158 686 302 714 immobilis
310 692 336 714 et
344 686 518 714 immutabilis
525 687 684 714 identitatis.
692 686 779 714 Probe
788 695 863 714 nam-

78 737 131 764 que
139 731 213 757 novit
221 731 344 766 quisquis
356 733 447 758 unitus
455 735 496 759 est
504 731 622 763 veritati,
635 739 716 766 quam
724 732 792 759 bene
804 739 863 760 sese

81 776 190 808 habeat,
205 777 330 811 quamvis
344 784 405 804 eum
426 777 503 804 multi
518 781 547 804 ut
570 781 707 804 amentem
735 782 860 813 arguant.

77 821 157 849 Latet
170 823 241 849 enim
255 822 325 854 illos,
339 823 378 849 uti
405 829 454 857 par
477 828 530 855 est,
552 830 614 849 eum
641 830 690 857 per
713 830 784 850 verte
801 822 861 850 fidei

77 869 220 897 veritatem
250 876 282 896 ex
308 876 400 896 errare
417 868 662 902 excessisse:ipse
684 873 774 896 autem
799 875 863 896 vere

76 914 197 941 novitse
211 921 274 946 non,
299 918 329 941 ut
353 913 389 941 illi
417 913 582 947 fabulantur,
611 913 742 947 insanire,
757 914 804 941 sed
828 913 862 940 ab
878 903 898 931 Β

77 959 198 987 instabili
221 959 398 994 mutabilique
423 960 578 987 omnimode
591 959 707 986 errantis
723 959 862 986 varietatis

77 1004 217 1036 motione,
245 1011 293 1039 per
318 1003 468 1038 simplicem
490 1004 562 1031 circa
586 1005 680 1031 eadem
709 1012 816 1038 semper
835 1009 862 1031 et

75 1051 172 1077 eodem
188 1051 266 1077 modo
278 1057 307 1077 se
322 1050 463 1077 habentem
481 1050 620 1077 veritatem
634 1058 693 1078 esse
707 1050 860 1078 liberatum.

76 1095 136 1123 Hoc
149 1095 228 1123 modo
243 1095 322 1131 primi
337 1096 436 1123 divina:
452 1096 593 1131 sapientiae
612 1101 711 1123 nostrae
725 1097 862 1130 professo-

75 1149 122 1168 res
135 1148 185 1176 pro
200 1142 314 1169 veritate
327 1142 446 1176 quotidie
459 1142 654 1175 moriebantur,
673 1143 860 1174 testificantes,

74 1187 118 1214 uti
130 1195 180 1222 par
195 1192 245 1220 est,
263 1192 291 1215 et
303 1195 428 1215 sermone
444 1193 471 1216 et
494 1195 586 1223 opere,
609 1188 774 1222 singularem
789 1188 861 1215 illam

74 1232 240 1260 Christianae
262 1233 385 1260 veritatis
399 1233 578 1268 agnitionem,
592 1233 713 1260 omnium
727 1241 786 1261 esse
800 1237 861 1261 eum

74 1278 324 1313 simplicissimum,
341 1283 396 1305 tum
414 1279 623 1312 divinissimam;
651 1278 705 1306 imo
729 1279 818 1314 potius
840 1278 862 1294 “

74 1324 151 1351 hanc
177 1324 262 1351 solam
294 1331 354 1352 esse
381 1331 473 1351 veram
499 1329 581 1358 atque
603 1324 710 1351 unicam
732 1324 862 1359 simplicis

74 1370 125 1397 Dei
145 1370 278 1398 notitiam.
291 1369 339 1398 Est
352 1370 423 1398 enim
438 1368 603 1398 divinissima
619 1370 666 1398 Dei
690 1371 784 1398 notitia
804 1378 863 1405 quae

73 1422 127 1451 per
154 1415 332 1444 nescientium
357 1416 504 1452 accipitur,
535 1417 683 1444 secundum
705 1416 789 1449 illam,
804 1423 863 1451 quae

72 1469 161 1497 supra
184 1462 349 1503 intellectum
368 1467 426 1495 est,
446 1463 584 1496 unionem,
600 1462 708 1498 quando
733 1462 862 1489 nimirum

73 1516 157 1535 meus
176 1516 190 1535 a
208 1502 288 1535 rebus
310 1509 437 1535 omnibus
458 1509 597 1541 recedens,
621 1516 653 1536 ac
667 1513 747 1535 totam
764 1512 863 1535 semet-

73 1556 165 1590 ipsam
190 1555 329 1586 deserens,
352 1555 469 1590 desuper
488 1554 648 1590 fulgentibus
663 1555 745 1582 radiis
759 1555 860 1587 unitur,

72 1604 178 1638 quibus
192 1604 218 1631 in
244 1603 290 1631 illo
306 1603 474 1631 inscrutabili
491 1603 632 1638 sapientiae
659 1602 791 1639 profundo
806 1602 862 1631 eol-

71 1649 221 1678 lustratur.

364 1718 476 1747 CAPUT
496 1718 552 1746 Vll.

72 1787 218 1821 Quomodo
237 1787 366 1814 mirabilis
386 1787 434 1814 illa
456 1788 572 1823 mystica!
593 1787 728 1823 theoiogite
754 1787 817 1814 ωιῐο
835 1788 863 1814 in

338 1823 427 1849 anima
443 1823 594 1858 perﬁciatur
601 1844 608 1853 .

113 1877 334 1906 Sublimissimus
349 1886 440 1906 rerum
459 1879 634 1915 mysticarum
648 1878 795 1913 interpres,
810 1878 863 1905 Lu-

68 1923 192 1951 dovicus
222 1922 348 1954 Blosius,
381 1923 407 1950 in
433 1922 602 1950 Institutione
629 1930 677 1951 sua
708 1923 861 1957 spirituali,

66 1977 139 2005 cap.
160 1969 211 2001 l2,
229 1968 243 2005 §
267 1969 294 2001 2,
311 1969 402 1996 divina
427 1977 540 2004 prorsus
561 1969 666 1997 ratione
687 1969 767 2002 hanc,
782 1977 861 2003 quam

67 2019 209 2048 expertus
227 2014 327 2048 fuerat,
351 2015 472 2050 mysticae
501 2015 642 2050 theologia:
666 2015 791 2042 unionem
816 2016 863 2042 de-

66 2061 214 2094 scribens,
229 2060 315 2093 Felix,
340 2060 438 2094 inquit,
466 2060 511 2087 illa
541 2061 643 2094 anima,
669 2069 729 2096 quae
751 2060 861 2096 puritati

67 2107 181 2138 cordis,
201 2109 356 2140 sanctaque
377 2105 570 2133 introversioni
591 2106 692 2140 jugiter
713 2106 814 2138 studet,
835 2110 863 2133 et

66 2152 184 2188 privato
196 2152 294 2184 amori,
310 2159 356 2179 seu
381 2151 495 2186 propriae
517 2152 667 2184 voluntati,
692 2153 862 2187 propriaeque

67 2198 233 2234 (ιιιεείιὶοηί
256 2204 370 2232 prorsus
390 2197 538 2224 renuntiat.
560 2197 623 2224 “me
644 2198 716 2224 enim
732 2198 818 2232 magis
831 2205 863 2225 ac

68 2244 167 2278 magis
182 2243 237 2270 Deo
252 2243 470 2278 appropinquare
493 2247 624 2270 meretur.
650 2242 770 2270 Tandem
798 2250 862 2270 vero

65 2288 264 2325 superioribus
280 2287 338 2322 ejus
362 2288 465 2315 viribus
484 2287 574 2314 divina
597 2288 683 2322 gratia
702 2288 859 2320 sublevatis,
877 2278 899 2306 Ῑ)

64 2335 235 2365 clarificatis
247 2338 275 2361 et
286 2333 432 2365 exornatis.
443 2333 574 2360 unitatem
587 2333 789 2368 nuditatemque
804 2334 860 2369 spi-

63 2383 146 2411 ritus
163 2380 278 2411 obtinet,
298 2384 326 2406 et
340 2387 436 2414 purum
451 2384 532 2414 atque
554 2379 717 2414 indepictum
731 2386 861 2413 amorem,

61 2427 283 2462 simplicemqne
297 2426 489 2460 cogitationem
501 2445 509 2458 ,
532 2431 591 2460 qua:
606 2425 800 2460 cogitationum
813 2433 862 2453 ex-

60 2480 138 2510 pers
152 2477 207 2505 est,
233 2472 401 2508 adipiscitur.
427 2470 486 2498 Jam
509 2471 600 2506 itaque
625 2478 686 2498 cum
706 2471 863 2498 excellentis

61 2518 278 2552 indicibilisque
289 2517 382 2552 gratia:
399 2517 445 2544 Dei
461 2517 495 2544 sil
512 2524 616 2552 capax,
631 2517 664 2544 ad
681 2517 771 2544 vivum
788 2516 861 2543 illum

60 2568 179 2594 fontem
193 2563 241 2598 qui
256 2563 289 2590 ab
302 2567 403 2590 teterno
418 2568 520 2595 manat,
534 2570 567 2590 ac
581 2567 737 2590 sanctorum
759 2567 863 2590 mentes

61 2612 144 2640 satis
157 2616 293 2644 superque
307 2608 405 2640 reiicit,
420 2609 584 2644 perducitur.
599 2608 658 2636 Jam
674 2608 743 2635 vires
755 2608 814 2643 ejus
828 2609 861 2636 ad

62 2659 164 2685 instar
190 2655 329 2683 stellarum
349 2654 450 2687 lucent,
468 2659 496 2682 et
519 2655 576 2689 ipsa
595 2655 623 2682 tit
635 2655 730 2682 idonea
742 2654 775 2681 ad
794 2661 861 2681 con-

64 2701 262 2737 templandum
286 2698 442 2728 Diviuitatis
458 2701 599 2736 abyssum,
627 2708 733 2734 sereno,
748 2700 862 2735 simplici

65 2754 98 2777 el.
110 2747 238 2783 jucundo
250 2746 360 2779 intuitu,
374 2746 475 2781 absque
490 2746 692 2781 imaginatione,
703 2750 731 2773 et
743 2746 802 2773 sine
814 2745 864 2772 ali-

65 2803 129 2831 qua
149 2792 303 2821 intellectus
328 2793 502 2821 admistione.
524 2793 600 2821 Unde
621 2792 729 2828 quando
749 2799 810 2820 sese
828 2792 861 2819 ad

109 2885 138 2903 ι·
167 2883 418 2916 οεάίιεῑη.ηοιπ.,(ε,
436 2880 527 2917 7,54.
565 2881 586 2897 ιι
606 2880 687 2915 lbid.,
703 2880 718 2916 ς
736 2880 764 2910 5.

240 2932 372 2960 Ρηκοι..
396 2931 454 2960 Gn.
472 2928 526 2958 Ill.

910 269 1036 298 hensibili
1052 269 1112 296 luce
1126 268 1151 294 in
1165 266 1277 294 fundum
1292 264 1352 299 ejus
1369 263 1524 299 eiiulgente,
1538 265 1652 292 rationis
1665 270 1693 292 et

910 315 1064 343 intellectus
1089 313 1182 340 oculus
1204 311 1393 338 reverberatus
1421 309 1519 344 caligat
1543 318 1550 336 :
1578 311 1693 345 simplex.

909 369 974 389 vero
990 361 1072 396 ipsius
1094 359 1191 386 anima:
1213 357 1315 385 oculus.
1334 363 1430 390 nempe
1446 363 1524 390 pura,
1536 357 1618 388 nuda,
1633 357 1694 384 uni-

912 406 1018 438 formis,
1033 411 1061 433 et
1075 413 1156 440 supra
1173 404 1343 432 intellectum
1361 402 1466 430 elevata
1479 403 1620 438 cogitatio,
1636 411 1694 430 ma-

912 457 958 480 net
971 456 1091 487 apertus.

947 498 1033 526 Porro
1051 497 1166 525 naturali
1191 497 1292 524 lumine
1307 496 1458 524 intellectus
1478 503 1492 524 a
1514 501 1587 524 tanta
1610 497 1694 524 clari-

913 549 968 572 tate
980 544 1133 575 obfuscato,
1149 543 1239 570 anima
1259 543 1326 570 nihil
1344 543 1369 570 in
1386 547 1506 576 tempore
1522 542 1629 577 aspicit,
1645 543 1692 569 sed

912 598 994 625 supra
1015 595 1121 623 tempus
1142 594 1168 616 et
1188 589 1276 616 locum
1297 594 1400 621 erecta,
1416 589 1563 624 quamdam
1582 589 1694 616 aeterni-

911 638 974 665 tatis
994 637 1187 673 proprietatem
1210 637 1333 664 assumit.
1359 636 1425 663 Nam
1455 637 1586 672 imagines
1596 641 1624 664 et
1640 638 1695 666 dis-

913 683 1070 711 tinctionem
1101 683 1401 717 considerationemqu
1427 691 1517 710 rerum
1550 684 1694 716 amittens,

910 729 966 765 jam
991 730 1178 764 experimento
1201 729 1290 761 discit,
1305 729 1388 756 Deum
1410 729 1488 762 longe
1503 731 1695 759 transcendere

913 783 1008 803 omnes
1031 775 1197 809 corporales,
1221 775 1375 809 spirituales
1399 781 1482 811 atque
1499 777 1605 805 divinas
1627 778 1695 805 ima-

914 822 1000 855 gines,
1017 825 1045 848 et
1063 820 1193 855 quidquid
1217 821 1353 848 intellectu
1367 822 1547 856 apprehendi,
1563 824 1693 858 quidquid

914 867 947 894 de
961 866 1015 893 Deo
1037 866 1090 893 dici
1111 866 1241 900 scribive,
1262 867 1390 901 quidquid
1409 868 1526 895 nominis
1549 869 1572 896 ei
1594 869 1693 903 imponi

914 917 1016 946 potest,
1030 912 1103 939 clare
1115 909 1242 947 perspicit
1256 912 1317 939 talia
1330 913 1419 940 omnia
1437 921 1451 940 a
1469 915 1583 941 veritate
1597 915 1695 942 divinat

913 957 1037 984 essentia;
1051 957 1076 984 in
1092 957 1226 984 infinitum
1242 957 1355 991 distare,
1368 958 1402 984 ob
1419 958 1498 992 idque
1511 959 1632 986 eamdem
1649 967 1695 987 es-

912 1003 1028 1030 sentiam
1052 1003 1271 1030 innominabilem
1295 1011 1365 1030 esse.
1387 1003 1493 1034 Ignorat
1516 1008 1605 1031 tamen
1629 1005 1693 1039 quid

913 1050 950 1076 sit
971 1049 1052 1082 Deus,
1079 1055 1158 1083 quem
1182 1049 1276 1076 sentit.
1299 1048 1368 1076 llinc
1391 1050 1601 1084 pra-cognitione
1623 1051 1692 1078 facta

912 1094 971 1121 sine
985 1095 1149 1129 cognitione,
1166 1093 1192 1120 in
1213 1094 1271 1121 solo
1293 1094 1415 1127 amabili,
1438 1096 1520 1128 nudo,
1535 1096 1651 1130 simplici
1667 1102 1694 1124 et

913 1141 1005 1175 ignoto
1019 1141 1075 1168 Deo
1089 1139 1216 1175 quiescit.
1233 1140 1290 1168 Lux
1306 1142 1406 1176 quippe
1419 1142 1509 1169 divina
1527 1148 1637 1178 propter
1650 1144 1693 1171 ni-

912 1187 992 1214 miam
1008 1187 1049 1214 sui
1061 1187 1418 1215 claritateminaccessibilis
1431 1193 1472 1216 est
1489 1197 1496 1216 :
1510 1190 1581 1217 unde
1596 1194 1624 1217 et
1647 1198 1694 1217 ca-

912 1233 963 1268 ligo
980 1233 1138 1267 appellatur.
1154 1233 1272 1269 Suscipit
1284 1234 1328 1261 hic
1346 1234 1434 1261 anima
1447 1235 1557 1262 verbum
1577 1236 1694 1263 abscon-

912 1277 1008 1310 ditum,
1031 1279 1103 1313 quod
1128 1278 1198 1306 Deus
1225 1279 1251 1305 in
1277 1279 1383 1306 interno
1408 1280 1515 1308 silentio
1538 1284 1565 1307 et
1591 1287 1695 1310 secreto

913 1324 1012 1351 mentis
1031 1331 1139 1352 recessu
1158 1325 1286 1359 loquitur.
1302 1325 1357 1352 [loc
1378 1326 1502 1360 suscipit,
1518 1332 1598 1362 atque
1613 1328 1695 1356 unio-

911 1371 954 1398 nis
982 1371 1103 1405 mystica:
1129 1371 1297 1406 complexum
1327 1371 1443 1399 feliciter
1469 1376 1616 1408 experitur.
1643 1374 1694 1403 Uhi

912 1416 984 1444 enim
1000 1416 1169 1444 intellectum
1185 1425 1332 1452 omnesque
1355 1417 1488 1454 imagines
1504 1427 1553 1454 per
1575 1427 1692 1448 amorem

912 1463 1046 1495 excessit,
1070 1467 1097 1489 et
1124 1470 1202 1497 supra
1228 1463 1400 1496 semetipsam
1429 1469 1521 1491 evecta
1546 1469 1604 1497 est,
1623 1466 1694 1500 quod

913 1507 987 1535 solus
999 1507 1068 1534 Deus
1081 1508 1105 1534 ei
1118 1503 1245 1542 praestare
1260 1513 1360 1543 potest,
1370 1508 1425 1543 jam
1435 1517 1450 1536 a
1463 1517 1491 1537 se
1503 1509 1621 1538 deﬂuens
1632 1519 1695 1546 pro~

913 1553 973 1580 fiuit
983 1553 1009 1580 in
1027 1553 1108 1580 Deum
1125 1562 1132 1580 :
1148 1558 1264 1587 tuncque
1279 1553 1348 1580 Deus
1363 1562 1413 1588 pax
1428 1559 1455 1582 et
1470 1555 1561 1583 l'ruitio
1574 1558 1631 1590 ejus
1641 1562 1693 1584 est.

912 1599 958 1626 illa
976 1606 1041 1634 ergo
1058 1599 1084 1625 in
1099 1599 1144 1625 tali
1157 1599 1254 1626 mentis
1267 1606 1380 1626 excessu
1395 1601 1567 1636 posita,jure
1583 1608 1692 1631 eanta::

913 1644 946 1671 In
964 1653 1027 1679 pace
1047 1645 1074 1672 t'n
1095 1645 1207 1679 idipsum
1233 1644 1363 1672 dormiam
1383 1650 1407 1673 et
1428 1648 1585 1682 requiescam
1599 1649 1630 1677 ’⁸,
1644 1649 1694 1677 De-

912 1691 981 1723 ﬂuit,
1004 1692 1124 1726 inquam,
1146 1698 1241 1718 atnans
1263 1692 1365 1724 anima,
1381 1692 1528 1728 deﬁcitque
1550 1701 1564 1721 a
1578 1702 1607 1722 se
1624 1695 1693 1730 ipsa,

912 1742 941 1764 et
966 1737 1040 1764 velut
1066 1737 1099 1764 ad
1119 1736 1234 1763 nihilum
1258 1737 1377 1768 redacta,
1406 1738 1431 1765 in
1452 1739 1578 1774 abyssum
1600 1743 1693 1769 aeterni

913 1783 1013 1810 amoris
1028 1783 1173 1810 collabitur
1194 1793 1200 1810 :
1220 1783 1265 1810 ubi
1285 1783 1336 1810 sibi
1358 1788 1474 1818 mortua,
1492 1786 1558 1813 vivit
1579 1788 1606 1814 in
1630 1789 1693 1820 Deo,

912 1829 979 1856 nihil
999 1829 1098 1860 sciens,
1119 1829 1186 1856 nihil
1209 1829 1330 1856 sentiens
1355 1834 1453 1863 praeter
1475 1839 1595 1859 amorem
1614 1841 1693 1867 quem

912 1878 1010 1909 gustat.
1031 1874 1122 1901 Perdit
1137 1874 1208 1902 enim
1225 1882 1254 1901 se
1274 1874 1300 1901 in
1315 1875 1468 1902 vastissima
1484 1877 1637 1906 Divinilalis
1651 1887 1694 1907 so-

911 1919 1025 1947 litudine
1038 1924 1119 1954 atque
1133 1919 1249 1955 caligine
1265 1930 1271 1947 :
1294 1921 1341 1948 sed
1364 1921 1403 1948 sic
1422 1929 1452 1949 se
1468 1922 1589 1957 perdere,
1605 1925 1695 1959 potius

912 1973 942 1992 se
967 1966 1088 1993 invenire
1110 1970 1161 1993 est.
1184 1966 1223 1994 ibi
1249 1974 1314 1994 sane
1334 1968 1463 2003 quidquid
1485 1973 1527 1996 est
1545 1970 1692 1998 immanum

912 2018 1027 2044 exuens,
1043 2016 1070 2038 et
1082 2011 1156 2046 quod
1171 2015 1212 2039 cst
1228 2011 1349 2039 divinum
1375 2013 1502 2046 induens,
1519 2015 1694 2043 transforma-

897 2062 958 2099 _tur
971 2061 1221 2093 transmutaturque
1234 2059 1260 2086 in
1273 2058 1357 2086 Deum
1371 2067 1378 2086 :
1394 2059 1465 2087 sicut
1479 2059 1578 2088 ferrum
1594 2063 1619 2088 in
1633 2063 1694 2097 igne

912 2103 1029 2138 positum
1051 2102 1166 2130 formam
1188 2103 1258 2137 ignis
1281 2103 1388 2138 accipit,
1404 2107 1432 2131 et
1451 2109 1646 2133 transmittatur
1667 2107 1693 2134 in

913 2149 1013 2184 ignem.
1029 2147 1121 2175 Manet
1140 2150 1229 2175 tamen
1248 2149 1366 2176 essentia
1382 2149 1477 2177 animae
1498 2151 1538 2178 sic
1552 2150 1693 2185 deificatte,

911 2195 1137 2230 quemadmodum
1149 2195 1252 2222 ferrum
1265 2194 1377 2230 ignitum
1392 2202 1447 2222 non
1461 2195 1558 2224 desinit
1570 2204 1629 2224 esse
1641 2197 1696 2225 fer-

912 2247 983 2268 rum.

948 2286 1031 2321 Igitur
1056 2286 1113 2322 ipsa
1137 2286 1238 2320 anima,
1261 2294 1322 2322 qua:
1340 2287 1416 2321 prius
1435 2291 1494 2314 crat
1516 2287 1625 2323 frigida,
1640 2289 1696 2324 jam

915 2334 991 2360 ardet
1007 2343 1013 2360 ς
1028 2340 1088 2367 quae
1103 2333 1179 2368 prius
1197 2337 1257 2360 erat
1275 2332 1429 2365 tenebrosa,
1449 2333 1504 2368 jam
1523 2334 1612 2368 lucet;
1638 2344 1698 2370 qua:

915 2378 989 2412 prius
1003 2382 1062 2405 erat
1075 2378 1152 2410 dura,
1163 2379 1219 2412 jam
1235 2377 1324 2405 mollis
1342 2381 1393 2405 est.
1408 2377 1490 2406 Plane
1505 2383 1560 2407 tota
1578 2380 1699 2408 deicolor

916 2430 968 2457 est,
986 2426 1050 2460 quia
1069 2425 1188 2452 essentia
1212 2425 1271 2459 ejus
1290 2425 1406 2453 essentia
1429 2425 1474 2452 Dei
1506 2426 1614 2460 perfusa
1645 2432 1697 2453 est.

917 2469 985 2498 Tota
998 2470 1082 2498 divini
1096 2470 1199 2498 amoris
1215 2471 1275 2506 igne
1288 2476 1470 2502 concremata,
1486 2476 1598 2506 totaque
1610 2471 1698 2507 lique—

914 2515 986 2544 facta
1014 2517 1124 2544 transiit
1145 2517 1173 2544 in
1195 2517 1291 2549 Deum,
1316 2522 1343 2545 et
1365 2518 1390 2545 ei
1417 2518 1477 2545 sine
1497 2519 1585 2546 medio
1609 2519 1694 2550 unita,

915 2570 1038 2597 unusque
1061 2564 1174 2597 spiritus
1189 2571 1250 2591 cum
1272 2571 1304 2591 eo
1317 2563 1413 2591 ell‘ecta
1435 2569 1476 2590 est
1494 2564 1586 2591 :sit-ut
1600 2572 1695 2591 aurum

914 2613 942 2635 et
957 2615 994 2636 ass
1007 2608 1033 2635 in
1048 2615 1129 2635 unam
1142 2608 1242 2635 metalli
1258 2615 1374 2635 massam
1389 2608 1549 2636 conﬂantur.
1564 2609 1695 2636 Caeterum

914 2653 1021 2680 illorum
1037 2654 1082 2689 qui
1100 2654 1124 2681 in
1143 2654 1227 2681 Deum
1243 2654 1280 2681 ita
1296 2654 1430 2681 excedunt
1443 2658 1470 2680 ct
1486 2655 1637 2688 rapiuntur,
1651 2654 1696 2682 di-

915 2700 985 2726 versi
1000 2700 1100 2734 gradus
1111 2704 1174 2726 sunt
1195 2710 1201 2727 :
1217 2707 1277 2726 nam
1292 2707 1325 2727 eo
1340 2700 1454 2735 quisque
1476 2699 1635 2735 profundius
1651 2703 1694 2726 at-

914 2752 967 2780 que
979 2745 1123 2773 sublimius
1140 2746 1165 2773 in
1182 2746 1269 2780 ipsum
1283 2745 1367 2774 Deum
1383 2746 1522 2781 pertingit,
1541 2754 1594 2780 quo
1605 2744 1697 2772 eiiica—

916 2791 975 2818 cius
998 2791 1194 2827 ardentiusque
1218 2798 1266 2819 seu
1288 2792 1440 2820 amorosius
1456 2799 1485 2820 se
1504 2792 1538 2819 ad
1553 2798 1616 2818 eum
1629 2797 1694 2818 con-

803 2881 824 2896 “
838 2878 909 2907 Psal.
925 2887 961 2912 tv,
976 2879 1003 2907 9.
