1925 3070
271 133 305 161 95

837 131 865 160 S.
886 131 1071 160 DIONYSIUS
1091 132 1323 163 AREOPAGITA.

1849 133 1883 162 96

301 191 389 225 Caput
414 190 603 218 duodecimum
628 191 728 218 cilatur
744 191 769 217 in
786 196 862 224 parte
881 198 903 222 ι,
928 191 1052 225 ίιιιωειίορ

1138 190 1258 225 Epistola
1283 191 1316 218 ad
1338 189 1433 218 Caium
1448 190 1549 218 citatur
1564 191 1590 218 in
1605 195 1683 226 parte
1699 198 1742 225 ιιι,
1757 192 1882 226 quaestio-

268 237 478 269 ne15,articulo
489 236 518 269 8;
536 237 696 271 qutestJOB,
705 236 825 263 art.5.in
835 236 891 269 Μ,
906 236 1051 270 quaest.29,

268 287 321 312 art.
340 284 367 310 2.
382 282 411 310 In
425 287 494 317 part.
507 290 550 315 ιιι,
564 286 659 316 qumst.
673 281 720 314 27,
742 285 793 308 art.
806 281 833 308 2.
850 281 878 308 1η
894 281 1054 315 Quwstioni-

268 330 319 356 bus
333 329 487 363 disputatis,
501 329 534 355 de
553 328 673 362 potentia
687 327 744 361 Dei,
760 332 854 363 quaest.
866 327 893 360 9,
906 333 958 356 art.
973 329 998 356 ’1.
1060 341 1066 350 ν-
1078 355 1085 362 ,

305 374 392 408 Caput
407 374 542 401 decimum
557 373 666 400 tertium
682 373 782 401 eitatur
803 373 830 400 in
854 377 931 407 parte
947 381 964 400 ι-
984 381 1054 408 (μιαῇ

269 420 357 447 stione
377 419 420 452 11,
447 418 562 445 articulo
587 418 612 444 1.
640 418 668 444 ln
693 423 764 453 part.
791 426 800 446 ι
829 417 917 450 Sent.,
944 417 1009 446 dist.
1024 418 1053 451 2,

269 469 366 498 qtttest.
382 465 408 497 1,
424 469 476 492 art.
491 465 503 491 1
519 469 546 491 et
557 465 583 491 ὅ.
596 464 623 491 In
639 464 838 497 Qumstionibus
849 464 1007 498 disputatis,
1020 464 1054 492 de

269 510 386 543 potentia
404 509 461 542 Dei,
477 514 573 544 qumst.
588 510 613 541 7,
630 514 683 536 art.
700 509 732 542 5;
749 513 847 544 quaest.
865 509 893 542 9,
910 513 963 536 art.
981 509 1008 537 7.

509 585 629 605 HYSTICE
647 585 816 606 TEEOLOGIE.

301 646 387 681 Caput
403 648 521 681 primum
534 647 637 674 cilatur
659 647 686 674 in
707 651 784 681 parte
798 655 820 680 ι,
844 648 993 682 qutestione
1010 648 1054 680 12,

270 693 384 720 articulo
397 688 447 726 13;
463 699 557 728 (IlliESi.
568 694 611 727 15,
626 700 676 722 art.
689 695 715 721 6.
731 694 759 721 in
772 699 843 728 part.
853 702 894 726 nt,
905 695 1054 729 quaast.92,

270 744 321 765 art.
339 738 366 765 2.
382 738 410 766 In
426 743 495 773 part.
512 747 530 766 ll
554 739 642 772 Sent.,
660 740 722 766 dist.
740 739 768 771 9,
793 743 889 774 quaest.
902 740 928 772 1,
955 745 1008 766 art.
1026 740 1053 766 2.

270 782 298 809 1η
308 783 505 816 Qumstionlbus
516 784 670 819 disputatis,
690 785 722 812 de
734 785 852 819 potentia
860 784 917 818 Dei,
927 786 1055 819 quaest],

271 834 324 856 art.
341 829 373 864 5,;
388 834 483 864 quaest.
499 830 525 864 9,
549 835 602 858 art.
618 831 651 864 7;
677 830 710 858 de
728 831 888 865 virtutibus,
916 836 1012 866 qumst.
1028 832 1053 864 l,

271 879 324 902 art.
338 874 364 902 8.

1103 244 1137 264 ne
1152 236 1196 269 92,
1211 237 1324 264 articulo
1336 237 1361 264 1.

1138 281 1258 317 Epistola
1274 283 1307 309 ad
1320 282 1491 311 Dorothaeunt
1503 283 1603 311 citatur
1620 283 1647 310 in
1661 288 1736 318 parte
1748 291 1790 318 ιιι,
1805 291 1879 319 quaa-

1104 329 1192 356 slione
1205 328 1251 363 92,
1267 329 1383 356 articulo
1400 330 1426 356 1.

1138 375 1256 410 Epistula
1274 377 1307 403 ad
1324 375 1502 412 Polycarpum
1519 376 1620 404 citatur
1629 376 1655 404 in
1669 381 1746 412 parte
1762 385 1781 404 ιι
1795 377 1884 410 Sent.,

1105 421 1167 449 dist.
1183 421 1227 455 15,
1244 427 1339 457 quzcst.
1356 423 1381 456 1,
1395 427 1447 450 art.
1461 423 1487 450 ι.

1140 467 1256 502 Epistola
1273 468 1307 494 ad
1318 468 1503 502 Demophilum
1517 469 1618 496 citatur
1631 469 1657 496 in
1671 473 1747 504 parte
1761 477 1786 496 tv
1796 468 1886 503 Senl.,

1105 512 1168 541 dist.
1186 513 1229 545 i9,
1245 518 1340 548 qutest.
1355 514 1383 546 2,
1399 519 1450 542 art.
1466 516 1493 542 2.

1139 558 1179 585 Ex
1196 559 1238 586 his
1252 559 1365 593 aliisque
1381 560 1448 587 locis
1473 567 1533 594 quze
1553 567 1597 588 me
1622 560 1788 596 effugerunt,
1804 561 1886 589 facile

1106 608 1179 639 patet
1203 604 1363 639 Angelicum
1377 605 1519 632 Doctorem
1542 611 1625 633 totam
1653 606 1711 634 fere
1734 607 1887 634 doctrinam

1106 650 1285 685 theologicam
1306 658 1339 678 ex
1356 651 1509 685 purissimis
1526 652 1647 688 Dionysii
1672 653 1794 681 fontibus
1819 654 1888 681 hau-

1106 695 1184 728 sisse,
1199 704 1260 723 cttm
1276 696 1321 724 vix
1337 696 1390 723 ulla
1402 697 1436 724 sit
1452 697 1579 731 periodus
1592 705 1607 725 e
1621 706 1672 732 qua
1687 706 1739 726 non
1751 699 1809 733 ipse
1825 704 1888 726 tan-

1106 748 1186 775 quam
1211 741 1270 776 apis
1293 747 1481 776 argumentosa
1503 743 1683 779 theologicam
1706 751 1816 771 succum
1839 751 1886 771 ex-

1106 786 1229 818 traxerit,
1256 791 1284 813 et
1302 787 1327 813 in
1346 786 1494 820 Sumtnam,
1512 787 1595 815 veluti
1612 789 1747 824 quoddam
1762 785 1886 822 alveare,

1106 832 1227 866 pluribus
1250 833 1442 867 quaestionibus
1464 834 1641 869 articulisque
1657 854 1665 868 ,
1691 843 1741 863 ceu
1765 835 1886 869 cellulis,

1069 877 1091 904 Β
1107 878 1258 913 theologico
1273 879 1352 907 melle
1365 879 1513 913 servando,
1531 880 1701 914 distinctum,
1719 882 1866 916 redegerit.

274 971 1868 992 Ἥκ-

482 1055 783 1114 ISAGOGE
823 1057 1312 1117 BALTHASARIS
1354 1060 1691 1120 CORDERII

881 1176 1039 1197 SOCIETATIS
1057 1177 1118 1198 JESU
1135 1178 1269 1198 THEOLOGI

508 1246 562 1276 AD
583 1245 798 1277 MYSTICAM
821 1247 871 1277 ΤΗ
877 1246 1090 1279 EOLOGIAM

1047 1341 1084 1348 ...-

308 1410 366 1444 Quo
381 1403 487 1436 facilior
502 1407 648 1443 puriorqne
663 1407 740 1435 nobis
754 1407 787 1434 ad
807 1412 979 1436 sacrosancta
996 1409 1053 1444 My-
1066 1407 1089 1438 C

272 1456 346 1484 sticae
362 1455 502 1489 theologia:
525 1455 606 1490 adyta
626 1454 660 1482 sit
675 1461 813 1487 accessus,
838 1462 925 1490 opera:
941 1456 1055 1489 pretium

272 1502 362 1533 fuerit,
375 1509 407 1529 ex
425 1500 485 1527 aliis
502 1499 621 1534 ejusdem
639 1501 725 1529 sancli
745 1499 832 1530 Patris
848 1499 982 1538 Operibus
995 1501 1056 1530 bre-

271 1548 315 1576 via
340 1547 461 1583 quietiam
487 1546 633 1584 προτέλεια
656 1557 702 1576 seu
727 1549 855 1584 prmludia
881 1549 1056 1583 prmmitterc,

272 1596 369 1630 quibus
394 1603 470 1623 mens
496 1600 588 1623 nostra
610 1595 833 1630 przeexercitata,
859 1595 912 1622 ritu
939 1596 1056 1630 quodam

272 1642 386 1677 mystico
403 1647 579 1676 praeparetur,
605 1646 649 1674 ut,
672 1646 800 1676 quantum
824 1643 864 1669 fas
884 1646 944 1675 est,
965 1647 1057 1670 sancte

272 1687 354 1714 rebus
368 1688 548 1714 sanctissimis
563 1686 755 1721 conjungatur.

308 1733 347 1760 Ne
362 1739 450 1760 autem
462 1740 477 1760 a
489 1733 582 1766 janua,
595 1737 624 1760 ut
638 1733 664 1760 in
680 1734 822 1768 proverbio
835 1738 886 1766 est.
901 1738 928 1761 et
945 1742 960 1761 a
973 1742 1056 1770 scopo

273 1780 448 1811 aberremus,
473 1779 691 1814 cognoscendum
715 1784 778 1807 ante
802 1780 895 1807 omnia
918 1780 982 1814 quid
1009 1787 1058 1814 per

273 1825 415 1860 mysticam
438 1824 602 1858 theOIOgiam
625 1824 802 1858 intelligatur,
821 1829 849 1852 et
871 1833 931 1859 qua:
950 1825 985 1853 sit
1000 1824 1057 1859 ejus

275 1870 406 1902 definitio,
425 1871 552 1904 quodque
576 1871 740 1904 principium
765 1878 813 1898 seu
836 1871 923 1906 origo.
941 1872 1002 1905 quis
1024 1871 1057 1898 fi-

274 1916 326 1947 nis,
350 1923 408 1949 qua:
423 1916 455 1942 ad
471 1915 542 1942 illam
560 1917 800 1950 prazrequirantur,
823 1921 849 1943 et
870 1918 1005 1951 quomodo
1023 1917 1057 1943 ad

274 1961 359 1995 ipsam
376 1962 559 1988 accedendum
583 1961 632 1994 sit,
645 1965 671 1988 et
687 1969 739 1996 qua
756 1961 863 1989 tandem
880 1962 984 1989 ratione
1005 1962 1057 1989 mi-

274 2007 369 2035 rabilis
391 2008 436 2035 illa
451 2009 574 2044 mystith
590 2008 731 2044 theologia:
744 2009 807 2036 unio
827 2009 854 2036 in
870 2010 960 2036 anima
975 2010 1058 2045 perfi-

275 2054 382 2081 ciatur:
397 2062 456 2088 quac
480 2054 570 2081 omnia
591 2053 708 2081 breviter
731 2058 834 2090 septem
854 2054 988 2089 capitibus
1010 2062 1056 2083 5e-

276 2100 419 2134 quentibus
433 2100 640 2134 explicabimus.

530 2170 643 2198 CAPUT
663 2169 806 2198 PRIMUM.

348 2216 418 2249 Quid
433 2225 478 2251 per
493 2218 629 2251 mysticum
644 2217 800 2251 theologiam
814 2217 988 2252 intelligatur.

265 2254 268 2275 ί
313 2262 424 2298 Mystica
437 2271 485 2290 seu
501 2263 660 2298 mysteriosa
675 2262 819 2297 theologia,
833 2263 856 2290 si
873 2264 925 2290 vim
942 2263 1060 2291 nominis

278 2309 413 2339 attendas.
429 2308 554 2343 designat
569 2309 713 2343 quamdam
731 2317 836 2336 sacram
849 2314 875 2336 et
887 2317 1014 2336 arcanam
1027 2312 1061 2337 de

279 2355 334 2382 Deo
359 2355 509 2390 divinisque
535 2357 615 2382 rebus
644 2356 776 2382 notitiam.
801 2356 961 2391 Μυστήριον
988 2356 1060 2383 enim

278 2401 380 2429 Graecis
397 2403 466 2429 idetn
486 2407 527 2430 est
543 2403 613 2438 quod
630 2402 738 2429 Latinis
759 2410 897 2435 arcanum,
917 2402 1060 2434 occultant,

278 2448 406 2479 abditum,
423 2453 563 2480 secretum,
583 2452 610 2475 et
625 2447 733 2482 quidem
750 2451 966 2480 sacrosattctum,
988 2448 1061 2482 quod

281 2493 388 2520 nonnisi
419 2494 574 2521 hominibus
597 2495 683 2522 sacris
709 2495 975 2528 communicandum,
997 2501 1063 2528 pro-

281 2540 352 2566 fanis
373 2547 438 2567 vero
457 2540 646 2566 occultandum
664 2540 698 2567 sit
715 2549 721 2567 :
739 2548 807 2574 quos
831 2540 934 2567 idcirco
953 2540 982 2567 S.
999 2540 1063 2567 Dio-

283 2586 375 2620 nysius
394 2587 533 2622 ἀμυήτους
548 2591 623 2613 vocat
633 2586 668 2619 °°,
683 2587 708 2613 id
724 2591 764 2614 est
779 2591 902 2614 exsortes
916 2586 1063 2622 mysterio—

283 2639 352 2663 rum,
372 2631 470 2665 quibus
496 2632 644 2658 secundum
664 2631 748 2666 legem
773 2631 973 2659 hierarchicam
991 2634 1065 2658 vetat

284 2679 412 2714 mysteria
429 2679 479 2714 (sic
490 2680 561 2706 enim
577 2679 694 2714 appellat
715 2677 896 2714 sacramenta)
913 2677 1062 2712 propalari.

285 2728 393 2755 Sciebat
407 2727 506 2762 quippe
519 2727 588 2762 quod
598 2730 791 2753 sacramentum
814 2726 881 2759 regis
905 2725 1064 2752 abscondere

285 2775 379 2802 bonum
393 2779 430 2803 eat
440 2774 475 2801 εί.
489 2774 557 2802 Hinc
572 2774 604 2801 de
621 2772 755 2808 mysteriis
768 2779 815 2800 seu
832 2770 1013 2799 sacramentis
1029 2770 1064 2797 ad

323 2853 422 2885 “Cap.
447 2854 578 2883 lEccles.
598 2853 761 2884 himarchiw.
800 2853 821 2868 ⁸¹
842 2852 908 2879 Tob.
933 2859 982 2885 xu,
1006 2850 1032 2878 7.
1071 2850 1092 2867 ⁸¹

1111 1247 1143 1279 S.
1160 1247 1340 1280 DIONYSII
1363 1250 1648 1283 AREOPAGITJE.

1106 1407 1276 1435 Timotheum
1300 1407 1451 1441 scripturus
1466 1416 1473 1434 :
1492 1407 1573 1442 Vide,
1590 1408 1691 1444 inquit,
1717 1417 1749 1437 ne
1761 1411 1889 1445 explodas

1107 1453 1204 1480 Sancta
1222 1458 1388 1485 sanctorum;
1402 1455 1464 1487 quin
1481 1456 1566 1488 potius
1581 1464 1679 1483 arcana
1696 1456 1742 1484 Dei
1758 1460 1893 1486 reverebe—

1108 1498 1160 1533 ris.
1184 1507 1215 1528 ac
1240 1499 1405 1536 spiritalibus
1431 1500 1711 1539 iuaapectabilibntque
1742 1504 1898 1534 nationibus

1109 1546 1267 1580 celebrabit;
1284 1547 1417 1574 inaccessa
1435 1548 1538 1583 quidem
1555 1549 1673 1583 profanis
1689 1550 1734 1577 illa
1748 1557 1771 1578 et
1790 1552 1899 1579 intacta

1108 1592 1274 1625 reservanda,
1294 1592 1357 1619 solis
1372 1600 1431 1619 vero
1449 1592 1559 1624 sanctis,
1582 1601 1641 1620 cum
1663 1602 1739 1621 sacra
1761 1595 1900 1630 quadam,

1108 1643 1184 1672 prout
1207 1638 1248 1672 fas
1270 1642 1323 1671 est,
1348 1637 1468 1665 claritate
1486 1647 1527 1666 res
1547 1647 1638 1666 sacras
1661 1641 1897 1670 communicando.

1108 1684 1153 1711 ide
1162 1691 1242 1718 mque
1261 1684 1311 1711 sub
1327 1683 1408 1711 finem
1428 1684 1546 1718 ejusdem
1569 1685 1665 1719 capitis
1688 1686 1784 1713 iterum
1805 1686 1900 1714 incul-

1108 1735 1163 1763 cat,
1176 1735 1205 1757 ut
1215 1730 1292 1765 juxta
1305 1731 1388 1758 ritum
1401 1731 1601 1758 hierarchicutn
1615 1731 1785 1767 profiteatur,
1798 1739 1898 1763 sancta

1109 1777 1217 1812 quidem
1242 1781 1336 1804 sancte
1357 1781 1542 1810 contrectare,
1557 1777 1613 1805 sola
1629 1782 1720 1805 autem
1743 1779 1838 1806 deifica
1855 1781 1900 1808 di-

1108 1822 1189 1856 vinis,
1208 1822 1376 1856 perficientia
1397 1822 1570 1856 perfectionis
1591 1824 1747 1857 capacibus,
1771 1826 1898 1853 sanctis-

1109 1876 1161 1903 que
1174 1868 1345 1896 sanctissima
1362 1869 1572 1897 communicare.
1585 1869 1631 1897 Sic
1646 1870 1769 1898 Christus
1785 1879 1897 1907 quoque

1108 1914 1142 1941 ad
1167 1915 1260 1942 turbas
1277 1915 1304 1942 in
1320 1914 1455 1949 parabolis
1476 1914 1683 1949 loquebatur",
1701 1919 1728 1942 et
1745 1916 1808 1943 solis
1827 1924 1898 1951 apo—

1109 1960 1186 1987 stolis
1205 1959 1287 1987 dabat
1302 1967 1380 1988 nosse
1396 1961 1524 1996 mysteria
1541 1961 1614 1996 regni
1629 1961 1688 1989 Dei.
1711 1961 1803 1996 Neque
1821 1964 1897 1990 enim

1109 2007 1150 2034 fas
1175 2012 1217 2034 est
1232 2011 1273 2042 (ut
1294 2007 1392 2035 ibidem
1409 2007 1522 2035 Oracula
1541 2007 1689 2042 testantur)
1708 2007 1797 2041 porcis
1813 2009 1901 2043 proji-

1109 2060 1170 2080 cere
1188 2053 1348 2087 spiritalium
1373 2054 1578 2087 margaritarum
1602 2061 1699 2088 purum
1715 2053 1790 2080 illum
1809 2056 1840 2082 a'c
1856 2055 1902 2082 lu-

1111 2099 1202 2126 cidum
1226 2098 1468 2133 pulchriﬁcumque
1485 2099 1656 2126 adornatum.

1149 2143 1242 2178 itaque
1262 2144 1308 2178 qui
1328 2143 1470 2178 mysticam
1488 2143 1649 2178 theologtam
1666 2143 1835 2176 nominat",
1851 2153 1901 2172 ar-

1112 2196 1206 2216 canam
1231 2189 1376 2224 quamdam
1389 2189 1501 2217 omnino
1525 2197 1630 2217 sacram
1646 2190 1772 2225 designat
1785 2192 1900 2226 sapicn-

1113 2236 1188 2268 liam,
1203 2235 1248 2262 Dei
1267 2235 1424 2270 principalis
1438 2234 1649 2270 pulchritudinis
1670 2236 1815 2270 imaginem
1831 2245 1899 2271 pro-

1110 2283 1181 2318 prio,
1195 2287 1325 2317 quantum
1347 2281 1388 2310 fas
1405 2286 1464 2314 est,
1488 2282 1622 2316 principio
1648 2282 1838 2310 conformem:
1855 2285 1898 2311 si-

1112 2329 1220 2363 quidem
1242 2327 1385 2362 cujuslibet
1406 2335 1499 2355 eorum
1522 2327 1569 2362 qui
1588 2328 1710 2363 tnysticis
1733 2328 1899 2357 illustratio-
1922 2334 1923 2337 ‘

1112 2376 1191 2402 nibus
1212 2374 1381 2406 imbuuntur,
1404 2373 1430 2400 in
1446 2373 1497 2400 hoc
1513 2373 1566 2400 sita
1591 2373 1722 2408 perfectio
1737 2379 1793 2406 est,
1815 2379 1844 2402 ut
1863 2378 1899 2404 ad

1113 2419 1229 2447 divinam
1252 2427 1299 2455 pro
1315 2424 1393 2453 captu
1411 2419 1526 2453 quisque
1537 2426 1586 2447 suo
1598 2425 1790 2454 promoveatur
1803 2422 1899 2450 imita-

1115 2466 1230 2498 tionem,
1245 2465 1346 2500 Deiquc
1361 2465 1387 2492 in
1403 2465 1550 2500 semetipso
1563 2466 1681 2500 excipiat
1696 2466 1901 2500 operationem,

1114 2512 1141 2538 in
1170 2511 1270 2537 mentis
1293 2510 1385 2537 abdito
1409 2509 1579 2537 divinissime
1606 2510 1786 2544 relucentem,
1811 2519 1902 2546 quant

1115 2558 1211 2586 exinde
1226 2558 1279 2584 ritu
1295 2556 1469 2584 hicrarchico
1483 2556 1508 2583 in
1525 2557 1593 2586 alios
1606 2557 1787 2585 transfundat.

1423 2626 1536 2654 CAPUT
1554 2626 1586 2654 il.

1239 2674 1305 2707 Qua,-
1317 2674 1350 2701 sit
1367 2674 1484 2708 deﬁnitio
1497 2675 1613 2709 mysticw
1624 2673 1768 2708 theologica.

1151 2721 1263 2749 Omissis
1276 2721 1368 2754 variis,
1387 2729 1455 2756 quas
1471 2721 1548 2748 varie
1570 2721 1690 2748 diversas
1712 2720 1833 2753 tradunt,
1850 2722 1903 2750 de-

1107 2767 1299 2802 ﬁnitionibus,
1320 2768 1361 2796 vel
1385 2768 1476 2804 potius
1499 2765 1806 2801 circumscriptionibus,
1833 2767 1903 2796 bre-

1107 2849 1172 2878 Luc.
1196 2857 1254 2881 vni,
1277 2849 1319 2878 10.
1356 2848 1379 2865 ⁸³
1394 2848 1457 2876 (ἰαί.
1475 2847 1607 2874 ΙιῐρναιτΙι.
1623 2853 1684 2881 cap.
1698 2844 1725 2874 3.
