1925 3070
37 185 75 214 97
719 183 972 214 PROLEGOMENA
977 207 983 214 .
1627 189 1660 217 98

37 243 113 270 viter
135 247 164 269 et
188 242 262 270 clare
285 242 393 270 videtur
417 241 469 269 hoc
493 241 573 269 modo
598 241 705 269 deliniri
728 242 947 278 possezAstice
962 241 1104 276 perlicitet
1124 241 1262 275 informat,
1277 243 1314 270 ita
1337 248 1368 271 ut
1382 244 1469 271 tribus
1489 244 1550 272 istis
1567 245 1662 272 excel-

38 284 191 319 Theologia
219 287 332 321 mystica
357 291 400 313 est
425 286 559 321 sapientia
585 287 848 326 experimentalis,_

38 331 90 359 Dei
119 331 259 364 all'ectiva,
284 333 412 361 divinitus
438 333 542 367 inlusa,
563 342 625 370 qua
652 339 771 362 mentem
793 335 828 362 ab

40 373 117 401 omni
140 375 339 404 inordinatione
361 384 470 411 puram,
493 385 541 412 per
565 383 642 406 actus
664 384 826 414 supernatu-

43 419 116 447 rales
138 421 209 454 fidei,
230 423 287 457 spei
300 427 328 452 et
341 423 495 458 charitatis,
511 432 574 452 cum
590 425 645 453 Deo
658 425 752 454 intime
763 432 829 453 conc

42 465 142 501 jungit.

78 512 144 540 Haec
156 513 277 542 deﬁnitio
287 520 394 544 constat
407 516 533 545 omnibus
547 517 670 551 partibus
681 523 727 544 seu
743 523 827 543 mem-

43 559 100 587 bris
114 559 148 588 ad
165 561 301 596 propriam
323 561 439 596 alicujus
454 563 491 590 rei
514 562 701 590 deﬁnitionem
727 569 826 589 secun-

42 605 106 631 dum
130 606 307 640 philosophiae
320 607 392 642 leges
412 607 562 642 requisitis.
580 607 670 635 Genus
686 607 756 635 enim
779 608 827 635 de-

40 649 111 677 ﬁniti
138 651 183 678 hic
207 657 249 679 est
272 653 399 687 sapientia
417 653 638 688 experimentalis,
661 661 710 681 seu
732 654 826 688 sapida

38 696 168 723 scientia.
181 696 239 727 Non
251 699 323 725 enim
336 699 394 727 haec
405 699 541 734 theologia
554 705 596 727 est
607 701 729 734 quaedam
741 701 827 728 otiosa

38 741 179 770 Sterilisve
200 744 360 778 speculatio,
380 745 427 772 sed
449 745 619 778 sapidissime
634 746 682 773 Dei
701 751 827 774 contem-

38 785 136 820 platio,
151 794 211 821 quae
227 789 389 817 suavissimo
414 789 501 824 (cujus
524 792 632 826 quidem
652 792 679 819 in
702 792 753 820 hac
772 792 826 819 vita

38 839 158 867 capaces
179 834 284 867 sumus)
309 842 408 869 sapore
429 837 543 871 spiritali
570 843 688 866 mentem
712 838 825 872 imbuit,

39 878 183 913 multoque
206 880 394 909 delectabilius
419 890 478 910 eam
496 883 593 915 allicit,
611 891 695 918 quam
717 884 751 911 ab
773 885 826 912 ullo

38 925 206 959 spiritalium
221 926 319 954 harum
333 928 491 957 deliciarum
505 930 646 965 inexperto
660 930 764 965 concipi
778 935 826 958 aut

38 970 114 997 credi
129 972 227 1005 possit.

73 1015 232 1045 Dill'erentia
249 1023 302 1052 est,
328 1019 376 1047 Dei
389 1020 519 1054 aﬂ'ectiva,
545 1028 600 1055 quo
618 1021 708 1049 dilI'ert
729 1030 744 1049 a
762 1023 824 1050 reli-

38 1061 101 1096 quis
127 1063 251 1091 scientiis
278 1065 438 1100 theologicis
460 1073 521 1100 quae
545 1066 713 1095 intellectum
737 1068 823 1096 infor-

38 1113 132 1140 mant,
155 1116 217 1136 cum
240 1110 297 1138 haec
318 1111 494 1146 principalius
516 1112 615 1140 alliciat
636 1114 821 1148 voluntatem;

38 1152 103 1179 licet
118 1154 201 1181 etiam
219 1162 321 1183 arcano
340 1158 459 1190 quodam
485 1158 588 1187 lumine
610 1159 729 1188 illustret
744 1161 822 1188 intel-

38 1197 153 1233 Iectum,
168 1202 200 1228 ad
216 1201 299 1229 Deum
315 1207 342 1230 et
358 1210 401 1231 res
417 1211 512 1232 omnes
526 1207 713 1241 eminentiori,
729 1213 823 1244 utpote

38 1247 253 1280 supernalurali,
269 1249 349 1276 modo
363 1250 575 1285 intelligendum.

74 1290 233 1325 Pr0prietas
256 1292 336 1326 hujus
359 1294 499 1328 sapientiae
521 1304 576 1331 prae
591 1299 696 1326 czeteris
721 1300 821 1328 eximia

38 1340 94 1369 est,
122 1338 193 1371 quod
211 1338 247 1365 sit
271 1339 396 1366 diuinitus
412 1340 519 1374 infuso,
543 1350 598 1371 non
623 1349 683 1373 arte
704 1346 818 1374 humani

39 1382 204 1416 magisterii,
218 1390 262 1410 aut
279 1384 378 1420 ingenii
395 1388 602 1422 perspicuitate,
617 1391 660 1418 vel
683 1393 764 1420 studii
780 1401 822 1421 as-

39 1427 168 1455 siduitate
192 1428 347 1458 humanitus
372 1432 524 1467 acquisita;
551 1435 652 1470 quippe
672 1437 770 1465 donum
795 1443 822 1466 et

39 1473 181 1502 charisma
206 1476 366 1504 nobilissimi
392 1478 510 1513 Spiritus
534 1482 622 1508 sancti
648 1483 819 1519 principalis,

39 1520 84 1555 qui
105 1528 170 1548 cum
189 1529 243 1550 non
261 1523 431 1558 ingrediatur
450 1525 568 1554 animam
584 1527 755 1563 malevolam,
773 1539 821 1559 ne-

879 287 1039 315 lentissimis
1062 288 1192 314 virtutum
1209 288 1420 323 theologicarum
1436 290 1555 322 actibus,
1576 290 1660 325 totius

878 334 1001 369 mysticae
1018 333 1160 368 theologice
1178 334 1310 369 perfectio
1332 340 1359 362 et
1380 337 1499 363 essentia
1519 337 1662 363 continea-

879 383 932 411 tur,
953 379 993 406 uti
1017 379 1128 413 pulchre
1148 386 1180 406 ac
1202 379 1262 407 l‘use
1285 380 1312 406 in
1332 379 1410 406 libris
1430 379 1608 406 divinissimis
1624 379 1662 406 De

877 432 988 451 ascensu
1001 424 1096 451 montis
1110 423 1233 457 Carmeli,
1255 424 1292 452 De
1308 429 1383 451 nocte
1398 425 1506 452 obscura
1519 443 1527 457 ,
1550 428 1578 451 et
1592 425 1663 452 Can-

877 469 980 496 tiouum
1004 476 1068 496 vere
1094 469 1269 504 mysticarum
1290 469 1523 497 declarationibus
1537 469 1585 504 (6),
1612 477 1664 497 exn

878 515 954 548 ponit
968 515 1128 542 venerabilis
1143 515 1223 542 Pater
1237 514 1359 543 Joannes
1380 515 1414 544 de
1435 515 1458 542 la
1473 515 1553 547 Crux.
1570 522 1662 542 rerum

878 560 1055 595 mysticarum
1073 561 1290 595 expertissimus.

913 605 953 632 Ex
976 606 1073 640 quibus
1096 610 1171 641 patet
1195 606 1360 640 theologiam
1387 606 1530 642 mysticam
1557 611 1612 633 tam
1636 606 1662 634 in

879 652 1030 679 substantia
1042 659 1092 680 sua
1104 659 1185 688 quam
1198 652 1224 679 in
1239 653 1319 680 modo
1334 652 1496 687 procedendi
1509 659 1573 680 esse
1588 661 1664 680 mere

878 697 1124 733 supernaturalem.
1151 698 1292 732 Siquidem
1316 703 1343 725 et
1369 699 1503 733 principia
1532 699 1610 734 ejus,
1635 703 1664 726 et

876 743 975 777 media,
987 748 1014 771 et
1029 743 1100 777 ﬁnis,
1115 748 1142 770 et
1157 744 1183 771 in
1201 744 1276 771 hunc
1290 744 1416 772 tendendi
1435 745 1540 777 modus,
1560 750 1663 772 natura:

877 789 950 817 vires
970 794 1052 823 atque
1075 789 1199 818 ordinem
1216 791 1325 825 penitus
1346 791 1554 823 transcendunt,
1571 791 1610 818 uti
1629 799 1664 819 ex

875 834 931 869 jam
949 835 1031 862 dictis
1048 834 1129 862 facile
1146 835 1294 870 colligitur,
1307 840 1334 864 et
1350 842 1384 863 ex
1399 836 1577 870 sequentibus
1598 836 1663 864 ube-

878 880 935 907 rius
954 880 1078 915 liquebit.
1094 879 1173 908 Unde
1190 881 1313 915 sequitur
1334 888 1394 908 cum
1411 881 1509 916 ipsam,
1527 886 1582 908 tum
1602 889 1664 916 pro-

880 925 968 952 ximas
990 925 1024 952 ad
1051 925 1179 953 unionem
1204 926 1348 961 mysticam
1374 926 1583 962 dispositiones,
1608 935 1663 954 non

879 977 913 998 ex
932 970 1046 998 arbitrio
1062 975 1166 1004 nostro,
1192 971 1240 998 sed
1261 978 1296 998 ex
1319 971 1404 999 solius
1425 972 1554 999 benevola
1579 973 1662 1000 mise-

879 1016 964 1043 rentis
979 1023 1011 1042 ac
1030 1017 1168 1052 dignantis
1182 1016 1230 1044 Dei
1246 1017 1333 1051 gratia
1359 1018 1521 1052 dependere.
1535 1018 1584 1052 Qui
1601 1027 1662 1046 cum

878 1062 1009 1097 benignus
1025 1062 1058 1089 sit
1080 1070 1112 1090 ac
1127 1062 1221 1090 multm
1236 1063 1426 1096 miserationis,
1442 1064 1596 1098 dignatione
1612 1072 1662 1092 sua

878 1108 987 1142 copiose
1003 1115 1052 1135 nos
1072 1108 1214 1143 przevcnit,
1227 1113 1253 1136 et
1275 1109 1307 1136 ad
1323 1109 1414 1136 cordis
1425 1111 1533 1144 ,ostium
1556 1110 1658 1144 pulsat,

878 1156 906 1180 et
920 1158 1062 1188 exspectat
1083 1159 1112 1181 ut
1135 1154 1173 1181 illi
1188 1155 1289 1182 aditum
1304 1155 1510 1190 patefaciamus,
1522 1157 1661 1184 obstacula

878 1200 1050 1232 removendo,
1063 1204 1174 1234 paratus
1186 1207 1235 1228 nos
1248 1201 1365 1236 dirigere
1379 1208 1411 1229 ac
1425 1201 1559 1230 deducere
1574 1210 1661 1237 usque

878 1245 911 1271 ad
929 1250 1049 1272 montem
1069 1245 1150 1278 Oreb,
1166 1253 1197 1274 ac
1213 1253 1368 1281 supremum
1385 1248 1527 1283 theologiae
1542 1249 1661 1284 mysticae

878 1289 1034 1325 fastigium,
1062 1290 1209 1319 dummodo
1244 1292 1356 1327 jugibus
1389 1300 1420 1320 ac
1450 1293 1660 1321 ferventissimis

878 1335 965 1370 ipsum
977 1336 1102 1370 precibus
1113 1336 1279 1370 invocemus,
1292 1338 1402 1372 ductum
1414 1337 1472 1372 ejus
1487 1339 1660 1366 exactissime

878 1381 1063 1410 observantes.

1178 1427 1290 1456 CAPUT
1310 1428 1352 1456 lli.

976 1473 1053 1507 Quod
1065 1474 1098 1500 sit
1113 1474 1270 1509 principium
1287 1475 1403 1509 mystica:
1418 1474 1564 1510 theologia.

912 1519 978 1547 Cum
994 1521 1109 1554 ipsamet
1124 1521 1237 1555 mystica
1250 1520 1396 1555 theologia,
1413 1521 1477 1555 quid
1493 1522 1540 1556 sit,
1555 1526 1627 1550 recte
1643 1530 1659 1550 a

39 1575 91 1602 que
116 1569 225 1596 habite;
249 1570 276 1596 in
305 1578 420 1605 corpore
444 1573 554 1601 ευωίιο
580 1576 699 1608 peccatis
719 1577 754 1610 sb!
778 1586 827 1613 pro
842 1578 862 1606 ο
878 1568 968 1601 nobis,
992 1573 1021 1596 ut
1038 1568 1144 1603 opinor,
1169 1567 1279 1596 deﬁnita
1298 1568 1347 1600 sit,
1371 1573 1455 1596 restat
1478 1573 1506 1595 ut
1526 1569 1657 1603 originem

38 1612 162 1646 subjecto
187 1615 301 1648 requirit
331 1621 442 1643 mentem
468 1617 500 1643 ab
527 1619 597 1645 omni
629 1612 823 1650 inordinatione

38 1666 143 1691 puram.
159 1658 237 1691 Nam.
248 1664 277 1686 ut
294 1661 333 1687 ait
349 1661 439 1696 regius
453 1662 587 1697 Propheta
600 1673 606 1691 :
620 1664 686 1697 Quis
702 1668 823 1695 ascendet

38 1703 64 1729 in
81 1708 196 1731 montem
220 1705 339 1739 Domini,
363 1712 408 1733 aut
423 1708 481 1741 quis
502 1709 580 1736 stabit
601 1710 628 1736 in
653 1711 710 1738 loco
731 1718 822 1740 sancto

38 1748 112 1782 ejus,
136 1749 189 1776 nisi
206 1750 331 1778 innocens
353 1753 486 1786 manibus,
506 1759 530 1781 et
552 1755 650 1782 munda
666 1758 754 1790 corde,
776 1759 821 1793 qui

39 1801 90 1819 non
109 1795 206 1828 accepit
220 1795 247 1821 in
262 1803 328 1823 vano
340 1797 455 1824 animant
469 1807 545 1826 suam
555 1800 598 1827 ⁸⁸2
614 1801 683 1834 Quin
698 1807 725 1829 et
742 1804 823 1831 Chri-

37 1842 96 1866 stus
107 1847 114 1866 :
126 1839 214 1872 Beati,
227 1841 323 1875 inquit,
334 1844 431 1870 mundo
443 1845 529 1877 corde,
541 1847 662 1880 quoniam
675 1848 726 1882 ipsi
738 1849 821 1877 Deum

38 1884 165 1911 videbunt
179 1885 213 1912 ⁸⁵.
228 1885 313 1914 Porro
329 1887 392 1915 ﬁnis
407 1896 456 1923 per
470 1890 573 1919 hancce
593 1893 752 1928 sapientiam
777 1895 820 1922 in-

38 1934 142 1963 tentus,
156 1935 197 1957 est
218 1932 279 1958 unio
294 1941 352 1959 cum
372 1933 438 1968 Deo,
459 1941 560 1970 quanta
584 1939 711 1967 nimirum
733 1946 821 1976 potest

37 1974 64 2001 in
92 1975 142 2003 hac
169 1976 225 2004 vita
255 1978 391 2012 obtineri,
414 1983 565 2010 arctissima
591 1974 819 2022 suavissimaque.

36 2020 126 2048 Media
141 2030 206 2049 vero
223 2023 303 2058 hujus
319 2025 471 2054 obtinenda
491 2035 555 2056 sunt
574 2035 649 2058 actus
678 2020 820 2068 theologici

38 2070 276 2103 supernaturales,
303 2071 382 2105 ﬁdei,
406 2075 464 2108 spei
490 2080 517 2102 et
540 2076 697 2111 charitatis,
722 2080 821 2113 quibus

38 2114 192 2143 immediate
217 2124 295 2144 mens
311 2117 396 2145 Deum
419 2120 536 2156 attingit,
559 2129 608 2157 per
623 2122 702 2150 ﬁdem
718 2125 821 2154 scilicet

38 2161 195 2195 ealiginose,
208 2170 256 2196 per
272 2170 346 2197 spem
364 2172 504 2200 suspense,
520 2174 569 2201 per
583 2168 745 2198 eharilatem
760 2178 820 2205 per-

39 2206 117 2234 fecte.
141 2207 224 2236 Fides
237 2209 309 2236 enim
325 2218 385 2238 cum
403 2211 438 2238 sit
461 2219 643 2247 argumentum
666 2224 717 2242 non
739 2225 820 2251 appa-

39 2255 150 2280 rentium
163 2255 198 2288 ³⁷,
221 2260 263 2282 est
281 2256 368 2291 caligo
384 2257 434 2284 ista
458 2259 573 2293 mystica
597 2259 626 2287 S.
641 2260 724 2289 Paulo
741 2247 815 2289 e-t'S.
832 2247 857 2276 Ι)

39 2298 166 2332 Dienysio
188 2300 255 2327 adeo
271 2300 418 2338 celebrata,
440 2301 473 2328 tle
496 2310 549 2336 qua
568 2304 630 2330 vide
649 2312 710 2339 cap.
726 2305 737 2332 1
754 2311 781 2332 et
800 2305 819 2332 2

38 2342 118 2378 Myst.
142 2344 234 2375 theol.,
248 2350 275 2372 et
290 2346 368 2380 epist.
383 2346 398 2374 ὅ
414 2348 446 2373 ad
469 2347 645 2382 Dorotheum,
665 2355 747 2385 atque
767 2351 818 2378 ibi-

38 2388 96 2415 dem
115 2394 221 2416 nostras
240 2390 439 2418 adnotationes.
455 2390 522 2426 Spes
546 2399 610 2421 vero
632 2401 692 2420 cum
716 2394 753 2422 sit
774 2403 815 2422 re.

37 2443 94 2462 rum
117 2443 177 2469 quae
202 2437 317 2464 necdum
344 2438 516 2471 possidentur
528 2439 561 2470 ⁸³,
587 2440 743 2468 earumdem
767 2449 816 2468 ex-

37 2481 202 2515 spectatione
231 2489 263 2509 ac
290 2482 425 2510 desiderio
458 2485 576 2511 animum
615 2485 814 2519 quodammodo

38 2527 187 2560 suspendit,
202 2532 283 2562 atque
308 2529 343 2555 ita
363 2537 410 2564 per
428 2529 500 2556 illam
520 2530 633 2565 mystica
649 2529 680 2557 lit
696 2538 812 2565 suspen-

38 2572 85 2598 sio.
101 2572 227 2600 Charitas
242 2573 367 2608 denique,
382 2583 442 2602 cum
467 2575 503 2602 sit
526 2575 654 2602 vinculum
678 2575 814 2610 perfectio-

38 2618 75 2644 nis
85 2617 117 2650 ",
133 2627 193 2645 cum
211 2619 269 2653 ipso
284 2619 339 2647 Deo
353 2621 472 2648 animam
488 2620 649 2648 felicissime
663 2621 813 2657 conjungit.

37 2663 73 2690 Ac
93 2663 157 2691 ﬁdes
172 2665 282 2699 quidem
298 2665 473 2698 intellectum,
489 2674 550 2700 spes
564 2667 734 2699 memoriam,
749 2668 814 2695 cha-

38 2708 100 2736 ritas
121 2709 289 2737 voluntatem
312 2715 339 2737 et
359 2710 483 2738 all‘ectum
505 2719 586 2746 supra
602 2716 730 2738 naturam
751 2720 812 2748 my-

69 2788 91 2804 “
104 2789 170 2824 Sap.
187 2794 207 2821 ι,
222 2788 251 2815 4.
289 2789 312 2805 ⁸⁵
333 2789 403 2818 Psal.
423 2798 505 2823 XXIII,
518 2791 546 2824 5,
559 2789 586 2818 ι.
624 2790 648 2807 ⁸⁸
664 2790 759 2818 Matth.
783 2799 814 2826 v,

894 2792 916 2808 ⁸⁷
931 2792 997 2821 Heb.
1015 2800 1052 2825 χι,
1069 2793 1094 2820 l.

875 1615 934 1649 ejus
951 1615 1158 1649 investigemus.
1172 1613 1258 1649 Hujus
1274 1615 1356 1649 igitur
1367 1615 1530 1650 principium
1545 1620 1573 1642 et
1583 1615 1658 1649 origo

874 1660 997 1694 mystica.
1020 1660 1175 1694 theologia),
1190 1665 1220 1687 ut
1239 1660 1326 1688 sancti
1342 1659 1462 1695 Dionysii
1477 1660 1568 1688 verbis
1584 1665 1658 1693 utar,

873 1705 935 1734 fons
951 1711 993 1733 est
1013 1706 1085 1738 vitae,
1110 1707 1228 1733 essentia
1247 1706 1386 1739 bonitatis,
1403 1714 1455 1733 una
1479 1713 1569 1733 rerum
1592 1715 1654 1733 om-

873 1753 948 1780 nium
970 1760 1052 1780 causa
1076 1753 1206 1786 Trinitas,
1227 1760 1240 1779 a
1257 1761 1309 1787 qua
1331 1760 1380 1789 per
1401 1753 1532 1780 bonitatis
1555 1753 1657 1780 redun-

873 1797 1004 1830 dantiam,
1026 1797 1064 1824 uti
1084 1802 1192 1829 uetera,
1213 1797 1252 1824 sic
1272 1797 1353 1824 etiam
1374 1798 1459 1825 hocce
1473 1798 1566 1824 datum
1582 1798 1656 1831 opti-

872 1851 945 1871 mum
960 1848 988 1871 et
1007 1843 1106 1871 donum
1125 1843 1275 1877 perfectum
1298 1843 1492 1878 benignissime
1512 1842 1655 1878 proﬂuxit,

872 1889 1012 1917 desursum
1028 1889 1194 1917 descendens
1213 1896 1228 1916 a
1243 1889 1325 1916 Patre
1341 1889 1471 1916 luminum
1493 1896 1542 1923 per
1556 1888 1656 1916 Filium

872 1936 898 1964 in
925 1936 1029 1971 Spiritu
1052 1940 1160 1969 sancto,
1182 1936 1227 1969 qui
1250 1943 1298 1970 per
1322 1935 1372 1962 hoc
1398 1935 1498 1962 donum
1516 1936 1656 1969 sapientia:

872 1982 950 2010 nobis
977 1982 1057 2009 modo
1089 1981 1260 2009 nobilissimo
1286 1981 1513 2009 communicatur.
1536 1981 1606 2015 Quin
1627 1986 1656 2008 et

872 2028 992 2062 mystica:
1016 2027 1107 2054 omnis
1132 2034 1146 2054 a
1164 2027 1245 2054 Patre
1263 2031 1342 2054 mota:
1368 2026 1557 2054 illustratiouis
1578 2034 1654 2054 ema-

871 2073 944 2100 natio
963 2073 990 2100 in
1013 2081 1061 2100 nos
1075 2072 1195 2101 beneﬁce
1209 2074 1363 2107 exundans,
1377 2074 1476 2105 denuo,
1489 2080 1538 2100 ceu
1554 2073 1653 2101 uuiﬁca

870 2119 922 2151 vis,
939 2119 972 2145 ad
990 2126 1087 2153 supera
1112 2128 1160 2148 nos
1177 2121 1331 2147 revocando
1356 2119 1529 2153 simpliﬁcat,
1545 2124 1572 2146 et
1586 2127 1652 2147 eon-

869 2166 951 2192 vertit
965 2165 998 2192 ad
1016 2166 1208 2200 congregantis
1230 2165 1320 2192 Patris
1332 2165 1464 2192 unitatem
1481 2173 1512 2192 ac
1527 2165 1652 2192 deilicam

870 2211 1084 2247 simplicitatem,
1099 2218 1181 2247 atque
1195 2212 1227 2239 ad
1242 2219 1281 2244 se,
1295 2217 1325 2238 ut
1341 2211 1381 2239 fas
1395 2216 1446 2246 est,
1471 2212 1651 2244 attendentes,

868 2266 919 2293 pro
933 2257 1064 2293 cujusque
1079 2259 1241 2293 capacitale,
1259 2257 1457 2292 simplilicaliva
1479 2265 1527 2284 sua
1552 2258 1653 2285 unione

868 2303 985 2338 subrigit
1011 2303 1190 2338 uniﬁcatque.
1216 2303 1337 2330 Dicimus
1360 2303 1452 2337 itaque
1472 2311 1532 2330 cum
1556 2303 1652 2330 eodem

868 2355 961 2378 sancto
972 2350 1111 2385 Dionysio,
1124 2349 1364 2384 Dei-principalem
1382 2349 1586 2380 beatitudinem,
1603 2356 1652 2375 na-

869 2401 957 2423 turam
978 2396 1139 2428 divinitatis,
1157 2396 1320 2430 principium
1339 2395 1532 2427 deiﬁcationis,
1547 2402 1580 2421 ex
1596 2402 1651 2428 quo

868 2439 1010 2467 deiﬁcandi
1027 2440 1196 2473 dciﬁcantur,
1214 2439 1358 2474 mysticam
1380 2439 1542 2475 theologiam
1565 2439 1590 2466 in
1607 2447 1651 2466 sa-

867 2484 950 2511 lutem
964 2488 990 2511 et
1009 2484 1206 2512 deiﬁcatiouem
1221 2485 1360 2512 hominum
1376 2485 1556 2516 concessisse,
1569 2484 1652 2512 modo

868 2529 972 2556 scilicet
992 2530 1078 2564 magis
1098 2531 1281 2558 immateriato
1295 2535 1322 2558 et
1336 2530 1505 2566 spiritaliori,
1527 2537 1579 2556 non
1601 2537 1650 2556 ex-

869 2576 1004 2603 trinsecus
1026 2577 1060 2603 ad
1082 2575 1174 2603 divina
1193 2576 1338 2610 movendo,
1356 2577 1403 2604 sed
1427 2575 1588 2611 intelligibili
1603 2583 1649 2602 ra-

868 2620 940 2648 tione
966 2625 1049 2656 atque
1071 2622 1236 2650 intrinsecus
1256 2630 1323 2657 pura
1347 2622 1505 2656 liquidaque
1527 2621 1649 2647 illustra-

867 2667 942 2694 tione
965 2667 1162 2694 divinissimam
1180 2667 1214 2695 iis
1229 2668 1395 2695 voluntatem
1412 2667 1576 2694 irradiando.
1592 2665 1648 2693 llu-

863 2711 909 2745 jus
923 2717 1012 2740 autem
1032 2713 1130 2740 divinae
1145 2712 1322 2748 beatitudinis
1337 2713 1444 2741 bonitas
1461 2714 1554 2741 eadem
1575 2719 1648 2738 sem-

1131 2791 1154 2808 “
1169 2791 1248 2819 Rom.
1274 2800 1336 2826 vui,
1350 2791 1395 2818 24.
1433 2791 1456 2807 ⁸⁸
1472 2791 1530 2819 Col.
1544 2798 1585 2823 nt,
1600 2790 1646 2816 Η.

68 2867 104 2907 (ﬁ)
118 2868 190 2907 ‘Yide
207 2867 324 2896 (Euvres
352 2868 488 2903 completas
511 2870 543 2898 de
569 2870 653 2898 saiute
677 2868 802 2906 Tltéréte,
819 2873 840 2898 ι.
863 2869 912 2906 Ill,
933 2869 1132 2899 MontisRubri
1153 2870 1232 2906 1852,
1261 2870 1351 2907 in-i‘,
1383 2878 1414 2899 ex
1437 2869 1507 2904 typis
1529 2867 1646 2897 οιῐίείηπ

36 2901 185 2932 Catholica.
