1925 3070
245 163 279 191 99
813 151 842 179 S.
864 147 1049 179 DlON‘lSlUS
1065 143 1293 175 AREOPAGITA.

1828 137 1882 166 £00

244 229 295 257 per
315 224 343 247 et
365 218 463 245 eodem
482 215 562 244 modo
586 221 616 242 se
638 213 742 241 habens
754 212 789 242 ’°,
811 210 949 238 benelicos
968 208 1038 235 lucis
1052 210 1078 239 Α
1091 205 1247 233 lectualiter
1266 210 1296 230 se
1315 204 1482 236 componant
1501 199 1537 232 ",
1560 203 1642 233 atque
1661 197 1883 232 divino-princi-

946 256 949 257 ν
1125 251 1130 257 .
1208 250 1214 256 -
1419 246 1679 257 ημμωηηηεη,
1693 245 1869 257 ,ηηηημη

244 256 301 296 sua:
324 265 416 294 radios
440 262 547 291 cunctis
572 259 660 288 oculis
686 258 851 286 mentalibus
876 256 1037 284 luculenter

245 312 385 349 expandit,
404 311 527 344 adeoque
542 309 564 336 si
581 312 733 342 spontanea
748 307 840 332 mente
859 302 1038 338 praeditorum

245 358 355 387 arbitrii
379 357 496 384 libertas
511 353 634 388 spiritale
656 352 748 378 lumen
765 350 883 382 deserat,
900 356 915 375 a
935 351 1035 374 natura

245 405 298 433 sibi
322 404 422 431 insitas
452 401 504 428 luci
531 398 698 433 excipiendae
723 397 814 429 vires,
839 401 934 422 amore
960 392 1038 428 parvi

245 450 427 487 praecludens,
445 446 572 482 praesenti
589 445 697 480 quidem
714 443 769 470 luci
784 449 813 469 se
828 440 966 473 subducit,
981 439 1040 466 haec

246 503 338 525 tamen
355 503 417 523 eam
443 494 557 521 minime
573 491 708 522 destituit,
727 491 774 517 sed
790 489 832 516 vel
848 487 1039 515 conniventem

247 543 399 574 illuminat,
415 545 498 575 alque
514 537 653 566 aversanti
677 535 795 570 benigne
809 541 924 569 prorsus
942 539 1040 560 occur-

245 591 283 618 rit
293 589 327 616 ⁹¹.
350 587 481 622 Quisquis
497 586 580 621 igitur
594 585 627 611 ad
644 583 757 611 insitum
772 589 788 609 a
803 581 859 608 Deo
874 584 982 607 naturze
997 578 1039 605 lu-

247 643 310 663 men
328 633 491 664 recurrerit,
512 630 646 667 principio
667 629 776 664 quidem
796 635 858 655 cum
872 626 920 653 Dei
935 625 1042 659 adjuto-

247 682 300 714 rio,
318 681 379 716 quis
395 679 507 707 tandem
529 678 588 713 ipse
603 677 640 704 sit
658 675 772 706 videbit,
787 675 895 708 hocque
909 672 979 700 lucis
992 679 1041 699 ac-

248 728 373 755 cessione
389 733 488 754 munus
503 732 613 752 sacrum
627 724 741 751 referet.
757 721 843 748 Porro
863 719 911 755 qui
928 718 1040 754 propria

248 780 297 800 sua
312 771 444 800 irreﬂexis
457 770 544 798 oculis
555 767 786 799 consideraverit,
802 766 912 793 abditas
929 765 1040 799 quidem

248 819 430 856 ignorationis
443 824 500 846 sua:
513 815 642 844 tenebras
654 812 819 845 eliminabit,
832 811 1043 848 perfectissima:

248 871 339 894 tamen
355 865 402 892 Del
419 863 530 891 unionis
550 866 578 889 et
593 859 815 896 participationis
831 859 921 886 adhuc
932 863 1040 889 exsors,

248 912 369 946 ejusdem
387 910 524 938 desiderio
546 912 644 944 sponte
666 914 720 934 non
743 905 891 937 aiiicietur,
910 904 959 932 sed
975 910 1041 931 sen-

248 959 300 986 sim
323 957 440 992 primum
454 963 469 983 a
483 955 603 991 propriis
617 953 652 981 ad
666 953 787 988 potiora,
802 956 831 979 et
847 959 880 978 ex
898 951 931 978 iis
945 951 979 978 ad
995 958 1043 985 po-

248 1004 365 1035 tissima,
378 1011 428 1031 nec
443 1010 496 1030 non
511 1001 650 1036 perfectus
666 999 777 1027 tandem
791 1006 840 1034 per
852 998 899 1026 Dei
913 997 1041 1033 gratiam,

248 1050 283 1077 ad
304 1046 596 1084 divino-principalem
634 1045 783 1077 unionem,
810 1050 890 1071 sacro
924 1042 1042 1077 quodam

247 1095 347 1124 ordine
372 1095 517 1123 evehetur.
531 1094 578 1121 Sic
593 1097 685 1120 autem
701 1090 852 1118 adductum
868 1089 960 1117 divina
977 1088 1042 1116 bea-

248 1142 339 1170 titudo
356 1141 390 1169 ad
409 1141 452 1169 sui
466 1140 587 1167 admittit
601 1137 896 1168 communicationem,
913 1135 1044 1171 propria:-

249 1195 303 1224 qne
320 1188 389 1216 lueis
415 1189 502 1215 instar
519 1186 591 1221 signi
613 1184 756 1219 cujusdam
772 1184 862 1219 ipsum
877 1182 1042 1218 participat,

249 1235 307 1264 Deo
321 1235 446 1261 intimum
470 1233 597 1265 reddens,
614 1236 697 1265 atque
712 1233 870 1258 consortem
897 1234 1043 1255 munerum

249 1281 416 1309 divinorum.
432 1278 526 1313 Neque
538 1278 610 1305 enim
627 1277 683 1304 vita
695 1276 773 1303 nobis
788 1279 831 1302 est
848 1274 892 1302 cui
910 1274 951 1300 vis
966 1272 1042 1300 illata

250 1327 287 1355 sit
305 1325 348 1353 vel
372 1324 499 1360 imposita
524 1323 675 1351 necessitas
696 1323 736 1355 ",
760 1328 849 1356 neque
873 1327 939 1347 vero
961 1319 1044 1347 etiam

250 1379 345 1399 eorum
359 1371 457 1406 quibus
474 1370 632 1405 providetur
647 1368 788 1399 libertate,
804 1366 907 1394 divina:
924 1365 1046 1392 illustra-

252 1417 334 1444 tionis
350 1424 364 1443 a
387 1415 564 1443 Providentia
589 1414 727 1442 manantis
744 1412 813 1440 radii
836 1412 1045 1443 obtunduntur;

251 1462 300 1490 sed
326 1461 470 1490 oculorum
500 1460 660 1488 mentalium
695 1457 887 1486 dissitnilitudo
913 1456 995 1487 facit,
1017 1461 1048 1483 ut

250 1509 396 1536 exundans
412 1512 535 1542 paterna:
549 1505 680 1534 bonitatis
697 1503 858 1535 illustratio,
872 1502 916 1529 vel
934 1503 1046 1529 omnino

1089 251 1177 286 palem
1193 248 1401 277 similitudinem
1417 246 1679 282 snpermundialiter
1691 245 1882 279 contemplari.

1090 301 1142 328 tes,
1157 295 1191 322 ad
1206 294 1330 322 eamdem
1344 293 1464 328 speciem
1479 300 1557 320 suam
1573 296 1708 318 conentur
1722 289 1883 321 ell'ormarc,

1088 342 1149 378 jure
1169 341 1268 368 merito
1284 339 1412 367 uberiore
1431 345 1541 373 quoque
1555 337 1676 371 gaudent
1691 335 1750 369 ejus
1766 335 1886 370 partici-

1090 388 1211 423 patione,
1228 386 1301 422 quod
1317 385 1374 413 sint
1389 383 1502 414 assidui,
1519 390 1552 410 ac
1567 389 1676 416 semper
1692 382 1725 409 ad
1741 381 1886 408 anteriora

1091 440 1227 468 nunquam
1250 430 1399 458 fatiscentis
1415 429 1518 456 amoris
1535 428 1710 456 contentione
1735 434 1763 454 se
1781 431 1886 454 exten-

1090 479 1174 511 dant,
1196 483 1224 506 et
1243 477 1435 513 primordiales
1450 475 1645 503 illustrationes
1661 474 1887 501 immaterialiter

1092 526 1249 561 liquidoque
1262 524 1425 559 suscipiant,
1442 527 1525 557 atque
1539 522 1573 549 ad
1588 521 1699 549 easdem
1715 527 1887 554 componan-

1092 577 1146 606 tur,
1171 573 1312 606 vitantque
1337 577 1446 598 omnem
1476 569 1597 597 habeant
1629 568 1794 603 spiritalem.
1818 566 1886 594 Puri

1091 618 1227 653 siquidem
1250 616 1379 644 censendi
1391 616 1432 648 “,
1457 622 1511 642 non
1535 614 1613 650 quasi
1631 622 1646 641 a
1671 613 1786 641 maculis
1810 613 1886 640 dun-

1093 669 1168 692 taxat
1182 663 1296 697 'mpnris
1310 662 1566 696 colluvionibusqne
1579 662 1634 689 sint
1648 660 1739 690 liberi.
1750 660 1792 687 vel
1808 659 1884 695 quod

1093 709 1278 738 materialibus
1308 708 1471 743 imaginibus
1491 707 1603 734 minime
1629 707 1804 738 adhmreant,
1835 706 1886 732 sed

1093 757 1164 792 quod
1179 755 1253 783 omni
1270 762 1299 783 re
1314 759 1407 782 creata
1421 753 1549 781 celsiores
1558 761 1614 788 prie
1626 759 1732 779 summa
1747 751 1886 792 puritate,

1093 788 1136 828 vel
1150 800 1268 828 maxime
1281 799 1460 827 deiformibus
1476 798 1626 825 virtutibus
1641 798 1697 825 sint
1716 788 1887 830 coordinati,

1094 848 1254 882 ordinisquc
1270 847 1311 874 sui
1330 850 1432 873 motum
1448 845 1589 880 proprium
1605 843 1822 878 acquabilemque
1835 850 1887 878 per

1095 900 1214 921 amorem
1231 892 1278 920 Dei
1295 895 1455 919 constanter
1471 895 1582 917 teneant
1603 889 1779 922 invarialum,
1795 895 1888 923 neque

1096 939 1177 966 ullam
1201 938 1227 966 in
1254 937 1376 965 deterius
1399 936 1547 964 admittant
1573 935 1810 966 imminutionem,
1836 933 1888 961 sed

1096 985 1291 1013 inconcussam
1313 989 1423 1016 semper
1435 987 1463 1010 et
1478 981 1646 1009 immobilem
1663 980 1805 1008 deiformis
1828 988 1888 1008 sua:

1094 1029 1272 1066 proprietatis
1290 1030 1383 1056 sedem
1405 1027 1538 1055 habeant.
1558 1026 1794 1061 Contemplatores
1819 1025 1887 1052 item

1095 1084 1149 1104 non
1171 1076 1248 1111 quasi
1272 1073 1475 1110 symbolorum,
1497 1080 1558 1108 quae
1581 1080 1663 1100 sensu
1682 1072 1726 1099 vel
1748 1072 1888 1106 imagina-

1095 1123 1170 1150 tione
1198 1122 1398 1157 percipiantur,
1425 1124 1610 1155 speetatores,
1634 1125 1723 1153 neque
1749 1118 1887 1146 varietate

1095 1170 1228 1197 duntaxat
1242 1175 1384 1196 sacrarum
1401 1166 1607 1202 Scripturarum
1625 1165 1659 1193 ad
1675 1165 1760 1193 Deum
1774 1164 1888 1192 elevan-

1096 1220 1150 1248 tur,
1173 1215 1221 1243 sed
1237 1214 1311 1242 omni
1335 1214 1493 1249 cognitione
1508 1212 1625 1248 simplici
1650 1212 1756 1240 altioris
1772 1211 1888 1239 luminis

1095 1261 1248 1296 replentur,
1269 1265 1352 1294 atque
1377 1258 1611 1293 contemplatione
1633 1258 1708 1285 illius
1727 1257 1886 1293 pulchritu-

1096 1307 1178 1339 dinis,
1200 1314 1260 1342 qum
1281 1306 1404 1334 ell‘ectrix
1418 1311 1447 1333 et
1462 1306 1539 1340 origo
1563 1305 1653 1333 omnis
1671 1304 1889 1340 pulchritudinis

1096 1356 1200 1390 existit,
1220 1362 1335 1391 quaeque
1351 1361 1433 1390 supra
1451 1353 1633 1381 substantiam
1652 1357 1695 1380 est
1709 1356 1736 1379 et
1751 1351 1778 1379 in
1796 1351 1890 1378 Trini-

1097 1407 1154 1430 tate
1177 1401 1402 1437 supraspleudet,
1419 1405 1552 1435 quantum
1575 1398 1680 1425 homini
1698 1397 1739 1426 fas
1757 1402 1800 1425 est
1820 1399 1889 1426 reii-

1098 1449 1217 1477 ciuntnr.
1237 1447 1443 1476 Communionis
1461 1453 1569 1481 quoque
1592 1445 1656 1473 Jesu
1678 1445 1805 1472 similiter
1823 1453 1891 1480 par-

1099 1497 1194 1531 ticipes
1213 1495 1291 1528 ﬁunt,
1305 1502 1359 1521 non
1373 1493 1453 1528 quasi
1470 1493 1496 1520 in
1513 1491 1676 1528 imaginibus
1692 1497 1786 1519 sancte
1800 1492 1890 1520 infor-

251 1561 328 1581 cassa
343 1555 389 1585 sit,
404 1558 431 1581 et
447 1558 558 1588 propter
572 1560 667 1579 eorum
687 1550 898 1586 repugnantiam
923 1548 1044 1582 inutilis,
1060 1557 1085 1589 ο
1100 1544 1192 1575 malis.
1210 1550 1269 1577 qum
1287 1541 1371 1568 νεΙιιιὶ
1396 1540 1492 1567 forma:
1509 1539 1536 1566 in
1560 1539 1626 1574 ipsis
1644 1539 1770 1566 deiﬁcam
1790 1539 1889 1566 simili-

252 1600 295 1627 \‘el
309 1599 368 1635 ejus
384 1600 611 1634 participationcs
632 1599 754 1625 existant
770 1596 934 1632 inatquales,
954 1602 1046 1630 parvae

251 1646 294 1673 vel
318 1653 433 1680 inagna,
455 1645 583 1673 obscura:
606 1644 649 1672 vel
675 1643 767 1675 clarm.
788 1651 851 1670 cum
868 1650 939 1670 unus
963 1641 999 1668 sit
1019 1645 1047 1667 et

252 1692 385 1728 simplex,
409 1692 561 1726 eodemque
577 1692 658 1718 modo
680 1698 790 1726 semper
813 1697 842 1717 se
863 1689 963 1717 habeat
984 1687 1045 1714 fon-

253 1740 315 1768 talis
330 1739 375 1767 ille
390 1740 498 1773 radius,
514 1739 558 1773 qui
573 1739 676 1772 jugitcr
691 1742 736 1764 est
750 1743 903 1772 expensus.

559 1807 674 1836 CAPUT
694 1807 740 1836 Ν.

409 1866 476 1899 Quis
489 1866 522 1893 sit
537 1865 597 1900 ﬁnis
611 1866 729 1901 mystice
746 1864 893 1900 theologica.

289 1923 385 1952 Omnis
398 1931 482 1958 porro
500 1922 623 1958 mystica:
645 1922 788 1957 theologia:
811 1929 911 1956 scopus
925 1925 967 1949 est
981 1929 1045 1957 erga

254 1970 340 1997 Deum
356 1974 384 1996 et
403 1976 446 1996 res
464 1970 571 1997 divinas
584 1969 713 1996 continua
729 1967 840 1994 dilectio
851 1966 885 2000 ³³,
902 1975 962 2002 qua!
979 1967 1047 1994 divi-

254 2015 329 2042 nitus
343 2015 485 2047 inseritur,
500 2019 528 2042 et
545 2022 594 2049 per
609 2014 668 2049 ejus
681 2013 810 2041 unionem
827 2018 1045 2045 consummatur,

254 2069 370 2096 quaeque
386 2061 437 2088 hac
453 2061 530 2095 prior
545 2065 598 2094 est,
612 2060 652 2087 illi
668 2059 875 2087 adversantium
890 2059 1046 2086 omnimoda

254 2111 283 2134 et
305 2107 502 2134 irrevertibilis
524 2106 604 2142 fuga;
630 2105 750 2140 cognitio
767 2105 813 2132 Dei
836 2104 1046 2139 perfectissima,

255 2158 284 2180 et
307 2154 439 2188 simplicis
466 2152 647 2188 perfectionis
675 2151 734 2185 ejus
757 2151 849 2178 divina
874 2150 1047 2185 partieipatio

256 2198 416 2233 l‘rnitioqne,
430 2206 490 2233 quae
503 2205 612 2224 omnem
634 2196 681 2223 Dei
704 2195 953 2230 contemplatorem
967 2195 1048 2230 spiri-

1099 1590 1221 1616 tudinem
1236 1587 1405 1622 exprimant,
1423 1586 1471 1613 sed
1489 1589 1619 1620 tanquam
1634 1593 1697 1613 vere
1711 1585 1744 1612 ad
1763 1592 1824 1612 eum
1841 1592 1890 1619 ap-

1097 1635 1329 1671 propinquantes,
1352 1631 1380 1658 in
1402 1631 1460 1666 ipsa
1488 1631 1575 1666 prima
1608 1631 1817 1665 participatione
1838 1638 1889 1657 co-

1098 1681 1228 1718 gnitionis
1258 1679 1389 1706 luminum
1420 1677 1479 1712 ejus
1507 1676 1683 1709 deilicorum,
1707 1676 1779 1711 quod
1804 1676 1889 1703 Deum

1098 1727 1222 1756 imitandi
1239 1727 1308 1754 ratio
1323 1726 1520 1754 sublimissimo
1536 1724 1602 1759 ipsis
1619 1723 1699 1750 modo
1720 1722 1756 1750 sit
1771 1721 1888 1753 indulta,

1097 1779 1126 1802 et
1140 1774 1167 1800 in
1183 1773 1328 1808 primaeva,
1347 1776 1480 1807 quantum
1498 1770 1607 1805 quidem
1626 1769 1666 1796 l'as
1685 1772 1737 1801 est,
1754 1767 1889 1802 potentia,

1098 1822 1197 1850 divinis
1212 1821 1271 1855 ejus
1296 1821 1479 1855 humanisque
1503 1819 1653 1846 virtutibus
1672 1817 1887 1845 communicent.

1098 1869 1231 1897 Similiter
1246 1866 1361 1902 perfecti
1378 1871 1451 1900 sunt,
1468 1874 1520 1893 non
1538 1866 1617 1900 quasi
1631 1863 1778 1891 varietates
1793 1869 1889 1890 sacras

1098 1917 1250 1946 resolvendi
1273 1918 1386 1946 scientia
1410 1917 1466 1944 sint
1491 1916 1638 1948 illustrati,
1663 1915 1710 1942 sed
1734 1913 1805 1948 quod
1829 1913 1888 1946 pri-

1099 1964 1185 1991 maria
1211 1969 1239 1991 et
1258 1963 1434 1999 przccellenle
1451 1963 1499 1990 Dei
1527 1962 1630 1989 unione
1651 1961 1795 1990 satientur,
1810 1958 1888 1994 juxta

1098 2017 1253 2045 supremam
1269 2009 1360 2042 illam,
1384 2009 1462 2044 cujus
1478 2015 1593 2042 capaces
1607 2010 1671 2034 sunt
1685 2003 1825 2037 mortales,
1846 2004 1889 2029 di-

1098 2057 1155 2083 vini
1175 2055 1280 2083 amoris
1294 2055 1479 2086 inﬂuentiam;
1498 2053 1632 2087 siquidem
1649 2051 1682 2078 ab
1706 2050 1823 2084 ipsamet
1846 2048 1889 2075 di-

1098 2103 1211 2130 vinitate
1226 2103 1313 2130 sacris
1337 2102 1465 2136 mysticis
1489 2100 1645 2130 initiantur,
1667 2097 1730 2124 dum
1753 2096 1786 2123 ad
1804 2095 1887 2122 Deum

1098 2157 1146 2184 per
1158 2149 1332 2176 dilectionem
1347 2148 1537 2182 subriguntur,
1553 2152 1603 2172 nec
1620 2151 1674 2170 non
1691 2143 1717 2169 in
1734 2149 1767 2169 eo
1782 2148 1887 2168 summa

1098 2195 1217 2229 puritate
1237 2201 1400 2229 summaque
1419 2191 1575 2220 constantia
1600 2189 1788 2220 stabilinntur,
1805 2193 1887 2222 atque

256 2244 304 2271 tali
331 2244 413 2271 modo
440 2243 529 2270 reﬁcit
555 2243 730 2277 deiﬁcatqne.
754 2241 823 2268 Cum
850 2240 921 2268 enim
948 2241 1047 2267 habeat
1063 2237 1085 2264 D
1100 2240 1355 2275 supernaturalibus
1368 2239 1523 2266 divinorum
1539 2244 1651 2271 operum
1675 2234 1836 2266 rationibus,
1853 2233 1886 2260 ab

256 2291 342 2318 Deum
358 2290 447 2317 omnis
470 2297 558 2317 sacrae
576 2296 632 2316 suae
648 2295 756 2315 arcana:
771 2295 833 2314 cum
847 2287 970 2314 scientiae
991 2290 1045 2313 luIn

256 2336 425 2371 operationis
441 2335 522 2363 ﬁnem
533 2336 568 2369 “,
583 2336 617 2362 ad
634 2334 836 2362 divinissimum
850 2333 909 2368 ejus
921 2334 1046 2360 decorem

257 2386 417 2409 constanter
437 2381 579 2413 intuendo,
600 2380 728 2408 eumdem
744 2379 834 2414 quoad
850 2383 940 2413 potest
954 2379 1046 2412 expri-

257 2428 317 2460 mit,
332 2434 382 2454 nec
397 2433 451 2453 non
467 2426 577 2453 divinos
592 2424 634 2452 sui
657 2428 811 2455 consortes,
826 2430 905 2450 sacra
923 2422 1047 2456 qnatdam

257 2473 363 2508 perlicit
379 2472 525 2500 simulacra
541 2472 706 2506 speculaque
729 2469 882 2498 clarissima
902 2474 929 2497 et
951 2469 1048 2496 imma-

258 2519 361 2552 culata,
382 2527 443 2554 qua:
465 2519 612 2554 primitivce
635 2519 720 2551 lucis,
745 2524 914 2551 summaeque
938 2515 1048 2543 deitatis

258 2565 363 2592 radium
388 2566 539 2600 excipiant,
556 2569 583 2592 et
607 2565 633 2591 in
651 2564 736 2592 Deum
758 2564 847 2598 ipsum
871 2571 887 2590 a
907 2570 960 2596 quo
983 2570 1047 2596 pro-

258 2612 350 2645 lluxit,
373 2612 559 2639 sincerissime
578 2610 731 2639 reﬂectant.
756 2610 824 2638 llinc
841 2609 951 2645 mystici
971 2609 1048 2636 theo-

259 2658 312 2693 logi
335 2658 465 2693 primario
489 2658 731 2693 multipliciterque
756 2657 838 2684 Deum
862 2655 1063 2691 participant,‘

258 2709 286 2730 et
308 2704 511 2731 sublimissimis
528 2712 561 2731 ac
578 2704 670 2731 multis
686 2703 772 2731 modis
792 2710 926 2731 arcanum
941 2702 989 2729 Dei
1003 2709 1049 2729 co-

259 2754 403 2785 gnoscunt.
426 2750 494 2777 Cum
517 2750 591 2779 enim
613 2751 647 2778 ad
673 2750 834 2778 imitandum
858 2748 945 2778 Deum
968 2748 1050 2776 intel-

1100 2286 1216 2321 ipsomet
1237 2286 1331 2313 divino
1362 2285 1515 2320 principatu
1541 2282 1720 2312 θεοδιδάκτοις
1743 2288 1886 2316 μυσταγω-

1099 2331 1173 2366 γιαις
1188 2331 1363 2358 erudiuntur.
1380 2329 1458 2357 Unde
1476 2328 1516 2360 ﬁt,
1540 2332 1568 2354 ut
1581 2326 1687 2362 tnystici
1703 2325 1819 2360 theologi
1843 2332 1886 2351 re-

1099 2377 1225 2405 conditos
1250 2384 1374 2412 quosque
1402 2375 1553 2410 Scriptura:
1589 2380 1686 2400 sensus
1708 2377 1736 2399 et
1759 2371 1886 2399 scientias

1100 2423 1212 2457 quasvis
1238 2422 1380 2450 naturales
1403 2421 1483 2456 longe
1504 2419 1584 2447 aliter
1601 2426 1682 2453 quam
1707 2418 1753 2445 alii
1777 2417 1885 2452 (quippe

1101 2469 1356 2504 supernaturaliter)
1370 2467 1522 2502 intelligant
1534 2469 1742 2501 penetrentque,
1757 2471 1816 2491 cum
1831 2470 1883 2490 non

1102 2515 1204 2542 dividui
1222 2520 1268 2542 aut
1285 2523 1300 2542 e
1313 2514 1444 2547 dividuis,
1459 2514 1501 2541 vel
1518 2513 1655 2545 sensibus,
1672 2511 1713 2538 vel
1734 2510 1883 2537 rationibus

1102 2561 1296 2588 ratiocinando
1316 2560 1445 2595 colligant
1457 2560 1611 2592 scientiatn,
1624 2558 1670 2586 sed
1684 2557 1718 2584 ab
1734 2556 1807 2583 omni
1826 2562 1883 2583 ma-

1103 2607 1190 2634 teriali
1206 2615 1238 2635 ac
1261 2607 1385 2635 sensibili
1408 2606 1564 2642 pluralitate
1581 2605 1657 2640 puri,
1674 2611 1689 2630 a
1705 2601 1817 2630 materia
1840 2609 1883 2628 se-

1102 2657 1178 2680 creto
1197 2658 1278 2687 atque
1304 2652 1434 2680 uniformi
1460 2653 1540 2679 modo
1565 2649 1680 2686 spiritali
1704 2655 1736 2675 ea
1759 2647 1881 2682 capiant,

1101 2707 1273 2734 quaeauuque
1286 2699 1328 2726 vel
1352 2700 1378 2726 in
1394 2699 1494 2726 divinis
1510 2698 1551 2726 vel
1570 2698 1596 2724 in
1618 2695 1745 2724 humanis
1764 2694 1882 2722 scientiis

1101 2746 1217 2782 intelligi
1234 2751 1360 2781 possunt.
1377 2746 1424 2773 Est
1438 2746 1511 2773 enim
1532 2744 1586 2772 illis
1606 2744 1647 2770 vis
1659 2742 1680 2758 "
1692 2742 1814 2776 quaedam
1829 2741 1882 2776 spi-

261 2850 285 2866 ⁹⁶
304 2852 375 2879 Ιιῖτι-ι.
402 2854 467 2880 In‘er.
483 2861 543 2889 cap.
561 2853 586 2880 l.
626 2853 647 2869 ’ί
669 2853 742 2881 Eccl.
765 2854 831 2880 hier.
844 2861 906 2889 cap.
921 2853 949 2880 ‘3.
989 2850 1013 2889 '_'
1032 2847 1043 2874 (

1096 2869 1109 2889 ,Π
1130 2848 1196 2877 hizr.
1214 2858 1273 2886 cap.
1287 2851 1314 2878 9.
1347 2850 1375 2889 ξι
1395 2847 1466 2875 Eccl.
1479 2847 1544 2874 hier.
1565 2852 1625 2881 cap.
1641 2845 1665 2874 ι.
1703 2847 1726 2862 ⁸⁵
1741 2844 1804 2874 Car-1.
1821 2847 1882 2875 iii".

260 2895 319 2923 cup.
337 2889 363 2915 5.
402 2889 424 2905 ³⁸
445 2889 529 2924 lbi-4.,
545 2897 604 2924 cap.
620 2889 646 2916 4.
662 2890 685 2906 ’⁸
702 2890 786 2924 ιωα..
802 2897 862 2926 cap.
882 2890 909 2918 7.

948 2889 970 2906 '7
991 2886 1028 2914 De
1054 2884 1140 2914 divin.
1165 2884 1327 2921 nom.,cap.
1347 2886 1373 2913 7.
