1925 3070
58 153 103 181 101
723 148 848 177 Ρῐιοιλιῐι

908 147 994 175 lENA.

57 204 141 236 ritalis
153 212 234 242 atque
249 207 374 243 operatio
385 206 554 241 impermista
567 213 650 241 atque
665 205 838 234 immaculata

57 255 171 290 puritate
188 254 377 290 resplendens,
389 259 417 280 et
428 253 576 288 conspicax
591 253 745 280 divinarum
762 253 841 280 intel-

57 300 237 335 ligentiarum,
250 307 310 334 qute
326 306 376 334 per
388 298 531 326 divisionis
545 305 577 324 ac
598 299 720 325 materiae
741 305 841 325 caren-

58 347 132 379 tiam,
147 345 274 373 deiformi
292 345 398 372 unitate
416 344 450 370 ad
465 343 585 370 divinam
599 348 627 371 et
642 344 784 379 plusquam
798 351 842 371 sa-

57 393 170 427 pientem
189 395 310 418 mentem
324 398 357 418 ac
370 390 506 418 rationem
523 389 655 418 divinitus
670 389 840 417 ell'ormatur.

58 439 122 466 Hinc
143 437 251 474 mystici
268 436 387 471 theologi
409 437 462 464 hoc
483 444 594 470 quoque
611 443 719 464 sacrum
743 444 843 466 ntuuus

59 486 186 519 referunt,
198 489 228 511 ut
240 485 313 519 qttod
324 484 477 511 divinorum
499 483 621 510 omnium
639 483 840 511 divinissimum

58 537 112 566 est,
131 531 159 559 iu
180 531 270 559 salute
290 538 322 558 ac
340 529 512 565 perfectione
529 529 719 564 proximorum
741 537 844 565 procu-

59 578 150 610 randa,
166 577 258 605 divino
275 584 387 612 prorsus
409 581 436 603 et
458 575 634 604 eminentiori
660 584 716 611 prae
737 576 844 604 caeteris

58 625 135 651 modo
149 624 291 658 ipsiusmet
304 623 352 650 Dei
365 627 558 657 cooperatores
570 622 704 655 existant;
722 629 774 650 uott
788 629 845 649 om-

59 670 121 698 nino
135 670 230 697 dissita
248 669 284 697 ab
298 670 395 697 ordine
411 668 520 697 cmlesti
541 669 728 696 insinuatione
743 670 769 696 in
786 669 845 696 ani-

58 725 116 745 mos
130 717 273 745 hominum
291 716 440 750 induendo,
459 720 487 744 et
513 723 528 742 a
548 716 691 751 quibusvis
709 716 783 743 vitiis
804 720 846 743 at-

58 771 110 799 que
125 763 379 799 imperfectionibus
401 764 435 792 ad
455 771 564 792 omnem
584 764 713 792 virtutem
735 767 764 792 et
784 763 847 792 vitae

59 810 230 838 sanctitatem
249 810 428 838 traducendo.

365 877 480 906 CAPUT
499 878 532 907 V.

77 935 204 968 Quanam
217 934 445 971 prterequt'rantur
457 934 491 962 ad
508 935 645 970 mysticam
658 935 827 970 theologiam.

93 992 133 1020 Ad
149 993 220 1020 hanc
237 991 399 1027 theologiam
415 990 439 1007 π
460 992 622 1026 cumprimis
643 992 851 1027 prmrequiritur

59 1043 146 1066 scitus
171 1038 282 1073 quidant
304 1037 523 1073 supernaturalis
545 1038 596 1073 ipsi
615 1039 850 1074 proportionatus,

58 1085 104 1120 qui
120 1093 181 1112 cum
197 1085 234 1112 sit
258 1084 337 1119 quasi
363 1084 487 1119 quaedam
504 1085 590 1112 altera
606 1085 734 1112 nativitas
746 1085 849 1118 divina,

59 1139 197 1166 nunquam
220 1138 286 1158 sane
311 1130 488 1164 intellexerit,
514 1131 612 1159 nedum
635 1132 753 1167 gesserit
773 1133 853 1167 quid-

58 1179 131 1213 piam
157 1178 306 1205 secundum
333 1177 476 1213 mysticam
500 1177 677 1214 theologiam,
693 1178 736 1206 cui
749 1186 783 1206 ne
794 1180 853 1214 ipse

58 1224 169 1259 quidem
185 1227 273 1250 status
290 1223 334 1250 hic
355 1223 485 1251 divinitus
508 1223 616 1252 amatus
640 1224 687 1252 sit.
702 1225 809 1253 Etenim
825 1231 854 1253 et

59 1270 140 1297 nobis
154 1270 285 1303 (humano
303 1269 431 1304 loquendi
457 1270 548 1306 modo)
565 1271 711 1300 existentia
734 1273 851 1307 primum

59 1325 129 1352 opus
142 1322 198 1349 est,
215 1321 245 1343 ut
259 1316 388 1351 deinceps
408 1324 468 1352 quae
487 1318 573 1345 nostri
589 1317 639 1346 fori
659 1323 732 1351 sunt,
748 1324 852 1347 tracte-

57 1371 131 1397 mus,
151 1371 213 1391 cum
227 1363 253 1390 id
267 1364 340 1398 quod
364 1363 440 1391 nullo
464 1364 544 1392 modo
567 1365 671 1397 existit,
687 1373 775 1400 neque
793 1373 853 1393 mo-

58 1411 162 1438 tionem
188 1418 276 1446 neque
300 1410 481 1438 substantiam
504 1411 616 1438 omnino
641 1412 758 1445 habeat;
781 1413 854 1448 quod

59 1461 153 1485 autem
180 1465 288 1493 quoquo
314 1465 394 1493 pacto
419 1463 470 1491 est,
497 1465 529 1484 ea
556 1459 664 1485 demum
690 1463 718 1486 et
743 1464 804 1494 agat
827 1464 854 1486 et

58 1503 192 1538 patiatur,
207 1511 267 1538 quae
292 1508 396 1531 natura:
417 1508 560 1538 Statusque
584 1508 648 1530 sunt
662 1504 714 1532 sui.
733 1504 854 1532 Dicimus

60 1551 155 1585 itaque
170 1550 289 1578 assiduis
301 1550 334 1577 ad
349 1550 434 1578 Deutn
452 1550 617 1577 connitendo
630 1551 852 1585 aspirationibus,

59 1601 144 1631 atque
170 1597 298 1625 totalibus
323 1598 523 1625 contrariorum
546 1597 802 1626 mortilicationibus
825 1590 890 1626 etc

60 1643 258 1671 abolitiouibus
274 1644 397 1672 homines
405 1644 543 1678 spiritales
556 1648 644 1671 stattts
660 1643 739 1678 hujus
753 1645 856 1672 deifor—

60 1689 113 1716 mis
127 1689 351 1717 immutabilitate
374 1689 468 1724 potiri.
490 1689 548 1716 Non
562 1690 633 1717 enirn
649 1690 682 1717 ab
696 1691 769 1717 omni
784 1691 856 1718 dun-

60 1740 137 1762 taxat
150 1736 253 1763 malitia
266 1736 332 1770 ipsis
345 1736 526 1763 recedendum
540 1741 592 1769 est,
607 1737 654 1764 sed
667 1736 856 1764 obduraudum

58 1783 190 1816 viriliter,
207 1787 235 1810 et
259 1783 444 1818 imperterrite
466 1790 574 1817 semper
591 1783 781 1810 obsistendum
805 1784 856 1818 ipsi

59 1829 153 1855 noxia:
177 1828 346 1861 remissioni;
367 1836 416 1856 nec
430 1835 445 1856 a
468 1836 546 1856 sacro
559 1833 602 1856 est
625 1837 744 1864 unquam
765 1837 858 1857 amore

58 1875 229 1902 cessandum
240 1895 247 1907 ,
263 1880 305 1902 ast
317 1875 492 1902 continenter
502 1883 534 1902 ac
549 1881 680 1910 perpetuo
693 1884 742 1911 pro
755 1876 859 1904 viribus

57 1921 85 1948 ei
105 1920 301 1953 insistendum,
318 1922 350 1948 ad
370 1921 566 1957 perfectionem
591 1922 676 1949 divini
689 1922 859 1957 principattts

59 1968 284 1995 sublitnationetn
295 1973 389 1995 sancte
402 1975 510 2004 semper
524 1969 630 2002 negotia
645 1977 693 1996 sua
706 1969 858 2004 diligendo.

59 2013 157 2048 Neque
173 2013 246 2040 enim
263 2012 286 2029 9'
305 2013 345 2040 fas
361 2018 402 2040 cst
417 2014 537 2049 mysticis
561 2014 695 2050 theologis
710 2015 859 2049 quidquam

59 2059 185 2094 operari,
200 2059 273 2093 quod
288 2059 387 2086 divinis
411 2059 637 2094 inspirationibus
659 2060 701 2088 vel
717 2060 859 2087 minimum

60 2110 209 2139 repugnet,
237 2105 291 2132 imo
313 2113 362 2132 nec
392 2106 488 2133 iisdem
515 2106 673 2135 dissentire.
698 2107 720 2134 si
739 2106 860 2134 dirinam

61 2156 195 2185 appetant
210 2151 376 2183 claritatem,
398 2157 425 2179 et
439 2154 471 2179 ad
487 2153 557 2180 hanc
580 2158 685 2186 sancte,
702 2158 731 2180 ut
747 2161 797 2188 par
809 2158 860 2185 est,

63 2198 202 2232 aspir-ent.
218 2196 313 2232 Itaque
330 2198 451 2232 perfecta
468 2199 510 2225 sui
531 2199 618 2233 ipsius
634 2200 808 2227 abdicatione
827 2200 861 2216 ¹⁰⁰

63 2252 97 2271 ac
110 2244 241 2271 continua
257 2245 284 2271 in
307 2244 391 2272 rebus
414 2246 542 2273 omnibus
565 2246 776 2273 mortificationc
794 2254 862 2281 opus

63 2295 125 2323 est;
143 2291 254 2325 quando
268 2291 377 2325 quidem
399 2296 523 2319 naturam
550 2293 696 2319 humanam
719 2293 786 2320 vitio
802 2301 863 2327 pro-
880 2276 903 2306 θ

65 2337 178 2372 toplasti
202 2337 303 2364 divinis
326 2337 404 2365 bouis
428 2338 585 2373 spoliatam,
610 2338 665 2365 vita
685 2338 862 2373 passionibus

62 2382 186 2410 obnoxia
206 2383 325 2417 excepit,
351 2387 379 2411 et
403 2388 602 2419 consequenter
627 2385 710 2412 homo
729 2393 744 2412 a
771 2385 862 2412 divina

64 2431 168 2463 gratia,
183 2437 244 2464 quas
260 2430 348 2465 ipsum
367 2430 400 2457 ad
423 2438 521 2465 supera
547 2431 715 2466 subrigebat,
731 2432 865 2467 dilapsus,

63 2484 93 2506 et
110 2478 146 2506 ad
161 2482 286 2505 extrema
301 2478 438 2506 contraria
455 2477 513 2512 jam
527 2485 647 2513 praeceps
665 2479 757 2511 datus,
781 2479 864 2506 variis

63 2523 327 2559 perturbationibus
343 2524 496 2559 expositam
513 2530 610 2553 nactus
631 2529 674 2552 est
695 2524 863 2552 immutatio-

64 2579 141 2599 nem.
158 2570 238 2599 Unne
257 2578 320 2598 cum
336 2577 390 2598 non
407 2571 492 2606 possit
515 2572 549 2597 ad
569 2578 652 2598 unum
667 2570 768 2606 colligi,
783 2575 865 2605 atque

63 2618 150 2646 unius
176 2618 300 2653 paciticte
319 2617 429 2644 unionis
454 2619 591 2652 particeps
617 2617 735 2644 existere
758 2617 804 2652 qui
821 2625 865 2644 se-

63 2671 131 2690 cum
150 2664 211 2699 ipse
235 2663 362 2696 dissidet,
381 2670 470 2697 neqtte
492 2663 573 2690 liceat
594 2671 700 2690 sunttne
727 2663 865 2691 contraria

62 2710 148 2737 simul
175 2710 355 2745 participare,
381 2708 422 2736 vcl
450 2709 727 2737 communicationem
746 2709 865 2745 aliquam

61 2765 129 2784 cum
146 2765 202 2784 uno
223 2757 348 2787 habenti,
375 2756 478 2783 divisas
506 2756 608 2784 habere
632 2756 715 2789 vitas,
739 2757 762 2783 si
787 2757 867 2785 unius

59 2801 114 2828 Dei
146 2801 276 2828 stabilem
296 2800 423 2835 praeferat
439 2801 695 2836 participationem,
712 2803 867 2831 necessario

100 2859 127 2875 "
150 2858 223 2886 Eccl.
247 2860 315 2887 hier.
338 2860 438 2893 cap.‘2.

477 2860 500 2876 ⁹⁰
520 2860 583 2887 Cael.
604 2861 672 2888 hier.
689 2869 748 2896 cap.
761 2862 787 2888 5.

62 2895 138 2923 Iticr.
156 2903 217 2929 cap.
241 2896 268 2922 4.

310 2896 320 2911 ³
342 2894 381 2922 De
399 2896 480 2923 divin.
497 2905 579 2929 nom.,
604 2904 666 2932 Cap.
691 2894 751 2934 4,'§
778 2898 804 2925 4.

829 2863 863 2880 ¹⁰⁰
884 2863 959 2892 Eccl.
973 2864 1040 2892 hier.
1055 2872 1116 2900 cap.
1128 2864 1154 2893 5.

1633 145 1686 174 102

893 204 1047 233 adhibenda
1072 207 1116 232 est
1137 203 1210 238 iugis
1234 203 1427 237 mortificatio,
1452 208 1482 230 ut
1502 204 1564 238 quis
1589 210 1687 231 exsors

897 252 943 278 fiat
966 255 994 278 et
1015 257 1113 284 expers
1136 249 1258 276 omnium
1288 249 1485 277 uniformitatis
1508 250 1684 278 divisionum.

892 297 1041 332 Propterea
1066 296 1116 323 viri
1138 295 1235 328 sancti,
1258 296 1413 323 divinorum
1437 296 1629 324 communione
1644 297 1686 323 di-

893 344 979 377 gnati,
998 343 1061 370 dum
1077 349 1126 377 pro
1139 349 1267 369 mensura
1283 342 1379 376 gratiae
1396 341 1496 369 divina:
1517 342 1569 370 sibi
1582 343 1689 370 collata:

869 404 871 406 τ
893 390 927 417 ad
943 390 1137 417 deiformitatis
1160 393 1189 416 et
1207 389 1328 424 mystica:
1341 389 1453 416 unionis
1468 389 1609 424 fastigium
1624 397 1689 424 per-

895 434 1053 463 fectissimis
1067 435 1278 470 perfectivisque
1291 434 1509 462 deificationibus
1521 435 1689 466 evehuntur,

895 488 927 508 ea
950 489 1011 516 qua:
1027 481 1119 508 carnis
1143 485 1208 508 sunt
1236 481 1348 508 minime
1365 484 1465 508 curant
1492 481 1563 508 citra
1586 485 1691 508 naturte

896 527 1100 560 necessitatem,
1115 527 1206 562 idque,
1226 531 1306 562 prout
1327 534 1392 554 usus
1405 527 1466 560 fert',
1485 527 1593 561 obiter;
1609 533 1692 562 atque

896 574 948 601 hoe
962 574 1042 600 tnodo
1057 573 1139 601 etiam
1165 580 1278 608 corpora
1302 572 1408 600 illorum
1434 580 1482 607 per
1503 572 1692 600 mortiﬁcatio-

896 626 958 646 nem
974 611 1172 653 qtiodammodo
1184 619 1392 654 Spirilualizata,
1405 619 1432 646 in
1446 619 1559 654 mystica
1574 619 1692 646 deifica-

897 665 970 692 tione
987 664 1116 700 templum
1132 664 1201 691 fiunt
1222 664 1339 699 Spiritus
1362 664 1643 699 divino-principalis,
1664 664 1692 692 in

897 718 950 746 quo
964 711 1056 739 sitttile
1071 711 1097 738 in
1114 711 1195 738 simili
1211 711 1342 738 fundatur
1355 719 1387 739 ac
1403 711 1567 740 collocatur.

1207 766 1322 795 CAPUT
1343 767 1387 795 VL

898 813 959 847 Qua
972 814 1076 841 ratione
1087 814 1121 840 ad
1133 814 1272 849 mysticam
1284 804 1448 849 theologiam.
1458 814 1636 841 accedendum
1649 815 1693 842 ait.

934 861 1088 889 Ubstaculis
1117 866 1144 889 et
1171 861 1372 896 impeditnentis
1399 868 1447 896 per
1479 861 1695 889 mortificationis

862 912 884 939 Β
898 908 1059 936 exercitium
1078 908 1204 941 sublatis,
1228 907 1410 935 adhibendum
1430 912 1471 935 est
1481 908 1564 935 etiam
1577 908 1695 935 studium

901 954 1045 986 orationis,
1063 953 1188 988 exemplo
1209 953 1330 988 Dionysii
1347 954 1488 989 mysticam
1503 954 1667 989 theologiam
1679 962 1695 981 τι

902 1000 1082 1029 sanetisaimte
1119 1000 1263 1028 Trinitatis
1303 1001 1476 1028 invocatione
1515 1001 1695 1035 auspicantis.

902 1046 1018 1082 Oportet
1031 1047 1115 1082 igitur
1129 1053 1177 1073 nos
1192 1046 1309 1081 primttm
1329 1046 1501 1074 orationibus
1517 1047 1551 1074 ad
1575 1046 1659 1074 Deum
1674 1047 1696 1080 ί,

904 1098 1032 1129 tanquam
1047 1094 1081 1121 ad
1101 1093 1221 1129 mystica:
1243 1092 1382 1128 theologia:
1407 1093 1570 1129 principium
1587 1093 1696 1127 adduci,

903 1148 935 1168 ac
950 1141 1048 1168 deinde
1061 1141 1149 1176 magis
1161 1141 1209 1176 ipsi
1223 1141 1450 1176 propinquantes,
1470 1141 1580 1168 edoceri
1594 1142 1698 1175 optima

903 1194 1018 1223 quaeque
1035 1194 1159 1219 munera,
1176 1195 1236 1222 quae
1260 1194 1343 1222 penes
1361 1186 1448 1221 ipsum
1469 1191 1535 1214 sunt
1554 1186 1697 1214 collocata.

904 1233 972 1261 Nam
989 1233 1046 1268 ipse
1059 1234 1168 1269 quidem
1188 1241 1309 1269 praesens
1326 1234 1404 1261 adest
1425 1234 1564 1267 omnibus,
1579 1239 1632 1261 non
1648 1241 1699 1260 au-

905 1285 958 1308 tem
975 1280 1012 1307 illi
1025 1281 1126 1308 adsunt
1145 1281 1256 1313 omnia;
1271 1281 1319 1308 sed
1333 1288 1394 1308 cum
1410 1287 1470 1308 eum
1485 1281 1589 1309 sanctis
1602 1287 1701 1315 preca-

905 1327 1035 1360 tionibus,
1058 1332 1085 1355 et
1102 1332 1193 1355 tuente
1208 1327 1367 1362 tranquilla,
1381 1331 1408 1354 et
1431 1327 1463 1354 ad
1485 1327 1603 1354 divinam
1618 1327 1701 1354 unio-

905 1381 967 1402 nem
991 1373 1199 1401 accommodata
1221 1372 1410 1408 deprecamur,
1438 1377 1494 1400 tum
1518 1371 1628 1399 demum
1650 1379 1701 1400 nos

905 1421 987 1449 etiam
1007 1421 1033 1448 ei
1048 1425 1198 1456 prtesentes
1223 1427 1329 1448 sumus.
1355 1419 1415 1454 Ipse
1439 1419 1512 1448 enim
1534 1426 1585 1446 nec
1601 1419 1628 1445 in
1642 1418 1703 1446 loco

905 1467 943 1495 ita
961 1472 1003 1494 est
1014 1471 1043 1494 ut
1062 1473 1174 1501 usquam
1196 1465 1277 1496 absit,
1296 1464 1336 1492 vel
1349 1473 1383 1492 ex
1398 1464 1460 1491 aliis
1475 1464 1508 1491 ad
1522 1463 1574 1490 alia
1590 1463 1702 1498 migret.

905 1511 975 1546 Quin
992 1512 1046 1539 imo
1060 1512 1162 1543 dicere,
1177 1511 1203 1538 in
1218 1510 1347 1538 omnibus
1371 1509 1459 1544 ipsum
1474 1516 1546 1542 esse,
1562 1509 1634 1544 quod
1651 1509 1703 1536 mi-

907 1566 957 1585 ntts
971 1562 1014 1585 est
1034 1556 1094 1592 ejus
1110 1556 1254 1587 infinitate,
1278 1562 1338 1588 qua!
1358 1559 1385 1582 et
1410 1555 1517 1582 excedit
1531 1558 1561 1581 et
1580 1554 1705 1582 continet

907 1603 1043 1629 universa.
1059 1601 1113 1628 Nos
1129 1600 1203 1636 ipsos
1219 1601 1310 1635 itaque
1329 1599 1501 1627 orationibus
1514 1600 1548 1626 ad
1563 1599 1705 1627 sublimio—

906 1657 964 1677 rem
982 1649 1137 1676 divinorum
1154 1647 1387 1682 benignorumque
1397 1646 1536 1674 radiorum
1551 1646 1703 1674 contuitum

906 1701 1106 1729 comparemus.
1125 1693 1359 1726 Quemadmodum
1377 1694 1400 1719 si
1414 1692 1611 1719 lucidissimam
1624 1696 1703 1718 cate-

907 1747 970 1766 nam
982 1747 997 1766 e
1010 1746 1117 1766 summo
1128 1738 1197 1766 cutio
1208 1745 1383 1773 suspensam,
1398 1741 1424 1764 et
1436 1738 1489 1765 huc
1504 1744 1588 1771 usque
1600 1737 1704 1764 demis-

908 1792 978 1818 sam,
994 1784 1121 1811 tnunibus
1136 1784 1250 1811 alternis
1266 1784 1293 1810 in
1310 1782 1446 1810 anteriora
1463 1782 1600 1816 protensis
1617 1782 1706 1809 conti-

909 1835 1010 1859 nenter
1028 1830 1224 1865 arriperemus,
1241 1829 1382 1857 attrahere
1403 1829 1511 1862 quidem
1524 1830 1608 1862 ipsam
1627 1828 1705 1855 vide-

910 1883 1014 1908 remur,
1034 1883 1063 1903 re
1077 1880 1167 1903 autem
1184 1883 1247 1902 vera
1259 1883 1312 1902 non
1328 1874 1403 1902 illam
1422 1874 1473 1909 ipsi
1496 1874 1706 1906 deduceremus,

910 1925 939 1949 ut
952 1928 1013 1956 quae
1029 1929 1147 1956 superne
1162 1925 1190 1948 et
1208 1920 1316 1948 inferne
1334 1927 1456 1956 praesens
1473 1925 1557 1953 esset,
1576 1920 1624 1947 sed
1639 1919 1707 1954 ipsi-

912 1972 967 1995 met
985 1969 1070 2003 magis
1087 1968 1120 1995 ad
1140 1967 1314 1995 sublimiores
1335 1967 1473 1995 radiorum
1490 1967 1636 1994 illustrium
1653 1967 1708 1994 ful-

910 2023 991 2050 gores
1018 2015 1206 2042 eveheretnur.
1227 2015 1282 2041 Aut
1306 2014 1378 2041 sicut
1406 2013 1429 2041 si
1452 2013 1544 2040 navim
1572 2013 1708 2048 ingressi,

912 2062 1042 2089 rudentes
1064 2069 1097 2088 ex
1113 2065 1190 2095 petra
1207 2060 1325 2095 quadam
1343 2060 1375 2086 ad
1399 2067 1449 2086 nos
1470 2066 1554 2094 usque
1567 2064 1710 2094 porrectos

914 2108 1009 2135 auxilii
1029 2115 1112 2134 causa
1135 2111 1302 2139 teneremus,
1327 2113 1380 2133 non
1407 2105 1441 2132 ad
1466 2112 1515 2133 nos
1527 2110 1645 2140 petram,
1661 2106 1710 2133 sed

914 2155 1038 2188 ttosipsos
1055 2160 1150 2180 revera
1168 2152 1315 2187 navimque
1328 2152 1361 2178 ad
1373 2156 1480 2186 petram
1493 2152 1709 2178 traduceremus.

950 2200 1124 2235 Quapropter
1148 2203 1213 2226 ante
1236 2198 1340 2231 omnia,
1365 2197 1518 2232 prmsertim
1545 2198 1572 2224 in
1594 2199 1709 2233 mystica

916 2246 1063 2281 theologia,
1090 2245 1124 2273 ab
1146 2245 1274 2273 oratione
1302 2244 1497 2279 auspicandum
1521 2248 1563 2271 est
1580 2252 1587 2271 :
1606 2251 1658 2271 non
1681 2248 1711 2270 ut

915 2293 1016 2328 ubique
1027 2297 1055 2321 et
1066 2300 1199 2328 nusquam
1212 2297 1373 2327 prtesentem
1387 2292 1514 2320 virtutem
1528 2291 1710 2322 attraltamus,

915 2340 973 2372 sed,
993 2345 1024 2367 ut
1038 2339 1139 2367 divinis
1155 2338 1463 2367 comtnemorationibus
1478 2337 1712 2365 invocationibus-

921 2396 976 2423 que
992 2396 1043 2416 nos
1057 2389 1131 2423 ipsos
1146 2387 1185 2415 illi
1201 2388 1332 2415 dedamus
1351 2392 1434 2421 atque
1450 2386 1588 2413 uuiamus.
1603 2384 1712 2412 Etenim

916 2434 1034 2462 essentia
1050 2434 1094 2461 illa
1109 2435 1132 2466 ε,
1146 2433 1224 2467 cujus
1243 2433 1336 2460 odoris
1351 2433 1476 2460 suavitas
1499 2435 1618 2459 mentem
1631 2438 1712 2466 supe-

919 2485 972 2512 rat,
990 2479 1024 2507 ab
1038 2479 1125 2515 igneis
1140 2479 1348 2514 purissimisque
1372 2478 1508 2506 mentibus
1522 2478 1554 2504 ad
1567 2476 1609 2504 sui
1624 2476 1713 2503 mani-

919 2519 1093 2554 festationem
1118 2534 1167 2561 per
1187 2525 1407 2553 ferventissimas
1435 2524 1577 2552 orationes
1601 2522 1713 2550 invitari

920 2578 1003 2605 amat.
1020 2572 1262 2607 divinissimasque
1284 2579 1348 2599 suas
1370 2570 1568 2606 inspirationes
1589 2569 1713 2597 luculen-

921 2619 1035 2646 tissimis
1061 2618 1299 2646 distributionibus
1322 2617 1477 2652 impertitur
1501 2616 1571 2649 illis,
1597 2616 1643 2650 qui
1672 2615 1714 2643 sic

920 2665 994 2692 illam
1019 2665 1279 2700 supramundialiter
1305 2664 1464 2691 invitarttnt.
1496 2662 1544 2690 Est
1569 2662 1641 2689 enim
1666 2660 1713 2688 lux

920 2720 984 2739 vera
1008 2711 1019 2728 ³
1037 2720 1097 2746 qua:
1118 2718 1226 2739 onmem
1247 2715 1364 2738 mentem
1379 2710 1472 2746 implet
1487 2710 1591 2736 lumine
1604 2707 1714 2736 intelle-

920 2759 986 2791 ctili,
996 2765 1104 2786 omnem
1121 2764 1210 2786 autem
1229 2759 1409 2794 ignorantiam
1423 2762 1451 2785 et
1464 2763 1586 2784 errorem
1601 2762 1635 2783 ex
1650 2761 1712 2781 om-

920 2804 999 2832 nibus
1013 2805 1112 2833 animis
1126 2805 1152 2832 in
1171 2805 1270 2840 quibus
1288 2810 1342 2838 cst,
1357 2804 1442 2840 ejicit,
1461 2810 1489 2831 et
1505 2803 1570 2838 ipsis
1584 2801 1715 2830 omnibus

1196 2865 1203 2880 ¹
1226 2864 1263 2892 De
1278 2864 1358 2892 divin.
1373 2872 1443 2892 nam.
1462 2869 1524 2897 cap.
1541 2863 1567 2889 5.
1607 2862 1617 2877 ’
1636 2861 1714 2889 Emi.
