  <div class='ocr_page' id='page_1' title='image "/cluster/home/n/w/nwhite01/storage/ocr_20150623/3/njp.32101077772356/065.png"; bbox 0 0 1925 3070; ppageno 0'>
   <div class='ocr_carea' id='block_1_1' title="bbox 226 166 278 193">
    <p class='ocr_par' dir='ltr' id='par_1_1' title="bbox 226 166 278 193">
     <span class='ocr_line' id='line_1_1' title="bbox 226 166 278 193; baseline 0 0"><span class='ocrx_word' id='word_1_1' title='bbox 226 166 278 193; x_wconf 75' lang='grc'><strong>105</strong></span> 
     </span>
    </p>
   </div>
   <div class='ocr_carea' id='block_1_2' title="bbox 797 162 1281 192">
    <p class='ocr_par' dir='ltr' id='par_1_2' title="bbox 797 162 1281 192">
     <span class='ocr_line' id='line_1_2' title="bbox 797 162 1281 192; baseline 0.002 -1"><span class='ocrx_word' id='word_1_2' title='bbox 797 164 826 191; x_wconf 88' lang='lat' dir='ltr'><strong>S.</strong></span> <span class='ocrx_word' id='word_1_3' title='bbox 847 162 1032 192; x_wconf 74' lang='lat' dir='ltr'><strong>DlONYSlUS</strong></span> <span class='ocrx_word' id='word_1_4' title='bbox 1051 162 1281 192; x_wconf 76' lang='lat' dir='ltr'><strong>AREOPAGITA.</strong></span> 
     </span>
    </p>
   </div>
   <div class='ocr_carea' id='block_1_3' title="bbox 1794 164 1839 191">
    <p class='ocr_par' dir='ltr' id='par_1_3' title="bbox 1794 164 1839 191">
     <span class='ocr_line' id='line_1_3' title="bbox 1794 164 1839 191; baseline -0.022 0"><span class='ocrx_word' id='word_1_5' title='bbox 1794 164 1839 191; x_wconf 74' lang='lat' dir='ltr'><strong>tot</strong></span> 
     </span>
    </p>
   </div>
   <div class='ocr_carea' id='block_1_4' title="bbox 223 221 1840 259">
    <p class='ocr_par' dir='ltr' id='par_1_4' title="bbox 223 221 1840 259">
     <span class='ocr_line' id='line_1_4' title="bbox 223 221 1840 259; baseline -0.001 -8"><span class='ocrx_word' id='word_1_6' title='bbox 223 225 313 252; x_wconf 85' lang='lat' dir='ltr'><strong>lumen</strong></span> <span class='ocrx_word' id='word_1_7' title='bbox 328 227 453 251; x_wconf 86' lang='lat' dir='ltr'><strong>sanctum</strong></span> <span class='ocrx_word' id='word_1_8' title='bbox 474 224 611 259; x_wconf 77' lang='lat' dir='ltr'><strong>impertit,</strong></span> <span class='ocrx_word' id='word_1_9' title='bbox 633 230 782 257; x_wconf 88' lang='lat' dir='ltr'><strong>eorumque</strong></span> <span class='ocrx_word' id='word_1_10' title='bbox 797 223 890 250; x_wconf 89' lang='lat' dir='ltr'><strong>oculos</strong></span> <span class='ocrx_word' id='word_1_11' title='bbox 905 227 1010 249; x_wconf 87' lang='lat' dir='ltr'><strong>menta-</strong></span> <span class='ocrx_word' id='word_1_12' title='bbox 1024 231 1046 258; x_wconf 70' lang='grc' dir='ltr'><strong>Α</strong></span> <span class='ocrx_word' id='word_1_13' title='bbox 1061 221 1087 248; x_wconf 92' lang='lat' dir='ltr'><strong>in</strong></span> <span class='ocrx_word' id='word_1_14' title='bbox 1107 221 1249 248; x_wconf 78' lang='lat' dir='ltr'><strong>animabus</strong></span> <span class='ocrx_word' id='word_1_15' title='bbox 1267 221 1366 248; x_wconf 79' lang='lat' dir='ltr'><strong>nostris</strong></span> <span class='ocrx_word' id='word_1_16' title='bbox 1389 221 1499 255; x_wconf 81' lang='lat' dir='ltr'><strong>exigant</strong></span> <span class='ocrx_word' id='word_1_17' title='bbox 1513 221 1611 249; x_wconf 88' lang='lat' dir='ltr'><strong>habere</strong></span> <span class='ocrx_word' id='word_1_18' title='bbox 1627 221 1677 249; x_wconf 88' lang='lat' dir='ltr'><strong>sibi</strong></span> <span class='ocrx_word' id='word_1_19' title='bbox 1694 222 1840 250; x_wconf 75' lang='lat' dir='ltr'><strong>conformcs</strong></span> 
     </span>
    </p>
   </div>
   <div class='ocr_carea' id='block_1_5' title="bbox 223 267 1010 304">
    <p class='ocr_par' dir='ltr' id='par_1_5' title="bbox 223 267 1010 304">
     <span class='ocr_line' id='line_1_5' title="bbox 223 267 1010 304; baseline -0.001 -8"><span class='ocrx_word' id='word_1_20' title='bbox 223 269 263 297; x_wconf 89' lang='lat' dir='ltr'><strong>les</strong></span> <span class='ocrx_word' id='word_1_21' title='bbox 276 277 289 296; x_wconf 93' lang='lat' dir='ltr'><strong>a</strong></span> <span class='ocrx_word' id='word_1_22' title='bbox 305 269 422 303; x_wconf 81' lang='lat' dir='ltr'><strong>caligine</strong></span> <span class='ocrx_word' id='word_1_23' title='bbox 436 273 463 295; x_wconf 92' lang='lat' dir='ltr'><strong>et</strong></span> <span class='ocrx_word' id='word_1_24' title='bbox 477 269 629 303; x_wconf 79' lang='lat' dir='ltr'><strong>ignorantia</strong></span> <span class='ocrx_word' id='word_1_25' title='bbox 654 267 818 295; x_wconf 85' lang='lat' dir='ltr'><strong>circumfusa</strong></span> <span class='ocrx_word' id='word_1_26' title='bbox 839 273 968 304; x_wconf 84' lang='lat' dir='ltr'><strong>repurgat</strong></span> <span class='ocrx_word' id='word_1_27' title='bbox 982 273 1010 296; x_wconf 88' lang='lat' dir='ltr'><strong>et</strong></span> 
     </span>
    </p>
   </div>
   <div class='ocr_carea' id='block_1_6' title="bbox 222 314 1009 349">
    <p class='ocr_par' dir='ltr' id='par_1_6' title="bbox 222 314 1009 349">
     <span class='ocr_line' id='line_1_6' title="bbox 222 314 1009 349; baseline 0 -7"><span class='ocrx_word' id='word_1_28' title='bbox 222 315 330 347; x_wconf 82' lang='lat' dir='ltr'><strong>liberat,</strong></span> <span class='ocrx_word' id='word_1_29' title='bbox 347 320 375 342; x_wconf 90' lang='lat' dir='ltr'><strong>et</strong></span> <span class='ocrx_word' id='word_1_30' title='bbox 390 315 492 342; x_wconf 82' lang='lat' dir='ltr'><strong>excitat</strong></span> <span class='ocrx_word' id='word_1_31' title='bbox 508 319 589 348; x_wconf 90' lang='lat' dir='ltr'><strong>atque</strong></span> <span class='ocrx_word' id='word_1_32' title='bbox 608 314 695 348; x_wconf 88' lang='lat' dir='ltr'><strong>aperit</strong></span> <span class='ocrx_word' id='word_1_33' title='bbox 709 314 791 340; x_wconf 87' lang='lat' dir='ltr'><strong>multa</strong></span> <span class='ocrx_word' id='word_1_34' title='bbox 806 315 941 349; x_wconf 79' lang='lat' dir='ltr'><strong>gravitate</strong></span> <span class='ocrx_word' id='word_1_35' title='bbox 967 319 1009 342; x_wconf 85' lang='lat' dir='ltr'><strong>te-</strong></span> 
     </span>
    </p>
   </div>
   <div class='ocr_carea' id='block_1_7' title="bbox 223 360 1006 395">
    <p class='ocr_par' dir='ltr' id='par_1_7' title="bbox 223 360 1006 395">
     <span class='ocr_line' id='line_1_7' title="bbox 223 360 1006 395; baseline 0 -7"><span class='ocrx_word' id='word_1_36' title='bbox 223 361 368 389; x_wconf 88' lang='lat' dir='ltr'><strong>nebrarum</strong></span> <span class='ocrx_word' id='word_1_37' title='bbox 391 368 535 395; x_wconf 89' lang='lat' dir='ltr'><strong>oppressos</strong></span> <span class='ocrx_word' id='word_1_38' title='bbox 559 365 584 387; x_wconf 89' lang='lat' dir='ltr'><strong>et</strong></span> <span class='ocrx_word' id='word_1_39' title='bbox 607 360 712 387; x_wconf 85' lang='lat' dir='ltr'><strong>clausos</strong></span> <span class='ocrx_word' id='word_1_40' title='bbox 735 368 742 386; x_wconf 85' lang='lat'><strong>:</strong></span> <span class='ocrx_word' id='word_1_41' title='bbox 765 360 865 394; x_wconf 80' lang='lat' dir='ltr'><strong>datque</strong></span> <span class='ocrx_word' id='word_1_42' title='bbox 889 360 1006 395; x_wconf 90' lang='lat' dir='ltr'><strong>primum</strong></span> 
     </span>
    </p>
   </div>
   <div class='ocr_carea' id='block_1_8' title="bbox 223 406 1009 441">
    <p class='ocr_par' dir='ltr' id='par_1_8' title="bbox 223 406 1009 441">
     <span class='ocr_line' id='line_1_8' title="bbox 223 406 1009 441; baseline 0.001 -8"><span class='ocrx_word' id='word_1_43' title='bbox 223 407 333 441; x_wconf 86' lang='lat' dir='ltr'><strong>quidem</strong></span> <span class='ocrx_word' id='word_1_44' title='bbox 358 406 522 434; x_wconf 90' lang='lat' dir='ltr'><strong>mediocrem</strong></span> <span class='ocrx_word' id='word_1_45' title='bbox 545 406 734 440; x_wconf 84' lang='lat' dir='ltr'><strong>splendorem,</strong></span> <span class='ocrx_word' id='word_1_46' title='bbox 762 406 859 433; x_wconf 90' lang='lat' dir='ltr'><strong>deinde</strong></span> <span class='ocrx_word' id='word_1_47' title='bbox 881 411 1009 440; x_wconf 83' lang='lat' dir='ltr'><strong>tanquam</strong></span> 
     </span>
    </p>
   </div>
   <div class='ocr_carea' id='block_1_9' title="bbox 223 451 1008 487">
    <p class='ocr_par' dir='ltr' id='par_1_9' title="bbox 223 451 1008 487">
     <span class='ocr_line' id='line_1_9' title="bbox 223 451 1008 487; baseline 0 -8"><span class='ocrx_word' id='word_1_48' title='bbox 223 452 366 487; x_wconf 76' lang='lat' dir='ltr'><strong>degustato</strong></span> <span class='ocrx_word' id='word_1_49' title='bbox 381 451 491 483; x_wconf 84' lang='lat' dir='ltr'><strong>lumine,</strong></span> <span class='ocrx_word' id='word_1_50' title='bbox 507 451 592 478; x_wconf 86' lang='lat' dir='ltr'><strong>oculis</strong></span> <span class='ocrx_word' id='word_1_51' title='bbox 603 451 657 486; x_wconf 85' lang='lat' dir='ltr'><strong>jam</strong></span> <span class='ocrx_word' id='word_1_52' title='bbox 672 451 757 486; x_wconf 87' lang='lat' dir='ltr'><strong>magis</strong></span> <span class='ocrx_word' id='word_1_53' title='bbox 769 456 828 486; x_wconf 90' lang='lat' dir='ltr'><strong>post</strong></span> <span class='ocrx_word' id='word_1_54' title='bbox 842 452 1008 486; x_wconf 85' lang='lat' dir='ltr'><strong>degnslatio-</strong></span> 
     </span>
    </p>
   </div>
   <div class='ocr_carea' id='block_1_10' title="bbox 223 497 1012 532">
    <p class='ocr_par' dir='ltr' id='par_1_10' title="bbox 223 497 1012 532">
     <span class='ocr_line' id='line_1_10' title="bbox 223 497 1012 532; baseline 0 -8"><span class='ocrx_word' id='word_1_55' title='bbox 223 505 285 524; x_wconf 83' lang='lat' dir='ltr'><strong>nem</strong></span> <span class='ocrx_word' id='word_1_56' title='bbox 309 497 399 524; x_wconf 89' lang='lat' dir='ltr'><strong>lumen</strong></span> <span class='ocrx_word' id='word_1_57' title='bbox 423 497 627 531; x_wconf 79' lang='lat' dir='ltr'><strong>appetentibus,</strong></span> <span class='ocrx_word' id='word_1_58' title='bbox 653 497 741 532; x_wconf 84' lang='lat' dir='ltr'><strong>magis</strong></span> <span class='ocrx_word' id='word_1_59' title='bbox 769 505 800 524; x_wconf 89' lang='lat' dir='ltr'><strong>se</strong></span> <span class='ocrx_word' id='word_1_60' title='bbox 822 497 955 532; x_wconf 85' lang='lat' dir='ltr'><strong>impertit,</strong></span> <span class='ocrx_word' id='word_1_61' title='bbox 984 502 1012 524; x_wconf 89' lang='lat' dir='ltr'><strong>et</strong></span> 
     </span>
    </p>
   </div>
   <div class='ocr_carea' id='block_1_11' title="bbox 224 541 1007 576">
    <p class='ocr_par' dir='ltr' id='par_1_11' title="bbox 224 541 1007 576">
     <span class='ocr_line' id='line_1_11' title="bbox 224 541 1007 576; baseline 0.001 -8"><span class='ocrx_word' id='word_1_62' title='bbox 224 542 360 576; x_wconf 82' lang='lat' dir='ltr'><strong>copiosius</strong></span> <span class='ocrx_word' id='word_1_63' title='bbox 374 541 495 576; x_wconf 80' lang='lat' dir='ltr'><strong>allulget,</strong></span> <span class='ocrx_word' id='word_1_64' title='bbox 518 542 646 576; x_wconf 89' lang='lat' dir='ltr'><strong>quoniam</strong></span> <span class='ocrx_word' id='word_1_65' title='bbox 661 541 815 569; x_wconf 70' lang='lat' dir='ltr'><strong>dilexerunt</strong></span> <span class='ocrx_word' id='word_1_66' title='bbox 830 543 960 575; x_wconf 86' lang='lat' dir='ltr'><strong>multum;</strong></span> <span class='ocrx_word' id='word_1_67' title='bbox 976 551 1007 570; x_wconf 88' lang='lat' dir='ltr'><strong>ac</strong></span> 
     </span>
    </p>
   </div>
   <div class='ocr_carea' id='block_1_12' title="bbox 224 587 1008 622">
    <p class='ocr_par' dir='ltr' id='par_1_12' title="bbox 224 587 1008 622">
     <span class='ocr_line' id='line_1_12' title="bbox 224 587 1008 622; baseline 0.003 -8"><span class='ocrx_word' id='word_1_68' title='bbox 224 595 332 622; x_wconf 86' lang='lat' dir='ltr'><strong>semper</strong></span> <span class='ocrx_word' id='word_1_69' title='bbox 346 588 458 614; x_wconf 87' lang='lat' dir='ltr'><strong>ulterius</strong></span> <span class='ocrx_word' id='word_1_70' title='bbox 479 587 605 622; x_wconf 78' lang='lat' dir='ltr'><strong>provehit</strong></span> <span class='ocrx_word' id='word_1_71' title='bbox 628 588 801 622; x_wconf 86' lang='lat' dir='ltr'><strong>proportione</strong></span> <span class='ocrx_word' id='word_1_72' title='bbox 818 589 901 615; x_wconf 89' lang='lat' dir='ltr'><strong>studii</strong></span> <span class='ocrx_word' id='word_1_73' title='bbox 915 596 1008 616; x_wconf 90' lang='lat' dir='ltr'><strong>eorum</strong></span> 
     </span>
    </p>
   </div>
   <div class='ocr_carea' id='block_1_13' title="bbox 224 634 1009 670">
    <p class='ocr_par' dir='ltr' id='par_1_13' title="bbox 224 634 1009 670">
     <span class='ocr_line' id='line_1_13' title="bbox 224 634 1009 670; baseline 0.003 -10"><span class='ocrx_word' id='word_1_74' title='bbox 224 634 257 661; x_wconf 87' lang='lat' dir='ltr'><strong>ad</strong></span> <span class='ocrx_word' id='word_1_75' title='bbox 272 634 456 668; x_wconf 88' lang='lat' dir='ltr'><strong>aspiciendum</strong></span> <span class='ocrx_word' id='word_1_76' title='bbox 472 641 590 661; x_wconf 85' lang='lat' dir='ltr'><strong>sursum.</strong></span> <span class='ocrx_word' id='word_1_77' title='bbox 609 634 716 661; x_wconf 86' lang='lat' dir='ltr'><strong>Etenim</strong></span> <span class='ocrx_word' id='word_1_78' title='bbox 732 635 743 650; x_wconf 73' lang='grc'><strong><em>⁵</em></strong></span> <span class='ocrx_word' id='word_1_79' title='bbox 765 635 836 662; x_wconf 90' lang='lat' dir='ltr'><strong>sicut</strong></span> <span class='ocrx_word' id='word_1_80' title='bbox 856 635 1009 670; x_wconf 82' lang='lat' dir='ltr'><strong>ignorantia</strong></span> 
     </span>
    </p>
   </div>
   <div class='ocr_carea' id='block_1_14' title="bbox 224 680 1012 717">
    <p class='ocr_par' dir='ltr' id='par_1_14' title="bbox 224 680 1012 717">
     <span class='ocr_line' id='line_1_14' title="bbox 224 680 1012 717; baseline 0.003 -11"><span class='ocrx_word' id='word_1_81' title='bbox 224 684 348 707; x_wconf 87' lang='lat' dir='ltr'><strong>errantes</strong></span> <span class='ocrx_word' id='word_1_82' title='bbox 375 680 486 713; x_wconf 89' lang='lat' dir='ltr'><strong>dirimit,</strong></span> <span class='ocrx_word' id='word_1_83' title='bbox 511 681 550 707; x_wconf 83' lang='lat' dir='ltr'><strong>sic</strong></span> <span class='ocrx_word' id='word_1_84' title='bbox 574 680 707 708; x_wconf 84' lang='lat' dir='ltr'><strong>adventus</strong></span> <span class='ocrx_word' id='word_1_85' title='bbox 730 681 841 714; x_wconf 79' lang='lat' dir='ltr'><strong>luminis</strong></span> <span class='ocrx_word' id='word_1_86' title='bbox 864 687 1012 717; x_wconf 77' lang='lat' dir='ltr'><strong>congregat</strong></span> 
     </span>
    </p>
   </div>
   <div class='ocr_carea' id='block_1_15' title="bbox 224 724 1011 759">
    <p class='ocr_par' dir='ltr' id='par_1_15' title="bbox 224 724 1011 759">
     <span class='ocr_line' id='line_1_15' title="bbox 224 724 1011 759; baseline 0.004 -8"><span class='ocrx_word' id='word_1_87' title='bbox 224 725 376 758; x_wconf 88' lang='lat' dir='ltr'><strong>eteopulat</strong></span> <span class='ocrx_word' id='word_1_88' title='bbox 402 724 580 757; x_wconf 89' lang='lat' dir='ltr'><strong>illuminatos,</strong></span> <span class='ocrx_word' id='word_1_89' title='bbox 606 725 765 759; x_wconf 73' lang='lat' dir='ltr'><strong>perficitque</strong></span> <span class='ocrx_word' id='word_1_90' title='bbox 786 734 845 759; x_wconf 86' lang='lat' dir='ltr'><strong>eos,</strong></span> <span class='ocrx_word' id='word_1_91' title='bbox 869 731 898 753; x_wconf 80' lang='lat' dir='ltr'><strong>et</strong></span> <span class='ocrx_word' id='word_1_92' title='bbox 924 727 958 754; x_wconf 87' lang='lat' dir='ltr'><strong>ad</strong></span> <span class='ocrx_word' id='word_1_93' title='bbox 984 727 1011 754; x_wconf 92' lang='lat' dir='ltr'><strong>id</strong></span> 
     </span>
    </p>
   </div>
   <div class='ocr_carea' id='block_1_16' title="bbox 225 772 1012 807">
    <p class='ocr_par' dir='ltr' id='par_1_16' title="bbox 225 772 1012 807">
     <span class='ocr_line' id='line_1_16' title="bbox 225 772 1012 807; baseline 0.004 -9"><span class='ocrx_word' id='word_1_94' title='bbox 225 772 296 806; x_wconf 88' lang='lat' dir='ltr'><strong>quod</strong></span> <span class='ocrx_word' id='word_1_95' title='bbox 310 779 372 799; x_wconf 84' lang='lat' dir='ltr'><strong>vere</strong></span> <span class='ocrx_word' id='word_1_96' title='bbox 387 776 428 799; x_wconf 90' lang='lat' dir='ltr'><strong>est</strong></span> <span class='ocrx_word' id='word_1_97' title='bbox 442 772 586 804; x_wconf 84' lang='lat' dir='ltr'><strong>convertit,</strong></span> <span class='ocrx_word' id='word_1_98' title='bbox 603 780 616 798; x_wconf 88' lang='lat' dir='ltr'><strong>a</strong></span> <span class='ocrx_word' id='word_1_99' title='bbox 631 772 721 800; x_wconf 87' lang='lat' dir='ltr'><strong>mttltis</strong></span> <span class='ocrx_word' id='word_1_100' title='bbox 738 773 943 807; x_wconf 90' lang='lat' dir='ltr'><strong>opinationibus</strong></span> <span class='ocrx_word' id='word_1_101' title='bbox 965 781 1012 801; x_wconf 84' lang='lat' dir='ltr'><strong>eos</strong></span> 
     </span>
    </p>
   </div>
   <div class='ocr_carea' id='block_1_17' title="bbox 224 819 1012 855">
    <p class='ocr_par' dir='ltr' id='par_1_17' title="bbox 224 819 1012 855">
     <span class='ocr_line' id='line_1_17' title="bbox 224 819 1012 855; baseline 0.004 -11"><span class='ocrx_word' id='word_1_102' title='bbox 224 825 367 850; x_wconf 85' lang='lat' dir='ltr'><strong>revocans,</strong></span> <span class='ocrx_word' id='word_1_103' title='bbox 384 825 417 845; x_wconf 87' lang='lat' dir='ltr'><strong>ac</strong></span> <span class='ocrx_word' id='word_1_104' title='bbox 432 819 522 845; x_wconf 90' lang='lat' dir='ltr'><strong>varios</strong></span> <span class='ocrx_word' id='word_1_105' title='bbox 537 824 673 852; x_wconf 84' lang='lat' dir='ltr'><strong>aspectus,</strong></span> <span class='ocrx_word' id='word_1_106' title='bbox 686 819 740 853; x_wconf 89' lang='lat' dir='ltr'><strong>vel,</strong></span> <span class='ocrx_word' id='word_1_107' title='bbox 757 826 786 846; x_wconf 91' lang='lat' dir='ltr'><strong>ut</strong></span> <span class='ocrx_word' id='word_1_108' title='bbox 802 819 888 854; x_wconf 85' lang='lat' dir='ltr'><strong>magis</strong></span> <span class='ocrx_word' id='word_1_109' title='bbox 902 820 1012 855; x_wconf 91' lang='lat' dir='ltr'><strong>proprie</strong></span> 
     </span>
    </p>
   </div>
   <div class='ocr_carea' id='block_1_18' title="bbox 224 863 1010 900">
    <p class='ocr_par' dir='ltr' id='par_1_18' title="bbox 224 863 1010 900">
     <span class='ocr_line' id='line_1_18' title="bbox 224 863 1010 900; baseline 0.004 -10"><span class='ocrx_word' id='word_1_110' title='bbox 224 863 322 894; x_wconf 86' lang='lat' dir='ltr'><strong>dicam,</strong></span> <span class='ocrx_word' id='word_1_111' title='bbox 337 863 410 890; x_wconf 84' lang='lat' dir='ltr'><strong>varia</strong></span> <span class='ocrx_word' id='word_1_112' title='bbox 424 863 450 890; x_wconf 93' lang='lat' dir='ltr'><strong>in</strong></span> <span class='ocrx_word' id='word_1_113' title='bbox 464 871 545 891; x_wconf 90' lang='lat' dir='ltr'><strong>unam</strong></span> <span class='ocrx_word' id='word_1_114' title='bbox 560 871 651 891; x_wconf 86' lang='lat' dir='ltr'><strong>veram</strong></span> <span class='ocrx_word' id='word_1_115' title='bbox 664 869 691 891; x_wconf 88' lang='lat' dir='ltr'><strong>et</strong></span> <span class='ocrx_word' id='word_1_116' title='bbox 705 872 800 898; x_wconf 92' lang='lat' dir='ltr'><strong>puram</strong></span> <span class='ocrx_word' id='word_1_117' title='bbox 812 873 843 892; x_wconf 90' lang='lat' dir='ltr'><strong>ac</strong></span> <span class='ocrx_word' id='word_1_118' title='bbox 859 865 1010 900; x_wconf 86' lang='lat' dir='ltr'><strong>simplicem</strong></span> 
     </span>
    </p>
   </div>
   <div class='ocr_carea' id='block_1_19' title="bbox 1064 267 1840 302">
    <p class='ocr_par' dir='ltr' id='par_1_19' title="bbox 1064 267 1840 302">
     <span class='ocr_line' id='line_1_19' title="bbox 1064 267 1840 302; baseline 0.001 -8"><span class='ocrx_word' id='word_1_119' title='bbox 1064 274 1113 301; x_wconf 85' lang='lat' dir='ltr'><strong>per</strong></span> <span class='ocrx_word' id='word_1_120' title='bbox 1127 267 1269 298; x_wconf 82' lang='lat' dir='ltr'><strong>virtutem.</strong></span> <span class='ocrx_word' id='word_1_121' title='bbox 1292 267 1511 300; x_wconf 87' lang='lat' dir='ltr'><strong>incorruptibiles</strong></span> <span class='ocrx_word' id='word_1_122' title='bbox 1536 268 1679 302; x_wconf 79' lang='lat' dir='ltr'><strong>imagines.</strong></span> <span class='ocrx_word' id='word_1_123' title='bbox 1699 267 1840 295; x_wconf 82' lang='lat' dir='ltr'><strong>Inrireum-</strong></span> 
     </span>
    </p>
   </div>
   <div class='ocr_carea' id='block_1_20' title="bbox 1063 309 1840 346">
    <p class='ocr_par' dir='ltr' id='par_1_20' title="bbox 1063 309 1840 346">
     <span class='ocr_line' id='line_1_20' title="bbox 1063 309 1840 346; baseline 0.003 -8"><span class='ocrx_word' id='word_1_124' title='bbox 1063 311 1195 346; x_wconf 87' lang='lat' dir='ltr'><strong>scriptum</strong></span> <span class='ocrx_word' id='word_1_125' title='bbox 1211 312 1284 339; x_wconf 89' lang='lat' dir='ltr'><strong>enim</strong></span> <span class='ocrx_word' id='word_1_126' title='bbox 1306 312 1369 339; x_wconf 90' lang='lat' dir='ltr'><strong>illud</strong></span> <span class='ocrx_word' id='word_1_127' title='bbox 1388 309 1495 340; x_wconf 83' lang='lat' dir='ltr'><strong>virtutis</strong></span> <span class='ocrx_word' id='word_1_128' title='bbox 1512 313 1652 341; x_wconf 85' lang='lat' dir='ltr'><strong>deiformis</strong></span> <span class='ocrx_word' id='word_1_129' title='bbox 1672 314 1840 341; x_wconf 86' lang='lat' dir='ltr'><strong>simulacrum</strong></span> 
     </span>
    </p>
   </div>
   <div class='ocr_carea' id='block_1_21' title="bbox 1064 358 1841 395">
    <p class='ocr_par' dir='ltr' id='par_1_21' title="bbox 1064 358 1841 395">
     <span class='ocr_line' id='line_1_21' title="bbox 1064 358 1841 395; baseline 0.005 -11"><span class='ocrx_word' id='word_1_130' title='bbox 1064 358 1116 384; x_wconf 89' lang='lat' dir='ltr'><strong>rite</strong></span> <span class='ocrx_word' id='word_1_131' title='bbox 1133 358 1293 385; x_wconf 90' lang='lat' dir='ltr'><strong>imitandum</strong></span> <span class='ocrx_word' id='word_1_132' title='bbox 1305 362 1356 389; x_wconf 84' lang='lat' dir='ltr'><strong>est.</strong></span> <span class='ocrx_word' id='word_1_133' title='bbox 1377 363 1407 386; x_wconf 90' lang='lat' dir='ltr'><strong>ut</strong></span> <span class='ocrx_word' id='word_1_134' title='bbox 1425 359 1555 394; x_wconf 86' lang='lat' dir='ltr'><strong>spiritalis</strong></span> <span class='ocrx_word' id='word_1_135' title='bbox 1571 367 1603 386; x_wconf 89' lang='lat' dir='ltr'><strong>ac</strong></span> <span class='ocrx_word' id='word_1_136' title='bbox 1619 360 1744 395; x_wconf 80' lang='lat' dir='ltr'><strong>fragrans</strong></span> <span class='ocrx_word' id='word_1_137' title='bbox 1759 360 1841 395; x_wconf 81' lang='lat' dir='ltr'><strong>ipsum</strong></span> 
     </span>
    </p>
   </div>
   <div class='ocr_carea' id='block_1_22' title="bbox 1063 404 1842 441">
    <p class='ocr_par' dir='ltr' id='par_1_22' title="bbox 1063 404 1842 441">
     <span class='ocr_line' id='line_1_22' title="bbox 1063 404 1842 441; baseline 0.004 -10"><span class='ocrx_word' id='word_1_138' title='bbox 1063 404 1165 432; x_wconf 90' lang='lat' dir='ltr'><strong>referat</strong></span> <span class='ocrx_word' id='word_1_139' title='bbox 1186 404 1370 440; x_wconf 88' lang='lat' dir='ltr'><strong>pulchritudo,</strong></span> <span class='ocrx_word' id='word_1_140' title='bbox 1391 413 1504 439; x_wconf 89' lang='lat' dir='ltr'><strong>seseque</strong></span> <span class='ocrx_word' id='word_1_141' title='bbox 1525 406 1623 433; x_wconf 82' lang='lat' dir='ltr'><strong>formet</strong></span> <span class='ocrx_word' id='word_1_142' title='bbox 1643 411 1670 433; x_wconf 92' lang='lat' dir='ltr'><strong>et</strong></span> <span class='ocrx_word' id='word_1_143' title='bbox 1691 407 1796 441; x_wconf 80' lang='lat' dir='ltr'><strong>ellingat</strong></span> <span class='ocrx_word' id='word_1_144' title='bbox 1811 407 1842 434; x_wconf 87' lang='lat' dir='ltr'><strong>ad</strong></span> 
     </span>
    </p>
   </div>
   <div class='ocr_carea' id='block_1_23' title="bbox 1061 451 1842 489">
    <p class='ocr_par' dir='ltr' id='par_1_23' title="bbox 1061 451 1842 489">
     <span class='ocr_line' id='line_1_23' title="bbox 1061 451 1842 489; baseline 0.004 -12"><span class='ocrx_word' id='word_1_145' title='bbox 1061 451 1272 486; x_wconf 79' lang='lat' dir='ltr'><strong>pulcherrimam</strong></span> <span class='ocrx_word' id='word_1_146' title='bbox 1284 453 1342 486; x_wconf 69' lang='lat' dir='ltr'><strong>eius</strong></span> <span class='ocrx_word' id='word_1_147' title='bbox 1363 451 1553 481; x_wconf 86' lang='lat' dir='ltr'><strong>imitationem.</strong></span> <span class='ocrx_word' id='word_1_148' title='bbox 1575 453 1608 479; x_wconf 86' lang='lat' dir='ltr'><strong>Et</strong></span> <span class='ocrx_word' id='word_1_149' title='bbox 1627 453 1698 480; x_wconf 85' lang='lat' dir='ltr'><strong>sicut</strong></span> <span class='ocrx_word' id='word_1_150' title='bbox 1711 453 1736 480; x_wconf 93' lang='lat' dir='ltr'><strong>in</strong></span> <span class='ocrx_word' id='word_1_151' title='bbox 1752 454 1842 489; x_wconf 84' lang='lat' dir='ltr'><strong>imagi-</strong></span> 
     </span>
    </p>
   </div>
   <div class='ocr_carea' id='block_1_24' title="bbox 1063 496 1842 534">
    <p class='ocr_par' dir='ltr' id='par_1_24' title="bbox 1063 496 1842 534">
     <span class='ocr_line' id='line_1_24' title="bbox 1063 496 1842 534; baseline 0.004 -11"><span class='ocrx_word' id='word_1_152' title='bbox 1063 496 1144 524; x_wconf 90' lang='lat' dir='ltr'><strong>nibus</strong></span> <span class='ocrx_word' id='word_1_153' title='bbox 1168 496 1322 530; x_wconf 89' lang='lat' dir='ltr'><strong>sensilibus,</strong></span> <span class='ocrx_word' id='word_1_154' title='bbox 1349 497 1371 524; x_wconf 92' lang='lat' dir='ltr'><strong>si</strong></span> <span class='ocrx_word' id='word_1_155' title='bbox 1395 497 1484 532; x_wconf 89' lang='lat' dir='ltr'><strong>pictor</strong></span> <span class='ocrx_word' id='word_1_156' title='bbox 1501 498 1534 524; x_wconf 90' lang='lat' dir='ltr'><strong>ad</strong></span> <span class='ocrx_word' id='word_1_157' title='bbox 1552 498 1706 532; x_wconf 71' lang='lat' dir='ltr'><strong>primaevam</strong></span> <span class='ocrx_word' id='word_1_158' title='bbox 1730 499 1842 534; x_wconf 86' lang='lat' dir='ltr'><strong>speciem</strong></span> 
     </span>
    </p>
   </div>
   <div class='ocr_carea' id='block_1_25' title="bbox 1063 542 1841 576">
    <p class='ocr_par' dir='ltr' id='par_1_25' title="bbox 1063 542 1841 576">
     <span class='ocr_line' id='line_1_25' title="bbox 1063 542 1841 576; baseline 0.005 -8"><span class='ocrx_word' id='word_1_159' title='bbox 1063 546 1219 569; x_wconf 85' lang='lat' dir='ltr'><strong>constanter</strong></span> <span class='ocrx_word' id='word_1_160' title='bbox 1232 542 1364 576; x_wconf 81' lang='lat' dir='ltr'><strong>intendat,</strong></span> <span class='ocrx_word' id='word_1_161' title='bbox 1381 543 1451 569; x_wconf 83' lang='lat' dir='ltr'><strong>nulla</strong></span> <span class='ocrx_word' id='word_1_162' title='bbox 1466 550 1496 570; x_wconf 91' lang='lat' dir='ltr'><strong>re</strong></span> <span class='ocrx_word' id='word_1_163' title='bbox 1508 543 1558 569; x_wconf 90' lang='lat' dir='ltr'><strong>alia</strong></span> <span class='ocrx_word' id='word_1_164' title='bbox 1573 543 1673 570; x_wconf 86' lang='lat' dir='ltr'><strong>visibili</strong></span> <span class='ocrx_word' id='word_1_165' title='bbox 1689 544 1841 576; x_wconf 82' lang='lat' dir='ltr'><strong>distractus,</strong></span> 
     </span>
    </p>
   </div>
   <div class='ocr_carea' id='block_1_26' title="bbox 1062 589 1842 626">
    <p class='ocr_par' dir='ltr' id='par_1_26' title="bbox 1062 589 1842 626">
     <span class='ocr_line' id='line_1_26' title="bbox 1062 589 1842 626; baseline 0.003 -10"><span class='ocrx_word' id='word_1_166' title='bbox 1062 596 1152 624; x_wconf 86' lang='lat' dir='ltr'><strong>neque</strong></span> <span class='ocrx_word' id='word_1_167' title='bbox 1163 589 1312 616; x_wconf 89' lang='lat' dir='ltr'><strong>secundum</strong></span> <span class='ocrx_word' id='word_1_168' title='bbox 1328 589 1466 624; x_wconf 86' lang='lat' dir='ltr'><strong>quidpiam</strong></span> <span class='ocrx_word' id='word_1_169' title='bbox 1485 590 1597 620; x_wconf 83' lang='lat' dir='ltr'><strong>divisus,</strong></span> <span class='ocrx_word' id='word_1_170' title='bbox 1611 590 1685 616; x_wconf 91' lang='lat' dir='ltr'><strong>illum</strong></span> <span class='ocrx_word' id='word_1_171' title='bbox 1698 591 1783 626; x_wconf 90' lang='lat' dir='ltr'><strong>ipsum</strong></span> <span class='ocrx_word' id='word_1_172' title='bbox 1800 592 1842 626; x_wconf 89' lang='lat' dir='ltr'><strong>qui</strong></span> 
     </span>
    </p>
   </div>
   <div class='ocr_carea' id='block_1_27' title="bbox 1065 634 1843 672">
    <p class='ocr_par' dir='ltr' id='par_1_27' title="bbox 1065 634 1843 672">
     <span class='ocr_line' id='line_1_27' title="bbox 1065 634 1843 672; baseline 0.005 -11"><span class='ocrx_word' id='word_1_173' title='bbox 1065 634 1251 670; x_wconf 82' lang='lat' dir='ltr'><strong>depingendus</strong></span> <span class='ocrx_word' id='word_1_174' title='bbox 1266 640 1316 668; x_wconf 88' lang='lat' dir='ltr'><strong>est,</strong></span> <span class='ocrx_word' id='word_1_175' title='bbox 1330 637 1352 663; x_wconf 90' lang='lat' dir='ltr'><strong>si</strong></span> <span class='ocrx_word' id='word_1_176' title='bbox 1368 636 1405 663; x_wconf 88' lang='lat' dir='ltr'><strong>ita</strong></span> <span class='ocrx_word' id='word_1_177' title='bbox 1424 636 1516 664; x_wconf 86' lang='lat' dir='ltr'><strong>dicere</strong></span> <span class='ocrx_word' id='word_1_178' title='bbox 1536 637 1625 668; x_wconf 86' lang='lat' dir='ltr'><strong>liceat,</strong></span> <span class='ocrx_word' id='word_1_179' title='bbox 1649 638 1843 672; x_wconf 83' lang='lat' dir='ltr'><strong>quodammodo</strong></span> 
     </span>
    </p>
   </div>
   <div class='ocr_carea' id='block_1_28' title="bbox 1061 679 1844 716">
    <p class='ocr_par' dir='ltr' id='par_1_28' title="bbox 1061 679 1844 716">
     <span class='ocr_line' id='line_1_28' title="bbox 1061 679 1844 716; baseline 0.005 -10"><span class='ocrx_word' id='word_1_180' title='bbox 1061 679 1217 715; x_wconf 84' lang='lat' dir='ltr'><strong>replicabit,</strong></span> <span class='ocrx_word' id='word_1_181' title='bbox 1233 684 1313 715; x_wconf 89' lang='lat' dir='ltr'><strong>atque</strong></span> <span class='ocrx_word' id='word_1_182' title='bbox 1337 682 1481 716; x_wconf 88' lang='lat' dir='ltr'><strong>ipsammet</strong></span> <span class='ocrx_word' id='word_1_183' title='bbox 1503 683 1645 710; x_wconf 85' lang='lat' dir='ltr'><strong>veritatem</strong></span> <span class='ocrx_word' id='word_1_184' title='bbox 1668 683 1695 710; x_wconf 92' lang='lat' dir='ltr'><strong>in</strong></span> <span class='ocrx_word' id='word_1_185' title='bbox 1719 683 1844 711; x_wconf 83' lang='lat' dir='ltr'><strong>similitu-</strong></span> 
     </span>
    </p>
   </div>
   <div class='ocr_carea' id='block_1_29' title="bbox 1064 726 1844 764">
    <p class='ocr_par' dir='ltr' id='par_1_29' title="bbox 1064 726 1844 764">
     <span class='ocr_line' id='line_1_29' title="bbox 1064 726 1844 764; baseline 0.006 -11"><span class='ocrx_word' id='word_1_186' title='bbox 1064 726 1136 760; x_wconf 90' lang='lat' dir='ltr'><strong>dine,</strong></span> <span class='ocrx_word' id='word_1_187' title='bbox 1161 732 1189 754; x_wconf 88' lang='lat' dir='ltr'><strong>ct</strong></span> <span class='ocrx_word' id='word_1_188' title='bbox 1211 727 1386 763; x_wconf 85' lang='lat' dir='ltr'><strong>archetypum</strong></span> <span class='ocrx_word' id='word_1_189' title='bbox 1410 728 1436 755; x_wconf 91' lang='lat' dir='ltr'><strong>in</strong></span> <span class='ocrx_word' id='word_1_190' title='bbox 1464 728 1582 763; x_wconf 84' lang='lat' dir='ltr'><strong>imagine</strong></span> <span class='ocrx_word' id='word_1_191' title='bbox 1610 729 1756 764; x_wconf 83' lang='lat' dir='ltr'><strong>exprimet,</strong></span> <span class='ocrx_word' id='word_1_192' title='bbox 1780 730 1844 758; x_wconf 88' lang='lat' dir='ltr'><strong>alte-</strong></span> 
     </span>
    </p>
   </div>
   <div class='ocr_carea' id='block_1_30' title="bbox 1063 773 1843 808">
    <p class='ocr_par' dir='ltr' id='par_1_30' title="bbox 1063 773 1843 808">
     <span class='ocr_line' id='line_1_30' title="bbox 1063 773 1843 808; baseline 0.004 -8"><span class='ocrx_word' id='word_1_193' title='bbox 1063 780 1179 808; x_wconf 88' lang='lat' dir='ltr'><strong>rumque</strong></span> <span class='ocrx_word' id='word_1_194' title='bbox 1211 773 1238 800; x_wconf 91' lang='lat' dir='ltr'><strong>in</strong></span> <span class='ocrx_word' id='word_1_195' title='bbox 1266 774 1351 801; x_wconf 89' lang='lat' dir='ltr'><strong>altero</strong></span> <span class='ocrx_word' id='word_1_196' title='bbox 1375 775 1442 802; x_wconf 89' lang='lat' dir='ltr'><strong>citra</strong></span> <span class='ocrx_word' id='word_1_197' title='bbox 1478 775 1638 802; x_wconf 71' lang='lat' dir='ltr'><strong>substantia:</strong></span> <span class='ocrx_word' id='word_1_198' title='bbox 1665 776 1843 804; x_wconf 77' lang='lat' dir='ltr'><strong>differentiam</strong></span> 
     </span>
    </p>
   </div>
   <div class='ocr_carea' id='block_1_31' title="bbox 1062 819 1844 856">
    <p class='ocr_par' dir='ltr' id='par_1_31' title="bbox 1062 819 1844 856">
     <span class='ocr_line' id='line_1_31' title="bbox 1062 819 1844 856; baseline 0.004 -10"><span class='ocrx_word' id='word_1_199' title='bbox 1062 819 1179 853; x_wconf 81' lang='lat' dir='ltr'><strong>referet;</strong></span> <span class='ocrx_word' id='word_1_200' title='bbox 1197 820 1237 847; x_wconf 92' lang='lat' dir='ltr'><strong>sic</strong></span> <span class='ocrx_word' id='word_1_201' title='bbox 1258 821 1383 856; x_wconf 80' lang='lat' dir='ltr'><strong>mysticis</strong></span> <span class='ocrx_word' id='word_1_202' title='bbox 1404 821 1431 848; x_wconf 93' lang='lat' dir='ltr'><strong>in</strong></span> <span class='ocrx_word' id='word_1_203' title='bbox 1466 827 1555 849; x_wconf 84' lang='lat' dir='ltr'><strong>mente</strong></span> <span class='ocrx_word' id='word_1_204' title='bbox 1577 821 1728 856; x_wconf 86' lang='lat' dir='ltr'><strong>pictoribus</strong></span> <span class='ocrx_word' id='word_1_205' title='bbox 1750 830 1844 849; x_wconf 81' lang='lat' dir='ltr'><strong>suave-</strong></span> 
     </span>
    </p>
   </div>
   <div class='ocr_carea' id='block_1_32' title="bbox 1064 864 1844 902">
    <p class='ocr_par' dir='ltr' id='par_1_32' title="bbox 1064 864 1844 902">
     <span class='ocr_line' id='line_1_32' title="bbox 1064 864 1844 902; baseline 0.004 -10"><span class='ocrx_word' id='word_1_206' title='bbox 1064 864 1163 892; x_wconf 91' lang='lat' dir='ltr'><strong>olentis</strong></span> <span class='ocrx_word' id='word_1_207' title='bbox 1176 870 1203 892; x_wconf 92' lang='lat' dir='ltr'><strong>et</strong></span> <span class='ocrx_word' id='word_1_208' title='bbox 1217 873 1323 893; x_wconf 68' lang='lat' dir='ltr'><strong>arcanm</strong></span> <span class='ocrx_word' id='word_1_209' title='bbox 1336 866 1654 900; x_wconf 88' lang='lat' dir='ltr'><strong>pulchritudinisintenla</strong></span> <span class='ocrx_word' id='word_1_210' title='bbox 1667 872 1844 902; x_wconf 85' lang='lat' dir='ltr'><strong>constansque</strong></span> 
     </span>
    </p>
   </div>
   <div class='ocr_carea' id='block_1_33' title="bbox 224 907 1843 948">
    <p class='ocr_par' dir='ltr' id='par_1_33' title="bbox 224 907 1843 948">
     <span class='ocr_line' id='line_1_33' title="bbox 224 907 1843 948; baseline 0.002 -12"><span class='ocrx_word' id='word_1_211' title='bbox 224 910 405 944; x_wconf 84' lang='lat' dir='ltr'><strong>cognitionem</strong></span> <span class='ocrx_word' id='word_1_212' title='bbox 423 910 569 944; x_wconf 87' lang='lat' dir='ltr'><strong>contrahit,</strong></span> <span class='ocrx_word' id='word_1_213' title='bbox 585 915 611 937; x_wconf 92' lang='lat' dir='ltr'><strong>et</strong></span> <span class='ocrx_word' id='word_1_214' title='bbox 627 918 680 938; x_wconf 90' lang='lat' dir='ltr'><strong>uno</strong></span> <span class='ocrx_word' id='word_1_215' title='bbox 704 910 805 939; x_wconf 85' lang='lat' dir='ltr'><strong>lumine</strong></span> <span class='ocrx_word' id='word_1_216' title='bbox 831 911 932 939; x_wconf 82' lang='lat' dir='ltr'><strong>uniﬁco</strong></span> <span class='ocrx_word' id='word_1_217' title='bbox 960 912 1012 940; x_wconf 81' lang='lat' dir='ltr'><strong>im-</strong></span> <span class='ocrx_word' id='word_1_218' title='bbox 1026 907 1047 935; x_wconf 84' lang='grc' dir='ltr'><strong>Β</strong></span> <span class='ocrx_word' id='word_1_219' title='bbox 1063 910 1253 945; x_wconf 90' lang='lat' dir='ltr'><strong>contemplatio</strong></span> <span class='ocrx_word' id='word_1_220' title='bbox 1270 911 1440 939; x_wconf 82' lang='lat' dir='ltr'><strong>inl‘allibilem</strong></span> <span class='ocrx_word' id='word_1_221' title='bbox 1461 912 1537 939; x_wconf 88' lang='lat' dir='ltr'><strong>iudet</strong></span> <span class='ocrx_word' id='word_1_222' title='bbox 1560 912 1731 948; x_wconf 83' lang='lat' dir='ltr'><strong>maximeque</strong></span> <span class='ocrx_word' id='word_1_223' title='bbox 1744 913 1843 941; x_wconf 88' lang='lat' dir='ltr'><strong>deifor-</strong></span> 
     </span>
    </p>
   </div>
   <div class='ocr_carea' id='block_1_34' title="bbox 224 956 289 992">
    <p class='ocr_par' dir='ltr' id='par_1_34' title="bbox 224 956 289 992">
     <span class='ocr_line' id='line_1_34' title="bbox 224 956 289 992; baseline 0.031 -10"><span class='ocrx_word' id='word_1_224' title='bbox 224 956 289 992; x_wconf 83' lang='lat' dir='ltr'><strong>plet.</strong></span> 
     </span>
    </p>
   </div>
   <div class='ocr_carea' id='block_1_35' title="bbox 259 1001 1010 1039">
    <p class='ocr_par' dir='ltr' id='par_1_35' title="bbox 259 1001 1010 1039">
     <span class='ocr_line' id='line_1_35' title="bbox 259 1001 1010 1039; baseline 0.004 -11"><span class='ocrx_word' id='word_1_225' title='bbox 259 1001 344 1029; x_wconf 88' lang='lat' dir='ltr'><strong>Porro</strong></span> <span class='ocrx_word' id='word_1_226' title='bbox 366 1002 456 1030; x_wconf 92' lang='lat' dir='ltr'><strong>lumen</strong></span> <span class='ocrx_word' id='word_1_227' title='bbox 476 1003 526 1030; x_wconf 93' lang='lat' dir='ltr'><strong>hoc</strong></span> <span class='ocrx_word' id='word_1_228' title='bbox 546 1003 675 1030; x_wconf 86' lang='lat' dir='ltr'><strong>unifieum</strong></span> <span class='ocrx_word' id='word_1_229' title='bbox 691 1003 841 1039; x_wconf 86' lang='lat' dir='ltr'><strong>accipimus</strong></span> <span class='ocrx_word' id='word_1_230' title='bbox 862 1011 911 1039; x_wconf 89' lang='lat' dir='ltr'><strong>per</strong></span> <span class='ocrx_word' id='word_1_231' title='bbox 928 1004 1010 1032; x_wconf 82' lang='lat' dir='ltr'><strong>Citri-</strong></span> 
     </span>
    </p>
   </div>
   <div class='ocr_carea' id='block_1_36' title="bbox 224 1047 1010 1084">
    <p class='ocr_par' dir='ltr' id='par_1_36' title="bbox 224 1047 1010 1084">
     <span class='ocr_line' id='line_1_36' title="bbox 224 1047 1010 1084; baseline 0.003 -10"><span class='ocrx_word' id='word_1_232' title='bbox 224 1052 295 1075; x_wconf 81' lang='lat' dir='ltr'><strong>stum</strong></span> <span class='ocrx_word' id='word_1_233' title='bbox 308 1047 329 1081; x_wconf 80' lang='grc'>⁸,</span> <span class='ocrx_word' id='word_1_234' title='bbox 343 1049 388 1082; x_wconf 93' lang='lat' dir='ltr'><strong>qui</strong></span> <span class='ocrx_word' id='word_1_235' title='bbox 405 1053 516 1083; x_wconf 85' lang='lat' dir='ltr'><strong>paterna</strong></span> <span class='ocrx_word' id='word_1_236' title='bbox 533 1049 580 1076; x_wconf 76' lang='lat' dir='ltr'><strong>tua;</strong></span> <span class='ocrx_word' id='word_1_237' title='bbox 591 1054 634 1076; x_wconf 83' lang='lat' dir='ltr'><strong>est.</strong></span> <span class='ocrx_word' id='word_1_238' title='bbox 649 1058 721 1083; x_wconf 80' lang='lat' dir='ltr'><strong>veru,</strong></span> <span class='ocrx_word' id='word_1_239' title='bbox 735 1058 793 1084; x_wconf 60' lang='lat' dir='ltr'><strong>qut:</strong></span> <span class='ocrx_word' id='word_1_240' title='bbox 808 1050 941 1077; x_wconf 76' lang='lat' dir='ltr'><strong>illuminat</strong></span> <span class='ocrx_word' id='word_1_241' title='bbox 953 1058 1010 1076; x_wconf 86' lang='lat' dir='ltr'><strong>om-</strong></span> 
     </span>
    </p>
   </div>
   <div class='ocr_carea' id='block_1_37' title="bbox 223 1094 1011 1130">
    <p class='ocr_par' dir='ltr' id='par_1_37' title="bbox 223 1094 1011 1130">
     <span class='ocr_line' id='line_1_37' title="bbox 223 1094 1011 1130; baseline 0.003 -10"><span class='ocrx_word' id='word_1_242' title='bbox 223 1101 281 1121; x_wconf 77' lang='lat' dir='ltr'><strong>nem</strong></span> <span class='ocrx_word' id='word_1_243' title='bbox 306 1094 437 1121; x_wconf 78' lang='lat' dir='ltr'><strong>hominem</strong></span> <span class='ocrx_word' id='word_1_244' title='bbox 463 1095 607 1122; x_wconf 81' lang='lat' dir='ltr'><strong>venientem</strong></span> <span class='ocrx_word' id='word_1_245' title='bbox 634 1095 663 1122; x_wconf 83' lang='lat' dir='ltr'><strong>in</strong></span> <span class='ocrx_word' id='word_1_246' title='bbox 688 1095 756 1122; x_wconf 83' lang='lat' dir='ltr'><strong>hunc</strong></span> <span class='ocrx_word' id='word_1_247' title='bbox 778 1095 939 1128; x_wconf 79' lang='lat' dir='ltr'><strong>mundum‘,</strong></span> <span class='ocrx_word' id='word_1_248' title='bbox 963 1103 1011 1130; x_wconf 89' lang='lat' dir='ltr'><strong>per</strong></span> 
     </span>
    </p>
   </div>
   <div class='ocr_carea' id='block_1_38' title="bbox 224 1139 1012 1174">
    <p class='ocr_par' dir='ltr' id='par_1_38' title="bbox 224 1139 1012 1174">
     <span class='ocr_line' id='line_1_38' title="bbox 224 1139 1012 1174; baseline 0.005 -9"><span class='ocrx_word' id='word_1_249' title='bbox 224 1147 304 1174; x_wconf 83' lang='lat' dir='ltr'><strong>quem</strong></span> <span class='ocrx_word' id='word_1_250' title='bbox 325 1139 358 1166; x_wconf 91' lang='lat' dir='ltr'><strong>ad</strong></span> <span class='ocrx_word' id='word_1_251' title='bbox 373 1140 505 1174; x_wconf 84' lang='lat' dir='ltr'><strong>originem</strong></span> <span class='ocrx_word' id='word_1_252' title='bbox 520 1141 587 1168; x_wconf 91' lang='lat' dir='ltr'><strong>lueis</strong></span> <span class='ocrx_word' id='word_1_253' title='bbox 612 1141 718 1168; x_wconf 83' lang='lat' dir='ltr'><strong>Patrem</strong></span> <span class='ocrx_word' id='word_1_254' title='bbox 734 1148 873 1168; x_wconf 86' lang='lat' dir='ltr'><strong>accessum</strong></span> <span class='ocrx_word' id='word_1_255' title='bbox 892 1141 1012 1169; x_wconf 90' lang='lat' dir='ltr'><strong>obtinui-</strong></span> 
     </span>
    </p>
   </div>
   <div class='ocr_carea' id='block_1_39' title="bbox 223 1184 1011 1220">
    <p class='ocr_par' dir='ltr' id='par_1_39' title="bbox 223 1184 1011 1220">
     <span class='ocr_line' id='line_1_39' title="bbox 223 1184 1011 1220; baseline 0.004 -9"><span class='ocrx_word' id='word_1_256' title='bbox 223 1192 296 1212; x_wconf 86' lang='lat' dir='ltr'><strong>mus.</strong></span> <span class='ocrx_word' id='word_1_257' title='bbox 312 1184 362 1212; x_wconf 83' lang='lat' dir='ltr'><strong>Hic</strong></span> <span class='ocrx_word' id='word_1_258' title='bbox 377 1190 418 1212; x_wconf 89' lang='lat' dir='ltr'><strong>est</strong></span> <span class='ocrx_word' id='word_1_259' title='bbox 431 1186 477 1219; x_wconf 91' lang='lat' dir='ltr'><strong>qui</strong></span> <span class='ocrx_word' id='word_1_260' title='bbox 491 1186 590 1213; x_wconf 90' lang='lat' dir='ltr'><strong>mentis</strong></span> <span class='ocrx_word' id='word_1_261' title='bbox 605 1187 712 1220; x_wconf 90' lang='lat' dir='ltr'><strong>quidem</strong></span> <span class='ocrx_word' id='word_1_262' title='bbox 735 1191 835 1214; x_wconf 62' lang='lat' dir='ltr'><strong>nostra:</strong></span> <span class='ocrx_word' id='word_1_263' title='bbox 858 1187 1011 1214; x_wconf 60' lang='lat' dir='ltr'><strong>obscuritau</strong></span> 
     </span>
    </p>
   </div>
   <div class='ocr_carea' id='block_1_40' title="bbox 225 1232 1010 1268">
    <p class='ocr_par' dir='ltr' id='par_1_40' title="bbox 225 1232 1010 1268">
     <span class='ocr_line' id='line_1_40' title="bbox 225 1232 1010 1268; baseline 0.001 -9"><span class='ocrx_word' id='word_1_264' title='bbox 225 1236 280 1260; x_wconf 89' lang='lat' dir='ltr'><strong>tem</strong></span> <span class='ocrx_word' id='word_1_265' title='bbox 294 1233 304 1248; x_wconf 90' lang='grc'><em>’¹</em></span> <span class='ocrx_word' id='word_1_266' title='bbox 319 1233 399 1260; x_wconf 87' lang='lat' dir='ltr'><strong>beato</strong></span> <span class='ocrx_word' id='word_1_267' title='bbox 419 1233 565 1267; x_wconf 89' lang='lat' dir='ltr'><strong>divinoqnc</strong></span> <span class='ocrx_word' id='word_1_268' title='bbox 586 1232 687 1260; x_wconf 84' lang='lat' dir='ltr'><strong>lumine</strong></span> <span class='ocrx_word' id='word_1_269' title='bbox 707 1232 830 1268; x_wconf 86' lang='lat' dir='ltr'><strong>replevit,</strong></span> <span class='ocrx_word' id='word_1_270' title='bbox 853 1232 1010 1260; x_wconf 87' lang='lat' dir='ltr'><strong>deformita-</strong></span> 
     </span>
    </p>
   </div>
   <div class='ocr_carea' id='block_1_41' title="bbox 224 1280 1011 1313">
    <p class='ocr_par' dir='ltr' id='par_1_41' title="bbox 224 1280 1011 1313">
     <span class='ocr_line' id='line_1_41' title="bbox 224 1280 1011 1313; baseline 0.004 -8"><span class='ocrx_word' id='word_1_271' title='bbox 224 1283 334 1313; x_wconf 90' lang='lat' dir='ltr'><strong>temque</strong></span> <span class='ocrx_word' id='word_1_272' title='bbox 353 1285 473 1307; x_wconf 91' lang='lat' dir='ltr'><strong>nostram</strong></span> <span class='ocrx_word' id='word_1_273' title='bbox 501 1280 678 1307; x_wconf 89' lang='lat' dir='ltr'><strong>deiformihus</strong></span> <span class='ocrx_word' id='word_1_274' title='bbox 697 1281 866 1308; x_wconf 88' lang='lat' dir='ltr'><strong>ornamentis</strong></span> <span class='ocrx_word' id='word_1_275' title='bbox 892 1281 1011 1308; x_wconf 75' lang='lat' dir='ltr'><strong>illustra-</strong></span> 
     </span>
    </p>
   </div>
   <div class='ocr_carea' id='block_1_42' title="bbox 223 1322 1012 1360">
    <p class='ocr_par' dir='ltr' id='par_1_42' title="bbox 223 1322 1012 1360">
     <span class='ocr_line' id='line_1_42' title="bbox 223 1322 1012 1360; baseline 0.005 -11"><span class='ocrx_word' id='word_1_276' title='bbox 223 1322 274 1355; x_wconf 85' lang='lat' dir='ltr'><strong>vit,</strong></span> <span class='ocrx_word' id='word_1_277' title='bbox 302 1324 385 1350; x_wconf 88' lang='lat' dir='ltr'><strong>animi</strong></span> <span class='ocrx_word' id='word_1_278' title='bbox 407 1328 497 1351; x_wconf 89' lang='lat' dir='ltr'><strong>autem</strong></span> <span class='ocrx_word' id='word_1_279' title='bbox 521 1323 686 1352; x_wconf 86' lang='lat' dir='ltr'><strong>domicilium</strong></span> <span class='ocrx_word' id='word_1_280' title='bbox 706 1332 766 1352; x_wconf 91' lang='lat' dir='ltr'><strong>cum</strong></span> <span class='ocrx_word' id='word_1_281' title='bbox 784 1325 904 1360; x_wconf 89' lang='lat' dir='ltr'><strong>perfecta</strong></span> <span class='ocrx_word' id='word_1_282' title='bbox 924 1325 1012 1353; x_wconf 88' lang='lat' dir='ltr'><strong>salute</strong></span> 
     </span>
    </p>
   </div>
   <div class='ocr_carea' id='block_1_43' title="bbox 223 1370 1010 1406">
    <p class='ocr_par' dir='ltr' id='par_1_43' title="bbox 223 1370 1010 1406">
     <span class='ocr_line' id='line_1_43' title="bbox 223 1370 1010 1406; baseline 0.003 -10"><span class='ocrx_word' id='word_1_283' title='bbox 223 1370 349 1397; x_wconf 74' lang='lat' dir='ltr'><strong>essentia:</strong></span> <span class='ocrx_word' id='word_1_284' title='bbox 374 1375 532 1405; x_wconf 68' lang='lat' dir='ltr'><strong>naturmquc</strong></span> <span class='ocrx_word' id='word_1_285' title='bbox 553 1375 672 1403; x_wconf 66' lang='lat' dir='ltr'><strong>nostrai,</strong></span> <span class='ocrx_word' id='word_1_286' title='bbox 700 1378 759 1405; x_wconf 63' lang='lat' dir='ltr'><strong>qua:</strong></span> <span class='ocrx_word' id='word_1_287' title='bbox 781 1372 868 1399; x_wconf 89' lang='lat' dir='ltr'><strong>ferme</strong></span> <span class='ocrx_word' id='word_1_288' title='bbox 894 1372 1010 1406; x_wconf 84' lang='lat' dir='ltr'><strong>collapsa</strong></span> 
     </span>
    </p>
   </div>
   <div class='ocr_carea' id='block_1_44' title="bbox 223 1415 1010 1452">
    <p class='ocr_par' dir='ltr' id='par_1_44' title="bbox 223 1415 1010 1452">
     <span class='ocr_line' id='line_1_44' title="bbox 223 1415 1010 1452; baseline 0.005 -11"><span class='ocrx_word' id='word_1_289' title='bbox 223 1419 285 1442; x_wconf 89' lang='lat' dir='ltr'><strong>erat</strong></span> <span class='ocrx_word' id='word_1_290' title='bbox 307 1419 336 1442; x_wconf 89' lang='lat' dir='ltr'><strong>et</strong></span> <span class='ocrx_word' id='word_1_291' title='bbox 355 1415 523 1448; x_wconf 88' lang='lat' dir='ltr'><strong>conciderat,</strong></span> <span class='ocrx_word' id='word_1_292' title='bbox 544 1415 702 1444; x_wconf 85' lang='lat' dir='ltr'><strong>foedissimis</strong></span> <span class='ocrx_word' id='word_1_293' title='bbox 727 1417 879 1452; x_wconf 85' lang='lat' dir='ltr'><strong>quibusque</strong></span> <span class='ocrx_word' id='word_1_294' title='bbox 904 1419 1010 1451; x_wconf 81' lang='lat' dir='ltr'><strong>passio—</strong></span> 
     </span>
    </p>
   </div>
   <div class='ocr_carea' id='block_1_45' title="bbox 223 1461 1010 1497">
    <p class='ocr_par' dir='ltr' id='par_1_45' title="bbox 223 1461 1010 1497">
     <span class='ocr_line' id='line_1_45' title="bbox 223 1461 1010 1497; baseline 0.005 -11"><span class='ocrx_word' id='word_1_295' title='bbox 223 1461 306 1487; x_wconf 84' lang='lat' dir='ltr'><strong>nibus</strong></span> <span class='ocrx_word' id='word_1_296' title='bbox 320 1464 402 1495; x_wconf 88' lang='lat' dir='ltr'><strong>atque</strong></span> <span class='ocrx_word' id='word_1_297' title='bbox 425 1461 641 1496; x_wconf 88' lang='lat' dir='ltr'><strong>inquinamentis</strong></span> <span class='ocrx_word' id='word_1_298' title='bbox 664 1462 753 1490; x_wconf 81' lang='lat' dir='ltr'><strong>noxiis</strong></span> <span class='ocrx_word' id='word_1_299' title='bbox 775 1462 911 1497; x_wconf 85' lang='lat' dir='ltr'><strong>liberavit,</strong></span> <span class='ocrx_word' id='word_1_300' title='bbox 934 1470 1010 1490; x_wconf 86' lang='lat' dir='ltr'><strong>com-</strong></span> 
     </span>
    </p>
   </div>
   <div class='ocr_carea' id='block_1_46' title="bbox 223 1507 1010 1543">
    <p class='ocr_par' dir='ltr' id='par_1_46' title="bbox 223 1507 1010 1543">
     <span class='ocr_line' id='line_1_46' title="bbox 223 1507 1010 1543; baseline 0.003 -9"><span class='ocrx_word' id='word_1_301' title='bbox 223 1511 378 1534; x_wconf 88' lang='lat' dir='ltr'><strong>monstrata</strong></span> <span class='ocrx_word' id='word_1_302' title='bbox 395 1507 473 1534; x_wconf 90' lang='lat' dir='ltr'><strong>nobis</strong></span> <span class='ocrx_word' id='word_1_303' title='bbox 485 1508 714 1541; x_wconf 87' lang='lat' dir='ltr'><strong>supermundialis</strong></span> <span class='ocrx_word' id='word_1_304' title='bbox 728 1515 856 1543; x_wconf 79' lang='lat' dir='ltr'><strong>anagogae</strong></span> <span class='ocrx_word' id='word_1_305' title='bbox 867 1516 900 1536; x_wconf 92' lang='lat' dir='ltr'><strong>ac</strong></span> <span class='ocrx_word' id='word_1_306' title='bbox 913 1509 1010 1536; x_wconf 80' lang='lat' dir='ltr'><strong>divinze</strong></span> 
     </span>
    </p>
   </div>
   <div class='ocr_carea' id='block_1_47' title="bbox 223 1552 1010 1588">
    <p class='ocr_par' dir='ltr' id='par_1_47' title="bbox 223 1552 1010 1588">
     <span class='ocr_line' id='line_1_47' title="bbox 223 1552 1010 1588; baseline 0.003 -9"><span class='ocrx_word' id='word_1_307' title='bbox 223 1552 287 1580; x_wconf 86' lang='lat' dir='ltr'><strong>vitae</strong></span> <span class='ocrx_word' id='word_1_308' title='bbox 303 1561 409 1586; x_wconf 87' lang='lat' dir='ltr'><strong>norma,</strong></span> <span class='ocrx_word' id='word_1_309' title='bbox 423 1560 471 1588; x_wconf 88' lang='lat' dir='ltr'><strong>per</strong></span> <span class='ocrx_word' id='word_1_310' title='bbox 482 1560 562 1588; x_wconf 91' lang='lat' dir='ltr'><strong>quam</strong></span> <span class='ocrx_word' id='word_1_311' title='bbox 578 1553 612 1581; x_wconf 88' lang='lat' dir='ltr'><strong>ad</strong></span> <span class='ocrx_word' id='word_1_312' title='bbox 632 1561 724 1581; x_wconf 85' lang='lat' dir='ltr'><strong>sacras</strong></span> <span class='ocrx_word' id='word_1_313' title='bbox 739 1553 798 1587; x_wconf 87' lang='lat' dir='ltr'><strong>ejus</strong></span> <span class='ocrx_word' id='word_1_314' title='bbox 809 1554 1010 1587; x_wconf 85' lang='lat' dir='ltr'><strong>similitudines,</strong></span> 
     </span>
    </p>
   </div>
   <div class='ocr_carea' id='block_1_48' title="bbox 224 1599 1010 1633">
    <p class='ocr_par' dir='ltr' id='par_1_48' title="bbox 224 1599 1010 1633">
     <span class='ocr_line' id='line_1_48' title="bbox 224 1599 1010 1633; baseline 0.001 -7"><span class='ocrx_word' id='word_1_315' title='bbox 224 1599 315 1633; x_wconf 83' lang='lat' dir='ltr'><strong>quoad</strong></span> <span class='ocrx_word' id='word_1_316' title='bbox 341 1599 399 1633; x_wconf 84' lang='lat' dir='ltr'><strong>ejus</strong></span> <span class='ocrx_word' id='word_1_317' title='bbox 421 1600 479 1627; x_wconf 85' lang='lat' dir='ltr'><strong>ﬁeri</strong></span> <span class='ocrx_word' id='word_1_318' title='bbox 502 1604 601 1633; x_wconf 86' lang='lat' dir='ltr'><strong>potest,</strong></span> <span class='ocrx_word' id='word_1_319' title='bbox 624 1600 784 1627; x_wconf 86' lang='lat' dir='ltr'><strong>evehamur.</strong></span> <span class='ocrx_word' id='word_1_320' title='bbox 810 1600 924 1628; x_wconf 88' lang='lat' dir='ltr'><strong>Unicum</strong></span> <span class='ocrx_word' id='word_1_321' title='bbox 938 1601 1010 1627; x_wconf 89' lang='lat' dir='ltr'><strong>enim</strong></span> 
     </span>
    </p>
   </div>
   <div class='ocr_carea' id='block_1_49' title="bbox 222 1644 1012 1681">
    <p class='ocr_par' dir='ltr' id='par_1_49' title="bbox 222 1644 1012 1681">
     <span class='ocr_line' id='line_1_49' title="bbox 222 1644 1012 1681; baseline 0.004 -10"><span class='ocrx_word' id='word_1_322' title='bbox 222 1644 290 1672; x_wconf 90' lang='lat' dir='ltr'><strong>illud</strong></span> <span class='ocrx_word' id='word_1_323' title='bbox 304 1644 316 1660; x_wconf 90' lang='grc'><strong><em>⁸</em></strong></span> <span class='ocrx_word' id='word_1_324' title='bbox 329 1652 360 1672; x_wconf 85' lang='lat' dir='ltr'><strong>ac</strong></span> <span class='ocrx_word' id='word_1_325' title='bbox 384 1645 497 1680; x_wconf 81' lang='lat' dir='ltr'><strong>simplex</strong></span> <span class='ocrx_word' id='word_1_326' title='bbox 520 1653 704 1681; x_wconf 87' lang='lat' dir='ltr'><strong>arcanumque</strong></span> <span class='ocrx_word' id='word_1_327' title='bbox 727 1645 791 1673; x_wconf 86' lang='lat' dir='ltr'><strong>Jesu</strong></span> <span class='ocrx_word' id='word_1_328' title='bbox 808 1646 925 1674; x_wconf 84' lang='lat' dir='ltr'><strong>Verbum</strong></span> <span class='ocrx_word' id='word_1_329' title='bbox 942 1647 1012 1674; x_wconf 88' lang='lat' dir='ltr'><strong>divi-</strong></span> 
     </span>
    </p>
   </div>
   <div class='ocr_carea' id='block_1_50' title="bbox 223 1689 1009 1725">
    <p class='ocr_par' dir='ltr' id='par_1_50' title="bbox 223 1689 1009 1725">
     <span class='ocr_line' id='line_1_50' title="bbox 223 1689 1009 1725; baseline 0.004 -9"><span class='ocrx_word' id='word_1_330' title='bbox 223 1689 365 1717; x_wconf 91' lang='lat' dir='ltr'><strong>nissimum</strong></span> <span class='ocrx_word' id='word_1_331' title='bbox 387 1697 435 1725; x_wconf 84' lang='lat' dir='ltr'><strong>per</strong></span> <span class='ocrx_word' id='word_1_332' title='bbox 453 1690 667 1725; x_wconf 88' lang='lat' dir='ltr'><strong>assumptionem</strong></span> <span class='ocrx_word' id='word_1_333' title='bbox 691 1691 869 1719; x_wconf 89' lang='lat' dir='ltr'><strong>humanitatis</strong></span> <span class='ocrx_word' id='word_1_334' title='bbox 893 1696 1009 1724; x_wconf 63' lang='lat' dir='ltr'><strong>nostris,</strong></span> 
     </span>
    </p>
   </div>
   <div class='ocr_carea' id='block_1_51' title="bbox 223 1735 1009 1771">
    <p class='ocr_par' dir='ltr' id='par_1_51' title="bbox 223 1735 1009 1771">
     <span class='ocr_line' id='line_1_51' title="bbox 223 1735 1009 1771; baseline 0.005 -9"><span class='ocrx_word' id='word_1_335' title='bbox 223 1735 251 1762; x_wconf 81' lang='lat' dir='ltr'><strong>in</strong></span> <span class='ocrx_word' id='word_1_336' title='bbox 265 1736 488 1770; x_wconf 88' lang='lat' dir='ltr'><strong>compositionem</strong></span> <span class='ocrx_word' id='word_1_337' title='bbox 505 1736 587 1762; x_wconf 88' lang='lat' dir='ltr'><strong>simul</strong></span> <span class='ocrx_word' id='word_1_338' title='bbox 600 1741 626 1764; x_wconf 87' lang='lat' dir='ltr'><strong>et</strong></span> <span class='ocrx_word' id='word_1_339' title='bbox 646 1741 802 1771; x_wconf 90' lang='lat' dir='ltr'><strong>aspectum,</strong></span> <span class='ocrx_word' id='word_1_340' title='bbox 825 1738 884 1765; x_wconf 90' lang='lat' dir='ltr'><strong>sine</strong></span> <span class='ocrx_word' id='word_1_341' title='bbox 900 1738 951 1765; x_wconf 92' lang='lat' dir='ltr'><strong>ulla</strong></span> <span class='ocrx_word' id='word_1_342' title='bbox 966 1737 1009 1767; x_wconf 86' lang='lat' dir='ltr'><strong>sui</strong></span> 
     </span>
    </p>
   </div>
   <div class='ocr_carea' id='block_1_52' title="bbox 223 1781 1009 1820">
    <p class='ocr_par' dir='ltr' id='par_1_52' title="bbox 223 1781 1009 1820">
     <span class='ocr_line' id='line_1_52' title="bbox 223 1781 1009 1820; baseline 0.008 -13"><span class='ocrx_word' id='word_1_343' title='bbox 223 1781 423 1814; x_wconf 84' lang='lat' dir='ltr'><strong>immutatione,</strong></span> <span class='ocrx_word' id='word_1_344' title='bbox 439 1789 488 1816; x_wconf 91' lang='lat' dir='ltr'><strong>pro</strong></span> <span class='ocrx_word' id='word_1_345' title='bbox 509 1790 556 1809; x_wconf 87' lang='lat' dir='ltr'><strong>sua</strong></span> <span class='ocrx_word' id='word_1_346' title='bbox 577 1783 699 1811; x_wconf 84' lang='lat' dir='ltr'><strong>bonitate</strong></span> <span class='ocrx_word' id='word_1_347' title='bbox 710 1784 929 1820; x_wconf 86' lang='lat' dir='ltr'><strong>benignitateque</strong></span> <span class='ocrx_word' id='word_1_348' title='bbox 944 1793 1009 1820; x_wconf 90' lang='lat' dir='ltr'><strong>pro-</strong></span> 
     </span>
    </p>
   </div>
   <div class='ocr_carea' id='block_1_53' title="bbox 223 1827 1008 1862">
    <p class='ocr_par' dir='ltr' id='par_1_53' title="bbox 223 1827 1008 1862">
     <span class='ocr_line' id='line_1_53' title="bbox 223 1827 1008 1862; baseline 0.008 -8"><span class='ocrx_word' id='word_1_349' title='bbox 223 1827 326 1861; x_wconf 88' lang='lat' dir='ltr'><strong>cessit,</strong></span> <span class='ocrx_word' id='word_1_350' title='bbox 353 1828 492 1862; x_wconf 86' lang='lat' dir='ltr'><strong>nostrique</strong></span> <span class='ocrx_word' id='word_1_351' title='bbox 517 1836 610 1856; x_wconf 89' lang='lat' dir='ltr'><strong>secum</strong></span> <span class='ocrx_word' id='word_1_352' title='bbox 636 1830 764 1858; x_wconf 85' lang='lat' dir='ltr'><strong>uniticam</strong></span> <span class='ocrx_word' id='word_1_353' title='bbox 789 1832 1008 1860; x_wconf 88' lang='lat' dir='ltr'><strong>communionem</strong></span> 
     </span>
    </p>
   </div>
   <div class='ocr_carea' id='block_1_54' title="bbox 222 1873 1007 1912">
    <p class='ocr_par' dir='ltr' id='par_1_54' title="bbox 222 1873 1007 1912">
     <span class='ocr_line' id='line_1_54' title="bbox 222 1873 1007 1912; baseline 0.006 -12"><span class='ocrx_word' id='word_1_354' title='bbox 222 1873 343 1901; x_wconf 84' lang='lat' dir='ltr'><strong>benefice</strong></span> <span class='ocrx_word' id='word_1_355' title='bbox 354 1875 530 1909; x_wconf 86' lang='lat' dir='ltr'><strong>excogitavit,</strong></span> <span class='ocrx_word' id='word_1_356' title='bbox 547 1882 578 1902; x_wconf 89' lang='lat' dir='ltr'><strong>ea</strong></span> <span class='ocrx_word' id='word_1_357' title='bbox 595 1882 654 1910; x_wconf 69' lang='lat' dir='ltr'><strong>qua:</strong></span> <span class='ocrx_word' id='word_1_358' title='bbox 669 1875 695 1903; x_wconf 91' lang='lat' dir='ltr'><strong>in</strong></span> <span class='ocrx_word' id='word_1_359' title='bbox 710 1877 787 1904; x_wconf 87' lang='lat' dir='ltr'><strong>nobis</strong></span> <span class='ocrx_word' id='word_1_360' title='bbox 804 1877 916 1904; x_wconf 83' lang='lat' dir='ltr'><strong>humilia</strong></span> <span class='ocrx_word' id='word_1_361' title='bbox 934 1882 1007 1912; x_wconf 90' lang='lat' dir='ltr'><strong>sunt,</strong></span> 
     </span>
    </p>
   </div>
   <div class='ocr_carea' id='block_1_55' title="bbox 223 1920 1007 1958">
    <p class='ocr_par' dir='ltr' id='par_1_55' title="bbox 223 1920 1007 1958">
     <span class='ocr_line' id='line_1_55' title="bbox 223 1920 1007 1958; baseline 0.008 -12"><span class='ocrx_word' id='word_1_362' title='bbox 223 1920 400 1947; x_wconf 86' lang='lat' dir='ltr'><strong>divinissimis</strong></span> <span class='ocrx_word' id='word_1_363' title='bbox 416 1921 471 1947; x_wconf 88' lang='lat' dir='ltr'><strong>suis</strong></span> <span class='ocrx_word' id='word_1_364' title='bbox 489 1921 586 1948; x_wconf 77' lang='lat' dir='ltr'><strong>nnicns</strong></span> <span class='ocrx_word' id='word_1_365' title='bbox 602 1922 781 1955; x_wconf 83' lang='lat' dir='ltr'><strong>excellentiis,</strong></span> <span class='ocrx_word' id='word_1_366' title='bbox 796 1927 863 1950; x_wconf 89' lang='lat' dir='ltr'><strong>utet</strong></span> <span class='ocrx_word' id='word_1_367' title='bbox 877 1931 926 1951; x_wconf 83' lang='lat' dir='ltr'><strong>nos</strong></span> <span class='ocrx_word' id='word_1_368' title='bbox 942 1925 1007 1958; x_wconf 86' lang='lat' dir='ltr'><strong>ipsi,</strong></span> 
     </span>
    </p>
   </div>
   <div class='ocr_carea' id='block_1_56' title="bbox 223 1968 1007 2004">
    <p class='ocr_par' dir='ltr' id='par_1_56' title="bbox 223 1968 1007 2004">
     <span class='ocr_line' id='line_1_56' title="bbox 223 1968 1007 2004; baseline 0.009 -11"><span class='ocrx_word' id='word_1_369' title='bbox 223 1971 352 2002; x_wconf 86' lang='lat' dir='ltr'><strong>tanquam</strong></span> <span class='ocrx_word' id='word_1_370' title='bbox 372 1968 493 1996; x_wconf 88' lang='lat' dir='ltr'><strong>membra</strong></span> <span class='ocrx_word' id='word_1_371' title='bbox 516 1969 635 2003; x_wconf 84' lang='lat' dir='ltr'><strong>corpori,</strong></span> <span class='ocrx_word' id='word_1_372' title='bbox 659 1977 708 2004; x_wconf 89' lang='lat' dir='ltr'><strong>per</strong></span> <span class='ocrx_word' id='word_1_373' title='bbox 729 1969 848 2004; x_wconf 85' lang='lat' dir='ltr'><strong>ejusdem</strong></span> <span class='ocrx_word' id='word_1_374' title='bbox 873 1971 1007 1999; x_wconf 87' lang='lat' dir='ltr'><strong>immacu-</strong></span> 
     </span>
    </p>
   </div>
   <div class='ocr_carea' id='block_1_57' title="bbox 221 2013 1006 2051">
    <p class='ocr_par' dir='ltr' id='par_1_57' title="bbox 221 2013 1006 2051">
     <span class='ocr_line' id='line_1_57' title="bbox 221 2013 1006 2051; baseline 0.006 -11"><span class='ocrx_word' id='word_1_375' title='bbox 221 2013 283 2041; x_wconf 76' lang='lat' dir='ltr'><strong>lata:</strong></span> <span class='ocrx_word' id='word_1_376' title='bbox 305 2021 336 2041; x_wconf 91' lang='lat' dir='ltr'><strong>ac</strong></span> <span class='ocrx_word' id='word_1_377' title='bbox 355 2014 452 2041; x_wconf 82' lang='lat' dir='ltr'><strong>divinae</strong></span> <span class='ocrx_word' id='word_1_378' title='bbox 477 2015 539 2042; x_wconf 87' lang='lat' dir='ltr'><strong>vitae</strong></span> <span class='ocrx_word' id='word_1_379' title='bbox 561 2015 730 2042; x_wconf 88' lang='lat' dir='ltr'><strong>identitatem</strong></span> <span class='ocrx_word' id='word_1_380' title='bbox 755 2023 935 2051; x_wconf 83' lang='lat' dir='ltr'><strong>cengruamus</strong></span> <span class='ocrx_word' id='word_1_381' title='bbox 949 2038 957 2051; x_wconf 90' lang='lat'><strong>,</strong></span> <span class='ocrx_word' id='word_1_382' title='bbox 973 2025 1006 2046; x_wconf 91' lang='lat' dir='ltr'><strong>ne</strong></span> 
     </span>
    </p>
   </div>
   <div class='ocr_carea' id='block_1_58' title="bbox 222 2060 1005 2095">
    <p class='ocr_par' dir='ltr' id='par_1_58' title="bbox 222 2060 1005 2095">
     <span class='ocr_line' id='line_1_58' title="bbox 222 2060 1005 2095; baseline 0.005 -9"><span class='ocrx_word' id='word_1_383' title='bbox 222 2060 444 2094; x_wconf 88' lang='lat' dir='ltr'><strong>corruptibilihus</strong></span> <span class='ocrx_word' id='word_1_384' title='bbox 458 2061 547 2087; x_wconf 90' lang='lat' dir='ltr'><strong>necati</strong></span> <span class='ocrx_word' id='word_1_385' title='bbox 571 2061 759 2095; x_wconf 88' lang='lat' dir='ltr'><strong>passionibus,</strong></span> <span class='ocrx_word' id='word_1_386' title='bbox 776 2063 874 2090; x_wconf 89' lang='lat' dir='ltr'><strong>divinis</strong></span> <span class='ocrx_word' id='word_1_387' title='bbox 890 2063 949 2090; x_wconf 88' lang='lat' dir='ltr'><strong>istis</strong></span> <span class='ocrx_word' id='word_1_388' title='bbox 961 2071 1005 2090; x_wconf 88' lang='lat' dir='ltr'><strong>sa-</strong></span> 
     </span>
    </p>
   </div>
   <div class='ocr_carea' id='block_1_59' title="bbox 221 2106 1006 2145">
    <p class='ocr_par' dir='ltr' id='par_1_59' title="bbox 221 2106 1006 2145">
     <span class='ocr_line' id='line_1_59' title="bbox 221 2106 1006 2145; baseline 0.006 -12"><span class='ocrx_word' id='word_1_389' title='bbox 221 2106 396 2142; x_wconf 85' lang='lat' dir='ltr'><strong>nissimisque</strong></span> <span class='ocrx_word' id='word_1_390' title='bbox 412 2108 540 2135; x_wconf 88' lang='lat' dir='ltr'><strong>membris</strong></span> <span class='ocrx_word' id='word_1_391' title='bbox 558 2108 716 2144; x_wconf 84' lang='lat' dir='ltr'><strong>incongrui,</strong></span> <span class='ocrx_word' id='word_1_392' title='bbox 738 2109 853 2144; x_wconf 70' lang='grc' dir='ltr'>ι’ίιωίιυε</span> <span class='ocrx_word' id='word_1_393' title='bbox 865 2110 1006 2145; x_wconf 87' lang='lat' dir='ltr'><strong>incapaces</strong></span> 
     </span>
    </p>
   </div>
   <div class='ocr_carea' id='block_1_60' title="bbox 222 2153 379 2180">
    <p class='ocr_par' dir='ltr' id='par_1_60' title="bbox 222 2153 379 2180">
     <span class='ocr_line' id='line_1_60' title="bbox 222 2153 379 2180; baseline 0 0"><span class='ocrx_word' id='word_1_394' title='bbox 222 2153 379 2180; x_wconf 73' lang='lat' dir='ltr'><strong>cxistamus.</strong></span> 
     </span>
    </p>
   </div>
   <div class='ocr_carea' id='block_1_61' title="bbox 257 2194 1006 2237">
    <p class='ocr_par' dir='ltr' id='par_1_61' title="bbox 257 2194 1006 2237">
     <span class='ocr_line' id='line_1_61' title="bbox 257 2194 1006 2237; baseline 0.003 -10"><span class='ocrx_word' id='word_1_395' title='bbox 257 2199 370 2233; x_wconf 90' lang='lat' dir='ltr'><strong>Oportet</strong></span> <span class='ocrx_word' id='word_1_396' title='bbox 383 2199 464 2233; x_wconf 82' lang='lat' dir='ltr'><strong>igitur</strong></span> <span class='ocrx_word' id='word_1_397' title='bbox 478 2207 538 2232; x_wconf 89' lang='lat' dir='ltr'><strong>nos,</strong></span> <span class='ocrx_word' id='word_1_398' title='bbox 551 2199 575 2227; x_wconf 88' lang='lat' dir='ltr'><strong>si</strong></span> <span class='ocrx_word' id='word_1_399' title='bbox 586 2199 619 2227; x_wconf 89' lang='lat' dir='ltr'><strong>ad</strong></span> <span class='ocrx_word' id='word_1_400' title='bbox 632 2201 850 2228; x_wconf 86' lang='lat' dir='ltr'><strong>communionem</strong></span> <span class='ocrx_word' id='word_1_401' title='bbox 865 2194 923 2235; x_wconf 76' lang='lat' dir='ltr'><strong>ejus</strong></span> <span class='ocrx_word' id='word_1_402' title='bbox 935 2202 1006 2237; x_wconf 80' lang='lat' dir='ltr'><strong>aspi-</strong></span> 
     </span>
    </p>
   </div>
   <div class='ocr_carea' id='block_1_62' title="bbox 1025 1577 1046 1606">
    <p class='ocr_par' dir='ltr' id='par_1_62' title="bbox 1025 1577 1046 1606">
     <span class='ocr_line' id='line_1_62' title="bbox 1025 1577 1046 1606; baseline 0 0"><span class='ocrx_word' id='word_1_403' title='bbox 1025 1577 1046 1606; x_wconf 90' lang='lat' dir='ltr'>C</span> 
     </span>
    </p>
   </div>
   <div class='ocr_carea' id='block_1_63' title="bbox 1062 956 1379 991">
    <p class='ocr_par' dir='ltr' id='par_1_63' title="bbox 1062 956 1379 991">
     <span class='ocr_line' id='line_1_63' title="bbox 1062 956 1379 991; baseline 0.009 -9"><span class='ocrx_word' id='word_1_404' title='bbox 1062 962 1133 982; x_wconf 88' lang='lat' dir='ltr'><strong>mem</strong></span> <span class='ocrx_word' id='word_1_405' title='bbox 1150 956 1379 991; x_wconf 86' lang='lat' dir='ltr'><strong>imaginationem.</strong></span> 
     </span>
    </p>
   </div>
   <div class='ocr_carea' id='block_1_64' title="bbox 1097 1000 1844 1039">
    <p class='ocr_par' dir='ltr' id='par_1_64' title="bbox 1097 1000 1844 1039">
     <span class='ocr_line' id='line_1_64' title="bbox 1097 1000 1844 1039; baseline 0.007 -11"><span class='ocrx_word' id='word_1_406' title='bbox 1097 1000 1194 1029; x_wconf 86' lang='lat' dir='ltr'><strong>Merito</strong></span> <span class='ocrx_word' id='word_1_407' title='bbox 1210 1001 1301 1037; x_wconf 83' lang='lat' dir='ltr'><strong>itaque</strong></span> <span class='ocrx_word' id='word_1_408' title='bbox 1323 1003 1429 1038; x_wconf 83' lang='lat' dir='ltr'><strong>mystici</strong></span> <span class='ocrx_word' id='word_1_409' title='bbox 1453 1003 1583 1038; x_wconf 86' lang='lat' dir='ltr'><strong>pictores,</strong></span> <span class='ocrx_word' id='word_1_410' title='bbox 1601 1005 1708 1039; x_wconf 88' lang='lat' dir='ltr'><strong>quando</strong></span> <span class='ocrx_word' id='word_1_411' title='bbox 1729 1009 1844 1033; x_wconf 90' lang='lat' dir='ltr'><strong>mentem</strong></span> 
     </span>
    </p>
   </div>
   <div class='ocr_carea' id='block_1_65' title="bbox 1063 1048 1846 1086">
    <p class='ocr_par' dir='ltr' id='par_1_65' title="bbox 1063 1048 1846 1086">
     <span class='ocr_line' id='line_1_65' title="bbox 1063 1048 1846 1086; baseline 0.005 -12"><span class='ocrx_word' id='word_1_412' title='bbox 1063 1054 1138 1074; x_wconf 79' lang='lat' dir='ltr'><strong>Suam</strong></span> <span class='ocrx_word' id='word_1_413' title='bbox 1154 1048 1188 1074; x_wconf 90' lang='lat' dir='ltr'><strong>ad</strong></span> <span class='ocrx_word' id='word_1_414' title='bbox 1208 1048 1461 1083; x_wconf 88' lang='lat' dir='ltr'><strong>superessentialem</strong></span> <span class='ocrx_word' id='word_1_415' title='bbox 1486 1049 1558 1076; x_wconf 85' lang='lat' dir='ltr'><strong>illam</strong></span> <span class='ocrx_word' id='word_1_416' title='bbox 1579 1049 1744 1085; x_wconf 83' lang='lat' dir='ltr'><strong>fragrantem</strong></span> <span class='ocrx_word' id='word_1_417' title='bbox 1766 1052 1846 1086; x_wconf 90' lang='lat' dir='ltr'><strong>spiri-</strong></span> 
     </span>
    </p>
   </div>
   <div class='ocr_carea' id='block_1_66' title="bbox 1062 1093 1843 1132">
    <p class='ocr_par' dir='ltr' id='par_1_66' title="bbox 1062 1093 1843 1132">
     <span class='ocr_line' id='line_1_66' title="bbox 1062 1093 1843 1132; baseline 0.006 -12"><span class='ocrx_word' id='word_1_418' title='bbox 1062 1093 1200 1128; x_wconf 76' lang='lat' dir='ltr'><strong>talemque</strong></span> <span class='ocrx_word' id='word_1_419' title='bbox 1227 1094 1456 1129; x_wconf 89' lang='lat' dir='ltr'><strong>pulchritudinem</strong></span> <span class='ocrx_word' id='word_1_420' title='bbox 1493 1101 1650 1124; x_wconf 87' lang='lat' dir='ltr'><strong>constanter</strong></span> <span class='ocrx_word' id='word_1_421' title='bbox 1680 1096 1843 1132; x_wconf 77' lang='lat' dir='ltr'><strong>elTormant,</strong></span> 
     </span>
    </p>
   </div>
   <div class='ocr_carea' id='block_1_67' title="bbox 1063 1139 1845 1178">
    <p class='ocr_par' dir='ltr' id='par_1_67' title="bbox 1063 1139 1845 1178">
     <span class='ocr_line' id='line_1_67' title="bbox 1063 1139 1845 1178; baseline 0.006 -12"><span class='ocrx_word' id='word_1_422' title='bbox 1063 1139 1163 1166; x_wconf 91' lang='lat' dir='ltr'><strong>nullam</strong></span> <span class='ocrx_word' id='word_1_423' title='bbox 1177 1140 1305 1168; x_wconf 91' lang='lat' dir='ltr'><strong>virtutem</strong></span> <span class='ocrx_word' id='word_1_424' title='bbox 1321 1149 1413 1168; x_wconf 87' lang='lat' dir='ltr'><strong>earum</strong></span> <span class='ocrx_word' id='word_1_425' title='bbox 1429 1149 1488 1176; x_wconf 68' lang='lat' dir='ltr'><strong>qua:</strong></span> <span class='ocrx_word' id='word_1_426' title='bbox 1499 1141 1532 1169; x_wconf 91' lang='lat' dir='ltr'><strong>iis</strong></span> <span class='ocrx_word' id='word_1_427' title='bbox 1546 1142 1648 1175; x_wconf 87' lang='lat' dir='ltr'><strong>insunt,</strong></span> <span class='ocrx_word' id='word_1_428' title='bbox 1664 1149 1758 1178; x_wconf 85' lang='lat' dir='ltr'><strong>agunt,</strong></span> <span class='ocrx_word' id='word_1_429' title='bbox 1773 1149 1800 1171; x_wconf 90' lang='lat' dir='ltr'><strong>ut</strong></span> <span class='ocrx_word' id='word_1_430' title='bbox 1812 1146 1845 1172; x_wconf 92' lang='lat' dir='ltr'><strong>ab</strong></span> 
     </span>
    </p>
   </div>
   <div class='ocr_carea' id='block_1_68' title="bbox 1062 1186 1845 1224">
    <p class='ocr_par' dir='ltr' id='par_1_68' title="bbox 1062 1186 1845 1224">
     <span class='ocr_line' id='line_1_68' title="bbox 1062 1186 1845 1224; baseline 0.005 -12"><span class='ocrx_word' id='word_1_431' title='bbox 1062 1186 1228 1220; x_wconf 90' lang='lat' dir='ltr'><strong>hominibus,</strong></span> <span class='ocrx_word' id='word_1_432' title='bbox 1241 1187 1312 1214; x_wconf 89' lang='lat' dir='ltr'><strong>sicut</strong></span> <span class='ocrx_word' id='word_1_433' title='bbox 1326 1187 1456 1221; x_wconf 89' lang='lat' dir='ltr'><strong>scripturn</strong></span> <span class='ocrx_word' id='word_1_434' title='bbox 1468 1192 1522 1221; x_wconf 89' lang='lat' dir='ltr'><strong>est,</strong></span> <span class='ocrx_word' id='word_1_435' title='bbox 1537 1188 1695 1221; x_wconf 90' lang='lat' dir='ltr'><strong>videantur,</strong></span> <span class='ocrx_word' id='word_1_436' title='bbox 1711 1189 1757 1216; x_wconf 87' lang='lat' dir='ltr'><strong>sed</strong></span> <span class='ocrx_word' id='word_1_437' title='bbox 1770 1190 1845 1224; x_wconf 77' lang='lat' dir='ltr'><strong>quid-</strong></span> 
     </span>
    </p>
   </div>
   <div class='ocr_carea' id='block_1_69' title="bbox 1062 1229 1845 1268">
    <p class='ocr_par' dir='ltr' id='par_1_69' title="bbox 1062 1229 1845 1268">
     <span class='ocr_line' id='line_1_69' title="bbox 1062 1229 1845 1268; baseline 0.006 -12"><span class='ocrx_word' id='word_1_438' title='bbox 1062 1229 1126 1264; x_wconf 89' lang='lat' dir='ltr'><strong>quid</strong></span> <span class='ocrx_word' id='word_1_439' title='bbox 1148 1231 1175 1257; x_wconf 93' lang='lat' dir='ltr'><strong>in</strong></span> <span class='ocrx_word' id='word_1_440' title='bbox 1202 1231 1304 1258; x_wconf 89' lang='lat' dir='ltr'><strong>virtute</strong></span> <span class='ocrx_word' id='word_1_441' title='bbox 1322 1239 1429 1259; x_wconf 89' lang='lat' dir='ltr'><strong>sacrum</strong></span> <span class='ocrx_word' id='word_1_442' title='bbox 1453 1239 1484 1259; x_wconf 90' lang='lat' dir='ltr'><strong>ac</strong></span> <span class='ocrx_word' id='word_1_443' title='bbox 1509 1233 1630 1260; x_wconf 71' lang='lat' dir='ltr'><strong>maxime</strong></span> <span class='ocrx_word' id='word_1_444' title='bbox 1649 1233 1778 1261; x_wconf 83' lang='lat' dir='ltr'><strong>deiforme</strong></span> <span class='ocrx_word' id='word_1_445' title='bbox 1794 1239 1845 1268; x_wconf 90' lang='lat' dir='ltr'><strong>est,</strong></span> 
     </span>
    </p>
   </div>
   <div class='ocr_carea' id='block_1_70' title="bbox 1063 1275 1846 1313">
    <p class='ocr_par' dir='ltr' id='par_1_70' title="bbox 1063 1275 1846 1313">
     <span class='ocr_line' id='line_1_70' title="bbox 1063 1275 1846 1313; baseline 0.005 -11"><span class='ocrx_word' id='word_1_446' title='bbox 1063 1275 1134 1302; x_wconf 89' lang='lat' dir='ltr'><strong>intra</strong></span> <span class='ocrx_word' id='word_1_447' title='bbox 1146 1280 1263 1303; x_wconf 91' lang='lat' dir='ltr'><strong>mentem</strong></span> <span class='ocrx_word' id='word_1_448' title='bbox 1278 1284 1365 1310; x_wconf 85' lang='lat' dir='ltr'><strong>suam,</strong></span> <span class='ocrx_word' id='word_1_449' title='bbox 1386 1284 1446 1312; x_wconf 72' lang='lat' dir='ltr'><strong>qua:</strong></span> <span class='ocrx_word' id='word_1_450' title='bbox 1460 1277 1492 1304; x_wconf 90' lang='lat' dir='ltr'><strong>ad</strong></span> <span class='ocrx_word' id='word_1_451' title='bbox 1515 1277 1658 1313; x_wconf 87' lang='lat' dir='ltr'><strong>imaginem</strong></span> <span class='ocrx_word' id='word_1_452' title='bbox 1681 1283 1708 1306; x_wconf 90' lang='lat' dir='ltr'><strong>et</strong></span> <span class='ocrx_word' id='word_1_453' title='bbox 1721 1279 1846 1306; x_wconf 87' lang='lat' dir='ltr'><strong>similitu-</strong></span> 
     </span>
    </p>
   </div>
   <div class='ocr_carea' id='block_1_71' title="bbox 1063 1321 1845 1358">
    <p class='ocr_par' dir='ltr' id='par_1_71' title="bbox 1063 1321 1845 1358">
     <span class='ocr_line' id='line_1_71' title="bbox 1063 1321 1845 1358; baseline 0.004 -10"><span class='ocrx_word' id='word_1_454' title='bbox 1063 1321 1152 1348; x_wconf 88' lang='lat' dir='ltr'><strong>dinem</strong></span> <span class='ocrx_word' id='word_1_455' title='bbox 1174 1322 1222 1349; x_wconf 88' lang='lat' dir='ltr'><strong>Dei</strong></span> <span class='ocrx_word' id='word_1_456' title='bbox 1247 1322 1318 1350; x_wconf 76' lang='lat' dir='ltr'><strong>iacta</strong></span> <span class='ocrx_word' id='word_1_457' title='bbox 1342 1328 1402 1354; x_wconf 89' lang='lat' dir='ltr'><strong>est,</strong></span> <span class='ocrx_word' id='word_1_458' title='bbox 1427 1323 1607 1350; x_wconf 89' lang='lat' dir='ltr'><strong>recondentcs</strong></span> <span class='ocrx_word' id='word_1_459' title='bbox 1634 1324 1667 1351; x_wconf 90' lang='lat' dir='ltr'><strong>ad</strong></span> <span class='ocrx_word' id='word_1_460' title='bbox 1689 1326 1845 1358; x_wconf 73' lang='lat' dir='ltr'><strong>primawam</strong></span> 
     </span>
    </p>
   </div>
   <div class='ocr_carea' id='block_1_72' title="bbox 1063 1367 1844 1404">
    <p class='ocr_par' dir='ltr' id='par_1_72' title="bbox 1063 1367 1844 1404">
     <span class='ocr_line' id='line_1_72' title="bbox 1063 1367 1844 1404; baseline 0.004 -10"><span class='ocrx_word' id='word_1_461' title='bbox 1063 1367 1195 1395; x_wconf 75' lang='lat' dir='ltr'><strong>duntaxat</strong></span> <span class='ocrx_word' id='word_1_462' title='bbox 1219 1368 1338 1403; x_wconf 88' lang='lat' dir='ltr'><strong>speciem</strong></span> <span class='ocrx_word' id='word_1_463' title='bbox 1363 1373 1446 1404; x_wconf 88' lang='lat' dir='ltr'><strong>atque</strong></span> <span class='ocrx_word' id='word_1_464' title='bbox 1465 1369 1670 1402; x_wconf 81' lang='lat' dir='ltr'><strong>intelligentiam</strong></span> <span class='ocrx_word' id='word_1_465' title='bbox 1696 1370 1844 1398; x_wconf 86' lang='lat' dir='ltr'><strong>intuentur.</strong></span> 
     </span>
    </p>
   </div>
   <div class='ocr_carea' id='block_1_73' title="bbox 1062 1413 1847 1450">
    <p class='ocr_par' dir='ltr' id='par_1_73' title="bbox 1062 1413 1847 1450">
     <span class='ocr_line' id='line_1_73' title="bbox 1062 1413 1847 1450; baseline 0.008 -10"><span class='ocrx_word' id='word_1_466' title='bbox 1062 1413 1155 1448; x_wconf 83' lang='lat' dir='ltr'><strong>Neque</strong></span> <span class='ocrx_word' id='word_1_467' title='bbox 1174 1415 1247 1442; x_wconf 89' lang='lat' dir='ltr'><strong>enim</strong></span> <span class='ocrx_word' id='word_1_468' title='bbox 1266 1415 1351 1442; x_wconf 90' lang='lat' dir='ltr'><strong>solum</strong></span> <span class='ocrx_word' id='word_1_469' title='bbox 1367 1414 1509 1443; x_wconf 74' lang='lat' dir='ltr'><strong>dissimilia</strong></span> <span class='ocrx_word' id='word_1_470' title='bbox 1526 1415 1629 1450; x_wconf 84' lang='lat' dir='ltr'><strong>vident,</strong></span> <span class='ocrx_word' id='word_1_471' title='bbox 1645 1415 1691 1445; x_wconf 83' lang='lat' dir='ltr'><strong>sed</strong></span> <span class='ocrx_word' id='word_1_472' title='bbox 1705 1423 1738 1446; x_wconf 90' lang='lat' dir='ltr'><strong>ne</strong></span> <span class='ocrx_word' id='word_1_473' title='bbox 1753 1417 1786 1445; x_wconf 78' lang='lat' dir='ltr'><strong>ad</strong></span> <span class='ocrx_word' id='word_1_474' title='bbox 1801 1424 1847 1446; x_wconf 86' lang='lat' dir='ltr'><strong>co-</strong></span> 
     </span>
    </p>
   </div>
   <div class='ocr_carea' id='block_1_74' title="bbox 1062 1460 1845 1497">
    <p class='ocr_par' dir='ltr' id='par_1_74' title="bbox 1062 1460 1845 1497">
     <span class='ocr_line' id='line_1_74' title="bbox 1062 1460 1845 1497; baseline 0.006 -12"><span class='ocrx_word' id='word_1_475' title='bbox 1062 1467 1122 1486; x_wconf 89' lang='lat' dir='ltr'><strong>rum</strong></span> <span class='ocrx_word' id='word_1_476' title='bbox 1140 1460 1249 1494; x_wconf 90' lang='lat' dir='ltr'><strong>quidem</strong></span> <span class='ocrx_word' id='word_1_477' title='bbox 1266 1465 1405 1495; x_wconf 83' lang='lat' dir='ltr'><strong>aspectum</strong></span> <span class='ocrx_word' id='word_1_478' title='bbox 1422 1462 1625 1497; x_wconf 80' lang='lat' dir='ltr'><strong>pertrahuntur.</strong></span> <span class='ocrx_word' id='word_1_479' title='bbox 1652 1463 1845 1497; x_wconf 84' lang='lat' dir='ltr'><strong>Quamobrem,</strong></span> 
     </span>
    </p>
   </div>
   <div class='ocr_carea' id='block_1_75' title="bbox 1063 1504 1847 1542">
    <p class='ocr_par' dir='ltr' id='par_1_75' title="bbox 1063 1504 1847 1542">
     <span class='ocr_line' id='line_1_75' title="bbox 1063 1504 1847 1542; baseline 0.009 -11"><span class='ocrx_word' id='word_1_480' title='bbox 1063 1504 1134 1531; x_wconf 91' lang='lat' dir='ltr'><strong>sicut</strong></span> <span class='ocrx_word' id='word_1_481' title='bbox 1146 1512 1193 1532; x_wconf 91' lang='lat' dir='ltr'><strong>eos</strong></span> <span class='ocrx_word' id='word_1_482' title='bbox 1205 1505 1294 1538; x_wconf 83' lang='lat' dir='ltr'><strong>decet,</strong></span> <span class='ocrx_word' id='word_1_483' title='bbox 1308 1513 1361 1533; x_wconf 92' lang='lat' dir='ltr'><strong>non</strong></span> <span class='ocrx_word' id='word_1_484' title='bbox 1376 1514 1406 1533; x_wconf 88' lang='lat' dir='ltr'><strong>ea</strong></span> <span class='ocrx_word' id='word_1_485' title='bbox 1433 1514 1493 1541; x_wconf 82' lang='lat' dir='ltr'><strong>quae</strong></span> <span class='ocrx_word' id='word_1_486' title='bbox 1522 1512 1624 1536; x_wconf 86' lang='lat' dir='ltr'><strong>temere</strong></span> <span class='ocrx_word' id='word_1_487' title='bbox 1645 1506 1782 1542; x_wconf 83' lang='lat' dir='ltr'><strong>videntur,</strong></span> <span class='ocrx_word' id='word_1_488' title='bbox 1799 1512 1847 1538; x_wconf 85' lang='lat' dir='ltr'><strong>sed</strong></span> 
     </span>
    </p>
   </div>
   <div class='ocr_carea' id='block_1_76' title="bbox 1063 1551 1846 1589">
    <p class='ocr_par' dir='ltr' id='par_1_76' title="bbox 1063 1551 1846 1589">
     <span class='ocr_line' id='line_1_76' title="bbox 1063 1551 1846 1589; baseline 0.008 -13"><span class='ocrx_word' id='word_1_489' title='bbox 1063 1558 1123 1585; x_wconf 71' lang='lat' dir='ltr'><strong>qua:</strong></span> <span class='ocrx_word' id='word_1_490' title='bbox 1141 1558 1203 1578; x_wconf 87' lang='lat' dir='ltr'><strong>vere</strong></span> <span class='ocrx_word' id='word_1_491' title='bbox 1213 1551 1285 1586; x_wconf 85' lang='lat' dir='ltr'><strong>justa</strong></span> <span class='ocrx_word' id='word_1_492' title='bbox 1299 1556 1362 1579; x_wconf 91' lang='lat' dir='ltr'><strong>sunt</strong></span> <span class='ocrx_word' id='word_1_493' title='bbox 1373 1559 1405 1579; x_wconf 90' lang='lat' dir='ltr'><strong>ac</strong></span> <span class='ocrx_word' id='word_1_494' title='bbox 1417 1552 1498 1586; x_wconf 86' lang='lat' dir='ltr'><strong>bona,</strong></span> <span class='ocrx_word' id='word_1_495' title='bbox 1512 1553 1627 1589; x_wconf 87' lang='lat' dir='ltr'><strong>diligunt</strong></span> <span class='ocrx_word' id='word_1_496' title='bbox 1644 1563 1651 1581; x_wconf 91' lang='lat'><strong>:</strong></span> <span class='ocrx_word' id='word_1_497' title='bbox 1667 1563 1754 1589; x_wconf 88' lang='lat' dir='ltr'><strong>neque</strong></span> <span class='ocrx_word' id='word_1_498' title='bbox 1766 1556 1846 1582; x_wconf 91' lang='lat' dir='ltr'><strong>istam</strong></span> 
     </span>
    </p>
   </div>
   <div class='ocr_carea' id='block_1_77' title="bbox 1062 1598 1847 1636">
    <p class='ocr_par' dir='ltr' id='par_1_77' title="bbox 1062 1598 1847 1636">
     <span class='ocr_line' id='line_1_77' title="bbox 1062 1598 1847 1636; baseline 0.006 -13"><span class='ocrx_word' id='word_1_499' title='bbox 1062 1600 1189 1631; x_wconf 84' lang='lat' dir='ltr'><strong>spectant</strong></span> <span class='ocrx_word' id='word_1_500' title='bbox 1214 1598 1325 1632; x_wconf 82' lang='lat' dir='ltr'><strong>gloriam</strong></span> <span class='ocrx_word' id='word_1_501' title='bbox 1353 1606 1412 1633; x_wconf 68' lang='lat' dir='ltr'><strong>quae</strong></span> <span class='ocrx_word' id='word_1_502' title='bbox 1435 1599 1493 1626; x_wconf 88' lang='lat' dir='ltr'><strong>sine</strong></span> <span class='ocrx_word' id='word_1_503' title='bbox 1513 1600 1618 1627; x_wconf 86' lang='lat' dir='ltr'><strong>ratione</strong></span> <span class='ocrx_word' id='word_1_504' title='bbox 1648 1600 1728 1636; x_wconf 80' lang='lat' dir='ltr'><strong>vulgo</strong></span> <span class='ocrx_word' id='word_1_505' title='bbox 1747 1601 1847 1635; x_wconf 65' lang='lat' dir='ltr'><strong>passim</strong></span> 
     </span>
    </p>
   </div>
   <div class='ocr_carea' id='block_1_78' title="bbox 1062 1643 1849 1678">
    <p class='ocr_par' dir='ltr' id='par_1_78' title="bbox 1062 1643 1849 1678">
     <span class='ocr_line' id='line_1_78' title="bbox 1062 1643 1849 1678; baseline 0.004 -8"><span class='ocrx_word' id='word_1_506' title='bbox 1062 1643 1141 1670; x_wconf 85' lang='lat' dir='ltr'><strong>beata</strong></span> <span class='ocrx_word' id='word_1_507' title='bbox 1157 1644 1329 1678; x_wconf 64' lang='lat' dir='ltr'><strong>praedicatur,</strong></span> <span class='ocrx_word' id='word_1_508' title='bbox 1341 1645 1387 1671; x_wconf 92' lang='lat' dir='ltr'><strong>sed</strong></span> <span class='ocrx_word' id='word_1_509' title='bbox 1403 1644 1553 1672; x_wconf 87' lang='lat' dir='ltr'><strong>imitatione</strong></span> <span class='ocrx_word' id='word_1_510' title='bbox 1565 1645 1610 1672; x_wconf 91' lang='lat' dir='ltr'><strong>Dei</strong></span> <span class='ocrx_word' id='word_1_511' title='bbox 1623 1645 1721 1673; x_wconf 89' lang='lat' dir='ltr'><strong>bonum</strong></span> <span class='ocrx_word' id='word_1_512' title='bbox 1738 1647 1849 1673; x_wconf 80' lang='lat' dir='ltr'><strong>malum-</strong></span> 
     </span>
    </p>
   </div>
   <div class='ocr_carea' id='block_1_79' title="bbox 1061 1689 1847 1726">
    <p class='ocr_par' dir='ltr' id='par_1_79' title="bbox 1061 1689 1847 1726">
     <span class='ocr_line' id='line_1_79' title="bbox 1061 1689 1847 1726; baseline 0.005 -11"><span class='ocrx_word' id='word_1_513' title='bbox 1061 1696 1115 1724; x_wconf 89' lang='lat' dir='ltr'><strong>que</strong></span> <span class='ocrx_word' id='word_1_514' title='bbox 1129 1696 1177 1724; x_wconf 87' lang='lat' dir='ltr'><strong>per</strong></span> <span class='ocrx_word' id='word_1_515' title='bbox 1192 1697 1221 1717; x_wconf 90' lang='lat' dir='ltr'><strong>se</strong></span> <span class='ocrx_word' id='word_1_516' title='bbox 1245 1689 1415 1724; x_wconf 74' lang='lat' dir='ltr'><strong>iudicantes,</strong></span> <span class='ocrx_word' id='word_1_517' title='bbox 1438 1690 1528 1717; x_wconf 85' lang='lat' dir='ltr'><strong>divina</strong></span> <span class='ocrx_word' id='word_1_518' title='bbox 1554 1692 1675 1726; x_wconf 66' lang='lat' dir='ltr'><strong>quaedam</strong></span> <span class='ocrx_word' id='word_1_519' title='bbox 1699 1692 1847 1720; x_wconf 86' lang='lat' dir='ltr'><strong>simulacra</strong></span> 
     </span>
    </p>
   </div>
   <div class='ocr_carea' id='block_1_80' title="bbox 1062 1733 1849 1770">
    <p class='ocr_par' dir='ltr' id='par_1_80' title="bbox 1062 1733 1849 1770">
     <span class='ocr_line' id='line_1_80' title="bbox 1062 1733 1849 1770; baseline 0.005 -9"><span class='ocrx_word' id='word_1_520' title='bbox 1062 1733 1130 1761; x_wconf 87' lang='lat' dir='ltr'><strong>ﬁunt</strong></span> <span class='ocrx_word' id='word_1_521' title='bbox 1145 1735 1225 1762; x_wconf 90' lang='lat' dir='ltr'><strong>istius</strong></span> <span class='ocrx_word' id='word_1_522' title='bbox 1238 1734 1397 1770; x_wconf 71' lang='lat' dir='ltr'><strong>fragrantia:</strong></span> <span class='ocrx_word' id='word_1_523' title='bbox 1421 1735 1537 1768; x_wconf 71' lang='lat' dir='ltr'><strong>divinae,</strong></span> <span class='ocrx_word' id='word_1_524' title='bbox 1562 1743 1623 1770; x_wconf 66' lang='lat' dir='ltr'><strong>qua;</strong></span> <span class='ocrx_word' id='word_1_525' title='bbox 1645 1737 1745 1764; x_wconf 91' lang='lat' dir='ltr'><strong>bonum</strong></span> <span class='ocrx_word' id='word_1_526' title='bbox 1768 1738 1794 1764; x_wconf 92' lang='lat' dir='ltr'><strong>in</strong></span> <span class='ocrx_word' id='word_1_527' title='bbox 1818 1747 1849 1766; x_wconf 85' lang='lat' dir='ltr'><strong>se</strong></span> 
     </span>
    </p>
   </div>
   <div class='ocr_carea' id='block_1_81' title="bbox 1060 1780 1847 1819">
    <p class='ocr_par' dir='ltr' id='par_1_81' title="bbox 1060 1780 1847 1819">
     <span class='ocr_line' id='line_1_81' title="bbox 1060 1780 1847 1819; baseline 0.006 -12"><span class='ocrx_word' id='word_1_528' title='bbox 1060 1780 1170 1807; x_wconf 86' lang='lat' dir='ltr'><strong>odorem</strong></span> <span class='ocrx_word' id='word_1_529' title='bbox 1184 1788 1248 1808; x_wconf 89' lang='lat' dir='ltr'><strong>vere</strong></span> <span class='ocrx_word' id='word_1_530' title='bbox 1266 1782 1420 1815; x_wconf 89' lang='lat' dir='ltr'><strong>continens,</strong></span> <span class='ocrx_word' id='word_1_531' title='bbox 1438 1781 1472 1809; x_wconf 88' lang='lat' dir='ltr'><strong>ad</strong></span> <span class='ocrx_word' id='word_1_532' title='bbox 1486 1781 1551 1809; x_wconf 92' lang='lat' dir='ltr'><strong>illud</strong></span> <span class='ocrx_word' id='word_1_533' title='bbox 1567 1783 1637 1817; x_wconf 89' lang='lat' dir='ltr'><strong>quod</strong></span> <span class='ocrx_word' id='word_1_534' title='bbox 1651 1783 1731 1819; x_wconf 80' lang='lat' dir='ltr'><strong>vulgo</strong></span> <span class='ocrx_word' id='word_1_535' title='bbox 1744 1785 1847 1819; x_wconf 89' lang='lat' dir='ltr'><strong>passim</strong></span> 
     </span>
    </p>
   </div>
   <div class='ocr_carea' id='block_1_82' title="bbox 1059 1825 1848 1864">
    <p class='ocr_par' dir='ltr' id='par_1_82' title="bbox 1059 1825 1848 1864">
     <span class='ocr_line' id='line_1_82' title="bbox 1059 1825 1848 1864; baseline 0.008 -12"><span class='ocrx_word' id='word_1_536' title='bbox 1059 1825 1231 1861; x_wconf 58' lang='lat' dir='ltr'><strong>inaequaliter</strong></span> <span class='ocrx_word' id='word_1_537' title='bbox 1263 1831 1394 1862; x_wconf 83' lang='lat' dir='ltr'><strong>apparet,</strong></span> <span class='ocrx_word' id='word_1_538' title='bbox 1432 1837 1570 1864; x_wconf 89' lang='lat' dir='ltr'><strong>nunquam</strong></span> <span class='ocrx_word' id='word_1_539' title='bbox 1598 1831 1782 1863; x_wconf 87' lang='lat' dir='ltr'><strong>convertitur,</strong></span> <span class='ocrx_word' id='word_1_540' title='bbox 1819 1831 1848 1858; x_wconf 90' lang='lat' dir='ltr'><strong>in</strong></span> 
     </span>
    </p>
   </div>
   <div class='ocr_carea' id='block_1_83' title="bbox 1059 1873 1701 1909">
    <p class='ocr_par' dir='ltr' id='par_1_83' title="bbox 1059 1873 1701 1909">
     <span class='ocr_line' id='line_1_83' title="bbox 1059 1873 1701 1909; baseline 0.008 -9"><span class='ocrx_word' id='word_1_541' title='bbox 1059 1874 1131 1900; x_wconf 86' lang='lat' dir='ltr'><strong>veris</strong></span> <span class='ocrx_word' id='word_1_542' title='bbox 1144 1873 1200 1901; x_wconf 87' lang='lat' dir='ltr'><strong>suis</strong></span> <span class='ocrx_word' id='word_1_543' title='bbox 1213 1873 1374 1907; x_wconf 84' lang='lat' dir='ltr'><strong>imaginibus</strong></span> <span class='ocrx_word' id='word_1_544' title='bbox 1386 1875 1538 1909; x_wconf 65' lang='lat' dir='ltr'><strong>exprimens</strong></span> <span class='ocrx_word' id='word_1_545' title='bbox 1552 1877 1701 1905; x_wconf 88' lang='lat' dir='ltr'><strong>veritatem.</strong></span> 
     </span>
    </p>
   </div>
   <div class='ocr_carea' id='block_1_84' title="bbox 1095 1919 1850 1957">
    <p class='ocr_par' dir='ltr' id='par_1_84' title="bbox 1095 1919 1850 1957">
     <span class='ocr_line' id='line_1_84' title="bbox 1095 1919 1850 1957; baseline 0.009 -12"><span class='ocrx_word' id='word_1_546' title='bbox 1095 1919 1164 1946; x_wconf 89' lang='lat' dir='ltr'><strong>llinc</strong></span> <span class='ocrx_word' id='word_1_547' title='bbox 1179 1919 1200 1935; x_wconf 84' lang='grc'><strong>¹⁰</strong></span> <span class='ocrx_word' id='word_1_548' title='bbox 1216 1920 1239 1947; x_wconf 92' lang='lat' dir='ltr'><strong>si</strong></span> <span class='ocrx_word' id='word_1_549' title='bbox 1257 1928 1332 1948; x_wconf 90' lang='lat' dir='ltr'><strong>more</strong></span> <span class='ocrx_word' id='word_1_550' title='bbox 1353 1921 1471 1948; x_wconf 88' lang='lat' dir='ltr'><strong>humano</strong></span> <span class='ocrx_word' id='word_1_551' title='bbox 1489 1929 1520 1949; x_wconf 89' lang='lat' dir='ltr'><strong>ea</strong></span> <span class='ocrx_word' id='word_1_552' title='bbox 1544 1930 1602 1957; x_wconf 77' lang='lat' dir='ltr'><strong>qua:</strong></span> <span class='ocrx_word' id='word_1_553' title='bbox 1616 1931 1697 1957; x_wconf 79' lang='lat' dir='ltr'><strong>supra</strong></span> <span class='ocrx_word' id='word_1_554' title='bbox 1712 1932 1762 1952; x_wconf 92' lang='lat' dir='ltr'><strong>nos</strong></span> <span class='ocrx_word' id='word_1_555' title='bbox 1782 1929 1850 1952; x_wconf 90' lang='lat' dir='ltr'><strong>sunt</strong></span> 
     </span>
    </p>
   </div>
   <div class='ocr_carea' id='block_1_85' title="bbox 1059 1966 1848 2000">
    <p class='ocr_par' dir='ltr' id='par_1_85' title="bbox 1059 1966 1848 2000">
     <span class='ocr_line' id='line_1_85' title="bbox 1059 1966 1848 2000; baseline 0.008 -8"><span class='ocrx_word' id='word_1_556' title='bbox 1059 1966 1234 2000; x_wconf 88' lang='lat' dir='ltr'><strong>accipiamus,</strong></span> <span class='ocrx_word' id='word_1_557' title='bbox 1248 1971 1275 1994; x_wconf 89' lang='lat' dir='ltr'><strong>et</strong></span> <span class='ocrx_word' id='word_1_558' title='bbox 1289 1966 1469 1995; x_wconf 89' lang='lat' dir='ltr'><strong>familiaribus</strong></span> <span class='ocrx_word' id='word_1_559' title='bbox 1482 1969 1558 1996; x_wconf 89' lang='lat' dir='ltr'><strong>nobis</strong></span> <span class='ocrx_word' id='word_1_560' title='bbox 1575 1971 1697 1998; x_wconf 87' lang='lat' dir='ltr'><strong>sensibus</strong></span> <span class='ocrx_word' id='word_1_561' title='bbox 1712 1972 1848 1998; x_wconf 69' lang='lat' dir='ltr'><strong>iiiltmrca-</strong></span> 
     </span>
    </p>
   </div>
   <div class='ocr_carea' id='block_1_86' title="bbox 1058 2013 1847 2050">
    <p class='ocr_par' dir='ltr' id='par_1_86' title="bbox 1058 2013 1847 2050">
     <span class='ocr_line' id='line_1_86' title="bbox 1058 2013 1847 2050; baseline 0.004 -10"><span class='ocrx_word' id='word_1_562' title='bbox 1058 2020 1129 2047; x_wconf 91' lang='lat' dir='ltr'><strong>mus,</strong></span> <span class='ocrx_word' id='word_1_563' title='bbox 1145 2018 1225 2047; x_wconf 91' lang='lat' dir='ltr'><strong>atque</strong></span> <span class='ocrx_word' id='word_1_564' title='bbox 1234 2013 1324 2041; x_wconf 90' lang='lat' dir='ltr'><strong>divina</strong></span> <span class='ocrx_word' id='word_1_565' title='bbox 1335 2021 1396 2041; x_wconf 89' lang='lat' dir='ltr'><strong>cum</strong></span> <span class='ocrx_word' id='word_1_566' title='bbox 1413 2016 1512 2042; x_wconf 88' lang='lat' dir='ltr'><strong>nostris</strong></span> <span class='ocrx_word' id='word_1_567' title='bbox 1521 2016 1702 2049; x_wconf 85' lang='lat' dir='ltr'><strong>conferamus,</strong></span> <span class='ocrx_word' id='word_1_568' title='bbox 1716 2016 1847 2050; x_wconf 83' lang='lat' dir='ltr'><strong>fallimur,</strong></span> 
     </span>
    </p>
   </div>
   <div class='ocr_carea' id='block_1_87' title="bbox 1058 2058 1848 2097">
    <p class='ocr_par' dir='ltr' id='par_1_87' title="bbox 1058 2058 1848 2097">
     <span class='ocr_line' id='line_1_87' title="bbox 1058 2058 1848 2097; baseline 0.006 -13"><span class='ocrx_word' id='word_1_569' title='bbox 1058 2058 1079 2085; x_wconf 89' lang='lat' dir='ltr'><strong>si</strong></span> <span class='ocrx_word' id='word_1_570' title='bbox 1092 2059 1239 2086; x_wconf 85' lang='lat' dir='ltr'><strong>secundum</strong></span> <span class='ocrx_word' id='word_1_571' title='bbox 1253 2059 1279 2086; x_wconf 92' lang='lat' dir='ltr'><strong>id</strong></span> <span class='ocrx_word' id='word_1_572' title='bbox 1289 2060 1359 2093; x_wconf 90' lang='lat' dir='ltr'><strong>quod</strong></span> <span class='ocrx_word' id='word_1_573' title='bbox 1369 2059 1470 2087; x_wconf 90' lang='lat' dir='ltr'><strong>deforis</strong></span> <span class='ocrx_word' id='word_1_574' title='bbox 1480 2065 1601 2095; x_wconf 80' lang='lat' dir='ltr'><strong>apparet,</strong></span> <span class='ocrx_word' id='word_1_575' title='bbox 1614 2062 1753 2097; x_wconf 81' lang='lat' dir='ltr'><strong>mysticam</strong></span> <span class='ocrx_word' id='word_1_576' title='bbox 1767 2069 1848 2089; x_wconf 81' lang='lat' dir='ltr'><strong>arca-</strong></span> 
     </span>
    </p>
   </div>
   <div class='ocr_carea' id='block_1_88' title="bbox 1059 2104 1847 2141">
    <p class='ocr_par' dir='ltr' id='par_1_88' title="bbox 1059 2104 1847 2141">
     <span class='ocr_line' id='line_1_88' title="bbox 1059 2104 1847 2141; baseline 0.005 -12"><span class='ocrx_word' id='word_1_577' title='bbox 1059 2111 1175 2138; x_wconf 90' lang='lat' dir='ltr'><strong>namqne</strong></span> <span class='ocrx_word' id='word_1_578' title='bbox 1185 2104 1346 2139; x_wconf 74' lang='lat' dir='ltr'><strong>theologiam</strong></span> <span class='ocrx_word' id='word_1_579' title='bbox 1361 2105 1519 2136; x_wconf 87' lang='lat' dir='ltr'><strong>metiamur;</strong></span> <span class='ocrx_word' id='word_1_580' title='bbox 1533 2113 1593 2132; x_wconf 90' lang='lat' dir='ltr'><strong>cum</strong></span> <span class='ocrx_word' id='word_1_581' title='bbox 1605 2105 1675 2133; x_wconf 88' lang='lat' dir='ltr'><strong>scire</strong></span> <span class='ocrx_word' id='word_1_582' title='bbox 1685 2106 1847 2141; x_wconf 59' lang='lat' dir='ltr'><strong>delicatum,</strong></span> 
     </span>
    </p>
   </div>
   <div class='ocr_carea' id='block_1_89' title="bbox 1058 2149 1846 2186">
    <p class='ocr_par' dir='ltr' id='par_1_89' title="bbox 1058 2149 1846 2186">
     <span class='ocr_line' id='line_1_89' title="bbox 1058 2149 1846 2186; baseline 0.005 -11"><span class='ocrx_word' id='word_1_583' title='bbox 1058 2152 1174 2176; x_wconf 89' lang='lat' dir='ltr'><strong>mentem</strong></span> <span class='ocrx_word' id='word_1_584' title='bbox 1199 2149 1308 2183; x_wconf 86' lang='lat' dir='ltr'><strong>quidem</strong></span> <span class='ocrx_word' id='word_1_585' title='bbox 1333 2155 1455 2176; x_wconf 84' lang='lat' dir='ltr'><strong>nostrain</strong></span> <span class='ocrx_word' id='word_1_586' title='bbox 1478 2150 1580 2184; x_wconf 88' lang='lat' dir='ltr'><strong>pollere</strong></span> <span class='ocrx_word' id='word_1_587' title='bbox 1606 2150 1633 2177; x_wconf 80' lang='lat' dir='ltr'><strong>vi</strong></span> <span class='ocrx_word' id='word_1_588' title='bbox 1656 2150 1846 2186; x_wconf 84' lang='lat' dir='ltr'><strong>intelligendi,</strong></span> 
     </span>
    </p>
   </div>
   <div class='ocr_carea' id='block_1_90' title="bbox 1057 2195 1847 2232">
    <p class='ocr_par' dir='ltr' id='par_1_90' title="bbox 1057 2195 1847 2232">
     <span class='ocr_line' id='line_1_90' title="bbox 1057 2195 1847 2232; baseline 0.005 -12"><span class='ocrx_word' id='word_1_589' title='bbox 1057 2201 1108 2229; x_wconf 89' lang='lat' dir='ltr'><strong>qua</strong></span> <span class='ocrx_word' id='word_1_590' title='bbox 1122 2202 1165 2222; x_wconf 86' lang='lat' dir='ltr'><strong>res</strong></span> <span class='ocrx_word' id='word_1_591' title='bbox 1184 2195 1354 2223; x_wconf 88' lang='lat' dir='ltr'><strong>intellectiles</strong></span> <span class='ocrx_word' id='word_1_592' title='bbox 1367 2196 1417 2230; x_wconf 92' lang='lat' dir='ltr'><strong>ipsi</strong></span> <span class='ocrx_word' id='word_1_593' title='bbox 1432 2196 1653 2231; x_wconf 90' lang='lat' dir='ltr'><strong>proportionatas</strong></span> <span class='ocrx_word' id='word_1_594' title='bbox 1669 2202 1847 2232; x_wconf 83' lang='lat' dir='ltr'><strong>contueatur,</strong></span> 
     </span>
    </p>
   </div>
   <div class='ocr_carea' id='block_1_91' title="bbox 221 2241 1848 2281">
    <p class='ocr_par' dir='ltr' id='par_1_91' title="bbox 221 2241 1848 2281">
     <span class='ocr_line' id='line_1_91' title="bbox 221 2241 1848 2281; baseline 0.002 -8"><span class='ocrx_word' id='word_1_595' title='bbox 221 2253 329 2279; x_wconf 82' lang='lat' dir='ltr'><strong>remus,</strong></span> <span class='ocrx_word' id='word_1_596' title='bbox 344 2245 540 2272; x_wconf 79' lang='lat' dir='ltr'><strong>divinissimam</strong></span> <span class='ocrx_word' id='word_1_597' title='bbox 558 2245 617 2280; x_wconf 88' lang='lat' dir='ltr'><strong>ejus</strong></span> <span class='ocrx_word' id='word_1_598' title='bbox 639 2247 666 2273; x_wconf 90' lang='lat' dir='ltr'><strong>in</strong></span> <span class='ocrx_word' id='word_1_599' title='bbox 685 2254 766 2274; x_wconf 90' lang='lat' dir='ltr'><strong>carne</strong></span> <span class='ocrx_word' id='word_1_600' title='bbox 789 2247 872 2274; x_wconf 87' lang='lat' dir='ltr'><strong>vitam</strong></span> <span class='ocrx_word' id='word_1_601' title='bbox 886 2253 1006 2276; x_wconf 88' lang='lat' dir='ltr'><strong>contcm-</strong></span> <span class='ocrx_word' id='word_1_602' title='bbox 1021 2253 1044 2281; x_wconf 71' lang='grc' dir='ltr'>ῃ</span> <span class='ocrx_word' id='word_1_603' title='bbox 1061 2245 1151 2268; x_wconf 67' lang='lat' dir='ltr'><strong>“lmen</strong></span> <span class='ocrx_word' id='word_1_604' title='bbox 1176 2241 1254 2268; x_wconf 69' lang='grc' dir='ltr'>Ῐειῖιιη</span> <span class='ocrx_word' id='word_1_605' title='bbox 1278 2241 1416 2274; x_wconf 62' lang='lat' dir='ltr'><strong>unionem.</strong></span> <span class='ocrx_word' id='word_1_606' title='bbox 1440 2249 1492 2276; x_wconf 64' lang='lat' dir='ltr'><strong>qua</strong></span> <span class='ocrx_word' id='word_1_607' title='bbox 1518 2242 1600 2269; x_wconf 70' lang='grc' dir='ltr'><strong>Υεδυε</strong></span> <span class='ocrx_word' id='word_1_608' title='bbox 1611 2249 1640 2269; x_wconf 67' lang='lat' dir='ltr'><strong>se</strong></span> <span class='ocrx_word' id='word_1_609' title='bbox 1656 2243 1848 2276; x_wconf 67' lang='lat' dir='ltr'><strong>superioribus</strong></span> 
     </span>
    </p>
   </div>
   <div class='ocr_carea' id='block_1_92' title="bbox 221 2291 1006 2328">
    <p class='ocr_par' dir='ltr' id='par_1_92' title="bbox 221 2291 1006 2328">
     <span class='ocr_line' id='line_1_92' title="bbox 221 2291 1006 2328; baseline 0.005 -11"><span class='ocrx_word' id='word_1_610' title='bbox 221 2291 300 2326; x_wconf 89' lang='lat' dir='ltr'><strong>piari,</strong></span> <span class='ocrx_word' id='word_1_611' title='bbox 312 2295 392 2325; x_wconf 85' lang='lat' dir='ltr'><strong>atque</strong></span> <span class='ocrx_word' id='word_1_612' title='bbox 410 2295 532 2318; x_wconf 87' lang='lat' dir='ltr'><strong>sanctam</strong></span> <span class='ocrx_word' id='word_1_613' title='bbox 549 2291 634 2325; x_wconf 82' lang='lat' dir='ltr'><strong>ipsius</strong></span> <span class='ocrx_word' id='word_1_614' title='bbox 645 2292 851 2326; x_wconf 88' lang='lat' dir='ltr'><strong>impeccantiam</strong></span> <span class='ocrx_word' id='word_1_615' title='bbox 866 2293 1006 2328; x_wconf 85' lang='lat' dir='ltr'><strong>imitando,</strong></span> 
     </span>
    </p>
   </div>
   <div class='ocr_carea' id='block_1_93' title="bbox 221 2336 1006 2366">
    <p class='ocr_par' dir='ltr' id='par_1_93' title="bbox 221 2336 1006 2366">
     <span class='ocr_line' id='line_1_93' title="bbox 221 2336 1006 2366; baseline 0.003 -2"><span class='ocrx_word' id='word_1_616' title='bbox 221 2337 254 2364; x_wconf 81' lang='lat' dir='ltr'><strong>ad</strong></span> <span class='ocrx_word' id='word_1_617' title='bbox 268 2336 480 2364; x_wconf 89' lang='lat' dir='ltr'><strong>deiformitatem</strong></span> <span class='ocrx_word' id='word_1_618' title='bbox 500 2340 527 2363; x_wconf 90' lang='lat' dir='ltr'><strong>et</strong></span> <span class='ocrx_word' id='word_1_619' title='bbox 551 2337 753 2364; x_wconf 81' lang='lat' dir='ltr'><strong>immaculatum</strong></span> <span class='ocrx_word' id='word_1_620' title='bbox 775 2342 875 2365; x_wconf 89' lang='lat' dir='ltr'><strong>statum</strong></span> <span class='ocrx_word' id='word_1_621' title='bbox 893 2345 1006 2366; x_wconf 76' lang='lat' dir='ltr'><strong>conten—</strong></span> 
     </span>
    </p>
   </div>
   <div class='ocr_carea' id='block_1_94' title="bbox 222 2381 1004 2419">
    <p class='ocr_par' dir='ltr' id='par_1_94' title="bbox 222 2381 1004 2419">
     <span class='ocr_line' id='line_1_94' title="bbox 222 2381 1004 2419; baseline 0.005 -11"><span class='ocrx_word' id='word_1_622' title='bbox 222 2382 296 2409; x_wconf 89' lang='lat' dir='ltr'><strong>dere.</strong></span> <span class='ocrx_word' id='word_1_623' title='bbox 311 2381 367 2409; x_wconf 85' lang='lat' dir='ltr'><strong>Hac</strong></span> <span class='ocrx_word' id='word_1_624' title='bbox 389 2389 506 2416; x_wconf 87' lang='lat' dir='ltr'><strong>namque</strong></span> <span class='ocrx_word' id='word_1_625' title='bbox 526 2382 646 2415; x_wconf 88' lang='lat' dir='ltr'><strong>ratione,</strong></span> <span class='ocrx_word' id='word_1_626' title='bbox 670 2387 751 2416; x_wconf 91' lang='lat' dir='ltr'><strong>prout</strong></span> <span class='ocrx_word' id='word_1_627' title='bbox 772 2383 851 2411; x_wconf 81' lang='lat' dir='ltr'><strong>nobis</strong></span> <span class='ocrx_word' id='word_1_628' title='bbox 870 2385 1004 2419; x_wconf 84' lang='lat' dir='ltr'><strong>congruit,</strong></span> 
     </span>
    </p>
   </div>
   <div class='ocr_carea' id='block_1_95' title="bbox 221 2429 755 2457">
    <p class='ocr_par' dir='ltr' id='par_1_95' title="bbox 221 2429 755 2457">
     <span class='ocr_line' id='line_1_95' title="bbox 221 2429 755 2457; baseline -0.004 0"><span class='ocrx_word' id='word_1_629' title='bbox 221 2429 424 2457; x_wconf 86' lang='lat' dir='ltr'><strong>similitudinem</strong></span> <span class='ocrx_word' id='word_1_630' title='bbox 443 2437 519 2456; x_wconf 90' lang='lat' dir='ltr'><strong>suam</strong></span> <span class='ocrx_word' id='word_1_631' title='bbox 531 2429 755 2456; x_wconf 85' lang='lat' dir='ltr'><strong>communicabit.</strong></span> 
     </span>
    </p>
   </div>
   <div class='ocr_carea' id='block_1_96' title="bbox 255 2474 1003 2510">
    <p class='ocr_par' dir='ltr' id='par_1_96' title="bbox 255 2474 1003 2510">
     <span class='ocr_line' id='line_1_96' title="bbox 255 2474 1003 2510; baseline 0 -8"><span class='ocrx_word' id='word_1_632' title='bbox 255 2475 385 2502; x_wconf 72' lang='lat' dir='ltr'><strong>Cazterum</strong></span> <span class='ocrx_word' id='word_1_633' title='bbox 410 2475 533 2510; x_wconf 81' lang='lat' dir='ltr'><strong>mysticis</strong></span> <span class='ocrx_word' id='word_1_634' title='bbox 552 2474 684 2510; x_wconf 83' lang='lat' dir='ltr'><strong>theologis</strong></span> <span class='ocrx_word' id='word_1_635' title='bbox 699 2474 849 2503; x_wconf 84' lang='lat' dir='ltr'><strong>obvelanda</strong></span> <span class='ocrx_word' id='word_1_636' title='bbox 870 2479 913 2502; x_wconf 89' lang='lat' dir='ltr'><strong>est</strong></span> <span class='ocrx_word' id='word_1_637' title='bbox 927 2483 1003 2503; x_wconf 66' lang='lat' dir='ltr'><strong>men~</strong></span> 
     </span>
    </p>
   </div>
   <div class='ocr_carea' id='block_1_97' title="bbox 221 2520 1002 2555">
    <p class='ocr_par' dir='ltr' id='par_1_97' title="bbox 221 2520 1002 2555">
     <span class='ocr_line' id='line_1_97' title="bbox 221 2520 1002 2555; baseline 0.001 -7"><span class='ocrx_word' id='word_1_638' title='bbox 221 2521 255 2548; x_wconf 86' lang='lat' dir='ltr'><strong>tis</strong></span> <span class='ocrx_word' id='word_1_639' title='bbox 268 2521 398 2548; x_wconf 86' lang='lat' dir='ltr'><strong>sanctitas</strong></span> <span class='ocrx_word' id='word_1_640' title='bbox 415 2526 496 2555; x_wconf 88' lang='lat' dir='ltr'><strong>atque</strong></span> <span class='ocrx_word' id='word_1_641' title='bbox 518 2520 668 2555; x_wconf 81' lang='lat' dir='ltr'><strong>fragrantia</strong></span> <span class='ocrx_word' id='word_1_642' title='bbox 680 2520 702 2553; x_wconf 82' lang='lat'><strong>°,</strong></span> <span class='ocrx_word' id='word_1_643' title='bbox 729 2528 790 2547; x_wconf 91' lang='lat' dir='ltr'><strong>eum</strong></span> <span class='ocrx_word' id='word_1_644' title='bbox 810 2520 938 2548; x_wconf 90' lang='lat' dir='ltr'><strong>divinitus</strong></span> <span class='ocrx_word' id='word_1_645' title='bbox 953 2523 1002 2549; x_wconf 86' lang='lat' dir='ltr'><strong>viri</strong></span> 
     </span>
    </p>
   </div>
   <div class='ocr_carea' id='block_1_98' title="bbox 220 2565 1003 2601">
    <p class='ocr_par' dir='ltr' id='par_1_98' title="bbox 220 2565 1003 2601">
     <span class='ocr_line' id='line_1_98' title="bbox 220 2565 1003 2601; baseline 0.003 -8"><span class='ocrx_word' id='word_1_646' title='bbox 220 2567 305 2594; x_wconf 87' lang='lat' dir='ltr'><strong>sancti</strong></span> <span class='ocrx_word' id='word_1_647' title='bbox 316 2566 471 2601; x_wconf 73' lang='lat' dir='ltr'><strong>iubeantur,</strong></span> <span class='ocrx_word' id='word_1_648' title='bbox 485 2573 540 2593; x_wconf 91' lang='lat' dir='ltr'><strong>non</strong></span> <span class='ocrx_word' id='word_1_649' title='bbox 556 2566 590 2593; x_wconf 83' lang='lat' dir='ltr'><strong>ad</strong></span> <span class='ocrx_word' id='word_1_650' title='bbox 608 2574 701 2592; x_wconf 88' lang='lat' dir='ltr'><strong>vanam</strong></span> <span class='ocrx_word' id='word_1_651' title='bbox 715 2565 826 2601; x_wconf 81' lang='lat' dir='ltr'><strong>gloriam</strong></span> <span class='ocrx_word' id='word_1_652' title='bbox 841 2572 1003 2601; x_wconf 85' lang='lat' dir='ltr'><strong>apparentes</strong></span> 
     </span>
    </p>
   </div>
   <div class='ocr_carea' id='block_1_99' title="bbox 219 2612 1003 2647">
    <p class='ocr_par' dir='ltr' id='par_1_99' title="bbox 219 2612 1003 2647">
     <span class='ocr_line' id='line_1_99' title="bbox 219 2612 1003 2647; baseline 0.001 -8"><span class='ocrx_word' id='word_1_653' title='bbox 219 2613 312 2640; x_wconf 87' lang='lat' dir='ltr'><strong>arcani</strong></span> <span class='ocrx_word' id='word_1_654' title='bbox 332 2612 379 2639; x_wconf 89' lang='lat' dir='ltr'><strong>Dei</strong></span> <span class='ocrx_word' id='word_1_655' title='bbox 393 2612 520 2646; x_wconf 81' lang='lat' dir='ltr'><strong>pulchras</strong></span> <span class='ocrx_word' id='word_1_656' title='bbox 534 2619 565 2639; x_wconf 90' lang='lat' dir='ltr'><strong>ac</strong></span> <span class='ocrx_word' id='word_1_657' title='bbox 587 2612 740 2647; x_wconf 86' lang='lat' dir='ltr'><strong>fragrantes</strong></span> <span class='ocrx_word' id='word_1_658' title='bbox 757 2612 857 2640; x_wconf 86' lang='lat' dir='ltr'><strong>habere</strong></span> <span class='ocrx_word' id='word_1_659' title='bbox 877 2613 1003 2640; x_wconf 92' lang='lat' dir='ltr'><strong>similitu-</strong></span> 
     </span>
    </p>
   </div>
   <div class='ocr_carea' id='block_1_100' title="bbox 219 2657 1002 2693">
    <p class='ocr_par' dir='ltr' id='par_1_100' title="bbox 219 2657 1002 2693">
     <span class='ocr_line' id='line_1_100' title="bbox 219 2657 1002 2693; baseline 0 -8"><span class='ocrx_word' id='word_1_660' title='bbox 219 2659 306 2686; x_wconf 88' lang='lat' dir='ltr'><strong>dines.</strong></span> <span class='ocrx_word' id='word_1_661' title='bbox 325 2658 463 2692; x_wconf 79' lang='lat' dir='ltr'><strong>Siquidcm</strong></span> <span class='ocrx_word' id='word_1_662' title='bbox 478 2665 577 2685; x_wconf 87' lang='lat' dir='ltr'><strong>arcana</strong></span> <span class='ocrx_word' id='word_1_663' title='bbox 598 2658 645 2685; x_wconf 91' lang='lat' dir='ltr'><strong>Dei</strong></span> <span class='ocrx_word' id='word_1_664' title='bbox 671 2657 779 2689; x_wconf 87' lang='lat' dir='ltr'><strong>decora,</strong></span> <span class='ocrx_word' id='word_1_665' title='bbox 796 2666 913 2693; x_wconf 88' lang='lat' dir='ltr'><strong>quorum</strong></span> <span class='ocrx_word' id='word_1_666' title='bbox 936 2666 1002 2685; x_wconf 90' lang='lat' dir='ltr'><strong>sua-</strong></span> 
     </span>
    </p>
   </div>
   <div class='ocr_carea' id='block_1_101' title="bbox 216 2704 1000 2738">
    <p class='ocr_par' dir='ltr' id='par_1_101' title="bbox 216 2704 1000 2738">
     <span class='ocr_line' id='line_1_101' title="bbox 216 2704 1000 2738; baseline 0 -8"><span class='ocrx_word' id='word_1_667' title='bbox 216 2704 288 2731; x_wconf 83' lang='lat' dir='ltr'><strong>vitas</strong></span> <span class='ocrx_word' id='word_1_668' title='bbox 300 2704 466 2731; x_wconf 88' lang='lat' dir='ltr'><strong>intellectum</strong></span> <span class='ocrx_word' id='word_1_669' title='bbox 484 2708 606 2738; x_wconf 85' lang='lat' dir='ltr'><strong>superat,</strong></span> <span class='ocrx_word' id='word_1_670' title='bbox 625 2711 735 2738; x_wconf 88' lang='lat' dir='ltr'><strong>prorsus</strong></span> <span class='ocrx_word' id='word_1_671' title='bbox 750 2708 812 2731; x_wconf 88' lang='lat' dir='ltr'><strong>sunt</strong></span> <span class='ocrx_word' id='word_1_672' title='bbox 828 2704 1000 2736; x_wconf 85' lang='lat' dir='ltr'><strong>intemerata,</strong></span> 
     </span>
    </p>
   </div>
   <div class='ocr_carea' id='block_1_102' title="bbox 217 2749 1001 2785">
    <p class='ocr_par' dir='ltr' id='par_1_102' title="bbox 217 2749 1001 2785">
     <span class='ocr_line' id='line_1_102' title="bbox 217 2749 1001 2785; baseline -0.001 -8"><span class='ocrx_word' id='word_1_673' title='bbox 217 2750 334 2785; x_wconf 74' lang='lat' dir='ltr'><strong>solisque</strong></span> <span class='ocrx_word' id='word_1_674' title='bbox 346 2749 411 2778; x_wconf 91' lang='lat' dir='ltr'><strong>viris</strong></span> <span class='ocrx_word' id='word_1_675' title='bbox 423 2749 590 2785; x_wconf 85' lang='lat' dir='ltr'><strong>spiritalibus</strong></span> <span class='ocrx_word' id='word_1_676' title='bbox 598 2750 757 2784; x_wconf 74' lang='lat' dir='ltr'><strong>spiritaliter</strong></span> <span class='ocrx_word' id='word_1_677' title='bbox 771 2754 915 2784; x_wconf 86' lang='lat' dir='ltr'><strong>apparent,</strong></span> <span class='ocrx_word' id='word_1_678' title='bbox 929 2749 1001 2784; x_wconf 88' lang='lat' dir='ltr'><strong>quod</strong></span> 
     </span>
    </p>
   </div>
   <div class='ocr_carea' id='block_1_103' title="bbox 255 2843 640 2880">
    <p class='ocr_par' dir='ltr' id='par_1_103' title="bbox 255 2843 640 2880">
     <span class='ocr_line' id='line_1_103' title="bbox 255 2843 640 2880; baseline -0.003 -8"><span class='ocrx_word' id='word_1_679' title='bbox 255 2845 265 2860; x_wconf 82' lang='grc'><strong>⁸</strong></span> <span class='ocrx_word' id='word_1_680' title='bbox 281 2844 318 2872; x_wconf 81' lang='lat' dir='ltr'><strong>De</strong></span> <span class='ocrx_word' id='word_1_681' title='bbox 331 2844 413 2880; x_wconf 75' lang='lat' dir='ltr'><strong>divin.</strong></span> <span class='ocrx_word' id='word_1_682' title='bbox 428 2852 497 2871; x_wconf 85' lang='lat' dir='ltr'><strong>noni.</strong></span> <span class='ocrx_word' id='word_1_683' title='bbox 515 2851 539 2871; x_wconf 88' lang='lat' dir='ltr'><strong>c.</strong></span> <span class='ocrx_word' id='word_1_684' title='bbox 552 2843 579 2876; x_wconf 69' lang='grc'><strong><em>4,</em></strong></span> <span class='ocrx_word' id='word_1_685' title='bbox 592 2843 640 2880; x_wconf 86' lang='lat'><strong>§6.</strong></span> 
     </span>
    </p>
   </div>
   <div class='ocr_carea' id='block_1_104' title="bbox 679 2842 1023 2877">
    <p class='ocr_par' dir='ltr' id='par_1_104' title="bbox 679 2842 1023 2877">
     <span class='ocr_line' id='line_1_104' title="bbox 679 2842 1023 2877; baseline -0.006 -7"><span class='ocrx_word' id='word_1_686' title='bbox 679 2844 689 2859; x_wconf 78' lang='grc'>³</span> <span class='ocrx_word' id='word_1_687' title='bbox 705 2843 768 2870; x_wconf 72' lang='lat'><strong>(10:1.</strong></span> <span class='ocrx_word' id='word_1_688' title='bbox 785 2844 851 2870; x_wconf 85' lang='lat' dir='ltr'><strong>hier.</strong></span> <span class='ocrx_word' id='word_1_689' title='bbox 863 2850 922 2874; x_wconf 81' lang='lat' dir='ltr'><strong>cap.</strong></span> <span class='ocrx_word' id='word_1_690' title='bbox 934 2843 959 2872; x_wconf 78' lang='grc' dir='ltr'>Ι.</span> <span class='ocrx_word' id='word_1_691' title='bbox 970 2843 984 2877; x_wconf 83' lang='lat'><strong>§</strong></span> <span class='ocrx_word' id='word_1_692' title='bbox 995 2842 1023 2868; x_wconf 73' lang='lat'><strong>2.</strong></span> 
     </span>
    </p>
   </div>
   <div class='ocr_carea' id='block_1_105' title="bbox 218 2876 1260 2916">
    <p class='ocr_par' dir='ltr' id='par_1_105' title="bbox 218 2876 1260 2916">
     <span class='ocr_line' id='line_1_105' title="bbox 218 2876 1260 2916; baseline -0.004 -9"><span class='ocrx_word' id='word_1_693' title='bbox 218 2879 287 2916; x_wconf 63' lang='grc' dir='ltr'><strong>θη.</strong></span> <span class='ocrx_word' id='word_1_694' title='bbox 323 2879 414 2907; x_wconf 75' lang='lat' dir='ltr'><strong>“Eccl.</strong></span> <span class='ocrx_word' id='word_1_695' title='bbox 425 2880 502 2915; x_wconf 61' lang='lat' dir='ltr'><strong>hiatu,</strong></span> <span class='ocrx_word' id='word_1_696' title='bbox 516 2887 576 2915; x_wconf 83' lang='lat' dir='ltr'><strong>cap.</strong></span> <span class='ocrx_word' id='word_1_697' title='bbox 591 2876 618 2913; x_wconf 70' lang='grc' dir='ltr'>ιί,</span> <span class='ocrx_word' id='word_1_698' title='bbox 631 2884 755 2914; x_wconf 83' lang='lat' dir='ltr'><strong>partem,</strong></span> <span class='ocrx_word' id='word_1_699' title='bbox 773 2879 821 2913; x_wconf 82' lang='lat' dir='ltr'><strong>§t.</strong></span> <span class='ocrx_word' id='word_1_700' title='bbox 841 2877 862 2893; x_wconf 80' lang='grc'><strong>¹⁰</strong></span> <span class='ocrx_word' id='word_1_701' title='bbox 871 2876 908 2904; x_wconf 84' lang='lat' dir='ltr'><strong>De</strong></span> <span class='ocrx_word' id='word_1_702' title='bbox 917 2876 991 2904; x_wconf 68' lang='lat' dir='ltr'><strong>devii:</strong></span> <span class='ocrx_word' id='word_1_703' title='bbox 1002 2885 1085 2909; x_wconf 84' lang='lat' dir='ltr'><strong>nom.,</strong></span> <span class='ocrx_word' id='word_1_704' title='bbox 1098 2885 1156 2912; x_wconf 78' lang='lat' dir='ltr'><strong>cap.</strong></span> <span class='ocrx_word' id='word_1_705' title='bbox 1170 2877 1196 2911; x_wconf 88' lang='lat'><strong>7,</strong></span> <span class='ocrx_word' id='word_1_706' title='bbox 1210 2876 1224 2912; x_wconf 87' lang='lat'><strong>§</strong></span> <span class='ocrx_word' id='word_1_707' title='bbox 1238 2876 1260 2904; x_wconf 88' lang='grc' dir='ltr'>ι.</span> 
     </span>
    </p>
   </div>
   <div class='ocr_carea' id='block_1_106' title="bbox 1058 2287 1848 2322">
    <p class='ocr_par' dir='ltr' id='par_1_106' title="bbox 1058 2287 1848 2322">
     <span class='ocr_line' id='line_1_106' title="bbox 1058 2287 1848 2322; baseline 0.001 -8"><span class='ocrx_word' id='word_1_708' title='bbox 1058 2287 1241 2322; x_wconf 82' lang='lat' dir='ltr'><strong>conjungitur,</strong></span> <span class='ocrx_word' id='word_1_709' title='bbox 1254 2293 1381 2314; x_wconf 82' lang='lat' dir='ltr'><strong>naturam</strong></span> <span class='ocrx_word' id='word_1_710' title='bbox 1396 2287 1480 2321; x_wconf 88' lang='lat' dir='ltr'><strong>ipsius</strong></span> <span class='ocrx_word' id='word_1_711' title='bbox 1494 2287 1572 2321; x_wconf 81' lang='lat' dir='ltr'><strong>longe</strong></span> <span class='ocrx_word' id='word_1_712' title='bbox 1587 2294 1727 2320; x_wconf 84' lang='lat' dir='ltr'><strong>superare.</strong></span> <span class='ocrx_word' id='word_1_713' title='bbox 1740 2288 1848 2315; x_wconf 78' lang='lat' dir='ltr'><strong>Secun—</strong></span> 
     </span>
    </p>
   </div>
   <div class='ocr_carea' id='block_1_107' title="bbox 1058 2333 1848 2371">
    <p class='ocr_par' dir='ltr' id='par_1_107' title="bbox 1058 2333 1848 2371">
     <span class='ocr_line' id='line_1_107' title="bbox 1058 2333 1848 2371; baseline 0.005 -11"><span class='ocrx_word' id='word_1_714' title='bbox 1058 2333 1121 2360; x_wconf 90' lang='lat' dir='ltr'><strong>dum</strong></span> <span class='ocrx_word' id='word_1_715' title='bbox 1138 2334 1209 2361; x_wconf 87' lang='lat' dir='ltr'><strong>hanc</strong></span> <span class='ocrx_word' id='word_1_716' title='bbox 1224 2335 1315 2370; x_wconf 90' lang='lat' dir='ltr'><strong>itaque</strong></span> <span class='ocrx_word' id='word_1_717' title='bbox 1330 2335 1455 2362; x_wconf 90' lang='lat' dir='ltr'><strong>unionem</strong></span> <span class='ocrx_word' id='word_1_718' title='bbox 1471 2335 1562 2362; x_wconf 88' lang='lat' dir='ltr'><strong>divina</strong></span> <span class='ocrx_word' id='word_1_719' title='bbox 1583 2335 1628 2362; x_wconf 82' lang='lat' dir='ltr'><strong>illa</strong></span> <span class='ocrx_word' id='word_1_720' title='bbox 1646 2335 1759 2371; x_wconf 84' lang='lat' dir='ltr'><strong>mystica</strong></span> <span class='ocrx_word' id='word_1_721' title='bbox 1779 2342 1848 2364; x_wconf 87' lang='lat' dir='ltr'><strong>Stllll</strong></span> 
     </span>
    </p>
   </div>
   <div class='ocr_carea' id='block_1_108' title="bbox 1059 2379 1847 2415">
    <p class='ocr_par' dir='ltr' id='par_1_108' title="bbox 1059 2379 1847 2415">
     <span class='ocr_line' id='line_1_108' title="bbox 1059 2379 1847 2415; baseline 0.005 -10"><span class='ocrx_word' id='word_1_722' title='bbox 1059 2379 1244 2415; x_wconf 83' lang='lat' dir='ltr'><strong>intelligenda,</strong></span> <span class='ocrx_word' id='word_1_723' title='bbox 1269 2389 1321 2408; x_wconf 90' lang='lat' dir='ltr'><strong>non</strong></span> <span class='ocrx_word' id='word_1_724' title='bbox 1346 2388 1421 2407; x_wconf 90' lang='lat' dir='ltr'><strong>more</strong></span> <span class='ocrx_word' id='word_1_725' title='bbox 1447 2385 1551 2412; x_wconf 90' lang='lat' dir='ltr'><strong>nostro,</strong></span> <span class='ocrx_word' id='word_1_726' title='bbox 1568 2380 1615 2408; x_wconf 88' lang='lat' dir='ltr'><strong>sed</strong></span> <span class='ocrx_word' id='word_1_727' title='bbox 1639 2386 1773 2415; x_wconf 86' lang='lat' dir='ltr'><strong>quatenus</strong></span> <span class='ocrx_word' id='word_1_728' title='bbox 1793 2390 1847 2409; x_wconf 91' lang='lat' dir='ltr'><strong>nos</strong></span> 
     </span>
    </p>
   </div>
   <div class='ocr_carea' id='block_1_109' title="bbox 1058 2425 1845 2459">
    <p class='ocr_par' dir='ltr' id='par_1_109' title="bbox 1058 2425 1845 2459">
     <span class='ocr_line' id='line_1_109' title="bbox 1058 2425 1845 2459; baseline 0.004 -7"><span class='ocrx_word' id='word_1_729' title='bbox 1058 2425 1106 2459; x_wconf 89' lang='lat' dir='ltr'><strong>ipsi</strong></span> <span class='ocrx_word' id='word_1_730' title='bbox 1132 2430 1202 2453; x_wconf 92' lang='lat' dir='ltr'><strong>totos</strong></span> <span class='ocrx_word' id='word_1_731' title='bbox 1218 2434 1267 2454; x_wconf 92' lang='lat' dir='ltr'><strong>nos</strong></span> <span class='ocrx_word' id='word_1_732' title='bbox 1286 2434 1299 2453; x_wconf 88' lang='lat' dir='ltr'><strong>a</strong></span> <span class='ocrx_word' id='word_1_733' title='bbox 1317 2427 1396 2453; x_wconf 88' lang='lat' dir='ltr'><strong>nobis</strong></span> <span class='ocrx_word' id='word_1_734' title='bbox 1422 2426 1542 2454; x_wconf 86' lang='lat' dir='ltr'><strong>totaliter</strong></span> <span class='ocrx_word' id='word_1_735' title='bbox 1559 2427 1725 2459; x_wconf 87' lang='lat' dir='ltr'><strong>abdicamus,</strong></span> <span class='ocrx_word' id='word_1_736' title='bbox 1750 2432 1777 2454; x_wconf 91' lang='lat' dir='ltr'><strong>et</strong></span> <span class='ocrx_word' id='word_1_737' title='bbox 1793 2429 1845 2455; x_wconf 92' lang='lat' dir='ltr'><strong>toti</strong></span> 
     </span>
    </p>
   </div>
   <div class='ocr_carea' id='block_1_110' title="bbox 1057 2474 1847 2509">
    <p class='ocr_par' dir='ltr' id='par_1_110' title="bbox 1057 2474 1847 2509">
     <span class='ocr_line' id='line_1_110' title="bbox 1057 2474 1847 2509; baseline 0.004 -10"><span class='ocrx_word' id='word_1_738' title='bbox 1057 2475 1201 2501; x_wconf 87' lang='lat' dir='ltr'><strong>transimus</strong></span> <span class='ocrx_word' id='word_1_739' title='bbox 1219 2474 1244 2501; x_wconf 92' lang='lat' dir='ltr'><strong>in</strong></span> <span class='ocrx_word' id='word_1_740' title='bbox 1271 2474 1367 2505; x_wconf 82' lang='lat' dir='ltr'><strong>Deum,</strong></span> <span class='ocrx_word' id='word_1_741' title='bbox 1389 2478 1417 2500; x_wconf 90' lang='lat' dir='ltr'><strong>ut</strong></span> <span class='ocrx_word' id='word_1_742' title='bbox 1441 2482 1502 2501; x_wconf 91' lang='lat' dir='ltr'><strong>eum</strong></span> <span class='ocrx_word' id='word_1_743' title='bbox 1518 2474 1646 2509; x_wconf 88' lang='lat' dir='ltr'><strong>Apostolo</strong></span> <span class='ocrx_word' id='word_1_744' title='bbox 1674 2483 1736 2502; x_wconf 88' lang='lat' dir='ltr'><strong>vere</strong></span> <span class='ocrx_word' id='word_1_745' title='bbox 1750 2475 1847 2503; x_wconf 87' lang='lat' dir='ltr'><strong>dicere</strong></span> 
     </span>
    </p>
   </div>
   <div class='ocr_carea' id='block_1_111' title="bbox 1055 2518 1845 2555">
    <p class='ocr_par' dir='ltr' id='par_1_111' title="bbox 1055 2518 1845 2555">
     <span class='ocr_line' id='line_1_111' title="bbox 1055 2518 1845 2555; baseline 0 -9"><span class='ocrx_word' id='word_1_746' title='bbox 1055 2519 1211 2554; x_wconf 88' lang='lat' dir='ltr'><strong>possitnus:</strong></span> <span class='ocrx_word' id='word_1_747' title='bbox 1234 2518 1296 2546; x_wconf 75' lang='lat' dir='ltr'><strong>Vivo</strong></span> <span class='ocrx_word' id='word_1_748' title='bbox 1319 2526 1378 2553; x_wconf 86' lang='lat' dir='ltr'><strong>ego,</strong></span> <span class='ocrx_word' id='word_1_749' title='bbox 1394 2519 1453 2554; x_wconf 78' lang='lat' dir='ltr'><strong>jam</strong></span> <span class='ocrx_word' id='word_1_750' title='bbox 1463 2527 1512 2555; x_wconf 82' lang='lat' dir='ltr'><strong>non</strong></span> <span class='ocrx_word' id='word_1_751' title='bbox 1526 2528 1584 2555; x_wconf 77' lang='lat' dir='ltr'><strong>ego,</strong></span> <span class='ocrx_word' id='word_1_752' title='bbox 1607 2521 1665 2547; x_wconf 82' lang='lat' dir='ltr'><strong>vivit</strong></span> <span class='ocrx_word' id='word_1_753' title='bbox 1684 2528 1742 2547; x_wconf 82' lang='lat' dir='ltr'><strong>vero</strong></span> <span class='ocrx_word' id='word_1_754' title='bbox 1753 2520 1779 2546; x_wconf 84' lang='lat' dir='ltr'><strong>in</strong></span> <span class='ocrx_word' id='word_1_755' title='bbox 1801 2528 1845 2546; x_wconf 84' lang='lat' dir='ltr'><strong>me</strong></span> 
     </span>
    </p>
   </div>
   <div class='ocr_carea' id='block_1_112' title="bbox 1055 2564 1844 2599">
    <p class='ocr_par' dir='ltr' id='par_1_112' title="bbox 1055 2564 1844 2599">
     <span class='ocr_line' id='line_1_112' title="bbox 1055 2564 1844 2599; baseline 0 -8"><span class='ocrx_word' id='word_1_756' title='bbox 1055 2565 1175 2592; x_wconf 78' lang='lat' dir='ltr'><strong>Christus</strong></span> <span class='ocrx_word' id='word_1_757' title='bbox 1190 2565 1222 2591; x_wconf 86' lang='lat'><strong>“.</strong></span> <span class='ocrx_word' id='word_1_758' title='bbox 1245 2564 1309 2597; x_wconf 70' lang='lat' dir='ltr'><strong>Quae</strong></span> <span class='ocrx_word' id='word_1_759' title='bbox 1325 2572 1376 2591; x_wconf 82' lang='lat' dir='ltr'><strong>vox</strong></span> <span class='ocrx_word' id='word_1_760' title='bbox 1392 2570 1432 2591; x_wconf 86' lang='lat' dir='ltr'><strong>est</strong></span> <span class='ocrx_word' id='word_1_761' title='bbox 1447 2565 1501 2591; x_wconf 85' lang='lat' dir='ltr'><strong>veri</strong></span> <span class='ocrx_word' id='word_1_762' title='bbox 1524 2566 1653 2593; x_wconf 89' lang='lat' dir='ltr'><strong>amatoris</strong></span> <span class='ocrx_word' id='word_1_763' title='bbox 1676 2566 1721 2599; x_wconf 92' lang='lat' dir='ltr'><strong>qui</strong></span> <span class='ocrx_word' id='word_1_764' title='bbox 1742 2572 1844 2591; x_wconf 62' lang='lat' dir='ltr'><strong>cxcesv-</strong></span> 
     </span>
    </p>
   </div>
   <div class='ocr_carea' id='block_1_113' title="bbox 1053 2611 1843 2646">
    <p class='ocr_par' dir='ltr' id='par_1_113' title="bbox 1053 2611 1843 2646">
     <span class='ocr_line' id='line_1_113' title="bbox 1053 2611 1843 2646; baseline -0.001 -8"><span class='ocrx_word' id='word_1_765' title='bbox 1053 2617 1127 2639; x_wconf 86' lang='lat' dir='ltr'><strong>serat</strong></span> <span class='ocrx_word' id='word_1_766' title='bbox 1141 2619 1156 2639; x_wconf 90' lang='lat' dir='ltr'><strong>c</strong></span> <span class='ocrx_word' id='word_1_767' title='bbox 1171 2619 1200 2639; x_wconf 90' lang='lat' dir='ltr'><strong>se</strong></span> <span class='ocrx_word' id='word_1_768' title='bbox 1220 2612 1285 2644; x_wconf 86' lang='lat' dir='ltr'><strong>Deo,</strong></span> <span class='ocrx_word' id='word_1_769' title='bbox 1301 2616 1328 2639; x_wconf 90' lang='lat' dir='ltr'><strong>et</strong></span> <span class='ocrx_word' id='word_1_770' title='bbox 1343 2619 1397 2638; x_wconf 93' lang='lat' dir='ltr'><strong>non</strong></span> <span class='ocrx_word' id='word_1_771' title='bbox 1408 2611 1464 2646; x_wconf 89' lang='lat' dir='ltr'><strong>jam</strong></span> <span class='ocrx_word' id='word_1_772' title='bbox 1481 2613 1565 2639; x_wconf 87' lang='lat' dir='ltr'><strong>vitam</strong></span> <span class='ocrx_word' id='word_1_773' title='bbox 1578 2620 1665 2644; x_wconf 88' lang='lat' dir='ltr'><strong>suam,</strong></span> <span class='ocrx_word' id='word_1_774' title='bbox 1681 2612 1726 2638; x_wconf 90' lang='lat' dir='ltr'><strong>sed</strong></span> <span class='ocrx_word' id='word_1_775' title='bbox 1743 2611 1843 2644; x_wconf 86' lang='lat' dir='ltr'><strong>amati,</strong></span> 
     </span>
    </p>
   </div>
   <div class='ocr_carea' id='block_1_114' title="bbox 1054 2655 1844 2693">
    <p class='ocr_par' dir='ltr' id='par_1_114' title="bbox 1054 2655 1844 2693">
     <span class='ocr_line' id='line_1_114' title="bbox 1054 2655 1844 2693; baseline -0.001 -7"><span class='ocrx_word' id='word_1_776' title='bbox 1054 2662 1182 2693; x_wconf 89' lang='lat' dir='ltr'><strong>tanquam</strong></span> <span class='ocrx_word' id='word_1_777' title='bbox 1212 2659 1387 2686; x_wconf 88' lang='lat' dir='ltr'><strong>vehementer</strong></span> <span class='ocrx_word' id='word_1_778' title='bbox 1412 2658 1558 2692; x_wconf 89' lang='lat' dir='ltr'><strong>dilectam,</strong></span> <span class='ocrx_word' id='word_1_779' title='bbox 1594 2657 1720 2684; x_wconf 85' lang='lat' dir='ltr'><strong>viventis.</strong></span> <span class='ocrx_word' id='word_1_780' title='bbox 1745 2655 1844 2691; x_wconf 84' lang='lat' dir='ltr'><strong>itaque</strong></span> 
     </span>
    </p>
   </div>
   <div class='ocr_carea' id='block_1_115' title="bbox 1052 2703 1841 2740">
    <p class='ocr_par' dir='ltr' id='par_1_115' title="bbox 1052 2703 1841 2740">
     <span class='ocr_line' id='line_1_115' title="bbox 1052 2703 1841 2740; baseline 0.003 -12"><span class='ocrx_word' id='word_1_781' title='bbox 1052 2703 1131 2738; x_wconf 84' lang='lat' dir='ltr'><strong>longe</strong></span> <span class='ocrx_word' id='word_1_782' title='bbox 1146 2708 1257 2738; x_wconf 73' lang='lat' dir='ltr'><strong>priestat</strong></span> <span class='ocrx_word' id='word_1_783' title='bbox 1275 2712 1323 2732; x_wconf 94' lang='lat' dir='ltr'><strong>nos</strong></span> <span class='ocrx_word' id='word_1_784' title='bbox 1341 2704 1386 2732; x_wconf 87' lang='lat' dir='ltr'><strong>Dei</strong></span> <span class='ocrx_word' id='word_1_785' title='bbox 1403 2712 1464 2732; x_wconf 89' lang='lat' dir='ltr'><strong>esse</strong></span> <span class='ocrx_word' id='word_1_786' title='bbox 1479 2712 1558 2740; x_wconf 87' lang='lat' dir='ltr'><strong>quam</strong></span> <span class='ocrx_word' id='word_1_787' title='bbox 1575 2708 1698 2734; x_wconf 84' lang='lat' dir='ltr'><strong>nostros;</strong></span> <span class='ocrx_word' id='word_1_788' title='bbox 1711 2703 1750 2729; x_wconf 88' lang='lat' dir='ltr'><strong>sic</strong></span> <span class='ocrx_word' id='word_1_789' title='bbox 1762 2703 1841 2730; x_wconf 90' lang='lat' dir='ltr'><strong>enim</strong></span> 
     </span>
    </p>
   </div>
   <div class='ocr_carea' id='block_1_116' title="bbox 1052 2748 1843 2785">
    <p class='ocr_par' dir='ltr' id='par_1_116' title="bbox 1052 2748 1843 2785">
     <span class='ocr_line' id='line_1_116' title="bbox 1052 2748 1843 2785; baseline 0.001 -9"><span class='ocrx_word' id='word_1_790' title='bbox 1052 2750 1143 2777; x_wconf 86' lang='lat' dir='ltr'><strong>divina</strong></span> <span class='ocrx_word' id='word_1_791' title='bbox 1160 2751 1239 2778; x_wconf 87' lang='lat' dir='ltr'><strong>nobis</strong></span> <span class='ocrx_word' id='word_1_792' title='bbox 1261 2751 1319 2778; x_wconf 86' lang='lat' dir='ltr'><strong>dari</strong></span> <span class='ocrx_word' id='word_1_793' title='bbox 1337 2755 1473 2785; x_wconf 85' lang='lat' dir='ltr'><strong>poterunt,</strong></span> <span class='ocrx_word' id='word_1_794' title='bbox 1500 2751 1522 2778; x_wconf 91' lang='lat' dir='ltr'><strong>si</strong></span> <span class='ocrx_word' id='word_1_795' title='bbox 1550 2757 1611 2777; x_wconf 91' lang='lat' dir='ltr'><strong>cum</strong></span> <span class='ocrx_word' id='word_1_796' title='bbox 1634 2749 1687 2776; x_wconf 87' lang='lat' dir='ltr'><strong>Deo</strong></span> <span class='ocrx_word' id='word_1_797' title='bbox 1704 2748 1843 2777; x_wconf 85' lang='lat' dir='ltr'><strong>fuerimus</strong></span> 
     </span>
    </p>
   </div>
   <div class='ocr_carea' id='block_1_117' title="bbox 1274 2836 1840 2875">
    <p class='ocr_par' dir='ltr' id='par_1_117' title="bbox 1274 2836 1840 2875">
     <span class='ocr_line' id='line_1_117' title="bbox 1274 2836 1840 2875; baseline -0.007 -8"><span class='ocrx_word' id='word_1_798' title='bbox 1274 2842 1284 2857; x_wconf 86' lang='grc'><strong>⁷</strong></span> <span class='ocrx_word' id='word_1_799' title='bbox 1302 2840 1375 2867; x_wconf 78' lang='lat' dir='ltr'><strong>Eccl.</strong></span> <span class='ocrx_word' id='word_1_800' title='bbox 1389 2841 1467 2870; x_wconf 82' lang='lat' dir='ltr'><strong>liier..</strong></span> <span class='ocrx_word' id='word_1_801' title='bbox 1490 2846 1549 2875; x_wconf 64' lang='lat' dir='ltr'><strong>cap.</strong></span> <span class='ocrx_word' id='word_1_802' title='bbox 1563 2839 1590 2872; x_wconf 83' lang='lat'><strong>5,</strong></span> <span class='ocrx_word' id='word_1_803' title='bbox 1619 2838 1688 2875; x_wconf 64' lang='grc' dir='ltr'><strong>ΞΗ.</strong></span> <span class='ocrx_word' id='word_1_804' title='bbox 1726 2839 1737 2856; x_wconf 80' lang='grc'>⁸</span> <span class='ocrx_word' id='word_1_805' title='bbox 1749 2836 1840 2871; x_wconf 53' lang='lat' dir='ltr'><strong>Mitt,</strong></span> 
     </span>
    </p>
   </div>
   <div class='ocr_carea' id='block_1_118' title="bbox 1062 2841 1510 2908">
    <p class='ocr_par' dir='ltr' id='par_1_118' title="bbox 1062 2841 1510 2908">
     <span class='ocr_line' id='line_1_118' title="bbox 1062 2841 1510 2877; baseline -0.002 -9"><span class='ocrx_word' id='word_1_806' title='bbox 1062 2842 1072 2858; x_wconf 70' lang='grc'>⁸</span> <span class='ocrx_word' id='word_1_807' title='bbox 1083 2841 1162 2869; x_wconf 80' lang='lat' dir='ltr'><strong>Joan.</strong></span> <span class='ocrx_word' id='word_1_808' title='bbox 1176 2849 1196 2872; x_wconf 86' lang='grc' dir='ltr'>ι,</span> <span class='ocrx_word' id='word_1_809' title='bbox 1208 2841 1234 2868; x_wconf 87' lang='grc'>9.</span> <span class='ocrx_word' id='word_1_810' title='bbox 1274 2842 1284 2857; x_wconf 86' lang='grc'><strong>⁷</strong></span> <span class='ocrx_word' id='word_1_811' title='bbox 1302 2841 1375 2867; x_wconf 78' lang='lat' dir='ltr'><strong>Eccl.</strong></span> <span class='ocrx_word' id='word_1_812' title='bbox 1389 2841 1467 2870; x_wconf 82' lang='lat' dir='ltr'><strong>In&#39;er..</strong></span> <span class='ocrx_word' id='word_1_813' title='bbox 1490 2846 1510 2877; x_wconf 55' lang='grc' dir='ltr'><strong>ελ</strong></span> 
     </span>
     <span class='ocr_line' id='line_1_119' title="bbox 1066 2876 1497 2908; baseline -0.007 -4"><span class='ocrx_word' id='word_1_814' title='bbox 1066 2897 1085 2908; x_wconf 89' lang='grc'><strong>.,</strong></span> <span class='ocrx_word' id='word_1_815' title='bbox 1098 2885 1156 2908; x_wconf 78' lang='lat' dir='ltr'><strong>cap.</strong></span> <span class='ocrx_word' id='word_1_816' title='bbox 1170 2877 1196 2908; x_wconf 88' lang='lat'><strong>7,</strong></span> <span class='ocrx_word' id='word_1_817' title='bbox 1210 2876 1224 2908; x_wconf 90' lang='lat'>§</span> <span class='ocrx_word' id='word_1_818' title='bbox 1238 2876 1260 2904; x_wconf 88' lang='grc' dir='ltr'>ι.</span> <span class='ocrx_word' id='word_1_819' title='bbox 1301 2876 1321 2892; x_wconf 78' lang='grc'>¹¹</span> <span class='ocrx_word' id='word_1_820' title='bbox 1334 2876 1393 2904; x_wconf 86' lang='lat' dir='ltr'><strong>Gal.</strong></span> <span class='ocrx_word' id='word_1_821' title='bbox 1408 2883 1438 2908; x_wconf 87' lang='lat' dir='ltr'><strong>ll,</strong></span> <span class='ocrx_word' id='word_1_822' title='bbox 1453 2876 1497 2903; x_wconf 77' lang='lat'><strong>20.</strong></span> 
     </span>
    </p>
   </div>
  </div>
