1925 3070
80 127 131 156 105

753 123 1017 152 PROLEGOMENA.

1638 120 1689 149 106

77 187 225 223 conjuncti.
250 187 326 215 Hanc
347 192 438 215 autem
463 186 585 214 intimam
600 185 819 221 coniunctionem
834 187 856 202 "
870 189 893 217 Α
908 186 991 213 Deum
1018 191 1079 212 cum
1111 188 1202 210 amore
1228 180 1331 214 integre
1354 179 1504 212 convertit,
1540 178 1692 213 incompre-

78 227 244 270 acquiriinus
262 241 309 270 per
324 234 412 261 vivam
425 233 517 266 iidem,
526 240 586 267 quae
596 238 638 260 est
653 237 782 260 constans
794 232 858 260 tide-

77 280 142 308 lium
156 280 366 313 ﬁrmamentum,
381 285 409 307 et
424 279 519 307 fundat
534 286 583 306 nos
596 279 622 305 in
638 278 765 310 Veritate,
778 283 859 313 atque

78 327 106 354 in
135 327 214 354 nobis
236 326 389 357 veritatem.
417 326 480 353 dum
503 324 697 352 indissuasibili
720 324 859 351 identilate

77 372 228 406 simplicem
252 371 376 399 veritatis
398 371 582 405 cognitionem
599 370 752 398 obtinemus
769 377 859 397 rerum

77 417 284 445 credendarum.
308 416 376 443 Nam
401 416 423 443 si
449 416 568 451 cognitio
593 423 636 443 res
659 416 783 449 cognitas
798 423 858 443 cum

78 464 304 499 cognoscentibus
318 464 389 495 unit,
407 463 540 498 ignoratio
551 470 616 490 vero
629 462 763 497 ignoranti
776 470 859 491 causa

77 514 119 537 est
126 514 155 536 ttt
163 516 269 544 semper
277 514 372 542 mutet,
383 514 465 541 atque
472 517 487 536 a
497 509 791 543 semetipsodiscrepet.
798 516 859 536 eum

77 556 121 590 qui
132 556 219 584 credit
231 557 256 584 in
273 556 483 590 veritate,juxta
497 556 678 591 Scripturam,
693 556 759 583 nihil
770 565 784 583 a
796 563 860 584 vero

78 602 141 630 iidei
154 601 329 630 fundamento
341 600 497 634 dimovebit,
512 602 538 628 in
549 609 603 636 quo
617 601 796 628 constantiam
812 602 861 628 ha-

77 647 300 675 bebitimmobilis
307 652 334 675 et
342 647 516 674 immutabilis
524 647 682 674 identitatis.
690 647 777 674 Probe
786 655 861 674 uatu-

76 698 130 725 que
138 691 342 726 novitquisquis
354 692 445 719 unitus
453 696 494 719 est
502 691 621 724 veritati,
634 699 714 726 quam
723 692 790 720 bene
802 700 861 720 sese

79 736 189 768 habeat,
204 738 328 772 quamvis
342 745 404 764 ettm
424 737 501 764 multi
516 742 546 765 ut
568 742 706 765 amentem
733 743 859 773 arguant.

76 782 156 810 Latet
169 783 239 810 enim
254 783 323 815 illos,
337 783 376 810 uti
403 790 452 817 par
476 789 528 815 est,
550 790 613 810 eum
640 790 689 817 per
712 790 783 810 verte
799 783 860 810 ildei

77 829 218 857 veritatem
248 836 280 856 ex
306 837 398 857 errore
415 828 661 863 excessissezipse
683 834 773 856 autem
797 836 861 856 vere

76 874 153 902 novit
165 881 195 901 se
210 881 272 907 non,
298 879 327 901 ut
351 874 387 901 illi
416 874 581 907 fabulantur,
609 874 740 907 insanire,
756 874 803 901 sed
827 874 860 900 ab
876 864 897 891 Β

76 919 197 947 instabili
219 919 396 954 mutabilique
421 921 576 947 omnimode
589 920 706 947 errantis
721 920 860 947 varietatis

76 965 215 997 motione,
243 972 291 999 per
316 964 466 998 simplicem
489 965 560 991 circa
584 965 679 992 eadem
708 972 814 999 semper
834 969 861 992 et

75 1011 170 1038 eodem
186 1011 264 1038 modo
276 1018 305 1038 se
320 1010 462 1038 habentem
479 1011 619 1038 veritatem
632 1018 692 1038 esse
706 1010 858 1038 liberatum.

75 1056 134 1083 Hoc
147 1055 226 1084 modo
241 1056 320 1091 primi
336 1056 434 1083 divina:
451 1057 591 1092 sapientia:
610 1062 710 1084 nostra:
723 1057 860 1090 professo-

76 1109 122 1129 res
134 1109 183 1136 pro
199 1102 312 1129 veritate
326 1102 445 1136 quottdie
458 1102 653 1135 moriebantur,
672 1103 858 1134 testiﬁcantes,

76 1148 118 1174 uti
130 1155 178 1183 par
192 1153 243 1181 est,
261 1152 289 1175 et
301 1156 426 1175 sermone
442 1152 470 1176 et
492 1156 584 1183 opere,
607 1148 772 1183 singularem
787 1149 859 1176 illam

75 1192 238 1220 Christiana:
260 1193 383 1221 veritatis
397 1193 576 1229 agnitionem,
590 1194 711 1220 omniunt
726 1201 785 1221 esse
799 1198 859 1221 eum

76 1239 322 1274 simplicissitnam,
339 1244 395 1266 tutu
412 1239 622 1273 divinissimam;
649 1239 704 1266 imo
727 1239 817 1274 potius
838 1239 860 1254 “

76 1284 150 1312 hanc
176 1284 260 1312 solam
292 1292 352 1312 esse
379 1292 472 1312 veram
498 1289 580 1319 atque
602 1285 709 1312 unicam
731 1284 860 1320 simplicis

76 1330 126 1356 Dei
143 1331 277 1358 notitiam.
289 1330 338 1358 Est
351 1331 422 1358 enim
436 1330 601 1358 divinissima
618 1331 664 1358 Dei
689 1331 783 1358 notitia
802 1338 861 1366 quae

76 1383 127 1412 per
153 1376 331 1404 nescictttiam
355 1376 503 1412 accipitur,
534 1377 681 1405 secundum
704 1376 787 1409 illaut,
803 1383 861 1412 quae

75 1430 160 1458 supra
184 1422 348 1463 intellectum
366 1427 424 1455 est,
445 1423 582 1456 unionem,
599 1422 707 1458 quando
731 1423 860 1450 nimirum

76 1476 156 1496 mens
174 1476 188 1496 a
206 1462 286 1496 rebus
308 1469 436 1495 omnibus
456 1469 595 1501 recedens,
620 1476 652 1496 ac
665 1473 746 1495 totam
762 1473 862 1496 semet-

75 1516 164 1550 ipsum
188 1515 328 1548 deserens,
351 1515 467 1550 desuper
486 1514 647 1550 fulgentibus
661 1515 744 1542 radiis
758 1514 858 1547 ttnitur,

74 1564 176 1598 quibus
190 1565 216 1591 in
242 1564 288 1591 illo
304 1563 472 1591 inscrutabili
490 1563 630 1598 sapientiae
657 1562 790 1598 profundo
804 1563 861 1591 col-

73 1609 219 1638 lustratur.

363 1678 475 1707 CAPUT
495 1678 551 1706 VII.

75 1748 217 1781 Quomodo
236 1747 365 1775 mirabilis
385 1747 432 1774 illa
455 1748 571 1783 mysticis
591 1747 727 1782 theologiw
753 1747 815 1775 unio
834 1748 861 1774 in

337 1783 425 1809 anima
441 1783 607 1818 perﬁciatur.

114 1838 332 1866 Sublimissimus
347 1847 439 1867 rerum
457 1840 632 1875 tnysticarum
646 1838 794 1873 interpres,
808 1838 862 1866 Lu-

72 1884 191 1911 dovicus
221 1882 347 1915 Blosius,
380 1883 406 1910 in
432 1882 600 1910 Institutione
627 1891 675 1911 sua
707 1883 859 1917 spiritualt',

71 1937 139 1964 cap.
159 1929 210 1961 12,
228 1928 242 1965 ς
266 1929 293 1961 2,
309 1929 400 1956 divina
425 1937 539 1964 prorsus
559 1929 664 1957 ratione
686 1930 766 1962 hanc,
781 1937 860 1963 quam

71 1979 207 2008 expertus
225 1975 326 2007 fuerat,
350 1975 470 2010 mysticae
500 1975 641 2010 theologia:
664 1975 790 2002 unionem
815 1976 862 2002 de-

71 2021 213 2054 scribens,
228 2020 314 2053 Felix,
339 2020 437 2055 inquit,
465 2020 510 2047 illa
540 2021 641 2053 anima,
668 2029 728 2056 quae
750 2021 859 2056 puritati

72 2067 180 2098 cordis,
200 2070 355 2100 sanctasque
376 2065 568 2093 introversioni
589 2066 691 2100 jttgiter
711 2065 813 2098 studet,
833 2070 862 2093 et

72 2112 183 2148 privato
196 2112 293 2144 amori,
308 2119 356 2139 seu
380 2111 494 2146 propriae
516 2112 666 2145 voluntati,
691 2113 861 2147 propriaeque

73 2158 232 2194 (ιιιεείιίοηὶ
255 2165 368 2192 prorsus
389 2157 537 2184 renuntiat.
558 2157 621 2184 llmo
643 2158 715 2185 enim
731 2158 817 2192 magis
829 2165 862 2186 ac

74 2204 167 2238 magis
181 2203 236 2230 Deo
250 2203 468 2238 appropinquare
492 2207 623 2230 meretur.
649 2202 769 2230 Tandem
797 2210 861 2230 vero

908 229 1034 258 hensibili
1050 229 1109 256 luce
1124 228 1149 254 in
1163 226 1274 254 fundum
1290 225 1350 259 ejus
1367 223 1521 259 edulgente,
1536 225 1650 252 rationis
1663 229 1691 252 et

908 275 1062 303 intellectus
1087 273 1181 301 oculus
1202 271 1391 299 reverberatns
1419 270 1517 305 ealigat
1541 278 1548 297 :
1576 271 1691 305 simplex.

908 329 972 348 vero
988 321 1070 356 ipsius
1092 320 1189 346 animae
1211 317 1313 345 oculus.
1333 323 1428 351 nempe
1444 323 1521 351 pura,
1534 316 1616 348 nuda,
1631 317 1692 344 uui-

910 367 1016 399 l'ormis,
1032 371 1059 393 et
1073 373 1154 400 supra
1171 364 1341 392 intellectum
1359 363 1464 390 elevata
1477 364 1618 398 cogitatio,
1634 371 1692 390 ma-

909 417 956 440 net
970 416 1089 448 apertus.

945 458 1031 486 Porro
1050 457 1164 485 naturali
1190 457 1290 485 lumine
1305 456 1456 484 intellectus
1475 463 1490 484 a
1511 461 1586 484 tanta
1608 457 1692 484 clari-

911 510 966 532 tate
978 504 1132 535 obl'uscato,
1146 503 1238 531 anima
1258 504 1324 530 nihil
1341 503 1367 530 in
1384 507 1504 537 tempore
1520 503 1628 537 aspicit,
1643 503 1690 530 sed

911 558 992 585 supra
1013 555 1119 584 tempus
1140 554 1166 577 et
1186 549 1275 577 locutu
1295 554 1398 581 erecta,
1414 549 1561 584 quamdam
1580 549 1692 576 aeterni-

909 599 972 626 tatis
992 598 1185 633 proprietatem
1208 597 1332 624 assumit.
1357 596 1423 623 Nam
1453 597 1584 632 imagines
1594 601 1622 624 et
1637 598 1693 625 dis-

911 644 1069 671 tinctionem
1100 643 1400 677 considerationcutque
1425 651 1516 670 rerum
1548 644 1692 675 amittens,

908 689 964 725 jam
989 690 1176 724 experimento
1199 689 1288 722 discit,
1303 689 1387 716 Deum
1408 690 1485 722 longe
1501 691 1694 719 transcendere

911 743 1006 763 omnes
1029 735 1195 770 corporales,
1219 735 1373 770 spiritualos
1398 741 1479 772 atque
1498 737 1603 765 divlnas
1626 738 1693 765 ima-

912 782 998 816 gines,
1015 785 1043 808 et
1061 781 1192 816 quidquid
1215 781 1352 808 intellectu
1365 782 1545 816 apprehendi,
1561 784 1692 818 quidquid

912 827 945 854 de
960 827 1013 853 Deo
1035 826 1088 854 dici
1110 826 1239 860 scriltive,
1260 827 1388 862 quidquid
1407 828 1524 855 nominis
1547 829 1570 856 ci
1592 830 1690 863 imponi

913 877 1014 907 potest,
1028 872 1101 899 clare
1113 869 1241 907 perspicit
1254 872 1315 899 talin
1328 873 1417 900 omnia
1436 881 1449 900 a
1467 875 1581 901 veritate
1595 875 1693 902 divina:

911 917 1035 944 essentiae
1049 917 1074 944 in
1090 917 1224 944 infinitum
1240 917 1353 951 distare,
1366 918 1400 944 ob
1417 918 1496 952 idque
1509 919 1630 946 camdcm
1647 927 1693 947 es-

911 963 1027 990 sentiam
1051 963 1270 990 iunontinabiletn
1294 971 1363 990 esse.
1385 963 1491 995 ignorat
1514 968 1603 991 tamen
1628 966 1691 999 qttid

911 1010 948 1036 sit
970 1009 1051 1042 Deus,
1077 1016 1156 1043 quem
1181 1010 1274 1036 sentit.
1297 1008 1366 1036 Hinc
1389 1010 1599 1044 prmeognitione
1621 1011 1691 1038 facta

910 1055 969 1081 sine
983 1054 1146 1089 cognitione,
1164 1054 1190 1080 in
1211 1054 1269 1081 solo
1292 1054 1413 1087 amabili,
1437 1056 1518 1088 nudo,
1533 1056 1650 1091 simplici
1665 1063 1693 1084 et

911 1101 1004 1135 ignoto
1018 1101 1073 1128 Deo
1087 1100 1214 1136 quiescit.
1231 1100 1288 1128 Lux
1304 1102 1404 1136 quippe
1417 1102 1507 1129 divina
1525 1108 1635 1138 propter
1648 1104 1691 1131 ni-

910 1148 991 1174 miam
1006 1148 1047 1174 sui
1059 1147 1209 1174 claritatem
1219 1148 1416 1176 inacoessibilis
1429 1153 1470 1176 est
1487 1158 1494 1176 :
1508 1150 1580 1177 unde
1594 1154 1623 1178 et
1645 1159 1692 1178 ca-

910 1193 962 1228 ligo
978 1193 1136 1227 appellatur.
1152 1193 1270 1229 Suscipit
1282 1194 1327 1221 hic
1344 1195 1432 1221 anima
1446 1196 1555 1222 verbutn
1575 1196 1692 1223 abscon-

909 1237 1006 1270 ditum,
1030 1239 1102 1274 qttod
1127 1239 1196 1266 Deus
1224 1239 1249 1266 in
1276 1239 1381 1267 interno
1406 1240 1513 1268 silentio
1537 1245 1563 1268 et
1589 1247 1693 1270 secreto

911 1285 1010 1312 tuentis
1029 1292 1137 1312 recessu
1156 1285 1284 1319 loqttitur.
1300 1285 1355 1313 lloc
1376 1287 1500 1321 suscipit,
1516 1292 1597 1322 atque
1612 1289 1693 1316 unio-

910 1330 952 1358 nis
980 1331 1101 1366 mystica:
1127 1331 1296 1366 complexum
1325 1332 1442 1359 feliciter
1468 1336 1614 1368 experitur.
1641 1335 1692 1363 Ubi

910 1377 982 1404 enim
998 1376 1167 1404 intellectum
1183 1385 1330 1412 omnesque
1354 1378 1486 1414 imagines
1502 1387 1551 1414 per
1573 1388 1691 1409 amorem

911 1423 1044 1455 excessit,
1068 1428 1095 1450 et
1122 1430 1200 1457 supra
1226 1423 1398 1457 semetipsam
1427 1429 1520 1451 evecta
1544 1429 1603 1457 est,
1621 1427 1693 1460 quod

911 1468 985 1495 solus
998 1467 1066 1494 Deus
1080 1468 1103 1494 ei
1116 1463 1244 1503 priestare
1258 1473 1358 1503 potest,
1368 1469 1423 1504 jam
1433 1477 1448 1496 a
1461 1477 1489 1497 se
1502 1469 1620 1498 deﬂuens
1631 1479 1694 1506 pro»

911 1513 971 1540 iluit
981 1513 1008 1540 in
1025 1514 1106 1540 Detttn
1124 1522 1131 1540 :
1147 1518 1262 1548 tuncque
1277 1514 1347 1541 Deus
1361 1522 1412 1549 pax
1426 1520 1453 1542 et
1469 1515 1559 1543 fruitio
1573 1519 1629 1551 ejus
1639 1522 1692 1544 est.

911 1559 957 1586 llla
975 1566 1039 1594 ergo
1056 1560 1082 1585 in
1097 1559 1142 1586 tali
1156 1560 1252 1587 mentis
1265 1567 1379 1587 excessu
1393 1561 1493 1594 posita,
1503 1561 1565 1597 jure
1581 1568 1691 1591 cantat:

911 1604 944 1632 In
963 1613 1025 1639 pace
1045 1605 1073 1632 in
1093 1605 1206 1640 idipsum
1232 1605 1361 1632 dormiam
1381 1611 1406 1633 et
1426 1607 1583 1642 requiescam
1598 1609 1628 1637 ’⁵.
1642 1609 1693 1637 De-

911 1651 979 1684 tluit,
1002 1652 1122 1687 inquam,
1145 1658 1239 1678 atnans
1261 1652 1363 1684 anitna,
1379 1651 1526 1688 deﬁcitque
1548 1662 1562 1681 a
1577 1662 1605 1682 se
1623 1655 1692 1690 ipsa,

911 1702 939 1724 et
965 1697 1038 1723 velut
1065 1697 1097 1724 ad
1118 1696 1232 1723 nihilum
1256 1697 1376 1728 redacta,
1404 1699 1430 1725 in
1451 1699 1577 1735 abyssum
1598 1703 1691 1729 aeterni

911 1743 1012 1770 amoris
1030 1743 1172 1770 collabitur
1192 1753 1198 1770 :
1218 1743 1263 1769 ubi
1284 1743 1334 1770 sibi
1357 1748 1472 1778 mortua,
1491 1746 1557 1773 vivit
1578 1747 1605 1774 in
1628 1749 1692 1780 Deo,

911 1789 977 1816 nihil
997 1789 1097 1821 sciens,
1117 1789 1184 1816 nihil
1208 1789 1328 1816 sentiens
1353 1794 1451 1823 pra-ter
1474 1799 1594 1819 amorem
1612 1801 1692 1828 quem

911 1838 1009 1869 gustat.
1029 1833 1121 1861 Perdit
1135 1834 1207 1862 enim
1224 1841 1253 1861 se
1272 1834 1298 1861 in
1314 1834 1466 1862 vastissima
1482 1837 1635 1866 Divinitatis
1649 1847 1693 1866 so—

911 1879 1024 1907 litudine
1036 1884 1117 1914 atque
1132 1879 1248 1914 caligine
1263 1890 1269 1906 :
1292 1880 1340 1908 sed
1362 1881 1401 1908 sic
1421 1889 1451 1908 se
1466 1883 1587 1917 perdere,
1603 1885 1693 1918 potius

911 1933 941 1952 se
965 1926 1087 1953 invenire
1108 1930 1159 1953 est.
1183 1926 1222 1954 lbi
1247 1933 1313 1954 sane
1333 1928 1462 1963 quidquid
1484 1933 1526 1956 est
1544 1930 1691 1958 humanum

911 1978 1025 2003 exuens,
1041 1976 1069 1998 et
1080 1972 1154 2006 quod
1169 1976 1211 1999 est
1227 1972 1348 2000 divinum
1374 1973 1501 2005 induens,
1517 1975 1693 2003 transforma-

895 2054 901 2059 _
912 2022 957 2044 tur
969 2021 1219 2053 transmutaturque
1232 2018 1258 2046 in
1271 2018 1356 2046 Deum
1370 2027 1377 2046 :
1393 2019 1463 2047 sicut
1477 2020 1577 2048 ferrum
1592 2022 1618 2048 in
1632 2022 1693 2058 igne

911 2062 1028 2098 positum
1049 2062 1164 2090 formam
1187 2063 1256 2098 ignis
1279 2063 1387 2098 accipit,
1403 2067 1431 2091 et
1450 2069 1644 2093 transtnutatur
1659 2067 1692 2094 'in

912 2109 1011 2144 ignem.
1028 2107 1119 2135 Manet
1139 2113 1228 2136 tamen
1247 2109 1365 2136 essentia
1380 2109 1476 2137 animae
1497 2111 1537 2138 sic
1550 2110 1692 2145 deiﬁcatte,

910 2155 1136 2190 quemadmodum
1149 2155 1251 2182 ferrum
1263 2154 1376 2190 ignitum
1391 2162 1445 2182 non
1460 2155 1557 2184 desinit
1569 2163 1628 2184 esse
1639 2157 1694 2184 ier-

912 2207 982 2228 rum.

72 2248 263 2285 superioribus
278 2247 337 2282 ejus
360 2248 464 2275 virihtts
482 2247 573 2275 divina
596 2248 682 2282 gratia
701 2249 858 2281 sublevatis,
875 2239 898 2266 D
947 2246 1030 2281 Igitur
1054 2247 1112 2282 ipsa
1136 2246 1236 2280 anima,
1260 2254 1320 2282 qua:
1340 2247 1415 2281 prius
1434 2250 1493 2273 crat
1515 2247 1624 2282 frigida,
1639 2248 1694 2283 jam

71 2295 234 2325 clariﬁcatis
246 2299 274 2322 et
284 2293 431 2325 exornatis,
442 2294 573 2320 unitatem
586 2294 788 2328 nuditatemque
803 2295 859 2329 spi-

70 2344 146 2370 ritus
163 2341 277 2372 obtinet,
297 2344 325 2366 et
339 2348 434 2374 purum
450 2344 531 2374 atque
553 2339 716 2374 indepictum
730 2346 860 2373 amorem,

68 2387 282 2422 sitnplicemque
296 2386 488 2420 cogitationem
500 2406 508 2418 ,
531 2392 590 2420 qute
605 2385 798 2420 cogitationum
812 2393 861 2413 ex-

68 2439 138 2470 pers
153 2437 206 2465 est,
232 2431 400 2469 adipiscitur.
426 2431 484 2459 Jam
507 2431 599 2466 itaque
624 2439 685 2458 cum
705 2431 861 2459 excellentis

68 2478 277 2512 indicibilisque
288 2477 381 2512 gratias
398 2477 444 2504 Dei
460 2478 494 2504 sit
510 2485 616 2512 capax,
630 2477 664 2504 ad
680 2477 770 2504 vivum
787 2476 860 2504 illum

67 2527 178 2554 fontem
192 2524 239 2559 qui
254 2523 288 2550 ab
301 2527 402 2550 aeterno
417 2527 519 2555 manat,
533 2530 566 2550 ac
580 2528 736 2550 sanctorum
758 2527 861 2550 mentes

69 2572 143 2600 satis
155 2576 292 2605 superque
307 2568 404 2601 reiicit,
418 2569 582 2604 perducitur.
598 2568 657 2596 Jam
673 2569 742 2595 vires
754 2568 812 2603 ejus
827 2569 860 2596 ad

70 2618 162 2644 instar
187 2615 328 2643 stellarum
349 2614 449 2647 lucent,
467 2620 495 2642 et
518 2615 574 2650 ipsa
594 2615 622 2642 iit
635 2615 729 2642 idonea
741 2614 773 2641 ad
793 2621 859 2641 con-

73 2662 261 2697 templandum
285 2659 441 2688 Divinitatis
456 2661 598 2696 abyssum,
626 2668 732 2694 sereno,
747 2660 861 2695 simplici

74 2713 105 2736 et
116 2707 236 2744 iucundo
248 2707 359 2739 intuitu,
372 2706 474 2741 absque
488 2706 691 2741 imaginatione,
702 2710 730 2733 et
742 2706 801 2733 sine
813 2705 862 2732 ali-

74 2763 131 2791 qua
146 2753 301 2782 intellectus
327 2753 501 2781 admistione.
523 2753 599 2781 Unde
620 2752 728 2788 quando
748 2759 809 2780 sese
827 2752 860 2779 ad

913 2294 990 2320 ardet
1006 2303 1012 2320 :
1027 2300 1087 2327 quae
1102 2293 1178 2328 prius
1196 2297 1256 2320 erat
1274 2292 1428 2325 tenebrosa,
1448 2293 1503 2328 jatu
1522 2293 1611 2328 lucet;
1637 2303 1697 2330 qua:

913 2338 988 2373 prius
1002 2342 1061 2365 erat
1074 2338 1151 2370 dura,
1162 2339 1218 2372 jam
1234 2337 1323 2365 mollts
1341 2341 1391 2365 est.
1406 2337 1489 2365 Plane
1504 2343 1559 2366 tota
1577 2340 1698 2368 deicolor

915 2389 967 2417 est,
985 2386 1048 2420 quia
1068 2385 1186 2412 essentia
1211 2385 1270 2419 ejus
1289 2385 1405 2413 essentia
1427 2385 1473 2412 Dei
1504 2385 1613 2420 perfusa
1644 2391 1695 2413 est.

916 2429 984 2458 Tota
997 2430 1081 2457 divini
1095 2430 1198 2458 amoris
1213 2431 1274 2466 igne
1287 2435 1469 2462 concremata,
1484 2436 1596 2466 totaque
1609 2431 1697 2467 lique-

913 2475 985 2504 facta
1013 2477 1123 2504 transiit
1144 2477 1172 2504 in
1194 2477 1290 2509 Deutn,
1314 2482 1342 2504 et
1364 2478 1389 2505 ei
1415 2478 1476 2505 sine
1495 2478 1584 2505 medio
1608 2479 1693 2510 unita,

914 2530 1036 2557 unusque
1060 2523 1172 2557 spiritus
1188 2531 1248 2551 cum
1270 2531 1303 2551 eo
1316 2523 1411 2551 effecta
1434 2529 1475 2550 est
1493 2532 1500 2550 :
1514 2523 1585 2551 sicut
1599 2531 1694 2550 aurum

913 2573 940 2595 et
956 2575 993 2595 aes
1006 2568 1032 2595 itt
1046 2576 1128 2595 uttant
1141 2568 1241 2595 metalli
1256 2575 1373 2596 massam
1387 2568 1548 2595 conﬂantur.
1563 2569 1694 2596 (laterum

913 2613 1020 2640 illorum
1036 2614 1081 2648 qui
1099 2614 1124 2640 in
1142 2614 1226 2641 Deum
1242 2614 1279 2640 ita
1295 2614 1429 2641 excedunt
1442 2617 1469 2640 et
1485 2615 1635 2648 rapiuntur,
1651 2614 1695 2642 di-

914 2659 984 2686 versi
999 2660 1099 2694 gradus
1111 2664 1173 2686 sunt
1194 2670 1200 2686 :
1215 2667 1276 2686 naut
1291 2667 1324 2687 eo
1339 2660 1453 2694 quisque
1475 2659 1634 2695 profundius
1650 2663 1694 2686 at-

913 2712 966 2740 que
978 2705 1122 2733 sublimius
1138 2705 1164 2732 in
1181 2706 1268 2740 ipsum
1282 2705 1366 2733 Deum
1382 2706 1521 2740 pertingit,
1540 2713 1592 2740 quo
1604 2704 1696 2732 emea—

914 2750 974 2778 cius
997 2751 1193 2786 ardentiusque
1217 2758 1265 2778 seu
1287 2752 1439 2780 amorosius
1455 2759 1484 2779 se
1503 2752 1537 2779 ad
1552 2757 1614 2778 eum
1628 2757 1694 2778 con-

116 2845 138 2862 "
163 2844 416 2876 Dedirin.nom.,c_
434 2844 459 2875 7,
472 2842 485 2878 §
499 2841 526 2868 4.
564 2841 586 2858 ¹³
604 2841 686 2875 lbid.,
702 2840 717 2876 ς
735 2840 762 2870 5.
801 2841 823 2856 ¹⁵
837 2839 860 2867 Ρ;

924 2846 960 2872 tv,
975 2839 1002 2866 9.

238 2892 371 2922 Pnaon.
395 2892 452 2921 Gn.
471 2888 524 2919 Ill.
