  <div class='ocr_page' id='page_1' title='image "/cluster/home/n/w/nwhite01/storage/ocr_20150623/3/njp.32101077772356/068.png"; bbox 0 0 1925 3070; ppageno 0'>
   <div class='ocr_carea' id='block_1_1' title="bbox 89 199 138 227">
    <p class='ocr_par' dir='ltr' id='par_1_1' title="bbox 89 199 138 227">
     <span class='ocr_line' id='line_1_1' title="bbox 89 199 138 227; baseline 0 0"><span class='ocrx_word' id='word_1_1' title='bbox 89 199 138 227; x_wconf 77' lang='grc'><strong>109</strong></span> 
     </span>
    </p>
   </div>
   <div class='ocr_carea' id='block_1_2' title="bbox 761 198 1027 228">
    <p class='ocr_par' dir='ltr' id='par_1_2' title="bbox 761 198 1027 228">
     <span class='ocr_line' id='line_1_2' title="bbox 761 198 1027 228; baseline 0.008 -2"><span class='ocrx_word' id='word_1_2' title='bbox 761 198 1027 228; x_wconf 76' lang='lat' dir='ltr'><strong>PROLEGOMENA.</strong></span> 
     </span>
    </p>
   </div>
   <div class='ocr_carea' id='block_1_3' title="bbox 1647 206 1698 235">
    <p class='ocr_par' dir='ltr' id='par_1_3' title="bbox 1647 206 1698 235">
     <span class='ocr_line' id='line_1_3' title="bbox 1647 206 1698 235; baseline 0 -1"><span class='ocrx_word' id='word_1_3' title='bbox 1647 206 1698 235; x_wconf 84' lang='grc' dir='ltr'>ΗΟ</span> 
     </span>
    </p>
   </div>
   <div class='ocr_carea' id='block_1_4' title="bbox 85 257 851 298">
    <p class='ocr_par' dir='ltr' id='par_1_4' title="bbox 85 257 851 294">
     <span class='ocr_line' id='line_1_4' title="bbox 85 257 851 294; baseline 0 -10"><span class='ocrx_word' id='word_1_4' title='bbox 85 258 242 293; x_wconf 81' lang='grc' dir='ltr'>ψαλμῳδίας</span> <span class='ocrx_word' id='word_1_5' title='bbox 249 257 363 290; x_wconf 75' lang='grc' dir='ltr'>ἔντονον,</span> <span class='ocrx_word' id='word_1_6' title='bbox 371 258 464 294; x_wconf 78' lang='grc' dir='ltr'>ἐτέρου</span> <span class='ocrx_word' id='word_1_7' title='bbox 471 259 502 285; x_wconf 84' lang='grc' dir='ltr'><strong>τὺ</strong></span> <span class='ocrx_word' id='word_1_8' title='bbox 510 258 578 294; x_wconf 77' lang='grc' dir='ltr'>πρὸς</span> <span class='ocrx_word' id='word_1_9' title='bbox 588 257 709 289; x_wconf 70' lang='grc' dir='ltr'>ἃπαντας</span> <span class='ocrx_word' id='word_1_10' title='bbox 717 258 851 293; x_wconf 80' lang='grc' dir='ltr'>συμπαθὲς</span> 
     </span>
    </p>
   </div>
   <div class='ocr_carea' id='block_1_5' title="bbox 907 257 1697 298">
    <p class='ocr_par' dir='ltr' id='par_1_5' title="bbox 920 258 1697 298">
     <span class='ocr_line' id='line_1_5' title="bbox 920 258 1697 298; baseline 0.009 -13"><span class='ocrx_word' id='word_1_11' title='bbox 920 258 1111 291; x_wconf 86' lang='lat' dir='ltr'><strong>intentionem,</strong></span> <span class='ocrx_word' id='word_1_12' title='bbox 1127 258 1241 287; x_wconf 76' lang='lat' dir='ltr'><strong>alterius</strong></span> <span class='ocrx_word' id='word_1_13' title='bbox 1266 267 1332 295; x_wconf 88' lang='lat' dir='ltr'><strong>erga</strong></span> <span class='ocrx_word' id='word_1_14' title='bbox 1356 267 1452 288; x_wconf 91' lang='lat' dir='ltr'><strong>omnes</strong></span> <span class='ocrx_word' id='word_1_15' title='bbox 1466 265 1697 298; x_wconf 79' lang='lat' dir='ltr'><strong>rompassionem,</strong></span> 
     </span>
    </p>
   </div>
   <div class='ocr_carea' id='block_1_6' title="bbox 84 303 866 341">
    <p class='ocr_par' dir='ltr' id='par_1_6' title="bbox 84 303 866 341">
     <span class='ocr_line' id='line_1_6' title="bbox 84 303 866 341; baseline -0.003 -9"><span class='ocrx_word' id='word_1_16' title='bbox 84 305 162 332; x_wconf 76' lang='grc' dir='ltr'>ᾶλλου</span> <span class='ocrx_word' id='word_1_17' title='bbox 173 304 218 332; x_wconf 80' lang='grc' dir='ltr'>τὸν</span> <span class='ocrx_word' id='word_1_18' title='bbox 231 304 322 339; x_wconf 78' lang='grc' dir='ltr'>ζῆλον,</span> <span class='ocrx_word' id='word_1_19' title='bbox 331 305 362 331; x_wconf 81' lang='grc' dir='ltr'>τὸ</span> <span class='ocrx_word' id='word_1_20' title='bbox 370 306 455 341; x_wconf 77' lang='grc' dir='ltr'>πρᾶον</span> <span class='ocrx_word' id='word_1_21' title='bbox 463 304 552 335; x_wconf 74' lang='grc' dir='ltr'>ἄλλου,</span> <span class='ocrx_word' id='word_1_22' title='bbox 561 305 607 331; x_wconf 78' lang='grc' dir='ltr'><strong>καὶ</strong></span> <span class='ocrx_word' id='word_1_23' title='bbox 618 303 697 331; x_wconf 79' lang='grc' dir='ltr'>ἄλλου</span> <span class='ocrx_word' id='word_1_24' title='bbox 705 304 768 331; x_wconf 76' lang='grc' dir='ltr'>ἄλλο</span> <span class='ocrx_word' id='word_1_25' title='bbox 778 313 804 330; x_wconf 90' lang='grc' dir='ltr'><strong>τι</strong></span> <span class='ocrx_word' id='word_1_26' title='bbox 813 304 866 331; x_wconf 88' lang='grc' dir='ltr'><strong>τῶν</strong></span> 
     </span>
    </p>
   </div>
   <div class='ocr_carea' id='block_1_7' title="bbox 84 350 866 388">
    <p class='ocr_par' dir='ltr' id='par_1_7' title="bbox 84 350 866 388">
     <span class='ocr_line' id='line_1_7' title="bbox 84 350 866 388; baseline -0.003 -8"><span class='ocrx_word' id='word_1_27' title='bbox 84 352 203 387; x_wconf 80' lang='grc' dir='ltr'><strong>ἀγαθῶν,</strong></span> <span class='ocrx_word' id='word_1_28' title='bbox 219 352 257 384; x_wconf 88' lang='grc' dir='ltr'>ὼς</span> <span class='ocrx_word' id='word_1_29' title='bbox 274 352 303 385; x_wconf 87' lang='grc' dir='ltr'><strong>ἐξ</strong></span> <span class='ocrx_word' id='word_1_30' title='bbox 321 352 474 388; x_wconf 83' lang='grc' dir='ltr'><strong>ἀρχετύπου</strong></span> <span class='ocrx_word' id='word_1_31' title='bbox 491 352 674 387; x_wconf 82' lang='grc' dir='ltr'>κτησάμενος,</span> <span class='ocrx_word' id='word_1_32' title='bbox 687 351 716 378; x_wconf 80' lang='grc' dir='ltr'>ἐν</span> <span class='ocrx_word' id='word_1_33' title='bbox 730 350 759 384; x_wconf 84' lang='grc' dir='ltr'><strong>ἐξ</strong></span> <span class='ocrx_word' id='word_1_34' title='bbox 778 352 866 378; x_wconf 80' lang='grc' dir='ltr'>ἀπάν-</span> 
     </span>
    </p>
   </div>
   <div class='ocr_carea' id='block_1_8' title="bbox 83 396 862 433">
    <p class='ocr_par' dir='ltr' id='par_1_8' title="bbox 83 396 862 433">
     <span class='ocr_line' id='line_1_8' title="bbox 83 396 862 433; baseline -0.001 -9"><span class='ocrx_word' id='word_1_35' title='bbox 83 406 135 433; x_wconf 76' lang='grc' dir='ltr'>των</span> <span class='ocrx_word' id='word_1_36' title='bbox 146 396 215 429; x_wconf 79' lang='grc' dir='ltr'>εἶδος</span> <span class='ocrx_word' id='word_1_37' title='bbox 225 397 328 430; x_wconf 77' lang='grc' dir='ltr'>εἰκόνος</span> <span class='ocrx_word' id='word_1_38' title='bbox 337 399 365 424; x_wconf 84' lang='grc' dir='ltr'><strong>ἐν</strong></span> <span class='ocrx_word' id='word_1_39' title='bbox 377 397 481 433; x_wconf 85' lang='grc' dir='ltr'>σεαυτῷ</span> <span class='ocrx_word' id='word_1_40' title='bbox 492 398 522 424; x_wconf 83' lang='grc' dir='ltr'>τὸ</span> <span class='ocrx_word' id='word_1_41' title='bbox 537 397 678 424; x_wconf 84' lang='grc' dir='ltr'>κάλλιστον</span> <span class='ocrx_word' id='word_1_42' title='bbox 686 396 862 433; x_wconf 76' lang='grc' dir='ltr'>ἀκριϐώσαιο.</span> 
     </span>
    </p>
   </div>
   <div class='ocr_carea' id='block_1_9' title="bbox 84 431 866 478">
    <p class='ocr_par' dir='ltr' id='par_1_9' title="bbox 84 431 866 478">
     <span class='ocr_line' id='line_1_9' title="bbox 84 431 866 478; baseline -0.003 -8"><span class='ocrx_word' id='word_1_43' title='bbox 84 431 136 471; x_wconf 60' lang='grc' dir='ltr'>Καί</span> <span class='ocrx_word' id='word_1_44' title='bbox 150 452 182 478; x_wconf 84' lang='grc' dir='ltr'><strong>γε</strong></span> <span class='ocrx_word' id='word_1_45' title='bbox 197 438 318 470; x_wconf 84' lang='grc' dir='ltr'>ποικίλον</span> <span class='ocrx_word' id='word_1_46' title='bbox 340 442 386 470; x_wconf 80' lang='grc' dir='ltr'>καὶ</span> <span class='ocrx_word' id='word_1_47' title='bbox 411 431 482 478; x_wconf 77' lang='grc' dir='ltr'>μέγα</span> <span class='ocrx_word' id='word_1_48' title='bbox 505 443 608 478; x_wconf 86' lang='grc' dir='ltr'>χρῆμα,</span> <span class='ocrx_word' id='word_1_49' title='bbox 629 442 676 469; x_wconf 82' lang='grc' dir='ltr'>καὶ</span> <span class='ocrx_word' id='word_1_50' title='bbox 699 431 757 473; x_wconf 80' lang='grc' dir='ltr'>τοῖς</span> <span class='ocrx_word' id='word_1_51' title='bbox 771 442 866 478; x_wconf 76' lang='grc' dir='ltr'>πόρρω</span> 
     </span>
    </p>
   </div>
   <div class='ocr_carea' id='block_1_10' title="bbox 83 488 866 525">
    <p class='ocr_par' dir='ltr' id='par_1_10' title="bbox 83 488 866 525">
     <span class='ocr_line' id='line_1_10' title="bbox 83 488 866 525; baseline -0.001 -10"><span class='ocrx_word' id='word_1_52' title='bbox 83 489 194 525; x_wconf 86' lang='grc' dir='ltr'>φανείης</span> <span class='ocrx_word' id='word_1_53' title='bbox 211 490 258 516; x_wconf 81' lang='grc' dir='ltr'>καὶ</span> <span class='ocrx_word' id='word_1_54' title='bbox 272 491 328 521; x_wconf 84' lang='grc' dir='ltr'>τοῖς</span> <span class='ocrx_word' id='word_1_55' title='bbox 338 488 430 523; x_wconf 80' lang='grc' dir='ltr'>ἐγγύς.</span> <span class='ocrx_word' id='word_1_56' title='bbox 450 488 561 524; x_wconf 87' lang='grc' dir='ltr'>Τοῦτοὴ</span> <span class='ocrx_word' id='word_1_57' title='bbox 579 488 705 524; x_wconf 75' lang='grc' dir='ltr'><strong>διηνεκὴς</strong></span> <span class='ocrx_word' id='word_1_58' title='bbox 723 497 764 515; x_wconf 86' lang='grc' dir='ltr'><strong>σοι</strong></span> <span class='ocrx_word' id='word_1_59' title='bbox 786 489 866 524; x_wconf 83' lang='grc' dir='ltr'>μέρι-</span> 
     </span>
    </p>
   </div>
   <div class='ocr_carea' id='block_1_11' title="bbox 84 529 864 571">
    <p class='ocr_par' dir='ltr' id='par_1_11' title="bbox 84 529 864 571">
     <span class='ocr_line' id='line_1_11' title="bbox 84 529 864 571; baseline -0.003 -9"><span class='ocrx_word' id='word_1_60' title='bbox 84 544 146 570; x_wconf 84' lang='grc' dir='ltr'>μνα,</span> <span class='ocrx_word' id='word_1_61' title='bbox 164 535 243 562; x_wconf 82' lang='grc' dir='ltr'>τοῦτο</span> <span class='ocrx_word' id='word_1_62' title='bbox 256 529 286 562; x_wconf 70' lang='grc' dir='ltr'><strong>τὸ</strong></span> <span class='ocrx_word' id='word_1_63' title='bbox 301 535 416 571; x_wconf 74' lang='grc' dir='ltr'>ἔμμονον</span> <span class='ocrx_word' id='word_1_64' title='bbox 427 534 595 569; x_wconf 82' lang='grc' dir='ltr'>σπούδασμα,</span> <span class='ocrx_word' id='word_1_65' title='bbox 607 533 692 561; x_wconf 84' lang='grc' dir='ltr'>ταῦτα</span> <span class='ocrx_word' id='word_1_66' title='bbox 705 534 759 560; x_wconf 85' lang='grc' dir='ltr'><strong>τῶν</strong></span> <span class='ocrx_word' id='word_1_67' title='bbox 772 542 864 570; x_wconf 87' lang='grc' dir='ltr'>κρειτ-</span> 
     </span>
    </p>
   </div>
   <div class='ocr_carea' id='block_1_12' title="bbox 82 578 862 618">
    <p class='ocr_par' dir='ltr' id='par_1_12' title="bbox 82 578 862 618">
     <span class='ocr_line' id='line_1_12' title="bbox 82 578 862 618; baseline -0.003 -11"><span class='ocrx_word' id='word_1_68' title='bbox 82 581 167 608; x_wconf 84' lang='grc' dir='ltr'>τόνων</span> <span class='ocrx_word' id='word_1_69' title='bbox 180 581 342 616; x_wconf 85' lang='grc' dir='ltr'>ἐπιθυμιῶν,</span> <span class='ocrx_word' id='word_1_70' title='bbox 355 579 399 612; x_wconf 72' lang='grc' dir='ltr'>αἷς</span> <span class='ocrx_word' id='word_1_71' title='bbox 416 582 515 618; x_wconf 84' lang='grc' dir='ltr'>ὲντήκῃ</span> <span class='ocrx_word' id='word_1_72' title='bbox 533 581 594 607; x_wconf 88' lang='grc' dir='ltr'>ὃσαι</span> <span class='ocrx_word' id='word_1_73' title='bbox 607 580 709 616; x_wconf 72' lang='grc' dir='ltr'>ἡμέραι</span> <span class='ocrx_word' id='word_1_74' title='bbox 730 578 818 615; x_wconf 77' lang='grc' dir='ltr'>ζητῶν</span> <span class='ocrx_word' id='word_1_75' title='bbox 834 580 862 605; x_wconf 83' lang='grc' dir='ltr'><strong>ἐν</strong></span> 
     </span>
    </p>
   </div>
   <div class='ocr_carea' id='block_1_13' title="bbox 82 623 862 662">
    <p class='ocr_par' dir='ltr' id='par_1_13' title="bbox 82 623 862 662">
     <span class='ocr_line' id='line_1_13' title="bbox 82 623 862 662; baseline -0.004 -10"><span class='ocrx_word' id='word_1_76' title='bbox 82 626 217 661; x_wconf 81' lang='grc' dir='ltr'>πνεύματι</span> <span class='ocrx_word' id='word_1_77' title='bbox 227 626 260 653; x_wconf 85' lang='grc' dir='ltr'><strong>τὰ</strong></span> <span class='ocrx_word' id='word_1_78' title='bbox 277 626 324 653; x_wconf 87' lang='grc' dir='ltr'><strong>τοῦ</strong></span> <span class='ocrx_word' id='word_1_79' title='bbox 339 626 501 662; x_wconf 83' lang='grc' dir='ltr'>πνεύματος.</span> <span class='ocrx_word' id='word_1_80' title='bbox 525 625 632 652; x_wconf 86' lang='grc' dir='ltr'><strong>Τούτων</strong></span> <span class='ocrx_word' id='word_1_81' title='bbox 651 625 698 660; x_wconf 90' lang='grc' dir='ltr'><strong>μία</strong></span> <span class='ocrx_word' id='word_1_82' title='bbox 711 633 762 656; x_wconf 89' lang='grc' dir='ltr'>τις,</span> <span class='ocrx_word' id='word_1_83' title='bbox 777 623 825 658; x_wconf 72' lang='grc' dir='ltr'>οὐχ</span> <span class='ocrx_word' id='word_1_84' title='bbox 845 624 862 659; x_wconf 86' lang='grc' dir='ltr'><strong>ἡ</strong></span> 
     </span>
    </p>
   </div>
   <div class='ocr_carea' id='block_1_14' title="bbox 81 667 864 710">
    <p class='ocr_par' dir='ltr' id='par_1_14' title="bbox 81 667 864 710">
     <span class='ocr_line' id='line_1_14' title="bbox 81 667 864 710; baseline -0.006 -8"><span class='ocrx_word' id='word_1_85' title='bbox 81 675 207 710; x_wconf 79' lang='grc' dir='ltr'><strong>τυχοῦσα,</strong></span> <span class='ocrx_word' id='word_1_86' title='bbox 219 676 265 702; x_wconf 73' lang='grc' dir='ltr'>καὶ</span> <span class='ocrx_word' id='word_1_87' title='bbox 277 676 293 710; x_wconf 85' lang='grc' dir='ltr'>ἡ</span> <span class='ocrx_word' id='word_1_88' title='bbox 307 675 402 710; x_wconf 80' lang='grc' dir='ltr'><strong>μελέτη</strong></span> <span class='ocrx_word' id='word_1_89' title='bbox 419 675 472 701; x_wconf 88' lang='grc' dir='ltr'>τῶν</span> <span class='ocrx_word' id='word_1_90' title='bbox 483 674 665 701; x_wconf 81' lang='grc' dir='ltr'>θεοπνεύστων</span> <span class='ocrx_word' id='word_1_91' title='bbox 679 671 804 709; x_wconf 84' lang='grc' dir='ltr'>Γραφῶν,</span> <span class='ocrx_word' id='word_1_92' title='bbox 819 667 864 702; x_wconf 81' lang='grc' dir='ltr'>αἷς</span> 
     </span>
    </p>
   </div>
   <div class='ocr_carea' id='block_1_15' title="bbox 81 716 864 757">
    <p class='ocr_par' dir='ltr' id='par_1_15' title="bbox 81 716 864 757">
     <span class='ocr_line' id='line_1_15' title="bbox 81 716 864 757; baseline -0.005 -10"><span class='ocrx_word' id='word_1_93' title='bbox 81 721 139 747; x_wconf 79' lang='grc' dir='ltr'>καθ’</span> <span class='ocrx_word' id='word_1_94' title='bbox 155 721 273 757; x_wconf 80' lang='grc' dir='ltr'>ἑκάστην</span> <span class='ocrx_word' id='word_1_95' title='bbox 284 721 432 756; x_wconf 81' lang='grc' dir='ltr'><strong>προσέχων,</strong></span> <span class='ocrx_word' id='word_1_96' title='bbox 442 721 489 747; x_wconf 71' lang='grc' dir='ltr'>καὶ</span> <span class='ocrx_word' id='word_1_97' title='bbox 501 719 718 756; x_wconf 78' lang='grc' dir='ltr'>μεγαλεπιὸόλως</span> <span class='ocrx_word' id='word_1_98' title='bbox 726 716 864 745; x_wconf 78' lang='grc' dir='ltr'>ἀναπτύσ-</span> 
     </span>
    </p>
   </div>
   <div class='ocr_carea' id='block_1_16' title="bbox 81 761 861 802">
    <p class='ocr_par' dir='ltr' id='par_1_16' title="bbox 81 761 861 802">
     <span class='ocr_line' id='line_1_16' title="bbox 81 761 861 802; baseline -0.005 -9"><span class='ocrx_word' id='word_1_99' title='bbox 81 775 133 793; x_wconf 87' lang='grc' dir='ltr'>σων</span> <span class='ocrx_word' id='word_1_100' title='bbox 149 767 204 793; x_wconf 87' lang='grc' dir='ltr'><strong>τῶν</strong></span> <span class='ocrx_word' id='word_1_101' title='bbox 217 767 367 802; x_wconf 78' lang='grc' dir='ltr'>λεγομένων</span> <span class='ocrx_word' id='word_1_102' title='bbox 381 761 426 794; x_wconf 65' lang='grc' dir='ltr'><strong>τὸν</strong></span> <span class='ocrx_word' id='word_1_103' title='bbox 443 765 514 798; x_wconf 87' lang='grc' dir='ltr'>νοῦν,</span> <span class='ocrx_word' id='word_1_104' title='bbox 533 767 580 793; x_wconf 80' lang='grc' dir='ltr'>καὶ</span> <span class='ocrx_word' id='word_1_105' title='bbox 593 765 702 800; x_wconf 82' lang='grc' dir='ltr'>γνῶσιν,</span> <span class='ocrx_word' id='word_1_106' title='bbox 720 764 765 791; x_wconf 74' lang='grc' dir='ltr'>καὶ</span> <span class='ocrx_word' id='word_1_107' title='bbox 786 761 861 798; x_wconf 77' lang='grc' dir='ltr'>ἦθος,</span> 
     </span>
    </p>
   </div>
   <div class='ocr_carea' id='block_1_17' title="bbox 81 805 629 850">
    <p class='ocr_par' dir='ltr' id='par_1_17' title="bbox 81 805 629 850">
     <span class='ocr_line' id='line_1_17' title="bbox 81 805 629 850; baseline -0.004 -10"><span class='ocrx_word' id='word_1_108' title='bbox 81 814 125 840; x_wconf 75' lang='grc' dir='ltr'>καὶ</span> <span class='ocrx_word' id='word_1_109' title='bbox 138 814 193 840; x_wconf 80' lang='grc' dir='ltr'><strong>πᾶν</strong></span> <span class='ocrx_word' id='word_1_110' title='bbox 210 805 278 845; x_wconf 73' lang='grc' dir='ltr'>εἶδος</span> <span class='ocrx_word' id='word_1_111' title='bbox 294 813 437 850; x_wconf 80' lang='grc' dir='ltr'>ἀπομάττῃ</span> <span class='ocrx_word' id='word_1_112' title='bbox 453 812 629 843; x_wconf 81' lang='grc' dir='ltr'>παιδεύσεως.</span> 
     </span>
    </p>
   </div>
   <div class='ocr_carea' id='block_1_18' title="bbox 918 305 1698 339">
    <p class='ocr_par' dir='ltr' id='par_1_18' title="bbox 918 305 1698 339">
     <span class='ocr_line' id='line_1_18' title="bbox 918 305 1698 339; baseline 0.009 -8"><span class='ocrx_word' id='word_1_113' title='bbox 918 305 988 332; x_wconf 86' lang='lat' dir='ltr'><strong>alius</strong></span> <span class='ocrx_word' id='word_1_114' title='bbox 1000 305 1100 337; x_wconf 81' lang='lat' dir='ltr'><strong>zelum.</strong></span> <span class='ocrx_word' id='word_1_115' title='bbox 1117 305 1232 333; x_wconf 85' lang='lat' dir='ltr'><strong>alterius</strong></span> <span class='ocrx_word' id='word_1_116' title='bbox 1245 308 1488 339; x_wconf 74' lang='lat' dir='ltr'><strong>mansuetudinem.</strong></span> <span class='ocrx_word' id='word_1_117' title='bbox 1501 314 1529 336; x_wconf 90' lang='lat' dir='ltr'><strong>et</strong></span> <span class='ocrx_word' id='word_1_118' title='bbox 1544 309 1612 338; x_wconf 87' lang='lat' dir='ltr'><strong>alius</strong></span> <span class='ocrx_word' id='word_1_119' title='bbox 1626 311 1698 338; x_wconf 81' lang='lat' dir='ltr'><strong>aliud</strong></span> 
     </span>
    </p>
   </div>
   <div class='ocr_carea' id='block_1_19' title="bbox 918 351 1699 390">
    <p class='ocr_par' dir='ltr' id='par_1_19' title="bbox 918 351 1699 390">
     <span class='ocr_line' id='line_1_19' title="bbox 918 351 1699 390; baseline 0.009 -14"><span class='ocrx_word' id='word_1_120' title='bbox 918 351 1058 386; x_wconf 81' lang='lat' dir='ltr'><strong>quidpiam</strong></span> <span class='ocrx_word' id='word_1_121' title='bbox 1076 351 1227 383; x_wconf 83' lang='lat' dir='ltr'><strong>bonorum,</strong></span> <span class='ocrx_word' id='word_1_122' title='bbox 1252 356 1380 386; x_wconf 86' lang='lat' dir='ltr'><strong>tanquam</strong></span> <span class='ocrx_word' id='word_1_123' title='bbox 1395 360 1428 380; x_wconf 81' lang='lat' dir='ltr'><strong>ex</strong></span> <span class='ocrx_word' id='word_1_124' title='bbox 1445 354 1592 390; x_wconf 86' lang='lat' dir='ltr'><strong>archetypo</strong></span> <span class='ocrx_word' id='word_1_125' title='bbox 1614 357 1699 386; x_wconf 78' lang='lat' dir='ltr'><strong>possi-</strong></span> 
     </span>
    </p>
   </div>
   <div class='ocr_carea' id='block_1_20' title="bbox 919 396 1699 433">
    <p class='ocr_par' dir='ltr' id='par_1_20' title="bbox 919 396 1699 433">
     <span class='ocr_line' id='line_1_20' title="bbox 919 396 1699 433; baseline 0.006 -11"><span class='ocrx_word' id='word_1_126' title='bbox 919 396 997 428; x_wconf 83' lang='lat' dir='ltr'><strong>dens,</strong></span> <span class='ocrx_word' id='word_1_127' title='bbox 1009 404 1091 423; x_wconf 88' lang='lat' dir='ltr'><strong>unatn</strong></span> <span class='ocrx_word' id='word_1_128' title='bbox 1106 403 1138 423; x_wconf 79' lang='lat' dir='ltr'><strong>ex</strong></span> <span class='ocrx_word' id='word_1_129' title='bbox 1151 397 1279 424; x_wconf 83' lang='lat' dir='ltr'><strong>omnibus</strong></span> <span class='ocrx_word' id='word_1_130' title='bbox 1295 397 1408 424; x_wconf 82' lang='lat' dir='ltr'><strong>formam</strong></span> <span class='ocrx_word' id='word_1_131' title='bbox 1424 398 1548 433; x_wconf 78' lang='lat' dir='ltr'><strong>imaginis</strong></span> <span class='ocrx_word' id='word_1_132' title='bbox 1561 399 1588 426; x_wconf 92' lang='lat' dir='ltr'><strong>in</strong></span> <span class='ocrx_word' id='word_1_133' title='bbox 1602 404 1699 428; x_wconf 89' lang='lat' dir='ltr'><strong>temet-</strong></span> 
     </span>
    </p>
   </div>
   <div class='ocr_carea' id='block_1_21' title="bbox 917 442 1698 477">
    <p class='ocr_par' dir='ltr' id='par_1_21' title="bbox 917 442 1698 477">
     <span class='ocr_line' id='line_1_21' title="bbox 917 442 1698 477; baseline 0.005 -8"><span class='ocrx_word' id='word_1_134' title='bbox 917 442 976 476; x_wconf 87' lang='lat' dir='ltr'><strong>ipso</strong></span> <span class='ocrx_word' id='word_1_135' title='bbox 991 442 1201 477; x_wconf 82' lang='lat' dir='ltr'><strong>pulcherrimam</strong></span> <span class='ocrx_word' id='word_1_136' title='bbox 1224 443 1366 477; x_wconf 76' lang='lat' dir='ltr'><strong>exprimis.</strong></span> <span class='ocrx_word' id='word_1_137' title='bbox 1384 443 1465 471; x_wconf 74' lang='lat' dir='ltr'><strong>Certe</strong></span> <span class='ocrx_word' id='word_1_138' title='bbox 1478 444 1582 472; x_wconf 84' lang='lat' dir='ltr'><strong>varium</strong></span> <span class='ocrx_word' id='word_1_139' title='bbox 1597 449 1624 472; x_wconf 87' lang='lat' dir='ltr'><strong>et.</strong></span> <span class='ocrx_word' id='word_1_140' title='bbox 1638 453 1698 473; x_wconf 91' lang='lat' dir='ltr'><strong>ma-</strong></span> 
     </span>
    </p>
   </div>
   <div class='ocr_carea' id='block_1_22' title="bbox 917 487 1697 525">
    <p class='ocr_par' dir='ltr' id='par_1_22' title="bbox 917 487 1697 525">
     <span class='ocr_line' id='line_1_22' title="bbox 917 487 1697 525; baseline 0.008 -12"><span class='ocrx_word' id='word_1_141' title='bbox 917 494 998 521; x_wconf 85' lang='lat' dir='ltr'><strong>gnum</strong></span> <span class='ocrx_word' id='word_1_142' title='bbox 1011 487 1075 522; x_wconf 90' lang='lat' dir='ltr'><strong>quid</strong></span> <span class='ocrx_word' id='word_1_143' title='bbox 1091 494 1218 522; x_wconf 80' lang='lat' dir='ltr'><strong>appares,</strong></span> <span class='ocrx_word' id='word_1_144' title='bbox 1234 493 1288 515; x_wconf 88' lang='lat' dir='ltr'><strong>tam</strong></span> <span class='ocrx_word' id='word_1_145' title='bbox 1312 488 1345 516; x_wconf 87' lang='lat' dir='ltr'><strong>iis</strong></span> <span class='ocrx_word' id='word_1_146' title='bbox 1366 489 1410 524; x_wconf 90' lang='lat' dir='ltr'><strong>qui</strong></span> <span class='ocrx_word' id='word_1_147' title='bbox 1431 489 1537 524; x_wconf 86' lang='lat' dir='ltr'><strong>procul,</strong></span> <span class='ocrx_word' id='word_1_148' title='bbox 1551 497 1631 525; x_wconf 88' lang='lat' dir='ltr'><strong>quam</strong></span> <span class='ocrx_word' id='word_1_149' title='bbox 1654 491 1697 520; x_wconf 87' lang='lat' dir='ltr'><strong>his</strong></span> 
     </span>
    </p>
   </div>
   <div class='ocr_carea' id='block_1_23' title="bbox 918 534 1699 570">
    <p class='ocr_par' dir='ltr' id='par_1_23' title="bbox 918 534 1699 570">
     <span class='ocr_line' id='line_1_23' title="bbox 918 534 1699 570; baseline 0.008 -10"><span class='ocrx_word' id='word_1_150' title='bbox 918 534 964 568; x_wconf 88' lang='lat' dir='ltr'><strong>qui</strong></span> <span class='ocrx_word' id='word_1_151' title='bbox 980 541 1063 568; x_wconf 88' lang='lat' dir='ltr'><strong>prope</strong></span> <span class='ocrx_word' id='word_1_152' title='bbox 1077 539 1151 561; x_wconf 86' lang='lat' dir='ltr'><strong>sunt.</strong></span> <span class='ocrx_word' id='word_1_153' title='bbox 1174 534 1235 561; x_wconf 68' lang='lat' dir='ltr'><strong>Haec</strong></span> <span class='ocrx_word' id='word_1_154' title='bbox 1250 535 1359 562; x_wconf 87' lang='lat' dir='ltr'><strong>assidua</strong></span> <span class='ocrx_word' id='word_1_155' title='bbox 1383 536 1431 563; x_wconf 88' lang='lat' dir='ltr'><strong>tibi</strong></span> <span class='ocrx_word' id='word_1_156' title='bbox 1452 544 1529 570; x_wconf 86' lang='lat' dir='ltr'><strong>cura,</strong></span> <span class='ocrx_word' id='word_1_157' title='bbox 1546 538 1597 565; x_wconf 85' lang='lat' dir='ltr'><strong>hoc</strong></span> <span class='ocrx_word' id='word_1_158' title='bbox 1610 539 1699 566; x_wconf 85' lang='lat' dir='ltr'><strong>conti-</strong></span> 
     </span>
    </p>
   </div>
   <div class='ocr_carea' id='block_1_24' title="bbox 918 578 1697 617">
    <p class='ocr_par' dir='ltr' id='par_1_24' title="bbox 918 578 1697 617">
     <span class='ocr_line' id='line_1_24' title="bbox 918 578 1697 617; baseline 0.006 -12"><span class='ocrx_word' id='word_1_159' title='bbox 918 586 1001 605; x_wconf 92' lang='lat' dir='ltr'><strong>nuum</strong></span> <span class='ocrx_word' id='word_1_160' title='bbox 1018 578 1148 611; x_wconf 85' lang='lat' dir='ltr'><strong>studium,</strong></span> <span class='ocrx_word' id='word_1_161' title='bbox 1174 579 1232 606; x_wconf 61' lang='lat' dir='ltr'><strong>haec</strong></span> <span class='ocrx_word' id='word_1_162' title='bbox 1252 580 1354 614; x_wconf 87' lang='lat' dir='ltr'><strong>optima</strong></span> <span class='ocrx_word' id='word_1_163' title='bbox 1371 581 1516 613; x_wconf 76' lang='lat' dir='ltr'><strong>desideria,</strong></span> <span class='ocrx_word' id='word_1_164' title='bbox 1533 582 1630 617; x_wconf 82' lang='lat' dir='ltr'><strong>quibus</strong></span> <span class='ocrx_word' id='word_1_165' title='bbox 1645 583 1697 610; x_wconf 86' lang='lat' dir='ltr'><strong>illi-</strong></span> 
     </span>
    </p>
   </div>
   <div class='ocr_carea' id='block_1_25' title="bbox 915 622 1697 662">
    <p class='ocr_par' dir='ltr' id='par_1_25' title="bbox 915 622 1697 662">
     <span class='ocr_line' id='line_1_25' title="bbox 915 622 1697 662; baseline 0.009 -14"><span class='ocrx_word' id='word_1_166' title='bbox 915 622 1035 657; x_wconf 84' lang='lat' dir='ltr'><strong>quescis.</strong></span> <span class='ocrx_word' id='word_1_167' title='bbox 1049 623 1113 650; x_wconf 89' lang='lat' dir='ltr'><strong>totis</strong></span> <span class='ocrx_word' id='word_1_168' title='bbox 1132 623 1240 656; x_wconf 86' lang='lat' dir='ltr'><strong>diebus,</strong></span> <span class='ocrx_word' id='word_1_169' title='bbox 1262 631 1387 659; x_wconf 68' lang='lat' dir='ltr'><strong>quaerens</strong></span> <span class='ocrx_word' id='word_1_170' title='bbox 1412 626 1438 652; x_wconf 84' lang='lat' dir='ltr'><strong>in</strong></span> <span class='ocrx_word' id='word_1_171' title='bbox 1459 626 1556 660; x_wconf 81' lang='lat' dir='ltr'><strong>spiritu</strong></span> <span class='ocrx_word' id='word_1_172' title='bbox 1582 634 1614 654; x_wconf 83' lang='lat' dir='ltr'><strong>ea</strong></span> <span class='ocrx_word' id='word_1_173' title='bbox 1636 622 1697 662; x_wconf 70' lang='lat' dir='ltr'><strong>qute</strong></span> 
     </span>
    </p>
   </div>
   <div class='ocr_carea' id='block_1_26' title="bbox 916 667 1697 706">
    <p class='ocr_par' dir='ltr' id='par_1_26' title="bbox 916 667 1697 706">
     <span class='ocr_line' id='line_1_26' title="bbox 916 667 1697 706; baseline 0.008 -12"><span class='ocrx_word' id='word_1_174' title='bbox 916 672 979 695; x_wconf 88' lang='lat' dir='ltr'><strong>sunt</strong></span> <span class='ocrx_word' id='word_1_175' title='bbox 993 667 1116 703; x_wconf 85' lang='lat' dir='ltr'><strong>spiritus.</strong></span> <span class='ocrx_word' id='word_1_176' title='bbox 1136 668 1236 696; x_wconf 88' lang='lat' dir='ltr'><strong>Horum</strong></span> <span class='ocrx_word' id='word_1_177' title='bbox 1250 677 1301 696; x_wconf 89' lang='lat' dir='ltr'><strong>una</strong></span> <span class='ocrx_word' id='word_1_178' title='bbox 1316 671 1449 705; x_wconf 65' lang='lat' dir='ltr'><strong>quaedam,</strong></span> <span class='ocrx_word' id='word_1_179' title='bbox 1468 679 1521 699; x_wconf 90' lang='lat' dir='ltr'><strong>non</strong></span> <span class='ocrx_word' id='word_1_180' title='bbox 1539 672 1697 706; x_wconf 84' lang='lat' dir='ltr'><strong>qualiscun-</strong></span> 
     </span>
    </p>
   </div>
   <div class='ocr_carea' id='block_1_27' title="bbox 915 715 1696 752">
    <p class='ocr_par' dir='ltr' id='par_1_27' title="bbox 915 715 1696 752">
     <span class='ocr_line' id='line_1_27' title="bbox 915 715 1696 752; baseline 0.008 -11"><span class='ocrx_word' id='word_1_181' title='bbox 915 721 968 749; x_wconf 85' lang='lat' dir='ltr'><strong>que</strong></span> <span class='ocrx_word' id='word_1_182' title='bbox 982 715 1076 749; x_wconf 88' lang='lat' dir='ltr'><strong>etiam,</strong></span> <span class='ocrx_word' id='word_1_183' title='bbox 1093 715 1236 742; x_wconf 83' lang='lat' dir='ltr'><strong>meditatio</strong></span> <span class='ocrx_word' id='word_1_184' title='bbox 1254 715 1386 744; x_wconf 90' lang='lat' dir='ltr'><strong>divinittts</strong></span> <span class='ocrx_word' id='word_1_185' title='bbox 1401 717 1596 752; x_wconf 87' lang='lat' dir='ltr'><strong>inspiratarum</strong></span> <span class='ocrx_word' id='word_1_186' title='bbox 1621 719 1696 747; x_wconf 88' lang='lat' dir='ltr'><strong>Scri-</strong></span> 
     </span>
    </p>
   </div>
   <div class='ocr_carea' id='block_1_28' title="bbox 914 761 1694 800">
    <p class='ocr_par' dir='ltr' id='par_1_28' title="bbox 914 761 1694 800">
     <span class='ocr_line' id='line_1_28' title="bbox 914 761 1694 800; baseline 0.006 -13"><span class='ocrx_word' id='word_1_187' title='bbox 914 767 1075 797; x_wconf 84' lang='lat' dir='ltr'><strong>pturarum,</strong></span> <span class='ocrx_word' id='word_1_188' title='bbox 1102 761 1199 795; x_wconf 81' lang='lat' dir='ltr'><strong>quibus</strong></span> <span class='ocrx_word' id='word_1_189' title='bbox 1220 761 1341 796; x_wconf 87' lang='lat' dir='ltr'><strong>quotidie</strong></span> <span class='ocrx_word' id='word_1_190' title='bbox 1366 764 1520 797; x_wconf 81' lang='lat' dir='ltr'><strong>attendens,</strong></span> <span class='ocrx_word' id='word_1_191' title='bbox 1547 769 1575 792; x_wconf 89' lang='lat' dir='ltr'><strong>et</strong></span> <span class='ocrx_word' id='word_1_192' title='bbox 1599 772 1694 800; x_wconf 86' lang='lat' dir='ltr'><strong>magna</strong></span> 
     </span>
    </p>
   </div>
   <div class='ocr_carea' id='block_1_29' title="bbox 916 806 1693 845">
    <p class='ocr_par' dir='ltr' id='par_1_29' title="bbox 916 806 1693 845">
     <span class='ocr_line' id='line_1_29' title="bbox 916 806 1693 845; baseline 0.004 -11"><span class='ocrx_word' id='word_1_193' title='bbox 916 806 1081 834; x_wconf 79' lang='lat' dir='ltr'><strong>dexteritate</strong></span> <span class='ocrx_word' id='word_1_194' title='bbox 1093 806 1201 834; x_wconf 89' lang='lat' dir='ltr'><strong>illorum</strong></span> <span class='ocrx_word' id='word_1_195' title='bbox 1213 813 1273 842; x_wconf 69' lang='lat' dir='ltr'><strong>qua:</strong></span> <span class='ocrx_word' id='word_1_196' title='bbox 1287 808 1413 836; x_wconf 84' lang='lat' dir='ltr'><strong>dicuntur</strong></span> <span class='ocrx_word' id='word_1_197' title='bbox 1422 816 1531 837; x_wconf 82' lang='lat' dir='ltr'><strong>sensum</strong></span> <span class='ocrx_word' id='word_1_198' title='bbox 1543 809 1693 845; x_wconf 77' lang='lat' dir='ltr'><strong>explicans,</strong></span> 
     </span>
    </p>
   </div>
   <div class='ocr_carea' id='block_1_30' title="bbox 80 853 1066 894">
    <p class='ocr_par' dir='ltr' id='par_1_30' title="bbox 80 853 1066 894">
     <span class='ocr_line' id='line_1_30' title="bbox 80 853 1066 894; baseline -0.008 -6"><span class='ocrx_word' id='word_1_199' title='bbox 80 866 106 889; x_wconf 90' lang='lat' dir='ltr'><strong>et</strong></span> <span class='ocrx_word' id='word_1_200' title='bbox 121 861 262 887; x_wconf 79' lang='lat' dir='ltr'><strong>scientiam</strong></span> <span class='ocrx_word' id='word_1_201' title='bbox 273 881 281 893; x_wconf 86' lang='lat'><strong>,</strong></span> <span class='ocrx_word' id='word_1_202' title='bbox 297 866 325 887; x_wconf 90' lang='lat' dir='ltr'><strong>et</strong></span> <span class='ocrx_word' id='word_1_203' title='bbox 340 867 440 891; x_wconf 83' lang='lat' dir='ltr'><strong>mores.</strong></span> <span class='ocrx_word' id='word_1_204' title='bbox 455 867 617 894; x_wconf 90' lang='lat' dir='ltr'><strong>omnemque</strong></span> <span class='ocrx_word' id='word_1_205' title='bbox 633 858 745 885; x_wconf 80' lang='lat' dir='ltr'><strong>formam</strong></span> <span class='ocrx_word' id='word_1_206' title='bbox 760 854 891 890; x_wconf 80' lang='lat' dir='ltr'><strong>exprimis</strong></span> <span class='ocrx_word' id='word_1_207' title='bbox 905 853 1066 888; x_wconf 64' lang='lat' dir='ltr'><strong>disciplinae.</strong></span> 
     </span>
    </p>
   </div>
   <div class='ocr_carea' id='block_1_31' title="bbox 119 904 860 941">
    <p class='ocr_par' dir='ltr' id='par_1_31' title="bbox 119 904 860 941">
     <span class='ocr_line' id='line_1_31' title="bbox 119 904 860 941; baseline -0.005 -8"><span class='ocrx_word' id='word_1_208' title='bbox 119 906 199 933; x_wconf 81' lang='grc' dir='ltr'>Ἀλλὰ</span> <span class='ocrx_word' id='word_1_209' title='bbox 220 906 287 941; x_wconf 79' lang='grc' dir='ltr'>πρὸς</span> <span class='ocrx_word' id='word_1_210' title='bbox 299 907 354 937; x_wconf 86' lang='grc' dir='ltr'>τοῖς</span> <span class='ocrx_word' id='word_1_211' title='bbox 367 904 455 937; x_wconf 73' lang='grc' dir='ltr'>ἄλλοις</span> <span class='ocrx_word' id='word_1_212' title='bbox 471 906 518 932; x_wconf 72' lang='grc' dir='ltr'>καὶ</span> <span class='ocrx_word' id='word_1_213' title='bbox 534 905 550 940; x_wconf 82' lang='grc' dir='ltr'>ἡ</span> <span class='ocrx_word' id='word_1_214' title='bbox 564 904 611 931; x_wconf 86' lang='grc' dir='ltr'><strong>τοῦ</strong></span> <span class='ocrx_word' id='word_1_215' title='bbox 629 904 746 940; x_wconf 78' lang='grc' dir='ltr'><strong>μεγάλου</strong></span> <span class='ocrx_word' id='word_1_216' title='bbox 767 904 860 930; x_wconf 85' lang='grc' dir='ltr'>Διονυ-</span> 
     </span>
    </p>
   </div>
   <div class='ocr_carea' id='block_1_32' title="bbox 951 897 1693 938">
    <p class='ocr_par' dir='ltr' id='par_1_32' title="bbox 951 897 1693 938">
     <span class='ocr_line' id='line_1_32' title="bbox 951 897 1693 938; baseline 0.009 -13"><span class='ocrx_word' id='word_1_217' title='bbox 951 897 1004 926; x_wconf 81' lang='lat' dir='ltr'><strong>Sed</strong></span> <span class='ocrx_word' id='word_1_218' title='bbox 1019 906 1075 933; x_wconf 71' lang='lat' dir='ltr'><strong>pra:</strong></span> <span class='ocrx_word' id='word_1_219' title='bbox 1095 899 1201 927; x_wconf 79' lang='lat' dir='ltr'><strong>caeteris</strong></span> <span class='ocrx_word' id='word_1_220' title='bbox 1220 899 1303 928; x_wconf 87' lang='lat' dir='ltr'><strong>etiam</strong></span> <span class='ocrx_word' id='word_1_221' title='bbox 1328 901 1418 934; x_wconf 83' lang='lat' dir='ltr'><strong>magni</strong></span> <span class='ocrx_word' id='word_1_222' title='bbox 1438 901 1557 938; x_wconf 88' lang='lat' dir='ltr'><strong>Dionysii</strong></span> <span class='ocrx_word' id='word_1_223' title='bbox 1585 903 1693 933; x_wconf 86' lang='lat' dir='ltr'><strong>divinus</strong></span> 
     </span>
    </p>
   </div>
   <div class='ocr_carea' id='block_1_33' title="bbox 79 939 851 987">
    <p class='ocr_par' dir='ltr' id='par_1_33' title="bbox 79 939 851 987">
     <span class='ocr_line' id='line_1_33' title="bbox 79 939 851 987; baseline -0.005 -7"><span class='ocrx_word' id='word_1_224' title='bbox 79 953 134 980; x_wconf 87' lang='grc' dir='ltr'>σίου</span> <span class='ocrx_word' id='word_1_225' title='bbox 150 952 209 979; x_wconf 84' lang='grc' dir='ltr'>θεία</span> <span class='ocrx_word' id='word_1_226' title='bbox 232 939 328 983; x_wconf 74' lang='grc' dir='ltr'>πυκτὶς</span> <span class='ocrx_word' id='word_1_227' title='bbox 340 971 347 983; x_wconf 82' lang='grc'><strong>,</strong></span> <span class='ocrx_word' id='word_1_228' title='bbox 362 951 412 987; x_wconf 82' lang='grc' dir='ltr'>τῆς</span> <span class='ocrx_word' id='word_1_229' title='bbox 428 939 613 987; x_wconf 79' lang='grc' dir='ltr'>πνευματικῆς</span> <span class='ocrx_word' id='word_1_230' title='bbox 629 939 676 978; x_wconf 71' lang='grc' dir='ltr'>καὶ</span> <span class='ocrx_word' id='word_1_231' title='bbox 691 950 784 987; x_wconf 78' lang='grc' dir='ltr'><strong>ἡδείας</strong></span> <span class='ocrx_word' id='word_1_232' title='bbox 802 951 851 976; x_wconf 79' lang='grc' dir='ltr'>Σει·</span> 
     </span>
    </p>
   </div>
   <div class='ocr_carea' id='block_1_34' title="bbox 907 939 1693 987">
    <p class='ocr_par' dir='ltr' id='par_1_34' title="bbox 912 943 1693 980">
     <span class='ocr_line' id='line_1_34' title="bbox 912 943 1693 980; baseline 0.005 -8"><span class='ocrx_word' id='word_1_233' title='bbox 912 943 1032 977; x_wconf 83' lang='lat' dir='ltr'><strong>libellus.</strong></span> <span class='ocrx_word' id='word_1_234' title='bbox 1048 944 1181 979; x_wconf 83' lang='lat' dir='ltr'><strong>spiritalis</strong></span> <span class='ocrx_word' id='word_1_235' title='bbox 1196 953 1228 973; x_wconf 87' lang='lat' dir='ltr'><strong>ac</strong></span> <span class='ocrx_word' id='word_1_236' title='bbox 1242 946 1334 974; x_wconf 83' lang='lat' dir='ltr'><strong>suavis</strong></span> <span class='ocrx_word' id='word_1_237' title='bbox 1348 946 1451 974; x_wconf 77' lang='lat' dir='ltr'><strong>Sirena:</strong></span> <span class='ocrx_word' id='word_1_238' title='bbox 1465 948 1583 980; x_wconf 71' lang='lat' dir='ltr'><strong>mansio,</strong></span> <span class='ocrx_word' id='word_1_239' title='bbox 1598 954 1624 976; x_wconf 92' lang='lat' dir='ltr'><strong>te</strong></span> <span class='ocrx_word' id='word_1_240' title='bbox 1643 950 1693 976; x_wconf 84' lang='lat' dir='ltr'><strong>de-</strong></span> 
     </span>
    </p>
   </div>
   <div class='ocr_carea' id='block_1_35' title="bbox 81 997 861 1035">
    <p class='ocr_par' dir='ltr' id='par_1_35' title="bbox 81 997 861 1035">
     <span class='ocr_line' id='line_1_35' title="bbox 81 997 861 1035; baseline -0.001 -11"><span class='ocrx_word' id='word_1_241' title='bbox 81 998 157 1035; x_wconf 82' lang='grc' dir='ltr'>ρῆνος</span> <span class='ocrx_word' id='word_1_242' title='bbox 169 999 199 1024; x_wconf 84' lang='grc' dir='ltr'><strong>τὺ</strong></span> <span class='ocrx_word' id='word_1_243' title='bbox 212 997 381 1033; x_wconf 90' lang='grc' dir='ltr'>ἐνδιαίτημα,</span> <span class='ocrx_word' id='word_1_244' title='bbox 409 997 582 1033; x_wconf 73' lang='grc' dir='ltr'>κατασχοῦσα</span> <span class='ocrx_word' id='word_1_245' title='bbox 600 1004 640 1029; x_wconf 86' lang='grc' dir='ltr'><strong>σε,</strong></span> <span class='ocrx_word' id='word_1_246' title='bbox 660 998 719 1024; x_wconf 82' lang='grc' dir='ltr'>ὅλον</span> <span class='ocrx_word' id='word_1_247' title='bbox 731 998 861 1024; x_wconf 79' lang='grc' dir='ltr'>εἰσποιεῖ-</span> 
     </span>
    </p>
   </div>
   <div class='ocr_carea' id='block_1_36' title="bbox 77 1043 861 1080">
    <p class='ocr_par' dir='ltr' id='par_1_36' title="bbox 77 1043 861 1080">
     <span class='ocr_line' id='line_1_36' title="bbox 77 1043 861 1080; baseline -0.003 -8"><span class='ocrx_word' id='word_1_248' title='bbox 77 1054 129 1076; x_wconf 69' lang='lat' dir='ltr'><strong>ut,</strong></span> <span class='ocrx_word' id='word_1_249' title='bbox 143 1045 191 1071; x_wconf 78' lang='grc' dir='ltr'>καὶ</span> <span class='ocrx_word' id='word_1_250' title='bbox 203 1044 257 1071; x_wconf 88' lang='grc' dir='ltr'><strong>τῶν</strong></span> <span class='ocrx_word' id='word_1_251' title='bbox 269 1045 356 1071; x_wconf 85' lang='grc' dir='ltr'>ἐκεῖσε</span> <span class='ocrx_word' id='word_1_252' title='bbox 369 1044 486 1080; x_wconf 81' lang='grc' dir='ltr'>χαρίτων</span> <span class='ocrx_word' id='word_1_253' title='bbox 500 1043 670 1079; x_wconf 75' lang='grc' dir='ltr'>ἀναπιμπλᾷ,</span> <span class='ocrx_word' id='word_1_254' title='bbox 688 1044 718 1070; x_wconf 90' lang='grc' dir='ltr'>οὺ</span> <span class='ocrx_word' id='word_1_255' title='bbox 741 1043 819 1080; x_wconf 84' lang='grc' dir='ltr'>κηρῷ</span> <span class='ocrx_word' id='word_1_256' title='bbox 830 1043 861 1070; x_wconf 80' lang='grc' dir='ltr'>τὸ</span> 
     </span>
    </p>
   </div>
   <div class='ocr_carea' id='block_1_37' title="bbox 76 1089 860 1126">
    <p class='ocr_par' dir='ltr' id='par_1_37' title="bbox 76 1089 860 1126">
     <span class='ocr_line' id='line_1_37' title="bbox 76 1089 860 1126; baseline -0.004 -8"><span class='ocrx_word' id='word_1_257' title='bbox 76 1091 121 1118; x_wconf 83' lang='grc' dir='ltr'><strong>τοῦ</strong></span> <span class='ocrx_word' id='word_1_258' title='bbox 136 1091 216 1125; x_wconf 84' lang='grc' dir='ltr'>λόγου</span> <span class='ocrx_word' id='word_1_259' title='bbox 230 1090 279 1122; x_wconf 79' lang='grc' dir='ltr'><strong>τὰς</strong></span> <span class='ocrx_word' id='word_1_260' title='bbox 292 1090 411 1126; x_wconf 77' lang='grc' dir='ltr'>ψυχικὰς</span> <span class='ocrx_word' id='word_1_261' title='bbox 426 1089 510 1121; x_wconf 81' lang='grc' dir='ltr'>ἀκοὰς</span> <span class='ocrx_word' id='word_1_262' title='bbox 524 1089 705 1126; x_wconf 82' lang='grc' dir='ltr'>φραξάμενον,</span> <span class='ocrx_word' id='word_1_263' title='bbox 720 1089 781 1116; x_wconf 81' lang='grc' dir='ltr'>οὔτε</span> <span class='ocrx_word' id='word_1_264' title='bbox 807 1089 860 1124; x_wconf 82' lang='grc' dir='ltr'>μὴν</span> 
     </span>
    </p>
   </div>
   <div class='ocr_carea' id='block_1_38' title="bbox 76 1131 857 1173">
    <p class='ocr_par' dir='ltr' id='par_1_38' title="bbox 76 1131 857 1173">
     <span class='ocr_line' id='line_1_38' title="bbox 76 1131 857 1173; baseline -0.006 -7"><span class='ocrx_word' id='word_1_265' title='bbox 76 1140 135 1171; x_wconf 83' lang='grc' dir='ltr'>ταῖς</span> <span class='ocrx_word' id='word_1_266' title='bbox 156 1138 228 1165; x_wconf 78' lang='grc' dir='ltr'>κατὰ</span> <span class='ocrx_word' id='word_1_267' title='bbox 244 1139 345 1173; x_wconf 82' lang='grc' dir='ltr'>κόσμον</span> <span class='ocrx_word' id='word_1_268' title='bbox 361 1131 557 1173; x_wconf 83' lang='grc' dir='ltr'>προσπαθείαις</span> <span class='ocrx_word' id='word_1_269' title='bbox 580 1136 779 1172; x_wconf 79' lang='grc' dir='ltr'>συνδεδεμένον,</span> <span class='ocrx_word' id='word_1_270' title='bbox 801 1135 857 1162; x_wconf 80' lang='grc' dir='ltr'>ἀλλ’</span> 
     </span>
    </p>
   </div>
   <div class='ocr_carea' id='block_1_39' title="bbox 75 1182 860 1220">
    <p class='ocr_par' dir='ltr' id='par_1_39' title="bbox 75 1182 860 1220">
     <span class='ocr_line' id='line_1_39' title="bbox 75 1182 860 1220; baseline -0.005 -8"><span class='ocrx_word' id='word_1_271' title='bbox 75 1185 167 1212; x_wconf 76' lang='grc' dir='ltr'>ἄνετον</span> <span class='ocrx_word' id='word_1_272' title='bbox 181 1185 245 1211; x_wconf 71' lang='grc' dir='ltr'>ὂντα</span> <span class='ocrx_word' id='word_1_273' title='bbox 255 1184 302 1212; x_wconf 81' lang='grc' dir='ltr'>καὶ</span> <span class='ocrx_word' id='word_1_274' title='bbox 316 1183 481 1220; x_wconf 74' lang='grc' dir='ltr'><strong>ἐξῃρημένον</strong></span> <span class='ocrx_word' id='word_1_275' title='bbox 496 1182 603 1214; x_wconf 80' lang='grc' dir='ltr'>παντὸς,</span> <span class='ocrx_word' id='word_1_276' title='bbox 617 1182 663 1209; x_wconf 76' lang='grc' dir='ltr'>καὶ</span> <span class='ocrx_word' id='word_1_277' title='bbox 675 1182 763 1213; x_wconf 82' lang='grc' dir='ltr'>πάσας</span> <span class='ocrx_word' id='word_1_278' title='bbox 778 1182 860 1208; x_wconf 79' lang='grc' dir='ltr'>ἀκου-</span> 
     </span>
    </p>
   </div>
   <div class='ocr_carea' id='block_1_40' title="bbox 76 1226 856 1265">
    <p class='ocr_par' dir='ltr' id='par_1_40' title="bbox 76 1226 856 1265">
     <span class='ocr_line' id='line_1_40' title="bbox 76 1226 856 1265; baseline -0.006 -7"><span class='ocrx_word' id='word_1_279' title='bbox 76 1230 171 1263; x_wconf 82' lang='grc' dir='ltr'>στικὰς</span> <span class='ocrx_word' id='word_1_280' title='bbox 185 1230 356 1265; x_wconf 80' lang='grc' dir='ltr'>ἠνεῳγμένον</span> <span class='ocrx_word' id='word_1_281' title='bbox 377 1229 423 1256; x_wconf 76' lang='grc' dir='ltr'>καὶ</span> <span class='ocrx_word' id='word_1_282' title='bbox 439 1227 510 1260; x_wconf 87' lang='grc' dir='ltr'>νοῦν,</span> <span class='ocrx_word' id='word_1_283' title='bbox 528 1228 568 1260; x_wconf 84' lang='grc' dir='ltr'>εἰς</span> <span class='ocrx_word' id='word_1_284' title='bbox 580 1228 736 1263; x_wconf 80' lang='grc' dir='ltr'>πρέπουσαν</span> <span class='ocrx_word' id='word_1_285' title='bbox 756 1226 856 1263; x_wconf 80' lang='grc' dir='ltr'>δηλαδὴ</span> 
     </span>
    </p>
   </div>
   <div class='ocr_carea' id='block_1_41' title="bbox 75 1272 854 1310">
    <p class='ocr_par' dir='ltr' id='par_1_41' title="bbox 75 1272 854 1310">
     <span class='ocr_line' id='line_1_41' title="bbox 75 1272 854 1310; baseline -0.004 -9"><span class='ocrx_word' id='word_1_286' title='bbox 75 1275 120 1301; x_wconf 73' lang='grc' dir='ltr'><strong>καὶ</strong></span> <span class='ocrx_word' id='word_1_287' title='bbox 138 1277 196 1306; x_wconf 88' lang='grc' dir='ltr'>τοῖς</span> <span class='ocrx_word' id='word_1_288' title='bbox 212 1273 366 1310; x_wconf 76' lang='grc' dir='ltr'>λεγομένοις</span> <span class='ocrx_word' id='word_1_289' title='bbox 388 1274 434 1300; x_wconf 69' lang='grc' dir='ltr'><strong>καὶ</strong></span> <span class='ocrx_word' id='word_1_290' title='bbox 457 1274 513 1304; x_wconf 85' lang='grc' dir='ltr'>τοῖς</span> <span class='ocrx_word' id='word_1_291' title='bbox 528 1272 682 1308; x_wconf 80' lang='grc' dir='ltr'>νοουμένοις</span> <span class='ocrx_word' id='word_1_292' title='bbox 703 1272 854 1308; x_wconf 76' lang='grc' dir='ltr'>ἀντίληψιν.</span> 
     </span>
    </p>
   </div>
   <div class='ocr_carea' id='block_1_42' title="bbox 81 1313 856 1355">
    <p class='ocr_par' dir='ltr' id='par_1_42' title="bbox 81 1313 856 1355">
     <span class='ocr_line' id='line_1_42' title="bbox 81 1313 856 1355; baseline -0.006 -8"><span class='ocrx_word' id='word_1_293' title='bbox 81 1320 148 1346; x_wconf 82' lang='grc' dir='ltr'>Ἀλλ’</span> <span class='ocrx_word' id='word_1_294' title='bbox 169 1319 263 1355; x_wconf 81' lang='grc' dir='ltr'>ἐπειδὴ</span> <span class='ocrx_word' id='word_1_295' title='bbox 289 1319 336 1346; x_wconf 74' lang='grc' dir='ltr'>καὶ</span> <span class='ocrx_word' id='word_1_296' title='bbox 364 1318 475 1345; x_wconf 70' lang='grc' dir='ltr'>εἰκόνων</span> <span class='ocrx_word' id='word_1_297' title='bbox 501 1316 590 1353; x_wconf 80' lang='grc' dir='ltr'>ἐκείνη</span> <span class='ocrx_word' id='word_1_298' title='bbox 611 1317 765 1352; x_wconf 81' lang='grc' dir='ltr'>ἀριφανὴς,</span> <span class='ocrx_word' id='word_1_299' title='bbox 781 1313 856 1353; x_wconf 81' lang='grc' dir='ltr'><strong>ὲφ“ᾖ</strong></span> 
     </span>
    </p>
   </div>
   <div class='ocr_carea' id='block_1_43' title="bbox 75 1360 856 1398">
    <p class='ocr_par' dir='ltr' id='par_1_43' title="bbox 75 1360 856 1398">
     <span class='ocr_line' id='line_1_43' title="bbox 75 1360 856 1398; baseline -0.005 -7"><span class='ocrx_word' id='word_1_300' title='bbox 75 1364 157 1391; x_wconf 83' lang='grc' dir='ltr'>πολλὰ</span> <span class='ocrx_word' id='word_1_301' title='bbox 181 1364 227 1391; x_wconf 77' lang='grc' dir='ltr'>καὶ</span> <span class='ocrx_word' id='word_1_302' title='bbox 248 1364 375 1395; x_wconf 84' lang='grc' dir='ltr'>πολλάκις</span> <span class='ocrx_word' id='word_1_303' title='bbox 396 1363 411 1390; x_wconf 81' lang='grc' dir='ltr'><strong>ὁ</strong></span> <span class='ocrx_word' id='word_1_304' title='bbox 432 1362 556 1398; x_wconf 79' lang='grc' dir='ltr'>τεχνίτης</span> <span class='ocrx_word' id='word_1_305' title='bbox 572 1360 710 1388; x_wconf 74' lang='grc' dir='ltr'>ἐπιϐάλλοι</span> <span class='ocrx_word' id='word_1_306' title='bbox 725 1361 761 1388; x_wconf 79' lang='grc' dir='ltr'><strong>τὰ</strong></span> <span class='ocrx_word' id='word_1_307' title='bbox 783 1361 856 1398; x_wconf 89' lang='grc' dir='ltr'>χρώ-</span> 
     </span>
    </p>
   </div>
   <div class='ocr_carea' id='block_1_44' title="bbox 75 1404 854 1446">
    <p class='ocr_par' dir='ltr' id='par_1_44' title="bbox 75 1404 854 1446">
     <span class='ocr_line' id='line_1_44' title="bbox 75 1404 854 1446; baseline -0.005 -9"><span class='ocrx_word' id='word_1_308' title='bbox 75 1419 155 1446; x_wconf 76' lang='grc' dir='ltr'>ματα.</span> <span class='ocrx_word' id='word_1_309' title='bbox 172 1411 219 1437; x_wconf 76' lang='grc' dir='ltr'>καὶ</span> <span class='ocrx_word' id='word_1_310' title='bbox 233 1410 318 1445; x_wconf 86' lang='grc' dir='ltr'>λόγων</span> <span class='ocrx_word' id='word_1_311' title='bbox 339 1410 441 1442; x_wconf 87' lang='grc' dir='ltr'>ἐκεῖνος</span> <span class='ocrx_word' id='word_1_312' title='bbox 457 1404 560 1445; x_wconf 74' lang='grc' dir='ltr'>σαφὴς,</span> <span class='ocrx_word' id='word_1_313' title='bbox 613 1407 697 1434; x_wconf 84' lang='grc' dir='ltr'>πολλὰ</span> <span class='ocrx_word' id='word_1_314' title='bbox 709 1407 756 1434; x_wconf 77' lang='grc' dir='ltr'>καὶ</span> <span class='ocrx_word' id='word_1_315' title='bbox 770 1407 854 1439; x_wconf 80' lang='grc' dir='ltr'>ἄλλοι,</span> 
     </span>
    </p>
   </div>
   <div class='ocr_carea' id='block_1_45' title="bbox 73 1453 851 1491">
    <p class='ocr_par' dir='ltr' id='par_1_45' title="bbox 73 1453 851 1491">
     <span class='ocr_line' id='line_1_45' title="bbox 73 1453 851 1491; baseline -0.005 -8"><span class='ocrx_word' id='word_1_316' title='bbox 73 1458 118 1483; x_wconf 81' lang='grc' dir='ltr'>καὶ</span> <span class='ocrx_word' id='word_1_317' title='bbox 127 1457 257 1488; x_wconf 80' lang='grc' dir='ltr'>πολλάκις</span> <span class='ocrx_word' id='word_1_318' title='bbox 269 1457 346 1491; x_wconf 77' lang='grc' dir='ltr'>μόνον</span> <span class='ocrx_word' id='word_1_319' title='bbox 357 1454 600 1491; x_wconf 77' lang='grc' dir='ltr'>κατευστοχοῦντες</span> <span class='ocrx_word' id='word_1_320' title='bbox 612 1455 668 1482; x_wconf 86' lang='grc' dir='ltr'><strong>τῶν</strong></span> <span class='ocrx_word' id='word_1_321' title='bbox 689 1453 851 1490; x_wconf 84' lang='grc' dir='ltr'>λεγομένων,</span> 
     </span>
    </p>
   </div>
   <div class='ocr_carea' id='block_1_46' title="bbox 73 1500 854 1537">
    <p class='ocr_par' dir='ltr' id='par_1_46' title="bbox 73 1500 854 1537">
     <span class='ocr_line' id='line_1_46' title="bbox 73 1500 854 1537; baseline -0.003 -9"><span class='ocrx_word' id='word_1_322' title='bbox 73 1502 195 1529; x_wconf 75' lang='grc' dir='ltr'>ἐπειπεῖν</span> <span class='ocrx_word' id='word_1_323' title='bbox 208 1502 258 1529; x_wconf 78' lang='grc' dir='ltr'>οὐκ</span> <span class='ocrx_word' id='word_1_324' title='bbox 272 1502 454 1537; x_wconf 83' lang='grc' dir='ltr'>ἀπώκνησαν·</span> <span class='ocrx_word' id='word_1_325' title='bbox 472 1502 516 1528; x_wconf 85' lang='grc' dir='ltr'>διὰ</span> <span class='ocrx_word' id='word_1_326' title='bbox 530 1501 609 1528; x_wconf 86' lang='grc' dir='ltr'>τοῦτο</span> <span class='ocrx_word' id='word_1_327' title='bbox 630 1500 724 1536; x_wconf 83' lang='grc' dir='ltr'>σαφῶς</span> <span class='ocrx_word' id='word_1_328' title='bbox 748 1500 796 1535; x_wconf 80' lang='grc' dir='ltr'><strong>μὲν</strong></span> <span class='ocrx_word' id='word_1_329' title='bbox 810 1500 854 1526; x_wconf 91' lang='grc' dir='ltr'>λο-</span> 
     </span>
    </p>
   </div>
   <div class='ocr_carea' id='block_1_47' title="bbox 72 1543 854 1585">
    <p class='ocr_par' dir='ltr' id='par_1_47' title="bbox 72 1543 854 1585">
     <span class='ocr_line' id='line_1_47' title="bbox 72 1543 854 1585; baseline -0.001 -11"><span class='ocrx_word' id='word_1_330' title='bbox 72 1548 144 1585; x_wconf 74' lang='grc' dir='ltr'>γίζῃ,</span> <span class='ocrx_word' id='word_1_331' title='bbox 155 1550 203 1575; x_wconf 79' lang='grc' dir='ltr'>καὶ</span> <span class='ocrx_word' id='word_1_332' title='bbox 215 1549 264 1584; x_wconf 82' lang='grc' dir='ltr'>τῆς</span> <span class='ocrx_word' id='word_1_333' title='bbox 278 1549 329 1584; x_wconf 83' lang='grc' dir='ltr'>σῆς</span> <span class='ocrx_word' id='word_1_334' title='bbox 343 1548 490 1583; x_wconf 84' lang='grc' dir='ltr'>φιλαγάθου</span> <span class='ocrx_word' id='word_1_335' title='bbox 503 1543 614 1584; x_wconf 78' lang='grc' dir='ltr'>γνώμης</span> <span class='ocrx_word' id='word_1_336' title='bbox 627 1548 735 1580; x_wconf 86' lang='grc' dir='ltr'>ἐπάξια,</span> <span class='ocrx_word' id='word_1_337' title='bbox 753 1547 780 1574; x_wconf 70' lang='lat' dir='ltr'><strong>et</strong></span> <span class='ocrx_word' id='word_1_338' title='bbox 796 1555 854 1578; x_wconf 86' lang='grc' dir='ltr'><strong>πως</strong></span> 
     </span>
    </p>
   </div>
   <div class='ocr_carea' id='block_1_48' title="bbox 71 1593 890 1633">
    <p class='ocr_par' dir='ltr' id='par_1_48' title="bbox 71 1593 890 1633">
     <span class='ocr_line' id='line_1_48' title="bbox 71 1593 890 1633; baseline -0.004 -12"><span class='ocrx_word' id='word_1_339' title='bbox 71 1595 86 1629; x_wconf 84' lang='grc' dir='ltr'>ἡ</span> <span class='ocrx_word' id='word_1_340' title='bbox 103 1594 161 1621; x_wconf 86' lang='grc' dir='ltr'>θεία</span> <span class='ocrx_word' id='word_1_341' title='bbox 179 1594 270 1629; x_wconf 79' lang='grc' dir='ltr'>βίϐλος</span> <span class='ocrx_word' id='word_1_342' title='bbox 286 1593 354 1630; x_wconf 72' lang='grc' dir='ltr'>αὕτη</span> <span class='ocrx_word' id='word_1_343' title='bbox 371 1594 563 1629; x_wconf 83' lang='grc' dir='ltr'>ἀναπτυχθείη,</span> <span class='ocrx_word' id='word_1_344' title='bbox 576 1593 622 1620; x_wconf 72' lang='lat' dir='ltr'><strong>xui.</strong></span> <span class='ocrx_word' id='word_1_345' title='bbox 639 1593 789 1628; x_wconf 82' lang='grc' dir='ltr'>κοινότερον</span> <span class='ocrx_word' id='word_1_346' title='bbox 804 1601 853 1618; x_wconf 88' lang='grc' dir='ltr'>κα-</span> <span class='ocrx_word' id='word_1_347' title='bbox 869 1604 890 1633; x_wconf 79' lang='lat' dir='ltr'>c</span> 
     </span>
    </p>
   </div>
   <div class='ocr_carea' id='block_1_49' title="bbox 69 1637 854 1678">
    <p class='ocr_par' dir='ltr' id='par_1_49' title="bbox 69 1637 854 1678">
     <span class='ocr_line' id='line_1_49' title="bbox 69 1637 854 1678; baseline -0.001 -11"><span class='ocrx_word' id='word_1_348' title='bbox 69 1642 181 1678; x_wconf 77' lang='grc' dir='ltr'>τασταίη</span> <span class='ocrx_word' id='word_1_349' title='bbox 197 1641 229 1668; x_wconf 85' lang='grc' dir='ltr'><strong>τὺ</strong></span> <span class='ocrx_word' id='word_1_350' title='bbox 241 1641 333 1676; x_wconf 85' lang='grc' dir='ltr'>χρῆμα.</span> <span class='ocrx_word' id='word_1_351' title='bbox 351 1637 411 1673; x_wconf 76' lang='grc' dir='ltr'>ταῖς</span> <span class='ocrx_word' id='word_1_352' title='bbox 424 1641 478 1668; x_wconf 87' lang='grc' dir='ltr'><strong>τῶν</strong></span> <span class='ocrx_word' id='word_1_353' title='bbox 498 1641 601 1668; x_wconf 85' lang='grc' dir='ltr'>πολλῶν</span> <span class='ocrx_word' id='word_1_354' title='bbox 620 1641 724 1672; x_wconf 81' lang='grc' dir='ltr'>ἀκοαῖς,</span> <span class='ocrx_word' id='word_1_355' title='bbox 740 1639 854 1667; x_wconf 79' lang='grc' dir='ltr'>κάντεῦ-</span> 
     </span>
    </p>
   </div>
   <div class='ocr_carea' id='block_1_50' title="bbox 70 1681 852 1722">
    <p class='ocr_par' dir='ltr' id='par_1_50' title="bbox 70 1681 852 1722">
     <span class='ocr_line' id='line_1_50' title="bbox 70 1681 852 1722; baseline -0.003 -9"><span class='ocrx_word' id='word_1_356' title='bbox 70 1687 114 1713; x_wconf 82' lang='grc' dir='ltr'><strong>θεν</strong></span> <span class='ocrx_word' id='word_1_357' title='bbox 139 1687 227 1722; x_wconf 74' lang='grc' dir='ltr'>ἔχοιεν</span> <span class='ocrx_word' id='word_1_358' title='bbox 250 1681 410 1721; x_wconf 79' lang='grc' dir='ltr'>ὠφελεῖσθαι</span> <span class='ocrx_word' id='word_1_359' title='bbox 435 1687 537 1719; x_wconf 76' lang='grc' dir='ltr'>πολλοὶ,</span> <span class='ocrx_word' id='word_1_360' title='bbox 560 1687 593 1714; x_wconf 80' lang='grc' dir='ltr'><strong>τὰ</strong></span> <span class='ocrx_word' id='word_1_361' title='bbox 608 1687 677 1721; x_wconf 81' lang='grc' dir='ltr'>ὑπὲρ</span> <span class='ocrx_word' id='word_1_362' title='bbox 698 1685 759 1712; x_wconf 90' lang='grc' dir='ltr'>νοῦν</span> <span class='ocrx_word' id='word_1_363' title='bbox 781 1685 852 1712; x_wconf 85' lang='grc' dir='ltr'>κατὰ</span> 
     </span>
    </p>
   </div>
   <div class='ocr_carea' id='block_1_51' title="bbox 67 1731 852 1768">
    <p class='ocr_par' dir='ltr' id='par_1_51' title="bbox 67 1731 852 1768">
     <span class='ocr_line' id='line_1_51' title="bbox 67 1731 852 1768; baseline -0.004 -8"><span class='ocrx_word' id='word_1_364' title='bbox 67 1732 138 1764; x_wconf 84' lang='grc' dir='ltr'>νοῦν,</span> <span class='ocrx_word' id='word_1_365' title='bbox 155 1732 203 1759; x_wconf 72' lang='grc' dir='ltr'><strong>καὶ</strong></span> <span class='ocrx_word' id='word_1_366' title='bbox 215 1731 250 1758; x_wconf 83' lang='grc' dir='ltr'><strong>τὰ</strong></span> <span class='ocrx_word' id='word_1_367' title='bbox 269 1732 338 1768; x_wconf 77' lang='grc' dir='ltr'>ὑπὲρ</span> <span class='ocrx_word' id='word_1_368' title='bbox 359 1731 472 1767; x_wconf 83' lang='grc' dir='ltr'>δύναμιν</span> <span class='ocrx_word' id='word_1_369' title='bbox 494 1731 564 1759; x_wconf 76' lang='grc' dir='ltr'>κατὰ</span> <span class='ocrx_word' id='word_1_370' title='bbox 577 1732 689 1767; x_wconf 89' lang='grc' dir='ltr'>δύναμιν</span> <span class='ocrx_word' id='word_1_371' title='bbox 703 1731 852 1766; x_wconf 64' lang='grc' dir='ltr'>προσιέμεν</span> 
     </span>
    </p>
   </div>
   <div class='ocr_carea' id='block_1_52' title="bbox 67 1775 852 1814">
    <p class='ocr_par' dir='ltr' id='par_1_52' title="bbox 67 1775 852 1814">
     <span class='ocr_line' id='line_1_52' title="bbox 67 1775 852 1814; baseline -0.001 -10"><span class='ocrx_word' id='word_1_372' title='bbox 67 1786 115 1804; x_wconf 91' lang='grc' dir='ltr'>νοι.</span> <span class='ocrx_word' id='word_1_373' title='bbox 141 1778 221 1804; x_wconf 87' lang='grc' dir='ltr'>Ἐστι</span> <span class='ocrx_word' id='word_1_374' title='bbox 242 1777 296 1813; x_wconf 87' lang='grc' dir='ltr'><strong>γὰρ</strong></span> <span class='ocrx_word' id='word_1_375' title='bbox 310 1778 357 1804; x_wconf 73' lang='grc' dir='ltr'>καὶ</span> <span class='ocrx_word' id='word_1_376' title='bbox 380 1777 459 1804; x_wconf 83' lang='grc' dir='ltr'>τοῦτο</span> <span class='ocrx_word' id='word_1_377' title='bbox 478 1777 524 1804; x_wconf 86' lang='grc' dir='ltr'><strong>τοῦ</strong></span> <span class='ocrx_word' id='word_1_378' title='bbox 546 1777 656 1814; x_wconf 79' lang='grc' dir='ltr'>τρέφειν</span> <span class='ocrx_word' id='word_1_379' title='bbox 674 1775 742 1808; x_wconf 83' lang='grc' dir='ltr'>εἶδος</span> <span class='ocrx_word' id='word_1_380' title='bbox 765 1777 796 1803; x_wconf 82' lang='grc' dir='ltr'><strong>οὺ</strong></span> <span class='ocrx_word' id='word_1_381' title='bbox 821 1777 852 1803; x_wconf 79' lang='grc' dir='ltr'>τὸ</span> 
     </span>
    </p>
   </div>
   <div class='ocr_carea' id='block_1_53' title="bbox 64 1822 849 1860">
    <p class='ocr_par' dir='ltr' id='par_1_53' title="bbox 64 1822 849 1860">
     <span class='ocr_line' id='line_1_53' title="bbox 64 1822 849 1860; baseline -0.003 -10"><span class='ocrx_word' id='word_1_382' title='bbox 64 1824 156 1860; x_wconf 80' lang='grc' dir='ltr'>τυχὸν,</span> <span class='ocrx_word' id='word_1_383' title='bbox 173 1824 239 1850; x_wconf 83' lang='grc' dir='ltr'>ὅταν</span> <span class='ocrx_word' id='word_1_384' title='bbox 251 1824 293 1855; x_wconf 77' lang='grc' dir='ltr'>τὶς</span> <span class='ocrx_word' id='word_1_385' title='bbox 309 1824 346 1859; x_wconf 86' lang='grc' dir='ltr'>μὴ</span> <span class='ocrx_word' id='word_1_386' title='bbox 361 1823 408 1858; x_wconf 85' lang='grc' dir='ltr'><strong>ἀφ’</strong></span> <span class='ocrx_word' id='word_1_387' title='bbox 424 1822 519 1850; x_wconf 78' lang='grc' dir='ltr'>ἑαυτοῦ</span> <span class='ocrx_word' id='word_1_388' title='bbox 533 1823 583 1859; x_wconf 84' lang='grc' dir='ltr'>τὴν</span> <span class='ocrx_word' id='word_1_389' title='bbox 596 1823 698 1859; x_wconf 78' lang='grc' dir='ltr'>τροφὴν</span> <span class='ocrx_word' id='word_1_390' title='bbox 713 1822 849 1858; x_wconf 81' lang='grc' dir='ltr'>χορηγῶν,</span> 
     </span>
    </p>
   </div>
   <div class='ocr_carea' id='block_1_54' title="bbox 64 1869 851 1907">
    <p class='ocr_par' dir='ltr' id='par_1_54' title="bbox 64 1869 851 1907">
     <span class='ocr_line' id='line_1_54' title="bbox 64 1869 851 1907; baseline -0.003 -9"><span class='ocrx_word' id='word_1_391' title='bbox 64 1871 139 1907; x_wconf 78' lang='grc' dir='ltr'>ὅμως</span> <span class='ocrx_word' id='word_1_392' title='bbox 153 1870 352 1907; x_wconf 80' lang='grc' dir='ltr'>προμαλάσσων</span> <span class='ocrx_word' id='word_1_393' title='bbox 364 1870 464 1905; x_wconf 78' lang='grc' dir='ltr'>ταύτην</span> <span class='ocrx_word' id='word_1_394' title='bbox 480 1870 497 1905; x_wconf 85' lang='grc' dir='ltr'>ἢ</span> <span class='ocrx_word' id='word_1_395' title='bbox 514 1869 757 1905; x_wconf 83' lang='grc' dir='ltr'>προμασσώμενος,</span> <span class='ocrx_word' id='word_1_396' title='bbox 771 1869 851 1896; x_wconf 76' lang='grc' dir='ltr'>ἐπέν-</span> 
     </span>
    </p>
   </div>
   <div class='ocr_carea' id='block_1_55' title="bbox 63 1913 851 1950">
    <p class='ocr_par' dir='ltr' id='par_1_55' title="bbox 63 1913 851 1950">
     <span class='ocr_line' id='line_1_55' title="bbox 63 1913 851 1950; baseline -0.003 -8"><span class='ocrx_word' id='word_1_397' title='bbox 63 1924 175 1943; x_wconf 82' lang='grc' dir='ltr'>τευκτον</span> <span class='ocrx_word' id='word_1_398' title='bbox 191 1916 250 1946; x_wconf 85' lang='grc' dir='ltr'>τοῖς</span> <span class='ocrx_word' id='word_1_399' title='bbox 265 1915 405 1942; x_wconf 79' lang='grc' dir='ltr'>ἀσθενέσιν</span> <span class='ocrx_word' id='word_1_400' title='bbox 422 1914 579 1949; x_wconf 77' lang='grc' dir='ltr'>ἐγκαθιστᾷ,</span> <span class='ocrx_word' id='word_1_401' title='bbox 595 1915 644 1941; x_wconf 80' lang='grc' dir='ltr'><strong>οὐκ</strong></span> <span class='ocrx_word' id='word_1_402' title='bbox 655 1914 738 1950; x_wconf 79' lang='grc' dir='ltr'>ἄλλην</span> <span class='ocrx_word' id='word_1_403' title='bbox 750 1913 851 1950; x_wconf 87' lang='grc' dir='ltr'>προφέ-</span> 
     </span>
    </p>
   </div>
   <div class='ocr_carea' id='block_1_56' title="bbox 66 1957 691 1997">
    <p class='ocr_par' dir='ltr' id='par_1_56' title="bbox 66 1957 691 1997">
     <span class='ocr_line' id='line_1_56' title="bbox 66 1957 691 1997; baseline -0.002 -10"><span class='ocrx_word' id='word_1_404' title='bbox 66 1969 130 1996; x_wconf 91' lang='grc' dir='ltr'>ρων,</span> <span class='ocrx_word' id='word_1_405' title='bbox 145 1961 195 1997; x_wconf 82' lang='grc' dir='ltr'>τὴν</span> <span class='ocrx_word' id='word_1_406' title='bbox 212 1960 243 1987; x_wconf 83' lang='grc' dir='ltr'><strong>δὲ</strong></span> <span class='ocrx_word' id='word_1_407' title='bbox 258 1957 439 1996; x_wconf 78' lang='grc' dir='ltr'>προκειμένην</span> <span class='ocrx_word' id='word_1_408' title='bbox 452 1960 691 1995; x_wconf 83' lang='grc' dir='ltr'>κατεργαζόμενος.</span> 
     </span>
    </p>
   </div>
   <div class='ocr_carea' id='block_1_57' title="bbox 96 2003 847 2042">
    <p class='ocr_par' dir='ltr' id='par_1_57' title="bbox 96 2003 847 2042">
     <span class='ocr_line' id='line_1_57' title="bbox 96 2003 847 2042; baseline -0.001 -10"><span class='ocrx_word' id='word_1_409' title='bbox 96 2006 189 2040; x_wconf 66' lang='lat' dir='ltr'><strong>Ecqui);</strong></span> <span class='ocrx_word' id='word_1_410' title='bbox 202 2006 253 2042; x_wconf 87' lang='grc' dir='ltr'><strong>μὲν</strong></span> <span class='ocrx_word' id='word_1_411' title='bbox 265 2003 312 2032; x_wconf 77' lang='grc' dir='ltr'><strong>οὖν</strong></span> <span class='ocrx_word' id='word_1_412' title='bbox 327 2005 358 2032; x_wconf 83' lang='grc' dir='ltr'><strong>τὺ</strong></span> <span class='ocrx_word' id='word_1_413' title='bbox 365 2005 484 2032; x_wconf 81' lang='grc' dir='ltr'>τοιοῦτον</span> <span class='ocrx_word' id='word_1_414' title='bbox 497 2006 611 2040; x_wconf 86' lang='grc' dir='ltr'>ἐλογίσω</span> <span class='ocrx_word' id='word_1_415' title='bbox 624 2005 670 2032; x_wconf 81' lang='grc' dir='ltr'>καὶ</span> <span class='ocrx_word' id='word_1_416' title='bbox 684 2005 847 2041; x_wconf 80' lang='grc' dir='ltr'>προμηθῶς·</span> 
     </span>
    </p>
   </div>
   <div class='ocr_carea' id='block_1_58' title="bbox 62 2051 847 2088">
    <p class='ocr_par' dir='ltr' id='par_1_58' title="bbox 62 2051 847 2088">
     <span class='ocr_line' id='line_1_58' title="bbox 62 2051 847 2088; baseline 0 -10"><span class='ocrx_word' id='word_1_417' title='bbox 62 2051 131 2088; x_wconf 80' lang='grc' dir='ltr'>πλὴν</span> <span class='ocrx_word' id='word_1_418' title='bbox 146 2054 193 2079; x_wconf 81' lang='grc' dir='ltr'><strong>καὶ</strong></span> <span class='ocrx_word' id='word_1_419' title='bbox 213 2053 256 2084; x_wconf 84' lang='grc' dir='ltr'><strong>είς</strong></span> <span class='ocrx_word' id='word_1_420' title='bbox 269 2051 344 2084; x_wconf 85' lang='grc' dir='ltr'>τέλος</span> <span class='ocrx_word' id='word_1_421' title='bbox 366 2052 399 2080; x_wconf 84' lang='grc' dir='ltr'><strong>ἂν</strong></span> <span class='ocrx_word' id='word_1_422' title='bbox 423 2053 438 2079; x_wconf 85' lang='grc' dir='ltr'><strong>ὁ</strong></span> <span class='ocrx_word' id='word_1_423' title='bbox 461 2052 589 2088; x_wconf 83' lang='grc' dir='ltr'>λογισμὸς</span> <span class='ocrx_word' id='word_1_424' title='bbox 607 2052 695 2088; x_wconf 77' lang='grc' dir='ltr'>ἀπέϐη</span> <span class='ocrx_word' id='word_1_425' title='bbox 719 2052 847 2088; x_wconf 83' lang='grc' dir='ltr'>χρηστὸν,</span> 
     </span>
    </p>
   </div>
   <div class='ocr_carea' id='block_1_59' title="bbox 61 2096 850 2134">
    <p class='ocr_par' dir='ltr' id='par_1_59' title="bbox 61 2096 850 2134">
     <span class='ocr_line' id='line_1_59' title="bbox 61 2096 850 2134; baseline 0.003 -11"><span class='ocrx_word' id='word_1_426' title='bbox 61 2097 139 2133; x_wconf 82' lang='grc' dir='ltr'>εἴπερ</span> <span class='ocrx_word' id='word_1_427' title='bbox 154 2097 291 2133; x_wconf 73' lang='grc' dir='ltr'>ἐζήτησας</span> <span class='ocrx_word' id='word_1_428' title='bbox 300 2098 378 2125; x_wconf 78' lang='grc' dir='ltr'>ἄλλον</span> <span class='ocrx_word' id='word_1_429' title='bbox 397 2098 444 2125; x_wconf 80' lang='grc' dir='ltr'>καὶ</span> <span class='ocrx_word' id='word_1_430' title='bbox 465 2098 516 2124; x_wconf 76' lang='grc' dir='ltr'>οὐκ</span> <span class='ocrx_word' id='word_1_431' title='bbox 530 2099 590 2133; x_wconf 80' lang='grc' dir='ltr'>ἐμὲ,</span> <span class='ocrx_word' id='word_1_432' title='bbox 603 2099 650 2125; x_wconf 76' lang='grc' dir='ltr'>καὶ</span> <span class='ocrx_word' id='word_1_433' title='bbox 671 2098 749 2133; x_wconf 86' lang='grc' dir='ltr'>λόγον</span> <span class='ocrx_word' id='word_1_434' title='bbox 769 2096 850 2134; x_wconf 77' lang='grc' dir='ltr'>εὗρες</span> 
     </span>
    </p>
   </div>
   <div class='ocr_carea' id='block_1_60' title="bbox 62 2143 848 2180">
    <p class='ocr_par' dir='ltr' id='par_1_60' title="bbox 62 2143 848 2180">
     <span class='ocr_line' id='line_1_60' title="bbox 62 2143 848 2180; baseline 0.001 -11"><span class='ocrx_word' id='word_1_435' title='bbox 62 2143 108 2169; x_wconf 74' lang='grc' dir='ltr'>καὶ</span> <span class='ocrx_word' id='word_1_436' title='bbox 133 2143 233 2178; x_wconf 80' lang='grc' dir='ltr'>τρόπον</span> <span class='ocrx_word' id='word_1_437' title='bbox 258 2143 298 2178; x_wconf 78' lang='grc' dir='ltr'>τῷ</span> <span class='ocrx_word' id='word_1_438' title='bbox 326 2144 466 2179; x_wconf 74' lang='grc' dir='ltr'>πράγματι</span> <span class='ocrx_word' id='word_1_439' title='bbox 492 2143 673 2179; x_wconf 79' lang='grc' dir='ltr'>ἐξισούμενον,</span> <span class='ocrx_word' id='word_1_440' title='bbox 691 2144 738 2170; x_wconf 79' lang='grc' dir='ltr'>καὶ</span> <span class='ocrx_word' id='word_1_441' title='bbox 763 2144 848 2180; x_wconf 86' lang='grc' dir='ltr'><strong>προὺ-</strong></span> 
     </span>
    </p>
   </div>
   <div class='ocr_carea' id='block_1_61' title="bbox 62 2187 845 2224">
    <p class='ocr_par' dir='ltr' id='par_1_61' title="bbox 62 2187 845 2224">
     <span class='ocr_line' id='line_1_61' title="bbox 62 2187 845 2224; baseline 0 -10"><span class='ocrx_word' id='word_1_442' title='bbox 62 2188 151 2223; x_wconf 69' lang='grc' dir='ltr'>τρέψω</span> <span class='ocrx_word' id='word_1_443' title='bbox 162 2188 202 2223; x_wconf 84' lang='grc' dir='ltr'>τῷ</span> <span class='ocrx_word' id='word_1_444' title='bbox 213 2187 292 2223; x_wconf 81' lang='grc' dir='ltr'>ἀξίῳ,</span> <span class='ocrx_word' id='word_1_445' title='bbox 305 2188 350 2214; x_wconf 75' lang='grc' dir='ltr'>καὶ</span> <span class='ocrx_word' id='word_1_446' title='bbox 359 2188 397 2224; x_wconf 79' lang='grc' dir='ltr'>τῷ</span> <span class='ocrx_word' id='word_1_447' title='bbox 406 2188 470 2224; x_wconf 88' lang='grc' dir='ltr'><strong>ἱερῷ</strong></span> <span class='ocrx_word' id='word_1_448' title='bbox 480 2188 514 2214; x_wconf 86' lang='grc' dir='ltr'><strong>τὰ</strong></span> <span class='ocrx_word' id='word_1_449' title='bbox 523 2188 583 2223; x_wconf 79' lang='grc' dir='ltr'>ἱερὰ</span> <span class='ocrx_word' id='word_1_450' title='bbox 590 2188 771 2224; x_wconf 77' lang='grc' dir='ltr'>ἐνεχείρησας.</span> <span class='ocrx_word' id='word_1_451' title='bbox 788 2187 845 2214; x_wconf 89' lang='grc' dir='ltr'><strong>Νῦν</strong></span> 
     </span>
    </p>
   </div>
   <div class='ocr_carea' id='block_1_62' title="bbox 61 2233 845 2269">
    <p class='ocr_par' dir='ltr' id='par_1_62' title="bbox 61 2233 845 2269">
     <span class='ocr_line' id='line_1_62' title="bbox 61 2233 845 2269; baseline 0.001 -10"><span class='ocrx_word' id='word_1_452' title='bbox 61 2233 99 2265; x_wconf 79' lang='grc' dir='ltr'><strong>δὲ,</strong></span> <span class='ocrx_word' id='word_1_453' title='bbox 122 2233 202 2260; x_wconf 66' lang='grc' dir='ltr'><strong>Ἀλλ’</strong></span> <span class='ocrx_word' id='word_1_454' title='bbox 222 2234 280 2268; x_wconf 82' lang='grc' dir='ltr'><strong>οὐχ</strong></span> <span class='ocrx_word' id='word_1_455' title='bbox 304 2235 320 2260; x_wconf 88' lang='grc' dir='ltr'>ό</span> <span class='ocrx_word' id='word_1_456' title='bbox 336 2233 439 2268; x_wconf 80' lang='grc' dir='ltr'>βωμὸς</span> <span class='ocrx_word' id='word_1_457' title='bbox 459 2233 534 2267; x_wconf 84' lang='grc' dir='ltr'>πρὸς</span> <span class='ocrx_word' id='word_1_458' title='bbox 550 2233 584 2260; x_wconf 87' lang='grc' dir='ltr'>τὸ</span> <span class='ocrx_word' id='word_1_459' title='bbox 601 2234 690 2267; x_wconf 75' lang='grc' dir='ltr'>ἱεράν,</span> <span class='ocrx_word' id='word_1_460' title='bbox 711 2234 794 2269; x_wconf 85' lang='grc' dir='ltr'>φασί·</span> <span class='ocrx_word' id='word_1_461' title='bbox 813 2234 845 2261; x_wconf 86' lang='grc' dir='ltr'>σὺ</span> 
     </span>
    </p>
   </div>
   <div class='ocr_carea' id='block_1_63' title="bbox 915 989 1692 1028">
    <p class='ocr_par' dir='ltr' id='par_1_63' title="bbox 915 989 1692 1028">
     <span class='ocr_line' id='line_1_63' title="bbox 915 989 1692 1028; baseline 0.005 -10"><span class='ocrx_word' id='word_1_462' title='bbox 915 991 1014 1022; x_wconf 89' lang='lat' dir='ltr'><strong>tinens,</strong></span> <span class='ocrx_word' id='word_1_463' title='bbox 1041 994 1128 1017; x_wconf 88' lang='lat' dir='ltr'><strong>totum</strong></span> <span class='ocrx_word' id='word_1_464' title='bbox 1150 989 1244 1024; x_wconf 75' lang='lat' dir='ltr'><strong>allicit,</strong></span> <span class='ocrx_word' id='word_1_465' title='bbox 1259 996 1287 1019; x_wconf 88' lang='lat' dir='ltr'><strong>et</strong></span> <span class='ocrx_word' id='word_1_466' title='bbox 1306 992 1372 1019; x_wconf 91' lang='lat' dir='ltr'><strong>inibi</strong></span> <span class='ocrx_word' id='word_1_467' title='bbox 1388 992 1485 1026; x_wconf 83' lang='lat' dir='ltr'><strong>gratiis</strong></span> <span class='ocrx_word' id='word_1_468' title='bbox 1507 993 1611 1028; x_wconf 87' lang='lat' dir='ltr'><strong>implet,</strong></span> <span class='ocrx_word' id='word_1_469' title='bbox 1627 1002 1692 1022; x_wconf 85' lang='lat' dir='ltr'><strong>cera</strong></span> 
     </span>
    </p>
   </div>
   <div class='ocr_carea' id='block_1_64' title="bbox 911 1036 1691 1076">
    <p class='ocr_par' dir='ltr' id='par_1_64' title="bbox 911 1036 1691 1076">
     <span class='ocr_line' id='line_1_64' title="bbox 911 1036 1691 1076; baseline 0.006 -13"><span class='ocrx_word' id='word_1_470' title='bbox 911 1036 1026 1063; x_wconf 83' lang='lat' dir='ltr'><strong>rationis</strong></span> <span class='ocrx_word' id='word_1_471' title='bbox 1035 1043 1115 1063; x_wconf 85' lang='lat' dir='ltr'><strong>aures</strong></span> <span class='ocrx_word' id='word_1_472' title='bbox 1126 1037 1223 1064; x_wconf 68' lang='lat' dir='ltr'><strong>animat</strong></span> <span class='ocrx_word' id='word_1_473' title='bbox 1240 1038 1349 1065; x_wconf 87' lang='lat' dir='ltr'><strong>minime</strong></span> <span class='ocrx_word' id='word_1_474' title='bbox 1358 1038 1530 1067; x_wconf 85' lang='lat' dir='ltr'><strong>obturantem</strong></span> <span class='ocrx_word' id='word_1_475' title='bbox 1543 1039 1593 1074; x_wconf 87' lang='lat' dir='ltr'><strong>(a),</strong></span> <span class='ocrx_word' id='word_1_476' title='bbox 1603 1048 1691 1076; x_wconf 89' lang='lat' dir='ltr'><strong>neque</strong></span> 
     </span>
    </p>
   </div>
   <div class='ocr_carea' id='block_1_65' title="bbox 910 1083 1691 1120">
    <p class='ocr_par' dir='ltr' id='par_1_65' title="bbox 910 1083 1691 1120">
     <span class='ocr_line' id='line_1_65' title="bbox 910 1083 1691 1120; baseline 0.009 -11"><span class='ocrx_word' id='word_1_477' title='bbox 910 1087 987 1110; x_wconf 88' lang='lat' dir='ltr'><strong>certe</strong></span> <span class='ocrx_word' id='word_1_478' title='bbox 1004 1083 1147 1110; x_wconf 87' lang='lat' dir='ltr'><strong>mundanis</strong></span> <span class='ocrx_word' id='word_1_479' title='bbox 1162 1084 1305 1112; x_wconf 78' lang='lat' dir='ltr'><strong>affectibus</strong></span> <span class='ocrx_word' id='word_1_480' title='bbox 1320 1085 1498 1120; x_wconf 84' lang='lat' dir='ltr'><strong>implicatum,</strong></span> <span class='ocrx_word' id='word_1_481' title='bbox 1513 1087 1560 1115; x_wconf 84' lang='lat' dir='ltr'><strong>sed</strong></span> <span class='ocrx_word' id='word_1_482' title='bbox 1575 1088 1691 1116; x_wconf 88' lang='lat' dir='ltr'><strong>liberum</strong></span> 
     </span>
    </p>
   </div>
   <div class='ocr_carea' id='block_1_66' title="bbox 911 1128 1691 1168">
    <p class='ocr_par' dir='ltr' id='par_1_66' title="bbox 911 1128 1691 1168">
     <span class='ocr_line' id='line_1_66' title="bbox 911 1128 1691 1168; baseline 0.01 -14"><span class='ocrx_word' id='word_1_483' title='bbox 911 1128 1088 1155; x_wconf 80' lang='lat' dir='ltr'><strong>exsistentem</strong></span> <span class='ocrx_word' id='word_1_484' title='bbox 1112 1133 1140 1156; x_wconf 89' lang='lat' dir='ltr'><strong>et</strong></span> <span class='ocrx_word' id='word_1_485' title='bbox 1163 1129 1197 1156; x_wconf 87' lang='lat' dir='ltr'><strong>ab</strong></span> <span class='ocrx_word' id='word_1_486' title='bbox 1220 1130 1292 1157; x_wconf 88' lang='lat' dir='ltr'><strong>omni</strong></span> <span class='ocrx_word' id='word_1_487' title='bbox 1309 1138 1338 1157; x_wconf 89' lang='lat' dir='ltr'><strong>re</strong></span> <span class='ocrx_word' id='word_1_488' title='bbox 1357 1136 1522 1166; x_wconf 82' lang='lat' dir='ltr'><strong>exemptum,</strong></span> <span class='ocrx_word' id='word_1_489' title='bbox 1541 1140 1691 1168; x_wconf 83' lang='lat' dir='ltr'><strong>omnesque</strong></span> 
     </span>
    </p>
   </div>
   <div class='ocr_carea' id='block_1_67' title="bbox 909 1173 1690 1212">
    <p class='ocr_par' dir='ltr' id='par_1_67' title="bbox 909 1173 1690 1212">
     <span class='ocr_line' id='line_1_67' title="bbox 909 1173 1690 1212; baseline 0.01 -13"><span class='ocrx_word' id='word_1_490' title='bbox 909 1174 1036 1200; x_wconf 82' lang='lat' dir='ltr'><strong>audiendi</strong></span> <span class='ocrx_word' id='word_1_491' title='bbox 1059 1173 1203 1202; x_wconf 79' lang='lat' dir='ltr'><strong>facultates</strong></span> <span class='ocrx_word' id='word_1_492' title='bbox 1218 1180 1246 1202; x_wconf 90' lang='lat' dir='ltr'><strong>et</strong></span> <span class='ocrx_word' id='word_1_493' title='bbox 1260 1175 1426 1204; x_wconf 89' lang='lat' dir='ltr'><strong>intellectum</strong></span> <span class='ocrx_word' id='word_1_494' title='bbox 1449 1178 1570 1212; x_wconf 89' lang='lat' dir='ltr'><strong>patulum</strong></span> <span class='ocrx_word' id='word_1_495' title='bbox 1587 1179 1690 1207; x_wconf 83' lang='lat' dir='ltr'><strong>habeti-</strong></span> 
     </span>
    </p>
   </div>
   <div class='ocr_carea' id='block_1_68' title="bbox 912 1219 1691 1259">
    <p class='ocr_par' dir='ltr' id='par_1_68' title="bbox 912 1219 1691 1259">
     <span class='ocr_line' id='line_1_68' title="bbox 912 1219 1691 1259; baseline 0.01 -15"><span class='ocrx_word' id='word_1_496' title='bbox 912 1224 977 1250; x_wconf 90' lang='lat' dir='ltr'><strong>tem,</strong></span> <span class='ocrx_word' id='word_1_497' title='bbox 991 1219 1024 1245; x_wconf 91' lang='lat' dir='ltr'><strong>ad</strong></span> <span class='ocrx_word' id='word_1_498' title='bbox 1040 1219 1248 1247; x_wconf 82' lang='lat' dir='ltr'><strong>convenientem</strong></span> <span class='ocrx_word' id='word_1_499' title='bbox 1262 1221 1366 1248; x_wconf 87' lang='lat' dir='ltr'><strong>scilicet</strong></span> <span class='ocrx_word' id='word_1_500' title='bbox 1381 1226 1434 1249; x_wconf 82' lang='lat' dir='ltr'><strong>tam</strong></span> <span class='ocrx_word' id='word_1_501' title='bbox 1453 1230 1546 1250; x_wconf 91' lang='lat' dir='ltr'><strong>eorutn</strong></span> <span class='ocrx_word' id='word_1_502' title='bbox 1568 1232 1629 1259; x_wconf 67' lang='lat' dir='ltr'><strong>qum</strong></span> <span class='ocrx_word' id='word_1_503' title='bbox 1650 1226 1691 1252; x_wconf 85' lang='lat' dir='ltr'><strong>di-</strong></span> 
     </span>
    </p>
   </div>
   <div class='ocr_carea' id='block_1_69' title="bbox 909 1266 1689 1303">
    <p class='ocr_par' dir='ltr' id='par_1_69' title="bbox 909 1266 1689 1303">
     <span class='ocr_line' id='line_1_69' title="bbox 909 1266 1689 1303; baseline 0.012 -13"><span class='ocrx_word' id='word_1_504' title='bbox 909 1269 1019 1296; x_wconf 89' lang='lat' dir='ltr'><strong>cuntur,</strong></span> <span class='ocrx_word' id='word_1_505' title='bbox 1033 1267 1115 1299; x_wconf 83' lang='lat' dir='ltr'><strong>quam</strong></span> <span class='ocrx_word' id='word_1_506' title='bbox 1133 1272 1193 1299; x_wconf 64' lang='lat' dir='ltr'><strong>qum</strong></span> <span class='ocrx_word' id='word_1_507' title='bbox 1207 1266 1396 1301; x_wconf 90' lang='lat' dir='ltr'><strong>intelliguntur</strong></span> <span class='ocrx_word' id='word_1_508' title='bbox 1408 1270 1618 1303; x_wconf 82' lang='lat' dir='ltr'><strong>susceptionem.</strong></span> <span class='ocrx_word' id='word_1_509' title='bbox 1630 1271 1689 1299; x_wconf 72' lang='lat' dir='ltr'><strong>Ca:-</strong></span> 
     </span>
    </p>
   </div>
   <div class='ocr_carea' id='block_1_70' title="bbox 910 1313 1690 1349">
    <p class='ocr_par' dir='ltr' id='par_1_70' title="bbox 910 1313 1690 1349">
     <span class='ocr_line' id='line_1_70' title="bbox 910 1313 1690 1349; baseline 0.01 -13"><span class='ocrx_word' id='word_1_510' title='bbox 910 1315 1009 1343; x_wconf 86' lang='lat' dir='ltr'><strong>terum,</strong></span> <span class='ocrx_word' id='word_1_511' title='bbox 1024 1318 1085 1338; x_wconf 92' lang='lat' dir='ltr'><strong>cum</strong></span> <span class='ocrx_word' id='word_1_512' title='bbox 1110 1315 1137 1338; x_wconf 85' lang='lat' dir='ltr'><strong>et</strong></span> <span class='ocrx_word' id='word_1_513' title='bbox 1160 1313 1250 1347; x_wconf 85' lang='lat' dir='ltr'><strong>imago</strong></span> <span class='ocrx_word' id='word_1_514' title='bbox 1266 1313 1308 1340; x_wconf 86' lang='lat' dir='ltr'><strong>illa</strong></span> <span class='ocrx_word' id='word_1_515' title='bbox 1325 1314 1453 1348; x_wconf 63' lang='lat' dir='ltr'><strong>praeclara</strong></span> <span class='ocrx_word' id='word_1_516' title='bbox 1468 1316 1513 1349; x_wconf 86' lang='lat' dir='ltr'><strong>sit,</strong></span> <span class='ocrx_word' id='word_1_517' title='bbox 1529 1317 1572 1343; x_wconf 91' lang='lat' dir='ltr'><strong>cui</strong></span> <span class='ocrx_word' id='word_1_518' title='bbox 1590 1319 1690 1345; x_wconf 85' lang='lat' dir='ltr'><strong>multos</strong></span> 
     </span>
    </p>
   </div>
   <div class='ocr_carea' id='block_1_71' title="bbox 910 1356 1689 1395">
    <p class='ocr_par' dir='ltr' id='par_1_71' title="bbox 910 1356 1689 1395">
     <span class='ocr_line' id='line_1_71' title="bbox 910 1356 1689 1395; baseline 0.012 -13"><span class='ocrx_word' id='word_1_519' title='bbox 910 1356 993 1383; x_wconf 87' lang='lat' dir='ltr'><strong>etiam</strong></span> <span class='ocrx_word' id='word_1_520' title='bbox 1010 1356 1168 1391; x_wconf 83' lang='lat' dir='ltr'><strong>frequenter</strong></span> <span class='ocrx_word' id='word_1_521' title='bbox 1178 1359 1276 1387; x_wconf 77' lang='lat' dir='ltr'><strong>artifex</strong></span> <span class='ocrx_word' id='word_1_522' title='bbox 1296 1360 1406 1388; x_wconf 84' lang='lat' dir='ltr'><strong>adhibet</strong></span> <span class='ocrx_word' id='word_1_523' title='bbox 1420 1362 1536 1395; x_wconf 81' lang='lat' dir='ltr'><strong>colores,</strong></span> <span class='ocrx_word' id='word_1_524' title='bbox 1556 1367 1584 1390; x_wconf 91' lang='lat' dir='ltr'><strong>ct</strong></span> <span class='ocrx_word' id='word_1_525' title='bbox 1598 1371 1689 1392; x_wconf 87' lang='lat' dir='ltr'><strong>sermo</strong></span> 
     </span>
    </p>
   </div>
   <div class='ocr_carea' id='block_1_72' title="bbox 909 1402 1688 1444">
    <p class='ocr_par' dir='ltr' id='par_1_72' title="bbox 909 1402 1688 1444">
     <span class='ocr_line' id='line_1_72' title="bbox 909 1402 1688 1444; baseline 0.01 -15"><span class='ocrx_word' id='word_1_526' title='bbox 909 1402 954 1430; x_wconf 92' lang='lat' dir='ltr'><strong>ille</strong></span> <span class='ocrx_word' id='word_1_527' title='bbox 968 1404 1139 1438; x_wconf 82' lang='lat' dir='ltr'><strong>perspicuus,</strong></span> <span class='ocrx_word' id='word_1_528' title='bbox 1155 1406 1197 1431; x_wconf 91' lang='lat' dir='ltr'><strong>cui</strong></span> <span class='ocrx_word' id='word_1_529' title='bbox 1216 1406 1299 1432; x_wconf 87' lang='lat' dir='ltr'><strong>ntulta</strong></span> <span class='ocrx_word' id='word_1_530' title='bbox 1321 1407 1404 1434; x_wconf 83' lang='lat' dir='ltr'><strong>etiam</strong></span> <span class='ocrx_word' id='word_1_531' title='bbox 1420 1407 1476 1442; x_wconf 87' lang='lat' dir='ltr'><strong>alii,</strong></span> <span class='ocrx_word' id='word_1_532' title='bbox 1488 1413 1516 1436; x_wconf 89' lang='lat' dir='ltr'><strong>et</strong></span> <span class='ocrx_word' id='word_1_533' title='bbox 1533 1417 1603 1444; x_wconf 54' lang='lat' dir='ltr'><strong>saepe</strong></span> <span class='ocrx_word' id='word_1_534' title='bbox 1618 1411 1688 1437; x_wconf 89' lang='lat' dir='ltr'><strong>dun-</strong></span> 
     </span>
    </p>
   </div>
   <div class='ocr_carea' id='block_1_73' title="bbox 908 1448 1688 1490">
    <p class='ocr_par' dir='ltr' id='par_1_73' title="bbox 908 1448 1688 1490">
     <span class='ocr_line' id='line_1_73' title="bbox 908 1448 1688 1490; baseline 0.013 -16"><span class='ocrx_word' id='word_1_535' title='bbox 908 1452 983 1475; x_wconf 80' lang='lat' dir='ltr'><strong>taxat</strong></span> <span class='ocrx_word' id='word_1_536' title='bbox 1008 1448 1228 1483; x_wconf 86' lang='lat' dir='ltr'><strong>conjecturantes</strong></span> <span class='ocrx_word' id='word_1_537' title='bbox 1251 1458 1311 1485; x_wconf 69' lang='lat' dir='ltr'><strong>qua:</strong></span> <span class='ocrx_word' id='word_1_538' title='bbox 1335 1452 1476 1486; x_wconf 87' lang='lat' dir='ltr'><strong>dicantur,</strong></span> <span class='ocrx_word' id='word_1_539' title='bbox 1503 1457 1688 1490; x_wconf 71' lang='lat' dir='ltr'><strong>superaddere</strong></span> 
     </span>
    </p>
   </div>
   <div class='ocr_carea' id='block_1_74' title="bbox 907 1494 1687 1538">
    <p class='ocr_par' dir='ltr' id='par_1_74' title="bbox 907 1494 1687 1538">
     <span class='ocr_line' id='line_1_74' title="bbox 907 1494 1687 1538; baseline 0.013 -18"><span class='ocrx_word' id='word_1_540' title='bbox 907 1494 977 1521; x_wconf 93' lang='lat' dir='ltr'><strong>haud</strong></span> <span class='ocrx_word' id='word_1_541' title='bbox 995 1495 1188 1529; x_wconf 70' lang='lat' dir='ltr'><strong>negleXeruut;</strong></span> <span class='ocrx_word' id='word_1_542' title='bbox 1207 1496 1309 1524; x_wconf 86' lang='lat' dir='ltr'><strong>idcirco</strong></span> <span class='ocrx_word' id='word_1_543' title='bbox 1323 1499 1460 1533; x_wconf 87' lang='lat' dir='ltr'><strong>sapienter</strong></span> <span class='ocrx_word' id='word_1_544' title='bbox 1481 1501 1589 1535; x_wconf 83' lang='lat' dir='ltr'><strong>quidem</strong></span> <span class='ocrx_word' id='word_1_545' title='bbox 1609 1504 1687 1538; x_wconf 80' lang='lat' dir='ltr'><strong>cogi-</strong></span> 
     </span>
    </p>
   </div>
   <div class='ocr_carea' id='block_1_75' title="bbox 908 1543 1688 1580">
    <p class='ocr_par' dir='ltr' id='par_1_75' title="bbox 908 1543 1688 1580">
     <span class='ocr_line' id='line_1_75' title="bbox 908 1543 1688 1580; baseline 0.014 -14"><span class='ocrx_word' id='word_1_546' title='bbox 908 1545 961 1572; x_wconf 90' lang='lat' dir='ltr'><strong>tas,</strong></span> <span class='ocrx_word' id='word_1_547' title='bbox 977 1546 1004 1568; x_wconf 90' lang='lat' dir='ltr'><strong>et</strong></span> <span class='ocrx_word' id='word_1_548' title='bbox 1016 1543 1101 1576; x_wconf 87' lang='lat' dir='ltr'><strong>proba</strong></span> <span class='ocrx_word' id='word_1_549' title='bbox 1118 1547 1208 1570; x_wconf 88' lang='lat' dir='ltr'><strong>tneute</strong></span> <span class='ocrx_word' id='word_1_550' title='bbox 1220 1548 1265 1570; x_wconf 82' lang='lat' dir='ltr'><strong>trra</strong></span> <span class='ocrx_word' id='word_1_551' title='bbox 1282 1544 1374 1579; x_wconf 86' lang='lat' dir='ltr'><strong>digna,</strong></span> <span class='ocrx_word' id='word_1_552' title='bbox 1386 1545 1408 1572; x_wconf 91' lang='lat' dir='ltr'><strong>si</strong></span> <span class='ocrx_word' id='word_1_553' title='bbox 1420 1553 1473 1580; x_wconf 91' lang='lat' dir='ltr'><strong>quo</strong></span> <span class='ocrx_word' id='word_1_554' title='bbox 1486 1548 1567 1575; x_wconf 89' lang='lat' dir='ltr'><strong>modo</strong></span> <span class='ocrx_word' id='word_1_555' title='bbox 1580 1549 1688 1577; x_wconf 86' lang='lat' dir='ltr'><strong>divinus</strong></span> 
     </span>
    </p>
   </div>
   <div class='ocr_carea' id='block_1_76' title="bbox 906 1586 1687 1626">
    <p class='ocr_par' dir='ltr' id='par_1_76' title="bbox 906 1586 1687 1626">
     <span class='ocr_line' id='line_1_76' title="bbox 906 1586 1687 1626; baseline 0.013 -13"><span class='ocrx_word' id='word_1_556' title='bbox 906 1586 951 1613; x_wconf 85' lang='lat' dir='ltr'><strong>hic</strong></span> <span class='ocrx_word' id='word_1_557' title='bbox 972 1587 1041 1615; x_wconf 87' lang='lat' dir='ltr'><strong>liber</strong></span> <span class='ocrx_word' id='word_1_558' title='bbox 1065 1589 1228 1623; x_wconf 66' lang='lat' dir='ltr'><strong>esplicetur,</strong></span> <span class='ocrx_word' id='word_1_559' title='bbox 1250 1595 1333 1626; x_wconf 85' lang='lat' dir='ltr'><strong>atque</strong></span> <span class='ocrx_word' id='word_1_560' title='bbox 1355 1593 1524 1620; x_wconf 88' lang='lat' dir='ltr'><strong>commttnior</strong></span> <span class='ocrx_word' id='word_1_561' title='bbox 1550 1594 1597 1621; x_wconf 87' lang='lat' dir='ltr'><strong>iiat</strong></span> <span class='ocrx_word' id='word_1_562' title='bbox 1620 1603 1687 1624; x_wconf 89' lang='lat' dir='ltr'><strong>usus</strong></span> 
     </span>
    </p>
   </div>
   <div class='ocr_carea' id='block_1_77' title="bbox 905 1631 1687 1673">
    <p class='ocr_par' dir='ltr' id='par_1_77' title="bbox 905 1631 1687 1673">
     <span class='ocr_line' id='line_1_77' title="bbox 905 1631 1687 1673; baseline 0.012 -15"><span class='ocrx_word' id='word_1_563' title='bbox 905 1631 964 1666; x_wconf 84' lang='lat' dir='ltr'><strong>ejus</strong></span> <span class='ocrx_word' id='word_1_564' title='bbox 981 1632 1158 1667; x_wconf 89' lang='lat' dir='ltr'><strong>plurimorum</strong></span> <span class='ocrx_word' id='word_1_565' title='bbox 1177 1634 1369 1668; x_wconf 86' lang='lat' dir='ltr'><strong>iutellectihus,</strong></span> <span class='ocrx_word' id='word_1_566' title='bbox 1386 1641 1414 1664; x_wconf 91' lang='lat' dir='ltr'><strong>et</strong></span> <span class='ocrx_word' id='word_1_567' title='bbox 1429 1637 1491 1665; x_wconf 89' lang='lat' dir='ltr'><strong>inde</strong></span> <span class='ocrx_word' id='word_1_568' title='bbox 1515 1638 1588 1665; x_wconf 90' lang='lat' dir='ltr'><strong>multi</strong></span> <span class='ocrx_word' id='word_1_569' title='bbox 1605 1640 1687 1673; x_wconf 81' lang='lat' dir='ltr'><strong>proli-</strong></span> 
     </span>
    </p>
   </div>
   <div class='ocr_carea' id='block_1_78' title="bbox 905 1678 1684 1718">
    <p class='ocr_par' dir='ltr' id='par_1_78' title="bbox 905 1678 1684 1718">
     <span class='ocr_line' id='line_1_78' title="bbox 905 1678 1684 1718; baseline 0.014 -14"><span class='ocrx_word' id='word_1_570' title='bbox 905 1678 988 1710; x_wconf 87' lang='lat' dir='ltr'><strong>ciaut,</strong></span> <span class='ocrx_word' id='word_1_571' title='bbox 1003 1686 1035 1706; x_wconf 86' lang='lat' dir='ltr'><strong>ea</strong></span> <span class='ocrx_word' id='word_1_572' title='bbox 1053 1687 1114 1714; x_wconf 68' lang='lat' dir='ltr'><strong>qum</strong></span> <span class='ocrx_word' id='word_1_573' title='bbox 1128 1688 1210 1715; x_wconf 87' lang='lat' dir='ltr'><strong>supra</strong></span> <span class='ocrx_word' id='word_1_574' title='bbox 1233 1681 1399 1710; x_wconf 86' lang='lat' dir='ltr'><strong>intellectum</strong></span> <span class='ocrx_word' id='word_1_575' title='bbox 1424 1690 1509 1718; x_wconf 91' lang='lat' dir='ltr'><strong>sunt,</strong></span> <span class='ocrx_word' id='word_1_576' title='bbox 1533 1689 1684 1715; x_wconf 84' lang='lat' dir='ltr'><strong>secundum</strong></span> 
     </span>
    </p>
   </div>
   <div class='ocr_carea' id='block_1_79' title="bbox 904 1724 1686 1767">
    <p class='ocr_par' dir='ltr' id='par_1_79' title="bbox 904 1724 1686 1767">
     <span class='ocr_line' id='line_1_79' title="bbox 904 1724 1686 1767; baseline 0.014 -17"><span class='ocrx_word' id='word_1_577' title='bbox 904 1724 1084 1757; x_wconf 85' lang='lat' dir='ltr'><strong>intellectum.</strong></span> <span class='ocrx_word' id='word_1_578' title='bbox 1096 1732 1123 1754; x_wconf 90' lang='lat' dir='ltr'><strong>et</strong></span> <span class='ocrx_word' id='word_1_579' title='bbox 1138 1735 1198 1761; x_wconf 79' lang='lat' dir='ltr'><strong>qua:</strong></span> <span class='ocrx_word' id='word_1_580' title='bbox 1215 1736 1297 1763; x_wconf 80' lang='lat' dir='ltr'><strong>supra</strong></span> <span class='ocrx_word' id='word_1_581' title='bbox 1311 1734 1428 1764; x_wconf 87' lang='lat' dir='ltr'><strong>capttun,</strong></span> <span class='ocrx_word' id='word_1_582' title='bbox 1443 1736 1491 1765; x_wconf 88' lang='lat' dir='ltr'><strong>pro</strong></span> <span class='ocrx_word' id='word_1_583' title='bbox 1505 1737 1584 1766; x_wconf 87' lang='lat' dir='ltr'><strong>captu</strong></span> <span class='ocrx_word' id='word_1_584' title='bbox 1601 1741 1686 1767; x_wconf 75' lang='lat' dir='ltr'><strong>agno-</strong></span> 
     </span>
    </p>
   </div>
   <div class='ocr_carea' id='block_1_80' title="bbox 903 1772 1685 1806">
    <p class='ocr_par' dir='ltr' id='par_1_80' title="bbox 903 1772 1685 1806">
     <span class='ocr_line' id='line_1_80' title="bbox 903 1772 1685 1806; baseline 0.01 -8"><span class='ocrx_word' id='word_1_585' title='bbox 903 1777 1022 1799; x_wconf 88' lang='lat' dir='ltr'><strong>scentes.</strong></span> <span class='ocrx_word' id='word_1_586' title='bbox 1044 1772 1090 1799; x_wconf 87' lang='lat' dir='ltr'><strong>Est</strong></span> <span class='ocrx_word' id='word_1_587' title='bbox 1109 1772 1181 1800; x_wconf 90' lang='lat' dir='ltr'><strong>enim</strong></span> <span class='ocrx_word' id='word_1_588' title='bbox 1203 1774 1285 1801; x_wconf 85' lang='lat' dir='ltr'><strong>etiam</strong></span> <span class='ocrx_word' id='word_1_589' title='bbox 1303 1774 1346 1802; x_wconf 88' lang='lat' dir='ltr'><strong>hic</strong></span> <span class='ocrx_word' id='word_1_590' title='bbox 1362 1777 1499 1804; x_wconf 84' lang='lat' dir='ltr'><strong>nutriendi</strong></span> <span class='ocrx_word' id='word_1_591' title='bbox 1525 1779 1620 1806; x_wconf 85' lang='lat' dir='ltr'><strong>modus</strong></span> <span class='ocrx_word' id='word_1_592' title='bbox 1635 1779 1685 1806; x_wconf 80' lang='lat' dir='ltr'><strong>mi—</strong></span> 
     </span>
    </p>
   </div>
   <div class='ocr_carea' id='block_1_81' title="bbox 904 1817 1685 1858">
    <p class='ocr_par' dir='ltr' id='par_1_81' title="bbox 904 1817 1685 1858">
     <span class='ocr_line' id='line_1_81' title="bbox 904 1817 1685 1858; baseline 0.009 -15"><span class='ocrx_word' id='word_1_593' title='bbox 904 1817 976 1844; x_wconf 90' lang='lat' dir='ltr'><strong>nime</strong></span> <span class='ocrx_word' id='word_1_594' title='bbox 991 1818 1120 1853; x_wconf 82' lang='lat' dir='ltr'><strong>vulgaris,</strong></span> <span class='ocrx_word' id='word_1_595' title='bbox 1138 1821 1247 1854; x_wconf 82' lang='lat' dir='ltr'><strong>quando</strong></span> <span class='ocrx_word' id='word_1_596' title='bbox 1259 1821 1321 1855; x_wconf 88' lang='lat' dir='ltr'><strong>quis</strong></span> <span class='ocrx_word' id='word_1_597' title='bbox 1339 1829 1391 1848; x_wconf 88' lang='lat' dir='ltr'><strong>non</strong></span> <span class='ocrx_word' id='word_1_598' title='bbox 1406 1830 1420 1849; x_wconf 89' lang='lat' dir='ltr'><strong>a</strong></span> <span class='ocrx_word' id='word_1_599' title='bbox 1437 1824 1582 1858; x_wconf 87' lang='lat' dir='ltr'><strong>semetipso</strong></span> <span class='ocrx_word' id='word_1_600' title='bbox 1595 1825 1685 1851; x_wconf 89' lang='lat' dir='ltr'><strong>cibum</strong></span> 
     </span>
    </p>
   </div>
   <div class='ocr_carea' id='block_1_82' title="bbox 904 1865 1685 1906">
    <p class='ocr_par' dir='ltr' id='par_1_82' title="bbox 904 1865 1685 1906">
     <span class='ocr_line' id='line_1_82' title="bbox 904 1865 1685 1906; baseline 0.01 -16"><span class='ocrx_word' id='word_1_601' title='bbox 904 1865 1094 1898; x_wconf 85' lang='lat' dir='ltr'><strong>suppeditans,</strong></span> <span class='ocrx_word' id='word_1_602' title='bbox 1117 1871 1207 1893; x_wconf 83' lang='lat' dir='ltr'><strong>tamen</strong></span> <span class='ocrx_word' id='word_1_603' title='bbox 1232 1867 1303 1895; x_wconf 91' lang='lat' dir='ltr'><strong>hunc</strong></span> <span class='ocrx_word' id='word_1_604' title='bbox 1327 1876 1526 1903; x_wconf 68' lang='lat' dir='ltr'><strong>prretuacerans</strong></span> <span class='ocrx_word' id='word_1_605' title='bbox 1551 1871 1593 1897; x_wconf 88' lang='lat' dir='ltr'><strong>vel</strong></span> <span class='ocrx_word' id='word_1_606' title='bbox 1615 1878 1685 1906; x_wconf 70' lang='lat' dir='ltr'><strong>prte-</strong></span> 
     </span>
    </p>
   </div>
   <div class='ocr_carea' id='block_1_83' title="bbox 908 1910 1684 1948">
    <p class='ocr_par' dir='ltr' id='par_1_83' title="bbox 908 1910 1684 1948">
     <span class='ocr_line' id='line_1_83' title="bbox 908 1910 1684 1948; baseline 0.013 -14"><span class='ocrx_word' id='word_1_607' title='bbox 908 1910 1069 1942; x_wconf 88' lang='lat' dir='ltr'><strong>masticans,</strong></span> <span class='ocrx_word' id='word_1_608' title='bbox 1084 1916 1190 1947; x_wconf 90' lang='lat' dir='ltr'><strong>sumptu</strong></span> <span class='ocrx_word' id='word_1_609' title='bbox 1204 1912 1310 1940; x_wconf 81' lang='lat' dir='ltr'><strong>facilem</strong></span> <span class='ocrx_word' id='word_1_610' title='bbox 1325 1915 1438 1942; x_wconf 78' lang='lat' dir='ltr'><strong>inﬁrmis</strong></span> <span class='ocrx_word' id='word_1_611' title='bbox 1453 1915 1528 1948; x_wconf 83' lang='lat' dir='ltr'><strong>facit,</strong></span> <span class='ocrx_word' id='word_1_612' title='bbox 1537 1924 1588 1943; x_wconf 90' lang='lat' dir='ltr'><strong>non</strong></span> <span class='ocrx_word' id='word_1_613' title='bbox 1601 1917 1684 1944; x_wconf 88' lang='lat' dir='ltr'><strong>alium</strong></span> 
     </span>
    </p>
   </div>
   <div class='ocr_carea' id='block_1_84' title="bbox 902 1954 1488 1994">
    <p class='ocr_par' dir='ltr' id='par_1_84' title="bbox 902 1954 1488 1994">
     <span class='ocr_line' id='line_1_84' title="bbox 902 1954 1488 1994; baseline 0.012 -15"><span class='ocrx_word' id='word_1_614' title='bbox 902 1954 1075 1988; x_wconf 77' lang='lat' dir='ltr'><strong>proferendo,</strong></span> <span class='ocrx_word' id='word_1_615' title='bbox 1090 1955 1137 1982; x_wconf 86' lang='lat' dir='ltr'><strong>sed</strong></span> <span class='ocrx_word' id='word_1_616' title='bbox 1150 1958 1315 1992; x_wconf 88' lang='lat' dir='ltr'><strong>propositum</strong></span> <span class='ocrx_word' id='word_1_617' title='bbox 1330 1959 1488 1994; x_wconf 79' lang='lat' dir='ltr'><strong>subigendo.</strong></span> 
     </span>
    </p>
   </div>
   <div class='ocr_carea' id='block_1_85' title="bbox 937 1998 1684 2041">
    <p class='ocr_par' dir='ltr' id='par_1_85' title="bbox 937 1998 1684 2041">
     <span class='ocr_line' id='line_1_85' title="bbox 937 1998 1684 2041; baseline 0.011 -15"><span class='ocrx_word' id='word_1_618' title='bbox 937 1998 1081 2034; x_wconf 83' lang='lat' dir='ltr'><strong>Sapienter</strong></span> <span class='ocrx_word' id='word_1_619' title='bbox 1103 2001 1197 2036; x_wconf 88' lang='lat' dir='ltr'><strong>utique</strong></span> <span class='ocrx_word' id='word_1_620' title='bbox 1217 2002 1282 2036; x_wconf 90' lang='lat' dir='ltr'><strong>quid</strong></span> <span class='ocrx_word' id='word_1_621' title='bbox 1306 2003 1395 2032; x_wconf 90' lang='lat' dir='ltr'><strong>simile</strong></span> <span class='ocrx_word' id='word_1_622' title='bbox 1418 2005 1543 2039; x_wconf 84' lang='lat' dir='ltr'><strong>cogitasti</strong></span> <span class='ocrx_word' id='word_1_623' title='bbox 1563 2014 1594 2034; x_wconf 79' lang='lat' dir='ltr'><strong>ac</strong></span> <span class='ocrx_word' id='word_1_624' title='bbox 1619 2015 1684 2041; x_wconf 93' lang='lat' dir='ltr'><strong>pro-</strong></span> 
     </span>
    </p>
   </div>
   <div class='ocr_carea' id='block_1_86' title="bbox 901 2045 1683 2086">
    <p class='ocr_par' dir='ltr' id='par_1_86' title="bbox 901 2045 1683 2086">
     <span class='ocr_line' id='line_1_86' title="bbox 901 2045 1683 2086; baseline 0.013 -14"><span class='ocrx_word' id='word_1_625' title='bbox 901 2045 962 2073; x_wconf 80' lang='lat' dir='ltr'><strong>vide</strong></span> <span class='ocrx_word' id='word_1_626' title='bbox 977 2055 986 2074; x_wconf 82' lang='lat'><strong>:</strong></span> <span class='ocrx_word' id='word_1_627' title='bbox 1002 2047 1066 2081; x_wconf 91' lang='lat' dir='ltr'><strong>quin</strong></span> <span class='ocrx_word' id='word_1_628' title='bbox 1084 2050 1112 2075; x_wconf 86' lang='lat' dir='ltr'><strong>et</strong></span> <span class='ocrx_word' id='word_1_629' title='bbox 1132 2048 1211 2075; x_wconf 85' lang='lat' dir='ltr'><strong>linem</strong></span> <span class='ocrx_word' id='word_1_630' title='bbox 1238 2048 1294 2076; x_wconf 63' lang='lat' dir='ltr'><strong>hate</strong></span> <span class='ocrx_word' id='word_1_631' title='bbox 1314 2051 1443 2086; x_wconf 74' lang='lat' dir='ltr'><strong>cogitatio</strong></span> <span class='ocrx_word' id='word_1_632' title='bbox 1466 2053 1566 2080; x_wconf 89' lang='lat' dir='ltr'><strong>bontnn</strong></span> <span class='ocrx_word' id='word_1_633' title='bbox 1587 2055 1683 2082; x_wconf 79' lang='lat' dir='ltr'><strong>sortita</strong></span> 
     </span>
    </p>
   </div>
   <div class='ocr_carea' id='block_1_87' title="bbox 901 2091 1682 2130">
    <p class='ocr_par' dir='ltr' id='par_1_87' title="bbox 901 2091 1682 2130">
     <span class='ocr_line' id='line_1_87' title="bbox 901 2091 1682 2130; baseline 0.013 -12"><span class='ocrx_word' id='word_1_634' title='bbox 901 2091 982 2125; x_wconf 79' lang='lat' dir='ltr'><strong>foret,</strong></span> <span class='ocrx_word' id='word_1_635' title='bbox 998 2093 1020 2120; x_wconf 91' lang='lat' dir='ltr'><strong>si</strong></span> <span class='ocrx_word' id='word_1_636' title='bbox 1036 2094 1208 2128; x_wconf 68' lang='lat' dir='ltr'><strong>qutesivisses</strong></span> <span class='ocrx_word' id='word_1_637' title='bbox 1222 2095 1315 2129; x_wconf 91' lang='lat' dir='ltr'><strong>alium,</strong></span> <span class='ocrx_word' id='word_1_638' title='bbox 1328 2102 1355 2124; x_wconf 90' lang='lat' dir='ltr'><strong>et</strong></span> <span class='ocrx_word' id='word_1_639' title='bbox 1368 2105 1420 2124; x_wconf 88' lang='lat' dir='ltr'><strong>non</strong></span> <span class='ocrx_word' id='word_1_640' title='bbox 1437 2105 1490 2130; x_wconf 89' lang='lat' dir='ltr'><strong>me,</strong></span> <span class='ocrx_word' id='word_1_641' title='bbox 1505 2107 1537 2126; x_wconf 86' lang='lat' dir='ltr'><strong>ac</strong></span> <span class='ocrx_word' id='word_1_642' title='bbox 1549 2100 1682 2128; x_wconf 88' lang='lat' dir='ltr'><strong>rationem</strong></span> 
     </span>
    </p>
   </div>
   <div class='ocr_carea' id='block_1_88' title="bbox 905 2140 1681 2180">
    <p class='ocr_par' dir='ltr' id='par_1_88' title="bbox 905 2140 1681 2180">
     <span class='ocr_line' id='line_1_88' title="bbox 905 2140 1681 2180; baseline 0.012 -15"><span class='ocrx_word' id='word_1_643' title='bbox 905 2140 1054 2173; x_wconf 85' lang='lat' dir='ltr'><strong>reperisses</strong></span> <span class='ocrx_word' id='word_1_644' title='bbox 1070 2144 1098 2167; x_wconf 89' lang='lat' dir='ltr'><strong>et</strong></span> <span class='ocrx_word' id='word_1_645' title='bbox 1119 2141 1229 2168; x_wconf 91' lang='lat' dir='ltr'><strong>modum</strong></span> <span class='ocrx_word' id='word_1_646' title='bbox 1246 2141 1310 2168; x_wconf 88' lang='lat' dir='ltr'><strong>huic</strong></span> <span class='ocrx_word' id='word_1_647' title='bbox 1332 2143 1441 2176; x_wconf 75' lang='lat' dir='ltr'><strong>negotio</strong></span> <span class='ocrx_word' id='word_1_648' title='bbox 1462 2146 1681 2180; x_wconf 80' lang='lat' dir='ltr'><strong>convenientem,</strong></span> 
     </span>
    </p>
   </div>
   <div class='ocr_carea' id='block_1_89' title="bbox 899 2185 1679 2223">
    <p class='ocr_par' dir='ltr' id='par_1_89' title="bbox 899 2185 1679 2223">
     <span class='ocr_line' id='line_1_89' title="bbox 899 2185 1679 2223; baseline 0.012 -12"><span class='ocrx_word' id='word_1_649' title='bbox 899 2190 927 2211; x_wconf 88' lang='lat' dir='ltr'><strong>et</strong></span> <span class='ocrx_word' id='word_1_650' title='bbox 938 2185 1157 2213; x_wconf 84' lang='lat' dir='ltr'><strong>coucredidlsses</strong></span> <span class='ocrx_word' id='word_1_651' title='bbox 1170 2187 1262 2221; x_wconf 80' lang='lat' dir='ltr'><strong>digno.</strong></span> <span class='ocrx_word' id='word_1_652' title='bbox 1276 2195 1409 2223; x_wconf 87' lang='lat' dir='ltr'><strong>sacroque</strong></span> <span class='ocrx_word' id='word_1_653' title='bbox 1422 2197 1497 2217; x_wconf 88' lang='lat' dir='ltr'><strong>sacra</strong></span> <span class='ocrx_word' id='word_1_654' title='bbox 1513 2191 1679 2221; x_wconf 85' lang='lat' dir='ltr'><strong>tradidisses.</strong></span> 
     </span>
    </p>
   </div>
   <div class='ocr_carea' id='block_1_90' title="bbox 899 2229 1682 2271">
    <p class='ocr_par' dir='ltr' id='par_1_90' title="bbox 899 2229 1682 2271">
     <span class='ocr_line' id='line_1_90' title="bbox 899 2229 1682 2271; baseline 0.009 -14"><span class='ocrx_word' id='word_1_655' title='bbox 899 2229 979 2258; x_wconf 83' lang='lat' dir='ltr'><strong>Nunc</strong></span> <span class='ocrx_word' id='word_1_656' title='bbox 995 2235 1098 2263; x_wconf 84' lang='lat' dir='ltr'><strong>autem,</strong></span> <span class='ocrx_word' id='word_1_657' title='bbox 1115 2231 1174 2258; x_wconf 76' lang='lat' dir='ltr'><strong>Non</strong></span> <span class='ocrx_word' id='word_1_658' title='bbox 1189 2236 1241 2265; x_wconf 89' lang='lat' dir='ltr'><strong>est,</strong></span> <span class='ocrx_word' id='word_1_659' title='bbox 1258 2232 1394 2267; x_wconf 90' lang='lat' dir='ltr'><strong>inquiunt,</strong></span> <span class='ocrx_word' id='word_1_660' title='bbox 1409 2234 1460 2262; x_wconf 86' lang='lat' dir='ltr'><strong>hoc</strong></span> <span class='ocrx_word' id='word_1_661' title='bbox 1471 2235 1558 2263; x_wconf 86' lang='lat' dir='ltr'><strong>altare</strong></span> <span class='ocrx_word' id='word_1_662' title='bbox 1575 2244 1622 2271; x_wconf 93' lang='lat' dir='ltr'><strong>pro</strong></span> <span class='ocrx_word' id='word_1_663' title='bbox 1637 2247 1682 2264; x_wconf 83' lang='lat' dir='ltr'><strong>sa-</strong></span> 
     </span>
    </p>
   </div>
   <div class='ocr_carea' id='block_1_91' title="bbox 61 2276 851 2316">
    <p class='ocr_par' dir='ltr' id='par_1_91' title="bbox 61 2277 845 2314">
     <span class='ocr_line' id='line_1_91' title="bbox 61 2277 845 2314; baseline 0.001 -9"><span class='ocrx_word' id='word_1_664' title='bbox 61 2277 89 2304; x_wconf 85' lang='grc' dir='ltr'><strong>δὲ</strong></span> <span class='ocrx_word' id='word_1_665' title='bbox 106 2278 152 2305; x_wconf 75' lang='grc' dir='ltr'>καὶ</span> <span class='ocrx_word' id='word_1_666' title='bbox 173 2279 336 2314; x_wconf 77' lang='grc' dir='ltr'>προύτρέψω</span> <span class='ocrx_word' id='word_1_667' title='bbox 350 2279 396 2305; x_wconf 74' lang='grc' dir='ltr'>καὶ</span> <span class='ocrx_word' id='word_1_668' title='bbox 409 2279 601 2314; x_wconf 85' lang='grc' dir='ltr'>παρεκίνησας,</span> <span class='ocrx_word' id='word_1_669' title='bbox 615 2279 662 2306; x_wconf 74' lang='grc' dir='ltr'>καὶ</span> <span class='ocrx_word' id='word_1_670' title='bbox 679 2281 738 2311; x_wconf 87' lang='grc' dir='ltr'>ταῖς</span> <span class='ocrx_word' id='word_1_671' title='bbox 753 2279 845 2314; x_wconf 80' lang='grc' dir='ltr'>εὐχαῖς</span> 
     </span>
    </p>
   </div>
   <div class='ocr_carea' id='block_1_92' title="bbox 907 2276 1678 2316">
    <p class='ocr_par' dir='ltr' id='par_1_92' title="bbox 907 2276 1678 2316">
     <span class='ocr_line' id='line_1_92' title="bbox 907 2276 1678 2316; baseline 0.01 -13"><span class='ocrx_word' id='word_1_672' title='bbox 907 2276 1004 2304; x_wconf 79' lang='lat' dir='ltr'><strong>:riﬂcio</strong></span> <span class='ocrx_word' id='word_1_673' title='bbox 1019 2284 1026 2302; x_wconf 87' lang='lat'><strong>:</strong></span> <span class='ocrx_word' id='word_1_674' title='bbox 1044 2281 1072 2304; x_wconf 90' lang='lat' dir='ltr'><strong>tu</strong></span> <span class='ocrx_word' id='word_1_675' title='bbox 1088 2284 1153 2304; x_wconf 87' lang='lat' dir='ltr'><strong>vero</strong></span> <span class='ocrx_word' id='word_1_676' title='bbox 1171 2278 1254 2305; x_wconf 88' lang='lat' dir='ltr'><strong>etiam</strong></span> <span class='ocrx_word' id='word_1_677' title='bbox 1269 2279 1431 2307; x_wconf 85' lang='lat' dir='ltr'><strong>adhortatus</strong></span> <span class='ocrx_word' id='word_1_678' title='bbox 1445 2288 1485 2313; x_wconf 89' lang='lat' dir='ltr'><strong>es,</strong></span> <span class='ocrx_word' id='word_1_679' title='bbox 1500 2286 1528 2309; x_wconf 85' lang='lat' dir='ltr'><strong>et</strong></span> <span class='ocrx_word' id='word_1_680' title='bbox 1539 2283 1678 2316; x_wconf 88' lang='lat' dir='ltr'><strong>exeitasti,</strong></span> 
     </span>
    </p>
   </div>
   <div class='ocr_carea' id='block_1_93' title="bbox 61 2322 840 2360">
    <p class='ocr_par' dir='ltr' id='par_1_93' title="bbox 61 2322 840 2360">
     <span class='ocr_line' id='line_1_93' title="bbox 61 2322 840 2360; baseline 0.003 -10"><span class='ocrx_word' id='word_1_681' title='bbox 61 2323 97 2354; x_wconf 82' lang='grc' dir='ltr'><strong>ὡς</strong></span> <span class='ocrx_word' id='word_1_682' title='bbox 113 2322 168 2356; x_wconf 79' lang='grc' dir='ltr'>οἷός</span> <span class='ocrx_word' id='word_1_683' title='bbox 188 2333 218 2351; x_wconf 85' lang='grc' dir='ltr'><strong>τε</strong></span> <span class='ocrx_word' id='word_1_684' title='bbox 241 2324 458 2360; x_wconf 75' lang='grc' dir='ltr'>παρεθάρρυνας,</span> <span class='ocrx_word' id='word_1_685' title='bbox 475 2324 513 2356; x_wconf 84' lang='grc' dir='ltr'><strong>ὡς</strong></span> <span class='ocrx_word' id='word_1_686' title='bbox 528 2324 561 2351; x_wconf 82' lang='grc' dir='ltr'><strong>ἂν</strong></span> <span class='ocrx_word' id='word_1_687' title='bbox 579 2325 739 2360; x_wconf 82' lang='grc' dir='ltr'>εὐεργετῶν,</span> <span class='ocrx_word' id='word_1_688' title='bbox 757 2325 840 2360; x_wconf 76' lang='grc' dir='ltr'>ἡμᾶς,</span> 
     </span>
    </p>
   </div>
   <div class='ocr_carea' id='block_1_94' title="bbox 60 2362 841 2406">
    <p class='ocr_par' dir='ltr' id='par_1_94' title="bbox 60 2362 841 2406">
     <span class='ocr_line' id='line_1_94' title="bbox 60 2362 841 2406; baseline 0.003 -11"><span class='ocrx_word' id='word_1_689' title='bbox 60 2362 149 2404; x_wconf 78' lang='grc' dir='ltr'>οἶμαι,</span> <span class='ocrx_word' id='word_1_690' title='bbox 168 2371 202 2405; x_wconf 80' lang='grc' dir='ltr'><strong>τῇ</strong></span> <span class='ocrx_word' id='word_1_691' title='bbox 217 2371 268 2405; x_wconf 84' lang='grc' dir='ltr'>τῆς</span> <span class='ocrx_word' id='word_1_692' title='bbox 283 2370 403 2404; x_wconf 80' lang='grc' dir='ltr'>ἐφέσεως</span> <span class='ocrx_word' id='word_1_693' title='bbox 423 2369 550 2406; x_wconf 74' lang='grc' dir='ltr'>κοινωνίᾳ</span> <span class='ocrx_word' id='word_1_694' title='bbox 564 2369 724 2404; x_wconf 77' lang='grc' dir='ltr'>πλουτίζων,</span> <span class='ocrx_word' id='word_1_695' title='bbox 741 2371 789 2397; x_wconf 77' lang='grc' dir='ltr'>καὶ</span> <span class='ocrx_word' id='word_1_696' title='bbox 809 2371 841 2397; x_wconf 83' lang='grc' dir='ltr'><strong>οὐ</strong></span> 
     </span>
    </p>
   </div>
   <div class='ocr_carea' id='block_1_95' title="bbox 59 2414 841 2451">
    <p class='ocr_par' dir='ltr' id='par_1_95' title="bbox 59 2414 841 2451">
     <span class='ocr_line' id='line_1_95' title="bbox 59 2414 841 2451; baseline 0.004 -12"><span class='ocrx_word' id='word_1_697' title='bbox 59 2414 182 2440; x_wconf 85' lang='grc' dir='ltr'>τοσοῦτον</span> <span class='ocrx_word' id='word_1_698' title='bbox 194 2414 239 2441; x_wconf 81' lang='grc' dir='ltr'>διὰ</span> <span class='ocrx_word' id='word_1_699' title='bbox 250 2415 282 2441; x_wconf 82' lang='grc' dir='ltr'>τὸ</span> <span class='ocrx_word' id='word_1_700' title='bbox 298 2415 429 2450; x_wconf 83' lang='grc' dir='ltr'>ἡμέτερον</span> <span class='ocrx_word' id='word_1_701' title='bbox 449 2414 558 2446; x_wconf 80' lang='grc' dir='ltr'>ἀσθενὲς</span> <span class='ocrx_word' id='word_1_702' title='bbox 578 2415 734 2451; x_wconf 82' lang='grc' dir='ltr'>ἀπήλπισας</span> <span class='ocrx_word' id='word_1_703' title='bbox 747 2435 754 2447; x_wconf 86' lang='grc'><strong>,</strong></span> <span class='ocrx_word' id='word_1_704' title='bbox 780 2416 841 2443; x_wconf 79' lang='grc' dir='ltr'>ὅσον</span> 
     </span>
    </p>
   </div>
   <div class='ocr_carea' id='block_1_96' title="bbox 59 2458 841 2497">
    <p class='ocr_par' dir='ltr' id='par_1_96' title="bbox 59 2458 841 2497">
     <span class='ocr_line' id='line_1_96' title="bbox 59 2458 841 2497; baseline 0.003 -12"><span class='ocrx_word' id='word_1_705' title='bbox 59 2459 101 2486; x_wconf 79' lang='grc' dir='ltr'>διὰ</span> <span class='ocrx_word' id='word_1_706' title='bbox 119 2459 169 2496; x_wconf 81' lang='grc' dir='ltr'><strong>τὴν</strong></span> <span class='ocrx_word' id='word_1_707' title='bbox 189 2460 238 2487; x_wconf 86' lang='grc' dir='ltr'><strong>τοῦ</strong></span> <span class='ocrx_word' id='word_1_708' title='bbox 260 2460 329 2487; x_wconf 82' lang='grc' dir='ltr'>Θεοῦ</span> <span class='ocrx_word' id='word_1_709' title='bbox 348 2461 428 2497; x_wconf 81' lang='grc' dir='ltr'>χάριν</span> <span class='ocrx_word' id='word_1_710' title='bbox 450 2461 584 2496; x_wconf 70' lang='grc' dir='ltr'>ἡλπισας,</span> <span class='ocrx_word' id='word_1_711' title='bbox 607 2458 638 2488; x_wconf 79' lang='grc' dir='ltr'>οῦ</span> <span class='ocrx_word' id='word_1_712' title='bbox 658 2462 708 2497; x_wconf 87' lang='grc' dir='ltr'><strong>τὴν</strong></span> <span class='ocrx_word' id='word_1_713' title='bbox 729 2461 841 2496; x_wconf 82' lang='grc' dir='ltr'>δύναμιν</span> 
     </span>
    </p>
   </div>
   <div class='ocr_carea' id='block_1_97' title="bbox 60 2505 842 2542">
    <p class='ocr_par' dir='ltr' id='par_1_97' title="bbox 60 2505 842 2542">
     <span class='ocr_line' id='line_1_97' title="bbox 60 2505 842 2542; baseline 0.001 -10"><span class='ocrx_word' id='word_1_714' title='bbox 60 2506 155 2540; x_wconf 82' lang='grc' dir='ltr'>μᾶλλον</span> <span class='ocrx_word' id='word_1_715' title='bbox 178 2507 208 2532; x_wconf 86' lang='grc' dir='ltr'><strong>ἐν</strong></span> <span class='ocrx_word' id='word_1_716' title='bbox 231 2505 360 2542; x_wconf 73' lang='grc' dir='ltr'>ἀσθενείᾳ</span> <span class='ocrx_word' id='word_1_717' title='bbox 380 2506 547 2533; x_wconf 78' lang='grc' dir='ltr'>τελειοῦσθαι</span> <span class='ocrx_word' id='word_1_718' title='bbox 568 2507 729 2542; x_wconf 74' lang='grc' dir='ltr'>κατέμαθες.</span> <span class='ocrx_word' id='word_1_719' title='bbox 757 2506 789 2532; x_wconf 89' lang='grc' dir='ltr'>Τί</span> <span class='ocrx_word' id='word_1_720' title='bbox 813 2505 842 2533; x_wconf 80' lang='grc' dir='ltr'><strong>δὲ</strong></span> 
     </span>
    </p>
   </div>
   <div class='ocr_carea' id='block_1_98' title="bbox 58 2550 840 2588">
    <p class='ocr_par' dir='ltr' id='par_1_98' title="bbox 58 2550 840 2588">
     <span class='ocr_line' id='line_1_98' title="bbox 58 2550 840 2588; baseline 0.001 -10"><span class='ocrx_word' id='word_1_721' title='bbox 58 2551 134 2587; x_wconf 77' lang='grc' dir='ltr'>ἡμεῖς</span> <span class='ocrx_word' id='word_1_722' title='bbox 154 2552 224 2588; x_wconf 80' lang='grc' dir='ltr'>πρὸς</span> <span class='ocrx_word' id='word_1_723' title='bbox 247 2551 374 2579; x_wconf 83' lang='grc' dir='ltr'>τοσοῦτον</span> <span class='ocrx_word' id='word_1_724' title='bbox 388 2553 437 2588; x_wconf 84' lang='grc' dir='ltr'>τῆς</span> <span class='ocrx_word' id='word_1_725' title='bbox 453 2552 679 2588; x_wconf 79' lang='grc' dir='ltr'>παρακελεύσεως</span> <span class='ocrx_word' id='word_1_726' title='bbox 705 2550 819 2587; x_wconf 79' lang='grc' dir='ltr'>μέγεθος</span> <span class='ocrx_word' id='word_1_727' title='bbox 832 2572 840 2585; x_wconf 91' lang='grc'><strong>,</strong></span> 
     </span>
    </p>
   </div>
   <div class='ocr_carea' id='block_1_99' title="bbox 58 2595 838 2634">
    <p class='ocr_par' dir='ltr' id='par_1_99' title="bbox 58 2595 838 2634">
     <span class='ocr_line' id='line_1_99' title="bbox 58 2595 838 2634; baseline 0.001 -10"><span class='ocrx_word' id='word_1_728' title='bbox 58 2597 112 2624; x_wconf 76' lang='grc' dir='ltr'>δέον</span> <span class='ocrx_word' id='word_1_729' title='bbox 133 2598 283 2633; x_wconf 66' lang='grc' dir='ltr'>ἰλιγγιᾶσαι</span> <span class='ocrx_word' id='word_1_730' title='bbox 308 2599 354 2625; x_wconf 75' lang='grc' dir='ltr'>καὶ</span> <span class='ocrx_word' id='word_1_731' title='bbox 371 2599 514 2632; x_wconf 83' lang='grc' dir='ltr'>ἁπειπείν;</span> <span class='ocrx_word' id='word_1_732' title='bbox 539 2598 608 2625; x_wconf 80' lang='grc' dir='ltr'>Ἀλλ’</span> <span class='ocrx_word' id='word_1_733' title='bbox 625 2595 681 2630; x_wconf 82' lang='grc' dir='ltr'>οὖν,</span> <span class='ocrx_word' id='word_1_734' title='bbox 701 2599 752 2625; x_wconf 84' lang='grc' dir='ltr'><strong>οὐκ</strong></span> <span class='ocrx_word' id='word_1_735' title='bbox 771 2597 838 2634; x_wconf 84' lang='grc' dir='ltr'>ιοῖδα</span> 
     </span>
    </p>
   </div>
   <div class='ocr_carea' id='block_1_100' title="bbox 58 2644 840 2681">
    <p class='ocr_par' dir='ltr' id='par_1_100' title="bbox 58 2644 840 2681">
     <span class='ocr_line' id='line_1_100' title="bbox 58 2644 840 2681; baseline 0.003 -11"><span class='ocrx_word' id='word_1_736' title='bbox 58 2644 142 2678; x_wconf 76' lang='grc' dir='ltr'>ὅπως,</span> <span class='ocrx_word' id='word_1_737' title='bbox 169 2646 221 2681; x_wconf 82' lang='grc' dir='ltr'>τῆς</span> <span class='ocrx_word' id='word_1_738' title='bbox 241 2645 380 2681; x_wconf 80' lang='grc' dir='ltr'>ἡμετέρας</span> <span class='ocrx_word' id='word_1_739' title='bbox 398 2645 538 2677; x_wconf 79' lang='grc' dir='ltr'>ἀσθενείας</span> <span class='ocrx_word' id='word_1_740' title='bbox 562 2645 764 2680; x_wconf 79' lang='grc' dir='ltr'>ἐπιλαθόμενοι,</span> <span class='ocrx_word' id='word_1_741' title='bbox 793 2644 840 2672; x_wconf 71' lang='grc' dir='ltr'><strong>καὶ</strong></span> 
     </span>
    </p>
   </div>
   <div class='ocr_carea' id='block_1_101' title="bbox 57 2690 839 2728">
    <p class='ocr_par' dir='ltr' id='par_1_101' title="bbox 57 2690 839 2728">
     <span class='ocr_line' id='line_1_101' title="bbox 57 2690 839 2728; baseline 0 -11"><span class='ocrx_word' id='word_1_742' title='bbox 57 2690 85 2717; x_wconf 81' lang='grc' dir='ltr'>τὸ</span> <span class='ocrx_word' id='word_1_743' title='bbox 98 2691 190 2719; x_wconf 85' lang='grc' dir='ltr'><strong>Γνῶθι</strong></span> <span class='ocrx_word' id='word_1_744' title='bbox 206 2692 324 2720; x_wconf 78' lang='grc' dir='ltr'>σαυτὸν</span> <span class='ocrx_word' id='word_1_745' title='bbox 347 2693 518 2728; x_wconf 77' lang='grc' dir='ltr'>παριδόντες,</span> <span class='ocrx_word' id='word_1_746' title='bbox 537 2692 592 2719; x_wconf 87' lang='grc' dir='ltr'>ὅλοι</span> <span class='ocrx_word' id='word_1_747' title='bbox 609 2692 663 2718; x_wconf 84' lang='grc' dir='ltr'><strong>τῶν</strong></span> <span class='ocrx_word' id='word_1_748' title='bbox 685 2691 739 2718; x_wconf 85' lang='grc' dir='ltr'>σῶν</span> <span class='ocrx_word' id='word_1_749' title='bbox 759 2691 839 2726; x_wconf 88' lang='grc' dir='ltr'>γεγό-</span> 
     </span>
    </p>
   </div>
   <div class='ocr_carea' id='block_1_102' title="bbox 57 2737 838 2774">
    <p class='ocr_par' dir='ltr' id='par_1_102' title="bbox 57 2737 838 2774">
     <span class='ocr_line' id='line_1_102' title="bbox 57 2737 838 2774; baseline 0.003 -12"><span class='ocrx_word' id='word_1_750' title='bbox 57 2743 136 2771; x_wconf 86' lang='grc' dir='ltr'>ναμεν</span> <span class='ocrx_word' id='word_1_751' title='bbox 158 2738 332 2774; x_wconf 78' lang='grc' dir='ltr'>προσ-ταγῶν,</span> <span class='ocrx_word' id='word_1_752' title='bbox 360 2739 406 2765; x_wconf 76' lang='grc' dir='ltr'>καὶ</span> <span class='ocrx_word' id='word_1_753' title='bbox 430 2739 468 2770; x_wconf 87' lang='grc' dir='ltr'>ὼς</span> <span class='ocrx_word' id='word_1_754' title='bbox 488 2739 570 2773; x_wconf 81' lang='grc' dir='ltr'>πατρὶ</span> <span class='ocrx_word' id='word_1_755' title='bbox 592 2738 700 2770; x_wconf 85' lang='grc' dir='ltr'>παῖδες,</span> <span class='ocrx_word' id='word_1_756' title='bbox 725 2737 772 2764; x_wconf 75' lang='grc' dir='ltr'>καὶ</span> <span class='ocrx_word' id='word_1_757' title='bbox 799 2738 838 2769; x_wconf 85' lang='grc' dir='ltr'>ὡς</span> 
     </span>
    </p>
   </div>
   <div class='ocr_carea' id='block_1_103' title="bbox 58 2782 836 2820">
    <p class='ocr_par' dir='ltr' id='par_1_103' title="bbox 58 2782 836 2820">
     <span class='ocr_line' id='line_1_103' title="bbox 58 2782 836 2820; baseline 0.001 -12"><span class='ocrx_word' id='word_1_758' title='bbox 58 2782 169 2818; x_wconf 78' lang='grc' dir='ltr'>μαθηταὶ</span> <span class='ocrx_word' id='word_1_759' title='bbox 188 2784 360 2820; x_wconf 81' lang='grc' dir='ltr'>διδασκάλῳ,</span> <span class='ocrx_word' id='word_1_760' title='bbox 391 2784 438 2811; x_wconf 74' lang='grc' dir='ltr'>καὶ</span> <span class='ocrx_word' id='word_1_761' title='bbox 463 2784 501 2815; x_wconf 88' lang='grc' dir='ltr'>ὡς</span> <span class='ocrx_word' id='word_1_762' title='bbox 524 2783 641 2819; x_wconf 83' lang='grc' dir='ltr'>δεσπότῃ</span> <span class='ocrx_word' id='word_1_763' title='bbox 670 2783 836 2819; x_wconf 79' lang='grc' dir='ltr'>θεράποντες</span> 
     </span>
    </p>
   </div>
   <div class='ocr_carea' id='block_1_104' title="bbox 76 2838 838 2878">
    <p class='ocr_par' dir='ltr' id='par_1_104' title="bbox 76 2838 838 2878">
     <span class='ocr_line' id='line_1_104' title="bbox 76 2838 838 2878; baseline 0 -12"><span class='ocrx_word' id='word_1_764' title='bbox 76 2838 125 2878; x_wconf 87' lang='lat' dir='ltr'><strong>_(a)</strong></span> <span class='ocrx_word' id='word_1_765' title='bbox 135 2839 225 2878; x_wconf 51' lang='lat' dir='ltr'><strong>Fertit</strong></span> <span class='ocrx_word' id='word_1_766' title='bbox 235 2841 383 2878; x_wconf 74' lang='lat' dir='ltr'><strong>Cortlerius</strong></span> <span class='ocrx_word' id='word_1_767' title='bbox 393 2841 468 2875; x_wconf 82' lang='lat' dir='ltr'><strong>quasi</strong></span> <span class='ocrx_word' id='word_1_768' title='bbox 476 2840 568 2878; x_wconf 52' lang='lat' dir='ltr'><strong>Graiae</strong></span> <span class='ocrx_word' id='word_1_769' title='bbox 576 2840 687 2878; x_wconf 77' lang='lat' dir='ltr'><strong>legisset</strong></span> <span class='ocrx_word' id='word_1_770' title='bbox 696 2848 706 2878; x_wconf 71' lang='lat'><strong>:_</strong></span> <span class='ocrx_word' id='word_1_771' title='bbox 714 2840 745 2866; x_wconf 80' lang='grc' dir='ltr'>οὐ</span> <span class='ocrx_word' id='word_1_772' title='bbox 760 2840 838 2876; x_wconf 79' lang='grc' dir='ltr'><strong>κηρῷ</strong></span> 
     </span>
    </p>
   </div>
   <div class='ocr_carea' id='block_1_105' title="bbox 56 2873 840 2919">
    <p class='ocr_par' dir='ltr' id='par_1_105' title="bbox 56 2873 840 2919">
     <span class='ocr_line' id='line_1_105' title="bbox 56 2873 840 2919; baseline 0.003 -19"><span class='ocrx_word' id='word_1_773' title='bbox 56 2873 92 2919; x_wconf 74' lang='grc' dir='ltr'><strong>’ξῷ</strong></span> <span class='ocrx_word' id='word_1_774' title='bbox 103 2873 279 2919; x_wconf 47' lang='grc' dir='ltr'>τοῦ-λόγους..</span> <span class='ocrx_word' id='word_1_775' title='bbox 298 2873 479 2919; x_wconf 70' lang='grc' dir='ltr'>(ρραξάμενον.</span> <span class='ocrx_word' id='word_1_776' title='bbox 494 2875 558 2915; x_wconf 63' lang='lat' dir='ltr'><strong>Sed.</strong></span> <span class='ocrx_word' id='word_1_777' title='bbox 569 2873 761 2919; x_wconf 35' lang='grc' dir='ltr'><strong>ιξιξιιηηιιὶόιξιιιΔ</strong></span> <span class='ocrx_word' id='word_1_778' title='bbox 776 2873 840 2919; x_wconf 56' lang='lat' dir='ltr'><strong>sett-</strong></span> 
     </span>
    </p>
   </div>
   <div class='ocr_carea' id='block_1_106' title="bbox 58 2909 840 2946">
    <p class='ocr_par' dir='ltr' id='par_1_106' title="bbox 58 2909 840 2946">
     <span class='ocr_line' id='line_1_106' title="bbox 58 2909 840 2946; baseline 0.005 -13"><span class='ocrx_word' id='word_1_779' title='bbox 58 2911 146 2942; x_wconf 60' lang='lat' dir='ltr'><strong>tentia,</strong></span> <span class='ocrx_word' id='word_1_780' title='bbox 157 2909 401 2946; x_wconf 42' lang='lat' dir='ltr'><strong>Icgeudutu&#39;Grtcce</strong></span> <span class='ocrx_word' id='word_1_781' title='bbox 412 2912 456 2938; x_wconf 69' lang='grc' dir='ltr'>τοὺ</span> <span class='ocrx_word' id='word_1_782' title='bbox 467 2910 554 2946; x_wconf 82' lang='grc' dir='ltr'>κηρῷ,</span> <span class='ocrx_word' id='word_1_783' title='bbox 563 2909 592 2936; x_wconf 73' lang='grc' dir='ltr'>τὸ</span> <span class='ocrx_word' id='word_1_784' title='bbox 600 2909 645 2936; x_wconf 82' lang='grc' dir='ltr'><strong>τοῦ</strong></span> <span class='ocrx_word' id='word_1_785' title='bbox 653 2909 826 2945; x_wconf 82' lang='grc' dir='ltr'>λόγου,κ.τ.λ.</span> <span class='ocrx_word' id='word_1_786' title='bbox 833 2930 840 2943; x_wconf 85' lang='grc'><strong>,</strong></span> 
     </span>
    </p>
   </div>
   <div class='ocr_carea' id='block_1_107' title="bbox 896 2322 1678 2361">
    <p class='ocr_par' dir='ltr' id='par_1_107' title="bbox 896 2322 1678 2361">
     <span class='ocr_line' id='line_1_107' title="bbox 896 2322 1678 2361; baseline 0.01 -13"><span class='ocrx_word' id='word_1_787' title='bbox 896 2327 924 2349; x_wconf 89' lang='lat' dir='ltr'><strong>et</strong></span> <span class='ocrx_word' id='word_1_788' title='bbox 941 2322 1184 2357; x_wconf 79' lang='lat' dir='ltr'><strong>postulationibus,</strong></span> <span class='ocrx_word' id='word_1_789' title='bbox 1199 2331 1330 2359; x_wconf 88' lang='lat' dir='ltr'><strong>quantum</strong></span> <span class='ocrx_word' id='word_1_790' title='bbox 1343 2326 1403 2353; x_wconf 82' lang='lat' dir='ltr'><strong>ﬁeri</strong></span> <span class='ocrx_word' id='word_1_791' title='bbox 1417 2331 1535 2361; x_wconf 88' lang='lat' dir='ltr'><strong>poterat,</strong></span> <span class='ocrx_word' id='word_1_792' title='bbox 1551 2329 1678 2356; x_wconf 88' lang='lat' dir='ltr'><strong>animasti</strong></span> 
     </span>
    </p>
   </div>
   <div class='ocr_carea' id='block_1_108' title="bbox 898 2368 1678 2408">
    <p class='ocr_par' dir='ltr' id='par_1_108' title="bbox 898 2368 1678 2408">
     <span class='ocr_line' id='line_1_108' title="bbox 898 2368 1678 2408; baseline 0.012 -15"><span class='ocrx_word' id='word_1_793' title='bbox 898 2371 1028 2402; x_wconf 83' lang='lat' dir='ltr'><strong>tanquam</strong></span> <span class='ocrx_word' id='word_1_794' title='bbox 1039 2368 1209 2402; x_wconf 81' lang='lat' dir='ltr'><strong>benefactor,</strong></span> <span class='ocrx_word' id='word_1_795' title='bbox 1225 2377 1285 2403; x_wconf 87' lang='lat' dir='ltr'><strong>nos,</strong></span> <span class='ocrx_word' id='word_1_796' title='bbox 1299 2375 1327 2398; x_wconf 93' lang='lat' dir='ltr'><strong>ut</strong></span> <span class='ocrx_word' id='word_1_797' title='bbox 1338 2371 1445 2406; x_wconf 82' lang='lat' dir='ltr'><strong>opinor.</strong></span> <span class='ocrx_word' id='word_1_798' title='bbox 1460 2373 1539 2408; x_wconf 86' lang='lat' dir='ltr'><strong>hujus</strong></span> <span class='ocrx_word' id='word_1_799' title='bbox 1549 2373 1678 2402; x_wconf 87' lang='lat' dir='ltr'><strong>desiderii</strong></span> 
     </span>
    </p>
   </div>
   <div class='ocr_carea' id='block_1_109' title="bbox 896 2413 1678 2448">
    <p class='ocr_par' dir='ltr' id='par_1_109' title="bbox 896 2413 1678 2448">
     <span class='ocr_line' id='line_1_109' title="bbox 896 2413 1678 2448; baseline 0.01 -9"><span class='ocrx_word' id='word_1_800' title='bbox 896 2413 1091 2441; x_wconf 88' lang='lat' dir='ltr'><strong>communione</strong></span> <span class='ocrx_word' id='word_1_801' title='bbox 1106 2413 1223 2448; x_wconf 85' lang='lat' dir='ltr'><strong>beando,</strong></span> <span class='ocrx_word' id='word_1_802' title='bbox 1237 2420 1265 2442; x_wconf 90' lang='lat' dir='ltr'><strong>et</strong></span> <span class='ocrx_word' id='word_1_803' title='bbox 1280 2423 1335 2443; x_wconf 90' lang='lat' dir='ltr'><strong>non</strong></span> <span class='ocrx_word' id='word_1_804' title='bbox 1350 2421 1453 2444; x_wconf 89' lang='lat' dir='ltr'><strong>tantum</strong></span> <span class='ocrx_word' id='word_1_805' title='bbox 1469 2424 1570 2445; x_wconf 68' lang='lat' dir='ltr'><strong>nostrae</strong></span> <span class='ocrx_word' id='word_1_806' title='bbox 1592 2419 1678 2447; x_wconf 77' lang='lat' dir='ltr'><strong>imbe-</strong></span> 
     </span>
    </p>
   </div>
   <div class='ocr_carea' id='block_1_110' title="bbox 896 2458 1676 2498">
    <p class='ocr_par' dir='ltr' id='par_1_110' title="bbox 896 2458 1676 2498">
     <span class='ocr_line' id='line_1_110' title="bbox 896 2458 1676 2498; baseline 0.01 -13"><span class='ocrx_word' id='word_1_807' title='bbox 896 2458 1002 2486; x_wconf 87' lang='lat' dir='ltr'><strong>cillitati</strong></span> <span class='ocrx_word' id='word_1_808' title='bbox 1017 2459 1122 2487; x_wconf 79' lang='lat' dir='ltr'><strong>diliisus</strong></span> <span class='ocrx_word' id='word_1_809' title='bbox 1149 2467 1190 2490; x_wconf 84' lang='lat' dir='ltr'><strong>es.</strong></span> <span class='ocrx_word' id='word_1_810' title='bbox 1213 2466 1345 2495; x_wconf 90' lang='lat' dir='ltr'><strong>quantum</strong></span> <span class='ocrx_word' id='word_1_811' title='bbox 1368 2462 1414 2490; x_wconf 88' lang='lat' dir='ltr'><strong>Dei</strong></span> <span class='ocrx_word' id='word_1_812' title='bbox 1431 2464 1526 2498; x_wconf 64' lang='lat' dir='ltr'><strong>gratiae</strong></span> <span class='ocrx_word' id='word_1_813' title='bbox 1545 2464 1676 2497; x_wconf 71' lang='lat' dir='ltr'><strong>conﬁsus.</strong></span> 
     </span>
    </p>
   </div>
   <div class='ocr_carea' id='block_1_111' title="bbox 895 2504 1677 2546">
    <p class='ocr_par' dir='ltr' id='par_1_111' title="bbox 895 2504 1677 2546">
     <span class='ocr_line' id='line_1_111' title="bbox 895 2504 1677 2546; baseline 0.008 -14"><span class='ocrx_word' id='word_1_814' title='bbox 895 2504 975 2539; x_wconf 84' lang='lat' dir='ltr'><strong>cujus</strong></span> <span class='ocrx_word' id='word_1_815' title='bbox 988 2505 1116 2533; x_wconf 89' lang='lat' dir='ltr'><strong>virtutem</strong></span> <span class='ocrx_word' id='word_1_816' title='bbox 1136 2507 1222 2541; x_wconf 79' lang='lat' dir='ltr'><strong>magis</strong></span> <span class='ocrx_word' id='word_1_817' title='bbox 1241 2507 1267 2534; x_wconf 87' lang='lat' dir='ltr'><strong>in</strong></span> <span class='ocrx_word' id='word_1_818' title='bbox 1284 2508 1441 2536; x_wconf 87' lang='lat' dir='ltr'><strong>inﬁrmitate</strong></span> <span class='ocrx_word' id='word_1_819' title='bbox 1460 2509 1554 2545; x_wconf 84' lang='lat' dir='ltr'><strong>perﬁci</strong></span> <span class='ocrx_word' id='word_1_820' title='bbox 1574 2517 1677 2546; x_wconf 87' lang='lat' dir='ltr'><strong>cogno-</strong></span> 
     </span>
    </p>
   </div>
   <div class='ocr_carea' id='block_1_112' title="bbox 895 2552 1675 2588">
    <p class='ocr_par' dir='ltr' id='par_1_112' title="bbox 895 2552 1675 2588">
     <span class='ocr_line' id='line_1_112' title="bbox 895 2552 1675 2588; baseline 0.006 -9"><span class='ocrx_word' id='word_1_821' title='bbox 895 2552 970 2580; x_wconf 88' lang='lat' dir='ltr'><strong>visti.</strong></span> <span class='ocrx_word' id='word_1_822' title='bbox 996 2552 1066 2585; x_wconf 84' lang='lat' dir='ltr'><strong>Quid</strong></span> <span class='ocrx_word' id='word_1_823' title='bbox 1090 2561 1173 2588; x_wconf 92' lang='lat' dir='ltr'><strong>porro</strong></span> <span class='ocrx_word' id='word_1_824' title='bbox 1189 2562 1239 2582; x_wconf 86' lang='lat' dir='ltr'><strong>uos</strong></span> <span class='ocrx_word' id='word_1_825' title='bbox 1261 2555 1294 2581; x_wconf 88' lang='lat' dir='ltr'><strong>ad</strong></span> <span class='ocrx_word' id='word_1_826' title='bbox 1319 2559 1420 2582; x_wconf 87' lang='lat' dir='ltr'><strong>tantam</strong></span> <span class='ocrx_word' id='word_1_827' title='bbox 1444 2556 1605 2584; x_wconf 86' lang='lat' dir='ltr'><strong>adhortandi</strong></span> <span class='ocrx_word' id='word_1_828' title='bbox 1621 2557 1675 2584; x_wconf 91' lang='lat' dir='ltr'><strong>vim</strong></span> 
     </span>
    </p>
   </div>
   <div class='ocr_carea' id='block_1_113' title="bbox 895 2600 1674 2635">
    <p class='ocr_par' dir='ltr' id='par_1_113' title="bbox 895 2600 1674 2635">
     <span class='ocr_line' id='line_1_113' title="bbox 895 2600 1674 2635; baseline 0.005 -9"><span class='ocrx_word' id='word_1_829' title='bbox 895 2604 1058 2633; x_wconf 83' lang='lat' dir='ltr'><strong>oportuerat</strong></span> <span class='ocrx_word' id='word_1_830' title='bbox 1082 2600 1194 2635; x_wconf 86' lang='lat' dir='ltr'><strong>percelli</strong></span> <span class='ocrx_word' id='word_1_831' title='bbox 1210 2605 1238 2628; x_wconf 89' lang='lat' dir='ltr'><strong>et</strong></span> <span class='ocrx_word' id='word_1_832' title='bbox 1257 2602 1402 2628; x_wconf 80' lang='lat' dir='ltr'><strong>recusare?</strong></span> <span class='ocrx_word' id='word_1_833' title='bbox 1416 2601 1605 2630; x_wconf 81' lang='lat' dir='ltr'><strong>Verumtamen</strong></span> <span class='ocrx_word' id='word_1_834' title='bbox 1621 2611 1674 2631; x_wconf 89' lang='lat' dir='ltr'><strong>non</strong></span> 
     </span>
    </p>
   </div>
   <div class='ocr_carea' id='block_1_114' title="bbox 894 2645 1675 2684">
    <p class='ocr_par' dir='ltr' id='par_1_114' title="bbox 894 2645 1675 2684">
     <span class='ocr_line' id='line_1_114' title="bbox 894 2645 1675 2684; baseline 0.005 -12"><span class='ocrx_word' id='word_1_835' title='bbox 894 2645 953 2672; x_wconf 86' lang='lat' dir='ltr'><strong>scio</strong></span> <span class='ocrx_word' id='word_1_836' title='bbox 978 2646 1115 2680; x_wconf 93' lang='lat' dir='ltr'><strong>quomodo</strong></span> <span class='ocrx_word' id='word_1_837' title='bbox 1144 2652 1245 2674; x_wconf 72' lang='lat' dir='ltr'><strong>nostra:</strong></span> <span class='ocrx_word' id='word_1_838' title='bbox 1265 2647 1459 2675; x_wconf 85' lang='lat' dir='ltr'><strong>imbecillitatis</strong></span> <span class='ocrx_word' id='word_1_839' title='bbox 1483 2648 1571 2681; x_wconf 84' lang='lat' dir='ltr'><strong>obliti,</strong></span> <span class='ocrx_word' id='word_1_840' title='bbox 1593 2654 1675 2684; x_wconf 85' lang='lat' dir='ltr'><strong>atque</strong></span> 
     </span>
    </p>
   </div>
   <div class='ocr_carea' id='block_1_115' title="bbox 894 2688 1672 2728">
    <p class='ocr_par' dir='ltr' id='par_1_115' title="bbox 894 2688 1672 2728">
     <span class='ocr_line' id='line_1_115' title="bbox 894 2688 1672 2728; baseline 0.008 -12"><span class='ocrx_word' id='word_1_841' title='bbox 894 2689 970 2721; x_wconf 84' lang='lat' dir='ltr'><strong>illud,</strong></span> <span class='ocrx_word' id='word_1_842' title='bbox 987 2688 1074 2718; x_wconf 81' lang='lat' dir='ltr'><strong>Nosce</strong></span> <span class='ocrx_word' id='word_1_843' title='bbox 1089 2693 1210 2726; x_wconf 77' lang='lat' dir='ltr'><strong>leipsum,</strong></span> <span class='ocrx_word' id='word_1_844' title='bbox 1229 2693 1407 2728; x_wconf 75' lang='lat' dir='ltr'><strong>negligentes,</strong></span> <span class='ocrx_word' id='word_1_845' title='bbox 1426 2694 1473 2720; x_wconf 92' lang='lat' dir='ltr'><strong>toti</strong></span> <span class='ocrx_word' id='word_1_846' title='bbox 1493 2694 1526 2721; x_wconf 88' lang='lat' dir='ltr'><strong>ad</strong></span> <span class='ocrx_word' id='word_1_847' title='bbox 1549 2699 1592 2722; x_wconf 84' lang='lat' dir='ltr'><strong>tua</strong></span> <span class='ocrx_word' id='word_1_848' title='bbox 1608 2694 1672 2722; x_wconf 71' lang='lat' dir='ltr'><strong>fat-li</strong></span> 
     </span>
    </p>
   </div>
   <div class='ocr_carea' id='block_1_116' title="bbox 893 2738 1671 2774">
    <p class='ocr_par' dir='ltr' id='par_1_116' title="bbox 893 2738 1671 2774">
     <span class='ocr_line' id='line_1_116' title="bbox 893 2738 1671 2774; baseline 0.005 -11"><span class='ocrx_word' id='word_1_849' title='bbox 893 2743 988 2764; x_wconf 86' lang='lat' dir='ltr'><strong>sumus</strong></span> <span class='ocrx_word' id='word_1_850' title='bbox 1007 2738 1131 2771; x_wconf 87' lang='lat' dir='ltr'><strong>imperia,</strong></span> <span class='ocrx_word' id='word_1_851' title='bbox 1146 2743 1174 2765; x_wconf 90' lang='lat' dir='ltr'><strong>et</strong></span> <span class='ocrx_word' id='word_1_852' title='bbox 1189 2743 1318 2772; x_wconf 86' lang='lat' dir='ltr'><strong>tauquam</strong></span> <span class='ocrx_word' id='word_1_853' title='bbox 1339 2740 1408 2774; x_wconf 88' lang='lat' dir='ltr'><strong>patri</strong></span> <span class='ocrx_word' id='word_1_854' title='bbox 1425 2739 1470 2766; x_wconf 85' lang='lat' dir='ltr'><strong>lilii</strong></span> <span class='ocrx_word' id='word_1_855' title='bbox 1484 2760 1491 2772; x_wconf 91' lang='lat'><strong>,</strong></span> <span class='ocrx_word' id='word_1_856' title='bbox 1504 2745 1530 2768; x_wconf 83' lang='lat' dir='ltr'><strong>et</strong></span> <span class='ocrx_word' id='word_1_857' title='bbox 1544 2745 1671 2774; x_wconf 78' lang='lat' dir='ltr'><strong>tanquam</strong></span> 
     </span>
    </p>
   </div>
   <div class='ocr_carea' id='block_1_117' title="bbox 891 2783 1670 2819">
    <p class='ocr_par' dir='ltr' id='par_1_117' title="bbox 891 2783 1670 2819">
     <span class='ocr_line' id='line_1_117' title="bbox 891 2783 1670 2819; baseline 0.005 -9"><span class='ocrx_word' id='word_1_858' title='bbox 891 2783 1017 2818; x_wconf 87' lang='lat' dir='ltr'><strong>discipuli</strong></span> <span class='ocrx_word' id='word_1_859' title='bbox 1039 2784 1187 2819; x_wconf 79' lang='lat' dir='ltr'><strong>Magistro,</strong></span> <span class='ocrx_word' id='word_1_860' title='bbox 1211 2789 1239 2812; x_wconf 89' lang='lat' dir='ltr'><strong>et</strong></span> <span class='ocrx_word' id='word_1_861' title='bbox 1254 2784 1325 2812; x_wconf 89' lang='lat' dir='ltr'><strong>sicut</strong></span> <span class='ocrx_word' id='word_1_862' title='bbox 1347 2786 1417 2813; x_wconf 85' lang='lat' dir='ltr'><strong>servi</strong></span> <span class='ocrx_word' id='word_1_863' title='bbox 1440 2788 1548 2814; x_wconf 86' lang='lat' dir='ltr'><strong>domino</strong></span> <span class='ocrx_word' id='word_1_864' title='bbox 1578 2794 1670 2814; x_wconf 87' lang='lat' dir='ltr'><strong>sumus</strong></span> 
     </span>
    </p>
   </div>
   <div class='ocr_carea' id='block_1_118' title="bbox 891 2839 1669 2876">
    <p class='ocr_par' dir='ltr' id='par_1_118' title="bbox 891 2839 1669 2876">
     <span class='ocr_line' id='line_1_118' title="bbox 891 2839 1669 2876; baseline 0.003 -9"><span class='ocrx_word' id='word_1_865' title='bbox 891 2839 987 2868; x_wconf 88' lang='lat' dir='ltr'><strong>Latine</strong></span> <span class='ocrx_word' id='word_1_866' title='bbox 997 2849 1062 2869; x_wconf 89' lang='lat' dir='ltr'><strong>vero</strong></span> <span class='ocrx_word' id='word_1_867' title='bbox 1072 2851 1079 2869; x_wconf 77' lang='grc' dir='ltr'><strong>ι</strong></span> <span class='ocrx_word' id='word_1_868' title='bbox 1097 2842 1212 2873; x_wconf 66' lang='lat' dir='ltr'><strong>Ceramt</strong></span> <span class='ocrx_word' id='word_1_869' title='bbox 1228 2843 1405 2876; x_wconf 72' lang='lat' dir='ltr'><strong>aiuntfabulm</strong></span> <span class='ocrx_word' id='word_1_870' title='bbox 1413 2863 1420 2874; x_wconf 89' lang='lat'><strong>,</strong></span> <span class='ocrx_word' id='word_1_871' title='bbox 1433 2852 1510 2871; x_wconf 76' lang='lat' dir='ltr'><strong>aures</strong></span> <span class='ocrx_word' id='word_1_872' title='bbox 1521 2844 1616 2871; x_wconf 70' lang='lat' dir='ltr'><strong>animm</strong></span> <span class='ocrx_word' id='word_1_873' title='bbox 1623 2844 1669 2870; x_wconf 79' lang='lat' dir='ltr'><strong>ob-</strong></span> 
     </span>
    </p>
   </div>
   <div class='ocr_carea' id='block_1_119' title="bbox 893 2877 1668 2905">
    <p class='ocr_par' dir='ltr' id='par_1_119' title="bbox 893 2877 1668 2905">
     <span class='ocr_line' id='line_1_119' title="bbox 893 2877 1668 2905; baseline 0.003 -3"><span class='ocrx_word' id='word_1_874' title='bbox 893 2878 1176 2904; x_wconf 76' lang='lat' dir='ltr'><strong>lurantem.Caeterum</strong></span> <span class='ocrx_word' id='word_1_875' title='bbox 1188 2886 1241 2904; x_wconf 88' lang='lat' dir='ltr'><strong>non</strong></span> <span class='ocrx_word' id='word_1_876' title='bbox 1257 2880 1339 2905; x_wconf 78' lang='lat' dir='ltr'><strong>semel</strong></span> <span class='ocrx_word' id='word_1_877' title='bbox 1351 2879 1479 2905; x_wconf 86' lang='lat' dir='ltr'><strong>dormitat</strong></span> <span class='ocrx_word' id='word_1_878' title='bbox 1495 2877 1668 2905; x_wconf 67' lang='lat' dir='ltr'><strong>doctissimus</strong></span> 
     </span>
    </p>
   </div>
   <div class='ocr_carea' id='block_1_120' title="bbox 893 2911 1664 2948">
    <p class='ocr_par' dir='ltr' id='par_1_120' title="bbox 893 2911 1664 2948">
     <span class='ocr_line' id='line_1_120' title="bbox 893 2911 1664 2948; baseline 0.003 -11"><span class='ocrx_word' id='word_1_879' title='bbox 893 2911 1038 2946; x_wconf 86' lang='lat' dir='ltr'><strong>interpres,</strong></span> <span class='ocrx_word' id='word_1_880' title='bbox 1054 2917 1082 2939; x_wconf 94' lang='lat' dir='ltr'><strong>ut</strong></span> <span class='ocrx_word' id='word_1_881' title='bbox 1095 2912 1302 2940; x_wconf 79' lang='lat' dir='ltr'><strong>ercecalleuti</strong></span> <span class='ocrx_word' id='word_1_882' title='bbox 1321 2914 1432 2948; x_wconf 85' lang='lat' dir='ltr'><strong>patebit.</strong></span> <span class='ocrx_word' id='word_1_883' title='bbox 1450 2914 1527 2940; x_wconf 66' lang='lat' dir='ltr'><strong>liotr.</strong></span> <span class='ocrx_word' id='word_1_884' title='bbox 1547 2914 1664 2941; x_wconf 61' lang='lat' dir='ltr'><strong>Pnaou</strong></span> 
     </span>
    </p>
   </div>
  </div>
