1925 3070
793 171 822 199 S.
844 171 1029 200 DIONYSIUS
1047 171 1277 202 AREOPAGITA.

1787 175 1834 204 “2

227 233 351 260 obsecuti
367 251 374 264 ,
406 231 471 258 nulli
497 230 609 258 omnino
634 230 728 263 alteri,
744 238 825 266 quam
841 231 895 258 tuis
909 232 1010 259 sanctis

1064 233 1346 269 κατηκολουθήσαμεν,
1358 232 1445 260 οὐδενί
1467 241 1498 267 γε
1519 232 1626 264 πάντως
1642 232 1738 269 ἑτέρῳ,
1753 231 1768 268 ἢ
1781 234 1834 265 ταῖς

230 277 337 312 piieqne
370 276 573 311 precationibus
602 275 717 307 conﬁsi,
749 276 863 310 quibus,
897 276 1009 310 opinor.

229 324 310 351 etiam
331 323 506 351 invisibiliter
526 321 646 354 suffulti,
665 321 744 350 facile
767 322 818 350 hoc
837 330 907 358 opus
929 323 1012 352 susti-

231 369 350 396 nuimtts.

266 414 370 448 Ecquid
383 414 456 441 enim
481 413 600 441 mirum?
612 421 675 440 cum
698 413 780 441 etiam
808 421 874 442 voce
897 414 1010 442 dimissa

229 459 295 487 Elite
310 459 343 486 ad
355 459 485 491 Elisenm,
501 459 594 486 statim
611 459 665 491 hic,
681 463 709 486 et
723 459 806 486 boves
817 459 888 491 illos,
907 465 932 487 et
948 467 1007 486 ara-

228 510 269 531 tra
283 524 291 537 ,
308 509 334 531 et
351 512 458 532 onmctn
472 504 670 539 supellectilem
693 504 773 531 aliam
788 504 933 538 abjiciens,
957 513 1011 538 quo

226 551 310 584 pedes
325 550 459 584 ferebant,
474 555 535 585 post
556 555 698 578 vocantem
718 551 879 583 cucurrerit,
905 551 1010 579 tametsi

227 603 336 631 quoque
354 597 437 624 boves
458 597 525 625 istos
548 596 686 625 sacriﬁcio
709 597 880 625 destinasset.
910 598 1010 626 Eodem

229 642 309 669 modo
324 642 406 669 etiam
424 649 473 668 nos
484 662 491 673 ,
507 642 685 669 saecularibus
700 641 788 669 turbis
803 650 835 669 ac
852 643 1011 670 tumultibus

231 687 373 721 neglectis,
388 688 436 714 loti
454 687 479 714 in
497 695 551 714 uno
567 687 657 715 studio
672 687 781 719 fuimus,
798 688 868 722 qttod
884 687 1010 714 nimirum

230 734 320 761 sacris
331 733 444 761 Litteris
458 734 687 760 eonst-cravimus.
698 733 852 760 Edisseram
866 733 946 760 etiam
960 733 1010 760 hoc

228 786 371 811 arcanum,
398 779 526 813 quoniam
550 786 656 813 quoque
679 786 786 806 verum.
809 778 884 805 Adeo
905 778 1011 805 deditus

227 832 301 852 cram
317 824 380 852 huic
401 825 519 860 negotio,
534 829 563 852 et
578 824 620 851 sic
637 824 773 859 rapiebar,
789 829 817 851 ut
830 824 911 851 etiam
925 831 1011 858 saepe-

227 878 340 898 numero
353 871 525 898 sermonibus
541 875 697 902 vacantem,
713 871 868 897 exclamare
892 878 934 897 tne
948 878 1012 897 con-

1064 280 1123 310 σαῖς
1136 279 1227 312 ἁγίαις
1241 279 1334 313 εὐχαῖς
1347 279 1394 305 καὶ
1408 278 1559 305 θεοπειθέσι
1578 278 1769 314 θαρρήσαντες,
1785 275 1833 309 αἷς,

1062 320 1148 358 οἶμαι,
1160 324 1206 350 καὶ
1217 324 1338 360 ἀοράτως
1350 324 1522 360 ἐπαρθέντες,
1536 323 1634 360 ρᾳδίως
1651 324 1799 359 ὑπέστημεν
1808 322 1835 351 τὶ

1063 369 1225 405 ὲγιιεερτιμοι-

1099 414 1153 440 Καὶ
1181 414 1207 440 τί
1234 414 1288 451 γὰρ
1314 415 1405 448 ξένον;
1428 415 1494 441 ὅπου
1517 414 1563 442 καὶ
1588 414 1638 450 τῆς
1664 414 1756 449 φωνῆς
1781 415 1836 441 ἐπι-

1064 459 1236 495 πεμφθείσης
1246 461 1295 495 τῆς
1314 460 1401 487 Ἠλίου
1411 460 1450 496 τῷ
1466 460 1704 496 Ἑλισσαίῳ,εὐθὺς
1711 458 1783 492 οὗτος
1794 460 1837 488 καὶ

1065 506 1127 541 βόας
1140 506 1269 538 ἐκείνους,
1291 506 1337 533 καὶ
1349 506 1460 542 ἄροτρα,
1476 505 1523 532 καὶ
1534 507 1623 532 πᾶσαν
1640 505 1739 541 σκευὴν
1751 505 1837 542 ἑτέραν

1064 552 1278 588 ἀποσεισάμενος
1288 573 1295 585 ,
1345 552 1432 578 ποδῶν
1447 549 1530 587 εἶχεν,
1541 552 1628 578 ὀπίσω
1641 551 1688 578 τοῦ
1700 551 1838 583 καλοῦντος

1064 599 1258 635 ὲπέδραμεν,εί
1270 595 1297 624 δὲ
1308 598 1354 624 καὶ
1367 597 1430 632 βόας
1438 598 1541 629 ἐκεῖνος
1554 596 1747 633 [ῐσ.ὲκείνους]
1763 597 1838 632 ίέρευ-

1066 654 1105 672 σε.
1114 644 1219 680 Τρόπον
1228 643 1273 670 τὸν
1289 643 1369 669 αὑτὸν
1383 643 1429 669 καὶ
1440 644 1531 678 ἡμεῖς,
1548 642 1610 674 τοὺς
1626 642 1766 677 βιωτικοὺς
1775 650 1838 678 παρ-

1066 689 1163 721 ιδόντες
1170 688 1299 724 θορύϐους
1311 689 1357 715 καὶ
1372 687 1555 724 τυρϐασμοὺς,
1567 687 1620 714 ὅλοι
1635 687 1766 723 μερίμνης
1780 688 1839 722 μιᾶς

1064 734 1221 771 ἐγενόμεθα,
1236 735 1269 770 ἢν
1282 734 1314 770 δὴ
1332 734 1379 761 καὶ
1393 735 1450 766 τοῖς
1469 734 1552 769 ίεροῖς
1567 733 1673 767 Λογίοις
1693 732 1838 768 ἀφιερώσα-

1065 789 1125 816 μεν.
1146 780 1261 813 Ἐξείπω
1287 779 1332 806 καὶ
1351 778 1381 804 τὸ
1402 778 1567 814 ἀπόρρητον,
1596 777 1636 804 ὅτι
1669 778 1714 804 καὶ
1730 777 1837 812 ἀληθέςο

1063 826 1188 853 τοσοῦτον
1201 824 1332 860 ἐγενόμην
1345 823 1391 850 τοῦ
1407 823 1576 858 πράγματος,
1589 823 1636 849 καὶ
1651 822 1735 854 οὕτως
1749 823 1838 854 ἑάλων,

1064 872 1134 899 ὥστε
1151 871 1198 898 καὶ
1211 868 1344 904 πολλαχοῦ
1361 869 1414 895 τῶν
1428 868 1513 902 λόγων
1525 868 1693 903 σχολάσαντι,
1705 867 1840 901 διαφωνεῖν

228 917 331 950 tigerit,
345 917 408 943 dum
424 917 608 951 expenderent
634 916 698 944 hinc
720 923 849 944 sensuum
871 915 1010 950 profundi-

1064 927 1108 954 μοι
1126 916 1282 948 συνέϐαινε,
1303 914 1476 942 κατανοοῦντι
1499 913 1574 940 ἔνθεν
1590 914 1620 940 τὸ
1631 913 1685 940 τῶν
1702 913 1840 949 νοημάτων

229 965 323 991 tatem.
337 961 399 988 inde
417 961 558 995 theologia
571 960 782 993 sublimitatem;
800 961 844 988 hic
865 961 891 987 in
910 961 1012 989 divinis

229 1006 432 1038 eruditionem.
462 1006 517 1033 illic
541 1007 568 1033 in
596 1006 763 1040 explicandis
790 1006 1012 1038 accurationem.

232 1052 297 1080 alibi
313 1052 539 1085 moderatiOnem,
554 1052 615 1080 alibi
628 1052 749 1079 numinis
762 1051 939 1085 alliationem,
953 1052 1013 1079 ubi-

231 1106 283 1133 que
300 1098 470 1126 divinitatem
484 1102 512 1126 et
527 1099 712 1125 securitatem.

251 1144 320 1178 Quid
329 1146 435 1171 domum
442 1152 491 1179 ego
498 1144 594 1171 faciam
604 1144 654 1171 nisi
663 1149 740 1179 prato
747 1144 911 1172 fertilissima
920 1143 1013 1171 Sancti

229 1190 309 1224 ltnjus
322 1190 422 1225 scripta
431 1197 597 1224 comparem,
608 1189 643 1216 ita
654 1194 683 1216 ut
692 1189 770 1216 velim
780 1189 888 1225 quidem
897 1196 996 1223 carpen
1004 1203 1013 1210 —

228 1236 262 1261 ιΙο
278 1236 384 1263 caeteris
399 1234 582 1270 pulcherrima
593 1241 826 1269 proponere;non
843 1234 948 1262 valeam
966 1241 1014 1261 au-

229 1286 293 1311 tem,
313 1281 359 1308 sed
375 1280 520 1307 immobilis
529 1279 691 1312 consistam,
701 1283 728 1306 et
735 1279 811 1314 quasi
823 1283 913 1307 mutus
920 1286 1013 1306 mane-

231 1333 261 1353 re
272 1334 353 1361 cogar
364 1334 418 1361 prae
430 1326 524 1360 gratiae
531 1326 661 1353 varietate
669 1325 681 1352 ’ί
690 1326 735 1353 Sic
745 1333 795 1360 ego
804 1333 856 1353 non
869 1326 1011 1360 interpres,

230 1380 283 1399 non
296 1374 501 1407 parapltrastes,
512 1373 558 1400 sed
574 1372 682 1399 auditor
693 1379 764 1399 sum.
776 1371 902 1406 Magnum
914 1379 980 1399 sane
989 1372 1011 1399 si

227 1419 271 1447 vel
287 1424 373 1455 mysta
390 1419 451 1445 [iam
469 1418 619 1446 cmlestium
647 1418 791 1450 tubarum,
817 1423 939 1445 attamen
957 1426 1011 1445 non

230 1466 301 1493 illico
317 1474 349 1493 ac
364 1470 475 1499 repente
498 1464 681 1492 insonantium
696 1464 741 1497 (ne
758 1463 821 1491 hinc
835 1464 917 1491 etiam
931 1465 1012 1500 spiri-

230 1512 309 1539 tualis
329 1511 444 1538 facultas
462 1510 588 1538 audiendi
613 1509 806 1536 detrimentum
828 1510 940 1544 capiat),
963 1510 1011 1537 sed

228 1557 328 1585 sensim
338 1561 365 1584 et
378 1556 506 1592 panlatim
518 1555 719 1590 penetrantium
734 1554 768 1582 ad
782 1554 948 1582 intimiorem
965 1562 1012 1582 co-

228 1603 359 1638 gnitionis
375 1610 483 1630 sonum.
506 1602 554 1635 Qui
572 1608 637 1628 sane
661 1601 756 1628 modus
776 1605 818 1628 est
839 1601 953 1628 vacandi
977 1601 1010 1627 ab
1024 1592 1047 1621 ε

228 1649 366 1680 ommbus.
390 1653 417 1674 et
441 1647 606 1674 intellectum
630 1645 782 1680 applicandi
806 1645 839 1672 ad
860 1653 903 1673 res
926 1646 1011 1672 maxi-

227 1702 296 1727 mas,
321 1694 421 1722 sensim
445 1693 489 1720 illa
505 1699 565 1727 qua:
589 1691 778 1726 intelliguntur
801 1691 963 1727 subigendo,
985 1697 1012 1718 et

228 1741 336 1767 tandem
364 1739 514 1775 perfectam
538 1738 719 1773 cognitionem
747 1745 808 1764 cum
832 1742 1011 1772 cognoscente

228 1786 390 1822 copulando.
408 1786 462 1813 Hoc
477 1790 567 1813 autem
585 1785 650 1811 mihi
666 1784 782 1811 contulit
805 1784 934 1819 propositi
956 1790 1011 1811 sco-

227 1840 291 1866 pus,
307 1833 370 1859 dum
386 1831 490 1866 singula
506 1830 651 1858 considero
673 1836 733 1864 quae
755 1829 892 1856 dicutttnr.
918 1829 1011 1864 Neque

229 1879 319 1906 minus
331 1879 402 1913 quod
421 1878 502 1904 etiam
517 1875 684 1906 addendum,
700 1875 771 1909 quod
787 1881 950 1909 magnopere
964 1875 1012 1901 ad-

226 1925 302 1960 jutus
313 1925 377 1956 siin,
393 1922 707 1957 antiquiores,tanquam
726 1919 816 1955 populi
833 1921 967 1952 seniores.
983 1920 1010 1947 in

229 1978 342 1997 ascensu
358 1970 391 1996 ad
405 1969 526 1996 divinum
540 1966 712 2002 mystagogiae
726 1971 846 1993 montem
861 1966 1009 2000 sequendo.

229 2017 284 2050 Qui
298 2023 364 2043 Sane
379 2015 441 2042 dum
462 2014 555 2041 Sancti
577 2011 656 2046 hujus
667 2011 767 2046 scripta
785 2011 1008 2045 interpretantur,

229 2063 299 2088 viam
313 2069 345 2088 eo
358 2059 514 2088 tendentem
529 2059 594 2086 mihi
611 2063 813 2094 exposuerunt,
826 2058 860 2085 ac
876 2065 918 2084 me
933 2065 1012 2084 secu-

230 2115 291 2135 rum
307 2106 500 2138 reddiderunt;
524 2104 699 2139 quamobrem
714 2105 796 2131 etiam
813 2102 951 2136 contendi,
967 2102 1011 2130 do-

229 2162 280 2182 nec
306 2153 488 2189 pertingerem
512 2159 543 2178 co
564 2158 618 2186 quo
643 2150 798 2185 pertingere
822 2153 960 2184 poteram,
983 2153 1010 2175 et

228 2207 283 2235 quo
298 2198 417 2234 perveni.
437 2198 465 2224 Si
478 2197 586 2232 quidem
601 2204 685 2232 prope
695 2216 702 2228 ,
717 2200 746 2222 ut
759 2203 853 2230 spero,
872 2195 958 2230 gratia
977 2194 1011 2221 sit

228 2247 294 2279 Deo,
309 2253 324 2272 a
338 2252 392 2280 quo
407 2251 489 2272 omne
498 2243 569 2278 quod
584 2243 618 2269 ab
640 2242 796 2269 [nominibus
811 2241 879 2268 bene
896 2240 936 2273 lit,
952 2247 1011 2275 gra-

231 2293 265 2320 tia
283 2292 347 2320 item
360 2291 413 2318 tuis
426 2289 528 2318 sanctis
539 2289 676 2323 precibus,
688 2287 785 2322 quibus
801 2286 896 2319 fretus,
913 2286 946 2314 ad
961 2287 1011 2313 hoc

229 2345 296 2372 opus
317 2345 361 2364 me
381 2335 498 2367 accinxi,
520 2339 548 2361 et
571 2334 670 2369 quibus
691 2333 817 2368 adjutus,
834 2339 886 2359 non
901 2331 1011 2359 omnino

227 2382 323 2418 procul
338 2390 353 2409 a
369 2383 469 2409 decoro
483 2380 620 2407 aberravi.

267 2426 343 2463 Q'uod
358 2427 380 2455 si
393 2429 445 2455 hoc
457 2426 565 2462 quidem
583 2433 647 2459 non,
663 2425 709 2453 sed
722 2424 832 2452 omnino
849 2423 941 2450 videar
955 2423 1012 2450 inu-

230 2475 285 2504 tilis
310 2478 338 2502 et
364 2473 568 2509 reprobandus,
596 2473 660 2506 quid
694 2470 748 2506 pati
777 2473 893 2503 oportet,
924 2468 1011 2495 sicubi

228 2521 352 2558 plurimis
381 2521 487 2547 hatrens
527 2517 729 2544 diﬂicultatibus
759 2520 868 2550 propter
899 2514 1011 2548 imperi-

229 2569 293 2596 liam
314 2567 450 2602 quidpiam
468 2566 536 2592 forte
565 2571 618 2591 non
643 2569 716 2590 recte
738 2562 838 2597 attigi?
853 2562 903 2588 hoc
921 2562 1009 2595 ipsum

228 2622 293 2642 sane
303 2621 351 2649 pro
362 2613 432 2640 virili
444 2611 523 2640 simul
533 2611 558 2637 in
572 2610 688 2637 medium
699 2608 821 2644 proferre
836 2607 947 2634 minime
964 2614 1012 2633 ne—

229 2661 309 2696 glexi.
322 2660 362 2687 Tu
374 2666 438 2686 vero
453 2658 542 2684 anima
559 2664 607 2690 per
624 2656 713 2683 omnia
731 2655 814 2681 Deum
827 2654 948 2686 imitans,
957 2660 1010 2679 non

229 2707 255 2734 id
269 2706 341 2741 quod
356 2713 389 2732 ex
400 2704 497 2732 merito
511 2709 564 2736 est,
575 2708 646 2731 recte
659 2703 727 2734 scio,
740 2708 854 2736 quaeres,
863 2700 909 2727 sed
919 2706 1010 2733 prom-

228 2757 303 2786 ptum
315 2752 435 2779 anitnum
456 2749 599 2782 admittes,
623 2747 842 2783 quandoquidem
858 2746 939 2772 etiam
956 2745 1010 2771 Deo

229 2798 320 2824 dicant
337 2803 444 2832 gratum
459 2803 519 2824 esse
541 2794 612 2829 quod
635 2793 784 2822 secundum
807 2792 879 2819 vires
903 2791 941 2818 ﬁt.
958 2791 1011 2817 Sed

229 2843 262 2869 de
282 2843 323 2870 liis
339 2843 447 2878 quidem
457 2841 523 2869 satis
541 2850 548 2874 ;
568 2845 696 2868 czcterum
718 2844 824 2873 tempus
844 2842 886 2865 est
905 2845 936 2864 ea
951 2843 1011 2871 quae

230 2891 263 2917 ad
282 2875 408 2926 magnum
423 2890 579 2926 Dionysium
604 2889 742 2924 pertinent
764 2886 933 2923 exponendi,
955 2892 1014 2919 qum
1029 2887 1104 2911 certe
1118 2881 1200 2909 etiam
1217 2880 1251 2907 ab
1269 2878 1388 2913 antiquis
1404 2875 1521 2904 historiae
1535 2881 1560 2901 ιιι

1065 964 1146 999 βάθος
1157 983 1164 995 ,
1182 962 1286 990 ἐκεῖθεν
1304 961 1334 987 τὸ
1357 960 1407 996 τῆς
1421 960 1558 994 θεολογίας
1572 959 1653 994 ὕψος·
1670 956 1720 986 ὦδε
1737 959 1767 985 τὺ
1781 959 1840 995 περὶ

1062 1009 1096 1036 τὰ
1111 1008 1171 1035 θεῖα
1187 1006 1406 1042 ἐπιστημονικὸν,
1423 1003 1473 1033 ὦδε
1493 1005 1523 1032 τὺ
1542 1005 1607 1041 περὶ
1623 1005 1672 1040 τὴν
1689 1004 1841 1040 ἐξαγγελίαν

1063 1054 1304 1091 ἀπηκριϐωμένον·
1321 1052 1434 1088 ἀλλαχοῦ
1447 1051 1478 1079 τὸ
1491 1052 1611 1088 μέτριον,
1627 1051 1740 1087 ἀλλαχοῦ
1757 1051 1787 1078 τδ
1799 1051 1841 1078 ἐν-

1063 1101 1133 1134 θεον,
1147 1100 1285 1135 πανταχοῦ
1297 1098 1328 1126 τὸ
1341 1099 1411 1125 θεῖον
1424 1097 1471 1125 καὶ
1488 1097 1617 1132 ἀσφαλές.

1097 1149 1154 1175 Καὶ
1178 1147 1205 1174 τί
1232 1156 1265 1182 γε
1290 1146 1352 1173 ἄλλο
1375 1145 1392 1181 ἦ
1416 1143 1528 1180 λειμῶνι
1557 1143 1700 1180 πολυφόρῳ
1722 1143 1771 1175 τὰς
1795 1143 1842 1170 τοῦ

1069 1194 1159 1228 ’Δγίου
1173 1192 1281 1229 γραφὰς
1296 1190 1500 1228 παρεικάζοντι,
1522 1190 1560 1222 ὡς
1572 1189 1711 1225 βούλεσθαι
1727 1189 1773 1225 μὲν
1783 1189 1840 1224 δρε-

1063 1240 1174 1276 πομένῳ
1187 1241 1243 1271 τοῖς
1256 1238 1345 1270 ἄλλοις
1358 1236 1514 1274 προτιθέναι
1536 1235 1570 1262 τὰ
1585 1235 1725 1268 κάλλιστα,
1743 1234 1779 1271 μὴ
1799 1234 1838 1260 δύ-

1062 1285 1158 1313 νασθαι
1167 1285 1205 1316 δὲ,
1216 1284 1272 1312 ἀλλ’
1281 1283 1444 1319 ἀκινητίζειν
1454 1279 1508 1309 οἷον
1524 1281 1569 1308 καὶ
1581 1280 1769 1312 ἀπενεοῠσθαι,
1778 1279 1845 1316 πρὸς

1061 1333 1093 1360 τὸ
1110 1331 1229 1358 ποικίλον
1244 1330 1295 1365 τῆς
1314 1329 1441 1364 χάριτος;
1459 1329 1551 1360 Οὕτως
1566 1327 1620 1362 ἐγὼ
1636 1328 1686 1354 οὐκ
1700 1327 1843 1362 ἐξηγητὴς,

1062 1378 1092 1403 οὐ
1113 1375 1321 1413 παραφραστὴς,
1335 1373 1390 1401 ἀλλ’
1408 1374 1553 1410 ἀκροατής.
1574 1373 1654 1407 Μέγα
1676 1372 1740 1408 γὰρ,
1762 1372 1785 1398 εί
1799 1373 1846 1398 καὶ

1064 1423 1168 1459 μύστης
1193 1422 1247 1449 τῶν
1270 1421 1403 1458 οὐρανίων
1426 1420 1558 1455 ἐγενόμην
1582 1418 1750 1453 σαλπίγγων,
1775 1418 1845 1454 πλὴν

1061 1471 1112 1498 οὐκ
1125 1470 1205 1502 εὐθὺς
1217 1471 1263 1498 καὶ
1279 1469 1407 1504 ἐξαίφνης
1423 1466 1576 1502 ἐνηχουσῶν
1592 1465 1601 1501 (
1610 1466 1643 1493 ἵν’
1661 1464 1706 1492 οὖν
1721 1464 1845 1492 ἐντεῦθεν

1061 1518 1107 1544 καὶ
1117 1516 1166 1552 τὴν
1176 1515 1271 1551 νοερὰν
1285 1513 1448 1549 ἀκωστικὴν
1463 1511 1700 1548 παρεϐλάϐημιεν),
1714 1510 1769 1538 ἀλλ’
1784 1509 1846 1546 ἡρέ-

1063 1570 1117 1597 μα,
1133 1561 1180 1588 καὶ
1203 1559 1273 1586 κατὰ
1300 1559 1396 1595 μικρὸν
1418 1556 1638 1594 προϐιϐαζουσῶν
1657 1554 1725 1591 πρὸς
1746 1555 1775 1582 τὺ
1796 1555 1847 1590 τῆς

1062 1607 1188 1643 γνώσεως
1211 1605 1395 1641 ὲνηχέστερον.
1423 1606 1470 1635 Ὃς
1496 1604 1528 1639 δὴ
1552 1602 1652 1638 τρόπος
1672 1601 1767 1637 σχολῆς
1792 1599 1846 1627 ἀπὸ

1063 1655 1181 1686 πάντων,
1196 1652 1242 1679 καὶ
1258 1651 1394 1687 προσοχῆς
1411 1650 1458 1676 ἐπὶ
1474 1651 1529 1681 τοῖς
1545 1648 1682 1684 μεγίστοις
1697 1646 1755 1678 νοὸς
1775 1646 1847 1673 κατὰ

1063 1700 1158 1736 μικρὸν
1170 1697 1372 1733 ἀναμάττεσθαι
1385 1695 1420 1722 τὰ
1435 1695 1576 1730 νοούμενα,
1590 1693 1637 1720 καὶ
1651 1693 1727 1724 τέλος
1745 1693 1784 1724 είς
1800 1700 1847 1718 1e-

1060 1746 1133 1774 λείαν
1147 1745 1247 1780 γνῶσιν
1264 1742 1397 1775 ἑνίζεσθαι
1410 1741 1455 1768 τὸν
1468 1740 1643 1776 γινώσκοντα.
1660 1738 1744 1765 Τοῦτο
1756 1738 1784 1764 δέ
1801 1746 1846 1772 μοι

1061 1791 1203 1828 προὺξένει
1227 1792 1241 1817 ὁ
1261 1789 1307 1816 τοῦ
1329 1788 1510 1825 προκειμένου
1527 1786 1641 1817 σκοπὸς,
1656 1786 1685 1811 ὲν
1705 1784 1847 1811 ἐπιστάσει

1060 1839 1194 1874 γινομένῳ
1207 1837 1261 1864 τῶν
1281 1835 1380 1870 λεγομέ
1388 1842 1434 1860 λων
1448 1832 1507 1860 καθ’
1522 1832 1644 1859 ἕκαστον.
1657 1831 1694 1858 Οὐ
1708 1832 1798 1867 χεῖρον
1817 1831 1847 1857 δὲ

1061 1884 1215 1921 ⁴προσθεῖναι
1227 1883 1273 1909 καὶ
1289 1880 1378 1912 τοῦτο,
1393 1880 1433 1906 ὅτι
1447 1879 1493 1906 καὶ
1507 1877 1632 1914 μεγάλως
1648 1876 1849 1912 ὲχειραγωγούο

1062 1938 1130 1966 μην,
1144 1928 1243 1955 ὡσανεὶ
1263 1926 1327 1954 λαοῦ
1349 1925 1559 1961 πρεσϐυτέροις,
1585 1925 1642 1954 τοῖς
1662 1922 1850 1957 παλαιοτέροις

1061 1975 1193 2011 ἑπόμενος
1209 1972 1276 2008 πρὺς
1295 1972 1345 2007 τὴν
1367 1970 1413 1996 ἐπὶ
1431 1969 1462 1996 τὸ
1481 1969 1551 1996 θεῖον
1566 1968 1628 2004 ὅρος
1641 1967 1691 2002 τῆς
1705 1975 1851 2002 μυσταγω-

1060 2021 1123 2056 γίας
1143 2018 1282 2047 ἀνάϐασιν.
1301 2017 1332 2044 Oi
1348 2016 1379 2051 δὴ
1394 2015 1439 2042 καὶ
1449 2014 1484 2041 τὰ
1495 2013 1542 2041 τοῦ
1559 2014 1680 2049 μάκαρος
1695 2011 1848 2047 ἐξηγούμε-

1060 2075 1112 2099 νοι,
1127 2066 1177 2101 τῆς
1199 2064 1246 2091 ἐπὶ
1259 2063 1338 2090 τοῦτο
1361 2060 1497 2096 φερούσης
1521 2068 1565 2095 μοι
1582 2057 1735 2093 ἐξηγοῦντο,
1749 2058 1797 2084 καὶ
1817 2057 1850 2083 τὸ

1060 2111 1179 2146 ἀσφαλὲς
1192 2110 1335 2145 παρεῖχον·
1352 2106 1394 2141 ἐφ’
1405 2107 1473 2141 ὅπερ
1487 2104 1533 2132 καὶ
1546 2102 1705 2139 ὁρμηθείην,
1721 2101 1774 2132 ἕως
1786 2101 1853 2146 όδηῖ

1060 2144 1191 2193 γοιίμενος
1215 2154 1318 2190 ἔφθασα
1340 2150 1370 2179 οὗ
1394 2151 1494 2186 φθάσαι
1515 2149 1561 2176 καὶ
1579 2147 1724 2183 ἐδυνήθην,
1749 2147 1798 2174 καὶ
1817 2144 1851 2173 οὗ

1061 2192 1227 2239 κατήντησα.
1243 2201 1275 2227 Εἰ
1293 2199 1340 2235 μὲν
1353 2196 1398 2224 οὖν
1411 2197 1494 2231 ἐγγὺς
1509 2195 1559 2230 τῆς
1575 2194 1690 2226 ἐλπίδος,
1702 2192 1784 2228 χάρις
1799 2193 1856 2228 μὲν

1061 2249 1121 2284 Θεῷ
1135 2247 1198 2283 παρ’
1210 2244 1240 2273 οὗ
1256 2246 1308 2272 πᾶν
1323 2242 1475 2279 ἀνθρώποις
1488 2240 1518 2267 τὸ
1528 2239 1752 2284 κατορθούμενον,
1766 2239 1852 2274 χάρις

1061 2291 1089 2319 δὲ
1106 2283 1152 2318 καὶ
1165 2291 1225 2321 ταῖς
1244 2290 1302 2320 σαῖς
1318 2288 1409 2322 ἁγίαις
1425 2286 1534 2320 εὐχαῖς,
1552 2283 1596 2315 αἷς
1618 2284 1758 2320 θαρρήσας
1781 2284 1855 2310 ἀπε-

1061 2337 1183 2372 δυσάμην
1207 2334 1275 2370 πρὸς
1295 2332 1326 2358 τὸ
1342 2328 1492 2366 ἐγχείρημα
1504 2349 1511 2361 ,
1529 2329 1575 2355 καὶ
1588 2325 1632 2359 αἷς
1647 2327 1834 2363 βοηθούμενος
1844 2346 1852 2359 ,

1061 2383 1091 2410 οὐ
1107 2382 1200 2418 πόρρω
1214 2377 1351 2409 παντελῶς
1365 2375 1517 2411 ἐξετράπην
1533 2374 1580 2401 τοῦ
1596 2374 1710 2405 δέοντος.

1097 2428 1129 2454 Εἰ
1143 2417 1171 2453 δὲ
1187 2424 1266 2452 τοῦτο
1282 2423 1329 2459 μὲν
1347 2422 1377 2448 οὓ
1387 2442 1394 2454 ,
1411 2421 1500 2455 πάντη
1512 2420 1541 2446 δὲ
1557 2419 1668 2454 φανείην
1686 2417 1856 2452 ἀλυσιτελὴς

1063 2473 1110 2500 καὶ
1126 2471 1270 2505 ἀδόκιμος,
1284 2468 1313 2494 τί
1331 2467 1384 2503 χρὴ
1401 2465 1506 2497 παθεῖν,
1527 2465 1554 2491 ei
1579 2473 1630 2490 που
1646 2464 1754 2494 πολλοῖς
1770 2464 1856 2489 ἀνια-

1065 2519 1119 2554 ροῖς
1131 2516 1199 2552 προς
1212 2516 1245 2550 τῇ
1262 2513 1366 2549 ἀμαθίᾳ
1382 2519 1492 2546 συνισχη
1498 2510 1586 2546 μένος,
1596 2510 1626 2536 τὸ
1639 2510 1719 2544 τυχὸν
1731 2509 1763 2535 οὺ
1779 2516 1853 2534 κατ-

1062 2562 1197 2598 digitium;
1216 2561 1247 2586 τὸ
1267 2558 1330 2593 γοῦν
1351 2557 1419 2593 πρὸς
1444 2556 1535 2591 ἰσχύος
1567 2556 1641 2590 ὅμως
1662 2555 1858 2590 προσαγαγεῖν

1064 2609 1113 2634 οὐκ
1127 2605 1283 2639 ἀπώκνησα.
1297 2603 1333 2630 Σὺ
1350 2603 1377 2629 δὲ
1396 2603 1413 2637 ἡ
1429 2601 1463 2628 τὰ
1480 2602 1568 2628 πάντα
1583 2600 1655 2635 ψυχὴ
1672 2599 1858 2634 θεομίμητος.

1064 2653 1094 2679 οὐ
1110 2653 1140 2679 τὺ
1156 2651 1215 2678 κατ’
1228 2649 1315 2682 ἀξίαν,
1334 2645 1362 2674 εὖ
1377 2645 1445 2678 οἶδα,
1461 2646 1597 2681 ζητήσεις,
1616 2644 1672 2671 ἀλλ’
1684 2644 1809 2680 ἀποδέξῃ
1825 2643 1861 2670 τὸ

1064 2697 1216 2734 πρόθυμον·
1239 2694 1299 2721 ἐπεὶ
1319 2694 1366 2719 καὶ
1385 2691 1444 2726 Θεῷ
1460 2700 1525 2725 φασι
1543 2690 1618 2724 φίλον
1635 2690 1666 2715 τὺ
1685 2689 1758 2715 κατὰ
1770 2689 1863 2716 δύνα-

1066 2752 1120 2779 μιν.
1145 2740 1223 2768 Ἀλλὰ
1244 2739 1346 2766 τούτων
1370 2739 1418 2773 μὲν
1437 2737 1496 2767 ἃλις
1510 2756 1516 2767 ,
1534 2735 1630 2770 καιρὸς
1650 2735 1678 2761 δὲ
1699 2735 1798 2762 λοιπὸν
1823 2735 1865 2761 τὰ

1063 2787 1134 2815 κατὰ
1156 2787 1201 2813 τὸν
1229 2785 1313 2820 μέγαν
1336 2783 1470 2810 Διονύσιον
1487 2781 1620 2813 ἐνθεῖναι,
1637 2781 1687 2807 ὅσα
1709 2781 1783 2816 δῆτα
1809 2781 1866 2808 καὶ

1064 2834 1119 2864 τοῖς
1137 2830 1259 2861 παλαιοῖς
1275 2829 1423 2864 ἱστόρηται.

1563 2872 1661 2900 andata
1677 2877 1751 2899 sunt.
