1925 3070
90 172 144 201 H3

785 172 1052 201 PROLEGOMENA.

1654 170 1704 198 “4

125 228 180 263 Τὴν
196 227 284 255 τοίνυν
298 227 444 262 εὐγένειαν,
460 227 506 254 καὶ
518 227 547 254 τὺ
559 228 587 255 ἐν
601 227 707 264 πλούτῳ
729 228 870 264 περιφανὲς

960 227 1133 255 Nobilitatem
1148 227 1240 262 igitur,
1257 230 1283 253 et
1299 225 1608 260 illustresdititiasejus
1622 226 1707 255 Athe-

90 273 172 300 αὐτοῦ
183 293 190 305 ,
211 273 241 300 τὸ
259 274 318 300 κατ’
341 274 496 309 Ἀθηναίους
514 275 660 311 παρίστησι
678 275 873 310 βουλευτήριον.

96 320 140 351 Ὠς
155 319 210 355 γὰρ
225 321 239 346 6
255 320 324 352 θεῖος
341 321 449 352 Λουκᾶς
469 321 569 356 ἱστορεῖ
593 322 621 348 ἐν
643 323 703 353 ταῖς
730 321 872 356 Πράξεσιν,

89 362 130 397 εἷς
148 365 196 391 καὶ
213 363 289 397 οὗτος
302 363 336 401 ἧν
349 366 403 392 τῶν
417 366 613 402 ἁρεοπαγιτῶν.
628 367 680 393 Τοῦ
694 367 782 394 τοίνυν
800 367 873 403 ίεροῦ

90 410 240 437 ἀποστόλου
253 410 358 439 Παύλου
373 413 432 443 ταῖς
452 411 575 447 Ἀθήναις
588 411 813 447 ἐπιδημήσαντος,
828 412 877 439 καί

88 464 143 482 τισι
159 455 212 482 τῶν
229 456 258 489 ἐξ
280 456 440 493 Ἐπικούρου
456 457 501 484 καὶ
514 457 568 484 τῶν
582 457 635 484 ἀπὺ
647 458 697 493 τῆς
709 459 792 490 Στοᾶς
806 467 874 494 συμ-

89 501 227 533 ϐαλόντος,
245 503 291 528 καὶ
306 502 351 529 τὸν
371 502 447 537 λόγον
467 502 517 538 τῆς
536 503 663 539 ἀληθείας
678 503 872 539 κηρύττοντος,

88 548 161 579 τινὲς
174 547 229 574 τῶν
244 549 331 574 ἐκεῖσε
348 548 498 583 φιλοσόφων
511 549 604 576 τοῦτον
616 550 760 585 συσχόντες
772 549 817 576 ἐπὶ
828 550 872 577 τὸν

91 594 200 629 ’Λρειον
220 594 312 627 Πάγον
328 594 482 629 ἀπήγαγον,
499 594 577 626 δίκας
622 591 659 622 ὧν
684 596 872 633 ἐδημηγόρησε

89 637 219 665 δώσοντα.
241 637 322 664 Ἀλλὰ
338 639 448 665 κάκεῖσε
466 638 633 676 δημηγορεῖ,
654 642 701 667 καὶ
720 642 771 677 τῆς
791 641 872 669 αὐτοῦ

89 682 166 714 θείας
181 681 303 718 γλώττης
318 682 428 719 θήραμα
441 684 574 718 γίνονται,
592 686 638 712 καὶ
657 685 730 713 ἄλλοι
754 687 803 722 μὲν
823 688 873 714 οὐκ

88 728 174 762 ὀλίγοι
185 748 192 760 ,
208 727 275 754 ἀλλὰ
291 728 338 754 καὶ
353 729 435 761 αὐτὸς
448 730 583 762 Διονύσιος
593 750 600 762 ,
618 732 664 758 καὶ
680 732 747 767 γυνὴ
763 732 872 768 ὀνόματι

90 774 226 810 Δάμαρις,
241 774 288 800 καὶ
300 774 388 810 ἓτερον.
403 776 450 802 σὺν
466 776 565 808 αὐτοῖς.
581 777 771 812 Προστέθειται
787 777 815 804 δὲ
827 778 873 805 καὶ

87 819 119 848 εδ
134 820 185 855 τῆς
199 820 276 852 ἀξίας
288 820 378 856 αὐτῷ’
396 822 462 856 φησι
478 822 542 857 γὰρ,
560 824 576 849 ὀ
594 823 811 859 Ἀρεοπαγίτης,
828 824 873 852 διὰ

88 866 119 892 τὺ
145 867 294 902 περιφανὲς
317 867 364 894 τοῦ
387 868 499 904 ἀνδρὸς,
515 867 609 904 οἶμαι,
630 870 658 896 ἔν
679 879 710 898 τε
730 872 811 908 σοφίᾳ
825 872 872 898 καὶ

926 274 1060 302 niensium
1087 274 1139 301 iste
1169 277 1280 300 senatus
1306 272 1438 300 declarat.
1473 272 1703 305 Quem-dmodum

924 319 996 347 enim
1010 319 1088 346 divus
1103 318 1191 345 Lucas
1204 318 1326 345 historia:
1342 318 1452 345 mandat
1467 317 1493 344 in
1510 317 1620 344 Artibus
1631 317 1663 349 ",
1682 317 1706 345 is

924 365 1005 392 etiam
1020 372 1089 392 unus
1099 370 1157 392 erat
1175 365 1405 399 areopagitarutu.
1421 363 1487 390 Cum
1500 363 1582 398 igitur
1594 369 1705 391 sanctus

924 411 1063 445 apostolus
1079 411 1180 438 Paulus
1198 411 1319 438 Athenas
1341 409 1479 444 profectus
1491 413 1580 442 esset,
1596 414 1624 436 et
1643 417 1703 436 cum

923 457 1087 491 quibusdam
1102 457 1241 491 Epicureis
1254 464 1286 483 ac
1300 455 1401 483 Stoicis
1411 455 1703 489 congressus,verbum

923 502 1047 529 veritatis
1081 503 1260 537 praedicaret;
1289 501 1412 529 normulli
1447 501 1529 528 isthic
1552 501 1703 536 philosophi

923 554 983 574 eum
1000 548 1259 581 cotuprehendentes
1275 547 1309 574 ad
1331 548 1502 582 Areopagum
1524 547 1703 580 abduxerunt,

924 600 1020 627 poenas
1035 593 1160 620 daturum
1178 598 1290 628 propter
1310 590 1342 620 ea
1364 601 1423 628 quae
1442 593 1618 620 concinnatus
1632 596 1702 619 erat.

925 638 1024 666 Verum
1050 639 1132 666 etiam
1154 639 1210 666 illic
1231 639 1421 671 conciouatur,
1446 643 1473 666 et
1497 639 1594 666 divittre
1618 638 1703 673 ipsius

923 684 1020 719 linguae
1033 685 1122 720 prada
1137 684 1214 719 tium,
1227 690 1327 720 praeter
1345 685 1413 712 alios
1428 692 1482 712 non
1495 692 1603 719 paucos,
1621 684 1701 711 etiam

923 731 979 766 ipse
995 731 1153 766 Dionysius,
1167 735 1195 759 et
1211 731 1308 758 mulier
1328 731 1438 758 nomine
1458 731 1591 764 Damaris,
1610 735 1637 758 et
1655 731 1701 757 alii

921 785 983 806 cum
999 777 1049 805 eis.
1066 777 1137 811 Quin
1155 782 1183 805 et
1200 777 1342 812 adjunctus
1358 783 1400 805 est
1418 778 1455 805 illi
1479 777 1571 804 titulus
1591 777 1703 812 dignita-

923 823 974 856 tis;
993 823 1031 850 ait
1050 823 1134 856 enim,
1156 821 1332 858 Areopagita,
1356 821 1390 850 ob
1413 822 1555 854 illustrem,
1577 827 1606 848 ut
1626 822 1701 849 arbi-

924 873 991 901 trot',
1007 868 1058 895 viri
1074 868 1245 901 sapientiam,
1273 873 1300 895 et
1325 867 1444 900 divitias,
1460 875 1492 894 ac
1504 867 1583 894 tertio
1592 872 1702 902 propter

89 911 208 947 πλούτῳ,
232 912 280 939 καὶ
299 913 382 949 τρίτῳ
403 914 442 949 τῷ
465 915 515 949 τῆς
535 915 670 948 πολιτείας
685 905 870 953 ἀνεπιλήπτῳ.

923 911 1161 947 irreprehensibile
1175 911 1282 938 vivendi
1300 911 1468 939 institutum.
1491 911 1549 938 Non
1570 912 1641 938 euiut
1655 919 1702 938 cu-

88 956 126 985 οὑ
149 957 204 992 γὰρ
223 958 321 989 παντὸς
339 956 374 993 ἦν
391 959 423 985 τὸ
438 960 478 990 εἰς
493 961 675 996 ἀρεοπαγίτας
693 962 796 995 τελεῖν,
814 962 871 989 ἀλλ’

87 1002 117 1028 ὃν
134 1003 167 1029 ἂν
183 1004 200 1038 η
218 1004 300 1039 συχνὴ
316 1005 404 1039 σοφία,
418 1006 466 1032 καὶ
480 1007 494 1032 6
506 1007 622 1042 χρηστὸς
632 1007 706 1042 βίος,
724 1009 769 1034 καὶ
785 1009 814 1035 τὸ
826 1009 872 1035 ἐπὶ

88 1048 171 1074 πᾶσιν
189 1049 369 1086 ἀνεπίληπτον
385 1051 424 1081 εις
438 1050 470 1077 τὺ
485 1050 604 1078 τοιοῦτον
624 1053 801 1088 προύκαλεῖτο
815 1055 872 1087 ἀξί-

87 1103 166 1130 ωμα·
191 1095 224 1121 ὲκ
249 1095 303 1131 γὰρ
326 1096 379 1123 τῶν
403 1096 480 1123 ἐννέα
505 1097 712 1133 καθισταμένων
735 1099 871 1135 ἀρχόντων

94 1140 236 1176 Ἀθήνῃσιν
252 1141 305 1167 ἔδει
318 1142 379 1174 τοὺς
394 1143 576 1178 ἀρεοπαγίτας
588 1141 666 1176 εἶναι,
681 1141 717 1171 ὦν
733 1146 747 1172 6
758 1145 872 1181 ἀριθμὸς

87 1187 128 1217 εἰς
140 1186 188 1212 ἕνα
201 1187 249 1213 καὶ
262 1188 429 1223 πεντήκοντα
443 1189 582 1216 ὲποσοῦτο.

125 1230 243 1262 Ἔξωθεν
262 1231 291 1258 δὲ
306 1232 356 1267 τῆς
376 1233 478 1265 πόλεως
497 1232 531 1270 ἦν
554 1234 584 1261 τὸ
605 1235 675 1262 κατὰ
693 1235 739 1262 τὸν
763 1237 872 1272 Ἀρειον

87 1277 179 1310 Πάγον
202 1277 384 1314 δικαστήριον,
401 1280 498 1315 κληθὲν
511 1280 590 1313 οὕτω,
606 1282 649 1308 διὰ
669 1283 700 1310 τὸ
723 1283 768 1310 τὸν
785 1284 871 1320 Ἀρην

87 1322 177 1351 ὲκεῖσε
196 1322 308 1357 λαχόντα
332 1325 370 1360 τῷ
383 1325 526 1352 Ποσειδῶνι
546 1326 634 1362 δίκην,
651 1327 734 1362 πῆξαι
753 1328 782 1355 τὸ
806 1329 871 1357 ἴδιον

88 1367 226 1404 σκῆπτρον
246 1369 288 1403 ἐφ’
304 1366 326 1403 ᾦ
349 1371 465 1407 κριθείη,
488 1372 585 1399 ὅτιτδν
605 1373 708 1400 ἐκείνου
726 1375 782 1402 υἱδν
806 1375 871 1403 ἀπέ-

87 1420 192 1440 κτεινεν
212 1414 382 1450 Ἁλιρρόθιον.
405 1416 541 1448 Ἐδίκαζον
555 1417 583 1444 δὲ
614 1420 790 1454 ἀρεοπαγῖται
807 1421 871 1457 περὶ

84 1457 140 1483 τῶν
150 1457 278 1493 μειζόνων
287 1460 458 1496 σφαλμάτων,
473 1463 519 1489 καὶ
530 1463 548 1498 ἡ
556 1463 657 1491 τούτων
668 1465 757 1500 κρίσις
765 1466 814 1492 οὐκ
823 1466 871 1492 ὲδί-

84 1504 131 1531 δον
139 1505 179 1540 τῷ
187 1505 304 1540 κριθέντι
312 1507 359 1542 τὴν
370 1507 470 1542 ἔφεσιν·
480 1508 519 1535 διὸ
527 1509 572 1536 καὶ
578 1510 615 1541 ὡς
623 1511 722 1539 καινῶν
728 1511 870 1547 δαιμονίων

84 1551 255 1585 καταγγελὲι
267 1552 312 1578 τὸν
327 1552 462 1581 θειότατον
474 1555 523 1590 τῆς
538 1555 665 1590 ἀληθείας
678 1557 785 1593 κήρυκα
799 1557 872 1584 Παῦ-
883 1565 908 1596 ε

83 1596 141 1627 λον,
157 1596 225 1632 πρὸς
237 1598 285 1633 τὴν
299 1597 330 1630 ἐξ
351 1599 454 1635 Ἀρείου
470 1601 562 1635 Πάγου
577 1601 674 1638 βουλὴν
693 1603 718 1629 οἱ
734 1603 871 1638 φιλόσοφοι

84 1642 220 1670 ἕλκουσιν.
243 1643 322 1670 Ἀλλὰ
347 1645 378 1671 τὸ
403 1646 552 1680 τηνικαῦτα
582 1647 678 1683 χρόνου
702 1648 834 1683 βουλεύων
856 1651 872 1676 6

84 1688 235 1723 πάμμεγας
247 1689 381 1722 Διονύσιος
390 1711 397 1723 ,
418 1691 529 1728 ἐκφέρει
549 1693 598 1728 τὴν
612 1694 701 1728 κρίσιν
714 1695 870 1726 ἀδέκαστον,

84 1732 116 1761 οὐ
138 1732 236 1767 λόγοις,
263 1735 320 1762 ἀλλ’
345 1737 436 1768 αὐτοῖς
458 1738 625 1774 πράγμασιν,
648 1739 796 1779 Ἐρρὦθαι
817 1741 872 1777 γὰρ

84 1779 166 1812 ἀφεὶς
180 1779 265 1814 πάγον
279 1781 382 1809 ἐκεῖνον
403 1783 450 1809 καὶ
471 1783 612 1820 σέμνωμα,
628 1785 673 1811 καὶ
683 1786 772 1813 πᾶσαν
788 1786 873 1822 ἄλλην

85 1825 147 1850 κατ’
161 1826 242 1853 αὐτὸν
259 1829 446 1863 περιφάνειαν,
468 1829 521 1857 τῶν
548 1830 626 1866 ἱερῶν
643 1831 743 1866 ίΰγγων
767 1833 873 1868 γίνεταο

85 1872 203 1904 Παύλου,
219 1874 265 1900 καὶ
286 1874 488 1910 προσκολλι”ἱτ‹1.ι¹
499 1876 608 1911 Χριστῷ
619 1876 652 1903 δι’
673 1877 764 1904 αὐτοῦ.
785 1878 872 1905 Τελεῖ.

84 1925 129 1944 ται
152 1918 242 1952 μέντοι
263 1919 307 1946 διὰ
330 1920 426 1946 τούτου
450 1921 486 1947 τὰ
508 1921 558 1956 τῆς
582 1922 718 1958 σωτηρίας
739 1923 869 1960 δόγματα,

85 1963 296 1998 παιδαγωγεῖται
309 1965 336 1992 δὲ
357 1965 551 1998 διδασκαλικῶς
565 1967 610 1994 καὶ
624 1967 676 1994 ὑπὸ
696 1967 735 2003 τῷ
752 1969 870 2004 μεγίστῳ

90 2009 222 2044 Ίεροϐἐῳ,
241 2010 279 2041 ὠς
299 2011 378 2043 αὐτὸς
399 2012 429 2038 ὲν
454 2012 560 2044 πολλοῖς
581 2014 720 2049 μαρτυρεῖ.
735 2014 801 2040 Εἶτα
824 2014 870 2041 καὶ

85 2055 139 2081 ὑπὸ
158 2056 264 2083 Παύλου
289 2057 436 2089 ἐπίσκοπος
462 2058 517 2085 τῶν
550 2059 676 2095 Ἀθήνῃσι
709 2059 870 2087 πιστευσάν-

84 2108 139 2127 ¹των
158 2101 325 2129 καθίσταται.

120 2146 311 2176 Συντάττονται
316 2147 403 2175 τοίνυν
410 2148 449 2184 τῷ
461 2150 586 2186 μακαρίῳ
591 2149 730 2186 πολλὰ”μὲν
737 2151 782 2177 καὶ
788 2150 868 2186 ἕτερα

86 2193 297 2228 συγγράμματα,
312 2191 349 2221 ὧν
365 2195 397 2231 δὴ
411 2196 459 2222 καὶ
473 2196 565 2231 μνείαν
585 2198 701 2223 ποιεῖται
724 2197 771 2223 καὶ
792 2193 868 2228 οὗτος

920 957 1007 993 jusvis
1029 963 1088 985 erat
1109 957 1183 985 inter
1199 957 1377 993 Areopagitas
1398 957 1522 989 censeri,
1544 957 1591 984 sed
1622 964 1700 991 quem

923 1004 1005 1032 multa
1018 1005 1162 1040 sapientia,
1177 1010 1205 1032 et
1217 1004 1300 1039 proba
1316 1005 1380 1038 vita,
1395 1010 1423 1031 et
1438 1005 1465 1031 itt
1479 1005 1604 1032 omnibus
1616 1005 1702 1040 culpa:

922 1049 1028 1077 vacatio
1046 1049 1079 1076 ad
1098 1055 1201 1077 tantam
1222 1054 1351 1077 evexerat
1367 1050 1526 1084 dignitatem
1543 1059 1550 1077 :
1567 1051 1700 1085 siquidem

921 1095 1036 1123 Athenis
1048 1104 1081 1123 ex
1093 1103 1189 1123 novem
1202 1096 1367 1131 principibus
1380 1097 1545 1130 constitutis,
1561 1096 1702 1132 oportebat

922 1149 982 1168 esse
995 1141 1194 1176 Areopagitas,
1222 1149 1337 1177 quorum
1361 1149 1490 1170 numerus
1514 1142 1546 1169 ad
1569 1151 1653 1170 unuut
1674 1145 1701 1169 ct

921 1187 1117 1222 quinquaginta
1134 1191 1263 1214 extensus
1278 1185 1339 1214 fuit.

956 1233 1021 1260 Erat
1046 1238 1136 1260 autem
1157 1239 1234 1260 eXIra
1259 1240 1348 1260 arcem
1382 1233 1408 1260 in
1435 1233 1504 1261 colle
1526 1233 1622 1261 Martio
1652 1234 1701 1262 tri-

921 1277 1013 1311 buual,
1026 1279 1066 1306 sic
1089 1279 1267 1314 appellatum,
1288 1281 1360 1314 quod
1385 1279 1422 1307 ibi
1444 1279 1515 1307 Mars
1536 1281 1700 1308 sententiam

922 1323 1070 1358 accepisset
1083 1324 1207 1359 Neptuno
1221 1329 1357 1359 sceptrum
1380 1326 1517 1360 proprium
1541 1325 1649 1360 ﬁgendi,
1667 1326 1700 1353 ad

922 1369 992 1402 quod
1008 1369 1204 1397 condemnatus
1226 1370 1287 1402 fuit,
1302 1370 1372 1406 quod
1384 1370 1467 1398 lilium
1492 1370 1549 1405 ejus
1563 1370 1702 1398 Halirrho-

922 1414 996 1441 thion
1010 1415 1166 1443 occidisset.
1191 1415 1353 1444 .ludicabant
1376 1423 1466 1444 autent
1494 1417 1653 1452 areopagita:
1668 1418 1702 1444 de

923 1459 1079 1494 majoribus,
1099 1466 1179 1495 atque
1200 1461 1296 1488 borum
1320 1462 1453 1489 sententia
1472 1469 1525 1489 non
1538 1461 1702 1489 concedebat

922 1507 1100 1534 condemnato
1114 1507 1334 1542 appellationem.
1348 1506 1526 1539 Quamobrem
1550 1507 1701 1542 philosophi

923 1551 1046 1586 Paulum,
1057 1553 1253 1581 divinissimum
1275 1553 1398 1581 veritatis
1412 1553 1627 1588 praedicatorem,
1642 1557 1702 1580 tau-

921 1605 1002 1632 quam
1018 1605 1150 1625 novorum
1174 1598 1365 1626 datmouiorum
1389 1606 1552 1634 praeconem,
1567 1598 1600 1625 ad
1615 1598 1701 1625 Areo-

922 1644 982 1680 pagi
998 1644 1143 1671 concilium
1157 1644 1279 1672 trahunt.
1296 1645 1393 1673 Verum
1413 1650 1477 1671 tunc
1499 1643 1628 1679 temporis
1639 1651 1700 1670 cum

921 1690 1036 1718 concilio
1050 1690 1194 1718 interesset
1207 1691 1341 1718 maximus
1356 1690 1509 1726 Dionysius,
1527 1690 1631 1725 profert
1643 1697 1702 1717 seu-

923 1737 1033 1764 tentiam
1041 1737 1237 1772 incorruptam,
1243 1745 1296 1765 non
1304 1737 1404 1769 verbis,
1412 1737 1458 1764 sed
1469 1735 1700 1772 factisipsisﬁam

923 1784 1012 1812 valere
1025 1783 1123 1820 iubens
1135 1784 1231 1812 collem
1246 1784 1331 1816 illum,
1346 1787 1375 1811 et
1388 1783 1557 1818 dignitatem,
1573 1789 1601 1811 et
1623 1782 1701 1817 quid-

922 1830 987 1865 quid
1002 1830 1029 1858 in
1044 1837 1078 1858 eo
1092 1830 1196 1858 illustre
1209 1834 1280 1861 erat,
1294 1829 1379 1857 sacris
1392 1829 1465 1856 Pauli
1480 1829 1590 1856 vatibus
1603 1835 1701 1855 conce—

922 1877 971 1908 dit,
987 1880 1014 1903 et
1032 1883 1080 1910 per
1094 1876 1180 1911 ipsum
1193 1875 1301 1903 Christo
1330 1873 1520 1910 agglutinatur.
1544 1875 1582 1900 Ac
1605 1873 1700 1900 salutis

922 1922 1029 1956 quidem
1042 1921 1176 1957 dogmatis
1192 1922 1226 1948 ab
1248 1921 1307 1956 ipso
1323 1921 1457 1953 initiatur,
1475 1920 1520 1947 sed
1544 1927 1560 1946 a
1582 1919 1700 1946 maximo

922 1969 1070 1996 Hierotheo
1087 1967 1280 2003 magistraliter
1296 1967 1459 1996 instituitur,
1474 1965 1698 2000 quemadmodum

922 2015 1037 2049 ipsemet
1057 2013 1182 2049 plut-imis
1193 2013 1261 2042 locis
1284 2017 1408 2041 testatur.
1422 2011 1595 2039 Postmodqu
1618 2010 1699 2038 etiam

921 2069 936 2088 a
953 2060 1036 2088 Paulo
1050 2060 1169 2087 ﬁdelium
1181 2059 1386 2087 Atheniensium
1401 2058 1543 2093 episcopus
1557 2057 1699 2084 constitui-

920 2111 975 2134 tur.

955 2153 1086 2180 Caeterum
1100 2152 1249 2187 composita
1264 2152 1373 2179 fuerunt
1390 2151 1424 2177 ab
1439 2150 1490 2177 hoc
1505 2153 1600 2177 sancto
1615 2148 1698 2175 multa

921 2198 1000 2225 etiam
1017 2198 1068 2225 alia
1088 2199 1199 2233 scripta,
1223 2204 1339 2232 quorum
1363 2203 1470 2231 quoque
1494 2195 1608 2230 ipsemet
1622 2202 1699 2221 mcn-

86 2239 115 2265 ὲν
130 2240 190 2270 ταῖς
214 2240 421 2275 εὑρισκομέναις
449 2242 648 2276 πραγματείαις
671 2242 763 2269 αὐτοῦ.
790 2241 869 2270 Ἀλλὰ

923 2243 1021 2273 tionem
1037 2244 1100 2272 facit
1114 2244 1139 2271 in
1162 2245 1289 2279 operibus
1311 2251 1370 2278 qua:
1393 2247 1509 2270 exstant.
1528 2241 1598 2275 Quin
1621 2245 1649 2267 et
1660 2245 1700 2266 te-

85 2283 132 2309 καὶ
147 2287 321 2320 μαρτυρεῖται
349 2285 480 2318 σώζεσθαι
496 2287 589 2319 ταῦτα,
605 2288 657 2319 ἕως
679 2287 785 2319 πολλοῦ,
799 2287 868 2314 κατὰ

84 2329 134 2364 τὴν
147 2329 175 2355 ὲν
195 2330 287 2366 Ῥώμῃ
310 2331 482 2367 βιϐλιοθήκην
507 2333 709 2369 ἀνατεθειμένα.
725 2333 825 2369 Γράφει
839 2333 867 2360 δὲ

84 2375 120 2401 τὰ
143 2375 255 2402 πλεῖστα
277 2377 345 2412 πρὸς
368 2377 412 2404 τὸν
432 2379 461 2404 ὲν
482 2379 570 2413 ἁγίοις
592 2378 721 2414 Τιμόθεον
745 2378 791 2405 τὸν
813 2378 866 2405 τῶν

91 2421 220 2455 Ἐφεσίων
233 2423 390 2458 ἐπίσκοπον,
404 2424 456 2451 ὑπὸ
474 2425 527 2451 ¹τῶν
541 2425 610 2452 κατὰ
620 2425 667 2460 τὴν
683 2425 798 2459 Ἔφεσον
817 2424 871 2460 τῆς

90 2467 211 2502 Ἰωνικῆς
223 2468 379 2502 φιλοσοφίας
392 2469 579 2505 προεστώτων,
593 2470 630 2501 ὼς
637 2469 709 2501 εἰκὸς
731 2469 870 2504 πάσχοντα

84 2513 243 2549 πράγματα,
257 2515 304 2541 καὶ
315 2516 514 2551 πυνθανόμενον
525 2516 562 2548 ὡς
575 2516 714 2552 εὶδήμονος
727 2515 776 2542 τοῦ
789 2515 869 2550 ἁγίου

83 2560 133 2595 τῆς
152 2560 318 2596 ἐξωτερικῆς
328 2562 496 2596 φιλοσοφίας,
514 2563 556 2589 ἴνα
583 2563 630 2589 καὶ
653 2562 751 2598 μᾶλλον
769 2562 871 2597 ἀγωνί-

84 2605 164 2637 ζοιτο.
177 2606 342 2640 Συνάγονται
362 2607 453 2642 μέντοι
475 2609 507 2635 ἐκ
526 2608 580 2635 τῶν
602 2608 807 2644 προειρημένων
819 2605 869 2635 τοῦ

84 2650 188 2685 Πατρὺς
202 2653 423 2687 συγγραμμάτων
436 2653 482 2680 καὶ
493 2654 583 2689 ἕτερα,
597 2653 615 2681 ἂ
630 2654 678 2690 οὐχ
699 2655 869 2690 εὑρίσκονται

84 2696 149 2730 παρ’
166 2696 231 2731 ἡμῖν
243 2697 317 2723 τάδε·
333 2698 404 2731 Περὶ
439 2698 602 2733 ἀγγελικῶν
618 2698 779 2732 ῑὸιοτήτων,
795 2699 868 2734 Περὶ

83 2740 197 2775 ψυχῆς,
211 2742 282 2776 Περὶ
295 2742 412 2771 δικαίου
420 2743 468 2771 καὶ
486 2744 566 2772 θείου
573 2744 786 2780 ὃικαιωτηρίου,
795 2744 867 2780 Περὶ

122 2855 144 2871 ¹⁸
160 2856 220 2884 Act.
243 2863 312 2890 xvu,
327 2856 375 2886 34.

923 2290 1050 2318 stimonio
1065 2290 1268 2325 comprobatum
1282 2294 1333 2322 est,
1350 2289 1407 2316 haec
1433 2289 1514 2323 longo
1524 2291 1648 2321 tempore
1671 2286 1698 2312 in

922 2335 1043 2363 Romana
1070 2336 1233 2363 bibliotheca
1259 2334 1404 2369 deposita,
1432 2333 1515 2360 fuisse
1549 2335 1697 2359 asservata.

923 2381 1023 2409 Scribit
1053 2387 1142 2409 autem
1169 2381 1282 2416 plurima
1309 2381 1343 2408 ad
1375 2384 1499 2407 sanctum
1528 2377 1698 2405 Timotheum

921 2427 1097 2462 Ephesiorum
1113 2427 1278 2462 episcopum,
1293 2433 1308 2453 a
1329 2425 1465 2460 primariis
1488 2424 1587 2451 louica:
1611 2422 1698 2457 philo-

920 2473 1022 2507 sophia:
1043 2473 1236 2505 sectaloribus.
1262 2471 1359 2505 Ephesi
1381 2470 1523 2506 plurimas,
1541 2469 1578 2495 uti
1593 2467 1698 2495 verosi-

921 2518 984 2544 mile
997 2521 1048 2550 est,
1064 2517 1201 2545 molestias
1215 2518 1407 2548 sustinentem,
1428 2519 1456 2543 et
1469 2519 1592 2543 sanctum
1613 2514 1696 2545 hunc,

923 2568 1049 2597 tanquam
1074 2568 1196 2590 externa:
1211 2561 1389 2598 philosophiae
1410 2561 1537 2596 peritum,
1553 2559 1694 2586 consulen-

921 2612 985 2640 tem,
1009 2611 1040 2635 ut
1055 2608 1169 2635 validius
1197 2607 1347 2635 dimicaret.
1372 2606 1540 2640 Colliguntur
1559 2611 1640 2638 porro
1661 2610 1695 2630 ex

920 2654 1056 2689 praedictis
1080 2653 1159 2688 hujus
1188 2653 1277 2680 Patris
1300 2652 1409 2687 scriptis
1437 2651 1517 2678 etiam
1544 2650 1608 2681 alia,
1635 2655 1696 2682 qua:

919 2699 989 2734 apud
1004 2707 1053 2727 nos
1077 2700 1187 2727 minime
1208 2699 1391 2734 reperiuntur,
1414 2696 1538 2723 videlicet
1554 2695 1593 2722 De
1614 2701 1694 2727 ange—

919 2745 980 2772 licis
999 2746 1211 2780 proprietatibus,
1235 2745 1271 2773 De
1291 2745 1390 2776 anima,
1408 2742 1445 2770 De
1462 2743 1535 2779 justo
1556 2749 1586 2767 ac
1605 2739 1693 2766 diuino
