1925 3070
104 143 156 172 £31

638 143 680 171 DE
697 142 860 171 C(ELESTI
878 141 1102 174 HIERARCHIA,
1121 141 1197 169 CAP.
1216 141 1237 168 Ιι

1681 143 1732 171 Hi

102 210 182 238 τηςα,
207 201 253 228 καὶ
273 199 396 228 θεοποιὸν
416 199 564 236 ἁπλότητα.
591 200 646 227 Καὶ
670 199 726 236 γὰρ
744 200 779 232 ἐξ
800 200 884 228 αὐτοὶ

945 199 1103 234 plicitatem.
1119 199 1251 232 Quoniam
1267 207 1299 226 ea:
1313 199 1368 234 ipso
1389 204 1414 227 et
1436 200 1464 228 in
1479 208 1566 236 ipsum
1590 206 1649 228 sunt
1672 210 1731 228 om—

102 250 200 278 πάντα
215 250 237 265 ¹¹
254 249 302 276 καὶ
318 249 362 282 εἰς
376 247 480 281 αὐτὸν,
495 247 533 280 ὡς
544 249 558 275 ὁ
573 248 644 283 ἱερὸς
654 247 706 284 ἐφη
720 248 807 281 λόγος.

137 406 242 434 Οὐκοῦν
261 407 364 442 Ἰησοῦν
383 407 618 444 ἐπικαλεσάμενοι,
632 408 665 435 τὸ
677 408 807 445 πατρικὸν
819 408 892 443 φῶς,

98 452 130 479 τὸ
147 452 177 480 ὃν
191 453 224 480 τὸ
239 453 385 488 ἀληθινὸν
399 455 432 487 ’³,
449 454 464 481 ὃ
486 453 600 489 φωτίζει
623 455 721 482 πάντα
737 455 892 489 ἄνθρωπον

98 499 263 534 ἐρχόμενον
278 501 321 533 εις
339 501 392 528 τὸν
408 501 531 536 κόσμον,
543 502 576 528 δι’
589 499 618 529 οὗ
631 502 681 537 τὴν
696 501 764 538 πρὸς
776 502 821 529 τὸν
840 502 890 538 ἀρ-

99 544 217 578 χίφωτον
240 545 350 582 Πατέρα
377 547 560 582 προσαγωγὴν
579 547 751 582 ἐσχήκαμεν¹,
776 546 822 573 ἐπὶ
841 547 891 579 τὰς

98 588 154 615 τῶν
179 590 332 625 ἱερωτάτων
350 591 448 625 λογίων
473 592 729 628 πατροπαραδότους
744 592 890 628 ὲλλάμψεις

98 635 137 666 ὼς
157 636 267 670 ἐφικτὸν
281 637 481 673 ἀνανεύσωμεν,
497 637 603 670 καὶτὰς
616 638 662 665 ὑπ’
680 638 769 664 αὐτῶν
789 638 890 674 συμϐο-

98 679 183 713 λικῶς
196 681 260 716 ἡμῖν
274 683 321 709 καὶ
338 683 516 718 ἀναγωγικῶς
539 684 720 720 ἐκφανοείσας
741 684 795 712 τῶν
809 686 889 722 οὐρα-

97 725 162 751 νίων
174 726 243 752 νοῶν
258 727 408 763 ιεραρχίας,
423 729 461 760 ὡς
478 725 533 756 οἷόν
553 729 584 755 τέ
599 730 693 765 ἐσμεν,
715 729 889 758 ἐποπτεύσω-

100 778 150 805 μεν
162 779 169 786 ·
183 772 229 798 καὶ
240 772 290 808 τὴν
303 773 420 809 ἀρχικὴν
441 774 486 801 καὶ
503 774 669 810 ὑπεράρχιον
681 774 704 790 ’⁵
715 774 762 801 τοῦ
781 775 889 811 Θεαρχι-

946 247 990 272 nia
1008 245 1034 277 δ,
1051 249 1081 271 ιιι
1096 253 1186 273 sermo
1202 253 1280 273 sacer
1295 246 1342 272 ait.

897 324 912 360 ς
930 324 959 352 ιι.

981 406 1162 440 Quamobrem
1181 405 1275 433 Jesum
1296 405 1473 436 invocantes.
1499 405 1525 440 2
1551 406 1597 441 qui
1618 411 1729 441 paterna

943 454 991 481 tua:
1004 458 1046 481 est
1060 461 1130 485 vera,
1144 460 1203 485 qua:
1217 452 1349 479 illuminat
1362 459 1465 478 omnem
1480 450 1611 479 hominem
1624 453 1730 480 venien-

942 504 994 527 tem
1012 501 1039 527 in
1052 499 1121 526 hunc
1133 498 1259 527 mundum
1273 503 1297 530 ε,
1311 505 1360 532 per
1371 505 1450 532 quem
1471 498 1504 525 ad
1517 498 1648 533 originem
1661 498 1729 526 lucis

943 546 1050 574 Patrem
1066 553 1207 573 accessum
1223 545 1399 576 obtinuimus,
1422 544 1456 570 ad
1478 544 1728 572 sacratissimorum

940 598 956 617 a
973 591 1099 618 Patribus
1116 590 1229 617 traditas
1257 589 1427 624 eloquiorum
1454 588 1650 616 illustrationes
1678 596 1729 624 pro

941 637 1044 664 viribus
1069 635 1267 670 suspiciamus;
1294 642 1399 662 necnon
1431 635 1464 662 ab
1484 635 1550 670 ipsis
1577 635 1728 669 symbolice

940 683 1019 710 nobis
1037 687 1064 710 et
1079 682 1228 717 anagogice
1240 681 1391 716 patefactus
1413 681 1568 708 caelestium
1595 681 1732 707 mentium

941 727 1132 760 bierarcliias,
1155 731 1236 762 prout
1259 733 1423 762 possumus,
1450 726 1622 759 intueamur;
1647 731 1729 760 atque

939 773 1127 810 principialem
1141 777 1169 801 et
1197 771 1467 807 superprineipialem
1483 771 1581 804 Patris,
1595 771 1640 806 qui
1653 772 1728 806 prin-

98 816 148 842 χοῦ
169 817 276 853 Πατρὸς
289 819 453 860 Ἑτοδοσίαν
468 819 495 857 ﬂ
516 819 565 851 τὰς
579 820 632 846 τῶν
650 820 772 854 ἀγγέλων
786 822 850 856 ἡμῖν
860 823 884 848 tt

940 821 1041 856 cipium
1063 819 1218 847 Divinitatis
1241 823 1293 851 est,
1321 818 1530 846 iltustrationem
1554 819 1625 854 (quae
1649 817 1727 845 nobis

96 865 260 895 τυπωτικοῖς
274 864 416 900 συμὸόλοις
429 865 551 900 ἐκφαίνει
571 867 780 902 μακαριωτάτας
801 868 890 904 ἱεραρ-

97 908 181 944 χίας),
207 909 299 942 ἀΰλοις
321 911 366 937 καὶ
390 911 522 947 ἀτρεμέσι
533 912 592 943 νοὸς
610 912 758 948 ὀφθαλμοῖς
771 913 889 946 εἰσδεξά-

99 963 186 990 μενοι,
201 955 282 982 πάλιν
299 956 328 989 ἐξ
340 956 426 992 αὐτῆς
445 957 491 985 ἐπὶ
507 958 556 993 τὴν
575 958 664 993 ἁπλῆν
683 958 768 994 αὐτῆς
788 959 887 985 ἀνατα-

97 1001 188 1037 θῶμεν
208 1002 313 1029 ἀκτῖνα.
329 1003 383 1029 Καὶ
407 1002 462 1039 γὰρ
480 1003 540 1030 οὐδὲ
562 1003 630 1039 αὐτὴ
652 1003 761 1030 πώποτε
779 1005 829 1040 τῆς
849 1006 888 1032 ol—

96 1048 175 1079 κείας
194 1048 287 1083 ἐνικῆς
303 1048 441 1084 ὲνδότητος
456 1050 480 1065 ’³
500 1049 685 1083 ἀπολείπεται,
698 1050 766 1086 πρὸς
780 1051 888 1085 ἀναγω-

95 1093 176 1127 γικὴν
189 1093 217 1119 δὲ
227 1093 249 1108 ¹⁶
257 1093 302 1119 καὶ
313 1094 432 1121 ἑνοποιὸν
443 1094 498 1122 τῶν
509 1095 714 1131 προνοουμένων
726 1096 885 1132 σύγκρασιν,

94 1138 295 1174 ἀγαθοπρεπῶς
318 1139 506 1177 πληθυνομένη
533 1141 580 1168 καὶ
605 1141 748 1177 προϊοῦσα,
764 1143 839 1178 μένει
856 1151 885 1169 τε

94 1183 169 1210 ἔνδον
184 1184 285 1219 ἑαυτῆς
305 1185 447 1221 ἀραρότως
459 1186 481 1208 1⁷
495 1186 524 1212 ὲν
537 1187 655 1222 ἀκινήτῳ
669 1187 812 1222 ταυτότητι
837 1195 886 1223 μο-

94 1229 182 1264 νίμως
195 1232 345 1265 πεπηγυῖα,
360 1231 481 1263 καὶτοὺς
492 1231 536 1258 ἐπ’
547 1231 632 1267 αὐτὴν
652 1232 689 1264 ὡς
701 1232 809 1268 Θεμιτδν
821 1233 886 1260 ἀνα-

94 1275 240 1308 νεύοντας,
262 1275 400 1311 ἀναλόγως
419 1277 510 1309 αὐτοῖς
530 1277 680 1310 ἀνατείνει,
701 1278 748 1305 καὶ
769 1279 885 1306 ἑνοποιεῖ

94 1322 166 1348 κατὰ
180 1322 229 1358 τὴν
243 1322 398 1358 ἁπλωτικὴν
416 1322 502 1358 αὐτῆς
522 1323 617 1350 ἕνωσιν
629 1323 661 1350 ’⁸.
677 1323 731 1350 Καὶ
749 1324 803 1359 γὰρ
824 1325 884 1352 οὐδὲ

92 1367 203 1394 δυνατὸν
218 1368 319 1404 ἑτέρως
341 1370 406 1404 ἡμῖν
429 1369 581 1404 ἐπιλάμψαι
599 1370 649 1405 τὴν
673 1369 819 1406 θεαρχικὴν
834 1371 884 1397 ἀκ-

91 1414 163 1446 τῖνα,
180 1413 218 1450 μὴ
234 1416 257 1431 ¹⁹
271 1418 305 1453 τῇ
321 1417 440 1452 ποικιλίᾳ
456 1416 510 1442 τῶν
531 1416 609 1452 ιερῶν
628 1417 883 1453 παραπετασμάτων

91 1460 272 1495 ἁναγωγικῶς
295 1461 580 1499 περικεκαλυμμένην,
603 1463 650 1490 καὶ
666 1464 722 1495 τοῖς
735 1462 794 1489 καθ’
809 1463 882 1498 ἡμᾶς

939 866 1097 901 angelorum
1114 865 1140 892 in
1164 864 1288 900 ﬁguratis
1312 864 1396 899 signis
1421 864 1592 891 beatissimas
1607 863 1726 891 elucidat

939 912 1118 946 hierarcbias)
1143 910 1368 938 immaterialibus
1393 914 1420 938 et
1445 909 1600 938 iutremulis
1626 911 1726 938 mentis

937 959 1025 987 oculis
1040 958 1263 990 intromittentes,
1280 964 1312 984 ex
1337 958 1432 985 eadem
1457 964 1551 984 rursus
1571 956 1597 983 in
1619 956 1724 990 simpli-

937 1013 996 1034 cem
1021 1005 1081 1040 ejus
1105 1005 1210 1031 radium
1238 1004 1431 1032 intendamus:
1449 1011 1604 1039 quanquam
1637 1010 1725 1038 neque

937 1051 1053 1086 ipsamet
1070 1057 1188 1085 unquam
1203 1049 1298 1076 intima
1313 1057 1360 1076 sua
1378 1049 1484 1076 unitate
1496 1047 1662 1080 destituitur,
1676 1048 1724 1075 sed

936 1097 970 1124 ad
986 1097 1178 1124 sublimantem
1202 1101 1231 1123 et
1254 1094 1431 1122 uuiﬁcantem
1455 1101 1547 1121 eorum
1561 1094 1607 1128 qui
1629 1093 1722 1128 provi-

936 1141 1028 1170 dentia
1052 1141 1238 1176 gubernantur
1254 1140 1549 1175 contemperationem,
1576 1139 1639 1166 dum
1651 1159 1658 1169 .
1685 1139 1723 1166 uti

935 1188 1025 1220 decet,
1041 1187 1159 1221 benigne
1175 1186 1373 1220 multiplicatur
1395 1189 1481 1220 atque
1502 1191 1622 1217 emanat,
1639 1185 1723 1212 etiam

935 1233 1009 1261 intus
1019 1233 1047 1260 in
1063 1232 1209 1268 semetipsa
1226 1232 1360 1260 stabiliter
1380 1236 1481 1264 manet,
1498 1231 1627 1259 immobili
1645 1231 1722 1258 iden-

935 1280 1016 1307 titate
1029 1279 1156 1307 unimode
1179 1279 1299 1312 ﬁrmata,
1314 1283 1342 1307 et
1357 1280 1391 1307 ad
1412 1287 1441 1307 se
1462 1284 1491 1306 ut
1511 1279 1552 1306 fas
1567 1283 1609 1306 est
1630 1283 1721 1306 atten-

934 1326 1039 1357 dentes,
1056 1332 1106 1360 pro
1127 1324 1259 1360 cujusque
1270 1325 1433 1360 capacitate,
1447 1325 1651 1360 simpliﬁcativa
1673 1332 1721 1352 sua

933 1372 1034 1400 unione
1058 1372 1189 1407 subrigit,
1216 1371 1390 1406 unilicatque.
1420 1371 1512 1406 Neque
1535 1371 1607 1398 enim
1634 1375 1724 1406 potest

932 1417 1011 1445 aliter
1024 1417 1287 1453 divino-principalis
1299 1418 1343 1446 ille
1355 1418 1446 1445 radius
1459 1417 1538 1444 nobis
1553 1417 1720 1449 illucescetc.

932 1464 985 1491 nisi
1011 1471 1152 1492 sacrorum
1173 1464 1305 1492 varietate
1325 1464 1556 1499 operimentorum
1572 1463 1722 1498 anagogicc

91 1508 208 1544 προνοίᾳ.
221 1496 340 1544 πατρικῂ
361 1496 501 1544 συμφυῶς,
517 1496 562 1536 καὶ
576 1509 683 1541 οἰκείως
691 1496 884 1545 διεσκευασμέ-

937 1509 1086 1542 obvelatus,
1108 1509 1186 1537 nobis
1210 1517 1320 1544 quoque
1341 1496 1453 1544 paterna
1470 1496 1641 1544 providentia
1657 1496 1722 1536 eon-

91 1559 149 1587 νην.

933 1556 1095 1584 naturaliter
1110 1563 1142 1583 ac
1156 1556 1265 1591 proprie
1283 1556 1319 1584 sit
1334 1555 1563 1584 accommodatus.

856 1643 870 1679 ς
888 1642 933 1671 ιιι.

125 1700 172 1727 Διδ
193 1700 242 1727 καὶ
264 1699 314 1735 τὴν
329 1700 478 1736 δσιωτάτην
493 1700 570 1737 ἡμῶν
586 1701 737 1738 ίεραρχίαν,
760 1702 776 1738 ὴ
794 1701 884 1729 τελετ-

92 1746 173 1783 άρχις
189 1745 336 1782 ἱεροθεσία,
355 1746 405 1782 τῆς
423 1746 477 1774 τῶν
490 1747 622 1784 οὐρανίων
637 1747 782 1784 ἱεραρχιῶν
799 1749 884 1786 ὑπερ-

91 1793 205 1829 κοσμίου
230 1794 372 1830 μιμήσεως
397 1794 537 1828 ἀξιώσασα
550 1815 557 1828 ,
583 1795 630 1822 καὶ
653 1795 704 1828 τὰς
734 1796 882 1832 εἰρημένας

90 1840 189 1872 dum;
206 1840 344 1876 ιεραρχίας
367 1841 469 1873 ὑλαιοις
485 1842 607 1877 σχήμασι
628 1843 675 1869 καὶ
696 1845 880 1878 μορφωτικαϊς

91 1886 232 1914 συνθέσεσι
256 1887 446 1916 διαποικίλασα
460 1906 468 1920 ,
497 1887 696 1924 παραδέδωκεν,
718 1890 792 1922 ὅπως
811 1890 878 1917 ἀνα-

90 1937 176 1971 λόγως
197 1938 263 1973 ἡμῖν
281 1938 382 1970 αὐτοῖς,
407 1938 462 1964 ἀπὸ
485 1938 539 1965 τῶν
565 1939 718 1974 ίερωντάτων
740 1939 876 1973 πλάσεων,

90 1983 136 2010 ἐπὶ
149 1983 199 2015 τὰς
214 1983 303 2015 ἁπλᾶς
316 1983 363 2010 καὶ
381 1983 540 2016 ἀτυπὼτους
553 1984 713 2020 ἀναχθῶμεν
733 1985 879 2020 ἀναγωγὰς

90 2031 137 2056 καὶ
144 2028 334 2065 ἀφομοιώσεις·
346 2030 407 2056 ἐπεὶ
417 2030 484 2065 μηδὲ
493 2030 604 2057 δυνατὸν
618 2032 677 2057 ἐστι
689 2031 728 2066 τῷ
736 2031 796 2058 καθ’
805 2032 879 2067 ἡμᾶς

90 2073 129 2100 νοτ
142 2074 175 2107 ³ο,
195 2073 263 2110 πρὸς
278 2073 328 2109 τὴν
348 2074 428 2102 ᾶῡλον
451 2075 557 2111 ἐκείνην
576 2075 742 2112 ἀναταθῆναι
761 2076 816 2103 τῶν
831 2077 878 2103 οὐ-

92 2119 188 2155 ρανίων
213 2119 359 2155 ίεραρχιῶν
385 2119 499 2156 μίμησιν
519 2129 549 2147 τε
574 2121 621 2148 καὶ
641 2121 767 2157 θεωρίαν,
789 2123 813 2148 εἰ
839 2123 877 2159 μὴ

970 1702 1140 1738 Quapropter
1165 1703 1303 1738 primitiva
1327 1703 1373 1732 illa
1396 1704 1496 1731 rituum
1519 1711 1659 1731 sacrorum
1679 1703 1722 1732 in-

934 1748 1050 1782 stitutio,
1063 1750 1262 1777 sanctissimam
1278 1754 1399 1778 nostram
1416 1750 1598 1778 bierarcbiam
1625 1757 1723 1785 super-

932 1796 1068 1823 mundana
1085 1796 1238 1823 etelestium
1264 1796 1480 1823 bierarebiarum
1505 1796 1660 1824 imitatione
1680 1795 1722 1824 di-

931 1849 1012 1878 gnam
1028 1849 1153 1874 censcns,
1170 1842 1315 1877 praedictas
1330 1842 1524 1869 immateriales
1538 1841 1720 1876 hierarchias,

933 1889 1120 1917 materialibus
1137 1889 1230 1925 ﬁguris
1252 1893 1280 1916 et
1305 1888 1459 1916 formativis
1479 1889 1722 1924 compositionibus

932 1936 1098 1971 variegando
1122 1935 1307 1970 transcripsit,
1335 1939 1364 1962 ut
1391 1943 1441 1969 pro
1466 1939 1557 1962 nostra
1582 1943 1644 1962 cum
1666 1936 1721 1964 illis

931 1981 1120 2016 proportione,
1137 1988 1151 2007 a
1169 1979 1365 2008 sacratissimis
1388 1979 1544 2007 ﬁctionibus
1562 1980 1596 2007 ad
1613 1980 1719 2015 simpli-

931 2034 977 2054 ces
998 2028 1145 2063 tigni-arum
1170 2032 1296 2062 expertes
1318 2032 1454 2060 anagogas
1480 2029 1508 2053 et
1527 2025 1720 2053 similitudines

931 2073 1094 2105 evebanmr;
1109 2073 1328 2107 quandoquidem
1345 2072 1404 2099 ﬁeri
1421 2080 1474 2099 non
1489 2073 1585 2108 possit,
1600 2078 1630 2100 ut
1642 2080 1720 2100 mens

931 2123 1026 2147 nostra
1049 2119 1083 2146 ad
1112 2119 1320 2146 inimaterialem
1342 2118 1415 2145 illam
1434 2119 1586 2147 ctelestium
1611 2119 1719 2146 Itierar-

89 2167 122 2201 τῇ
140 2167 200 2192 κατ’
221 2166 301 2192 αὐτὸν
321 2165 401 2202 ὑλαίᾳ
420 2167 588 2203 χειραγωγία
607 2168 756 2204 χρήσαιτο,
773 2168 808 2195 τὰ
830 2169 879 2204 μὲν

937 2166 1054 2194 shiarum
1072 2166 1248 2193 imitationem
1265 2173 1297 2193 ac
1318 2166 1578 2201 contemplationem
1593 2167 1719 2194 intenda-

91 2211 239 2246 φαινόμενα
256 2210 352 2247 κάλλη.
370 2212 420 2247 τῆς
443 2212 563 2248 ἀφανοῦς
584 2213 752 2250 εὐπρεπείας
768 2215 879 2242 ἀπεικο-

90 2256 205 2291 νίσματα
236 2255 417 2291 λογιζόμενος·
448 2257 495 2283 καὶ
519 2257 567 2289 τὰς
591 2257 723 2293 αἰσθητὰς
755 2257 877 2291 εὐωδίας,

89 2301 273 2337 ἐκτυπώματα
288 2302 337 2337 τῆς
353 2302 450 2338 νοητῆς
469 2303 626 2336 διαδόσεως·
652 2303 699 2331 καὶ
722 2305 772 2340 τῆς
796 2304 877 2331 ἀΰλου

89 2347 253 2382 φωπιοδοσίας
273 2348 366 2374 εἰκόνα
384 2368 392 2380 ,
411 2347 446 2374 τὰ
469 2348 549 2376 ὐλιχὰ
566 2349 659 2384 φῶτα·
681 2350 730 2377 καὶ
745 2351 794 2386 τῆς
808 2350 879 2378 κατὰ

88 2393 151 2421 νοῦν
171 2394 342 2430 Θεωρητικῆς
355 2395 576 2432 ἀποπληρώσεως
586 2416 594 2428 ,
610 2397 659 2429 τὰς
678 2397 826 2431 διεξοδικὰς
841 2399 879 2425 ἱε-

90 2440 138 2476 ρὰς
153 2440 302 2477 μαθητειας
314 2449 321 2456 ·
338 2441 386 2468 καὶ
398 2441 449 2477 τῆς
464 2442 625 2478 ἐναρμονίου
638 2443 705 2479 πρὸς
715 2443 749 2471 τὰ
760 2443 820 2471 θεῖα
832 2445 880 2472 καὶ

126 2518 140 2538 b
156 2518 234 2545 Rom.
259 2526 298 2551 ιι,
324 2519 370 2547 56.
411 2523 422 2538 ο
436 2518 514 2546 Joan.
529 2528 548 2552 ι,
561 2519 589 2548 9.

931 2216 983 2244 tur,
1000 2212 1053 2239 nisi
1069 2219 1084 2240 e
1107 2213 1274 2247 propinquo,
1292 2212 1427 2240 materiali
1446 2220 1493 2240 usa
1515 2213 1600 2240 fuerit
1621 2220 1718 2240 manu-

930 2259 1058 2287 ductione
1073 2271 1079 2287 :
1092 2260 1238 2295 cogitando
1259 2260 1377 2292 scilicet,
1399 2266 1564 2295 apparentes
1586 2261 1635 2287 bas
1657 2260 1717 2295 pul-

929 2305 1109 2339 chritudines,
1127 2313 1290 2334 arcanorum
1315 2313 1377 2333 esse
1399 2307 1527 2333 decorum
1548 2305 1665 2340 eﬂigies;
1685 2314 1717 2333 ac

931 2351 1044 2379 sensiles
1057 2352 1172 2379 odorum
1189 2352 1349 2385 suavitates,
1371 2359 1515 2385 expressas
1532 2359 1593 2379 esse
1615 2351 1717 2386 ﬁguras

932 2398 1062 2433 spiritalis
1089 2398 1298 2433 dispensationis
1314 2417 1322 2430 ,
1336 2402 1365 2425 et
1393 2398 1581 2425 immaterialis
1598 2398 1716 2425 illustra-

934 2444 1017 2472 tionis
1038 2445 1157 2479 speciem
1180 2452 1235 2479 pra:
1263 2451 1292 2471 se
1318 2443 1392 2471 ferre
1416 2443 1518 2471 lumina
1546 2444 1713 2472 materiata:

727 2595 841 2625 VARUE
862 2595 1066 2628 LECTlONES.

77 2719 82 2725 η
109 2687 145 2725 _‘_’
164 2685 216 2714 Ch.
328 2687 477 2725 saltuatim,
500 2689 592 2725 itaque
607 2688 634 2715 in
651 2688 745 2720 Paulo,
764 2688 842 2723 cujus
857 2690 914 2717 haec
936 2690 1019 2725 verba
1045 2694 1118 2725 sunt,
1147 2691 1285 2719 scribitur.
1323 2692 1346 2709 “
1362 2692 1389 2720 In
1415 2691 1504 2720 Budzni
1531 2692 1625 2720 codice
1651 2699 1712 2721 erat

91 2722 199 2762 vitiose,
221 2721 253 2762 το
275 2722 341 2762 δντα
364 2721 611 2762 ἀληθινόνιίιρᾳιιο
635 2721 887 2757 θιιιειιάονὶιδντως
916 2724 1052 2762 ἀληθινόνι
1069 2724 1249 2762 Pacbymeres
1275 2733 1352 2754 nolat
1376 2727 1428 2762 legi
1454 2728 1513 2754 sine
1538 2727 1712 2756 distinctione

89 2757 120 2784 τὺ
131 2757 161 2784 ὃν
174 2756 206 2795 τὸ
219 2757 357 2795 ἀληθινόν,
372 2756 476 2786 ειὶιιιη
486 2756 670 2795 distinctione,
685 2763 830 2795 utrumque
842 2756 993 2795 exponens.
1032 2760 1054 2776 “
1075 2761 1110 2787 ita
1124 2756 1277 2795 legendum.
1315 2763 1339 2778 “
1357 2756 1474 2789 Memmii
1497 2762 1565 2789 liber
1576 2762 1710 2795 ἐνότητος,

90 2799 169 2833 quam
182 2793 331 2833 lectionem
352 2799 466 2833 secutus
483 2798 529 2833 _cst
546 2793 644 2833 Scottis
655 2798 683 2821 et
697 2793 886 2833 SarracenusI
916 2795 1002 2833 '_‘_Cb.
1024 2796 1055 2823 Ι).
1074 2795 1104 2833 Ρ.
1131 2793 1192 2833 Sir,
1214 2797 1283 2833 πρὸς
1298 2797 1449 2833 ἀναγωγὴν
1462 2797 1501 2833 δέ.
1539 2797 1561 2812 ³⁷
1575 2797 1610 2824 Μ.
1626 2793 1711 2825 Μένέι

91 2827 163 2870 ἔνδον
179 2827 281 2862 ἑαυτῆς
294 2827 429 2890 ἀοὲἀτως,
443 2829 490 2855 sed
515 2829 661 2870 mendose._
675 2829 785 2863 opinor,
811 2838 873 2857 cum
888 2830 961 2857 nulla
984 2831 1145 2860 auctoritate
1167 2832 1219 2860 alia
1237 2827 1358 2860 'ttitaturt

92 2871 184 2890 αυτης.
236 2863 259 2878 ¹⁹
274 2863 306 2890 Β.
344 2863 352 2889 l
367 2863 416 2890 μή.
431 2863 594 2890 lnternretes
609 2873 661 2890 nm
680 2869 799 2890 vertunt.
838 2864 860 2881 ³ο
875 2865 926 2890 Ch.
945 2867 974 2890 ι).
992 2865 1021 2890 P.
1037 2866 1074 2890 νὼ

344 2863 352 2889 ἰ
367 2863 416 2899 μή.
431 2863 594 2899 lnterpretes
609 2864 661 2892 nisi
680 2869 799 2893 vertunt.
838 2864 860 2881 '°
875 2865 926 2895 Cb.
945 2867 974 2894 D.
991 2865 1021 2893 Ρ.
1037 2866 1085 2902 νῷ,

92 2862 184 2898 αὐτῆς.
236 2863 259 2878 ¹⁹
274 2863 306 2892 Β.

1397 2832 1419 2848 ³⁸
1434 2832 1546 2860 Budreus
1568 2833 1710 2868 aspiravit,
