1925 3070
101 163 156 192 125
424 162 470 190 DE
485 160 647 191 C(ELESTI
663 160 884 195 HIERARCHIA,
900 161 976 190 CAP.
994 160 1014 188 1.
1033 175 1067 181 —
1083 159 1244 188 CORDERII
1260 157 1384 187 NOTAE:
1665 157 1719 187 136

101 228 193 248 rerum
211 219 307 254 prima!
321 219 432 247 Joannis
444 228 471 253 v,
488 218 546 253 20),
564 220 695 251 secundo,
713 219 776 254 quia
800 227 877 251 vera,
898 223 926 246 et
943 218 1066 253 opposita
1096 217 1173 254 falsis
1191 217 1323 244 doctrinis
1346 217 1487 254 gentilium
1501 221 1529 244 et
1542 216 1716 254 phil0soplio-

105 260 182 283 rum.
198 253 302 288 Tertio,
319 256 380 289 quia
400 255 493 281 verius
509 254 697 289 etiperfectius
715 253 764 282 nos
779 254 925 285 illuminat,
941 261 1023 287 quam
1045 254 1133 281 omnis
1149 253 1193 279 lux
1208 260 1352 286 corporea,
1371 258 1400 280 ut
1425 253 1461 280 sit
1475 253 1632 287 metaphora
1650 263 1657 281 :
1676 256 1716 282 sic

102 290 233 319 Christus
245 290 346 317 dicitur
369 297 434 316 vera
454 290 518 316 vitis
538 288 546 308 ι
561 297 569 322 ;
588 289 628 317 sic
651 289 822 317 Eucharistia
838 289 939 316 dicitur
950 296 1031 316 verus
1046 289 1125 322 panis
1140 293 1170 314 ιιι.

147 324 198 358 Qui
212 324 349 352 illuminat
364 333 465 352 omnem
480 325 622 353 hominem.
635 325 716 359 Quia,
740 325 828 358 inquit
842 324 969 359 Cyrillus,
997 324 1123 359 omnibus
1147 328 1209 350 actu
1232 323 1278 359 dat
1294 322 1383 359 lumen
1399 322 1522 350 rationis.
1531 323 1636 359 _Verum
1656 324 1714 351 lucc

107 357 208 388 melius
225 360 370 394 accipewde
389 359 490 387 lumine
506 359 633 394 spiritali.
654 357 871 387 Verbum’enim'
885 359 975 385 Patris
991 358 1126 394 illuminat
1147 365 1254 394 omnem
1268 357 1405 394 hominem
1422 357 1555 394 “,Vsupple
1583 364 1713 394 quantum

107 395 140 423 in
162 395 221 430 ipso
245 392 296 430 est:
316 393 393 430 Unde
416 394 464 428 qui
487 392 755 430 nonilluminantnr,
775 394 827 421 sibi
840 393 1168 430 impttlenliquiaiutnen
1188 393 1259 425 ﬁdei,
1277 393 1409 427 etgratiae
1430 392 1529 420 Christi
1547 393 1654 426 oblatae,
1672 402 1713 421 re-

103 427 200 465 cipere
216 429 313 456 nolunt
327 439 334 456 :
348 429 386 465 ita
402 427 474 456 idem
492 428 622 465 Cyrillus.
638 437 699 456 cum
714 429 910 465 Chrysostomo
930 434 957 455 et
973 427 1185 465 Theophylacto.

143 463 198 491 Per
212 472 285 500 quem
298 465 332 500 ad
350 461 523 500 ἁρχῐςρωτον,⁷
532 464 557 490 id
572 468 624 494 est,
640 461 976 500 originem'lucitrPatrem,
989 461 1121 500 ocrearum
1139 462 1393 500 obtinuimuilunus
1417 461 1641 500 enirn_mediator
1665 463 1714 500 Dei

104 505 132 527 et
147 499 297 531 hominum,
310 497 392 526 Itonth
400 497 523 527 Christus
540 500 618 525 Jews
636 499 661 533 °)
680 497 714 525 ad
727 499 966 526 sacratissimorum
991 507 1007 524 α
1026 497 1271 533 Patriburtradita:
1282 497 1454 531 Eloquiorum
1472 497 1671 529 illustration“,
1687 499 1714 525 id

105 539 151 561 est
166 541 261 560 sacras
277 534 442 568 Scripturas,
467 541 514 568 pro
531 533 626 560 viribus
637 532 833 567 suspiciamus;
857 541 903 568 nec
928 541 980 559 non
996 533 1026 559 ab
1038 533 1101 568 ipsis
1121 532 1260 568 symbolice
1283 533 1356 559 nobis
1378 538 1402 559 et
1415 533 1555 568 anagugice
1568 533 1714 568 patefacta:

104 569 254 599 caelestium
269 566 395 596 mentium
414 566 590 602 hieran/tias,
604 566 687 603 prout
700 577 849 602 possumus,
863 567 1025 603 intueamur.
1046 567 1125 599 Nam,
1138 566 1171 603 :ut
1190 566 1412 603 Chrysostomus.
1426 567 1520 594 honiil.
1540 567 1576 594 26
1590 568 1618 594 in
1632 567 1715 595 Joan-

105 611 167 630 nem
180 604 219 630 ait
238 604 270 619 ³³·
286 614 293 632 :
307 603 393 631 Omne
412 603 478 631 illud
493 604 566 638 quod
579 604 629 631 sub
641 611 749 630 sensum
762 603 848 634 cadit,
863 602 1043 638 substantiam
1070 602 1225 638 angelorum
1245 602 1385 638 declarare
1407 609 1460 628 non
1475 607 1573 636 potest,
1590 603 1638 629 sed
1651 611 1713 630 cor-

105 645 159 672 pus
173 639 244 671 quod
260 638 341 665 habet
354 636 562 666 crassitudinem
576 644 603 665 et
613 639 744 672 triplicem
759 638 966 665 dimensionem.
979 636 1055 664 Unde
1069 636 1149 672 ﬁtrut,
1165 637 1227 663 dum
1243 636 1392 672 Scriptura,
1408 638 1442 664 ad
1455 642 1563 671 captum
1578 643 1712 670 nostrum,

104 671 251 706 spiritibus
268 673 438 708 incorporeis
461 681 608 708 corporeas
633 671 734 706 figuras
748 672 865 708 afﬁngit,
893 671 926 698 iis
941 671 1050 705 quidem
1065 671 1110 705 qui
1124 672 1195 708 digni
1218 677 1292 708 sunt,
1306 671 1340 699 'ct
1361 672 1394 698 ad
1409 673 1587 708 ram-gementi:
1603 680 1711 699 sensum

107 708 317 739 transcendunt,
329 706 494 739 innotescat,
508 706 620 742 reliquis
636 715 701 735 vero
713 708 838 734 omnibus
859 707 885 733 in
905 714 1006 734 arcano
1020 711 1065 742 _et
1088 707 1195 734 occulto
1211 706 1399 742 relinquatur:
1427 706 1567 740 quod'illis
1580 708 1645 734 visis
1658 708 1714 735 alte

105 743 291 777 signiﬁcatur.
305 742 390 775 Atque
403 740 583 777 principialein
597 747 621 769 et
632 750 712 777 supra
731 750 809 777 quam
823 741 1003 777 principialem
1016 740 1116 773 Patris,
1141 742 1185 776 qui
1197 740 1352 775 principium
1370 741 1520 768 Divinitatit
1531 746 1580 773 est,
1593 742 1713 770 illustra-

104 775 217 809 tionem,
234 777 259 804 id
273 782 315 805 est
333 775 502 812 Scripturain
519 777 592 812 (vide
607 775 698 811 supra,
714 775 862 804 Generales
875 776 1089 812 observationes)
1109 775 1167 810 quo:
1182 777 1256 812 nobis
1280 777 1431 812 angelorum
1444 777 1470 803 in
1483 776 1605 811 ﬁgurati:
1630 777 1712 812 signis

105 812 275 839 beatissimus
289 811 403 840 elucidat
430 811 603 845 hierurchiar,
619 813 646 839 id
662 817 704 839 est
720 812 771 839 sub
782 811 912 846 symbolis
923 817 950 837 et
965 811 1058 846 figuris
1074 811 1223 838 matcriatis
1236 812 1346 846 angelos
1373 811 1514 842 describit,
1546 811 1713 840 immateria-

104 846 175 882 libus
187 853 212 874 et
225 848 373 874 intremulis
396 849 490 875 utentis
503 848 586 874 oculis
606 848 819 878 intromittentee,
834 846 980 882 iabstracte
998 854 1021 882 ra
1048 847 1163 873 materia
1191 846 1327 873 intellectu
1342 847 1537 880 concipieutcs,
1555 855 1587 874 ex
1607 848 1710 882 eadem,

104 881 212 918 sedicet
226 882 378 918 Scriptura,
393 888 526 918 quatenus
543 882 695 918 synibolica
706 887 759 915 est,
774 886 802 918 et
828 881 922 918 ﬁguris
947 881 1094 918 variegata,
1111 889 1203 918 rursus
1224 882 1258 918 ad
1279 882 1424 918 simplicem
1435 882 1495 916 ejus
1508 883 1613 918 radium
1626 883 1713 909 inten—

104 916 212 950 damus,
228 917 254 943 id
265 923 306 944 est
320 918 468 951 simplicem
480 917 540 951 ejus
556 916 663 945 sensum
690 916 844 948 litteralem,
860 916 924 951 sive
940 916 1080 943 veritatem
1105 917 1154 943 sub
1170 917 1261 949 ﬁguris
1278 916 1330 944 illis
1343 916 1470 943 latentem
1485 917 1687 944 consideremus
1701 926 1709 945 :

104 959 258 986 quanquam
275 960 355 987 neque
369 953 479 987 ipsumet
496 950 647 986 Scriptura.
666 960 718 986 qua
731 957 809 986 parte
820 950 970 987 sytnbolica
992 956 1044 987 est,
1059 959 1173 987 unquam
1185 951 1287 987 intime
1301 959 1348 977 sua
1364 952 1465 977 unitate
1486 953 1658 985 destituitur;
1684 953 1711 979 id

104 990 148 1013 est
162 994 300 1021 nunquam
319 992 360 1014 est
380 986 439 1014 sine
451 988 547 1014 intimo
563 994 613 1014 suo
626 994 706 1022 sensu
730 986 848 1018 Iitterali,
876 986 931 1022 qui?
952 986 1030 1022 omni
1045 986 1152 1022 sensui,
1172 986 1251 1013 etiam
1275 986 1389 1019 figurato
1409 990 1436 1013 et
1451 987 1574 1022 mystico,
1595 994 1712 1022 semper

105 1021 202 1048 subest
218 1020 237 1048 ί
249 1022 294 1048 sed
310 1024 344 1048 ad
363 1023 547 1049 aublimantem
559 1027 582 1048 et
600 1021 767 1056 uni/icanlem
780 1028 869 1048 eorum
886 1021 932 1054 qui
958 1020 1121 1054 providentia
1139 1026 1265 1056 reguntur
1279 1020 1558 1055 caluemperatio'nem;
1575 1021 1601 1048 id
1616 1020 1669 1049 est?
1682 1027 1712 1049 ut

106 1056 233 1083 homines
248 1064 262 1083 a
277 1059 392 1085 terrenis
405 1061 432 1084 et
456 1057 551 1084 divisis
566 1055 787 1091 cogitationibus,
802 1056 840 1091 ad,
863 1055 981 1082 cmlestia
998 1058 1089 1091 animo
1115 1055 1227 1082 collecto
1249 1056 1400 1083 meditauda
1417 1056 1609 1091 inducantur:
1636 1057 1709 1089 dum,

105 1090 147 1123 uti
161 1092 244 1123 decet,
259 1092 365 1126 benigne
389 1092 578 1126 multiplicatur
594 1090 670 1126 atque
681 1096 808 1122 emanat;
835 1090 862 1117 id
880 1094 922 1117 est
937 1091 999 1117 dum
1012 1090 1118 1118 decenti
1134 1091 1213 1126 modo
1230 1091 1381 1125 Scriptura,
1413 1090 1467 1117 Deo
1492 1099 1521 1119 se
1545 1092 1661 1124 benigne
1675 1093 1709 1118 ad

105 1130 213 1159 captum
228 1125 347 1154 nostrtiin
363 1127 598 1159 accommodante,
619 1125 748 1161 lignratos
761 1133 793 1162 ac
813 1126 936 1153 diversos
953 1132 1061 1162 sensus,
1073 1133 1134 1152 cum
1151 1125 1310 1162 allegoricos
1323 1130 1378 1152 tum
1399 1126 1515 1154 moralcs
1538 1132 1565 1154 et
1580 1127 1709 1162 anagogi-

105 1168 153 1187 eos
170 1166 300 1194 continet,
325 1164 405 1188 etiam
433 1163 503 1188 intus
521 1162 548 1187 in
566 1160 703 1195 reiiieiipsa
713 1161 842 1187 stabiliter
858 1165 962 1192 manet;
982 1160 1008 1186 id
1025 1166 1076 1193 est,
1093 1168 1199 1195 semper
1225 1161 1399 1188 iutriusecum
1418 1168 1498 1188 suum
1516 1169 1626 1189 sensum
1641 1160 1710 1188 litie-

106 1195 191 1222 ralem
206 1197 296 1226 habet.
315 1197 441 1224 immobili
455 1197 593 1223 identitate
604 1197 726 1223 unimode
742 1196 858 1229 ﬁrmata,
876 1195 903 1221 id
914 1199 957 1221 est
973 1196 1018 1230 qui
1043 1203 1179 1230 nunquam
1195 1197 1334 1228 variatur;
1351 1203 1448 1223 sensus
1460 1197 1531 1223 enirn
1546 1196 1672 1224 litteralis
1693 1205 1709 1223 a

106 1230 210 1264 Spiritu
226 1236 321 1259 sancto
333 1233 462 1266 prnnario
476 1234 594 1259 intentus
612 1239 720 1266 semper
734 1231 803 1266 idem
816 1235 868 1263 est,
880 1231 1056 1266 quantumvis
1072 1231 1284 1265 multiplicentur
1304 1238 1400 1258 sensus
1413 1232 1638 1259 accommodativi
1668 1232 1711 1258 vel

106 1266 193 1301 tropis
209 1274 241 1293 ac
258 1265 351 1301 figuris
372 1268 522 1294 vestiantur
536 1276 542 1293 :
555 1272 578 1293 et
603 1268 637 1293 ad
651 1265 688 1298 δέ,
704 1271 732 1292 ut
749 1265 789 1299 [at
801 1270 851 1296 ut,
871 1265 1044 1301 attendentes,
1060 1273 1109 1301 pro
1127 1266 1252 1300 cujusque
1280 1267 1437 1298 capacitate,
1452 1266 1648 1301 eimpliﬁcaliva
1660 1275 1710 1294 sua

106 1300 214 1333 unione,
231 1300 334 1328 scilicet
348 1302 461 1335 simplici
478 1310 526 1329 sua
539 1301 663 1331 veritate.
683 1308 762 1336 quani
774 1300 905 1332 continet,
919 1300 1028 1336 subrigit
1046 1300 1215 1336 uniﬁcrttque,
1233 1307 1330 1335 nempe
1350 1309 1365 1328 a
1392 1302 1508 1336 terrenis
1522 1302 1556 1328 ad
1569 1301 1709 1333 ctelestia,

105 1340 168 1372 et‘a
186 1335 302 1372 dividuis
314 1336 524 1372 cogitatimiibus
537 1338 570 1372 ad
588 1336 671 1372 animi
685 1335 873 1372 collectionem
886 1335 972 1372 etADei
995 1335 1213 1370 conjunctione":
1231 1336 1403 1372 traducendo.
1430 1335 1520 1370 Neque
1535 1337 1604 1363 enim
1629 1342 1710 1372 potest

105 1369 184 1406 gliter
195 1370 244 1398 Dei
255 1372 299 1398 ille
318 1369 407 1398 mitius
430 1371 598 1406 principalis,
614 1371 640 1398 id
656 1377 697 1398 est
713 1371 824 1397 intimus
847 1369 893 1406 ille
913 1369 1061 1404 Scriptura:
1074 1377 1180 1403 sensus,
1204 1378 1264 1398 cum
1282 1370 1316 1397 de
1332 1371 1431 1398 divinis
1447 1369 1561 1398 et'inere
1574 1369 1707 1406 spiritali-

105 1403 156 1440 bus
171 1406 253 1433 rebus
267 1408 332 1440 agit.
347 1406 419 1434 nobis
430 1403 593 1437 illaec-scere,
612 1406 661 1432 nisi
679 1413 816 1433 sacrorum
832 1405 958 1431 varietate
975 1403 1194 1439 operimentorum
1207 1407 1348 1440 anagogice
1360 1406 1501 1433 obvelatus.
1518 1403 1597 1438 Nam,
1614 1411 1642 1432 ut
1660 1407 1711 1433 hoc

105 1439 165 1466 luco
176 1441 215 1468 ait
230 1439 308 1469 divus
326 1441 470 1474 Maximus,
485 1442 545 1469 sine
561 1442 632 1476 typis
657 1445 685 1469 et
710 1439 842 1476 symbolis
869 1447 922 1467 non
942 1447 1095 1474 possumus,
1112 1440 1174 1467 dum
1189 1440 1215 1467 in
1230 1439 1344 1475 corpore
1363 1449 1468 1472 sumus,
1480 1443 1605 1475 aspicere
1618 1442 1709 1468 incor-

105 1481 187 1508 porea
199 1481 227 1503 et
243 1477 363 1504 materiae
376 1477 509 1511 expertia.
523 1475 656 1509 Quoniam
681 1476 708 1511 in
732 1478 783 1511 hoc
806 1475 869 1511 vitae
893 1479 965 1511 statu
992 1476 1083 1502 anima
1110 1475 1218 1511 quidem
1241 1483 1358 1510 corpore
1378 1477 1476 1503 vestita
1491 1481 1549 1508 est,
1562 1477 1631 1503 ratio
1645 1484 1710 1503 vero

104 1510 310 1547 imaginatione,
322 1519 399 1539 mens
413 1509 529 1547 denique
544 1512 657 1547 ratione.
673 1510 742 1547 Hinc
762 1509 932 1547 imaginatio,
965 1517 1019 1545 qua
1035 1512 1136 1547 utimur
1150 1510 1319 1547 vivimusque
1340 1512 1581 1546 quamplurimum,
1610 1511 1710 1538 intelli-

103 1546 202 1579 gentia:
217 1548 342 1574 notiones
356 1547 467 1576 assidue
482 1544 650 1574 sensibilium
663 1544 827 1580 imaginibus
841 1545 927 1572 induit
940 1553 947 1578 ;
963 1544 1090 1580 quocirca
1103 1546 1251 1580 cognitioni
1267 1544 1377 1576 nostrae.
1391 1544 1444 1574 non
1464 1552 1518 1573 tant
1533 1547 1616 1578 nuda,
1629 1554 1709 1580 quam

104 1580 201 1607 vestita
212 1582 334 1614 quiedatu
346 1583 548 1611 accommodata
576 1581 711 1609 videntur.
733 1580 851 1607 lnduunt
874 1581 956 1615 igitur
981 1580 1121 1614 sapientes
1140 1581 1250 1613 merito,
1273 1581 1347 1608 sicut
1373 1581 1503 1614 diximus,
1534 1581 1710 1608 sensibilibus

103 1614 213 1648 quidem
227 1617 423 1651 intelligibilia;
442 1617 483 1644 bis
501 1624 564 1644 vero
579 1616 681 1643 divina.
706 1616 753 1643 Sic
773 1615 856 1642 etiam
878 1614 955 1651 Plato
982 1616 1094 1650 provide
1118 1615 1204 1651 jubet,
1222 1617 1360 1643 hominem
1389 1617 1439 1644 sub
1463 1617 1605 1643 tenebroso
1629 1624 1710 1650 specu

103 1652 247 1683 nutritum,
263 1654 296 1678 ad
312 1650 468 1679 intuendam
492 1652 670 1679 meridianam
698 1651 788 1678 lucem
811 1658 864 1677 non
893 1650 983 1677 subito
999 1650 1228 1684 compellendum,
1247 1652 1295 1678 sed
1307 1652 1512 1678 monstrandum
1525 1651 1588 1678 huic
1603 1651 1709 1683 solem,

102 1685 192 1722 primo
203 1687 311 1721 quidem
323 1688 356 1714 ad
379 1687 497 1714 lucerna:
515 1687 606 1714 lumen
623 1688 650 1713 in
667 1693 771 1722 aqua
785 1685 883 1713 deinde
900 1685 928 1712 in
940 1685 1015 1722 luna,
1033 1686 1083 1722 sub
1099 1691 1177 1713 nocte
1200 1693 1306 1722 serena,
1322 1686 1431 1713 demum
1459 1687 1484 1713 in
1498 1687 1555 1722 ipsa
1572 1687 1644 1722 aeris
1667 1693 1710 1714 se-

104 1721 219 1781 :ptiltate
248 1723 357 1750 diurna.
385 1722 526 1750 Siniilibus
552 1728 660 1756 quoque
686 1721 817 1757 gradibus
847 1721 915 1748 rude
943 1721 1000 1748 vult
1035 1721 1173 1756 ingenium
1200 1721 1235 1749 ad
1267 1721 1504 1756 contemplandum
1537 1721 1709 1748 Divinitateni

167 1763 221 1781 uci.

135 1762 221 1782 rauci.

101 1761 286 1827 Peggiciliolice
299 1792 372 1819 noble
385 1797 408 1820 et
421 1793 565 1827 anagogice
580 1792 739 1827 patefactus.
754 1790 779 1826 5
794 1790 862 1819 Hinc
874 1796 985 1819 sanctus
996 1791 1114 1818 Thomas
1137 1799 1145 1817 l
1168 1797 1254 1826 parte,
1272 1796 1367 1826 qumst.
1386 1791 1414 1824 l,
1429 1795 1480 1818 art.
1498 1791 1524 1823 9,
1542 1791 1569 1819 in
1583 1798 1707 1825 corpore,

102 1826 248 1861 concludit,
263 1828 289 1853 in
302 1835 380 1855 sacra
395 1826 530 1860 doctrina,
555 1834 616 1854 cum
629 1835 660 1854 ea
677 1833 784 1854 eunetis
802 1827 957 1853 hominibus
972 1831 1154 1853 communiter
1172 1832 1351 1861 proponatur,
1386 1826 1553 1861 metaplioris
1567 1831 1594 1853 et
1608 1833 1707 1859 cci-po-

103 1860 205 1889 talibus
215 1862 444 1890 similitudinibus
459 1863 550 1890 divina
574 1862 674 1896 exponi
700 1862 816 1888 maxime
841 1863 1005 1889 conveniens
1019 1869 1090 1888 esse
1123 1860 1196 1888 Deus
1216 1864 1307 1893 enim,
1333 1861 1430 1895 inquit,
1444 1860 1569 1889 omnibus
1586 1862 1710 1895 providet

103 1897 251 1932 secundum
267 1898 338 1931 quod
357 1898 487 1932 competit
504 1905 596 1924 eorum
614 1902 729 1924 naturtn.
752 1897 799 1923 Est
826 1902 915 1925 autem
931 1897 1055 1923 naturale
1070 1897 1183 1932 homini,
1200 1903 1229 1923 ut
1256 1904 1307 1931 per
1325 1896 1466 1924 sensibiliu
1479 1898 1513 1924 ad
1530 1896 1709 1930 intelligibilin

103 1931 212 1964 veniat;
228 1932 291 1966 quia
309 1934 396 1960 omnis
410 1931 503 1960 nostra
517 1931 637 1966 cognitio
655 1939 670 1958 a
682 1939 764 1959 sensu
789 1932 895 1958 initium
911 1932 1001 1958 habet.
1034 1931 1109 1960 Unde
1134 1933 1327 1958 convenienter
1348 1933 1373 1958 iu
1391 1940 1469 1959 sacra
1497 1932 1637 1966 Scriptura
1654 1936 1709 1958 tra‘

100 1965 202 1992 dnutur
227 1965 306 1994 nobis
316 1968 470 2002 spiritualia
487 1968 537 1994 sub
552 1965 720 2001 inotaphorts
735 1967 929 2001 corporalium.
942 1967 976 1993 Et
991 1967 1043 1994 hoc
1057 1972 1099 1993 est
1112 1967 1183 2001 quod
1200 1968 1270 1993 intra
1293 1967 1373 2002 paulo
1388 1973 1449 2002 post
1471 1967 1538 1994 dicit
1553 1965 1706 2000 Dionysius,

102 2007 153 2026 non
169 2008 248 2035 posse
272 2001 351 2029 aliter
376 2001 661 2038 divino-principalem
684 2003 758 2029 illum
780 2003 885 2030 radium
911 2003 990 2030 nobis
1021 2003 1189 2034 illucescere,
1217 2003 1268 2029 nisi
1294 2001 1438 2031 Sacrorum
1461 2002 1593 2038 varietate
1618 2001 1707 2036 operi-

103 2041 256 2076 tnt'ntomm
281 2039 430 2076 anngogice
453 2036 621 2066 obvelatuni.
644 2036 760 2066 Badium
776 2042 867 2066 autem
881 2037 1165 2072 divino-principalem
1190 2042 1266 2064 vocat
1279 2037 1366 2072 ipsam
1377 2046 1468 2066 reruni
1483 2037 1636 2064 divinarum
1659 2043 1706 2063 ve-

102 2077 218 2100 ntalem.

136 2108 222 2136 Porro
234 2111 489 2138 convenientissima
502 2109 582 2138 nobis
595 2109 684 2138 divina
701 2108 926 2137 similitudinibus
937 2106 1125 2141 corporalibus
1148 2107 1293 2141 designari,
1320 2116 1353 2136 ex
1378 2107 1504 2143 Dionysio
1527 2111 1644 2141 quatuor
1664 2113 1708 2132 ra-

103 2143 220 2172 tionibus
235 2146 331 2180 probat
347 2147 377 2173 υ.
390 2146 508 2173 Thomas
527 2147 553 2172 in
566 2146 611 2173 lib.
629 2153 636 2172 ι
665 2144 794 2176 Sentent.,
809 2145 873 2171 dist.
886 2143 931 2175 34,
944 2150 974 2177 q.
985 2143 1012 2175 ὅ,
1029 2143 1144 2180 articulo
1159 2143 1185 2180 ιλ.
1213 2143 1303 2170 Prima
1326 2150 1354 2171 et
1378 2143 1533 2179 principalis
1543 2147 1584 2180 est
1599 2147 1708 2176 propter

101 2180 220 2206 materiae
231 2176 437 2214 sublimitatem,
455 2189 516 2216 qua:
530 2182 615 2208 nostri
630 2181 781 2207 intellectus
795 2176 971 2216 capacitatem
988 2178 1105 2216 excedit.
1120 2176 1196 2216 Unde
1216 2185 1270 2205 non
1286 2176 1429 2216 possumus
1443 2176 1533 2216 rerum
1553 2178 1707 2204 divinarum

103 2215 242 2250 Veritatem
259 2218 406 2243 secundum
425 2213 533 2243 modum
545 2223 622 2242 suum
636 2223 744 2250 capere,
760 2220 842 2249 atque
853 2215 913 2241 ideo
925 2213 1108 2250 oportethillas
1134 2213 1210 2240 nobis
1224 2215 1371 2240 secundum
1389 2215 1494 2241 modum
1510 2217 1634 2250 nostrum
1645 2219 1708 2250 pro-

101 2249 173 2282 poni.
202 2250 251 2277 Est
264 2256 354 2278 autem
368 2251 446 2278 nobis
458 2251 644 2282 conualui-ale,
661 2247 677 2277 5
691 2247 864 2277 sensibiiibus
880 2250 907 2275 in
929 2247 1149 2283 intelligibilimn,
1164 2253 1192 2274 et
1205 2256 1220 2274 a
1244 2249 1438 2283 posterioribus
1454 2250 1480 2275 in
1503 2249 1623 2283 priorum
1637 2247 1708 2274 noti-

103 2289 164 2320 llam
178 2285 318 2319 devenire;
335 2291 362 2313 et
378 2286 480 2313 idcirco
494 2286 544 2313 sub
556 2286 641 2320 ﬁgura
653 2285 833 2318 sensibilium,
850 2284 926 2311 intell
937 2282 1029 2318 gibilia
1046 2283 1125 2310 nobis
1139 2282 1339 2318 proponuntur,
1357 2291 1386 2311 ut
1396 2292 1430 2312 ex
1443 2286 1485 2312 his
1497 2282 1557 2318 quae
1569 2282 1704 2314 novimus,

101 2319 376 2357 addincognitainens
393 2319 600 2355 nostrasnrgat.
673 2354 697 2357 η
746 2355 750 2357 _
800 2355 805 2357 ἒ
848 2355 852 2357 _
1116 2353 1143 2357 _,
1348 2355 1353 2357 Α
1406 2355 1420 2357 ,_
1468 2355 1473 2357 _

134 2353 256 2382 Secunda
273 2356 341 2383 ratio
351 2361 403 2389 est,
414 2359 489 2391 quia,
504 2353 565 2383 cuiii
585 2358 612 2383 in
637 2354 714 2385 nobis
730 2355 765 2382 sit
790 2355 899 2391 duplexA
914 2361 976 2390 pars
997 2353 1198 2391 cognoscitiva,_
1218 2354 1322 2382 scilicet
1347 2355 1509 2391 intellectiva
1528 2359 1556 2381 et
1568 2353 1707 2391 sensitiva,

100 2391 216 2424 providit
228 2391 319 2418 divina
335 2388 483 2426 Sapientia,
505 2396 535 2418 ut
563 2397 678 2425 utraque
690 2398 763 2424 pars,
778 2388 866 2424 quoad
886 2388 944 2417 fieri
961 2394 1079 2423 poterat,
1095 2396 1122 2426 tu
1145 2389 1248 2426 divina
1263 2391 1446 2418 reduceretur.
1465 2390 1499 2416 Et
1519 2395 1662 2426 propterea
1678 2388 1709 2413 li-

100 2432 179 2464 gni-as
195 2424 381 2458 corporaliuni
391 2427 526 2459 adhibuit,
542 2434 603 2460 qua).
616 2424 743 2454 setisuiva
759 2431 836 2460 parte
851 2426 909 2459 capi
924 2429 1047 2459 possunt,
1077 2424 1141 2458 quia
1169 2424 1226 2458 ipsa
1241 2424 1434 2453 intellectualia
1449 2432 1539 2452 reruni
1555 2425 1708 2451 divinarum

100 2464 230 2489 attinuere
248 2469 301 2488 non
313 2466 428 2489 poterat.
1508 2486 1510 2488 ·

134 2482 135 2485 η
159 2471 164 2485 Ι
392 2472 396 2476 ¹
420 2481 428 2489 .
1508 2486 1510 2488 .

134 2468 230 2523 fligi-ii:
239 2468 459 2531 rtiapii’slﬁriiuia
474 2498 501 2524 in
515 2497 571 2524 Deo
584 2499 677 2525 verius
692 2496 881 2531 cognoscimus
892 2494 956 2529 quid
973 2498 1094 2531 nonest,
1113 2501 1192 2528 quam
1207 2494 1270 2529 quid
1294 2501 1346 2523 est.
1358 2495 1436 2524 Unde
1449 2495 1479 2523 S.
1504 2494 1649 2528 Dionysius
1664 2499 1711 2531 sc-

100 2531 188 2567 quenti
205 2540 265 2566 cap,
275 2553 282 2565 ,
297 2531 311 2567 §
326 2532 343 2558 5
357 2537 381 2564 t',
396 2528 463 2560 dicit
479 2535 639 2566 negatimies
653 2534 678 2559 in
693 2528 793 2559 dii-tuis
807 2538 867 2557 esse
886 2528 976 2567 veras,
994 2528 1186 2556 allirmationes
1203 2528 1267 2556 vero
1284 2531 1457 2565 incongruus.
1482 2531 1515 2558 Et
1529 2531 1589 2567 ideo
1603 2536 1665 2567 cum
1677 2529 1710 2554 de

100 2566 223 2593 omnibus
235 2565 343 2600 quaeﬁde
358 2567 413 2593 Deo
427 2565 613 2600 enuntiemus,
629 2567 832 2601 intelligendum
848 2566 894 2598 sit,
908 2566 953 2591 illa
969 2573 1020 2591 non
1037 2571 1085 2601 eo‘
1098 2567 1178 2591 modo
1196 2572 1343 2593 convenire
1363 2568 1429 2597 Deo,
1445 2571 1527 2599 prout
1539 2565 1710 2591 inveniuntur

101 2606 126 2626 ¹¹¹
139 2599 284 2634 ωἐῧιυιῆθι
297 2604 344 2629 θεά
356 2609 404 2637 νει·
419 2603 536 2637 allquem
549 2599 660 2630 modum
684 2599 844 2629 imitationis
862 2605 890 2637 et
916 2599 1114 2632 similitudinis,
1134 2602 1294 2637 _l_Iujusniodi
1319 2603 1465 2628 eminentia
1481 2602 1535 2637 Dei
1554 2605 1711 2637 expressius

101 2638 294 2664 ostendebatur
307 2634 403 2672 penea
419 2634 478 2672 quae
493 2640 580 2673 magis
596 2639 738 2665 inanilesta
760 2640 824 2664 sunt
836 2636 870 2662 ab
884 2636 944 2673 ipso
956 2671 960 2673 ἓ
974 2642 1123 2673 removeri.
1133 2634 1196 2673 liam
1220 2640 1311 2673 autem
1334 2641 1399 2663 sntit
1414 2635 1576 2673 corporalia,
1592 2639 1620 2661 et
1650 2634 1710 2673 ideo

101 2670 369 2700 conveniendus—luit
390 2670 745 2708 Speciebus'corporahbus
767 2672 858 2700 divina
873 2670 1033 2705 signiﬁcari,
1061 2674 1090 2696 ut
1117 2670 1160 2697 bis
1176 2671 1344 2699 assuefactus
1357 2672 1475 2698 disceret
1498 2671 1634 2698 humanus
1649 2670 1710 2695 aui-

151 2738 161 2758 ι
178 2738 258 2767 Joau.
285 2739 372 2771 ΠΛ.
421 2744 441 2758 ιιι
462 2738 539 2766 Joan.
566 2746 604 2772 vr,
626 2738 667 2766 δίε.
710 2736 815 2765 uloan.
827 2744 848 2763 ι.
888 2740 901 2754 ο

770 2744 815 2764 an.
827 2744 848 2763 ι.
888 2735 923 2762 °l
938 2734 1010 2763 Tim.
1025 2742 1056 2767 ti,
1076 2733 1103 2761 5.
1145 2739 1158 2758 Ρ
1177 2733 1242 2760 Ctel.
1258 2733 1324 2760 Iiier.
1349 2741 1408 2769 cap.
1432 2734 1461 2767 2-,
1479 2733 1529 2770 δῖ).

736 2807 853 2835 νΑῐιιιΕ
870 2804 1070 2834 LECTlONES.

132 2869 164 2884 “‘
189 2868 246 2898 Hoc
272 2878 326 2898 non
352 2875 442 2898 exstat
471 2870 497 2897 in
522 2870 598 2898 libris
629 2870 761 2906 vulgatis,
786 2870 832 2898 scd
860 2870 960 2898 citalur
983 2878 997 2898 a
1022 2870 1205 2906 Cyparissiota
1229 2869 1255 2897 iu
1280 2867 1426 2902 Tbeologia
1449 2865 1602 2895 materiata.
1702 2891 1710 2904 ,
