1925 3070
76 200 127 228 109

752 199 1018 230 PROLEGOMENA.

1637 207 1689 236 “0

71 259 233 294 ψαλμῳδιας
240 259 353 291 ἔντονον,
362 259 456 295 ἑτέρου
462 259 493 286 τὸ
501 259 569 295 πρὸς
579 258 700 290 ἅπαντας
708 258 842 294 συμπαθὲς

910 259 1101 292 intentionem,
1118 259 1232 288 alterius
1257 268 1323 296 erga
1347 268 1443 289 omnes
1457 265 1688 299 rompassioncm,

71 306 152 333 ἄλλοι)
163 305 209 332 τὸν
222 305 312 340 ζῆλον,
322 306 353 332 τὸ
361 307 446 342 πρᾶον
453 306 543 337 ἄλλον,
552 306 598 332 καὶ
610 305 688 332 ἄλλου
696 305 758 332 ἄλλο
768 314 795 331 τι
803 305 857 332 τῶν

71 353 194 388 ἀγαθῶν,
209 353 248 385 ὡς
265 353 294 386 ἐξ
312 353 465 389 ἀρχετύπου
482 353 666 388 κτησάμενος,
678 352 707 379 ἓν
720 351 750 385 ἐξ
769 353 857 379 ἁπάν-

71 407 125 434 των
136 397 206 430 εἶδος
216 399 318 431 εἰκόνος
328 400 356 426 ὲν
367 398 472 434 σεαυτῷ
483 399 513 425 τὸ
527 399 668 425 κάλλιπον
677 397 852 433 ἀκριϐώσαιο.

72 432 126 472 Καί
139 453 172 479 γε
188 438 308 471 ποικίλον
330 443 378 470 καὶ⁵
402 432 473 479 μέγα
496 444 599 479 χρῆμα,
620 444 667 470 καὶ
691 432 747 474 τοῖς
761 443 856 479 πόῤῥω

71 490 185 526 φανείης
202 491 248 517 καὶ
263 492 319 522 τοῖς
329 489 421 524 ἐγγύς.
441 489 552 525 Τοῦτοὴ
570 489 696 525 διηνεκής
714 498 755 516 σοι
777 489 856 525 μέρι-

73 545 136 572 μνα,
155 537 234 563 τοῦτο
246 530 277 563 τὸ
292 536 407 572 έμμονον
418 535 585 571 σπούδασμα,
598 534 683 561 ταῦτα
696 535 750 561 τῶν
763 543 855 571 κρειτ-

70 582 158 610 τόνων
171 582 332 617 ἐπιθυμιῶν,
346 580 390 613 αἶς
407 583 506 619 ἐντήκῃ
524 582 584 608 ὅσαι
598 581 700 616 ἡμέραι
721 580 809 616 ζητῶν
825 581 853 606 ὲν

71 627 207 662 πνεύματι
217 627 251 654 τὰ
267 627 314 654 τοῦ
330 627 492 663 πνεύματος.
515 627 622 653 Τούτων
641 625 689 661 μία
701 634 753 657 τις,
767 625 816 659 οὐχ
836 625 853 660 ἡ

70 676 197 711 τυχοῦσα,
210 677 283 711 καὶὴ
297 676 393 711 μελέτη
410 676 463 702 τῶν
474 675 656 702 θεοπνεύστων
670 673 795 710 Γραφῶν,
810 668 854 702 αἷς

70 722 130 748 καθ’
145 722 263 758 ἑκάστην
275 722 423 757 προσέχων,
433 722 479 748 καὶ
492 720 709 756 μεγαλεπιῶλως
717 717 855 746 ἀναπτύσ-

71 776 124 794 σων
139 768 194 794 τῶν
207 767 358 803 λεγομένων
372 762 417 794 τὸν
434 766 505 799 νοῦν,
524 767 571 794 καὶ
584 766 693 801 γνῶσιν,
710 764 756 792 καὶ
776 762 852 799 ἦθος,

70 815 116 841 καὶ
130 815 183 841 πᾶν
200 805 269 846 εἶδος
284 814 428 851 ἀπομάττῃ
444 813 619 844 παιδεύσεως.

909 306 979 333 alius
991 306 1090 337 zelum.
1108 306 1222 334 alterius
1235 308 1479 340 mansuetudinem,
1492 314 1520 336 et
1534 310 1603 338 alius
1617 311 1688 338 aliud

909 352 1049 386 quidpiam
1067 352 1217 384 bonorum,
1242 356 1370 387 tanquam
1386 361 1418 381 ex
1436 355 1582 390 archetypo
1604 357 1690 387 possi-

910 398 987 429 dens,
1000 405 1081 424 unam
1096 404 1129 424 ex
1142 397 1269 424 omnibus
1285 398 1399 425 formam
1414 398 1539 434 imaginis
1552 400 1579 427 in
1593 404 1690 428 temet-

908 443 966 477 ipso
982 443 1192 478 pulcherrimam
1214 443 1356 478 exprimis.
1375 444 1455 472 (ἔοι-ιιι
1469 445 1572 472 varium
1587 450 1615 473 et
1629 454 1689 474 rna-

907 495 989 522 gnum
1001 488 1065 522 quid
1082 495 1208 523 appares,
1225 493 1279 516 tam
1303 489 1336 516 iis
1356 490 1401 524 qui
1422 490 1528 524 procul,
1542 498 1622 526 quam
1645 492 1688 520 his

909 535 954 569 qui
970 541 1054 569 prope
1067 539 1142 562 sunt.
1164 535 1226 562 Haec
1241 536 1349 563 assidua
1373 537 1421 564 tibi
1442 545 1520 570 cura,
1537 539 1587 566 hoc
1601 540 1690 566 conti-

909 587 992 606 nuum
1009 579 1139 612 studium,
1165 580 1222 607 haec
1242 581 1345 615 optima
1361 581 1506 614 desideria,
1523 583 1621 617 quibus
1635 583 1687 611 illi-

906 623 1026 657 quescis.
1040 624 1103 651 totis
1123 624 1231 657 diebus,
1252 632 1378 660 quaerens
1402 627 1428 654 in
1450 627 1546 661 spiritu
1572 635 1605 655 ea
1626 636 1687 663 qua:

906 672 970 696 sunt
984 668 1106 703 spiritus.
1126 669 1226 696 Horum
1241 677 1292 696 una
1306 672 1440 706 quadam,
1459 680 1512 700 non
1529 673 1687 708 qualiscun-

906 723 958 750 que
973 716 1067 750 etiam,
1083 716 1226 743 meditatio
1245 717 1376 745 divinitus
1392 718 1586 753 inspiratarum
1611 719 1686 748 Scri-

906 768 1066 798 pturarnm,
1092 762 1190 796 quibus
1210 762 1332 797 quotidie
1356 765 1510 798 attendens,
1538 770 1565 792 et
1590 773 1685 801 magna

906 807 1072 835 dexteritate
1083 807 1191 835 illorum
1203 815 1263 842 quae
1277 809 1404 836 dicuntur
1413 817 1521 838 sensum
1534 810 1684 846 explicans.

69 867 96 890 et
112 861 253 888 scientiam
264 882 271 894 ,
288 867 315 888 et
331 869 431 892 mores,
446 867 608 894 omnemque
624 859 735 886 formam
751 855 882 891 exprimis
896 853 1056 888 disciplinae.

110 907 190 934 Ἀλλὰ
211 907 278 942 πρὸς
290 908 345 938 τοῖς
358 906 446 938 ἄλλοις
461 907 508 933 καὶ
525 906 541 941 ἡ
555 905 602 932 τοῦ
620 905 737 941 μεγάλου
758 905 851 931 Διονυ-

942 899 995 926 Sed
1010 907 1066 934 prze
1085 900 1191 928 cazteris
1211 900 1293 928 etiam
1319 902 1408 935 magni
1429 901 1548 939 Dionysii
1576 904 1683 933 divinus

69 954 126 981 σίου
141 953 200 980 θεία
223 939 319 984 πυκτὶς
331 972 338 985 ,
353 952 403 987 τῆς
419 939 604 988 πνευματικῆς
620 939 667 979 καὶ
682 951 775 988 ἡδείας
793 952 842 977 Σει-

902 944 1023 978 libellus,
1038 945 1171 980 spiritalis
1187 954 1219 974 ac
1233 947 1325 974 suavis
1339 947 1442 974 Sirena:
1456 949 1574 981 mansio,
1589 954 1615 977 te
1634 951 1684 977 de-

71 999 148 1036 ρῆνος
159 999 190 1026 τὸ
202 998 372 1034 ἐνδιαίτημα,
400 998 573 1034 κατασχοῦσά
591 1004 631 1031 σε,
651 999 710 1025 ὅλον
722 999 852 1025 εἰσποιεῖ-

67 1055 120 1078 ται,
135 1046 181 1072 καὶ
194 1045 248 1072 τῶν
259 1045 348 1072 ὲκεϊσε
359 1045 477 1081 χαρίτων
490 1044 661 1080 ἁναπιμπλᾷ,
679 1044 709 1071 οὺ
732 1044 809 1080 κηρῷ
821 1044 852 1071 τὸ

66 1092 113 1120 τοῦ
127 1092 207 1127 λόγου
221 1091 270 1123 τὰς
283 1091 402 1127 ψυχικὰς
417 1090 501 1122 ἀκοὰς
515 1090 695 1126 φραξάμενον,
711 1090 772 1117 οὕτε
798 1090 851 1125 μὴν

66 1142 126 1172 ταῖς
148 1139 218 1167 κατὰ
234 1140 335 1174 κόσμον
352 1138 548 1174 προσπαθείαις
571 1137 769 1172 συνδεδεμένον,
792 1135 848 1163 ἀλλ’

65 1187 158 1213 ἄνετον
171 1186 235 1212 ὖντα
246 1185 292 1212 καὶ
307 1184 472 1221 ἐξῃρημένον
487 1183 594 1215 παντὸς,
608 1183 654 1210 καὶ
665 1183 753 1214 πάσας
769 1182 850 1209 ἀκου-

66 1231 163 1264 οτικὰς
176 1230 347 1267 ἠνεῳγμένον
368 1230 414 1257 καὶ
429 1228 501 1261 νοῦν,
519 1229 559 1261 εἰς
571 1229 727 1264 πρέπουσαν
747 1227 846 1264 δηλαδὴ

64 1276 112 1302 καὶ
131 1278 187 1307 τοῖς
203 1274 357 1310 λεγομένοις
380 1275 425 1301 καὶ
448 1275 503 1305 τοῖς
519 1273 673 1309 νοουμένοις
694 1273 845 1308 ἀντίληψιν.

72 1320 140 1347 Ἀλλ’
162 1320 253 1356 ἐπειδὴ
280 1320 327 1347 καὶ
355 1319 466 1346 εἰκόνων
491 1317 581 1353 ἐκείνη
603 1318 756 1353 ἀριφανὴς,
772 1314 847 1354 ἐφ’ᾖ

64 1365 150 1392 πολλὰ
173 1365 218 1392 καὶ
239 1365 366 1396 πολλάκις
387 1365 402 1390 ὁ
423 1363 547 1398 τεχνίτης
563 1361 701 1389 ἐπιϐάλλοι
716 1362 752 1389 τὰ
774 1361 847 1398 χρώ-

64 1420 148 1447 ματα,
164 1411 210 1438 καὶ
224 1411 309 1445 λόγων
330 1411 432 1442 ἐκεῖνος
448 1405 550 1446 σαφὴς,
566 1406 588 1444 ᾧ
604 1407 687 1435 πολλὰ
700 1408 747 1435 καὶ
761 1408 845 1439 ἄλλοι,

62 1459 110 1484 καὶ
120 1457 248 1489 πολλάκις
259 1457 337 1492 μόνον
349 1456 590 1492 κατευστοχοῦντες
603 1455 658 1482 τῶν
679 1454 842 1491 λεγομένων,

62 1503 187 1530 ἐπειπεῖν
199 1503 249 1530 οὐκ
263 1503 428 1538 ἀπώκνησαν
438 1511 445 1518 ·
463 1503 507 1529 διὰ
521 1502 600 1529 τοῦτο
621 1501 715 1536 σαφῶς
739 1502 787 1536 μὲν
801 1500 845 1527 λο-

60 1549 136 1586 γίζῃ,
148 1550 195 1576 καὶ
207 1549 255 1585 τῆς
270 1549 320 1584 σῆς
334 1549 480 1584 φιλαγάθου
494 1543 605 1584 γνώμης
618 1549 726 1581 ἐπάξια,
744 1547 770 1574 εί
786 1556 845 1579 πως

59 1595 77 1630 ή
95 1595 155 1622 θεία
172 1595 261 1630 βίϐλος
277 1594 346 1630 αὕτη
362 1594 554 1630 ἀναπτυχθείη,
567 1595 613 1621 κα)¹
630 1594 780 1629 κοινότερον
794 1601 844 1619 κα·
859 1605 881 1633 c

57 1643 175 1678 τασταίη
190 1641 220 1668 τὸ
232 1642 324 1677 χρῆμα
343 1637 402 1673 ταῖς
415 1641 469 1668 τῶν
490 1642 592 1669 πολλῶν
611 1641 714 1673 ἀκοαῖς,
731 1640 845 1667 κάντεῦ-

57 1688 106 1715 θεν
131 1687 218 1722 ἔχοιεν
241 1681 401 1722 ὠφελεῖσθαι
426 1687 528 1720 πολλοὶ,
551 1687 585 1714 τὰ
599 1688 668 1722 ὑπὲρ
688 1686 750 1713 νοῦν
771 1686 843 1713 κατὰ

55 1733 131 1765 νοῦν,
148 1733 195 1759 καὶ
207 1732 241 1759 τὰ
259 1733 329 1768 ὑπὲρ
350 1732 464 1768 δύναμιν
484 1732 555 1759 κατὰ
569 1732 680 1768 δύναμιν
694 1732 842 1767 προσιέμε-

54 1787 107 1806 νοι.
134 1779 213 1805 Ἔστι
232 1778 287 1814 γὰρ
301 1779 348 1805 καὶ
371 1778 450 1805 τοῦτο
469 1778 515 1805 τοῦ
538 1778 647 1814 τρέφειν
664 1776 733 1809 εἶδος
756 1778 786 1804 οὑ
811 1777 842 1804 τὺ

52 1825 149 1861 τυχὸν,
167 1825 230 1851 ὅταν
242 1825 284 1856 τὶς
300 1824 337 1860 μὴ
353 1824 399 1859 ἀφ’
415 1823 511 1851 ἑαυτοῦ
525 1824 574 1860 τὴν
587 1824 689 1860 τροφὴν
704 1823 840 1859 χορηγῶν,

52 1873 132 1908 ὅμως
147 1871 344 1907 προμαλάσσων
355 1871 455 1906 ταύτην
472 1870 488 1906 ἢ
506 1870 748 1906 προμασσώμενος,
762 1870 842 1897 ἐπέν-

51 1925 169 1944 τευκτον
185 1917 240 1947 τοῖς
256 1915 396 1942 ἀσθενέσιν
413 1915 571 1950 ὲγκαθιστᾷ,
586 1915 635 1942 οὐκ
646 1915 728 1951 ἄλλην
740 1914 842 1951 προφέ-

54 1970 123 1998 ρων,
138 1962 189 1998 τὴν
204 1961 233 1988 δὲ
249 1957 430 1997 προκειμένην
443 1960 682 1996 κατεργαζόμενος.

89 2007 183 2041 Σοφῶς
195 2007 244 2042 μὲν
257 2005 302 2033 οὖν
318 2007 349 2033 τὸ
356 2006 475 2034 τοιοῦτον
488 2007 602 2040 ὲλογίσω
614 2006 661 2032 καὶ
675 2005 838 2042 προμηθῶς·

50 2053 125 2089 πλὴν
140 2054 187 2080 καὶ
206 2054 247 2085 είς
260 2053 335 2085 τέλος
357 2053 390 2080 ἂν
414 2054 429 2080 ὸ
452 2053 580 2088 λογισμὸς
598 2053 686 2089 ἀπέϐη
710 2053 838 2089 χρηστὸν,

50 2098 134 2134 εἴπερ
148 2097 283 2134 ἐζήτησας
291 2099 369 2126 ἄλλον
389 2098 436 2126 καὶ
456 2099 507 2125 οὐκ
522 2100 582 2134 ἐμὲ,
594 2100 641 2125 καὶ
662 2099 740 2134 λόγον
760 2097 840 2135 εὗρες

50 2144 100 2170 καὶ
126 2144 226 2179 τρόπον
250 2144 289 2179 τῷ
317 2145 457 2179 πράγματι
482 2144 664 2180 ἐξισούμενον,
682 2145 729 2171 καὶ
754 2145 838 2180 πρού-

51 2189 145 2224 τρέψω
156 2188 195 2224 τῷ
205 2188 283 2224 ἀξίῳ,
296 2189 341 2215 καὶ
350 2189 388 2224 τῷ
397 2189 461 2225 ἱερῷ
471 2188 505 2215 τὰ
514 2188 574 2224 ἱερὰ
581 2189 762 2225 ἐνεχείρησας.
779 2188 837 2216 Νῦν

49 2235 91 2265 δὲ,
115 2234 195 2261 Ἀλλ’
215 2235 272 2268 οὐχ
295 2236 312 2261 ό
328 2234 430 2269 ,βωμὸς
451 2233 526 2268 πρὸς
542 2234 576 2260 τὸ
592 2235 681 2268 ἱερόν,
702 2235 766 2269 φασί
778 2243 785 2250 ·
804 2235 837 2262 σὺ

906 992 1005 1023 tinens,
1031 995 1118 1018 totum
1141 990 1234 1025 allicit,
1249 997 1277 1020 et
1297 992 1362 1020 inibi
1379 993 1476 1026 gratiis
1497 993 1601 1029 implet,
1618 1003 1682 1023 cera

902 1036 1017 1064 rationis
1026 1043 1106 1064 aures
1117 1037 1214 1065 auium
1230 1039 1340 1066 minime
1349 1039 1520 1067 obturantem
1533 1040 1583 1075 (a),
1594 1049 1682 1076 neque

901 1088 977 1111 certe
995 1084 1138 1111 mundanis
1153 1085 1296 1113 aﬂectibus
1310 1086 1489 1120 implicatum,
1503 1088 1551 1115 sed
1566 1089 1681 1117 liberum

902 1129 1079 1156 exsistentem
1103 1134 1130 1157 et
1154 1130 1188 1157 ab
1211 1131 1283 1158 omni
1300 1139 1329 1158 re
1348 1137 1513 1167 exemptum,
1532 1141 1682 1168 omnesque

901 1175 1027 1201 audiendi
1050 1174 1193 1203 facultates
1209 1181 1236 1203 et
1250 1176 1416 1205 intellectum
1440 1179 1560 1213 patulum
1578 1180 1681 1208 haben-

902 1225 968 1251 tem,
982 1219 1015 1246 ad
1031 1221 1238 1248 convenientem
1253 1221 1356 1249 scilicet
1372 1227 1425 1250 tam
1443 1230 1537 1251 eorum
1558 1233 1620 1260 qum
1641 1227 1682 1253 di-

900 1270 1010 1297 cuntur,
1024 1268 1106 1300 quam
1123 1273 1183 1300 quae
1197 1267 1387 1302 intelliguntur
1399 1270 1609 1304 susceptionem.
1621 1272 1679 1300 Ca:-

901 1316 999 1344 terum,
1015 1319 1075 1338 cum
1101 1316 1127 1339 et
1151 1313 1240 1348 imago
1256 1314 1299 1340 illa
1315 1315 1444 1349 prazclara
1459 1317 1504 1350 sit,
1520 1317 1563 1344 cui
1581 1320 1680 1346 multos

901 1357 984 1384 etiam
1001 1357 1158 1392 frequenter
1168 1360 1267 1388 artifex
1286 1361 1396 1388 adhibet
1411 1363 1527 1395 colores,
1547 1368 1574 1391 et
1589 1372 1680 1392 sermo

900 1402 945 1430 ille
958 1405 1130 1439 perspicuus,
1145 1406 1187 1432 cui
1206 1406 1289 1433 multa
1312 1407 1394 1434 etiam
1411 1408 1467 1443 alii,
1479 1414 1507 1436 et
1524 1418 1594 1445 saepe
1609 1412 1678 1438 dun-

899 1452 974 1475 taxat
998 1449 1218 1484 conjecturantes
1241 1459 1302 1486 qme
1326 1452 1466 1487 dicantur,
1494 1458 1679 1490 superaddere

897 1494 969 1522 haud
986 1495 1179 1530 neglexerunt;
1198 1497 1299 1525 idcirco
1314 1499 1451 1534 sapienter
1472 1502 1579 1535 quidem
1600 1505 1677 1539 cogi-

899 1545 951 1573 tas,
968 1546 996 1569 et
1007 1543 1092 1577 proba
1109 1547 1199 1570 mente
1211 1548 1255 1571 tua
1273 1545 1364 1580 digna,
1377 1546 1399 1572 si
1411 1554 1464 1581 quo
1477 1549 1558 1576 modo
1571 1549 1679 1578 divinus

897 1587 942 1614 hic
963 1587 1032 1615 liber
1056 1589 1219 1624 exPlicetur,
1240 1596 1324 1626 atque
1345 1594 1515 1621 communior
1541 1595 1588 1622 tiat
1611 1603 1677 1625 usus

896 1632 955 1667 ejus
972 1633 1149 1667 plurimorum
1168 1635 1360 1668 intellectibus,
1377 1642 1404 1664 et
1419 1638 1482 1665 inde
1505 1639 1579 1666 multi
1596 1641 1678 1673 proti-

895 1679 978 1711 ciant.
994 1687 1025 1707 ea
1044 1688 1105 1715 qua:
1119 1689 1200 1716 supra
1224 1682 1390 1711 intellectum
1415 1690 1500 1718 sunt,
1524 1689 1675 1715 secundum

895 1725 1074 1758 intellectum.
1087 1732 1114 1755 et
1129 1736 1189 1762 qua:
1205 1737 1287 1764 supra
1301 1735 1419 1765 captntn,
1434 1736 1482 1765 pro
1496 1739 1575 1767 captu
1592 1742 1677 1768 agno-

894 1777 1013 1799 scentes.
1035 1773 1081 1801 Est
1100 1772 1172 1801 enim
1194 1775 1276 1802 etiam
1293 1775 1336 1803 hic
1353 1778 1489 1805 nutriendi
1516 1780 1611 1807 modus
1625 1780 1676 1807 mi-

895 1818 967 1845 nime
982 1818 1111 1853 vulgaris,
1129 1821 1238 1855 quando
1250 1822 1312 1856 quis
1330 1829 1382 1849 non
1397 1831 1411 1849 a
1428 1825 1573 1859 semetipso
1586 1825 1676 1852 cibum

895 1865 1085 1899 suppeditans,
1108 1872 1198 1894 tamen
1223 1868 1294 1896 hunc
1318 1877 1517 1903 pnemacerans
1542 1871 1584 1898 vel
1606 1879 1676 1906 pra:-

899 1911 1060 1943 masticans,
1074 1917 1181 1948 sumptu
1196 1913 1300 1941 facilem
1316 1915 1429 1943 inﬁrmis
1444 1915 1519 1949 facit,
1528 1924 1579 1944 non
1592 1917 1674 1945 alium

892 1955 1065 1989 proferendo,
1081 1956 1128 1984 sed
1140 1959 1306 1993 propositum
1321 1960 1479 1994 subigendo.

927 1999 1072 2035 Sapienter
1094 2003 1188 2037 utique
1209 2003 1273 2037 quid
1297 2004 1386 2033 simile
1408 2006 1533 2040 cogitasti
1554 2015 1585 2035 ac
1610 2015 1675 2042 pro-

892 2046 976 2074 vide:
993 2048 1057 2082 quin
1075 2050 1103 2076 et
1122 2049 1202 2076 ﬁnem
1229 2048 1285 2077 luce
1305 2051 1434 2086 cogitatio
1456 2053 1557 2081 bonum
1578 2056 1674 2083 sortita

892 2092 972 2126 foret,
988 2094 1010 2121 si
1026 2094 1199 2128 qnzesivisses
1213 2096 1306 2130 alium,
1318 2102 1346 2125 et
1359 2105 1411 2125 non
1427 2106 1481 2131 me,
1496 2108 1528 2127 ac
1539 2101 1672 2129 rationem

896 2141 1045 2174 reperisses
1061 2145 1089 2167 et
1110 2141 1220 2169 modum
1237 2142 1300 2169 huic
1323 2144 1432 2177 negotio
1453 2147 1672 2180 convenientem.

890 2191 917 2212 et
929 2186 1148 2214 concredidtsses
1161 2187 1253 2222 digno,
1266 2196 1400 2224 sacroque
1413 2197 1488 2218 sacra
1503 2192 1670 2222 tradidisses.

891 2230 969 2258 Nunc
985 2236 1089 2265 autem,
1106 2232 1164 2260 Non
1180 2237 1232 2266 est,
1249 2233 1384 2268 inquiunt.
1399 2235 1451 2263 hoc
1463 2236 1549 2264 altare
1565 2245 1613 2272 pro
1628 2247 1673 2265 sa-

49 2279 80 2305 δὲ
99 2279 146 2305 καὶ
167 2279 328 2315 προὺτρέψω
341 2280 387 2306 καὶ
399 2279 592 2315 παρεκίνησας,
606 2280 653 2306 καὶ
670 2282 729 2311 ταῖς
743 2280 836 2315 εὐχαῖς

898 2277 994 2304 :riiicio
1010 2285 1016 2303 :
1035 2282 1062 2305 ttt
1079 2285 1144 2306 vero
1162 2279 1245 2306 etiam
1260 2280 1422 2308 adhortatus
1435 2289 1476 2314 es,
1491 2287 1520 2310 et
1530 2284 1668 2317 excitasti,

48 2325 89 2356 ὡς
106 2322 162 2357 οἷός
182 2333 211 2351 τε
234 2325 449 2361 παρεθάῤῥυνας,
466 2325 504 2356 ὡς
520 2326 552 2352 ἂν
570 2326 730 2361 εὐεργετῶν,
748 2327 832 2361 ἡμᾶς,

47 2364 143 2406 οἶμαι,
163 2371 196 2406 τῇ
211 2371 260 2406 τῆς
274 2371 394 2405 ἐφέσεως
415 2370 541 2406 κοινωνία
555 2370 715 2404 πλουτίζων,
732 2371 780 2398 καὶ
801 2371 832 2397 οὐ

47 2415 177 2441 τοσοῦτον
188 2414 232 2441 διὰ
243 2415 273 2442 τὸ
289 2416 421 2451 ἡμέτερον
440 2415 550 2446 ἀσθενὲς
569 2416 725 2451 ἁπήλπισας
738 2436 746 2449 ,
771 2417 832 2443 ὅσον

47 2461 94 2488 διὰ
112 2461 164 2496 τὴν
184 2461 232 2487 τοῦ
252 2461 320 2488 Θεοῦ
339 2462 419 2498 χάριν
442 2462 575 2497 ἧλπισας,
598 2459 629 2488 οῦ
649 2462 699 2498 τὴν
720 2462 832 2497 δύναμιν

48 2508 149 2543 μᾶλλον
173 2507 202 2532 ὲν
224 2506 351 2542 ἀσθενείᾳ
372 2506 538 2534 τελειοῦσθαι
559 2507 720 2542 κατέμαθες.
749 2507 780 2533 Τί
804 2506 833 2534 δὲ

47 2555 128 2589 ἡμεῖς
149 2553 219 2589 πρὸς
240 2552 365 2580 τοσοῦτον
379 2553 429 2589 τῆς
444 2553 670 2588 παρακελεύσεως
696 2550 810 2588 μέγεθος
823 2572 831 2586 ,

46 2600 104 2626 δέον
127 2599 275 2634 ιλιγγιᾶσαι
300 2600 345 2626 καὶ
362 2599 505 2632 ἅπειπεῑνς
530 2599 599 2626 Ἀλλ’
616 2597 672 2631 οὖν,
692 2599 743 2626 οὐκ
762 2598 829 2635 ιοῖδα

46 2647 135 2679 ὅπως,
164 2647 215 2682 τῆς
234 2645 371 2682 ἡμετέρας
389 2645 529 2678 ἀσθενείας
553 2645 756 2681 ἐπιλαθόμενοι,
784 2644 831 2673 καὶ

45 2693 75 2719 τὸ
88 2692 184 2720 Γνῶθι
199 2693 315 2720 σαυτὸν
338 2693 509 2728 παριδόντες,
528 2692 584 2719 ὅλοι
600 2692 654 2719 τῶν
676 2692 730 2719 σῶν
750 2692 830 2726 γεγό-

46 2747 128 2773 ναμεν
151 2739 323 2774 προσταγῶν,
351 2739 397 2765 καὶ
421 2739 459 2771 ὡς
479 2740 561 2774 πατρὶ
584 2738 691 2770 παῖδες,
717 2738 764 2765 καὶ
791 2739 830 2770 ὡς

47 2784 161 2820 μαθηταὶ
181 2785 351 2820 διδασκάλῳ,
382 2785 430 2811 καὶ
454 2785 492 2816 ὡς
515 2784 632 2820 δεσπότῃ
661 2783 828 2820 θεράποντες

78 2842 115 2877 (a)
129 2841 219 2877 Ycrtit
229 2841 374 2869 Corderius
384 2841 694 2877 quasiGrmcelegisset:
705 2840 736 2867 οὺ
752 2841 829 2876 κηρῷ

43 2876 80 2911 τῷ
91 2876 138 2904 τοῦ
154 2877 269 2911 λόγου...
289 2877 471 2912 φραξάμενον.
485 2876 550 2912 Sed,
561 2876 742 2912 mea_qu»idem
768 2883 831 2912 sen-

46 2910 84 2938 ιω.
90 2914 134 2945 tia,
146 2910 261 2948 legendo
267 2921 290 2939 In
296 2910 320 2940 VG
326 2910 392 2940 me
404 2912 447 2939 ιοὺ
458 2910 545 2946 κηρῷ,
554 2910 584 2937 τὸ
592 2910 637 2937 τοῦ
644 2910 817 2946 λόγου,κ.τ.λ.
824 2931 832 2944 ,

887 2328 915 2350 et
932 2323 1175 2358 postulationibus,
1190 2332 1322 2360 quantntn
1335 2327 1394 2355 ﬁeri
1408 2332 1526 2362 poterat,
1541 2331 1670 2358 animasti

889 2371 1019 2402 tanquam
1030 2369 1199 2402 benefactor,
1216 2378 1276 2404 nos,
1290 2377 1318 2398 ut
1329 2373 1436 2407 opinor,
1450 2373 1530 2409 hujus
1541 2374 1668 2403 desiderii

888 2414 1082 2442 communione
1097 2414 1213 2449 beando,
1228 2421 1256 2443 et
1271 2424 1326 2444 non
1341 2422 1444 2445 tantum
1461 2425 1561 2446 nostrae
1583 2420 1669 2447 inthc-

887 2459 993 2487 ciltitati
1008 2459 1113 2488 diﬂisus
1140 2468 1181 2490 es.
1203 2467 1336 2496 quantum
1359 2463 1405 2490 Dei
1422 2465 1517 2499 gratia:
1536 2465 1667 2497 conﬁsus.

887 2505 966 2539 cujus
979 2506 1107 2534 virtutem
1127 2507 1212 2542 magis
1232 2508 1258 2534 in
1275 2509 1432 2537 inﬁrmitate
1452 2510 1544 2545 perlici
1565 2518 1668 2546 cogno-

887 2553 961 2581 visti.
987 2553 1057 2586 Quid
1081 2561 1163 2588 porro
1180 2563 1229 2583 nos
1251 2556 1285 2582 ad
1309 2560 1411 2583 tantam
1435 2557 1596 2584 adhortandi
1612 2558 1666 2585 vim

886 2604 1049 2634 oportuerat
1073 2601 1185 2636 percelli
1201 2606 1229 2629 et
1247 2602 1393 2629 recusare?
1406 2601 1596 2631 Verumtamen
1612 2611 1666 2631 non

885 2646 944 2673 scio
969 2647 1106 2680 quomodo
1135 2653 1236 2675 nostra:
1256 2647 1450 2676 imbecillitatis
1474 2649 1561 2682 obliti,
1583 2655 1666 2685 atque

885 2689 961 2723 illud,
978 2689 1064 2719 Nosce
1080 2693 1201 2726 teipsum,
1220 2693 1398 2729 negligentes,
1417 2695 1464 2721 toti
1484 2695 1517 2722 ad
1540 2700 1583 2722 tua
1599 2695 1662 2722 fat-ti

884 2744 979 2765 sumus
998 2738 1122 2772 imperia,
1137 2743 1165 2766 et.
1180 2744 1308 2773 tanquam
1330 2741 1399 2775 patri
1416 2740 1461 2767 lilii
1475 2761 1482 2773 ,
1495 2746 1521 2768 et
1535 2746 1662 2775 tanquam

882 2783 1008 2819 discipuli
1030 2784 1178 2820 Magistro,
1203 2790 1229 2812 et
1245 2785 1316 2813 sicut
1337 2787 1408 2814 servi
1432 2788 1540 2815 domino
1570 2795 1661 2815 sumus

882 2840 978 2869 Latine
989 2849 1070 2870 vero:
1088 2843 1204 2873 Geram!
1219 2843 1411 2878 aiunt/nbula,
1424 2853 1501 2871 aures
1512 2844 1608 2871 animm
1615 2845 1660 2871 ob-

884 2878 1167 2905 lurantem.C:eterum
1179 2887 1232 2905 non
1248 2881 1329 2906 semr-I
1342 2880 1470 2906 dormitat
1486 2878 1659 2906 doctissimus

884 2911 1029 2947 interpres,
1045 2918 1073 2940 ut
1086 2913 1293 2941 ereecallcnti
1311 2915 1423 2948 patebit.
1441 2915 1518 2941 lion.
1539 2914 1655 2941 ιἈτιιοι..
