1925 3070
229 164 275 192 ΙΙΙ

793 162 822 190 S.
844 162 947 190 DIONY
952 162 1029 191 SIUS
1047 163 1278 193 AREOPAGITA.

1788 167 1833 197 ll!

228 224 352 250 obsecuti
368 242 375 254 ,
407 222 472 250 nulli
498 221 609 251 omnino
634 221 729 254 alteri,
745 229 825 257 quam
842 223 895 250 luis
909 223 1010 250 sanctis

1064 224 1346 260 κατηκολουθήσαμεν,
1359 224 1445 251 οὐδενί
1467 233 1498 259 γε
1519 223 1627 256 πάντως
1642 224 1738 261 ἑτέρῳ,
1753 223 1768 260 ἢ
1781 226 1833 257 ταῖς

230 268 338 302 piisque
371 267 574 302 precationibus
603 266 718 298 conﬁsi,
750 267 864 302 quibus,
897 268 1010 302 opinor,

230 315 311 342 etiam
332 314 506 342 invisibiliter
527 312 647 345 suﬂ'ulti,
666 312 744 341 facile
767 314 819 341 hoc
838 322 907 350 opus
929 315 1013 343 susti-

232 360 350 387 nuimns.

267 404 370 439 Ecquid
384 405 456 432 enim
480 404 675 432 mirumieum
699 405 781 432 etiam
808 412 874 433 voce
898 405 1010 434 dimissa

229 450 295 478 Elia:
311 450 344 477 ad
356 450 486 482 Eiisenm,
502 450 594 477 statim
611 450 665 482 hic,
681 455 710 477 et
724 450 806 477 boves
818 450 889 482 illos,
907 456 933 478 et
948 458 1007 477 ara-

229 501 270 522 tra
284 515 292 528 ,
308 500 335 522 et
351 503 458 522 omnem
473 495 670 530 supellectilem
693 495 773 522 aliam
789 495 933 530 abjiciens,
957 504 1011 530 quo

227 542 311 574 pedes
325 540 459 574 ferebant,
474 546 535 576 post
556 546 698 569 vocantem
719 542 879 575 cucurrerit,
905 543 1010 570 tametsi

228 594 337 622 quoque
355 588 438 615 boves
458 588 526 615 istos
548 587 686 616 sacriﬁcio
709 588 881 616 destinasset.
911 589 1011 617 Eodem

230 633 310 660 modo
324 632 407 659 etiam
425 639 491 664 nos,
508 632 685 660 stecularibns
701 633 788 660 turbis
804 641 836 660 ac
853 634 1012 661 tumultibus

232 678 374 712 neglectis,
388 678 437 705 toti
454 678 480 705 in
498 686 552 705 uno
568 679 657 706 studio
673 678 782 710 fuimus,
798 678 868 713 quod
884 679 1010 706 nimirum

231 725 320 751 sacris
332 723 445 751 Litteris
458 724 687 751 consecravimus.
699 724 853 751 Edisseram
866 725 946 751 etiam
960 725 1011 751 hoc

228 777 372 802 arcanum,
398 769 526 804 quoniam
550 777 656 804 quoque
680 777 786 797 verum.
810 770 884 796 Adeo
906 770 1012 797 deditus

227 823 302 842 cram
318 815 380 843 huic
401 816 520 850 negotio,
535 819 563 843 et
579 815 620 842 sic
637 815 773 850 rapicbar,
789 820 817 842 ut
831 815 911 842 etiam
926 822 1012 849 smpe-

228 869 340 888 numero
354 862 525 889 sermonibus
541 866 697 893 vacantem,
713 862 869 888 exclamare
893 869 934 888 tne
948 869 1012 888 con-

1064 271 1123 301 σαῖς
1136 270 1228 304 ἁγίαις
1242 271 1334 305 εὐχαῖς
1348 270 1394 297 καὶ
1408 269 1559 297 θεοπειθέσι
1578 270 1769 306 θαρρήσαντες,
1785 267 1832 302 αἶς,

1063 312 1148 350 οἶμαι,
1160 316 1206 342 καὶ
1218 316 1339 352 ἀοράτως
1350 316 1523 352 ἐπαρθέντες,
1536 315 1635 352 ῥαδίως
1651 315 1799 352 ὑπέστημεν
1807 315 1834 343 τὶ

1063 360 1226 397 ὲγχεέριῑμιαι⁸

1099 406 1154 432 Καὶ
1181 406 1208 432 τί
1234 405 1289 442 γὰρ
1315 406 1406 440 Εένον;
1428 406 1495 433 ὅπου
1517 406 1563 433 καὶ
1589 406 1639 442 τῆς
1664 406 1756 441 σωνῆς
1781 407 1835 433 ὲπι-

1065 451 1237 487 πεμφθείσης
1247 452 1295 487 τῆς
1315 451 1402 479 Ἡλίου
1412 452 1450 488 τῷ
1466 450 1783 488 Ἐλισσαίῳ,εὐθὺςοῦτος
1794 453 1836 480 καὶ

1065 497 1128 533 βόας
1141 497 1269 530 ἐκείνους,
1291 498 1338 524 καὶ
1350 498 1461 533 ἄροτρα,
1477 497 1523 524 καὶ
1535 499 1623 524 πᾶσαν
1640 497 1739 532 σκευὴν
1751 497 1836 534 ἑτέραν

1065 543 1279 580 ἀποσεισάμενος
1288 565 1295 576 ,
1345 543 1432 570 ποδῶν
1447 541 1530 579 εἶχεν,
1542 544 1628 570 ὀπίσω
1642 543 1688 570 τοῦ
1700 543 1836 575 καλοῦντος

1065 590 1227 626 ἐπέδραμεν,
1235 591 1258 616 εἰ
1270 587 1298 616 δὲ
1309 589 1355 616 καὶ
1367 588 1430 624 βόας
1439 589 1541 621 ἐκεῖνος
1555 588 1747 624 [ΐσ.ὲκείνους]
1763 588 1838 623 ίέρευ-

1066 645 1105 664 σε.
1115 636 1219 671 Τρόπον
1228 635 1273 662 τὸν
1289 634 1369 661 αὑτὸν
1384 635 1429 661 καὶ
1441 635 1532 670 ἡμεῖς,
1548 634 1611 666 τοὺς
1626 634 1766 669 βιωτικοὺς
1775 642 1838 669 τιαρ-

1066 680 1163 712 ιδόντες
1170 680 1299 716 θορύϐους
1311 681 1357 707 καὶ
1372 689 1403 706 τυ
1409 679 1555 715 ρϐασμοὺς,
1567 679 1620 706 ὅλοι
1635 679 1767 715 μερίμνης
1781 679 1838 714 μιᾶς

1065 726 1221 762 ἐγενόμεθα,
1237 727 1269 762 ἢν
1283 725 1314 761 δὴ
1332 726 1379 752 καὶ
1393 726 1450 757 τοῖς
1469 726 1552 761 ἱεροῖς
1568 724 1674 759 Λογίοις
1692 724 1838 760 ἀφιερώσα-

1065 781 1125 808 μεν.
1147 771 1261 804 Ἐξείπω
1287 770 1332 797 καὶ
1351 769 1381 796 τὺ
1402 770 1567 806 ἀπόρρητον,
1596 769 1636 796 ὅτι
1669 769 1715 796 καὶ
1731 769 1837 804 ἀληθέςο

1063 817 1188 844 τοσοῦτον
1201 816 1332 851 ἐγενόμην
1345 814 1391 841 τοῦ
1407 815 1576 850 πράγματος,
1590 814 1636 841 καὶ
1651 814 1736 846 οὕτως
1749 815 1838 846 ἑάλων,

1064 864 1135 890 ὥστε
1152 862 1198 889 καὶ
1211 860 1344 896 πολλαχοῦ
1361 860 1415 887 τῶν
1428 860 1513 894 λόγων
1525 859 1693 895 σχολάσαντι,
1706 859 1839 893 διαφωνεῖν

228 907 332 941 tigerit,
345 908 408 934 dum
424 908 609 942 expenderent
634 907 698 935 hinc
721 914 849 934 sensuum
871 907 1010 941 profundi-

1064 918 1108 945 μοι
1126 908 1282 939 συνέϐαινε,
1303 905 1476 934 κατανοοῦντι
1499 905 1574 932 ἔνθεν
1589 905 1619 932 τὺ
1631 905 1685 931 τῶν
1702 905 1840 940 νοημάτων

229 956 324 982 tatem.
337 951 400 979 ittde
417 952 558 986 theologiae
571 951 782 984 sublimitatem;
800 952 844 979 hic
865 952 891 978 in
910 951 1012 980 divinis

230 997 432 1030 eruditionem.
462 997 517 1024 illic
541 997 568 1024 in
597 997 764 1031 explicandis
791 997 1012 1029 accurationem,

233 1043 297 1070 alibi
314 1043 539 1075 moderatiortem,
555 1043 615 1071 alibi
629 1043 749 1071 nutninis
762 1043 939 1076 alllationem,
953 1043 1013 1070 ubi-

231 1097 284 1124 que
300 1089 471 1117 divinitatem
484 1093 512 1117 et
527 1089 712 1116 securitatem.

251 1135 320 1169 Quid
329 1137 435 1162 dcmum
442 1143 491 1170 ego
499 1134 595 1162 faciam
604 1135 654 1162 nisi
663 1139 740 1170 prato
747 1134 911 1163 fertilissima
920 1134 1012 1162 Sancti

229 1181 309 1215 hujus
322 1181 422 1215 scripta
431 1188 598 1215 comparem,
608 1180 643 1207 ita
653 1185 683 1207 ut
692 1180 770 1208 velim
780 1180 888 1216 quidem
897 1187 996 1214 carpen
1003 1194 1013 1201 -

228 1227 263 1252 do
278 1227 384 1253 caeteris
399 1225 582 1261 pulcherrima
593 1232 762 1260 proponere;
774 1232 826 1253 non
843 1225 947 1253 valeam
966 1233 1014 1252 au-

229 1277 293 1302 tent,
313 1272 359 1299 sed
376 1271 520 1298 immobilis
529 1270 690 1303 consistam,
701 1275 727 1297 et
735 1270 811 1305 quasi
823 1273 913 1298 mutus
921 1277 1013 1297 mane-

231 1325 261 1344 re
272 1324 353 1352 cogar
364 1325 418 1352 prae
430 1317 524 1351 gratiae
532 1316 681 1344 varietate?
690 1316 735 1344 Sic
745 1324 795 1352 ego
804 1324 856 1344 non
869 1317 1011 1351 interpres,

230 1371 283 1390 non
296 1364 500 1398 paraphrastes,
512 1364 558 1390 sed
574 1363 682 1390 auditor
693 1370 763 1390 sum.
776 1362 902 1398 Magnum
914 1370 979 1390 sane
989 1363 1011 1390 si

227 1410 271 1437 vel
287 1415 372 1446 mysta
389 1410 451 1436 tiam
468 1409 619 1437 caelestium
647 1409 772 1436 tubarum
783 1428 791 1441 ,
817 1413 939 1437 attamen
957 1417 1011 1436 non

230 1457 301 1484 illico
317 1464 349 1483 ac
364 1460 475 1490 repente
498 1455 681 1483 insonantium
696 1455 741 1488 (ne
758 1455 822 1482 hinc
835 1455 917 1482 etiam
931 1457 1012 1490 spiri-

230 1503 309 1530 tualis
329 1502 443 1529 facultas
461 1501 588 1528 audiendi
613 1501 806 1527 detrimentum
828 1500 940 1535 capiat),
963 1501 1011 1529 sed

228 1548 328 1576 sensim
338 1552 365 1575 et
378 1547 505 1582 paulatim
518 1546 718 1582 penetrantium
734 1546 768 1573 ad
782 1545 948 1573 intintiorem
965 1553 1012 1573 co-

228 1594 359 1628 gnitionis
375 1601 483 1621 sonum.
505 1593 554 1626 Qui
572 1599 637 1619 sane
661 1592 756 1619 modus
776 1596 817 1619 est
838 1592 953 1619 vacandi
977 1592 1010 1618 ab
1024 1583 1047 1612 θ

227 1640 366 1671 omnibus,
390 1643 417 1665 et
441 1637 606 1665 intellectum
629 1636 782 1671 applicandi
805 1637 839 1664 ad
860 1644 903 1664 res
926 1638 1011 1664 maxi-

228 1693 296 1718 mas,
321 1685 421 1713 sensim
445 1684 489 1711 illa
505 1691 565 1718 qua:
589 1682 778 1717 intelliguntur
800 1683 963 1718 subigendo,
985 1688 1012 1710 et

228 1731 336 1758 tandem
364 1730 513 1765 perfectam
538 1729 719 1764 cognitionem
746 1736 808 1755 cum
831 1734 1011 1764 cognoscente

228 1777 390 1812 copulando.
408 1777 462 1804 Hoc
477 1780 567 1803 autem
585 1775 650 1802 mihi
667 1775 782 1802 contulit
804 1775 934 1810 propositi
956 1782 1011 1802 sco-

227 1831 291 1857 pus,
307 1824 369 1850 dum
386 1822 490 1857 singula
506 1821 651 1848 considero
673 1828 733 1855 qua:
755 1820 892 1847 dicuntur.
917 1820 1011 1855 Neque

228 1870 319 1896 minus
330 1870 402 1903 quod
420 1868 501 1895 etiam
517 1866 684 1897 addendum,
700 1866 770 1900 quod
786 1873 950 1900 magnopere
964 1866 1011 1892 ad-

226 1915 302 1950 jutus
313 1915 377 1947 sim,
393 1913 706 1948 nntiquiores,tanquam
726 1911 816 1946 populi
832 1912 967 1943 seniores,
983 1911 1009 1938 in

229 1968 342 1988 ascensu
357 1961 391 1987 ad
404 1960 525 1986 divinum
540 1957 711 1993 mystagogize
725 1963 845 1984 montem
861 1957 1009 1991 sequendo.

229 2007 283 2041 Qui
297 2014 364 2034 sane
379 2006 441 2033 dum
462 2005 554 2032 Sancti
577 2002 655 2037 hujus
667 2002 767 2037 scripta
784 2002 1008 2036 interpretantur,

228 2054 299 2079 viam
312 2059 345 2078 eo
358 2050 513 2079 tendentem
528 2051 593 2077 mihi
611 2054 812 2085 exposuerunt,
825 2050 860 2076 ac
875 2055 917 2075 me
932 2056 1011 2075 secu-

230 2106 290 2126 rum
307 2097 500 2129 reddiderunt;
523 2095 699 2131 quamobrem
713 2095 796 2122 etiam
813 2093 950 2127 contendi,
966 2093 1010 2120 do-

229 2153 280 2172 nec
305 2144 487 2179 pertingerem
511 2149 543 2169 eo
563 2149 618 2177 quo
643 2141 797 2176 pertingere
822 2144 959 2175 poteram,
982 2144 1010 2166 et

228 2198 283 2226 quo
298 2189 417 2225 perveni.
436 2189 464 2215 Si
477 2188 585 2223 quidem
601 2195 684 2222 prope
694 2207 702 2220 ,
716 2191 745 2214 ut
758 2193 853 2221 spero,
871 2186 958 2221 gratia
976 2185 1011 2212 sit

228 2237 294 2269 Deo,
308 2244 323 2263 a
337 2243 392 2270 quo
406 2242 488 2262 omne
497 2234 568 2269 quod
584 2234 618 2261 ab
640 2233 796 2260 hominibus
811 2232 879 2260 bene
896 2231 935 2264 fit,
952 2238 1011 2266 gra-

230 2284 264 2311 tia
282 2283 347 2310 item
359 2282 412 2309 tuis
425 2280 527 2309 sanctis
539 2279 675 2314 precibus,
687 2279 784 2314 quibus
801 2277 896 2310 fretus,
912 2278 945 2305 ad
961 2278 1011 2304 hoc

228 2336 296 2363 opus
317 2335 361 2355 me
380 2325 497 2358 accinxi,
520 2330 548 2352 et
570 2325 670 2360 quibus
690 2323 816 2359 adjutus,
833 2330 885 2350 non
901 2322 1011 2350 omnino

227 2373 323 2409 procul
337 2380 352 2400 a
368 2374 468 2400 decoro
482 2371 619 2398 aberravi.

266 2416 343 2453 Q'uod
357 2418 379 2446 si
392 2420 444 2446 hoc
456 2417 564 2453 quidem
582 2424 646 2450 non,
662 2416 708 2443 sed
721 2415 831 2443 omnino
847 2415 941 2442 videar
955 2414 1012 2441 inu-

229 2466 284 2494 tilis
309 2469 337 2493 et
364 2464 568 2500 reprobandus,
595 2463 659 2497 quid
693 2462 747 2497 pati
777 2465 892 2494 oportet,
923 2459 1011 2486 sicubi

227 2512 351 2548 plurimis
381 2511 486 2538 hatrens
526 2508 729 2535 difﬁcultatibus
758 2511 867 2541 propter
898 2505 1011 2539 imperiv

229 2559 292 2586 tiam
314 2558 449 2593 quidpiam
467 2558 535 2583 forte
564 2563 618 2582 non
643 2560 715 2582 recte
738 2552 903 2588 attigi?hoc
921 2553 1008 2586 ipsum

227 2613 293 2633 sane
302 2612 350 2640 pro
362 2603 431 2632 virili
443 2602 522 2631 simul
533 2603 557 2628 in
571 2601 687 2628 medium
699 2599 820 2635 proferre
835 2599 946 2625 minime
963 2605 1011 2624 ne-

227 2652 308 2686 glexi.
321 2650 361 2678 Tu
373 2657 437 2676 vero
452 2649 541 2675 anima
559 2655 606 2682 per
623 2647 713 2673 omnia
730 2645 813 2672 Deum
827 2645 948 2676 imitans,
956 2651 1009 2670 non

228 2698 254 2725 id
269 2697 340 2732 quod
355 2704 388 2723 ex
400 2695 497 2723 merito
510 2700 563 2727 est,
574 2699 645 2722 recte
659 2694 726 2726 scio,
739 2699 853 2728 quaeres,
862 2691 908 2718 sed
918 2697 1010 2725 prom-

227 2748 302 2777 ptum
315 2743 434 2770 animum
455 2740 598 2773 admittes,
622 2738 841 2774 quandoquidem
857 2737 938 2763 etiam
955 2736 1009 2763 Deo

228 2789 320 2815 dicant
336 2793 443 2822 gratum
458 2794 518 2814 esse
540 2785 612 2820 quod
634 2784 784 2812 secundum
806 2784 879 2810 vires
902 2781 940 2809 ﬁt.
957 2781 1010 2808 Sed

228 2834 261 2860 de
281 2834 323 2860 bis
338 2833 446 2868 quidem
456 2832 522 2860 satis
540 2841 547 2865 ;
567 2836 696 2859 cmlerum
717 2835 823 2864 tempus
843 2833 885 2856 est
904 2836 936 2855 ea
950 2834 1011 2862 qua:

1065 955 1145 991 βάθος
1157 974 1164 986 ,
1182 953 1286 981 ἐκεῖθεν
1303 952 1334 979 τὸ
1357 952 1408 987 τῆς
1421 951 1557 986 θεολογίας
1572 951 1652 986 ὖψος·
1670 948 1720 978 ὧδε
1737 950 1767 977 τὸ
1781 950 1841 986 περὶ

1062 1000 1096 1027 τὰ
1112 999 1171 1026 θεῖα
1187 997 1405 1033 ἐπιστημονικὸν,
1422 994 1473 1024 ὧδε
1493 997 1523 1023 τὸ
1542 996 1607 1033 περὶ
1624 996 1672 1032 τὴν
1689 996 1841 1031 ἐξαγγελίαν

1063 1045 1304 1082 ἀπηκριϐωμένον·
1320 1043 1434 1079 ἀλλαχοῦ
1447 1043 1477 1071 τὸ
1491 1043 1610 1079 μέτριον,
1626 1043 1741 1078 ἀλλαχοῦ
1757 1043 1788 1070 τὸ
1800 1042 1841 1070 ἐν-

1063 1092 1133 1125 θεον,
1147 1091 1285 1126 πανταχοῦ
1297 1090 1327 1117 τὸ
1341 1090 1411 1116 θεῖον
1424 1089 1471 1116 καὶ
1488 1089 1617 1124 ἀσφαλές.

1097 1140 1154 1166 Καὶ
1178 1138 1204 1165 τί
1232 1147 1264 1173 γε
1289 1137 1352 1165 ἄλλο
1375 1136 1391 1173 ἢ
1416 1135 1528 1171 λειμῶνι
1557 1135 1700 1171 πολυφόρῳ
1722 1134 1771 1167 τὰς
1796 1134 1842 1162 τοῦ

1069 1185 1159 1220 Ἀγίου
1173 1183 1281 1220 γραφὰς
1296 1181 1499 1219 παρεικάζοντι,
1522 1181 1560 1213 ὡς
1572 1181 1711 1216 βούλεσθαι
1727 1180 1774 1217 μὲν
1784 1180 1839 1216 δρε-

1063 1231 1173 1267 πομένῳ
1186 1232 1242 1262 τοῖς
1256 1229 1344 1261 ἄλλοις
1358 1227 1514 1265 προτιθέναι
1535 1227 1570 1253 τὰ
1585 1227 1725 1260 κάλλιστα,
1743 1226 1779 1262 μὴ
1799 1225 1838 1252 δύ-

1063 1277 1158 1304 νασθαι
1166 1277 1205 1308 δὲ,
1216 1275 1271 1303 ἀλλ’
1281 1275 1444 1310 ἀκινητίζειν
1454 1270 1508 1300 οἷον
1524 1273 1568 1300 καί
1581 1272 1769 1304 ἀπενεοῦσθαι,
1779 1271 1844 1308 πρὸς

1061 1324 1092 1351 τδ
1110 1322 1229 1350 ποικίλον
1244 1321 1294 1356 τῆς
1314 1320 1441 1356 χάριτος;
1458 1320 1551 1352 Οὕτως
1566 1319 1620 1353 ἐγὼ
1636 1320 1686 1346 οὐκ
1700 1318 1843 1354 ἐξηγητὴς,

1061 1369 1092 1395 ού
1113 1366 1321 1404 παραφραστὴς,
1335 1365 1390 1392 ἀλλ’
1407 1366 1553 1402 ἀκροατής.
1574 1365 1654 1398 Μέγα
1676 1364 1740 1400 γὰρ,
1761 1364 1785 1390 εί
1799 1364 1845 1390 καὶ

1064 1414 1168 1450 μύστης
1193 1413 1247 1440 τῶν
1270 1412 1403 1449 οὐρανίων
1426 1411 1558 1447 ἐγενόμην
1582 1410 1750 1445 σαλπίγγων,
1775 1410 1844 1446 πλὴν

1061 1462 1112 1489 οὐκ
1125 1462 1204 1494 εὐθὺς
1217 1462 1262 1489 καὶ
1279 1460 1407 1496 ἐξαίφνης
1422 1458 1576 1494 ἐνηχουσῶν
1592 1457 1643 1493 (ἵν’
1660 1455 1706 1484 οὖν
1721 1456 1845 1483 ἐντεῦθεν

1062 1509 1106 1534 καὶ
1117 1507 1165 1543 τὴν
1176 1507 1271 1542 νοερὰν
1284 1505 1448 1540 ἀκουστικὴν
1463 1503 1699 1540 παρεϐλάϐημιεν),
1714 1502 1769 1529 ἀλλ’
1784 1500 1846 1538 ἠρέ-

1064 1561 1117 1589 μα,
1133 1552 1179 1579 καὶ
1203 1551 1273 1578 κατὰ
1300 1551 1395 1586 μικρὸν
1417 1548 1638 1586 προὸιόαζουσῶν
1657 1546 1724 1583 πρὸς
1745 1547 1775 1574 τὸ
1796 1547 1847 1582 τῆς

1062 1598 1187 1634 γνώσεως
1211 1597 1395 1633 ὲνηχέστερον.
1423 1597 1470 1627 '0;
1495 1595 1528 1630 δὴ
1551 1594 1652 1630 τρόπος
1672 1593 1767 1628 σχολῆς
1792 1590 1847 1619 ἀπὺ

1062 1646 1181 1677 πάντων,
1196 1644 1242 1670 καὶ
1257 1642 1393 1679 προσοχῆς
1411 1642 1458 1668 ἐπὶ
1473 1643 1529 1672 τοῖς
1544 1640 1682 1676 μεγίστοις
1696 1637 1755 1670 νοδς
1776 1638 1849 1665 κατὰ

1062 1691 1158 1728 μικρὸν
1170 1689 1371 1725 ἀναμάττεσθαι
1385 1687 1419 1714 τὰ
1434 1686 1575 1722 νοούμενα,
1590 1685 1636 1712 καὶ
1651 1685 1726 1716 τέλος
1745 1685 1784 1715 είς
1801 1692 1849 1710 τεδ

1060 1738 1133 1764 λείαν
1147 1736 1246 1772 γνῶσιν
1264 1734 1397 1767 ἐνίζεσθαι
1409 1733 1455 1760 τὸν
1468 1731 1643 1768 γινώσκοντα.
1659 1730 1744 1757 Τοῦτο
1756 1729 1785 1756 δέ
1802 1738 1848 1764 μοι

1061 1783 1202 1820 προύξένει
1227 1783 1241 1809 ὁ
1261 1781 1307 1808 τοῦ
1329 1779 1510 1816 προκειμένου
1526 1778 1640 1809 σκοπὸς,
1656 1778 1685 1803 ὲν
1705 1776 1849 1803 ἐπιστάσει

1060 1830 1194 1865 γινομένῳ
1207 1828 1261 1855 τῶν
1281 1826 1434 1862 λεγομένων
1448 1824 1507 1851 καθ’
1521 1824 1644 1850 ἕκαστον.
1657 1823 1694 1850 Οὐ
1708 1824 1798 1859 χεῖρον
1818 1823 1849 1849 δὲ

1061 1875 1215 1912 προσθεῖναι
1226 1874 1273 1900 καὶ
1289 1872 1378 1903 τοῦτο,
1393 1871 1433 1898 ὃτι
1447 1871 1493 1897 καὶ
1507 1869 1632 1906 μεγάλως
1647 1868 1851 1905 ὲχειραγωγούο

1062 1930 1129 1957 μην,
1143 1919 1242 1947 ὡσανεὶ
1263 1917 1327 1944 λαοῦ
1348 1916 1559 1952 πρεσϐυτέροις,
1585 1916 1641 1946 τοῖς
1661 1913 1851 1949 παλαιοτέροις

1061 1967 1192 2002 ἑπόμενος
1209 1964 1276 2000 πρὸς
1295 1963 1345 1999 τὴν
1366 1961 1412 1988 ἐπὶ
1431 1961 1461 1987 τὸ
1481 1960 1550 1987 θεῖον
1565 1960 1627 1996 ὅρος
1641 1960 1691 1994 τῆς
1705 1967 1853 1994 μυσταγωο

1060 2013 1123 2047 γίας
1143 2009 1282 2038 ἀνάϐασιν.
1301 2009 1333 2035 Οἱ
1347 2007 1378 2043 δὴ
1393 2006 1483 2034 καὶτὰ
1494 2005 1541 2032 τοῦ
1558 2006 1680 2041 μάκαρος
1694 2003 1850 2039 ἐξηγούμε-

1060 2066 1111 2091 νοι,
1127 2057 1177 2092 τῆς
1199 2054 1338 2082 ἐπὶτοῦτο
1361 2052 1497 2088 φερούσης
1521 2060 1565 2087 μοι
1581 2050 1734 2085 ἐξηγοῦντο,
1749 2050 1797 2075 καὶ
1818 2048 1851 2075 τὸ

1059 2102 1178 2137 ἀσφαλὲς
1191 2101 1320 2136 παρεῖχον
1329 2107 1335 2113 ·
1351 2098 1393 2132 ἐφ’
1405 2098 1473 2133 ὅπερ
1486 2096 1532 2123 καὶ
1546 2094 1704 2131 ὀρμηθείην,
1720 2093 1773 2124 ἓως
1785 2093 1854 2137 ὁδηῗ

1060 2136 1190 2184 γούμενος
1215 2145 1318 2181 ἔφθασα
1340 2141 1370 2170 οὗ
1394 2143 1494 2178 φθάσαι
1514 2141 1561 2168 καὶ
1578 2139 1724 2175 ἐδυνήθην,
1748 2139 1798 2165 καὶ
1817 2136 1852 2165 οὗ

1061 2195 1226 2231 κατήντησα.
1242 2192 1275 2218 El
1292 2190 1339 2226 μὲν
1352 2187 1398 2216 οὖν
1411 2188 1493 2222 ἐγγὺς
1509 2187 1559 2221 τῆς
1575 2186 1689 2231 ἐλπίδος,
1701 2184 1783 2220 χάρις
1794 2185 1857 2231 μὲν

1061 2240 1120 2275 Θεῷ
1134 2239 1198 2274 παρ’
1210 2235 1239 2264 ού
1255 2237 1308 2263 πᾶν
1323 2234 1474 2270 ἀνθρώποις
1487 2232 1518 2259 τὸ
1527 2230 1751 2275 κατορθούμενον,
1765 2230 1853 2266 χάρις

1061 2281 1089 2310 δὲ
1105 2274 1151 2310 καὶ
1164 2282 1224 2313 ταῖς
1243 2281 1302 2311 σαῖς
1318 2279 1409 2313 ἁγίαις
1425 2277 1533 2312 εὐχαῖς,
1551 2274 1595 2307 αἶς
1617 2275 1757 2311 θαρρήσας
1780 2276 1855 2302 ἀπε-

1060 2328 1183 2363 δυσάμην
1207 2325 1274 2361 πρὸς
1295 2324 1326 2350 τὺ
1342 2320 1492 2357 ἐγχείρημα
1504 2340 1511 2352 ,
1528 2320 1574 2346 καὶ
1587 2316 1632 2351 αἷς
1646 2318 1834 2355 βοηθούμενος
1844 2338 1853 2350 ,

1060 2375 1091 2402 οὒ
1106 2374 1200 2409 πόρρω
1213 2369 1351 2400 παντελῶς
1365 2367 1517 2403 ἐξετράπην
1532 2365 1579 2392 τοῦ
1595 2365 1709 2396 δέοντος.

1097 2419 1128 2445 Ei
1142 2418 1170 2444 δὲ
1186 2416 1266 2443 τοῦτο
1281 2415 1328 2450 μὲν
1346 2414 1376 2440 οῦ
1386 2433 1393 2445 ,
1410 2413 1499 2447 πάντη
1511 2411 1540 2438 δὲ
1557 2410 1667 2446 φανείην
1686 2409 1856 2444 ἀλυσιτελὴς

1062 2465 1109 2491 καὶ
1125 2462 1269 2497 ἀδόκιμος,
1283 2459 1312 2486 τί
1331 2458 1383 2494 χρὴ
1400 2457 1505 2488 παθεῖν,
1526 2456 1554 2483 εῐ
1578 2465 1629 2482 που
1645 2455 1753 2486 πολλοῖς
1769 2455 1856 2480 ἀνια-

1064 2511 1118 2546 ροῖς
1131 2507 1198 2543 πρὸς
1211 2507 1245 2542 τῇ
1262 2504 1365 2540 ἀμαθίᾳ
1381 2502 1585 2538 συνισχημένος,
1595 2501 1625 2528 τὸ
1638 2501 1718 2535 τυχὸν
1730 2500 1761 2527 οὑ
1778 2508 1852 2526 κατ-

1061 2554 1196 2589 ιῖ›ρθωσα;
1215 2552 1246 2577 τὸ
1266 2549 1329 2584 γοῦν
1350 2548 1418 2584 πρὸς
1443 2547 1534 2582 ἰσχύος
1566 2548 1640 2582 ὅμως
1661 2546 1857 2581 προσαγαγεῖν

1063 2600 1112 2625 οὐκ
1126 2596 1282 2631 ἀπώκνησα.
1296 2595 1332 2621 Σὺ
1349 2594 1377 2620 δὲ
1395 2594 1411 2628 ἡ
1428 2592 1463 2619 τὰ
1480 2593 1567 2619 πάντα
1582 2591 1654 2627 ψυχὴ
1670 2590 1856 2626 θεομίμητος.

1063 2645 1093 2671 οὐ
1109 2644 1139 2670 τὸ
1155 2642 1214 2669 κατ’
1227 2641 1314 2673 ἀξίαν,
1333 2637 1362 2666 εὖ
1376 2637 1444 2669 οἶδα,
1460 2638 1596 2673 ζητήσεις,
1615 2636 1670 2662 ἀλλ’
1683 2635 1806 2671 ἀποδέξῃ
1823 2635 1859 2661 τὸ

1063 2689 1215 2725 πρόθυμον·
1238 2686 1298 2712 ἐπεὶ
1318 2685 1365 2711 καὶ
1383 2683 1442 2718 Θεῷ
1459 2691 1524 2718 φασι
1542 2682 1616 2716 φίλον
1634 2681 1665 2707 τὺ
1683 2679 1755 2707 κατὰ
1767 2679 1860 2706 δύνα-

1065 2744 1119 2770 μιν.
1143 2732 1222 2759 Ἀλλὰ
1243 2731 1346 2757 τούτων
1370 2730 1416 2764 μὲν
1436 2728 1495 2759 ἃλις
1509 2748 1515 2758 ,
1534 2727 1629 2762 καιρὸς
1649 2727 1676 2752 δὲ
1698 2725 1794 2752 λοιπὸν
1819 2725 1861 2751 τὰ

1063 2779 1134 2807 κατά
1155 2779 1200 2805 τὺν
1227 2777 1312 2812 μέγαν
1335 2775 1469 2802 Διονύσιον
1486 2773 1619 2804 ἐνθεῖναι,
1636 2773 1686 2799 ὅσα
1707 2771 1778 2806 δῆτα
1804 2771 1861 2798 καὶ

1063 2826 1118 2855 τοῖς
1135 2821 1258 2852 παλαιοῖς
1275 2821 1422 2856 ἱστόρηται.

229 2882 262 2908 ad
281 2864 407 2916 magnum
422 2882 578 2917 Dionysium
603 2879 741 2915 pertinent
762 2877 932 2914 exponendi,
955 2883 1014 2911 quin
1028 2878 1103 2903 certe
1117 2873 1199 2901 etiam
1215 2871 1250 2899 ab
1268 2869 1386 2904 antiquis
1403 2866 1520 2896 historiae
1534 2864 1660 2892 mandata
1675 2867 1748 2891 sunt.
