1925 3070
83 173 140 202 115

781 172 1048 202 PROLEGOMENA.

1650 171 1700 198 “4

120 229 177 264 Τὴν
192 228 280 255 τοίνυν
294 228 440 262 εὐγένειαν,
456 228 501 255 καὶ¹
514 228 543 256 τδ
555 229 583 256 ὲν
596 229 703 264 πλούτῳ
724 229 866 265 περιφανὲς

956 228 1129 255 Nobilitatem
1144 228 1236 263 igitur,
1253 231 1279 254 et
1295 227 1415 254 illustres
1427 226 1604 261 dixitiasejus
1619 228 1703 256 Athe-

84 274 168 301 αὐτοῦ
179 294 186 306 ,
208 274 237 301 τὸ
255 275 314 301 κατ’
337 274 492 310 Ἀθηναίους
510 275 656 312 παρίστησι
673 276 868 311 βουλευτήριον.

91 321 136 352 Ὠς
152 320 206 355 γὰρ
221 322 235 347 ὁ
250 320 321 352 θεῖος
337 322 445 353 Λουκᾶς
465 322 564 357 ἱστορεῖ
589 323 617 349 ἐν
639 324 699 354 ταῖς
725 322 868 357 Πράξεσιν,

84 363 126 398 εἷς
144 366 192 392 καὶ
209 364 285 397 οὗτος
298 364 332 402 ἦν
345 367 399 393 τῶν
413 367 609 402 ἀρεοπαγιτῶν.
623 368 676 394 Τοῦ
690 368 778 394 τοίνυν
796 368 869 404 ἱεροῦ

84 411 236 437 ἀποστόλου
249 411 354 438 Παύλου
369 413 428 443 ταῖς
448 412 571 447 Ἀθήναις
584 412 809 449 ἐπιδημήσαντος,
823 413 873 440 καί

83 465 138 483 τισι
155 456 209 483 τῶν
225 456 254 490 ἐξ
276 457 437 493 Ἐπικούρου
451 458 497 485 καὶ¹
510 458 564 485 τῶν
578 458 631 485 ἀπὸ
643 459 693 494 τῆς
705 460 788 490 Στοᾶς
802 467 870 495 συμ-

85 502 223 534 6αλόντος,
241 503 287 529 καὶ
302 503 347 530 τὸν
367 503 444 537 λόγον
463 503 513 538 τῆς
532 504 659 540 ἀληθείας
675 504 868 540 κηρύττοντος,

83 549 157 580 τινὲς
170 548 225 575 τῶν
239 549 327 575 ἐκεῖσε
344 549 494 584 φιλοσόφων
507 549 599 576 τοῦτον
612 550 756 585 συσχόντες
768 551 813 577 ἐπὶ
823 551 868 578 τὸν

87 595 195 630 Ἀρειον
216 595 307 628 Πάγον
325 595 478 630 ἀπήγαγον,
495 595 572 627 δίκας
619 593 655 623 ὧν
680 596 868 634 ἐδημηγόρησε

85 638 215 666 δώσοντα.
237 638 318 665 Ἀλλὰ
334 639 443 666 κάκεῖσε
461 639 629 676 δημηγορεῖ,
650 643 697 668 καὶ
716 643 766 678 τῆς
787 643 867 670 αὐτοῦ

85 683 162 714 θείας
177 682 299 719 γλώττης
314 683 424 720 θήραμα
437 684 570 719 γίνονται,
587 687 634 713 καὶ
654 686 726 714 ἄλλοι
751 688 799 722 μὲν
819 689 868 715 οὐκ

84 729 188 763 ὀλίγοι,
203 728 271 755 ἀλλὰ
287 729 333 755 καὶ
349 730 430 762 αὐτὸς
444 731 579 763 Διονύσιος
589 751 596 763 ,
614 732 660 759 καὶ
677 733 743 768 γυνὴ
759 733 868 768 ὀνόματι

86 775 222 811 Δάμαρις,
237 775 284 801 καὶ⁸
296 775 384 811 ἕτεροι
399 777 446 803 σὺν
462 777 561 809 αὐτοῖς.
577 777 767 813 Προστέθειται
783 778 811 805 δὲ
822 779 869 806 καὶ

84 820 116 849 τὸ
131 821 180 855 τῆς
194 821 270 854 ἀξίας
284 821 374 857 αὐτῷ·
392 823 457 857 φησὶ
474 822 538 858 γὰρ,
556 825 572 851 ό
590 824 806 859 Ἀρεοπαγίτης,
824 825 869 853 διὰ

84 867 116 893 τὺ
141 867 290 902 περιφανὲς
313 868 360 895 τοῦ
382 869 494 904 ἀνδρὸς,
511 867 605 905 οἶμαι,
626 871 654 897 ἐν
675 880 705 899 τε
726 873 806 908 σοφίᾳ
821 873 868 899 καὶ

922 275 1056 302 niensium
1084 274 1135 302 iste
1165 279 1276 302 senatus
1302 273 1434 301 declarat.
1469 273 1699 306 Quemadmodum

920 320 992 347 enim
1005 320 1084 347 divus
1099 319 1187 346 Lucas
1200 319 1321 346 historite
1338 319 1448 346 mandat
1463 319 1489 344 in
1506 318 1616 346 Actibus
1628 318 1660 350 ",
1677 318 1702 346 i5

919 366 1001 393 etiam
1016 373 1085 393 unus
1095 372 1153 392 erat
1171 366 1400 400 areopagitarum.
1416 363 1483 391 Cum
1496 364 1578 400 igitur
1590 370 1701 392 sanctus

920 412 1058 446 apostolus
1075 411 1175 439 Paulus
1194 412 1315 439 Athenas
1336 409 1475 445 profectus
1487 415 1575 443 esset,
1592 415 1620 437 ct
1639 418 1699 437 ctnu

920 458 1083 492 quibusdam
1098 458 1237 492 Epicureis
1250 464 1282 484 ac
1296 456 1397 483 Stoicis
1407 464 1579 490 congressus,
1589 456 1699 483 verbum

919 504 1043 530 veritatis
1076 504 1256 538 pradicant:
1284 503 1408 530 nonnulli
1443 503 1524 530 isthic
1548 502 1699 536 philosophi

919 555 979 575 eum
996 549 1255 583 comprehendentes
1271 548 1305 576 ad
1327 549 1498 583 Areopagum
1520 548 1699 581 abduxerunt,

920 601 1016 628 pmnas
1031 595 1156 621 daturum
1174 599 1286 629 propter
1306 591 1337 621 ea
1359 602 1419 628 quae
1438 594 1614 621 cotlciouatus
1628 598 1698 620 erat.

920 639 1020 667 Verum
1045 640 1128 667 etiam
1151 640 1206 667 illic
1228 640 1417 672 conciouatur,
1442 645 1468 667 et
1493 640 1590 667 divina:
1614 639 1699 674 ipsius

919 685 1015 720 lingua:
1029 686 1118 721 praada
1132 685 1209 719 llum,
1222 691 1322 721 praeter
1341 686 1408 713 alios
1424 693 1477 713 non
1491 693 1599 720 paucos,
1617 685 1697 712 etiam

919 732 975 767 ipse
991 731 1149 767 Dionysius,
1162 736 1191 760 et
1206 732 1304 759 mulier
1324 732 1434 759 nomine
1454 732 1587 765 Damaris,
1606 736 1633 759 et
1651 732 1697 758 alii

917 786 978 806 cum
996 778 1045 806 eis.
1062 778 1133 812 Quin
1151 783 1178 806 et
1195 778 1338 813 adjunctus
1353 783 1395 806 est
1414 779 1451 806 illi
1474 778 1567 805 titulus
1587 778 1699 813 dignita-

919 824 970 857 tis;
988 823 1026 850 ait
1046 825 1129 857 enim,
1151 822 1328 860 Areopagita,
1352 823 1386 851 ob
1408 823 1550 855 illustrem,
1573 827 1602 850 ut
1622 823 1697 850 arbi-

920 874 987 902 tror,
1003 869 1054 896 viri
1070 869 1240 902 sapientiam,
1269 874 1296 896 et
1320 868 1440 901 divitias,
1456 876 1488 895 ac
1500 868 1579 895 tertio
1588 873 1698 903 propter

87 911 204 947 πλούτῳ,
228 913 275 940 καὶ
295 913 378 949 τρίτῳ
398 915 437 950 τῷ
460 916 510 950 τῆς
530 916 666 949 πολιτείας
681 905 866 954 ἀνεπιλήπτῳ.

919 912 1157 948 irreprehensibile
1171 913 1277 940 vivendi
1295 912 1464 940 institutum.
1487 913 1545 940 Non
1566 914 1636 940 enim
1651 921 1697 939 ett-

85 957 123 985 οὒ
145 957 200 993 γὰρ
218 958 317 990 παντὸς
335 957 370 994 ἦν
387 960 418 986 τὸ
434 961 473 992 είς
489 961 672 996 ὰρεοπαγίτας
689 963 792 996 τελεῖν,
809 963 866 990 ἀλλ’

919 958 1003 994 iusvis
1025 964 1084 986 erat
1105 958 1180 986 inter
1195 958 1372 994 Areopagitas
1394 959 1518 990 censeri,
1540 958 1587 985 sed
1617 965 1696 992 quem

84 1003 114 1029 ὃν
131 1003 164 1030 ἂν
180 1005 195 1039 ἡ
213 1004 296 1040 συχνὴ
312 1006 401 1040 σοφία,
414 1006 461 1033 καὶ
475 1008 489 1033 ὁ
502 1008 617 1043 χρηστὸς
628 1008 702 1043 βίος,
719 1010 765 1036 καὶ
781 1010 810 1036 τὸ
822 1010 868 1036 ἐπὶ

85 1049 168 1075 πᾶσιν
185 1050 365 1086 ἀνεπίληπτον
380 1051 420 1082 εἰς
434 1051 466 1078 τὸ
481 1052 600 1079 τοιοῦτον
619 1054 796 1089 προύκαλεῖτο
811 1056 868 1088 ἀξί-

84 1104 163 1130 ωμα⁶
187 1096 219 1121 ἐκ
245 1096 298 1132 γὰρ
321 1097 375 1124 τῶν
399 1097 476 1124 ἐννέα
501 1098 708 1134 καθισταμένων
731 1101 867 1136 ἀρχόντων

91 1140 232 1177 Ἀθήνῃσιν
248 1141 301 1168 ἔδει
313 1143 375 1174 τοὺς
390 1143 571 1179 ἀρεοπαγίτας
584 1143 661 1177 εἶναι,
677 1142 713 1172 ὧν
729 1147 742 1173 ὁ
754 1147 868 1182 ἀριθμὸς

84 1187 126 1217 είς
137 1186 185 1213 ἕνα
197 1187 244 1213 καὶ
257 1188 425 1223 πεντήκοντα
439 1190 578 1216 ἐποσοῦτο.

122 1230 238 1262 Ἔξωθεν
258 1232 286 1258 δὲ
302 1233 351 1268 τῆς
372 1234 474 1266 πόλεως
492 1233 526 1271 ἦν
550 1235 580 1262 τὺ
601 1236 670 1263 κατά
689 1237 735 1264 τὸν
759 1238 868 1273 ’Ἄρειον

919 1005 1001 1032 multa
1014 1006 1158 1041 sapientia,
1172 1011 1200 1033 et
1212 1006 1296 1040 proba
1311 1006 1376 1039 vita,
1391 1011 1419 1032 et
1434 1006 1461 1033 in
1475 1007 1600 1034 omnibus
1612 1006 1697 1041 culpa:

917 1050 1024 1078 vacatio
1042 1050 1074 1077 ad
1094 1055 1197 1078 tantam
1217 1056 1347 1078 evexerat
1363 1051 1522 1085 dignitatem
1539 1059 1546 1078 :
1563 1052 1696 1086 siquidem

917 1096 1032 1124 Athenis
1045 1105 1077 1124 ex
1089 1105 1185 1124 novem
1198 1097 1363 1132 principibus
1375 1098 1541 1131 constitutis,
1557 1097 1698 1133 oportebat

918 1150 978 1170 esse
991 1142 1189 1178 Areopagitas,
1218 1150 1332 1178 quorum
1357 1150 1486 1171 numerus
1509 1143 1542 1170 ad
1566 1152 1649 1171 unum
1670 1147 1696 1170 ct

917 1188 1113 1223 quinquaginta
1130 1193 1260 1215 extensus
1273 1187 1335 1215 fuit.

952 1233 1017 1261 Erat
1042 1239 1131 1262 autem
1153 1240 1230 1261 extra
1256 1241 1344 1262 arcem
1378 1234 1403 1261 in
1430 1234 1499 1262 colle
1522 1234 1617 1262 Martio
1648 1235 1696 1262 tri-

85 1277 175 1310 Πάγον
198 1278 380 1315 δικαστήριον,
397 1281 494 1316 κληθὲν
507 1281 586 1314 οὕτω,
601 1282 645 1309 διὰ
666 1283 696 1310 τδ
719 1284 764 1310 τὸν
780 1285 866 1320 Ἄρην

919 1278 1009 1312 buual,
1022 1279 1062 1307 sic
1085 1279 1262 1314 appellatum,
1284 1282 1356 1315 quod
1381 1280 1417 1308 ibi
1440 1280 1511 1308 Mars
1531 1282 1695 1308 sententiam

83 1323 173 1349 ἐκεῖσε
192 1322 305 1358 λαχόντα
328 1325 366 1360 τῷ
380 1326 522 1353 Ποσειδῶνι
542 1327 629 1362 δίκην,
647 1327 730 1363 πῆξαι
748 1329 778 1355 τὸ
802 1330 866 1357 ίδιον

919 1324 1066 1358 accepisset
1080 1324 1203 1360 Neptuno
1216 1330 1352 1360 sceptrum
1376 1326 1513 1361 propriqu
1537 1326 1645 1362 ﬁgendi,
1663 1327 1696 1354 ad

85 1368 221 1405 σκῆπτρον
242 1370 283 1404 ἐφ’
300 1367 321 1404 ᾧ
344 1371 462 1408 κριθείη,
484 1373 581 1400 ὅτιτδν
601 1373 704 1401 ἐκείνου
722 1375 778 1403 υίὸν
802 1376 866 1403 ἀπέ-

919 1370 988 1403 quod
1004 1370 1200 1398 condemnatus
1222 1370 1283 1403 fuit,
1298 1371 1368 1406 quod
1379 1371 1462 1398 lilium
1487 1371 1544 1406 ejus
1558 1371 1697 1400 Halirrho-

83 1421 188 1458 κτεινεν
208 1414 378 1451 Ἁλιρρόθιον.
401 1416 537 1449 Ἐδίκαζον
551 1417 579 1444 δὲ
610 1421 785 1455 ἀρεοπαγῖται
804 1422 866 1458 περὶ

919 1415 992 1442 thion
1006 1416 1162 1444 occidisset.
1187 1416 1348 1445 Judicabant
1372 1424 1462 1445 autem
1489 1418 1649 1453 areopagitze
1664 1419 1697 1445 de

81 1457 137 1484 τῶν
147 1458 274 1494 μειζόνων
283 1461 454 1496 σφαλμάτων,
469 1464 515 1490 καὶ
526 1464 544 1499 ἡ
552 1463 653 1492 τούτων
663 1465 753 1500 κρίσις
761 1467 810 1493 οὐκ
818 1467 866 1493 ἐδί-

919 1460 1075 1494 majoribus,
1095 1467 1175 1496 atque
1196 1462 1292 1489 horum
1315 1463 1448 1490 sententia
1467 1470 1520 1490 non
1534 1463 1698 1490 concedebat

81 1505 128 1531 δον
136 1505 175 1541 τῷ
183 1506 300 1541 κριθέντι
308 1507 355 1543 τὴν
366 1508 466 1542 ἐφεσινι
476 1509 515 1535 διὸ
523 1510 568 1536 καὶ
574 1511 611 1542 ὡς
619 1511 718 1540 καινῶν
724 1511 866 1548 δαιμονίων

919 1508 1096 1535 condemnato
1110 1507 1329 1543 appellationem.
1343 1507 1522 1539 Quamobrem
1546 1507 1696 1543 philosophi

81 1552 251 1585 καταΠελέα
263 1553 308 1579 τὸν
323 1553 458 1581 θειότατον
469 1555 518 1591 τῆς
534 1555 661 1591 ἀληθείας
674 1558 781 1593 κήρυκα
795 1558 866 1584 Παῦ-

919 1551 1042 1587 Paulum,
1053 1554 1249 1582 divinissimum
1271 1554 1394 1582 veritatis
1408 1554 1622 1589 praedicatorem,
1638 1558 1697 1580 tan-

81 1597 138 1628 λον,
154 1597 221 1632 πρὸς
232 1598 281 1633 τὴν
295 1598 326 1631 ἐξ
347 1599 451 1636 Ἀρείου
466 1601 558 1636 Πάγου
573 1602 670 1639 βουλὴν
689 1604 714 1629 οἱ
730 1603 866 1639 φιλόσοφοι

919 1605 998 1633 quam
1014 1606 1146 1626 novorum
1170 1598 1361 1627 dacmoniorum
1385 1607 1547 1635 praeconem,
1563 1599 1596 1626 ad
1610 1599 1696 1626 Areo-

81 1642 216 1670 ἕλκουσιν.
238 1644 317 1670 Ἀλλὰ
343 1645 375 1672 τὸ
399 1647 548 1681 τηνικαῦτα
578 1648 674 1684 χρόνου
697 1649 830 1684 βουλεύων
852 1651 866 1677 ὁ

919 1645 977 1680 pagi
994 1645 1138 1672 concilium
1153 1645 1274 1673 trahunt.
1292 1646 1389 1673 Verum
1408 1651 1473 1673 tunc
1495 1644 1624 1680 temporis
1634 1652 1696 1671 cum

81 1688 231 1723 πάμμεγας
243 1690 377 1722 Διονύσιος
386 1711 393 1724 ,
414 1692 524 1728 ἐκφέρει
545 1693 595 1729 τὴν
608 1694 697 1729 κρίσιν
710 1695 865 1727 ἀδέκαστον,

919 1691 1032 1719 concilio
1046 1691 1190 1720 interesset
1203 1692 1337 1719 maximus
1352 1691 1505 1727 Dionysius,
1522 1691 1626 1725 profert
1638 1698 1697 1718 seu-

81 1732 112 1762 at'a
134 1733 232 1767 λόγοις,
259 1736 316 1762 ἀλλ’
341 1737 432 1769 αὐτοῖς
453 1738 621 1774 πράγμασιν.
643 1739 792 1776 Ἐρρὦσθαι
813 1742 866 1778 γὰρ

919 1738 1028 1765 tentiam
1037 1739 1232 1773 incorruptant,
1239 1746 1292 1766 non
1300 1738 1400 1770 verbis,
1408 1737 1454 1765 sed
1465 1736 1696 1773 factisipsisﬁaut

81 1779 162 1813 ἀφεὶς
176 1780 261 1814 πάγον
275 1782 378 1809 ἐκεῖνον
399 1783 446 1809 καὶ
467 1783 607 1820 σέμνωμα,
624 1785 669 1811 καὶ
679 1787 768 1813 πᾶσαν
784 1787 866 1823 ἀλλην

919 1785 1008 1813 valere
1020 1785 1118 1820 iubens
1131 1785 1227 1812 collem
1241 1784 1327 1817 illum,
1342 1788 1370 1812 et
1383 1783 1552 1819 dignitatem,
1569 1789 1596 1812 et
1619 1783 1697 1818 quid-

82 1825 143 1851 κατ¹
158 1826 238 1853 αὑτὸν
255 1829 441 1863 περιφάνειαν,
463 1830 517 1857 τῶν
544 1831 623 1866 ίερῶν
640 1831 739 1866 ίΰγγων
763 1833 866 1868 γίνεταε

919 1831 982 1865 quid
998 1831 1024 1858 in
1040 1838 1073 1858 eo
1088 1830 1192 1859 illustre
1204 1834 1275 1861 erat.
1289 1830 1374 1858 sacris
1387 1829 1461 1856 Pauli
1476 1830 1585 1857 tioribus
1599 1835 1696 1856 conce-

82 1872 199 1905 Παύλου,
215 1874 261 1900 καὶ
283 1875 485 1910 προσκολλᾱται,
494 1876 604 1912 Χριστῷ
615 1877 647 1904 δι’
669 1878 760 1905 αὐτοῦ.
780 1879 868 1905 Τελεῖ.

81 1926 126 1944 ται
148 1918 238 1953 μέντοι
260 1919 303 1946 διὰ
326 1920 422 1947 τούτου
446 1921 482 1948 τὰ
504 1922 554 1957 τῆς
578 1923 713 1958 σωτηρίας
735 1923 865 1959 δόγματα,

81 1963 292 1998 παιδαγωγεῖται
305 1965 332 1992 δὲ
354 1966 547 1999 διδασκαλικῶς
560 1968 606 1995 καὶ
620 1968 672 1994 ὑπὸ
692 1968 730 2004 τῷ
747 1970 866 2005 μεγίστῳ

87 2009 218 2045 ἰεροθέῳ,
238 2011 275 2042 ὡς
295 2011 375 2043 αὐτὸς
396 2012 425 2038 ἐν
451 2013 556 2045 πολλοῖς
577 2014 716 2050 μαρτυρεῖ.
731 2014 797 2041 Εἶτα
819 2015 866 2042 καὶ⁸

81 2055 135 2082 ὑπὸ
154 2056 260 2083 Παύλου
285 2057 432 2090 ἐπίσκοπος
458 2059 514 2085 τῶν
546 2059 671 2096 Ἀθήνῃσι
704 2060 866 2088 πιστευσάν-

80 2108 134 2126 ¹ινων
154 2101 321 2129 καθίσταται.

116 2147 307 2177 Συντ,άττονται
313 2148 399 2176 τοίνυν
406 2149 445 2185 τῷ
457 2150 581 2186 μακαρίῳ
587 2150 726 2186 πολλὸίμέν
733 2152 777 2178 καὶ
784 2151 864 2186 ἔτερα

82 2194 293 2229 συγγράμματα,
309 2192 346 2222 ὧν
361 2195 393 2231 δὴ
407 2196 454 2223 καὶ
469 2197 562 2232 μνείαν
581 2199 697 2224 ποιεῖται
720 2198 766 2224 καὶ
788 2195 863 2229 οὗτος

918 1877 966 1909 dit,
983 1881 1010 1904 et
1028 1884 1075 1911 per
1090 1876 1175 1911 ipsum
1188 1876 1297 1904 Christo
1326 1874 1516 1911 agglutinatur.
1540 1875 1578 1901 Ac
1601 1874 1696 1901 salutis

918 1922 1025 1957 quidem
1038 1922 1171 1957 dogmatis
1188 1923 1221 1949 ab
1244 1922 1303 1956 ipso
1319 1921 1452 1954 initiatur,
1470 1921 1516 1948 sed
1540 1928 1555 1947 a
1577 1920 1695 1946 maximo

919 1969 1066 1996 Hierotbeo
1083 1968 1276 2004 magistraliter
1292 1968 1455 1997 instituitur.
1470 1966 1694 2001 quemadmodum

918 2015 1032 2049 ipsemet
1053 2014 1177 2049 plurimis
1188 2014 1256 2042 locis
1279 2018 1404 2042 testatur.
1418 2012 1591 2040 Postmodum
1614 2011 1694 2038 etiam

917 2069 931 2088 a
949 2060 1032 2088 Paulo
1046 2060 1165 2088 ﬁdelium
1177 2060 1382 2088 Atheniensium
1397 2059 1539 2094 episcopus
1553 2058 1694 2085 constitui-

916 2111 971 2135 tur.

951 2153 1082 2180 Caeterum
1096 2153 1245 2188 composita
1260 2152 1368 2179 fuerunt
1386 2151 1419 2178 ab
1435 2151 1485 2178 hoc
1501 2154 1595 2177 sancto
1611 2149 1693 2176 multa

916 2198 996 2226 etiam
1012 2199 1064 2226 alia
1084 2200 1195 2234 scripta,
1219 2205 1335 2233 quorum
1358 2204 1466 2232 quoque
1490 2196 1603 2230 ipsemet
1617 2203 1694 2222 men-

82 2240 110 2266 ὲν
125 2240 186 2270 ταῖς
209 2240 416 2276 εὑρισκομέναις
444 2242 643 2277 πραγματείαις
666 2243 759 2270 αὐτοῦ.
785 2242 864 2271 Ἀλλὰ

919 2244 1017 2274 tionem
1032 2245 1096 2272 facit
1110 2245 1135 2272 in
1158 2245 1285 2280 operibus
1308 2251 1366 2278 quae
1389 2248 1504 2271 exstant.
1524 2242 1593 2275 Quin
1617 2247 1644 2268 et
1656 2246 1695 2268 te-

81 2284 128 2310 καὶ
143 2287 317 2320 μαρτυρεῖται
345 2286 476 2318 σώζεσθαι
491 2287 585 2319 ταῦτα,
601 2289 653 2320 ἕως
675 2288 781 2321 πολλοῦ,
794 2288 864 2315 κατὰ

80 2329 130 2364 τὴν
142 2330 171 2356 ἐν
191 2330 283 2367 Ῥώμῃ
306 2331 478 2368 βιϐλιοθήκην
503 2333 704 2369 ἀνατεθειμένα.
720 2333 820 2370 Γράφει
835 2334 863 2360 δὲ

80 2376 116 2402 τὰ
139 2375 251 2403 πλεῖστα
274 2377 342 2413 πρὸς
364 2378 408 2405 τὸν
428 2379 457 2406 ἐν
478 2379 566 2414 ἁγίοις
588 2379 717 2415 Τιμόθεον
741 2379 787 2406 τὸν
809 2379 862 2406 τῶν

87 2421 217 2456 Ἐφεσίων
230 2423 386 2458 ἐπίσκοπον,
400 2425 452 2451 ὑπὸ
470 2425 523 2452 τῶν
537 2425 607 2452 κατὰ
615 2425 663 2461 τὴν
679 2426 793 2460 Ἔφεσον
812 2425 866 2460 τῆς

86 2467 207 2503 Ἰωνικῆς
219 2468 375 2503 φιλοσοφίας
388 2469 575 2506 προεστώτων,
589 2470 704 2502 ὼςείκὸς
727 2470 865 2505 πάσχοντα

80 2513 239 2550 πράγματα,
254 2515 300 2541 καὶ
311 2516 510 2552 πυνθανόμενον
521 2516 558 2548 ὡς
571 2517 710 2552 εἰδήμονος
723 2516 771 2544 τοῦ
784 2516 865 2551 ἁγίου

79 2561 129 2595 τῆς
148 2560 313 2597 ἐξωτερικῆς
325 2562 492 2597 φιλοσοφίας,
510 2563 552 2590 ἵνα
579 2563 625 2590 καὶ
649 2563 747 2599 μᾶλλον
765 2563 866 2598 ἀγωνί-

80 2606 160 2637 ζοιτο.
174 2606 338 2640 Συνάγονται
359 2608 448 2643 μέντοι
470 2609 503 2635 ἐκ
522 2609 575 2635 τῶν
598 2609 802 2645 προειρημένων
814 2606 865 2636 τοῦ

80 2650 185 2686 Πατρὺς
198 2653 419 2688 συγγραμμάτων
431 2654 478 2681 καὶ
489 2654 579 2690 ἕτερα,
593 2654 611 2681 ἂ
625 2655 673 2690 οὐχ
694 2655 865 2691 εὑρίσκονται

81 2696 145 2731 παρ’
163 2697 228 2731 ἡμῖν
240 2697 314 2723 τάδε·
330 2698 399 2731 Περὶ
434 2699 597 2734 ἀτγελικῶν
614 2699 774 2733 ιδιοτήτων,
790 2700 863 2735 Περὶ

80 2740 195 2775 ψυχῆς,
209 2743 279 2776 Περὶ
292 2742 408 2771 δικαίου
415 2744 464 2772 καὶ
482 2745 562 2773 θείου
569 2745 781 2780 δικαιωτηρίου,
790 2745 862 2781 Περὶ

120 2855 142 2871 ’⁸
158 2856 218 2884 Act.
241 2863 309 2890 xvu,
324 2857 371 2886 54.

919 2291 1046 2319 stimouio
1060 2291 1264 2326 comprobatum
1278 2295 1329 2323 est,
1346 2290 1403 2317 hare
1429 2289 1510 2324 longo
1520 2292 1644 2322 tempore
1667 2287 1693 2314 in

917 2336 1039 2364 Romana
1066 2337 1229 2364 bibliotheca
1255 2335 1399 2370 deposita,
1428 2334 1510 2361 fuisse
1544 2336 1692 2360 asservata.

918 2382 1018 2410 Scribit
1049 2388 1138 2410 autent
1164 2382 1279 2417 plurima
1305 2382 1339 2408 ad
1371 2386 1495 2408 sanctum
1524 2377 1694 2406 Timotheum

917 2427 1093 2462 Ephesiorum
1109 2428 1274 2462 episcopum,
1288 2434 1303 2454 a
1324 2426 1460 2461 primariis
1484 2425 1583 2452 ionicae
1607 2423 1694 2458 philo-

916 2473 1018 2508 sophia:
1038 2473 1232 2506 sectatoribus,
1257 2472 1355 2506 Ephesi
1377 2471 1519 2507 plurimas,
1536 2469 1573 2496 uti
1589 2469 1694 2496 verosi-

916 2518 980 2545 utile
993 2522 1044 2551 est,
1060 2517 1197 2546 molestias
1211 2518 1403 2550 sustinentem,
1423 2520 1451 2544 et
1465 2520 1588 2544 sanetum
1609 2515 1692 2546 hunc,

918 2569 1045 2598 tanquam
1070 2568 1191 2591 externae
1207 2562 1385 2598 philosophiae
1406 2561 1532 2597 peritum,
1548 2559 1690 2587 consulen-

916 2613 981 2641 tem,
1005 2612 1035 2636 ut
1050 2609 1165 2636 validius
1193 2608 1343 2636 dimicaret.
1367 2607 1535 2641 Colliguntur
1555 2612 1636 2639 porro
1656 2611 1691 2631 ex

915 2654 1052 2690 praedictis
1076 2653 1155 2688 hujus
1184 2653 1272 2681 Patris
1296 2653 1404 2688 scriptis
1432 2652 1513 2679 etiam
1539 2650 1603 2682 alia,
1631 2657 1691 2684 qua}

915 2700 984 2735 apud
999 2708 1049 2728 nos
1072 2701 1183 2727 minime
1203 2700 1386 2735 reperiuntur,
1409 2697 1534 2724 videlicet
1550 2695 1588 2723 De
1609 2702 1690 2728 ange-

915 2746 975 2773 licis
995 2746 1206 2781 proprietatibus,
1230 2746 1267 2774 De
1287 2745 1386 2777 anima,
1403 2743 1440 2771 De
1458 2744 1530 2779 justo
1552 2749 1582 2768 ac
1601 2740 1689 2767 diuino
