1925 3070
98 142 154 171 lii

633 141 675 168 DE
693 139 856 168 C(ELESTI
874 138 1098 171 HlERARCl-IIA,
1117 138 1192 166 CAP.
1212 138 1232 165 l'.

1677 139 1728 167 £22

95 208 180 236 τητα,
204 200 251 226 καὶ
270 197 392 227 θεοποιὸν
412 197 561 234 ἁπλότητα.
587 198 642 225 Καὶ
666 197 722 234 γὰρ
740 197 775 230 ἐξ
796 197 881 225 αὐτοί

942 195 1099 232 plicitatem.
1114 195 1246 229 Quoniam
1263 195 1364 230 ezipso
1386 201 1410 223 et
1432 196 1460 224 in
1476 204 1562 232 apsum
1586 202 1645 224 sunt
1669 206 1727 224 om-

95 249 197 276 πάηα
212 249 234 264 ²²
251 247 299 274 καὶ
314 248 358 280 είς
372 246 476 279 αὐτὸν,
491 245 528 278 ὡς
540 246 555 273 ό
569 245 640 281 ἱερὸς
650 245 702 281 ἐφη
716 245 803 278 λόγος.

133 405 238 432 Οὐκοῦν
257 405 360 441 Ἰησοῦν
379 405 614 441 ἐπικαλεσάμενοι,
628 406 661 433 τὸ
673 406 804 442 πατρικὸν
815 406 888 441 φῶς,

92 451 126 478 τὺ
144 451 174 479 ὃν
187 451 220 478 τὸ
235 452 382 486 ἀληθινὸν
396 452 428 485 ³³,
446 452 461 479 ὂ
483 451 596 487 φωτίζει
619 452 718 480 πάντα
733 452 889 487 ἄνθρωπον

92 497 260 532 ἐρχόμενον
274 500 318 531 είς
336 499 389 526 τὸν
405 499 528 534 κόσμον,
540 499 572 526 δι’
586 497 615 527 οὗ
628 500 677 535 τὴν
692 499 760 535 πρὸς
773 499 818 526 τὸν
836 499 887 535 ἀρ-

93 542 214 577 χίφωτον
237 543 346 579 Πατέρα
374 545 556 580 προσαγωγὴν
575 545 747 580 ὲσχήκαμεν“,
772 544 818 570 ἐπὶ
838 544 887 576 τὰς

92 587 150 613 τῶν
176 588 328 623 ίερωτάτων
347 589 445 623 λογίων
469 590 725 626 πατροπαραδότους
740 589 886 626 ἑλλάμψεις

93 633 134 664 ὡς
154 634 263 668 ἐφικτὸν
276 635 478 671 ἀνανεύσωμεν,
493 635 600 668 καὶτὰς
613 635 658 662 ὑπ’
676 635 765 662 αὐτῶν
786 636 886 672 συμϐο-

93 677 180 711 λικῶς
192 680 256 715 ἡμῖν
270 681 317 707 καὶ.
335 681 513 716 ἀναγωγικῶς
536 681 716 717 ἐκφανοείσας
738 682 792 709 τῶν
805 683 885 719 οὐρα-

93 724 159 750 νίων
171 724 239 750 νοῶν
254 725 405 760 ίεραρχίας,
420 726 458 758 ὡς
475 723 530 753 οἷόν
550 726 580 752 τέ
596 727 690 762 ἐσμεν,
712 726 885 755 ἐποπτεύσω-

95 777 147 803 μεν
159 777 166 784 ·
180 770 226 796 καὶ
236 770 286 806 τὴν
299 771 417 806 ἀρχικὴν
438 772 483 798 καὶ
499 771 666 808 ὑπεράρχιον
678 771 700 787 ²⁴⁸
712 771 759 798 τοῦ
778 772 886 809 Θεαρχι-

943 243 986 269 uia
1004 241 1030 274 ι’,
1047 245 1077 268 ut
1092 249 1181 270 sermo
1198 250 1276 270 sacer
1291 242 1338 270 ait.

894 322 908 358 §
925 321 956 349 u.

977 403 1158 437 Quamobrem
1177 402 1270 430 Jesum
1292 402 1469 433 invocantes.
1495 402 1522 436 2
1547 402 1593 437 qui
1615 406 1725 437 paterna

940 451 987 478 lux
1000 455 1043 478 est
1057 458 1126 482 vera,
1140 457 1199 482 qua
1213 449 1345 476 illuminat
1358 456 1461 474 omnem
1477 447 1607 475 hominem
1620 450 1727 475 venien-

939 501 991 524 tem
1009 498 1036 524 in
1049 497 1118 523 hunc
1129 495 1255 524 mundum
1269 500 1293 527 ο,
1307 501 1356 529 per
1368 502 1447 528 quem
1467 494 1500 521 ad
1513 494 1644 529 originem
1657 494 1725 522 lucis

939 543 1047 571 Patrem
1063 549 1203 570 accessum
1219 541 1395 573 obtinuimus,
1419 540 1452 567 ad
1474 540 1724 568 sacratissimorum

938 596 952 615 a
970 588 1096 615 Patribus
1113 587 1225 614 traditas
1254 585 1424 620 eloquiorum
1450 584 1647 612 illustrationes
1674 592 1725 619 pro

938 634 1040 660 viribus
1067 632 1263 668 suspiciamus;
1290 639 1395 658 necnon
1427 632 1461 658 ab
1481 631 1547 665 ipsis
1573 630 1724 665 symbolice

938 680 1016 707 nobis
1033 684 1061 707 et
1076 679 1224 714 auagOgice
1236 677 1387 713 patefactus
1410 677 1564 705 cmlestium
1591 677 1728 703 mentium

938 725 1128 757 hierarcbias.
1152 727 1232 758 prout
1255 730 1419 759 possumus,
1446 722 1619 755 intueamur;
1643 727 1726 756 atque

935 771 1124 807 priucipialem
1138 774 1166 798 et
1193 768 1463 804 superprincipialem
1480 768 1578 800 Patris,
1591 767 1636 802 qui
1650 768 1724 802 prin.-

93 814 145 841 κοῦ
167 815 272 851 Ηατρὺς
286 816 450 858 Ἔτοδοσίαν
465 817 492 855 ςὴ
513 817 563 849 τὰς
576 818 629 844 τῶν
647 818 769 852 ἀγγέλων
783 819 847 854 ἡμῖν
858 820 881 845 ἐι

938 818 1038 852 cipium
1061 816 1215 844 Divinitatis
1238 819 1289 848 est,
1318 815 1527 842 illustrationem
1551 815 1622 850 (quae
1646 813 1724 841 nobis

92 864 258 894 τυπωτικοῐς
270 862 413 898 συμϐόλοις
427 863 548 898 ἐκφαίνει
568 865 777 900 μακαριωτάτας
798 865 886 901 ἰεραρ-

93 906 178 942 χίας),
204 907 296 940 ἀΰλοις
318 909 364 935 καὶ
387 909 519 944 ἀτρεμέσι
530 909 589 941 νοὸς
607 909 755 946 ὀφθαλμοῖς
768 910 886 943 εἰσδεξά-

95 961 184 988 μενοι,
199 954 279 981 πὰλιν
296 954 325 987 ἐξ
337 954 424 990 αὐτῆς
442 955 488 982 ἐπὶ
504 955 554 991 τὴν
573 955 662 991 ἁπλῆν
680 955 765 991 αὐτῆς
785 956 884 983 ἀνατα-

93 999 186 1035 Θῶμεν
206 1000 311 1027 ἀκτῖνα.
326 1001 380 1027 Καὶ
405 1000 459 1037 γὰρ
477 1001 538 1028 οὐδὲ
559 1001 627 1037 αὐτὴ
649 1001 758 1028 πώποτε
777 1002 826 1038 τῆς
847 1003 885 1029 ol-

92 1047 173 1077 κείας
192 1046 284 1081 ένικῆς
300 1046 438 1082 ὲνδότητος
453 1047 477 1063 ¹¹
497 1046 683 1080 ἀπολείπεται,
696 1047 763 1083 πρὸς
778 1048 885 1083 ἀναγω-

91 1091 174 1126 γικὴν
187 1091 214 1117 δὲ
225 1091 299 1118 ἐκαὶ
310 1092 429 1119 ἑνοποιὸν
441 1092 495 1120 τῶν
507 1093 712 1129 προνοουμένων
724 1093 882 1130 σύγκρασιν,

91 1137 292 1173 ἀγαθοπρεπῶς
315 1137 503 1175 πληθυνομὲνη
530 1139 578 1166 καὶ
602 1139 745 1175 προϊοῦσα,
761 1140 836 1175 μένει
853 1148 883 1166 τε

91 1181 167 1208 ἔνδον
182 1182 282 1218 ἑαυτῆς
303 1183 445 1219 ἀραρότως
456 1184 479 1206 ³⁷
492 1184 521 1210 ὲν
534 1184 653 1220 ἀκινήτῳ
667 1184 810 1220 ταυτότητι
835 1193 884 1220 μο-

91 1227 179 1262 νίμως
193 1230 342 1264 πεπηγυῖα,
357 1228 478 1261 καὶτοὺς
490 1229 533 1256 ἐπ’
545 1229 629 1264 αὐτὴν
650 1229 687 1261 ὡς
699 1229 807 1266 θεμιτὸν
818 1230 883 1257 ἁνα-

91 1273 237 1306 νεύοντας,
260 1274 398 1311 ἀναλόγως
416 1275 508 1307 αὐτοῖς
527 1275 678 1307 ἀνατείνει,
698 1276 746 1302 καὶ
767 1276 883 1303 ἐνοποιεῖ

91 1320 165 1346 κατὰ
178 1320 227 1356 τὴν
241 1320 396 1356 ἁπλωτικὴν
414 1320 499 1356 αὐτῆς
519 1321 614 1348 ἕνωσιν
626 1321 658 1348 ’⁸.
674 1321 729 1348 Καὶ
747 1320 801 1356 γὰρ
822 1322 882 1349 οὐδὲ

89 1365 201 1392 δυνατὸν
216 1366 316 1402 ἑτέρως
339 1367 404 1402 ἡμῖν
427 1366 579 1402 ἐπιλάμψαι
597 1367 647 1403 τὴν
671 1366 817 1403 θεαρχικὴν
833 1368 882 1394 ἀκ-

89 1413 161 1444 τῖνα,
178 1411 216 1448 μὴ
232 1414 255 1430 ¹⁹
269 1416 302 1450 τῇ
319 1415 438 1449 ποικιλίᾳ
453 1414 508 1440 τῶν
529 1413 607 1450 ίερῶν
625 1414 882 1450 παραπετασμάτων

89 1458 269 1494 ἀναγωγικῶς
293 1459 578 1496 περικεκαλυμμένην,
601 1461 648 1487 καὶ
663 1462 720 1492 τοῖς
732 1459 792 1486 καθ’
808 1460 881 1495 ἡμᾶς

89 1506 205 1542 προνοίᾳ
220 1493 338 1542 πατρικῇ
359 1493 499 1542 compotis,
514 1493 560 1534 καὶ
573 1493 882 1542 οίκείωςδιεσκευασμέ-
895 1493 917 1521 C

89 1557 148 1585 νην.

936 863 1094 898 angelorum
1111 862 1137 889 in
1161 861 1286 897 ﬁguratis
1309 860 1392 895 signis
1418 860 1588 888 beatissimus
1604 859 1724 887 elucidat

936 909 1115 943 bierarcbias)
1140 907 1365 935 immaterialibus
1390 911 1418 934 et
1442 907 1597 934 intremulis
1623 907 1723 934 mentis

935 955 1022 984 oculis
1038 955 1260 986 intromittentes,
1277 961 1310 981 ex
1334 954 1429 981 eadem
1454 960 1548 980 rursus
1568 953 1594 979 in
1617 951 1721 987 simpli-

935 1010 993 1031 cem
1018 1002 1079 1037 ejus
1103 1001 1207 1028 radium
1235 1001 1428 1028 intendamus:
1446 1007 1601 1035 quanquam
1634 1007 1722 1034 neque

934 1048 1050 1082 ipsamet
1067 1054 1185 1082 unquam
1201 1046 1295 1073 intima
1310 1054 1358 1072 sua
1376 1045 1482 1072 unitate
1493 1044 1659 1076 destituitur,
1673 1044 1721 1071 sed

933 1094 967 1122 ad
983 1093 1174 1121 sublimantem
1199 1098 1227 1120 et
1251 1091 1428 1118 uuilieantem
1453 1098 1545 1117 eorum
1558 1090 1604 1125 qui
1626 1090 1720 1124 provi-

934 1138 1024 1167 dentia
1049 1138 1235 1174 gubernantur
1251 1136 1546 1172 contemperationezn,
1573 1135 1636 1162 dum
1649 1156 1656 1166 ,
1683 1135 1720 1162 uti

933 1185 1022 1218 decet,
1038 1183 1156 1218 benigne
1173 1182 1370 1217 multiplicatur
1393 1186 1479 1216 atque
1499 1187 1620 1213 emanat,
1637 1181 1720 1209 etiam

933 1230 1007 1258 intus
1018 1230 1044 1257 in
1060 1229 1206 1264 semetipsa
1223 1229 1358 1256 stabiliter
1377 1233 1479 1260 manet,
1496 1227 1625 1255 immobili
1643 1227 1720 1254 iden-

933 1277 1014 1304 titate
1027 1276 1154 1304 unimode
1177 1276 1296 1309 ﬁrmata,
1312 1281 1340 1304 et
1354 1276 1388 1303 ad
1409 1283 1439 1303 se
1460 1280 1488 1302 ut
1509 1274 1550 1302 fas
1565 1279 1607 1302 est
1628 1279 1719 1302 atten-

931 1323 1037 1354 dentes,
1053 1329 1104 1357 pro
1125 1321 1256 1356 cujusque
1268 1322 1431 1356 capacitate.
1445 1320 1649 1356 simpliﬁcativa
1670 1328 1719 1348 sua

931 1369 1032 1397 unione
1055 1369 1187 1404 subrigit,
1214 1368 1388 1402 uniftcatque.
1417 1368 1510 1403 Neque
1533 1368 1605 1394 enim
1632 1371 1722 1402 potest

930 1414 1009 1442 aliter
1021 1414 1284 1450 divino-principalis
1297 1414 1341 1442 ille
1352 1414 1444 1441 radius
1457 1413 1535 1441 nobis
1552 1413 1718 1445 “lucescere.

930 1461 983 1488 nisi
1009 1468 1149 1488 sacrorum
1171 1461 1303 1488 varietate
1323 1461 1554 1496 operimentorum
1570 1459 1720 1494 anagogice

932 1506 1084 1539 obvelatus,
1106 1506 1184 1534 nobis
1208 1513 1318 1541 quoque
1339 1510 1451 1541 paterna
1467 1504 1639 1540 pr0videntia
1655 1511 1721 1532 con-

931 1553 1093 1580 naturaliter
1108 1560 1140 1580 ac
1154 1553 1262 1588 proprie
1281 1552 1317 1579 sit
1332 1551 1561 1579 accommodatus.

854 1641 868 1676 ξ
886 1639 931 1668 ιιι.

124 1698 171 1725 Διὸ
191 1698 239 1725 καὶ
263 1698 312 1733 τὴν
327 1698 476 1734 ὁσιωτάτην
491 1698 569 1734 ἡμῶν
584 1699 734 1735 ίεραρχίαν,
758 1700 775 1735 ὴ
791 1698 882 1726 τελετ-

91 1744 171 1781 ᾁρχις
187 1743 334 1780 ἱεροθεσία,
354 1744 403 1780 τῆς
422 1744 475 1772 τῶν
488 1745 621 1782 οὐρανίων
636 1745 780 1781 ἰεραρχιῶν
797 1747 882 1782 ὑπερ-

89 1791 203 1827 κοσμίου
228 1792 370 1828 μιμήσεως
395 1791 555 1826 ἀξιώσασα,
582 1793 629 1819 καὶ
651 1793 702 1825 τὰς
732 1793 880 1829 εἰρημένας

89 1838 187 1870 ἁῢλους
205 1839 343 1874 ίεραρχίας
364 1839 467 1871 ὑλαίοις
484 1840 605 1875 σχήμασι
627 1841 674 1867 καὶ
694 1842 879 1876 μορφωτικαίς

90 1885 230 1913 συνϐέσεσι
254 1886 444 1914 διαποικιλασα
459 1904 467 1918 ,
495 1885 695 1921 παραδέδωκεν,
716 1887 791 1919 ὅπως
810 1887 877 1914 ἁνα-

88 1936 175 1970 λόγως
196 1937 262 1971 ἡμῖν
279 1936 380 1968 αὐτοῖς,
405 1936 460 1962 ἀπὸ
483 1935 538 1963 τῶν
563 1936 716 1972 ίερωτάτων
738 1936 874 1970 πλάσεων,

89 1982 135 2008 ἐπὶ
148 1981 197 2013 τὰς
213 1981 303 2013 ἁπλᾶς
315 1982 362 2008 καὶ
380 1981 538 2013 ἀτυπώτους
552 1982 711 2018 ἁναχθῶμεν
731 1982 878 2017 ἀναγωγὰς

89 2029 135 2055 καὶ
142 2027 332 2063 ἀφομοιώσεις·
345 2028 405 2054 ἐπεὶ
416 2027 483 2063 μηδὲ
492 2028 603 2055 δυνατὸν
617 2029 676 2055 ἐστι
687 2028 726 2064 τῷ
734 2028 794 2055 καθ’
803 2029 877 2064 ἡμᾶς

89 2072 128 2099 νοτ
141 2073 173 2105 ³⁸,
194 2072 261 2108 πρὸς
277 2072 327 2108 τὴν
347 2072 427 2099 ἇῦλον
449 2072 556 2108 ἐκείνην
575 2073 740 2109 ἀναταθῆναι
760 2074 814 2101 τῶν
830 2074 876 2101 οὐ-

90 2117 187 2154 ρανίων
213 2117 357 2153 ίεραρχιῶν
383 2117 498 2153 μίμησίν
518 2127 548 2145 τε
573 2118 620 2145 καὶ
640 2118 766 2155 θεωρίαν,
788 2121 812 2146 εἰ
838 2120 876 2156 μὴ

969 1699 1139 1734 Quapropter
1164 1700 1301 1734 primitiva
1325 1700 1370 1728 illa
1394 1700 1493 1727 rituum
1517 1707 1657 1728 sacrorum
1677 1699 1720 1727 in-

932 1745 1049 1778 stitutio,
1061 1746 1260 1773 sanctissimam
1276 1751 1397 1774 nostram
1414 1746 1596 1775 bierarcbiam
1623 1753 1721 1781 super—

931 1793 1067 1820 mundana
1084 1792 1236 1820 caelestium
1263 1793 1478 1820 bierarcbiarum
1503 1793 1658 1820 imitatione
1678 1791 1720 1819 di-

930 1846 1010 1874 gnam
1026 1846 1152 1871 censcns,
1168 1838 1313 1873 praedictas
1329 1838 1523 1865 immateriales
1536 1838 1718 1871 bierarchias,

931 1885 1119 1914 materialibus
1136 1886 1228 1921 ﬁguris
1251 1889 1279 1912 et
1303 1885 1457 1912 lormativis
1478 1885 1720 1920 compositionibus

931 1932 1096 1968 variegando
1121 1932 1305 1967 transcripsit,
1333 1935 1363 1958 ut
1390 1939 1440 1965 pro
1464 1935 1555 1958 nostra
1581 1938 1643 1958 cum
1665 1932 1719 1960 illis

930 1978 1118 2013 proportione,
1136 1985 1150 2004 a
1167 1976 1364 2004 sacratissimis
1387 1975 1543 2002 ﬁctionibus
1561 1976 1595 2002 ad
1612 1975 1718 2011 simpli-

930 2031 976 2051 ces
997 2024 1144 2059 ﬁgurarum
1169 2028 1295 2057 expertes
1316 2028 1453 2056 auagogas
1478 2025 1507 2048 et
1526 2021 1719 2049 similitudines

930 2070 1093 2101 cvebamur;
1109 2069 1327 2103 quandoquidem
1343 2068 1403 2096 ﬁeri
1419 2076 1472 2095 non
1488 2069 1584 2104 possit,
1599 2073 1628 2096 ut
1641 2076 1718 2096 mens

930 2121 1024 2144 nostra
1048 2116 1082 2143 ad
1111 2115 1318 2142 immaterialem
1341 2114 1413 2141 illam
1433 2115 1585 2143 caelestium
1610 2115 1718 2142 bierar-

89 2166 120 2199 τῇ
139 2165 199 2190 κατ’
219 2164 300 2191 αὑτὸν
319 2163 399 2200 ὑλαὶα
418 2165 587 2201 χειραγωγίᾳ.
606 2166 755 2201 χρήσαιτο,
772 2165 807 2192 τὰ
828 2166 878 2202 μὲν

935 2163 1053 2191 chiarum
1071 2162 1247 2190 imitationem
1263 2169 1296 2190 ac
1317 2162 1576 2197 contemplationem
1592 2163 1718 2190 intenda-

90 2209 238 2244 φαινόμενα
255 2209 350 2245 κάλλη,
368 2210 418 2246 τῆς
441 2210 562 2246 ἀφανοῦς
583 2211 750 2248 εὐπρεπείας
767 2213 878 2239 ἀπεικο-

90 2254 205 2289 νίσματα
235 2253 415 2289 λογιζόμενος·
446 2255 494 2281 καὶ
518 2254 567 2286 τὰς
590 2255 721 2290 αἰσθητὰς
753 2255 876 2288 εὐωδίας,

90 2299 273 2335 ἑκτυπώματα
289 2299 336 2335 τῆς
352 2300 449 2336 νοητῆς
468 2301 626 2334 διαδόσεως”
651 2302 698 2329 καὶ
721 2303 771 2338 τῆς
795 2302 876 2329 ἀΰλου

90 2345 253 2380 φωτοδοσίας
273 2345 365 2372 εἰκόνα
384 2366 391 2378 ,
410 2346 445 2373 τὰ
467 2346 548 2374 ὑλικὰ
565 2347 658 2382 φῶτα“
681 2347 728 2374 καὶ
744 2348 793 2384 τῆς
807 2348 878 2375 κατὰ

89 2391 150 2419 νοῦν
171 2391 342 2428 Θεωρητικῆς
355 2392 593 2430 ἀποπληρώσεως,
609 2395 659 2426 τὰς
678 2395 826 2429 διεξοδικὰς
841 2396 878 2423 ls-

91 2438 138 2475 ρας
153 2438 302 2474 μαθητείας
313 2447 320 2454 ι
337 2439 385 2466 καὶ
397 2439 448 2475 τῆς
463 2440 624 2476 ἐναρμονίου
637 2440 704 2477 πρὸς
714 2441 748 2468 τὰ
759 2441 819 2468 θεῖα
832 2442 879 2469 καὶ

126 2517 140 2536 b
156 2516 234 2543 ltom.
259 2524 298 2549 xi,
324 2516 369 2544 56.
410 2521 421 2536 °
436 2516 513 2544 Joan.
528 2526 548 2551 ι,
561 2517 589 2545 9.

930 2213 982 2241 tur,
999 2209 1052 2236 nisi
1068 2216 1083 2237 θ
1105 2209 1272 2244 propinquo,
1291 2209 1426 2236 maleriali
1445 2216 1492 2236 usa
1515 2208 1598 2236 fuerit
1620 2216 1717 2236 manu-

929 2256 1057 2284 ductione
1072 2267 1077 2284 :
1091 2257 1236 2292 cogitando
1258 2257 1375 2288 scilicet,
1398 2262 1563 2291 apparentes
1585 2257 1635 2283 bas
1656 2255 1717 2291 pul-

928 2302 1108 2336 chritudines,
1125 2310 1289 2330 arcanorum
1314 2309 1376 2329 esse
1398 2303 1526 2330 det-orum
1547 2301 1664 2336 efﬁgies;
1684 2310 1717 2329 ac

930 2349 1044 2376 sensiles
1056 2350 1171 2376 odorum
1188 2349 1348 2382 suavitates,
1369 2355 1514 2382 expressas
1531 2355 1592 2375 esse
1614 2347 1716 2383 ﬁguras

931 2395 1061 2430 spiritalis
1088 2395 1297 2430 dispensationis
1313 2414 1321 2426 ,
1336 2399 1363 2422 et
1392 2394 1581 2422 immaterialis
1597 2394 1715 2421 illustra-

933 2442 1016 2469 tiouis
1037 2441 1156 2476 speciem
1179 2449 1234 2476 pra:
1261 2448 1291 2468 se
1317 2440 1390 2468 ferre
1415 2440 1518 2468 lumina
1546 2440 1713 2468 materiam:

726 2593 841 2622 VARUS
861 2592 1066 2625 LECTIO‘NES.

80 2718 86 2723 ι
111 2685 146 2723 _'_'
165 2683 216 2712 Ch.
234 2684 265 2723 [_).
277 2684 314 2723 _P.
328 2685 363 2711 τὰ
371 2685 477 2723 πάντα,
500 2686 592 2723 itaque
607 2686 633 2712 in
652 2685 745 2723 Paulo,
763 2685 842 2723 cuius
857 2687 914 2714 haec
934 2687 1026 2723 yerba
1044 2691 1117 2723 sunt.
1146 2689 1284 2716 scribitur.
1322 2689 1345 2705 ¹³
1361 2688 1389 2716 In
1414 2688 1504 2716 Βυᾱωί
1530 2689 1625 2716 codice
1651 2694 1712 2716 erat

93 2720 199 2759 vitiose,
222 2719 254 2759 ’ςρ
276 2720 341 2759 οντα
364 2719 611 2759 ἀληθινόν,-ἰιιι‹]υο
635 2719 886 2754 ειηειιιιονὶιδντως
915 2721 1052 2759 ἀληθινόν,
1068 2721 1248 2759 Pacbymeres
1275 2724 1427 2759 notatrlegi
1454 2724 1513 2759 sine
1537 2724 1712 2759 distinctione

92 2755 122 2782 τὸ
132 2755 161 2782 ὃν
175 2755 206 2792 τὸ
220 2755 358 2792 ἀληθινόν,
373 2760 401 2783 et
411 2755 476 2783 'cum
486 2756 670 2792 distinctione.
684 2761 829 2792 utrumque
842 2755 992 2792 exponens.

1031 2757 1054 2773 “
1075 2758 1110 2783 ita
1124 2757 1277 2792 legendum.
1315 2760 1338 2775 "
1356 2757 1474 2785 Memmii
1496 2758 1565 2785 liber
1575 2758 1710 2792 ἑνάτητος,

94 2797 170 2830 quam
182 2791 331 2830 _lectlpne_m
353 2796 467 2830 secutus
483 2795 528 2830 est
546 2791 643 2830 Scotus
656 2796 683 2819 et
697 2791 885 2830 Sarracenusf
915 2793 942 2830 '_°_
953 2793 1002 2820 Cb.
1025 2793 1055 2820 Ι).
1074 2792 1104 2830 l’.
1131 2791 1192 2830 sar,
1214 2794 1282 2830 πρὸς
1297 2793 1449 2830 ἀναγωγὴν,
1462 2793 1501 2830 δέ.
1539 2793 1561 2808 ’⁷
1575 2793 1611 2820 Μ.
1626 2791 1711 2830 Meyer.

95 2825 164 2867 ενδυὲ
180 2825 281 2876 haurit;
294 2825 429 2887 ἁοὲάτως,
443 2826 490 2853 sed
515 2826 661 2867 mendose,
675 2826 785 2860 opinor,
812 2835 873 2854 cum
888 2827 961 2854 nulla
983 2828 1145 2857 aucmritate
1166 2828 1219 2857 alia
1236 2825 1362 2857 'nitaturi
1396 2825 1546 2857 i"Budaeus
1568 2828 1710 2864 aspiravit,

96 2868 184 2887 αυτης.
275 2860 306 2887 Β.
345 2861 352 2887 l
368 2860 416 2887 μή.
431 2861 594 2887 lnteroretes
609 2870 662 2887 nm
680 2866 799 2887 vertunt.
837 2862 860 2878 ³⁰
875 2862 926 2887 Ch.
945 2864 974 2887 ι).
992 2862 1020 2887 [ι.
1037 2862 1074 2887 νῶ

96 2860 184 2896 αὐτῆς.
237 2860 260 2876 "
275 2860 306 2890 Β.

345 2861 352 2887 l
367 2860 416 2897 μή.
431 2861 594 2896 Interpretes
609 2862 662 2890 nisi
680 2866 799 2889 vertunt.
837 2862 860 2878 ³⁹
875 2862 926 2892 Cb.
943 2864 974 2891 υ.
991 2862 1020 2890 Ρ.
1037 2862 1085 2899 νῷ,
