1925 3070
101 151 158 180 195
424 150 469 178 DE
484 149 646 179 C(ELESTI
663 149 884 183 HlERARCHlA,
900 149 976 178 CAP.
994 149 1014 177 I.
1032 163 1066 170 -
1082 147 1243 177 CORDERII
1260 147 1384 176 NOTAE:
1665 148 1718 177 136

100 216 194 236 rerum
213 207 308 241 prima!
321 207 432 235 Joannis
443 215 470 240 v,
488 206 545 241 20),
563 208 694 243 secundo.
713 208 775 242 quia
799 215 876 239 vera,
898 212 926 235 et
942 207 1065 241 opposita
1095 206 1172 243 falsis
1191 206 1323 234 doctrinis
1345 206 1486 243 gentilium
1501 211 1529 233 et
1542 205 1716 243 philosopho-

104 248 182 270 rum.
198 242 302 276 Tertio,
319 244 380 277 quia
400 243 493 269 verius
508 242 696 277 etperl‘ectius
714 251 764 270 nos
779 242 924 273 illuminat,
940 249 1022 276 quam
1044 243 1132 269 omnis
1149 242 1193 268 lux
1207 248 1351 275 corporea,
1371 247 1399 269 ut
1424 242 1461 269 sit
1475 242 1632 276 metaphora
1649 252 1656 270 :
1675 245 1715 271 sic

101 277 234 307 Christus
245 278 345 305 dicitur
368 284 434 304 vera
454 278 517 304 vitis
537 276 545 296 ι
561 286 569 310 ;
587 277 627 305 sic
650 278 822 305 Eucharistia
838 278 939 305 dicitur
949 284 1030 304 verus
1045 278 1124 311 panis
1139 282 1169 303 ω.

145 312 197 345 Qui
212 312 350 348 illuminat
363 321 464 348 omnem
479 312 621 348 hominem.
635 313 715 348 Quia.
739 313 826 347 inquit
841 312 968 348 Cyrillus',
992 312 1122 348 omnibus
1146 317 1209 339 actu
1232 312 1278 348 dat
1294 311 1382 348 lumen
1398 312 1520 339 rationis.
1530 312 1636 348 _Verum
1655 314 1712 341 lucc

106 349 207 375 melius
224 347 370 382 accipeﬂde
389 347 490 374 lumine
505 347 632 382 spiritali.
653 346 870 375 Verbum'enim'
884 347 975 374 Patris
990 347 1126 373 illuminat
1146 354 1253 374 omnem
1268 346 1404 374 hominem
1420 351 1447 382 ﬂ,
1460 346 1554 380 supple
1583 353 1712 382 quantum

106 382 137 410 in
162 382 221 417 ipso
244 381 296 409 est.
316 381 392 409 Unde
416 382 463 416 qui
486 381 538 409 non
556 382 754 417 iiluminantur,
774 382 826 409 sibi
839 382 1063 417 iniputentiquia
1079 381 1168 408 lumen
1188 382 1259 414 ﬁdei,
1277 386 1303 408 et
1314 382 1408 416 gratiae
1429 381 1528 409 Christi
1547 381 1653 415 oblatae,
1671 392 1712 411 re.

103 416 199 453 eipgre
215 417 313 444 nolunt
327 426 334 444 :
347 417 385 453 ita
402 417 473 444 idem
491 416 621 453 Cyrillus.
637 425 698 444 cum
713 417 909 453 Chrysostorno
930 423 956 444 et
973 416 1185 451 Theophylacto.

143 450 197 478 Per
211 460 285 484 quem
297 452 331 478 ad
349 450 521 487 dpxlcpmtov,
531 452 556 478 id
571 457 623 482 est,
639 453 764 487 originem
773 450 847 479 'lucis
860 451 975 483 Patrem,
988 450 1121 487 accessum
1139 451 1297 487 obtinuimus
1313 451 1392 487 (unus
1416 450 1640 487 enimrmediator
1665 452 1713 480 Dei

104 493 130 514 et
146 487 296 519 hominum,
309 485 521 515 hom-oricihriuus
539 488 618 514 Jesus
635 487 660 522 ο)
679 485 713 514 ad
726 487 966 514 sacratissimorum
990 495 1006 513 α
1024 485 1270 522 Patribustraditas
1282 485 1454 520 Eloquiorum
1471 486 1670 519 illustrationes,
1686 488 1712 514 id

105 526 151 548 cst
166 529 260 548 sacras
276 522 442 556 Scripturas,
466 530 513 556 pro
530 522 625 548 uiribus
637 522 831 556 suspiciamus;
856 529 902 548 nec
928 530 978 548 non
995 522 1026 548 ab
1036 521 1100 554 ipsis
1120 521 1260 555 symbolice
1282 521 1355 548 nobis
1377 526 1401 548 et
1414 522 1554 555 anagugice
1567 523 1713 556 patefactus

104 557 252 587 caelestium
268 555 394 584 mentium
414 555 589 590 hierarchias,
603 562 679 591 prout
699 565 848 591 possumus,
862 556 1024 583 intueamur.
1045 555 1124 588 Nam,
1142 560 1170 582 ut
1189 555 1411 591 Chrysostomus,
1425 557 1519 584 homil.
1539 557 1574 584 26
1590 557 1616 583 in
1628 555 1714 585 Joan-

104 599 167 618 nem
180 592 219 618 ait
237 591 269 607 "'
285 601 292 620 :
306 591 392 619 Omne
411 591 477 619 illud
492 593 564 626 quod
579 593 628 619 sub
640 599 748 619 sensum
762 592 846 622 cadit,
862 590 1042 626 substantiam
1069 591 1224 626 angelorum
1245 591 1384 626 declarare
1405 599 1459 618 non
1474 597 1572 625 potest,
1589 593 1636 619 sed
1651 601 1713 620 cor-

104 633 159 662 pus
173 626 243 659 quod
259 626 340 662 habet
353 625 560 654 crassitudinem
575 632 602 653 et
611 627 743 662 triplicem
758 626 965 662 dimensionem.
978 625 1054 662 Unde
1068 625 1147 662 ﬁt_ut.
1164 625 1226 652 dum
1242 625 1391 662 Scriptura,
1407 627 1440 653 ad
1454 631 1561 660 captum
1577 632 1710 660 nostrum,

103 661 250 694 spiritibus
267 661 437 695 ineorporeis
460 669 606 696 corporeas
633 661 732 695 ﬁguras
747 660 864 695 afﬁngit,
891 660 925 686 iis
940 660 1049 694 quidem
1064 660 1109 694 qui
1123 661 1194 696 digni
1218 666 1290 694 sunt,
1304 660 1339 688 'ct
1360 661 1393 687 ad
1408 662 1585 696 anagogicnm
1602 669 1710 689 sensum

106 696 316 727 transcendunt,
328 696 493 727 innotescat,
506 695 619 730 reliquis
635 703 700 723 vero
711 696 836 723 omnibus
858 695 884 722 in
904 702 1005 722 arcano
1019 699 1064 730 iet
1087 695 1194 722 occulto
1210 696 1378 730 relinquatur
1392 705 1398 723 :
1426 695 1567 730 quodiillis
1579 697 1644 724 visis
1657 698 1713 725 alto

104 731 290 765 signiﬁcatur.
304 730 390 763 Atque
402 729 582 766 principialein
596 736 620 758 et
631 739 710 765 supra
723 738 807 766 rquam
822 730 1002 766 principialem
1015 729 1114 762 Patris,
1139 731 1184 765 qui
1196 729 1351 764 principium
1369 729 1519 758 Divinitatis
1530 736 1579 763 est,
1593 732 1712 759 illustra-

104 764 216 802 tioncm,
233 766 258 793 id
272 770 314 802 est
332 764 500 802 scripturam
518 765 591 800 (vide
605 764 696 799 supra,
713 764 861 802 Generales
873 765 1088 802 observationes)
1108 764 1166 802 quin
1181 766 1254 802 nobis
1279 766 1430 802 angelorum
1442 766 1469 802 in
1482 766 1604 800 ﬁguratis
1629 767 1711 802 signis

105 799 273 835 beatissimos
288 799 402 828 elucidat
429 801 601 833 hieran-hius,
618 801 644 828 id
661 805 703 828 est
719 800 769 827 sub
781 800 910 835 symbolis
921 806 948 826 et
963 800 1056 834 ﬁguris
1073 800 1222 827 materiatis
1235 799 1345 835 angelos
1372 799 1513 832 describit,
1545 799 1712 830 immateria-

103 833 175 871 libus
186 841 211 862 et
224 836 372 871 intremulis
395 837 488 863 utentis
502 835 584 862 oculis
604 833 818 871 intromittentes,
832 833 1019 871 Aabstracteia
1047 836 1161 862 materia
1190 833 1325 862 intellectu
1341 836 1536 870 concipieutcs,
1554 844 1586 864 ex
1605 838 1709 871 eadem,

104 869 212 905 s_c.licet
226 870 377 904 Scriptura,
391 876 524 904 quatentts
542 870 690 905 symbolica
705 875 757 904 est,
773 874 800 896 et
826 869 921 904 ﬁguris
945 870 1092 904 variegata,
1110 878 1202 896 rursus
1223 871 1257 896 ad
1283 869 1494 905 simpliceniejus
1506 872 1612 898 radium
1625 869 1712 899 interi;

103 903 211 937 damus,
227 905 253 932 id
264 903 304 932 est
319 903 466 938 simplicem
479 905 538 939 ejus
554 903 662 933 Sensum
688 903 916 936 litteralem,isivc
938 903 1078 932 veritatem
1104 905 1153 932 sub
1169 905 1260 939 ﬁguris
1277 905 1329 933 illis
1342 903 1468 933 latentein
1484 907 1686 934 consideremus
1700 916 1708 934 :

104 947 258 974 quanquam
273 948 354 974 neque
368 941 478 975 ipsumet
494 940 645 975 Scriptura.
664 948 716 974 qua
730 946 807 974 parte
819 939 969 975 symbolica
990 945 1043 971 est,
1057 948 1172 974 unquam
1184 940 1277 966 intima
1299 949 1347 966 sua
1363 941 1463 966 unitate
1484 942 1656 974 destituitur;
1683 942 1710 969 id

103 978 148 1011 est
162 982 299 1011 nunquam
318 980 359 1002 est
379 974 545 1002 Sineitttittto
561 982 611 1002 suo
624 982 704 1011 sensu
728 974 847 1007 litterali,
874 975 930 1011 qui»
951 975 1028 1011 omni
1043 975 1150 1011 sensui,
1170 975 1250 1002 etiam
1274 975 1387 1008 ﬁgurato
1407 980 1435 1002 et
1450 977 1572 1011 mystico,
1604 984 1710 1011 semper

103 1009 202 1044 subest
217 1018 224 1035 :
248 1010 292 1036 sed
309 1012 343 1036 atl
362 1011 545 1037 sublimantem
557 1014 580 1037 et
599 1010 765 1044 uniﬁcantem
778 1017 867 1036 eorum
884 1009 930 1043 qui
957 1009 1119 1042 providentia
1138 1015 1263 1043 reguntur
1277 1009 1557 1044 coitteiitperatianerit;
1574 1011 1600 1038 id
1615 1009 1669 1038 est'
1681 1017 1710 1039 ut

105 1043 231 1079 homines
247 1052 260 1070 a
276 1046 390 1072 terrenis
404 1050 431 1072 et
455 1046 550 1072 divisis
564 1043 785 1079 cogitationibus,
800 1044 833 1071 ad
861 1044 980 1071 coelestia
997 1046 1087 1071 animo
1113 1044 1226 1071 collecto
1248 1045 1399 1072 meditanda
1430 1045 1608 1074 inducantur:
1635 1047 1708 1078 dum,

103 1078 146 1110 uti
160 1080 242 1110 decet,
257 1080 363 1114 benigne
388 1080 576 1114 multiplicatur
591 1078 668 1115 atque
679 1085 784 1106 emanat
797 1088 806 1111 ,'
834 1079 860 1105 id
878 1082 920 1106 est
935 1079 997 1106 dutn
1010 1079 1117 1107 decenti
1133 1080 1212 1115 modo
1228 1080 1380 1114 Scriptura,
1411 1079 1466 1107 Deo
1490 1088 1520 1108 se
1543 1082 1660 1114 benigne
1674 1082 1707 1108 ad

104 1117 212 1147 captum
227 1120 346 1142 nostrum
361 1115 596 1151 accommodante,
617 1116 746 1149 liguratos
760 1122 799 1151 ac
811 1115 934 1141 diversos
952 1121 1059 1151 sensus,
1071 1122 1133 1141 cum
1149 1114 1308 1151 allegoricos
1321 1119 1376 1142 tum
1398 1116 1514 1143 morales
1537 1121 1563 1143 et
1578 1116 1708 1151 anagogi—

103 1156 152 1184 cos
170 1150 298 1181 continet,
323 1151 403 1176 etiam
431 1150 501 1176 intus
519 1151 546 1176 in
564 1148 702 1183 semetipsa
712 1149 840 1176 stabiliter
856 1153 960 1181 manet;
981 1148 1006 1176 id
1023 1155 1074 1182 est,
1092 1157 1197 1184 semper
1223 1150 1398 1177 intrinsecum
1417 1157 1496 1177 suum
1514 1159 1625 1178 sensum
1633 1148 1709 1178 litie-

104 1183 190 1219 ralem
204 1185 294 1214 habet,
313 1184 439 1211 immobili
453 1185 591 1211 identitate
602 1185 725 1211 unimode
740 1185 856 1218 ﬁrmata,
874 1183 901 1210 id
912 1188 955 1210 est
971 1185 1016 1219 qui
1041 1183 1177 1218 nunquam
1193 1185 1333 1217 variatur;
1350 1193 1446 1212 sensus
1459 1186 1530 1212 enim
1545 1186 1671 1213 litteratis
1692 1195 1707 1213 ιι

104 1217 209 1254 Spiritu
224 1223 319 1247 sancto
331 1221 461 1253 primario
475 1222 593 1247 intentus
610 1227 718 1254 semper
732 1220 801 1245 idem
814 1223 866 1251 est,
879 1217 1054 1252 quantumvis
1070 1217 1283 1254 multiplicemur
1303 1227 1398 1247 sensus
1412 1221 1636 1248 accommodativi
1666 1222 1709 1248 vel

103 1253 192 1290 tropis
208 1261 239 1281 ac
256 1255 349 1290 ﬁguris
370 1256 519 1282 vestiantur
533 1264 540 1281 :
553 1256 635 1290 etrad
650 1253 686 1286 se,
703 1259 730 1280 ut
747 1253 787 1288 [as
799 1258 849 1290 est,
869 1253 1042 1290 attendentes,
1059 1262 1108 1290 pro
1125 1253 1250 1290 cujusque
1279 1256 1435 1288 capacitate,
1450 1256 1647 1290 simpliﬁcatiua
1658 1265 1708 1283 sua

104 1287 213 1321 unione,
229 1287 332 1324 scilicet
346 1290 459 1323 simplici
477 1298 524 1317 sua
536 1289 661 1319 veritate.
681 1296 760 1324 quam
772 1289 902 1320 continet,
917 1288 1026 1323 subrigit
1044 1287 1213 1324 uniﬁmtgue,
1232 1297 1328 1324 nempe
1348 1298 1363 1317 a
1390 1287 1506 1318 terrenis
1521 1287 1554 1318 ad
1567 1291 1708 1322 ccelestia,

103 1327 140 1360 et
151 1329 166 1348 a
183 1323 301 1360 dividuis
312 1324 522 1359 cogitatiOnibus
535 1326 567 1360 ad
586 1324 669 1360 animi
683 1323 871 1360 collectionem
884 1323 970 1360 et_Dei
993 1323 1212 1359 conjunctionem
1229 1323 1401 1353 traducendo.
1429 1324 1518 1360 Neque
1533 1326 1602 1353 enim
1627 1331 1708 1360 potest

102 1356 182 1395 pliter
194 1358 242 1395 ρει
254 1359 298 1386 ille
316 1356 406 1386 radius
428 1359 595 1394 principalis,
612 1359 638 1386 id
654 1365 696 1386 est
711 1359 822 1386 intimus
845 1358 891 1395 ille
912 1356 1059 1393 Scriptura:
1071 1366 1178 1392 sensus,
1202 1367 1263 1387 cutn
1280 1359 1314 1387 de
1330 1361 1429 1388 divinis
1445 1356 1559 1388 et‘tnere
1571 1356 1705 1395 spiritali-

102 1391 155 1429 bus
170 1393 251 1420 rebus
265 1396 330 1427 agit.
345 1394 417 1421 nobis
429 1391 591 1425 'illuce'scere,
609 1394 659 1421 nisi
677 1401 814 1421 sacrorum
830 1394 956 1420 varietate
973 1391 1192 1428 operimentorum
1205 1395 1346 1429 anagogice
1358 1396 1500 1422 obvelatus.
1516 1391 1595 1428 Nam,
1612 1400 1640 1422 ut
1658 1397 1709 1422 ltoc

102 1426 164 1453 loco
175 1429 213 1455 ait
227 1426 306 1456 divus
324 1429 468 1461 Maximus,
483 1430 543 1457 sine
559 1430 630 1464 typis
655 1434 684 1457 et
708 1428 840 1465 symbolis
867 1436 921 1455 non
941 1426 1093 1462 possumus,
1110 1429 1172 1456 dmn
1187 1430 1213 1456 in
1228 1426 1342 1464 corpore
1361 1438 1465 1461 sumus.
1479 1426 1603 1465 aspicere
1616 1431 1707 1458 incor-

102 1468 185 1499 porea
198 1468 225 1490 et
240 1465 360 1492 materia:
374 1465 507 1499 expertia.
521 1463 654 1497 Quoniam
679 1464 705 1490 in
725 1463 781 1499 hoc
804 1463 866 1490 vitae
891 1468 964 1490 statu
990 1465 1081 1491 anima
1108 1465 1216 1498 quidem
1239 1463 1356 1499 corpore
1376 1467 1474 1492 vestita
1489 1463 1547 1498 est,
1560 1466 1628 1493 ratio
1643 1473 1708 1492 vero

102 1498 309 1535 imaginatione,
320 1507 397 1526 mens
411 1498 527 1534 denique
542 1500 655 1535 ratione.
671 1499 739 1526 Hinc
760 1498 930 1535 imaginatio,
963 1506 1016 1533 qua
1033 1501 1134 1535 utimur
1148 1498 1317 1534 vivimusque
1337 1501 1580 1535 quamplurimum,
1608 1501 1707 1528 intelli-

101 1533 200 1570 gentia:
215 1535 340 1562 notiones
354 1535 464 1563 assidue
480 1533 648 1570 sensibilium
661 1533 824 1570 imaginibus
839 1534 925 1570 induit
938 1541 945 1567 ;
961 1533 1087 1570 quocirca
1101 1535 1249 1568 cognitioni
1265 1533 1375 1565 nostrae.
1389 1533 1442 1563 non
1462 1541 1515 1562 tam
1531 1537 1614 1568 nuda,
1627 1543 1707 1570 quam

102 1567 199 1603 vestita
210 1569 546 1602 qumdamaccomutodata
574 1567 849 1597 videnturfluduunt
873 1569 954 1603 igitur
972 1567 1119 1603 sapientes
1137 1567 1248 1602 merito,
1271 1571 1345 1598 sicut
1371 1570 1500 1603 diximus,
1532 1567 1708 1598 sensibilibus

101 1602 211 1640 quidem
225 1605 421 1638 nuelligibtlia;
440 1605 481 1632 his
498 1604 679 1640 verordiviua.
697 1604 750 1640 VSic
771 1604 854 1630 etiam
876 1602 953 1640 Plato
980 1602 1092 1639 provide
1116 1604 1202 1640 jubet,
1220 1606 1357 1632 hominem
1386 1606 1437 1632 sub
1460 1606 1603 1633 tenebroso
1627 1614 1708 1640 specu

101 1639 244 1677 tnurjtum,
258 1641 294 1677 ad
309 1641 466 1677 intuendam
490 1639 668 1677 meridianam
696 1639 796 1677 lucem_
809 1646 862 1677 non
891 1639 981 1677 subito
997 1639 1226 1677 compellendum,
1245 1641 1292 1667 sed
1305 1641 1510 1677 inouSIrandum
1523 1641 1585 1668 huic
1601 1639 1686 1668 solem
1697 1661 1707 1673 ,

100 1673 190 1710 primo
201 1674 309 1708 quidem
320 1676 354 1702 ad
377 1675 494 1702 lucerna:
512 1675 604 1702 lumen
621 1676 648 1701 in
665 1682 734 1710 aqua
748 1682 755 1702 :
782 1673 881 1701 deinde
899 1674 926 1701 in
938 1674 1013 1708 luna,
1031 1675 1081 1701 sub
1096 1680 1175 1702 nocte
1197 1683 1304 1709 serena,
1320 1675 1429 1702 demum
1456 1677 1482 1702 iu
1496 1676 1553 1709 ipsa
1570 1676 1642 1703 aeris
1665 1683 1708 1703 se-

101 1708 218 1768 agitate
246 1710 355 1737 diurna.
384 1710 523 1738 Similibus
549 1716 657 1745 quoque
684 1708 815 1745 gradibus
845 1710 913 1736 rude
941 1710 998 1736 vult
1033 1710 1171 1745 ingenium
1197 1710 1233 1738 ad
1264 1708 1512 1745 contemplandum
1534 1710 1706 1738 Diviuitatem

166 1751 218 1768 “Cl.

98 1748 218 1777 perduci.

134 1776 283 1815 Symbolice
296 1780 370 1807 nobis
383 1785 406 1807 et
419 1780 562 1815 anagogice
578 1780 737 1815 patefactus.
752 1779 777 1814 5
791 1778 860 1807 Hinc
872 1784 982 1808 sanctus
994 1780 1112 1807 Thomas
1135 1788 1143 1806 ι
1165 1786 1252 1815 parte,
1270 1785 1364 1815 quaest.
1383 1780 1412 1814 1,
1427 1785 1478 1808 art.
1495 1781 1522 1813 9,
1540 1780 1567 1808 in
1581 1787 1705 1815 corpore,

99 1813 245 1850 concludit,
260 1815 286 1841 in
300 1823 378 1842 sacra
393 1813 527 1848 doctrina,
553 1813 614 1842 cum
627 1813 659 1842 ea
675 1813 782 1843 cunctis
800 1815 954 1842 hominibus
970 1820 1152 1842 conmmtnter
1166 1813 1348 1850 proponatur,
1383 1816 1550 1850 tnetaphoris
1564 1821 1592 1843 et
1605 1813 1704 1849 corpo-

100 1847 203 1885 talibus
213 1850 441 1878 similitudinibus
456 1851 548 1878 divina
572 1850 672 1884 exponi
699 1851 815 1877 maxime
839 1852 1003 1877 conveniente
1017 1858 1088 1877 essr.
1121 1847 1193 1877 Deus
1214 1847 1305 1883 énim,
1331 1847 1428 1884 inquit,
1442 1847 1567 1878 omnibus
1584 1847 1708 1885 providet

100 1884 249 1920 secundum
264 1885 336 1919 quod
355 1886 485 1920 competit
502 1893 594 1912 eorum
612 1890 727 1913 naturas.
750 1885 797 1912 Est
824 1891 913 1912 autem
929 1886 1053 1912 naturale
1068 1886 1181 1917 homini,
1198 1891 1226 1912 ut.
1253 1893 1304 1920 per
1322 1886 1463 1914 sensibilia
1477 1887 1510 1913 ad
1527 1884 1706 1919 intelligibilia

100 1918 210 1956 veniat;
226 1918 288 1954 quia
307 1921 394 1947 onmis
408 1918 500 1947 nostra
515 1920 635 1954 cognitio
653 1928 668 1947 a
680 1928 761 1947 sensu
787 1920 892 1946 initium
909 1920 999 1956 habet.
1031 1921 1107 1948 Unde
1131 1918 1325 1948 convenienter
1346 1922 1370 1947 in
1388 1929 1466 1948 sacra
1495 1918 1635 1956 Scriptura
1652 1925 1706 1947 tra-

97 1953 200 1980 duntur
224 1953 303 1992 nobis
314 1956 467 1990 spiritualia
484 1957 534 1983 sub
549 1953 718 1992 metaphora
732 1955 926 1990 corporalium.
939 1955 973 1992 Et
988 1957 1041 1983 hoc
1055 1956 1181 1990 estquod
1197 1957 1268 1982 inira
1291 1956 1370 1991 paulo
1385 1963 1446 1992 post
1468 1957 1535 1983 dicit
1549 1953 1704 1992 Dionysius,

99 1995 151 2014 non
167 1996 245 2023 posse
269 1991 349 2017 aliter
373 1990 659 2026 divinooprincipalem
682 1991 756 2017 illum
777 1991 883 2018 radium
908 1991 987 2019 nobis
1019 1991 1186 2023 illucescere,
1214 1992 1266 2018 nisi
1291 1990 1435 2020 'sacror‘utn
1458 1992 1590 2018 varietate
1615 1991 1705 2025 operi-

100 2029 253 2065 tnrutOrum
278 2027 426 2064 anagogice
451 2024 619 2053 obvelatunt.
642 2024 757 2054 Badium
773 2031 864 2054 autent
879 2026 1162 2061 divino—principalem
1187 2032 1264 2053 vacat
1276 2027 1363 2061 ipsam
1375 2035 1466 2055 rerum
1481 2024 1641 2054 divinarutn’
1657 2032 1704 2053 ve-

99 2065 204 2088 nialem
210 2082 216 2089 .

133 2096 219 2124 Porro
231 2099 485 2126 convenientissima
499 2098 579 2126 nobis
592 2098 682 2133 divina
698 2097 923 2133 similitudinibus
935 2096 1122 2133 corporalibus
1145 2095 1290 2133 designari,
1317 2105 1350 2125 ex
1375 2097 1501 2133 Dionysio
1524 2101 1642 2131 quatuor
1661 2103 1705 2122 ra-

100 2131 217 2169 tionibus
233 2134 328 2169 probat
344 2136 373 2161 υ.
387 2134 505 2161 Thomas
523 2135 550 2160 in
563 2135 609 2162 lib.
626 2141 633 2160 ι
663 2132 792 2164 Sentent.,
806 2133 870 2159 dist.
883 2131 928 2164 54,
942 2139 971 2165 q.
983 2132 1010 2164 5,
1026 2132 1141 2169 articulo
1156 2132 1182 2169 1λ.
1210 2132 1301 2159 Prima
1324 2139 1351 2160 et
1375 2131 1530 2168 principalis
1540 2137 1582 2169 est
1597 2137 1706 2166 propter

98 2168 217 2204 materia:
228 2165 434 2202 sublimitatem,
452 2177 512 2204 quae
527 2170 612 2196 nostri
627 2169 779 2196 intellectus
792 2169 968 2202 capacitatem
985 2167 1103 2204 excedit.
1118 2165 1193 2204 Unde
1213 2175 1267 2194 non
1283 2165 1426 2201 possumus
1442 2165 1531 2195 rerum
1550 2165 1704 2194 divinarum

99 2203 239 2238 veritatem
256 2206 402 2231 secundum
422 2201 529 2231 modum
542 2211 619 2231 suum
634 2211 741 2238 capere,
757 2201 839 2237 atque
851 2203 911 2229 ideo
922 2201 1105 2238 oportetillas
1131 2202 1207 2229 nobis
1221 2205 1368 2230 secundum
1386 2204 1492 2230 modum
1507 2206 1631 2229 nostrum
1643 2209 1705 2238 pro-

97 2237 170 2270 poni.
199 2238 248 2265 Est
261 2245 350 2266 autem
365 2240 443 2266 nobis
455 2239 641 2271 connaturale,
659 2236 674 2265 εἰ
688 2236 862 2265 seusibilibus
878 2238 904 2264 in
926 2236 1146 2272 intelligibiltutn,
1162 2243 1188 2264 et
1202 2245 1217 2263 a
1241 2239 1435 2272 posterioribus
1451 2239 1477 2265 ιιι
1501 2238 1621 2272 priorum
1634 2237 1705 2264 noti-

99 2276 161 2309 tiam
175 2273 315 2307 devenire;
331 2279 359 2301 et
375 2274 476 2302 idcirco
491 2275 542 2301 sub
553 2274 638 2309 ﬁgura
650 2273 830 2306 sensibilium,
847 2272 923 2300 intcll
935 2272 1027 2307 gibilta
1043 2272 1122 2299 nobis
1136 2279 1336 2306 proponuntur,
1354 2280 1383 2300 ut
1393 2281 1427 2301 ex
1440 2275 1482 2301 his
1494 2280 1555 2307 qua:
1566 2272 1701 2304 novimus,

98 2307 373 2346 adnincognitamens
390 2315 481 2337 nostra
493 2307 597 2343 surgat.
670 2343 694 2346 __
743 2344 747 2346 _
797 2343 802 2346 Δ
845 2343 849 2346 _
1113 2342 1140 2346 _,
1345 2345 1350 2346 γ
1403 2344 1417 2346 η
1466 2344 1470 2346 ,
1630 2341 1635 2346 .

132 2341 253 2371 Secutida
269 2344 338 2371 ratio
347 2348 400 2377 est,
411 2347 485 2379 quia,
501 2341 562 2372 cum
583 2346 610 2371 in
634 2343 711 2372 nobis
727 2344 761 2371 sit
787 2343 895 2379 duplexr
911 2350 974 2378 pars
994 2342 1195 2379 cogitascitiva,
1216 2343 1319 2371 scilicet
1344 2344 1506 2372 intellectiva
1525 2349 1553 2370 et
1566 2341 1704 2379 sensitiva,

97 2379 213 2412 providit
225 2379 315 2406 divina
332 2377 479 2414 Sapientia,
502 2385 532 2406 ut
560 2386 675 2414 utraque
687 2387 760 2413 pars,
775 2381 863 2412 quoad
883 2377 941 2405 ﬁeri
957 2383 1076 2412 poterat,
1092 2385 1118 2414 tu
1142 2377 1233 2414 divina
1260 2380 1443 2407 reduceretur.
1462 2379 1496 2406 Et
1516 2384 1658 2414 propterea
1674 2377 1706 2403 li-

97 2420 176 2452 gni-as
191 2413 377 2446 corporalium
388 2415 523 2447 adhibuit,
539 2422 600 2449 quae
613 2416 740 2442 sensitiva
755 2420 833 2449 parte
848 2415 906 2448 capi
921 2418 1044 2448 possunt,
1074 2413 1138 2447 quia
1166 2413 1223 2447 ipsa
1238 2413 1430 2442 intellectualia
1446 2413 1537 2442 rerum
1552 2414 1705 2441 divinarum

97 2452 227 2479 attingere
245 2457 297 2476 IlOﬂ
309 2454 424 2479 poterat.
1505 2475 1507 2479 '

136 2456 161 2474 tn
389 2459 392 2465 -
416 2469 424 2477 .

132 2456 227 2511 ’Iesrii:
235 2456 455 2519 rill‘t’iiiptfslﬁrquia
471 2486 498 2512 in
512 2485 568 2513 Deo
581 2487 674 2513 verius
689 2485 878 2519 cognoscimus
889 2483 953 2518 quid
970 2487 1091 2519 nonest,
1109 2489 1190 2517 quam
1204 2483 1267 2518 quid
1291 2489 1342 2512 est.
1355 2484 1432 2513 Unde
1446 2484 1476 2512 S.
1501 2475 1646 2518 Dionysius
1661 2488 1707 2508 se-

97 2519 186 2555 quenti
202 2527 279 2554 cap,,
293 2519 308 2555 §
323 2520 340 2546 5
353 2525 377 2553 P,
393 2517 460 2548 dicit
476 2523 635 2554 negationes
649 2523 674 2548 in
690 2517 790 2547 divinis
804 2527 864 2546 esse
882 2517 972 2551 vct‘as,
990 2517 1183 2545 alﬁrmattones
1200 2517 1264 2546 vero
1281 2520 1454 2554 incongruus.
1479 2520 1512 2547 Et
1526 2517 1586 2546 ideo
1601 2526 1662 2545 cum
1674 2519 1707 2544 de

97 2553 220 2581 omnibus
232 2553 340 2588 Quafde
355 2555 409 2581 Deo
424 2553 609 2589 enuntiantus,
625 2556 828 2590 intelligendum
844 2555 890 2586 sit,
905 2554 950 2580 illa
965 2562 1017 2590 non
1034 2560 1067 2579 eo
1078 2589 1082 2590 γ
1095 2556 1175 2580 tnodo
1193 2557 1340 2582 convenire
1360 2553 1425 2586 Deo,
1442 2560 1524 2589 prout
1535 2554 1707 2581 inveniuntur

98 2589 124 2613 in
137 2595 280 2622 creatum,
294 2592 341 2617 sed
353 2598 401 2625 per
416 2591 533 2625 aliquem
546 2594 656 2619 modum
681 2589 841 2618 imitationis
859 2594 887 2616 et
913 2589 1110 2622 similitudinis,
1130 2591 1291 2625 huiusmodi
1315 2592 1462 2617 eminentia
1478 2591 1524 2618 Dei
1551 2595 1708 2625 expressms

98 2625 291 2662 ostendebatur
305 2623 399 2662 pet-rea
415 2623 475 2660 qua}
490 2629 577 2662 magis
593 2627 735 2653 manilesta
757 2629 820 2653 sunt
833 2625 866 2651 ab
881 2625 940 2662 ipso
952 2660 956 2662 Δ
970 2631 1119 2662 removeri.
1129 2623 1192 2662 ῌωυ
1217 2629 1307 2662 autem
1331 2631 1396 2653 sunt
1411 2624 1573 2662 corporalia,
1589 2629 1617 2651 ct
1647 2624 1707 2662 ideo

98 2659 365 2688 convenientius’l‘nit
387 2659 741 2697 Speciebus'corporahbus
763 2661 854 2688 divina
869 2659 1030 2694 suguiﬁcari,
1058 2663 1087 2686 ut
1114 2659 1157 2686 his
1172 2660 1341 2689 assuefactus
1353 2662 1471 2688 disceret
1495 2661 1631 2687 humanus
1646 2659 1707 2686 ani-

150 2726 158 2746 ι
175 2725 255 2755 Joau.
281 2734 327 2759 sv,
341 2727 369 2754 1.
418 2732 437 2746 ιη
458 2727 536 2755 Joan.
562 2735 601 2761 v1,
622 2727 663 2755 56.
706 2725 811 2753 n.Ioan.
824 2733 844 2752 ι.
884 2724 919 2751 οι
935 2723 1006 2752 Tim.
1021 2731 1053 2756 ιι,
1073 2722 1100 2750 5.
1141 2728 1154 2747 Ρ
1174 2722 1238 2750 (.‘cel.
1255 2723 1320 2750 hier.
1345 2731 1404 2759 cap.
1429 2724 1458 2757 2;
1475 2723 1527 2760 §5.

732 2796 849 2824 VARUE
866 2793 1065 2823 LECTIONES.

133 2856 162 2872 "‘
187 2856 243 2886 Hoc
269 2866 322 2886 non
349 2863 438 2887 exstat
467 2858 493 2886 in
518 2859 594 2886 libris
624 2859 756 2895 vulgatis,
782 2859 828 2887 scd
856 2859 956 2887 citalur
979 2867 994 2887 a
1018 2859 1202 2894 Cyparissiota
1225 2859 1252 2886 in
1277 2856 1422 2892 Theologia
1445 2855 1599 2884 matcriata.
1699 2880 1706 2893 ι
