  <div class='ocr_page' id='page_1' title='image "/cluster/home/n/w/nwhite01/storage/ocr_20150623/3/njp.32101077772356/088.png"; bbox 0 0 1925 3070; ppageno 0'>
   <div class='ocr_carea' id='block_1_1' title="bbox 95 137 153 164">
    <p class='ocr_par' dir='ltr' id='par_1_1' title="bbox 95 137 153 164">
     <span class='ocr_line' id='line_1_1' title="bbox 95 137 153 164; baseline 0 0"><span class='ocrx_word' id='word_1_1' title='bbox 95 137 153 164; x_wconf 69' lang='grc'><strong>129</strong></span> 
     </span>
    </p>
   </div>
   <div class='ocr_carea' id='block_1_2' title="bbox 97 237 887 274">
    <p class='ocr_par' dir='ltr' id='par_1_2' title="bbox 97 237 887 274">
     <span class='ocr_line' id='line_1_2' title="bbox 97 237 887 274; baseline 0 -10"><span class='ocrx_word' id='word_1_2' title='bbox 97 238 169 265; x_wconf 84' lang='grc' dir='ltr'>σίων</span> <span class='ocrx_word' id='word_1_3' title='bbox 185 238 335 265; x_wconf 69' lang='grc' dir='ltr'>ἐπίσκοπον</span> <span class='ocrx_word' id='word_1_4' title='bbox 356 237 498 274; x_wconf 84' lang='grc' dir='ltr'>Τιμόθεον,</span> <span class='ocrx_word' id='word_1_5' title='bbox 515 238 546 264; x_wconf 82' lang='grc' dir='ltr'>ὃν</span> <span class='ocrx_word' id='word_1_6' title='bbox 575 238 621 264; x_wconf 82' lang='grc' dir='ltr'>καὶ</span> <span class='ocrx_word' id='word_1_7' title='bbox 649 238 887 274; x_wconf 72' lang='grc' dir='ltr'>συμπρεσϐύτερον</span> 
     </span>
    </p>
   </div>
   <div class='ocr_carea' id='block_1_3' title="bbox 95 283 888 319">
    <p class='ocr_par' dir='ltr' id='par_1_3' title="bbox 95 283 888 319">
     <span class='ocr_line' id='line_1_3' title="bbox 95 283 888 319; baseline -0.001 -9"><span class='ocrx_word' id='word_1_8' title='bbox 95 283 189 316; x_wconf 84' lang='grc' dir='ltr'>καλεῖ,</span> <span class='ocrx_word' id='word_1_9' title='bbox 207 284 288 311; x_wconf 74' lang='grc' dir='ltr'>οἱονεὶ</span> <span class='ocrx_word' id='word_1_10' title='bbox 300 283 510 315; x_wconf 85' lang='grc' dir='ltr'>συνεπίσκοπον,</span> <span class='ocrx_word' id='word_1_11' title='bbox 528 283 566 315; x_wconf 88' lang='grc' dir='ltr'><strong>ὠς</strong></span> <span class='ocrx_word' id='word_1_12' title='bbox 582 284 628 311; x_wconf 79' lang='grc' dir='ltr'>καὶ</span> <span class='ocrx_word' id='word_1_13' title='bbox 645 284 740 310; x_wconf 81' lang='grc' dir='ltr'>ἑαυτὸν</span> <span class='ocrx_word' id='word_1_14' title='bbox 770 283 888 319; x_wconf 78' lang='grc' dir='ltr'>πρεσϐύ-</span> 
     </span>
    </p>
   </div>
   <div class='ocr_carea' id='block_1_4' title="bbox 95 320 889 365">
    <p class='ocr_par' dir='ltr' id='par_1_4' title="bbox 95 320 889 365">
     <span class='ocr_line' id='line_1_4' title="bbox 95 320 889 365; baseline 0.001 -10"><span class='ocrx_word' id='word_1_15' title='bbox 95 337 191 364; x_wconf 89' lang='grc' dir='ltr'>τερον,</span> <span class='ocrx_word' id='word_1_16' title='bbox 209 327 264 356; x_wconf 77' lang='grc' dir='ltr'>οἷον</span> <span class='ocrx_word' id='word_1_17' title='bbox 277 320 430 356; x_wconf 51' lang='grc' dir='ltr'>’ἐπίσκοπον</span> <span class='ocrx_word' id='word_1_18' title='bbox 448 329 531 365; x_wconf 79' lang='grc' dir='ltr'>(οὕτω</span> <span class='ocrx_word' id='word_1_19' title='bbox 547 329 601 365; x_wconf 88' lang='grc' dir='ltr'><strong>γὰρ</strong></span> <span class='ocrx_word' id='word_1_20' title='bbox 618 330 666 357; x_wconf 81' lang='grc' dir='ltr'>καὶ</span> <span class='ocrx_word' id='word_1_21' title='bbox 681 331 696 356; x_wconf 85' lang='grc' dir='ltr'><strong>ό</strong></span> <span class='ocrx_word' id='word_1_22' title='bbox 712 330 817 362; x_wconf 82' lang='grc' dir='ltr'>Παῦλος</span> <span class='ocrx_word' id='word_1_23' title='bbox 830 331 889 361; x_wconf 86' lang='grc' dir='ltr'>ταῖς</span> 
     </span>
    </p>
   </div>
   <div class='ocr_carea' id='block_1_5' title="bbox 95 375 889 411">
    <p class='ocr_par' dir='ltr' id='par_1_5' title="bbox 95 375 889 411">
     <span class='ocr_line' id='line_1_5' title="bbox 95 375 889 411; baseline 0.001 -10"><span class='ocrx_word' id='word_1_24' title='bbox 95 376 149 411; x_wconf 84' lang='grc' dir='ltr'>τῆς</span> <span class='ocrx_word' id='word_1_25' title='bbox 177 376 270 407; x_wconf 80' lang='grc' dir='ltr'>Ἀσίας</span> <span class='ocrx_word' id='word_1_26' title='bbox 299 375 514 410; x_wconf 80' lang='grc' dir='ltr'>συντασσόμενος</span> <span class='ocrx_word' id='word_1_27' title='bbox 531 375 713 410; x_wconf 78' lang='grc' dir='ltr'>Ἑκκλησίαις,</span> <span class='ocrx_word' id='word_1_28' title='bbox 742 376 834 411; x_wconf 75' lang='grc' dir='ltr'>φησὶν,</span> <span class='ocrx_word' id='word_1_29' title='bbox 851 376 889 408; x_wconf 84' lang='grc' dir='ltr'>ὡς</span> 
     </span>
    </p>
   </div>
   <div class='ocr_carea' id='block_1_6' title="bbox 96 421 889 458">
    <p class='ocr_par' dir='ltr' id='par_1_6' title="bbox 96 421 889 458">
     <span class='ocr_line' id='line_1_6' title="bbox 96 421 889 458; baseline 0.001 -11"><span class='ocrx_word' id='word_1_30' title='bbox 96 422 127 447; x_wconf 82' lang='grc' dir='ltr'>ὲν</span> <span class='ocrx_word' id='word_1_31' title='bbox 143 422 206 453; x_wconf 83' lang='grc' dir='ltr'>ταῖς</span> <span class='ocrx_word' id='word_1_32' title='bbox 222 421 342 457; x_wconf 78' lang='grc' dir='ltr'>Πράξεσι</span> <span class='ocrx_word' id='word_1_33' title='bbox 369 421 501 458; x_wconf 78' lang='grc' dir='ltr'>φέρεται),</span> <span class='ocrx_word' id='word_1_34' title='bbox 520 421 586 456; x_wconf 83' lang='grc' dir='ltr'>φησὶ</span> <span class='ocrx_word' id='word_1_35' title='bbox 602 422 703 453; x_wconf 82' lang='grc' dir='ltr'><strong>τοίνυν,</strong></span> <span class='ocrx_word' id='word_1_36' title='bbox 727 421 889 457; x_wconf 83' lang='grc' dir='ltr'>δανεισάμε-</span> 
     </span>
    </p>
   </div>
   <div class='ocr_carea' id='block_1_7' title="bbox 95 467 889 505">
    <p class='ocr_par' dir='ltr' id='par_1_7' title="bbox 95 467 889 505">
     <span class='ocr_line' id='line_1_7' title="bbox 95 467 889 505; baseline 0.003 -11"><span class='ocrx_word' id='word_1_37' title='bbox 95 477 144 500; x_wconf 57' lang='grc' dir='ltr'>νος</span> <span class='ocrx_word' id='word_1_38' title='bbox 159 469 193 494; x_wconf 80' lang='grc' dir='ltr'>ὲκ</span> <span class='ocrx_word' id='word_1_39' title='bbox 204 467 251 494; x_wconf 80' lang='grc' dir='ltr'><strong>τοῦ</strong></span> <span class='ocrx_word' id='word_1_40' title='bbox 276 467 403 494; x_wconf 75' lang='grc' dir='ltr'>Ἰακώϐου</span> <span class='ocrx_word' id='word_1_41' title='bbox 419 468 450 495; x_wconf 81' lang='grc' dir='ltr'><strong>τὸ</strong></span> <span class='ocrx_word' id='word_1_42' title='bbox 467 468 621 504; x_wconf 88' lang='grc' dir='ltr'>προοίμιον,</span> <span class='ocrx_word' id='word_1_43' title='bbox 638 469 679 495; x_wconf 85' lang='grc' dir='ltr'><strong>ὄτι</strong></span> <span class='ocrx_word' id='word_1_44' title='bbox 691 469 766 496; x_wconf 77' lang='grc' dir='ltr'>πᾶσα</span> <span class='ocrx_word' id='word_1_45' title='bbox 783 469 889 505; x_wconf 84' lang='grc' dir='ltr'>παροχὴ</span> 
     </span>
    </p>
   </div>
   <div class='ocr_carea' id='block_1_8' title="bbox 96 514 889 550">
    <p class='ocr_par' dir='ltr' id='par_1_8' title="bbox 96 514 889 550">
     <span class='ocr_line' id='line_1_8' title="bbox 96 514 889 550; baseline 0.003 -10"><span class='ocrx_word' id='word_1_46' title='bbox 96 514 217 548; x_wconf 82' lang='grc' dir='ltr'><strong>ἀγαθοῦ,</strong></span> <span class='ocrx_word' id='word_1_47' title='bbox 249 515 295 541; x_wconf 81' lang='grc' dir='ltr'><strong>καὶ</strong></span> <span class='ocrx_word' id='word_1_48' title='bbox 321 515 375 541; x_wconf 80' lang='grc' dir='ltr'><strong>πᾶν</strong></span> <span class='ocrx_word' id='word_1_49' title='bbox 391 515 514 550; x_wconf 84' lang='grc' dir='ltr'>χάρισμα</span> <span class='ocrx_word' id='word_1_50' title='bbox 543 515 655 547; x_wconf 85' lang='grc' dir='ltr'>τέλειον,</span> <span class='ocrx_word' id='word_1_51' title='bbox 674 516 722 542; x_wconf 74' lang='grc' dir='ltr'>καὶ</span> <span class='ocrx_word' id='word_1_52' title='bbox 747 515 889 547; x_wconf 84' lang='grc' dir='ltr'><strong>ἀνελλιπὲς</strong></span> 
     </span>
    </p>
   </div>
   <div class='ocr_carea' id='block_1_9' title="bbox 96 559 890 596">
    <p class='ocr_par' dir='ltr' id='par_1_9' title="bbox 96 559 890 596">
     <span class='ocr_line' id='line_1_9' title="bbox 96 559 890 596; baseline 0.001 -10"><span class='ocrx_word' id='word_1_53' title='bbox 96 560 210 592; x_wconf 80' lang='grc' dir='ltr'>πάντως</span> <span class='ocrx_word' id='word_1_54' title='bbox 226 559 286 586; x_wconf 77' lang='grc' dir='ltr'>καθ’</span> <span class='ocrx_word' id='word_1_55' title='bbox 296 559 372 591; x_wconf 78' lang='grc' dir='ltr'>αὐτὸ,</span> <span class='ocrx_word' id='word_1_56' title='bbox 386 560 447 586; x_wconf 72' lang='grc' dir='ltr'>ἐπεὶ</span> <span class='ocrx_word' id='word_1_57' title='bbox 464 559 540 596; x_wconf 83' lang='grc' dir='ltr'>παρὰ</span> <span class='ocrx_word' id='word_1_58' title='bbox 555 560 604 595; x_wconf 84' lang='grc' dir='ltr'>τὴν</span> <span class='ocrx_word' id='word_1_59' title='bbox 619 560 674 587; x_wconf 80' lang='grc' dir='ltr'>τῶν</span> <span class='ocrx_word' id='word_1_60' title='bbox 685 560 890 596; x_wconf 74' lang='grc' dir='ltr'><strong>ὑποδεχομένων</strong></span> 
     </span>
    </p>
   </div>
   <div class='ocr_carea' id='block_1_10' title="bbox 97 606 890 642">
    <p class='ocr_par' dir='ltr' id='par_1_10' title="bbox 97 606 890 642">
     <span class='ocr_line' id='line_1_10' title="bbox 97 606 890 642; baseline 0.001 -10"><span class='ocrx_word' id='word_1_61' title='bbox 97 606 159 639; x_wconf 71' lang='grc' dir='ltr'>ἕξιν</span> <span class='ocrx_word' id='word_1_62' title='bbox 188 606 319 638; x_wconf 81' lang='grc' dir='ltr'><strong>πολλάκις</strong></span> <span class='ocrx_word' id='word_1_63' title='bbox 349 606 486 633; x_wconf 67' lang='grc' dir='ltr'>ὲλλείπει*</span> <span class='ocrx_word' id='word_1_64' title='bbox 517 607 563 634; x_wconf 81' lang='grc' dir='ltr'>καὶ</span> <span class='ocrx_word' id='word_1_65' title='bbox 591 607 622 634; x_wconf 84' lang='grc' dir='ltr'>οὐ</span> <span class='ocrx_word' id='word_1_66' title='bbox 649 607 696 633; x_wconf 82' lang='grc' dir='ltr'><strong>τοῦ</strong></span> <span class='ocrx_word' id='word_1_67' title='bbox 723 607 890 642; x_wconf 76' lang='grc' dir='ltr'><strong>χαρίσματος</strong></span> 
     </span>
    </p>
   </div>
   <div class='ocr_carea' id='block_1_11' title="bbox 96 651 892 688">
    <p class='ocr_par' dir='ltr' id='par_1_11' title="bbox 96 651 892 688">
     <span class='ocr_line' id='line_1_11' title="bbox 96 651 892 688; baseline 0.003 -10"><span class='ocrx_word' id='word_1_68' title='bbox 96 652 196 685; x_wconf 82' lang='grc' dir='ltr'>τοῦτο,</span> <span class='ocrx_word' id='word_1_69' title='bbox 234 651 303 679; x_wconf 75' lang='grc' dir='ltr'>ἀλλὰ</span> <span class='ocrx_word' id='word_1_70' title='bbox 334 653 384 688; x_wconf 77' lang='grc' dir='ltr'><strong>τῆς</strong></span> <span class='ocrx_word' id='word_1_71' title='bbox 412 653 549 688; x_wconf 83' lang='grc' dir='ltr'>ἡμετέρας</span> <span class='ocrx_word' id='word_1_72' title='bbox 579 652 720 688; x_wconf 84' lang='grc' dir='ltr'>δυνάμεως</span> <span class='ocrx_word' id='word_1_73' title='bbox 751 652 892 688; x_wconf 81' lang='grc' dir='ltr'><strong>χωρούσης</strong></span> 
     </span>
    </p>
   </div>
   <div class='ocr_carea' id='block_1_12' title="bbox 97 697 890 736">
    <p class='ocr_par' dir='ltr' id='par_1_12' title="bbox 97 697 890 736">
     <span class='ocr_line' id='line_1_12' title="bbox 97 697 890 736; baseline -0.001 -9"><span class='ocrx_word' id='word_1_74' title='bbox 97 700 163 727; x_wconf 80' lang='grc' dir='ltr'>καθ’</span> <span class='ocrx_word' id='word_1_75' title='bbox 184 700 245 726; x_wconf 81' lang='grc' dir='ltr'>ὅσον</span> <span class='ocrx_word' id='word_1_76' title='bbox 272 699 314 727; x_wconf 70' lang='grc' dir='ltr'>οἵα</span> <span class='ocrx_word' id='word_1_77' title='bbox 331 699 361 726; x_wconf 80' lang='grc' dir='ltr'><strong>τέ</strong></span> <span class='ocrx_word' id='word_1_78' title='bbox 386 701 469 727; x_wconf 75' lang='grc' dir='ltr'>ἐστιν.</span> <span class='ocrx_word' id='word_1_79' title='bbox 501 701 545 731; x_wconf 85' lang='grc' dir='ltr'><strong>Ὠς</strong></span> <span class='ocrx_word' id='word_1_80' title='bbox 574 699 629 736; x_wconf 84' lang='grc' dir='ltr'><strong>γὰρ</strong></span> <span class='ocrx_word' id='word_1_81' title='bbox 655 701 669 727; x_wconf 88' lang='grc' dir='ltr'><strong>ὁ</strong></span> <span class='ocrx_word' id='word_1_82' title='bbox 698 697 777 731; x_wconf 69' lang='grc' dir='ltr'>αὐτὸς</span> <span class='ocrx_word' id='word_1_83' title='bbox 805 700 890 735; x_wconf 73' lang='grc' dir='ltr'>ἥλιος,</span> 
     </span>
    </p>
   </div>
   <div class='ocr_carea' id='block_1_13' title="bbox 96 745 891 782">
    <p class='ocr_par' dir='ltr' id='par_1_13' title="bbox 96 745 891 782">
     <span class='ocr_line' id='line_1_13' title="bbox 96 745 891 782; baseline 0 -10"><span class='ocrx_word' id='word_1_84' title='bbox 96 746 243 781; x_wconf 82' lang='grc' dir='ltr'>διαφόροις</span> <span class='ocrx_word' id='word_1_85' title='bbox 265 746 455 781; x_wconf 82' lang='grc' dir='ltr'>ὑποκειμένοις</span> <span class='ocrx_word' id='word_1_86' title='bbox 482 745 664 778; x_wconf 78' lang='grc' dir='ltr'>ἐπιπολάζων,</span> <span class='ocrx_word' id='word_1_87' title='bbox 691 746 784 781; x_wconf 73' lang='grc' dir='ltr'>ἕτερον</span> <span class='ocrx_word' id='word_1_88' title='bbox 799 746 891 782; x_wconf 68' lang='grc' dir='ltr'>ἐτέρου</span> 
     </span>
    </p>
   </div>
   <div class='ocr_carea' id='block_1_14' title="bbox 99 791 893 828">
    <p class='ocr_par' dir='ltr' id='par_1_14' title="bbox 99 791 893 828">
     <span class='ocr_line' id='line_1_14' title="bbox 99 791 893 828; baseline -0.001 -10"><span class='ocrx_word' id='word_1_89' title='bbox 99 792 183 818; x_wconf 84' lang='grc' dir='ltr'>πλέον</span> <span class='ocrx_word' id='word_1_90' title='bbox 210 791 364 827; x_wconf 80' lang='grc' dir='ltr'><strong>θερμαίνει,</strong></span> <span class='ocrx_word' id='word_1_91' title='bbox 395 792 442 818; x_wconf 81' lang='grc' dir='ltr'>καὶ</span> <span class='ocrx_word' id='word_1_92' title='bbox 471 792 502 818; x_wconf 81' lang='grc' dir='ltr'>οὑ</span> <span class='ocrx_word' id='word_1_93' title='bbox 526 792 572 819; x_wconf 86' lang='grc' dir='ltr'><strong>τοῦ</strong></span> <span class='ocrx_word' id='word_1_94' title='bbox 599 792 675 828; x_wconf 82' lang='grc' dir='ltr'>ἡλίου</span> <span class='ocrx_word' id='word_1_95' title='bbox 704 792 798 823; x_wconf 82' lang='grc' dir='ltr'>τοῦτο,</span> <span class='ocrx_word' id='word_1_96' title='bbox 825 791 893 818; x_wconf 85' lang='grc' dir='ltr'>ἀλλὰ</span> 
     </span>
    </p>
   </div>
   <div class='ocr_carea' id='block_1_15' title="bbox 98 837 892 873">
    <p class='ocr_par' dir='ltr' id='par_1_15' title="bbox 98 837 892 873">
     <span class='ocr_line' id='line_1_15' title="bbox 98 837 892 873; baseline 0 -9"><span class='ocrx_word' id='word_1_97' title='bbox 98 838 156 864; x_wconf 78' lang='grc' dir='ltr'>τῶν</span> <span class='ocrx_word' id='word_1_98' title='bbox 173 837 378 873; x_wconf 70' lang='grc' dir='ltr'>ὑποδεχομένων</span> <span class='ocrx_word' id='word_1_99' title='bbox 405 838 451 865; x_wconf 83' lang='grc' dir='ltr'>τὸν</span> <span class='ocrx_word' id='word_1_100' title='bbox 481 838 574 873; x_wconf 79' lang='grc' dir='ltr'><strong>ἦλιον⁸</strong></span> <span class='ocrx_word' id='word_1_101' title='bbox 600 838 671 865; x_wconf 78' lang='grc' dir='ltr'>οὕτω</span> <span class='ocrx_word' id='word_1_102' title='bbox 696 838 742 865; x_wconf 74' lang='grc' dir='ltr'><strong>καὶ</strong></span> <span class='ocrx_word' id='word_1_103' title='bbox 766 838 796 864; x_wconf 79' lang='grc' dir='ltr'>τὸ</span> <span class='ocrx_word' id='word_1_104' title='bbox 821 838 892 864; x_wconf 73' lang='grc' dir='ltr'>θεῖον</span> 
     </span>
    </p>
   </div>
   <div class='ocr_carea' id='block_1_16' title="bbox 350 130 890 167">
    <p class='ocr_par' dir='ltr' id='par_1_16' title="bbox 350 132 890 167">
     <span class='ocr_line' id='line_1_16' title="bbox 350 132 890 167; baseline 0.004 -7"><span class='ocrx_word' id='word_1_105' title='bbox 350 132 394 160; x_wconf 88' lang='lat' dir='ltr'><strong>DE</strong></span> <span class='ocrx_word' id='word_1_106' title='bbox 411 132 572 162; x_wconf 77' lang='lat' dir='ltr'><strong>CCELESTI</strong></span> <span class='ocrx_word' id='word_1_107' title='bbox 590 133 814 167; x_wconf 77' lang='lat' dir='ltr'><strong>IIIERARCHIA,</strong></span> <span class='ocrx_word' id='word_1_108' title='bbox 841 134 890 162; x_wconf 59' lang='lat' dir='ltr'><strong>CA?</strong></span> 
     </span>
    </p>
   </div>
   <div class='ocr_carea' id='block_1_17' title="bbox 942 130 1462 167">
    <p class='ocr_par' dir='ltr' id='par_1_17' title="bbox 942 130 1462 161">
     <span class='ocr_line' id='line_1_17' title="bbox 942 130 1462 161; baseline -0.004 -1"><span class='ocrx_word' id='word_1_109' title='bbox 942 133 958 160; x_wconf 96' lang='grc' dir='ltr'><strong>Ι.</strong></span> <span class='ocrx_word' id='word_1_110' title='bbox 979 149 1014 154; x_wconf 89' lang='grc'><strong><em>-</em></strong></span> <span class='ocrx_word' id='word_1_111' title='bbox 1030 131 1204 161; x_wconf 75' lang='grc' dir='ltr'><strong>ΡΑῐὶΔΡΗΒ.</strong></span> <span class='ocrx_word' id='word_1_112' title='bbox 1224 130 1462 159; x_wconf 70' lang='grc' dir='ltr'><strong>ΡΑΟΗἹΜΕΒΑΞ.</strong></span> 
     </span>
    </p>
   </div>
   <div class='ocr_carea' id='block_1_18' title="bbox 135 192 926 229">
    <p class='ocr_par' dir='ltr' id='par_1_18' title="bbox 135 192 926 229">
     <span class='ocr_line' id='line_1_18' title="bbox 135 192 926 229; baseline -0.001 -9"><span class='ocrx_word' id='word_1_113' title='bbox 135 192 150 228; x_wconf 78' lang='lat'>§</span> <span class='ocrx_word' id='word_1_114' title='bbox 168 193 191 220; x_wconf 82' lang='grc'><strong>1.</strong></span> <span class='ocrx_word' id='word_1_115' title='bbox 206 192 291 228; x_wconf 81' lang='grc' dir='ltr'>Φησὶν</span> <span class='ocrx_word' id='word_1_116' title='bbox 303 192 318 219; x_wconf 83' lang='grc' dir='ltr'><strong>ὸ</strong></span> <span class='ocrx_word' id='word_1_117' title='bbox 334 193 421 229; x_wconf 83' lang='grc' dir='ltr'><strong>μέγας</strong></span> <span class='ocrx_word' id='word_1_118' title='bbox 435 192 573 224; x_wconf 85' lang='grc' dir='ltr'>Διονύσιος</span> <span class='ocrx_word' id='word_1_119' title='bbox 583 192 653 228; x_wconf 78' lang='grc' dir='ltr'>πρὸς</span> <span class='ocrx_word' id='word_1_120' title='bbox 676 193 722 220; x_wconf 76' lang='grc' dir='ltr'>τὸν</span> <span class='ocrx_word' id='word_1_121' title='bbox 737 193 792 220; x_wconf 85' lang='grc' dir='ltr'>τῶν</span> <span class='ocrx_word' id='word_1_122' title='bbox 810 192 889 228; x_wconf 78' lang='grc' dir='ltr'>Ἒφε-</span> <span class='ocrx_word' id='word_1_123' title='bbox 903 198 926 226; x_wconf 77' lang='grc' dir='ltr'>Α</span> 
     </span>
    </p>
   </div>
   <div class='ocr_carea' id='block_1_19' title="bbox 1675 128 1727 160">
    <p class='ocr_par' dir='ltr' id='par_1_19' title="bbox 1675 128 1727 160">
     <span class='ocr_line' id='line_1_19' title="bbox 1675 128 1727 160; baseline 0.019 -1"><span class='ocrx_word' id='word_1_124' title='bbox 1675 128 1727 160; x_wconf 76' lang='lat' dir='ltr'><strong>I30</strong></span> 
     </span>
    </p>
   </div>
   <div class='ocr_carea' id='block_1_20' title="bbox 976 190 1726 228">
    <p class='ocr_par' dir='ltr' id='par_1_20' title="bbox 976 190 1726 228">
     <span class='ocr_line' id='line_1_20' title="bbox 976 190 1726 228; baseline 0 -9"><span class='ocrx_word' id='word_1_125' title='bbox 976 192 990 228; x_wconf 86' lang='lat'><strong>§</strong></span> <span class='ocrx_word' id='word_1_126' title='bbox 1011 191 1029 221; x_wconf 81' lang='grc' dir='ltr'><strong>Ι.</strong></span> <span class='ocrx_word' id='word_1_127' title='bbox 1051 192 1166 226; x_wconf 81' lang='lat' dir='ltr'><strong>Magnus</strong></span> <span class='ocrx_word' id='word_1_128' title='bbox 1176 190 1322 226; x_wconf 84' lang='lat' dir='ltr'><strong>Dionysius</strong></span> <span class='ocrx_word' id='word_1_129' title='bbox 1347 190 1381 218; x_wconf 87' lang='lat' dir='ltr'><strong>ad</strong></span> <span class='ocrx_word' id='word_1_130' title='bbox 1407 190 1588 226; x_wconf 83' lang='lat' dir='ltr'><strong>Ephesiorum</strong></span> <span class='ocrx_word' id='word_1_131' title='bbox 1617 191 1726 226; x_wconf 77' lang='lat' dir='ltr'><strong>episco-</strong></span> 
     </span>
    </p>
   </div>
   <div class='ocr_carea' id='block_1_21' title="bbox 938 236 1727 272">
    <p class='ocr_par' dir='ltr' id='par_1_21' title="bbox 938 236 1727 272">
     <span class='ocr_line' id='line_1_21' title="bbox 938 236 1727 272; baseline 0 -8"><span class='ocrx_word' id='word_1_132' title='bbox 938 245 1001 272; x_wconf 89' lang='lat' dir='ltr'><strong>pum</strong></span> <span class='ocrx_word' id='word_1_133' title='bbox 1017 237 1202 270; x_wconf 74' lang='lat' dir='ltr'><strong>Timotheum,</strong></span> <span class='ocrx_word' id='word_1_134' title='bbox 1221 245 1301 271; x_wconf 89' lang='lat' dir='ltr'><strong>quem</strong></span> <span class='ocrx_word' id='word_1_135' title='bbox 1315 237 1617 272; x_wconf 88' lang='lat' dir='ltr'><strong>etcompresbyterum,</strong></span> <span class='ocrx_word' id='word_1_136' title='bbox 1644 236 1670 264; x_wconf 90' lang='lat' dir='ltr'><strong>id</strong></span> <span class='ocrx_word' id='word_1_137' title='bbox 1684 241 1727 264; x_wconf 76' lang='lat' dir='ltr'><strong>est</strong></span> 
     </span>
    </p>
   </div>
   <div class='ocr_carea' id='block_1_22' title="bbox 939 283 1726 318">
    <p class='ocr_par' dir='ltr' id='par_1_22' title="bbox 939 283 1726 318">
     <span class='ocr_line' id='line_1_22' title="bbox 939 283 1726 318; baseline 0.001 -9"><span class='ocrx_word' id='word_1_138' title='bbox 939 283 1140 318; x_wconf 79' lang='lat' dir='ltr'><strong>coepiscopum.</strong></span> <span class='ocrx_word' id='word_1_139' title='bbox 1156 288 1246 315; x_wconf 87' lang='lat' dir='ltr'><strong>vocat,</strong></span> <span class='ocrx_word' id='word_1_140' title='bbox 1262 285 1334 310; x_wconf 86' lang='lat' dir='ltr'><strong>sicut</strong></span> <span class='ocrx_word' id='word_1_141' title='bbox 1353 284 1410 316; x_wconf 86' lang='lat' dir='ltr'><strong>ipse</strong></span> <span class='ocrx_word' id='word_1_142' title='bbox 1425 290 1454 310; x_wconf 88' lang='lat' dir='ltr'><strong>se</strong></span> <span class='ocrx_word' id='word_1_143' title='bbox 1475 283 1660 318; x_wconf 73' lang='lat' dir='ltr'><strong>presbyterum</strong></span> <span class='ocrx_word' id='word_1_144' title='bbox 1678 291 1726 310; x_wconf 78' lang='lat' dir='ltr'><strong>seu</strong></span> 
     </span>
    </p>
   </div>
   <div class='ocr_carea' id='block_1_23' title="bbox 939 329 1727 364">
    <p class='ocr_par' dir='ltr' id='par_1_23' title="bbox 939 329 1727 364">
     <span class='ocr_line' id='line_1_23' title="bbox 939 329 1727 364; baseline 0.001 -8"><span class='ocrx_word' id='word_1_145' title='bbox 939 331 1096 364; x_wconf 89' lang='lat' dir='ltr'><strong>episcopum</strong></span> <span class='ocrx_word' id='word_1_146' title='bbox 1113 331 1187 363; x_wconf 87' lang='lat' dir='ltr'><strong>(nam</strong></span> <span class='ocrx_word' id='word_1_147' title='bbox 1204 334 1232 356; x_wconf 89' lang='lat' dir='ltr'><strong>et</strong></span> <span class='ocrx_word' id='word_1_148' title='bbox 1247 329 1341 357; x_wconf 89' lang='lat' dir='ltr'><strong>eodem</strong></span> <span class='ocrx_word' id='word_1_149' title='bbox 1355 330 1435 356; x_wconf 88' lang='lat' dir='ltr'><strong>modo</strong></span> <span class='ocrx_word' id='word_1_150' title='bbox 1455 329 1555 356; x_wconf 78' lang='lat' dir='ltr'><strong>Paulus</strong></span> <span class='ocrx_word' id='word_1_151' title='bbox 1572 330 1643 356; x_wconf 78' lang='lat' dir='ltr'><strong>Asiae</strong></span> <span class='ocrx_word' id='word_1_152' title='bbox 1654 337 1727 357; x_wconf 85' lang='lat' dir='ltr'><strong>cont-</strong></span> 
     </span>
    </p>
   </div>
   <div class='ocr_carea' id='block_1_24' title="bbox 939 375 1725 410">
    <p class='ocr_par' dir='ltr' id='par_1_24' title="bbox 939 375 1725 410">
     <span class='ocr_line' id='line_1_24' title="bbox 939 375 1725 410; baseline -0.001 -7"><span class='ocrx_word' id='word_1_153' title='bbox 939 383 1044 410; x_wconf 84' lang='lat' dir='ltr'><strong>ponens</strong></span> <span class='ocrx_word' id='word_1_154' title='bbox 1057 375 1194 403; x_wconf 82' lang='lat' dir='ltr'><strong>Ecclesias</strong></span> <span class='ocrx_word' id='word_1_155' title='bbox 1209 375 1335 410; x_wconf 89' lang='lat' dir='ltr'><strong>loquitur,</strong></span> <span class='ocrx_word' id='word_1_156' title='bbox 1354 380 1382 402; x_wconf 90' lang='lat' dir='ltr'><strong>ut</strong></span> <span class='ocrx_word' id='word_1_157' title='bbox 1399 375 1425 402; x_wconf 89' lang='lat' dir='ltr'><strong>in</strong></span> <span class='ocrx_word' id='word_1_158' title='bbox 1440 376 1515 402; x_wconf 84' lang='lat' dir='ltr'><strong>Actis</strong></span> <span class='ocrx_word' id='word_1_159' title='bbox 1549 376 1666 402; x_wconf 81' lang='lat' dir='ltr'><strong>refertur</strong></span> <span class='ocrx_word' id='word_1_160' title='bbox 1684 376 1693 394; x_wconf 69' lang='grc' dir='ltr'><strong>ί</strong></span> <span class='ocrx_word' id='word_1_161' title='bbox 1704 377 1725 410; x_wconf 85' lang='grc'>),</span> 
     </span>
    </p>
   </div>
   <div class='ocr_carea' id='block_1_25' title="bbox 939 421 1726 457">
    <p class='ocr_par' dir='ltr' id='par_1_25' title="bbox 939 421 1726 457">
     <span class='ocr_line' id='line_1_25' title="bbox 939 421 1726 457; baseline 0 -9"><span class='ocrx_word' id='word_1_162' title='bbox 939 430 973 449; x_wconf 78' lang='lat' dir='ltr'><strong>ex</strong></span> <span class='ocrx_word' id='word_1_163' title='bbox 998 421 1101 450; x_wconf 70' lang='lat' dir='ltr'><strong>Iacobo</strong></span> <span class='ocrx_word' id='word_1_164' title='bbox 1121 422 1283 457; x_wconf 63' lang='lat' dir='ltr'><strong>prooemium</strong></span> <span class='ocrx_word' id='word_1_165' title='bbox 1307 422 1455 450; x_wconf 87' lang='lat' dir='ltr'><strong>mutuando</strong></span> <span class='ocrx_word' id='word_1_166' title='bbox 1469 423 1527 449; x_wconf 90' lang='lat' dir='ltr'><strong>ait:</strong></span> <span class='ocrx_word' id='word_1_167' title='bbox 1542 422 1624 449; x_wconf 83' lang='lat' dir='ltr'><strong>Omne</strong></span> <span class='ocrx_word' id='word_1_168' title='bbox 1635 423 1726 449; x_wconf 80' lang='lat' dir='ltr'><strong>datum</strong></span> 
     </span>
    </p>
   </div>
   <div class='ocr_carea' id='block_1_26' title="bbox 941 467 1728 503">
    <p class='ocr_par' dir='ltr' id='par_1_26' title="bbox 941 467 1728 503">
     <span class='ocr_line' id='line_1_26' title="bbox 941 467 1728 503; baseline 0.001 -9"><span class='ocrx_word' id='word_1_169' title='bbox 941 467 1048 500; x_wconf 79' lang='lat' dir='ltr'><strong>bonum,</strong></span> <span class='ocrx_word' id='word_1_170' title='bbox 1062 473 1085 495; x_wconf 85' lang='lat' dir='ltr'><strong>et</strong></span> <span class='ocrx_word' id='word_1_171' title='bbox 1101 477 1177 495; x_wconf 87' lang='lat' dir='ltr'><strong>omne</strong></span> <span class='ocrx_word' id='word_1_172' title='bbox 1207 468 1308 495; x_wconf 82' lang='lat' dir='ltr'><strong>donum</strong></span> <span class='ocrx_word' id='word_1_173' title='bbox 1321 468 1466 503; x_wconf 77' lang='lat' dir='ltr'><strong>perfectum</strong></span> <span class='ocrx_word' id='word_1_174' title='bbox 1481 474 1506 500; x_wconf 80' lang='grc' dir='ltr'>υ,</span> <span class='ocrx_word' id='word_1_175' title='bbox 1522 473 1550 496; x_wconf 89' lang='lat' dir='ltr'><strong>et</strong></span> <span class='ocrx_word' id='word_1_176' title='bbox 1567 468 1728 495; x_wconf 80' lang='lat' dir='ltr'><strong>indeliciens</strong></span> 
     </span>
    </p>
   </div>
   <div class='ocr_carea' id='block_1_27' title="bbox 942 515 1727 550">
    <p class='ocr_par' dir='ltr' id='par_1_27' title="bbox 942 515 1727 550">
     <span class='ocr_line' id='line_1_27' title="bbox 942 515 1727 550; baseline 0.001 -9"><span class='ocrx_word' id='word_1_177' title='bbox 942 515 968 541; x_wconf 92' lang='lat' dir='ltr'><strong>iu</strong></span> <span class='ocrx_word' id='word_1_178' title='bbox 983 515 1141 549; x_wconf 83' lang='lat' dir='ltr'><strong>semetipso,</strong></span> <span class='ocrx_word' id='word_1_179' title='bbox 1154 516 1262 542; x_wconf 88' lang='lat' dir='ltr'><strong>tametsi</strong></span> <span class='ocrx_word' id='word_1_180' title='bbox 1275 523 1322 550; x_wconf 87' lang='lat' dir='ltr'><strong>pro</strong></span> <span class='ocrx_word' id='word_1_181' title='bbox 1335 516 1538 550; x_wconf 89' lang='lat' dir='ltr'><strong>suscipientium</strong></span> <span class='ocrx_word' id='word_1_182' title='bbox 1559 515 1727 546; x_wconf 83' lang='lat' dir='ltr'><strong>habitudine,</strong></span> 
     </span>
    </p>
   </div>
   <div class='ocr_carea' id='block_1_28' title="bbox 942 561 1729 596">
    <p class='ocr_par' dir='ltr' id='par_1_28' title="bbox 942 561 1729 596">
     <span class='ocr_line' id='line_1_28' title="bbox 942 561 1729 596; baseline 0.001 -10"><span class='ocrx_word' id='word_1_183' title='bbox 942 568 1132 594; x_wconf 69' lang='lat' dir='ltr'><strong>smpenumero</strong></span> <span class='ocrx_word' id='word_1_184' title='bbox 1161 561 1291 588; x_wconf 78' lang='lat' dir='ltr'><strong>deﬁciat:</strong></span> <span class='ocrx_word' id='word_1_185' title='bbox 1321 562 1392 596; x_wconf 89' lang='lat' dir='ltr'><strong>quod</strong></span> <span class='ocrx_word' id='word_1_186' title='bbox 1411 562 1504 596; x_wconf 88' lang='lat' dir='ltr'><strong>utique</strong></span> <span class='ocrx_word' id='word_1_187' title='bbox 1527 569 1581 588; x_wconf 91' lang='lat' dir='ltr'><strong>non</strong></span> <span class='ocrx_word' id='word_1_188' title='bbox 1607 569 1639 588; x_wconf 78' lang='lat' dir='ltr'><strong>ex</strong></span> <span class='ocrx_word' id='word_1_189' title='bbox 1656 561 1729 588; x_wconf 89' lang='lat' dir='ltr'><strong>dono</strong></span> 
     </span>
    </p>
   </div>
   <div class='ocr_carea' id='block_1_29' title="bbox 942 606 1729 641">
    <p class='ocr_par' dir='ltr' id='par_1_29' title="bbox 942 606 1729 641">
     <span class='ocr_line' id='line_1_29' title="bbox 942 606 1729 641; baseline 0.003 -9"><span class='ocrx_word' id='word_1_190' title='bbox 942 606 1089 640; x_wconf 72' lang='lat' dir='ltr'><strong>provenit.</strong></span> <span class='ocrx_word' id='word_1_191' title='bbox 1122 606 1169 633; x_wconf 87' lang='lat' dir='ltr'><strong>sed</strong></span> <span class='ocrx_word' id='word_1_192' title='bbox 1199 614 1231 633; x_wconf 75' lang='lat' dir='ltr'><strong>ex</strong></span> <span class='ocrx_word' id='word_1_193' title='bbox 1260 606 1366 634; x_wconf 77' lang='lat' dir='ltr'><strong>viribus</strong></span> <span class='ocrx_word' id='word_1_194' title='bbox 1383 608 1497 639; x_wconf 88' lang='lat' dir='ltr'><strong>nostris.</strong></span> <span class='ocrx_word' id='word_1_195' title='bbox 1527 615 1587 641; x_wconf 70' lang='lat' dir='ltr'><strong>qua:</strong></span> <span class='ocrx_word' id='word_1_196' title='bbox 1617 608 1729 641; x_wconf 85' lang='lat' dir='ltr'><strong>capiunt</strong></span> 
     </span>
    </p>
   </div>
   <div class='ocr_carea' id='block_1_30' title="bbox 941 651 1726 687">
    <p class='ocr_par' dir='ltr' id='par_1_30' title="bbox 941 651 1726 687">
     <span class='ocr_line' id='line_1_30' title="bbox 941 651 1726 687; baseline 0.003 -10"><span class='ocrx_word' id='word_1_197' title='bbox 941 656 1074 686; x_wconf 88' lang='lat' dir='ltr'><strong>quantum</strong></span> <span class='ocrx_word' id='word_1_198' title='bbox 1091 656 1216 686; x_wconf 84' lang='lat' dir='ltr'><strong>possunt.</strong></span> <span class='ocrx_word' id='word_1_199' title='bbox 1231 651 1462 685; x_wconf 85' lang='lat' dir='ltr'><strong>Quemadmodum</strong></span> <span class='ocrx_word' id='word_1_200' title='bbox 1476 653 1549 679; x_wconf 89' lang='lat' dir='ltr'><strong>enim</strong></span> <span class='ocrx_word' id='word_1_201' title='bbox 1566 652 1623 687; x_wconf 88' lang='lat' dir='ltr'><strong>ipse</strong></span> <span class='ocrx_word' id='word_1_202' title='bbox 1636 652 1660 687; x_wconf 83' lang='grc'><em>’1</em></span> <span class='ocrx_word' id='word_1_203' title='bbox 1673 651 1726 683; x_wconf 77' lang='lat' dir='ltr'><strong>sol,</strong></span> 
     </span>
    </p>
   </div>
   <div class='ocr_carea' id='block_1_31' title="bbox 942 696 1729 731">
    <p class='ocr_par' dir='ltr' id='par_1_31' title="bbox 942 696 1729 731">
     <span class='ocr_line' id='line_1_31' title="bbox 942 696 1729 731; baseline 0.003 -9"><span class='ocrx_word' id='word_1_204' title='bbox 942 696 1058 723; x_wconf 81' lang='lat' dir='ltr'><strong>diversis</strong></span> <span class='ocrx_word' id='word_1_205' title='bbox 1070 697 1152 723; x_wconf 86' lang='lat' dir='ltr'><strong>rebus</strong></span> <span class='ocrx_word' id='word_1_206' title='bbox 1182 696 1300 724; x_wconf 84' lang='lat' dir='ltr'><strong>subditis</strong></span> <span class='ocrx_word' id='word_1_207' title='bbox 1326 705 1480 731; x_wconf 82' lang='lat' dir='ltr'><strong>apparens,</strong></span> <span class='ocrx_word' id='word_1_208' title='bbox 1509 697 1624 724; x_wconf 85' lang='lat' dir='ltr'><strong>alterum</strong></span> <span class='ocrx_word' id='word_1_209' title='bbox 1642 698 1729 724; x_wconf 83' lang='lat' dir='ltr'><strong>altero</strong></span> 
     </span>
    </p>
   </div>
   <div class='ocr_carea' id='block_1_32' title="bbox 943 742 1729 778">
    <p class='ocr_par' dir='ltr' id='par_1_32' title="bbox 943 742 1729 778">
     <span class='ocr_line' id='line_1_32' title="bbox 943 742 1729 778; baseline 0.003 -10"><span class='ocrx_word' id='word_1_210' title='bbox 943 742 1004 777; x_wconf 88' lang='lat' dir='ltr'><strong>plus</strong></span> <span class='ocrx_word' id='word_1_211' title='bbox 1018 742 1154 773; x_wconf 81' lang='lat' dir='ltr'><strong>calefacit,</strong></span> <span class='ocrx_word' id='word_1_212' title='bbox 1172 742 1252 777; x_wconf 87' lang='lat' dir='ltr'><strong>idque</strong></span> <span class='ocrx_word' id='word_1_213' title='bbox 1268 750 1321 770; x_wconf 95' lang='lat' dir='ltr'><strong>non</strong></span> <span class='ocrx_word' id='word_1_214' title='bbox 1345 742 1381 770; x_wconf 87' lang='lat' dir='ltr'><strong>ob</strong></span> <span class='ocrx_word' id='word_1_215' title='bbox 1397 743 1475 775; x_wconf 77' lang='lat' dir='ltr'><strong>solis.</strong></span> <span class='ocrx_word' id='word_1_216' title='bbox 1490 743 1537 770; x_wconf 90' lang='lat' dir='ltr'><strong>sed</strong></span> <span class='ocrx_word' id='word_1_217' title='bbox 1553 750 1646 770; x_wconf 87' lang='lat' dir='ltr'><strong>eorum</strong></span> <span class='ocrx_word' id='word_1_218' title='bbox 1667 751 1729 778; x_wconf 79' lang='lat' dir='ltr'><strong>qua:</strong></span> 
     </span>
    </p>
   </div>
   <div class='ocr_carea' id='block_1_33' title="bbox 943 787 1727 822">
    <p class='ocr_par' dir='ltr' id='par_1_33' title="bbox 943 787 1727 822">
     <span class='ocr_line' id='line_1_33' title="bbox 943 787 1727 822; baseline 0.001 -8"><span class='ocrx_word' id='word_1_219' title='bbox 943 787 1029 814; x_wconf 84' lang='lat' dir='ltr'><strong>solent</strong></span> <span class='ocrx_word' id='word_1_220' title='bbox 1046 787 1188 822; x_wconf 81' lang='lat' dir='ltr'><strong>excipiunt</strong></span> <span class='ocrx_word' id='word_1_221' title='bbox 1201 788 1388 816; x_wconf 85' lang='lat' dir='ltr'><strong>diversitatem</strong></span> <span class='ocrx_word' id='word_1_222' title='bbox 1404 797 1411 815; x_wconf 91' lang='lat'><strong>:</strong></span> <span class='ocrx_word' id='word_1_223' title='bbox 1439 788 1481 816; x_wconf 85' lang='lat' dir='ltr'><strong>sic</strong></span> <span class='ocrx_word' id='word_1_224' title='bbox 1493 789 1586 822; x_wconf 83' lang='lat' dir='ltr'><strong>utique</strong></span> <span class='ocrx_word' id='word_1_225' title='bbox 1607 789 1727 816; x_wconf 81' lang='lat' dir='ltr'><strong>divinum</strong></span> 
     </span>
    </p>
   </div>
   <div class='ocr_carea' id='block_1_34' title="bbox 944 833 1729 870">
    <p class='ocr_par' dir='ltr' id='par_1_34' title="bbox 944 833 1729 870">
     <span class='ocr_line' id='line_1_34' title="bbox 944 833 1729 870; baseline 0.003 -10"><span class='ocrx_word' id='word_1_226' title='bbox 944 833 1043 860; x_wconf 87' lang='lat' dir='ltr'><strong>donum</strong></span> <span class='ocrx_word' id='word_1_227' title='bbox 1060 841 1121 860; x_wconf 88' lang='lat' dir='ltr'><strong>cum</strong></span> <span class='ocrx_word' id='word_1_228' title='bbox 1137 834 1173 861; x_wconf 85' lang='lat' dir='ltr'><strong>sit</strong></span> <span class='ocrx_word' id='word_1_229' title='bbox 1200 833 1365 868; x_wconf 84' lang='lat' dir='ltr'><strong>perlectum,</strong></span> <span class='ocrx_word' id='word_1_230' title='bbox 1391 842 1440 868; x_wconf 87' lang='lat' dir='ltr'><strong>pro</strong></span> <span class='ocrx_word' id='word_1_231' title='bbox 1464 835 1729 870; x_wconf 82' lang='lat' dir='ltr'><strong>suscipientiumca-</strong></span> 
     </span>
    </p>
   </div>
   <div class='ocr_carea' id='block_1_35' title="bbox 98 873 890 919">
    <p class='ocr_par' dir='ltr' id='par_1_35' title="bbox 98 882 889 919">
     <span class='ocr_line' id='line_1_35' title="bbox 98 882 889 919; baseline 0.003 -11"><span class='ocrx_word' id='word_1_232' title='bbox 98 882 217 918; x_wconf 80' lang='grc' dir='ltr'>δώρημα</span> <span class='ocrx_word' id='word_1_233' title='bbox 231 883 332 910; x_wconf 84' lang='grc' dir='ltr'>τέλειον</span> <span class='ocrx_word' id='word_1_234' title='bbox 347 882 388 915; x_wconf 80' lang='grc' dir='ltr'>ὃν,</span> <span class='ocrx_word' id='word_1_235' title='bbox 400 883 470 910; x_wconf 86' lang='grc' dir='ltr'>κατὰ</span> <span class='ocrx_word' id='word_1_236' title='bbox 483 884 546 915; x_wconf 79' lang='grc' dir='ltr'>τοὺς</span> <span class='ocrx_word' id='word_1_237' title='bbox 560 882 771 919; x_wconf 77' lang='grc' dir='ltr'>ὑποδεχομένους</span> <span class='ocrx_word' id='word_1_238' title='bbox 782 883 889 918; x_wconf 77' lang='grc' dir='ltr'>ὑφίεταί</span> 
     </span>
    </p>
   </div>
   <div class='ocr_carea' id='block_1_36' title="bbox 942 873 1729 919">
    <p class='ocr_par' dir='ltr' id='par_1_36' title="bbox 943 879 1729 915">
     <span class='ocr_line' id='line_1_36' title="bbox 943 879 1729 915; baseline 0.004 -12"><span class='ocrx_word' id='word_1_239' title='bbox 943 879 1060 912; x_wconf 79' lang='lat' dir='ltr'><strong>pacitale</strong></span> <span class='ocrx_word' id='word_1_240' title='bbox 1076 879 1119 905; x_wconf 77' lang='lat' dir='ltr'><strong>vel</strong></span> <span class='ocrx_word' id='word_1_241' title='bbox 1137 880 1288 906; x_wconf 85' lang='lat' dir='ltr'><strong>remittitur</strong></span> <span class='ocrx_word' id='word_1_242' title='bbox 1302 880 1342 906; x_wconf 83' lang='lat' dir='ltr'><strong>vel</strong></span> <span class='ocrx_word' id='word_1_243' title='bbox 1362 880 1523 907; x_wconf 89' lang='lat' dir='ltr'><strong>intenditur.</strong></span> <span class='ocrx_word' id='word_1_244' title='bbox 1551 880 1635 907; x_wconf 80' lang='lat' dir='ltr'><strong>Omne</strong></span> <span class='ocrx_word' id='word_1_245' title='bbox 1648 881 1729 915; x_wconf 85' lang='lat' dir='ltr'><strong>igitur</strong></span> 
     </span>
    </p>
   </div>
   <div class='ocr_carea' id='block_1_37' title="bbox 98 928 891 963">
    <p class='ocr_par' dir='ltr' id='par_1_37' title="bbox 98 928 891 963">
     <span class='ocr_line' id='line_1_37' title="bbox 98 928 891 963; baseline -0.003 -7"><span class='ocrx_word' id='word_1_246' title='bbox 98 938 130 956; x_wconf 84' lang='grc' dir='ltr'><strong>τε</strong></span> <span class='ocrx_word' id='word_1_247' title='bbox 155 930 201 956; x_wconf 78' lang='grc' dir='ltr'><strong>καὶ</strong></span> <span class='ocrx_word' id='word_1_248' title='bbox 227 929 399 956; x_wconf 75' lang='grc' dir='ltr'>ἐπιτείνεται.</span> <span class='ocrx_word' id='word_1_249' title='bbox 425 929 491 957; x_wconf 83' lang='grc' dir='ltr'><strong>Πᾶν</strong></span> <span class='ocrx_word' id='word_1_250' title='bbox 518 929 608 956; x_wconf 84' lang='grc' dir='ltr'>τοίνυν</span> <span class='ocrx_word' id='word_1_251' title='bbox 634 929 749 956; x_wconf 77' lang='grc' dir='ltr'>τέλειον</span> <span class='ocrx_word' id='word_1_252' title='bbox 772 928 891 963; x_wconf 79' lang='grc' dir='ltr'><strong>δώρημα</strong></span> 
     </span>
    </p>
   </div>
   <div class='ocr_carea' id='block_1_38' title="bbox 99 974 891 1010">
    <p class='ocr_par' dir='ltr' id='par_1_38' title="bbox 99 974 891 1010">
     <span class='ocr_line' id='line_1_38' title="bbox 99 974 891 1010; baseline -0.003 -8"><span class='ocrx_word' id='word_1_253' title='bbox 99 975 266 1009; x_wconf 68' lang='grc' dir='ltr'>οὐρανόθεν</span> <span class='ocrx_word' id='word_1_254' title='bbox 280 975 355 1007; x_wconf 74' lang='grc' dir='ltr'>ἐστὶ,</span> <span class='ocrx_word' id='word_1_255' title='bbox 380 976 599 1010; x_wconf 79' lang='grc' dir='ltr'>κατερχόμενον</span> <span class='ocrx_word' id='word_1_256' title='bbox 613 974 671 1002; x_wconf 77' lang='grc' dir='ltr'><strong>ἀπὸ</strong></span> <span class='ocrx_word' id='word_1_257' title='bbox 695 975 748 1002; x_wconf 87' lang='grc' dir='ltr'><strong>τοῦ</strong></span> <span class='ocrx_word' id='word_1_258' title='bbox 762 974 821 1001; x_wconf 83' lang='grc' dir='ltr'><strong>τῶν</strong></span> <span class='ocrx_word' id='word_1_259' title='bbox 832 974 891 1009; x_wconf 61' lang='lat' dir='ltr'><strong>prb-</strong></span> 
     </span>
    </p>
   </div>
   <div class='ocr_carea' id='block_1_39' title="bbox 99 1020 890 1057">
    <p class='ocr_par' dir='ltr' id='par_1_39' title="bbox 99 1020 890 1057">
     <span class='ocr_line' id='line_1_39' title="bbox 99 1020 890 1057; baseline 0.001 -10"><span class='ocrx_word' id='word_1_260' title='bbox 99 1029 161 1048; x_wconf 79' lang='grc' dir='ltr'>των</span> <span class='ocrx_word' id='word_1_261' title='bbox 177 1022 300 1055; x_wconf 76' lang='grc' dir='ltr'>Πατρός.</span> <span class='ocrx_word' id='word_1_262' title='bbox 318 1021 428 1057; x_wconf 82' lang='grc' dir='ltr'><strong>Πατέρα</strong></span> <span class='ocrx_word' id='word_1_263' title='bbox 441 1021 469 1048; x_wconf 87' lang='grc' dir='ltr'><strong>δὲ</strong></span> <span class='ocrx_word' id='word_1_264' title='bbox 484 1022 539 1048; x_wconf 89' lang='grc' dir='ltr'>τῶν</span> <span class='ocrx_word' id='word_1_265' title='bbox 557 1021 653 1056; x_wconf 86' lang='grc' dir='ltr'>φώτων</span> <span class='ocrx_word' id='word_1_266' title='bbox 683 1021 756 1056; x_wconf 82' lang='grc' dir='ltr'>λέγει</span> <span class='ocrx_word' id='word_1_267' title='bbox 769 1020 814 1048; x_wconf 78' lang='grc' dir='ltr'>τὸν</span> <span class='ocrx_word' id='word_1_268' title='bbox 825 1021 890 1048; x_wconf 79' lang='grc' dir='ltr'>Θεὸν</span> 
     </span>
    </p>
   </div>
   <div class='ocr_carea' id='block_1_40' title="bbox 99 1066 890 1103">
    <p class='ocr_par' dir='ltr' id='par_1_40' title="bbox 99 1066 890 1103">
     <span class='ocr_line' id='line_1_40' title="bbox 99 1066 890 1103; baseline 0.003 -11"><span class='ocrx_word' id='word_1_269' title='bbox 99 1067 114 1092; x_wconf 83' lang='grc' dir='ltr'><strong><em>ὁ</em></strong></span> <span class='ocrx_word' id='word_1_270' title='bbox 133 1066 220 1102; x_wconf 81' lang='grc' dir='ltr'>μέγας</span> <span class='ocrx_word' id='word_1_271' title='bbox 240 1067 375 1099; x_wconf 77' lang='grc' dir='ltr'>Ἰάκωόος,</span> <span class='ocrx_word' id='word_1_272' title='bbox 403 1067 441 1099; x_wconf 80' lang='grc' dir='ltr'><strong>ὡς</strong></span> <span class='ocrx_word' id='word_1_273' title='bbox 470 1067 579 1103; x_wconf 79' lang='grc' dir='ltr'>Πατέρα</span> <span class='ocrx_word' id='word_1_274' title='bbox 593 1067 753 1103; x_wconf 71' lang='grc' dir='ltr'>οἰκτιρμῶν,</span> <span class='ocrx_word' id='word_1_275' title='bbox 780 1068 826 1094; x_wconf 77' lang='grc' dir='ltr'><strong>τὸν</strong></span> <span class='ocrx_word' id='word_1_276' title='bbox 842 1068 890 1094; x_wconf 86' lang='grc' dir='ltr'><strong>αὒ-</strong></span> 
     </span>
    </p>
   </div>
   <div class='ocr_carea' id='block_1_41' title="bbox 99 1111 891 1148">
    <p class='ocr_par' dir='ltr' id='par_1_41' title="bbox 99 1111 891 1148">
     <span class='ocr_line' id='line_1_41' title="bbox 99 1111 891 1148; baseline 0.003 -11"><span class='ocrx_word' id='word_1_277' title='bbox 99 1111 193 1145; x_wconf 80' lang='grc' dir='ltr'>τοφῶς</span> <span class='ocrx_word' id='word_1_278' title='bbox 208 1111 281 1143; x_wconf 72' lang='grc' dir='ltr'>ὄντα,</span> <span class='ocrx_word' id='word_1_279' title='bbox 299 1112 346 1139; x_wconf 75' lang='grc' dir='ltr'>καὶ</span> <span class='ocrx_word' id='word_1_280' title='bbox 363 1111 527 1148; x_wconf 83' lang='grc' dir='ltr'>δημιουργὸν</span> <span class='ocrx_word' id='word_1_281' title='bbox 551 1111 598 1139; x_wconf 84' lang='grc' dir='ltr'>καὶ</span> <span class='ocrx_word' id='word_1_282' title='bbox 628 1112 824 1148; x_wconf 73' lang='grc' dir='ltr'>συντηρητικὺν</span> <span class='ocrx_word' id='word_1_283' title='bbox 836 1112 891 1139; x_wconf 86' lang='grc' dir='ltr'>τῶν</span> 
     </span>
    </p>
   </div>
   <div class='ocr_carea' id='block_1_42' title="bbox 101 1157 891 1195">
    <p class='ocr_par' dir='ltr' id='par_1_42' title="bbox 101 1157 891 1195">
     <span class='ocr_line' id='line_1_42' title="bbox 101 1157 891 1195; baseline 0.001 -11"><span class='ocrx_word' id='word_1_284' title='bbox 101 1157 199 1193; x_wconf 79' lang='grc' dir='ltr'>φώτων</span> <span class='ocrx_word' id='word_1_285' title='bbox 210 1167 216 1173; x_wconf 92' lang='grc'><strong>·</strong></span> <span class='ocrx_word' id='word_1_286' title='bbox 234 1159 325 1194; x_wconf 75' lang='grc' dir='ltr'>πατὴρ</span> <span class='ocrx_word' id='word_1_287' title='bbox 340 1159 394 1195; x_wconf 82' lang='grc' dir='ltr'>γάρ</span> <span class='ocrx_word' id='word_1_288' title='bbox 412 1160 487 1185; x_wconf 74' lang='grc' dir='ltr'>ἐστιν</span> <span class='ocrx_word' id='word_1_289' title='bbox 514 1160 529 1185; x_wconf 84' lang='grc' dir='ltr'><strong>ὀ</strong></span> <span class='ocrx_word' id='word_1_290' title='bbox 545 1159 677 1194; x_wconf 81' lang='grc' dir='ltr'>παράγων</span> <span class='ocrx_word' id='word_1_291' title='bbox 694 1159 740 1185; x_wconf 79' lang='grc' dir='ltr'>καὶ</span> <span class='ocrx_word' id='word_1_292' title='bbox 750 1158 841 1194; x_wconf 85' lang='grc' dir='ltr'>τηρῶν</span> <span class='ocrx_word' id='word_1_293' title='bbox 855 1157 891 1185; x_wconf 81' lang='grc' dir='ltr'><strong>τὰ</strong></span> 
     </span>
    </p>
   </div>
   <div class='ocr_carea' id='block_1_43' title="bbox 100 1203 891 1240">
    <p class='ocr_par' dir='ltr' id='par_1_43' title="bbox 100 1203 891 1240">
     <span class='ocr_line' id='line_1_43' title="bbox 100 1203 891 1240; baseline 0.003 -11"><span class='ocrx_word' id='word_1_294' title='bbox 100 1203 131 1237; x_wconf 78' lang='grc' dir='ltr'>ἐξ</span> <span class='ocrx_word' id='word_1_295' title='bbox 147 1203 248 1230; x_wconf 77' lang='grc' dir='ltr'>αὑτοῦ·</span> <span class='ocrx_word' id='word_1_296' title='bbox 267 1204 338 1231; x_wconf 79' lang='grc' dir='ltr'>οὕτω</span> <span class='ocrx_word' id='word_1_297' title='bbox 354 1205 401 1232; x_wconf 77' lang='grc' dir='ltr'>καὶ</span> <span class='ocrx_word' id='word_1_298' title='bbox 415 1205 429 1231; x_wconf 81' lang='grc' dir='ltr'><strong>ὁ</strong></span> <span class='ocrx_word' id='word_1_299' title='bbox 454 1204 522 1236; x_wconf 80' lang='grc' dir='ltr'>Θεὸς</span> <span class='ocrx_word' id='word_1_300' title='bbox 547 1205 643 1240; x_wconf 77' lang='grc' dir='ltr'>Πατὴρ</span> <span class='ocrx_word' id='word_1_301' title='bbox 659 1204 713 1230; x_wconf 85' lang='grc' dir='ltr'>τῶν</span> <span class='ocrx_word' id='word_1_302' title='bbox 730 1203 836 1238; x_wconf 75' lang='grc' dir='ltr'>φώτων,</span> <span class='ocrx_word' id='word_1_303' title='bbox 854 1205 891 1236; x_wconf 87' lang='grc' dir='ltr'>ὼς</span> 
     </span>
    </p>
   </div>
   <div class='ocr_carea' id='block_1_44' title="bbox 101 1248 889 1286">
    <p class='ocr_par' dir='ltr' id='par_1_44' title="bbox 101 1248 889 1286">
     <span class='ocr_line' id='line_1_44' title="bbox 101 1248 889 1286; baseline 0.001 -10"><span class='ocrx_word' id='word_1_304' title='bbox 101 1250 149 1276; x_wconf 81' lang='grc' dir='ltr'><strong>καὶ</strong></span> <span class='ocrx_word' id='word_1_305' title='bbox 166 1250 256 1285; x_wconf 82' lang='grc' dir='ltr'>πάσης</span> <span class='ocrx_word' id='word_1_306' title='bbox 272 1250 389 1282; x_wconf 79' lang='grc' dir='ltr'>κτίσεώς</span> <span class='ocrx_word' id='word_1_307' title='bbox 405 1251 462 1277; x_wconf 77' lang='grc' dir='ltr'>ἐστι</span> <span class='ocrx_word' id='word_1_308' title='bbox 492 1251 666 1286; x_wconf 82' lang='grc' dir='ltr'>δημιουργός.</span> <span class='ocrx_word' id='word_1_309' title='bbox 698 1251 754 1277; x_wconf 83' lang='grc' dir='ltr'><strong>Οὺκ</strong></span> <span class='ocrx_word' id='word_1_310' title='bbox 775 1248 835 1277; x_wconf 80' lang='grc' dir='ltr'>εἷπε</span> <span class='ocrx_word' id='word_1_311' title='bbox 851 1251 889 1282; x_wconf 82' lang='grc' dir='ltr'><strong>δὲ,</strong></span> 
     </span>
    </p>
   </div>
   <div class='ocr_carea' id='block_1_45' title="bbox 102 1295 891 1332">
    <p class='ocr_par' dir='ltr' id='par_1_45' title="bbox 102 1295 891 1332">
     <span class='ocr_line' id='line_1_45' title="bbox 102 1295 891 1332; baseline 0.003 -11"><span class='ocrx_word' id='word_1_312' title='bbox 102 1295 197 1332; x_wconf 79' lang='grc' dir='ltr'>Πατὴρ</span> <span class='ocrx_word' id='word_1_313' title='bbox 223 1296 349 1331; x_wconf 82' lang='grc' dir='ltr'>οὐρανοῦ,</span> <span class='ocrx_word' id='word_1_314' title='bbox 382 1295 442 1323; x_wconf 70' lang='grc' dir='ltr'>οὔτε</span> <span class='ocrx_word' id='word_1_315' title='bbox 467 1296 529 1332; x_wconf 80' lang='grc' dir='ltr'>γῆς,</span> <span class='ocrx_word' id='word_1_316' title='bbox 563 1296 631 1322; x_wconf 84' lang='grc' dir='ltr'>ἀλλὰ</span> <span class='ocrx_word' id='word_1_317' title='bbox 654 1296 761 1332; x_wconf 84' lang='grc' dir='ltr'>φώτων,</span> <span class='ocrx_word' id='word_1_318' title='bbox 787 1296 831 1322; x_wconf 79' lang='grc' dir='ltr'>διὰ</span> <span class='ocrx_word' id='word_1_319' title='bbox 859 1296 891 1323; x_wconf 75' lang='grc' dir='ltr'>τὸ</span> 
     </span>
    </p>
   </div>
   <div class='ocr_carea' id='block_1_46' title="bbox 102 1341 891 1378">
    <p class='ocr_par' dir='ltr' id='par_1_46' title="bbox 102 1341 891 1378">
     <span class='ocr_line' id='line_1_46' title="bbox 102 1341 891 1378; baseline 0.001 -11"><span class='ocrx_word' id='word_1_320' title='bbox 102 1341 299 1376; x_wconf 82' lang='grc' dir='ltr'>προκείμενον,</span> <span class='ocrx_word' id='word_1_321' title='bbox 331 1342 372 1368; x_wconf 83' lang='grc' dir='ltr'>ὅτι</span> <span class='ocrx_word' id='word_1_322' title='bbox 398 1341 445 1368; x_wconf 77' lang='grc' dir='ltr'>καὶ</span> <span class='ocrx_word' id='word_1_323' title='bbox 475 1341 509 1368; x_wconf 87' lang='grc' dir='ltr'><strong>τὰ</strong></span> <span class='ocrx_word' id='word_1_324' title='bbox 539 1342 689 1378; x_wconf 82' lang='grc' dir='ltr'>δωρήματα</span> <span class='ocrx_word' id='word_1_325' title='bbox 718 1342 891 1377; x_wconf 80' lang='grc' dir='ltr'>ὲκφωτισμοῦ</span> 
     </span>
    </p>
   </div>
   <div class='ocr_carea' id='block_1_47' title="bbox 102 1386 892 1422">
    <p class='ocr_par' dir='ltr' id='par_1_47' title="bbox 102 1386 892 1422">
     <span class='ocr_line' id='line_1_47' title="bbox 102 1386 892 1422; baseline 0.003 -10"><span class='ocrx_word' id='word_1_326' title='bbox 102 1386 175 1412; x_wconf 80' lang='grc' dir='ltr'>Θείου</span> <span class='ocrx_word' id='word_1_327' title='bbox 192 1388 248 1418; x_wconf 80' lang='grc' dir='ltr'>τοῖς</span> <span class='ocrx_word' id='word_1_328' title='bbox 264 1386 418 1422; x_wconf 81' lang='grc' dir='ltr'>ἀνθρώποις</span> <span class='ocrx_word' id='word_1_329' title='bbox 435 1387 596 1421; x_wconf 81' lang='grc' dir='ltr'>ἐγγίνονται.</span> <span class='ocrx_word' id='word_1_330' title='bbox 608 1386 707 1414; x_wconf 82' lang='grc' dir='ltr'>Τοῦτον</span> <span class='ocrx_word' id='word_1_331' title='bbox 722 1387 767 1414; x_wconf 80' lang='grc' dir='ltr'><strong>τὸν</strong></span> <span class='ocrx_word' id='word_1_332' title='bbox 784 1387 892 1422; x_wconf 82' lang='grc' dir='ltr'>Πατέρα</span> 
     </span>
    </p>
   </div>
   <div class='ocr_carea' id='block_1_48' title="bbox 101 1431 891 1468">
    <p class='ocr_par' dir='ltr' id='par_1_48' title="bbox 101 1431 891 1468">
     <span class='ocr_line' id='line_1_48' title="bbox 101 1431 891 1468; baseline 0.001 -10"><span class='ocrx_word' id='word_1_333' title='bbox 101 1432 156 1458; x_wconf 85' lang='grc' dir='ltr'>τῶν</span> <span class='ocrx_word' id='word_1_334' title='bbox 182 1431 288 1466; x_wconf 76' lang='grc' dir='ltr'>φώτων,</span> <span class='ocrx_word' id='word_1_335' title='bbox 313 1432 491 1468; x_wconf 80' lang='grc' dir='ltr'>παρακατιὼν</span> <span class='ocrx_word' id='word_1_336' title='bbox 508 1433 555 1459; x_wconf 72' lang='grc' dir='ltr'><strong>καὶ</strong></span> <span class='ocrx_word' id='word_1_337' title='bbox 577 1432 718 1465; x_wconf 84' lang='grc' dir='ltr'>ἀπολύτως</span> <span class='ocrx_word' id='word_1_338' title='bbox 744 1433 822 1460; x_wconf 84' lang='grc' dir='ltr'>καλεῖ</span> <span class='ocrx_word' id='word_1_339' title='bbox 835 1433 891 1460; x_wconf 88' lang='grc' dir='ltr'>Πα-</span> 
     </span>
    </p>
   </div>
   <div class='ocr_carea' id='block_1_49' title="bbox 101 1478 892 1514">
    <p class='ocr_par' dir='ltr' id='par_1_49' title="bbox 101 1478 892 1514">
     <span class='ocr_line' id='line_1_49' title="bbox 101 1478 892 1514; baseline 0.001 -10"><span class='ocrx_word' id='word_1_340' title='bbox 101 1478 169 1513; x_wconf 83' lang='grc' dir='ltr'>τέρα</span> <span class='ocrx_word' id='word_1_341' title='bbox 198 1478 288 1513; x_wconf 88' lang='grc' dir='ltr'>μόνον,</span> <span class='ocrx_word' id='word_1_342' title='bbox 313 1479 388 1512; x_wconf 78' lang='grc' dir='ltr'>πρὸς</span> <span class='ocrx_word' id='word_1_343' title='bbox 411 1478 468 1513; x_wconf 81' lang='grc' dir='ltr'><strong>τὴν</strong></span> <span class='ocrx_word' id='word_1_344' title='bbox 495 1479 548 1506; x_wconf 84' lang='grc' dir='ltr'><strong>τοῦ</strong></span> <span class='ocrx_word' id='word_1_345' title='bbox 578 1479 754 1514; x_wconf 76' lang='grc' dir='ltr'>συναγωγοῦ</span> <span class='ocrx_word' id='word_1_346' title='bbox 778 1479 892 1513; x_wconf 69' lang='grc' dir='ltr'>Πατρός</span> 
     </span>
    </p>
   </div>
   <div class='ocr_carea' id='block_1_50' title="bbox 103 1520 891 1559">
    <p class='ocr_par' dir='ltr' id='par_1_50' title="bbox 103 1520 891 1559">
     <span class='ocr_line' id='line_1_50' title="bbox 103 1520 891 1559; baseline 0.001 -10"><span class='ocrx_word' id='word_1_347' title='bbox 103 1520 234 1556; x_wconf 72' lang='grc' dir='ltr'>ἑνότητα</span> <span class='ocrx_word' id='word_1_348' title='bbox 250 1522 348 1557; x_wconf 84' lang='grc' dir='ltr'>λέγων,</span> <span class='ocrx_word' id='word_1_349' title='bbox 363 1523 401 1554; x_wconf 83' lang='grc' dir='ltr'><strong>ὡς</strong></span> <span class='ocrx_word' id='word_1_350' title='bbox 416 1523 581 1559; x_wconf 73' lang='grc' dir='ltr'>δημιουργὸν</span> <span class='ocrx_word' id='word_1_351' title='bbox 604 1523 651 1550; x_wconf 76' lang='grc' dir='ltr'>καὶ</span> <span class='ocrx_word' id='word_1_352' title='bbox 683 1523 797 1558; x_wconf 86' lang='grc' dir='ltr'>συνοχέα</span> <span class='ocrx_word' id='word_1_353' title='bbox 814 1523 891 1559; x_wconf 82' lang='grc' dir='ltr'>ἡμῶν</span> 
     </span>
    </p>
   </div>
   <div class='ocr_carea' id='block_1_51' title="bbox 101 1568 892 1604">
    <p class='ocr_par' dir='ltr' id='par_1_51' title="bbox 101 1568 892 1604">
     <span class='ocr_line' id='line_1_51' title="bbox 101 1568 892 1604; baseline 0 -9"><span class='ocrx_word' id='word_1_354' title='bbox 101 1577 131 1595; x_wconf 87' lang='grc' dir='ltr'><strong>τε</strong></span> <span class='ocrx_word' id='word_1_355' title='bbox 146 1569 193 1596; x_wconf 74' lang='grc' dir='ltr'>καὶ</span> <span class='ocrx_word' id='word_1_356' title='bbox 220 1569 310 1604; x_wconf 80' lang='grc' dir='ltr'>πάσης</span> <span class='ocrx_word' id='word_1_357' title='bbox 334 1569 467 1601; x_wconf 81' lang='grc' dir='ltr'>κτίσεως“</span> <span class='ocrx_word' id='word_1_358' title='bbox 494 1569 510 1604; x_wconf 82' lang='grc' dir='ltr'>ἢ</span> <span class='ocrx_word' id='word_1_359' title='bbox 533 1570 579 1595; x_wconf 80' lang='grc' dir='ltr'>καὶ</span> <span class='ocrx_word' id='word_1_360' title='bbox 599 1568 686 1600; x_wconf 75' lang='grc' dir='ltr'>ἄλλως</span> <span class='ocrx_word' id='word_1_361' title='bbox 711 1569 820 1604; x_wconf 76' lang='grc' dir='ltr'>Πατέρα</span> <span class='ocrx_word' id='word_1_362' title='bbox 836 1568 892 1604; x_wconf 81' lang='grc' dir='ltr'><strong>φώ-</strong></span> 
     </span>
    </p>
   </div>
   <div class='ocr_carea' id='block_1_52' title="bbox 101 1614 892 1650">
    <p class='ocr_par' dir='ltr' id='par_1_52' title="bbox 101 1614 892 1650">
     <span class='ocr_line' id='line_1_52' title="bbox 101 1614 892 1650; baseline 0 -9"><span class='ocrx_word' id='word_1_363' title='bbox 101 1621 166 1648; x_wconf 85' lang='grc' dir='ltr'>των,</span> <span class='ocrx_word' id='word_1_364' title='bbox 185 1614 249 1641; x_wconf 86' lang='grc' dir='ltr'><strong>Υἱοῦ</strong></span> <span class='ocrx_word' id='word_1_365' title='bbox 265 1623 295 1641; x_wconf 82' lang='grc' dir='ltr'><strong>τε</strong></span> <span class='ocrx_word' id='word_1_366' title='bbox 324 1616 370 1642; x_wconf 81' lang='grc' dir='ltr'>καὶ</span> <span class='ocrx_word' id='word_1_367' title='bbox 393 1615 552 1650; x_wconf 81' lang='grc' dir='ltr'>Πνεύματος</span> <span class='ocrx_word' id='word_1_368' title='bbox 580 1614 712 1649; x_wconf 82' lang='grc' dir='ltr'>δηλονότι.</span> <span class='ocrx_word' id='word_1_369' title='bbox 746 1614 825 1641; x_wconf 81' lang='grc' dir='ltr'>Ἀλλὰ</span> <span class='ocrx_word' id='word_1_370' title='bbox 841 1615 892 1641; x_wconf 76' lang='grc' dir='ltr'>καὶ</span> 
     </span>
    </p>
   </div>
   <div class='ocr_carea' id='block_1_53' title="bbox 103 1659 890 1696">
    <p class='ocr_par' dir='ltr' id='par_1_53' title="bbox 103 1659 890 1696">
     <span class='ocr_line' id='line_1_53' title="bbox 103 1659 890 1696; baseline -0.003 -10"><span class='ocrx_word' id='word_1_371' title='bbox 103 1661 176 1687; x_wconf 76' lang='grc' dir='ltr'>πᾶσα</span> <span class='ocrx_word' id='word_1_372' title='bbox 202 1660 356 1696; x_wconf 81' lang='grc' dir='ltr'>θεοκινήτθυ</span> <span class='ocrx_word' id='word_1_373' title='bbox 373 1661 545 1695; x_wconf 79' lang='grc' dir='ltr'>φωτοχυσίας</span> <span class='ocrx_word' id='word_1_374' title='bbox 569 1659 738 1695; x_wconf 85' lang='grc' dir='ltr'>προέλευσις,</span> <span class='ocrx_word' id='word_1_375' title='bbox 756 1659 796 1690; x_wconf 80' lang='grc' dir='ltr'>εἰς</span> <span class='ocrx_word' id='word_1_376' title='bbox 814 1659 890 1694; x_wconf 82' lang='grc' dir='ltr'>ἡμᾶς</span> 
     </span>
    </p>
   </div>
   <div class='ocr_carea' id='block_1_54' title="bbox 101 1704 891 1741">
    <p class='ocr_par' dir='ltr' id='par_1_54' title="bbox 101 1704 891 1741">
     <span class='ocr_line' id='line_1_54' title="bbox 101 1704 891 1741; baseline -0.003 -9"><span class='ocrx_word' id='word_1_377' title='bbox 101 1706 131 1739; x_wconf 76' lang='grc' dir='ltr'><strong>ἐξ</strong></span> <span class='ocrx_word' id='word_1_378' title='bbox 161 1705 326 1740; x_wconf 76' lang='grc' dir='ltr'>ἀγαθότητος</span> <span class='ocrx_word' id='word_1_379' title='bbox 352 1705 573 1741; x_wconf 86' lang='grc' dir='ltr'>παραγινομένη,</span> <span class='ocrx_word' id='word_1_380' title='bbox 605 1704 685 1731; x_wconf 81' lang='grc' dir='ltr'>πάλιν</span> <span class='ocrx_word' id='word_1_381' title='bbox 712 1704 750 1735; x_wconf 87' lang='grc' dir='ltr'><strong>ὡς</strong></span> <span class='ocrx_word' id='word_1_382' title='bbox 773 1704 891 1736; x_wconf 78' lang='grc' dir='ltr'>ἐνοποιὺς</span> 
     </span>
    </p>
   </div>
   <div class='ocr_carea' id='block_1_55' title="bbox 101 1750 892 1787">
    <p class='ocr_par' dir='ltr' id='par_1_55' title="bbox 101 1750 892 1787">
     <span class='ocr_line' id='line_1_55' title="bbox 101 1750 892 1787; baseline -0.003 -9"><span class='ocrx_word' id='word_1_383' title='bbox 101 1751 171 1787; x_wconf 76' lang='grc' dir='ltr'>αὕτη</span> <span class='ocrx_word' id='word_1_384' title='bbox 203 1751 316 1787; x_wconf 80' lang='grc' dir='ltr'>δύναμις</span> <span class='ocrx_word' id='word_1_385' title='bbox 337 1752 432 1786; x_wconf 78' lang='grc' dir='ltr'>ἀνάγει</span> <span class='ocrx_word' id='word_1_386' title='bbox 461 1751 544 1786; x_wconf 81' lang='grc' dir='ltr'>ἡμᾶς,</span> <span class='ocrx_word' id='word_1_387' title='bbox 560 1751 607 1777; x_wconf 70' lang='grc' dir='ltr'>καὶ</span> <span class='ocrx_word' id='word_1_388' title='bbox 623 1750 747 1783; x_wconf 84' lang='grc' dir='ltr'>ἀναπλοῖ,</span> <span class='ocrx_word' id='word_1_389' title='bbox 765 1750 812 1776; x_wconf 76' lang='grc' dir='ltr'>καὶ</span> <span class='ocrx_word' id='word_1_390' title='bbox 834 1750 892 1776; x_wconf 67' lang='lat' dir='ltr'><strong>Evo—</strong></span> 
     </span>
    </p>
   </div>
   <div class='ocr_carea' id='block_1_56' title="bbox 103 1796 891 1833">
    <p class='ocr_par' dir='ltr' id='par_1_56' title="bbox 103 1796 891 1833">
     <span class='ocr_line' id='line_1_56' title="bbox 103 1796 891 1833; baseline -0.001 -10"><span class='ocrx_word' id='word_1_391' title='bbox 103 1798 184 1830; x_wconf 73' lang='grc' dir='ltr'>ποιεῖ,</span> <span class='ocrx_word' id='word_1_392' title='bbox 212 1798 258 1823; x_wconf 78' lang='grc' dir='ltr'>καὶ</span> <span class='ocrx_word' id='word_1_393' title='bbox 285 1797 315 1823; x_wconf 87' lang='grc' dir='ltr'>τὸ</span> <span class='ocrx_word' id='word_1_394' title='bbox 340 1798 491 1833; x_wconf 77' lang='grc' dir='ltr'>ἑνοφρονεῖν</span> <span class='ocrx_word' id='word_1_395' title='bbox 517 1796 730 1832; x_wconf 76' lang='grc' dir='ltr'>παρασκευάζει,</span> <span class='ocrx_word' id='word_1_396' title='bbox 765 1796 812 1822; x_wconf 77' lang='grc' dir='ltr'>καὶ</span> <span class='ocrx_word' id='word_1_397' title='bbox 836 1796 891 1823; x_wconf 77' lang='grc' dir='ltr'>ἀπὸ</span> 
     </span>
    </p>
   </div>
   <div class='ocr_carea' id='block_1_57' title="bbox 101 1841 889 1878">
    <p class='ocr_par' dir='ltr' id='par_1_57' title="bbox 101 1841 889 1878">
     <span class='ocr_line' id='line_1_57' title="bbox 101 1841 889 1878; baseline 0.001 -11"><span class='ocrx_word' id='word_1_398' title='bbox 101 1841 156 1868; x_wconf 82' lang='grc' dir='ltr'>τῶν</span> <span class='ocrx_word' id='word_1_399' title='bbox 181 1842 268 1878; x_wconf 81' lang='grc' dir='ltr'>γηϊων</span> <span class='ocrx_word' id='word_1_400' title='bbox 295 1842 455 1878; x_wconf 73' lang='grc' dir='ltr'>ἐπιστρέφει</span> <span class='ocrx_word' id='word_1_401' title='bbox 488 1842 556 1877; x_wconf 79' lang='grc' dir='ltr'>πρὸς</span> <span class='ocrx_word' id='word_1_402' title='bbox 586 1841 635 1877; x_wconf 86' lang='grc' dir='ltr'><strong>τὴν</strong></span> <span class='ocrx_word' id='word_1_403' title='bbox 658 1841 706 1868; x_wconf 85' lang='grc' dir='ltr'><strong>τοῦ</strong></span> <span class='ocrx_word' id='word_1_404' title='bbox 731 1841 889 1877; x_wconf 89' lang='grc' dir='ltr'>συναγωγοῦ</span> 
     </span>
    </p>
   </div>
   <div class='ocr_carea' id='block_1_58' title="bbox 101 1884 890 1922">
    <p class='ocr_par' dir='ltr' id='par_1_58' title="bbox 101 1884 890 1922">
     <span class='ocr_line' id='line_1_58' title="bbox 101 1884 890 1922; baseline 0 -10"><span class='ocrx_word' id='word_1_405' title='bbox 101 1886 169 1912; x_wconf 82' lang='grc' dir='ltr'>Θεοῦ</span> <span class='ocrx_word' id='word_1_406' title='bbox 184 1887 290 1922; x_wconf 74' lang='grc' dir='ltr'>Πατρος</span> <span class='ocrx_word' id='word_1_407' title='bbox 306 1887 432 1922; x_wconf 80' lang='grc' dir='ltr'>ἑνότητα,</span> <span class='ocrx_word' id='word_1_408' title='bbox 464 1887 512 1914; x_wconf 79' lang='grc' dir='ltr'>καὶ</span> <span class='ocrx_word' id='word_1_409' title='bbox 529 1885 652 1913; x_wconf 71' lang='grc' dir='ltr'>θεοποιὸν</span> <span class='ocrx_word' id='word_1_410' title='bbox 667 1884 818 1920; x_wconf 84' lang='grc' dir='ltr'>ἁπλότητα.</span> <span class='ocrx_word' id='word_1_411' title='bbox 832 1885 890 1912; x_wconf 80' lang='grc' dir='ltr'><strong>Μέ-</strong></span> 
     </span>
    </p>
   </div>
   <div class='ocr_carea' id='block_1_59' title="bbox 101 1931 888 1969">
    <p class='ocr_par' dir='ltr' id='par_1_59' title="bbox 101 1931 888 1969">
     <span class='ocr_line' id='line_1_59' title="bbox 101 1931 888 1969; baseline -0.001 -10"><span class='ocrx_word' id='word_1_412' title='bbox 101 1941 147 1968; x_wconf 86' lang='grc' dir='ltr'><strong>χρι</strong></span> <span class='ocrx_word' id='word_1_413' title='bbox 158 1932 212 1968; x_wconf 80' lang='grc' dir='ltr'>γὰρ</span> <span class='ocrx_word' id='word_1_414' title='bbox 227 1933 322 1960; x_wconf 85' lang='grc' dir='ltr'>τούτου</span> <span class='ocrx_word' id='word_1_415' title='bbox 345 1934 540 1969; x_wconf 78' lang='grc' dir='ltr'>κεχωρισμένοι</span> <span class='ocrx_word' id='word_1_416' title='bbox 564 1933 625 1964; x_wconf 83' lang='grc' dir='ltr'>ταῖς</span> <span class='ocrx_word' id='word_1_417' title='bbox 647 1931 769 1967; x_wconf 87' lang='grc' dir='ltr'>γνώμαις</span> <span class='ocrx_word' id='word_1_418' title='bbox 796 1931 888 1966; x_wconf 81' lang='grc' dir='ltr'>ἐσμὲν,</span> 
     </span>
    </p>
   </div>
   <div class='ocr_carea' id='block_1_60' title="bbox 100 1976 890 2015">
    <p class='ocr_par' dir='ltr' id='par_1_60' title="bbox 100 1976 890 2015">
     <span class='ocr_line' id='line_1_60' title="bbox 100 1976 890 2015; baseline -0.003 -9"><span class='ocrx_word' id='word_1_419' title='bbox 100 1979 153 2010; x_wconf 72' lang='grc' dir='ltr'><strong>ἕως</strong></span> <span class='ocrx_word' id='word_1_420' title='bbox 168 1976 198 2006; x_wconf 76' lang='grc' dir='ltr'>οὗ</span> <span class='ocrx_word' id='word_1_421' title='bbox 218 1979 289 2006; x_wconf 83' lang='grc' dir='ltr'>κατὰ</span> <span class='ocrx_word' id='word_1_422' title='bbox 315 1979 417 2015; x_wconf 80' lang='grc' dir='ltr'>κόσμον</span> <span class='ocrx_word' id='word_1_423' title='bbox 448 1979 660 2015; x_wconf 75' lang='grc' dir='ltr'>περιπατῶμενο</span> <span class='ocrx_word' id='word_1_424' title='bbox 690 1979 754 2005; x_wconf 80' lang='grc' dir='ltr'>ὅταν</span> <span class='ocrx_word' id='word_1_425' title='bbox 770 1978 798 2004; x_wconf 83' lang='grc' dir='ltr'><strong>δὲ</strong></span> <span class='ocrx_word' id='word_1_426' title='bbox 823 1978 890 2013; x_wconf 82' lang='grc' dir='ltr'>πρὸς</span> 
     </span>
    </p>
   </div>
   <div class='ocr_carea' id='block_1_61' title="bbox 101 2024 890 2062">
    <p class='ocr_par' dir='ltr' id='par_1_61' title="bbox 101 2024 890 2062">
     <span class='ocr_line' id='line_1_61' title="bbox 101 2024 890 2062; baseline -0.001 -10"><span class='ocrx_word' id='word_1_427' title='bbox 101 2024 167 2052; x_wconf 80' lang='grc' dir='ltr'>Θεὸν</span> <span class='ocrx_word' id='word_1_428' title='bbox 181 2026 376 2062; x_wconf 75' lang='grc' dir='ltr'>ἀνυψωθῶμεν,</span> <span class='ocrx_word' id='word_1_429' title='bbox 394 2026 454 2052; x_wconf 82' lang='grc' dir='ltr'>τότε</span> <span class='ocrx_word' id='word_1_430' title='bbox 485 2025 514 2051; x_wconf 79' lang='grc' dir='ltr'>ἓν</span> <span class='ocrx_word' id='word_1_431' title='bbox 543 2024 677 2061; x_wconf 87' lang='grc' dir='ltr'>γινόμεθα</span> <span class='ocrx_word' id='word_1_432' title='bbox 705 2026 734 2052; x_wconf 80' lang='grc' dir='ltr'>ἐν</span> <span class='ocrx_word' id='word_1_433' title='bbox 756 2025 824 2060; x_wconf 83' lang='grc' dir='ltr'>Θεῷ,</span> <span class='ocrx_word' id='word_1_434' title='bbox 842 2025 890 2052; x_wconf 78' lang='grc' dir='ltr'>καὶ</span> 
     </span>
    </p>
   </div>
   <div class='ocr_carea' id='block_1_62' title="bbox 101 2070 889 2108">
    <p class='ocr_par' dir='ltr' id='par_1_62' title="bbox 101 2070 889 2108">
     <span class='ocr_line' id='line_1_62' title="bbox 101 2070 889 2108; baseline -0.001 -10"><span class='ocrx_word' id='word_1_435' title='bbox 101 2072 191 2107; x_wconf 76' lang='grc' dir='ltr'>χάριτι</span> <span class='ocrx_word' id='word_1_436' title='bbox 218 2072 289 2099; x_wconf 80' lang='grc' dir='ltr'>κατὰ</span> <span class='ocrx_word' id='word_1_437' title='bbox 300 2072 348 2108; x_wconf 84' lang='grc' dir='ltr'>τὴν</span> <span class='ocrx_word' id='word_1_438' title='bbox 365 2073 505 2108; x_wconf 84' lang='grc' dir='ltr'>ἁπλότητα</span> <span class='ocrx_word' id='word_1_439' title='bbox 514 2072 718 2107; x_wconf 83' lang='grc' dir='ltr'>θεοποιούμεθα,</span> <span class='ocrx_word' id='word_1_440' title='bbox 735 2070 826 2102; x_wconf 82' lang='grc' dir='ltr'>καθὼς</span> <span class='ocrx_word' id='word_1_441' title='bbox 842 2071 889 2098; x_wconf 77' lang='grc' dir='ltr'>καὶ</span> 
     </span>
    </p>
   </div>
   <div class='ocr_carea' id='block_1_63' title="bbox 101 2114 890 2153">
    <p class='ocr_par' dir='ltr' id='par_1_63' title="bbox 101 2114 890 2153">
     <span class='ocr_line' id='line_1_63' title="bbox 101 2114 890 2153; baseline 0 -10"><span class='ocrx_word' id='word_1_442' title='bbox 101 2118 115 2143; x_wconf 83' lang='grc' dir='ltr'><strong>ὁ</strong></span> <span class='ocrx_word' id='word_1_443' title='bbox 133 2114 235 2153; x_wconf 75' lang='grc' dir='ltr'>Κύριος</span> <span class='ocrx_word' id='word_1_444' title='bbox 261 2116 331 2152; x_wconf 80' lang='grc' dir='ltr'>πρὸς</span> <span class='ocrx_word' id='word_1_445' title='bbox 356 2117 402 2144; x_wconf 83' lang='grc' dir='ltr'><strong>τὸν</strong></span> <span class='ocrx_word' id='word_1_446' title='bbox 430 2118 527 2144; x_wconf 77' lang='grc' dir='ltr'>ἑαυτοῦ</span> <span class='ocrx_word' id='word_1_447' title='bbox 559 2117 667 2153; x_wconf 83' lang='grc' dir='ltr'>Πατέρα</span> <span class='ocrx_word' id='word_1_448' title='bbox 697 2118 794 2153; x_wconf 70' lang='grc' dir='ltr'>φησιν,</span> <span class='ocrx_word' id='word_1_449' title='bbox 823 2117 890 2143; x_wconf 80' lang='grc' dir='ltr'>Ἵνα</span> 
     </span>
    </p>
   </div>
   <div class='ocr_carea' id='block_1_64' title="bbox 102 2161 886 2198">
    <p class='ocr_par' dir='ltr' id='par_1_64' title="bbox 102 2161 886 2198">
     <span class='ocr_line' id='line_1_64' title="bbox 102 2161 886 2198; baseline 0 -10"><span class='ocrx_word' id='word_1_450' title='bbox 102 2161 177 2189; x_wconf 79' lang='grc' dir='ltr'>ὦσιν</span> <span class='ocrx_word' id='word_1_451' title='bbox 206 2162 252 2194; x_wconf 84' lang='grc' dir='ltr'><strong>ἓν,</strong></span> <span class='ocrx_word' id='word_1_452' title='bbox 276 2162 373 2194; x_wconf 76' lang='grc' dir='ltr'>καθὼς</span> <span class='ocrx_word' id='word_1_453' title='bbox 396 2162 446 2189; x_wconf 79' lang='grc' dir='ltr'>καὶ</span> <span class='ocrx_word' id='word_1_454' title='bbox 471 2163 557 2198; x_wconf 77' lang='grc' dir='ltr'>ἡμεῖς</span> <span class='ocrx_word' id='word_1_455' title='bbox 580 2163 615 2190; x_wconf 77' lang='grc' dir='ltr'><strong>ἕν</strong></span> <span class='ocrx_word' id='word_1_456' title='bbox 626 2163 729 2198; x_wconf 79' lang='grc' dir='ltr'><strong>ἐσμεν.</strong></span> <span class='ocrx_word' id='word_1_457' title='bbox 760 2163 796 2189; x_wconf 83' lang='grc' dir='ltr'>Τὸ</span> <span class='ocrx_word' id='word_1_458' title='bbox 811 2162 886 2197; x_wconf 83' lang='grc' dir='ltr'>γοῦν,</span> 
     </span>
    </p>
   </div>
   <div class='ocr_carea' id='block_1_65' title="bbox 941 925 1730 960">
    <p class='ocr_par' dir='ltr' id='par_1_65' title="bbox 941 925 1730 960">
     <span class='ocr_line' id='line_1_65' title="bbox 941 925 1730 960; baseline 0.001 -9"><span class='ocrx_word' id='word_1_459' title='bbox 941 926 1040 952; x_wconf 79' lang='lat' dir='ltr'><strong>donum</strong></span> <span class='ocrx_word' id='word_1_460' title='bbox 1054 925 1198 960; x_wconf 78' lang='lat' dir='ltr'><strong>perfectum</strong></span> <span class='ocrx_word' id='word_1_461' title='bbox 1215 926 1355 953; x_wconf 71' lang='lat' dir='ltr'><strong>desursum</strong></span> <span class='ocrx_word' id='word_1_462' title='bbox 1366 932 1414 959; x_wconf 76' lang='lat' dir='ltr'><strong>est,</strong></span> <span class='ocrx_word' id='word_1_463' title='bbox 1439 927 1595 954; x_wconf 75' lang='lat' dir='ltr'><strong>descendens</strong></span> <span class='ocrx_word' id='word_1_464' title='bbox 1616 935 1632 952; x_wconf 81' lang='grc' dir='ltr'><strong>α</strong></span> <span class='ocrx_word' id='word_1_465' title='bbox 1649 925 1730 952; x_wconf 82' lang='lat' dir='ltr'><strong>Putre</strong></span> 
     </span>
    </p>
   </div>
   <div class='ocr_carea' id='block_1_66' title="bbox 941 969 1730 1006">
    <p class='ocr_par' dir='ltr' id='par_1_66' title="bbox 941 969 1730 1006">
     <span class='ocr_line' id='line_1_66' title="bbox 941 969 1730 1006; baseline 0.004 -11"><span class='ocrx_word' id='word_1_466' title='bbox 941 969 1070 996; x_wconf 75' lang='lat' dir='ltr'><strong>luminum</strong></span> <span class='ocrx_word' id='word_1_467' title='bbox 1087 974 1110 997; x_wconf 87' lang='lat'><strong>&#39;.</strong></span> <span class='ocrx_word' id='word_1_468' title='bbox 1120 969 1227 999; x_wconf 80' lang='lat' dir='ltr'><strong>Patrem</strong></span> <span class='ocrx_word' id='word_1_469' title='bbox 1245 976 1336 998; x_wconf 87' lang='lat' dir='ltr'><strong>autem</strong></span> <span class='ocrx_word' id='word_1_470' title='bbox 1356 971 1489 998; x_wconf 85' lang='lat' dir='ltr'><strong>luminum</strong></span> <span class='ocrx_word' id='word_1_471' title='bbox 1507 980 1621 1006; x_wconf 80' lang='lat' dir='ltr'><strong>magnus</strong></span> <span class='ocrx_word' id='word_1_472' title='bbox 1632 972 1676 999; x_wconf 79' lang='lat' dir='ltr'><strong>hic</strong></span> <span class='ocrx_word' id='word_1_473' title='bbox 1687 970 1730 998; x_wconf 82' lang='lat' dir='ltr'><strong>Ja-</strong></span> 
     </span>
    </p>
   </div>
   <div class='ocr_carea' id='block_1_67' title="bbox 941 1015 1729 1052">
    <p class='ocr_par' dir='ltr' id='par_1_67' title="bbox 941 1015 1729 1052">
     <span class='ocr_line' id='line_1_67' title="bbox 941 1015 1729 1052; baseline 0.004 -11"><span class='ocrx_word' id='word_1_474' title='bbox 941 1015 1115 1042; x_wconf 87' lang='lat' dir='ltr'><strong>cobusDeum</strong></span> <span class='ocrx_word' id='word_1_475' title='bbox 1132 1021 1220 1048; x_wconf 88' lang='lat' dir='ltr'><strong>vocat,</strong></span> <span class='ocrx_word' id='word_1_476' title='bbox 1233 1022 1325 1052; x_wconf 85' lang='lat' dir='ltr'><strong>utpote</strong></span> <span class='ocrx_word' id='word_1_477' title='bbox 1342 1015 1448 1045; x_wconf 80' lang='lat' dir='ltr'><strong>Patrem</strong></span> <span class='ocrx_word' id='word_1_478' title='bbox 1467 1017 1729 1050; x_wconf 86' lang='lat' dir='ltr'><strong>misericordiarum,</strong></span> 
     </span>
    </p>
   </div>
   <div class='ocr_carea' id='block_1_68' title="bbox 941 1061 1729 1097">
    <p class='ocr_par' dir='ltr' id='par_1_68' title="bbox 941 1061 1729 1097">
     <span class='ocr_line' id='line_1_68' title="bbox 941 1061 1729 1097; baseline 0.005 -10"><span class='ocrx_word' id='word_1_479' title='bbox 941 1061 986 1096; x_wconf 89' lang='lat' dir='ltr'><strong>qui</strong></span> <span class='ocrx_word' id='word_1_480' title='bbox 1002 1066 1030 1088; x_wconf 83' lang='lat' dir='ltr'><strong>et</strong></span> <span class='ocrx_word' id='word_1_481' title='bbox 1050 1062 1162 1097; x_wconf 89' lang='lat' dir='ltr'><strong>ipsemet</strong></span> <span class='ocrx_word' id='word_1_482' title='bbox 1184 1062 1228 1090; x_wconf 81' lang='lat' dir='ltr'><strong>lux</strong></span> <span class='ocrx_word' id='word_1_483' title='bbox 1256 1068 1309 1095; x_wconf 83' lang='lat' dir='ltr'><strong>est,</strong></span> <span class='ocrx_word' id='word_1_484' title='bbox 1323 1068 1351 1091; x_wconf 86' lang='lat' dir='ltr'><strong>et</strong></span> <span class='ocrx_word' id='word_1_485' title='bbox 1371 1069 1482 1091; x_wconf 83' lang='lat' dir='ltr'><strong>creator</strong></span> <span class='ocrx_word' id='word_1_486' title='bbox 1501 1072 1533 1092; x_wconf 89' lang='lat' dir='ltr'><strong>ac</strong></span> <span class='ocrx_word' id='word_1_487' title='bbox 1549 1069 1729 1091; x_wconf 81' lang='lat' dir='ltr'><strong>conservator</strong></span> 
     </span>
    </p>
   </div>
   <div class='ocr_carea' id='block_1_69' title="bbox 941 1108 1730 1145">
    <p class='ocr_par' dir='ltr' id='par_1_69' title="bbox 941 1108 1730 1145">
     <span class='ocr_line' id='line_1_69' title="bbox 941 1108 1730 1145; baseline 0.004 -10"><span class='ocrx_word' id='word_1_488' title='bbox 941 1108 1072 1135; x_wconf 87' lang='lat' dir='ltr'><strong>luminum</strong></span> <span class='ocrx_word' id='word_1_489' title='bbox 1089 1118 1095 1136; x_wconf 86' lang='lat'><strong>:</strong></span> <span class='ocrx_word' id='word_1_490' title='bbox 1114 1115 1193 1143; x_wconf 90' lang='lat' dir='ltr'><strong>pater</strong></span> <span class='ocrx_word' id='word_1_491' title='bbox 1205 1110 1279 1137; x_wconf 88' lang='lat' dir='ltr'><strong>enim</strong></span> <span class='ocrx_word' id='word_1_492' title='bbox 1299 1115 1342 1138; x_wconf 82' lang='lat' dir='ltr'><strong>est</strong></span> <span class='ocrx_word' id='word_1_493' title='bbox 1357 1111 1402 1144; x_wconf 86' lang='lat' dir='ltr'><strong>qui</strong></span> <span class='ocrx_word' id='word_1_494' title='bbox 1417 1111 1575 1145; x_wconf 90' lang='lat' dir='ltr'><strong>producitet</strong></span> <span class='ocrx_word' id='word_1_495' title='bbox 1586 1117 1730 1138; x_wconf 78' lang='lat' dir='ltr'><strong>conservat</strong></span> 
     </span>
    </p>
   </div>
   <div class='ocr_carea' id='block_1_70' title="bbox 941 1154 1731 1189">
    <p class='ocr_par' dir='ltr' id='par_1_70' title="bbox 941 1154 1731 1189">
     <span class='ocr_line' id='line_1_70' title="bbox 941 1154 1731 1189; baseline 0.004 -9"><span class='ocrx_word' id='word_1_496' title='bbox 941 1161 1001 1188; x_wconf 67' lang='lat' dir='ltr'><strong>quae</strong></span> <span class='ocrx_word' id='word_1_497' title='bbox 1015 1161 1048 1181; x_wconf 76' lang='lat' dir='ltr'><strong>ex</strong></span> <span class='ocrx_word' id='word_1_498' title='bbox 1073 1154 1132 1188; x_wconf 85' lang='lat' dir='ltr'><strong>ipso</strong></span> <span class='ocrx_word' id='word_1_499' title='bbox 1147 1159 1230 1187; x_wconf 86' lang='lat' dir='ltr'><strong>sunt;</strong></span> <span class='ocrx_word' id='word_1_500' title='bbox 1245 1156 1285 1182; x_wconf 90' lang='lat' dir='ltr'><strong>sic</strong></span> <span class='ocrx_word' id='word_1_501' title='bbox 1301 1159 1328 1182; x_wconf 90' lang='lat' dir='ltr'><strong>et</strong></span> <span class='ocrx_word' id='word_1_502' title='bbox 1345 1155 1414 1182; x_wconf 87' lang='lat' dir='ltr'><strong>Deus</strong></span> <span class='ocrx_word' id='word_1_503' title='bbox 1429 1155 1510 1182; x_wconf 84' lang='lat' dir='ltr'><strong>Pater</strong></span> <span class='ocrx_word' id='word_1_504' title='bbox 1524 1156 1670 1189; x_wconf 90' lang='lat' dir='ltr'><strong>luminum,</strong></span> <span class='ocrx_word' id='word_1_505' title='bbox 1698 1162 1731 1184; x_wconf 89' lang='lat' dir='ltr'><strong>ut</strong></span> 
     </span>
    </p>
   </div>
   <div class='ocr_carea' id='block_1_71' title="bbox 942 1200 1731 1235">
    <p class='ocr_par' dir='ltr' id='par_1_71' title="bbox 942 1200 1731 1235">
     <span class='ocr_line' id='line_1_71' title="bbox 942 1200 1731 1235; baseline 0.004 -8"><span class='ocrx_word' id='word_1_506' title='bbox 942 1200 987 1235; x_wconf 88' lang='lat' dir='ltr'><strong>qui</strong></span> <span class='ocrx_word' id='word_1_507' title='bbox 1005 1201 1095 1228; x_wconf 84' lang='lat' dir='ltr'><strong>omnis</strong></span> <span class='ocrx_word' id='word_1_508' title='bbox 1110 1205 1246 1228; x_wconf 77' lang='lat' dir='ltr'><strong>creatura:</strong></span> <span class='ocrx_word' id='word_1_509' title='bbox 1256 1202 1383 1229; x_wconf 87' lang='lat' dir='ltr'><strong>conditor</strong></span> <span class='ocrx_word' id='word_1_510' title='bbox 1395 1202 1522 1230; x_wconf 77' lang='lat' dir='ltr'><strong>exsistat.</strong></span> <span class='ocrx_word' id='word_1_511' title='bbox 1535 1203 1593 1230; x_wconf 89' lang='lat' dir='ltr'><strong>Non</strong></span> <span class='ocrx_word' id='word_1_512' title='bbox 1606 1203 1673 1230; x_wconf 82' lang='lat' dir='ltr'><strong>dixit</strong></span> <span class='ocrx_word' id='word_1_513' title='bbox 1685 1212 1731 1230; x_wconf 85' lang='lat' dir='ltr'><strong>att-</strong></span> 
     </span>
    </p>
   </div>
   <div class='ocr_carea' id='block_1_72' title="bbox 943 1247 1731 1285">
    <p class='ocr_par' dir='ltr' id='par_1_72' title="bbox 943 1247 1731 1285">
     <span class='ocr_line' id='line_1_72' title="bbox 943 1247 1731 1285; baseline 0.004 -12"><span class='ocrx_word' id='word_1_514' title='bbox 943 1252 1006 1279; x_wconf 91' lang='lat' dir='ltr'><strong>tem,</strong></span> <span class='ocrx_word' id='word_1_515' title='bbox 1032 1247 1113 1274; x_wconf 90' lang='lat' dir='ltr'><strong>Pater</strong></span> <span class='ocrx_word' id='word_1_516' title='bbox 1134 1248 1207 1280; x_wconf 61' lang='grc' dir='ltr'>εαξη,</span> <span class='ocrx_word' id='word_1_517' title='bbox 1222 1256 1311 1282; x_wconf 88' lang='lat' dir='ltr'><strong>neque</strong></span> <span class='ocrx_word' id='word_1_518' title='bbox 1327 1253 1417 1281; x_wconf 70' lang='lat' dir='ltr'><strong>terrm,</strong></span> <span class='ocrx_word' id='word_1_519' title='bbox 1439 1249 1486 1276; x_wconf 88' lang='lat' dir='ltr'><strong>sed</strong></span> <span class='ocrx_word' id='word_1_520' title='bbox 1508 1249 1651 1281; x_wconf 87' lang='lat' dir='ltr'><strong>luminum,</strong></span> <span class='ocrx_word' id='word_1_521' title='bbox 1668 1258 1731 1285; x_wconf 90' lang='lat' dir='ltr'><strong>pro-</strong></span> 
     </span>
    </p>
   </div>
   <div class='ocr_carea' id='block_1_73' title="bbox 943 1294 1730 1328">
    <p class='ocr_par' dir='ltr' id='par_1_73' title="bbox 943 1294 1730 1328">
     <span class='ocr_line' id='line_1_73' title="bbox 943 1294 1730 1328; baseline 0.005 -9"><span class='ocrx_word' id='word_1_522' title='bbox 943 1297 1005 1326; x_wconf 90' lang='lat' dir='ltr'><strong>pter</strong></span> <span class='ocrx_word' id='word_1_523' title='bbox 1018 1294 1189 1328; x_wconf 82' lang='lat' dir='ltr'><strong>propositttm</strong></span> <span class='ocrx_word' id='word_1_524' title='bbox 1203 1302 1210 1326; x_wconf 90' lang='lat'><strong>;</strong></span> <span class='ocrx_word' id='word_1_525' title='bbox 1223 1295 1351 1328; x_wconf 82' lang='lat' dir='ltr'><strong>quoniam</strong></span> <span class='ocrx_word' id='word_1_526' title='bbox 1365 1295 1448 1322; x_wconf 89' lang='lat' dir='ltr'><strong>etiam</strong></span> <span class='ocrx_word' id='word_1_527' title='bbox 1464 1297 1532 1322; x_wconf 89' lang='lat' dir='ltr'><strong>dona</strong></span> <span class='ocrx_word' id='word_1_528' title='bbox 1558 1303 1591 1322; x_wconf 82' lang='lat' dir='ltr'><strong>ex</strong></span> <span class='ocrx_word' id='word_1_529' title='bbox 1609 1296 1730 1323; x_wconf 87' lang='lat' dir='ltr'><strong>illustra-</strong></span> 
     </span>
    </p>
   </div>
   <div class='ocr_carea' id='block_1_74' title="bbox 942 1339 1729 1376">
    <p class='ocr_par' dir='ltr' id='par_1_74' title="bbox 942 1339 1729 1376">
     <span class='ocr_line' id='line_1_74' title="bbox 942 1339 1729 1376; baseline 0.006 -11"><span class='ocrx_word' id='word_1_530' title='bbox 942 1339 1016 1366; x_wconf 83' lang='lat' dir='ltr'><strong>tione</strong></span> <span class='ocrx_word' id='word_1_531' title='bbox 1035 1339 1126 1367; x_wconf 90' lang='lat' dir='ltr'><strong>divina</strong></span> <span class='ocrx_word' id='word_1_532' title='bbox 1155 1340 1312 1368; x_wconf 89' lang='lat' dir='ltr'><strong>hominibus</strong></span> <span class='ocrx_word' id='word_1_533' title='bbox 1340 1341 1495 1376; x_wconf 77' lang='lat' dir='ltr'><strong>obtingunt.</strong></span> <span class='ocrx_word' id='word_1_534' title='bbox 1520 1341 1597 1369; x_wconf 88' lang='lat' dir='ltr'><strong>Hunc</strong></span> <span class='ocrx_word' id='word_1_535' title='bbox 1620 1341 1729 1370; x_wconf 75' lang='lat' dir='ltr'><strong>Patrem</strong></span> 
     </span>
    </p>
   </div>
   <div class='ocr_carea' id='block_1_75' title="bbox 942 1383 1729 1423">
    <p class='ocr_par' dir='ltr' id='par_1_75' title="bbox 942 1383 1729 1423">
     <span class='ocr_line' id='line_1_75' title="bbox 942 1383 1729 1423; baseline 0.005 -12"><span class='ocrx_word' id='word_1_536' title='bbox 942 1383 1073 1412; x_wconf 88' lang='lat' dir='ltr'><strong>luminum</strong></span> <span class='ocrx_word' id='word_1_537' title='bbox 1091 1386 1117 1412; x_wconf 91' lang='lat' dir='ltr'><strong>in</strong></span> <span class='ocrx_word' id='word_1_538' title='bbox 1133 1385 1249 1413; x_wconf 90' lang='lat' dir='ltr'><strong>decursu</strong></span> <span class='ocrx_word' id='word_1_539' title='bbox 1269 1386 1351 1413; x_wconf 86' lang='lat' dir='ltr'><strong>etiam</strong></span> <span class='ocrx_word' id='word_1_540' title='bbox 1380 1387 1503 1414; x_wconf 79' lang='lat' dir='ltr'><strong>absolute</strong></span> <span class='ocrx_word' id='word_1_541' title='bbox 1518 1387 1604 1415; x_wconf 91' lang='lat' dir='ltr'><strong>solum</strong></span> <span class='ocrx_word' id='word_1_542' title='bbox 1620 1387 1729 1423; x_wconf 84' lang='lat' dir='ltr'><strong>Patrem</strong></span> 
     </span>
    </p>
   </div>
   <div class='ocr_carea' id='block_1_76' title="bbox 942 1432 1731 1470">
    <p class='ocr_par' dir='ltr' id='par_1_76' title="bbox 942 1432 1731 1470">
     <span class='ocr_line' id='line_1_76' title="bbox 942 1432 1731 1470; baseline 0.004 -12"><span class='ocrx_word' id='word_1_543' title='bbox 942 1432 1079 1465; x_wconf 81' lang='lat' dir='ltr'><strong>nominat,</strong></span> <span class='ocrx_word' id='word_1_544' title='bbox 1120 1432 1213 1459; x_wconf 87' lang='lat' dir='ltr'><strong>dicens</strong></span> <span class='ocrx_word' id='word_1_545' title='bbox 1226 1440 1234 1459; x_wconf 84' lang='lat'><strong>:</strong></span> <span class='ocrx_word' id='word_1_546' title='bbox 1249 1432 1290 1459; x_wconf 82' lang='lat' dir='ltr'><strong>Ad</strong></span> <span class='ocrx_word' id='word_1_547' title='bbox 1307 1435 1436 1460; x_wconf 74' lang='lat' dir='ltr'><strong>unitatem</strong></span> <span class='ocrx_word' id='word_1_548' title='bbox 1459 1434 1549 1461; x_wconf 78' lang='lat' dir='ltr'><strong>Patria</strong></span> <span class='ocrx_word' id='word_1_549' title='bbox 1570 1442 1731 1470; x_wconf 79' lang='lat' dir='ltr'><strong>congregan-</strong></span> 
     </span>
    </p>
   </div>
   <div class='ocr_carea' id='block_1_77' title="bbox 942 1477 1730 1512">
    <p class='ocr_par' dir='ltr' id='par_1_77' title="bbox 942 1477 1730 1512">
     <span class='ocr_line' id='line_1_77' title="bbox 942 1477 1730 1512; baseline 0.006 -9"><span class='ocrx_word' id='word_1_550' title='bbox 942 1477 996 1506; x_wconf 74' lang='lat' dir='ltr'><strong>tis.</strong></span> <span class='ocrx_word' id='word_1_551' title='bbox 1020 1482 1050 1504; x_wconf 89' lang='lat' dir='ltr'><strong>ut</strong></span> <span class='ocrx_word' id='word_1_552' title='bbox 1076 1477 1122 1512; x_wconf 90' lang='lat' dir='ltr'><strong>qui</strong></span> <span class='ocrx_word' id='word_1_553' title='bbox 1156 1482 1263 1505; x_wconf 81' lang='lat' dir='ltr'><strong>crcator</strong></span> <span class='ocrx_word' id='word_1_554' title='bbox 1297 1479 1331 1505; x_wconf 88' lang='lat' dir='ltr'><strong>sit</strong></span> <span class='ocrx_word' id='word_1_555' title='bbox 1362 1486 1395 1506; x_wconf 88' lang='lat' dir='ltr'><strong>ac</strong></span> <span class='ocrx_word' id='word_1_556' title='bbox 1423 1486 1601 1507; x_wconf 80' lang='lat' dir='ltr'><strong>conservator</strong></span> <span class='ocrx_word' id='word_1_557' title='bbox 1636 1485 1730 1508; x_wconf 85' lang='lat' dir='ltr'><strong>noster</strong></span> 
     </span>
    </p>
   </div>
   <div class='ocr_carea' id='block_1_78' title="bbox 942 1523 1731 1559">
    <p class='ocr_par' dir='ltr' id='par_1_78' title="bbox 942 1523 1731 1559">
     <span class='ocr_line' id='line_1_78' title="bbox 942 1523 1731 1559; baseline 0.006 -10"><span class='ocrx_word' id='word_1_558' title='bbox 942 1523 1086 1558; x_wconf 85' lang='lat' dir='ltr'><strong>omnisque</strong></span> <span class='ocrx_word' id='word_1_559' title='bbox 1101 1528 1253 1551; x_wconf 70' lang='lat' dir='ltr'><strong>creaturae:</strong></span> <span class='ocrx_word' id='word_1_560' title='bbox 1268 1531 1423 1559; x_wconf 85' lang='lat' dir='ltr'><strong>quanquam</strong></span> <span class='ocrx_word' id='word_1_561' title='bbox 1449 1526 1531 1552; x_wconf 83' lang='lat' dir='ltr'><strong>etiam</strong></span> <span class='ocrx_word' id='word_1_562' title='bbox 1554 1527 1622 1554; x_wconf 85' lang='lat' dir='ltr'><strong>alias</strong></span> <span class='ocrx_word' id='word_1_563' title='bbox 1648 1526 1731 1554; x_wconf 78' lang='lat' dir='ltr'><strong>Pater</strong></span> 
     </span>
    </p>
   </div>
   <div class='ocr_carea' id='block_1_79' title="bbox 943 1567 1729 1606">
    <p class='ocr_par' dir='ltr' id='par_1_79' title="bbox 943 1567 1729 1606">
     <span class='ocr_line' id='line_1_79' title="bbox 943 1567 1729 1606; baseline 0.006 -12"><span class='ocrx_word' id='word_1_564' title='bbox 943 1567 1075 1596; x_wconf 89' lang='lat' dir='ltr'><strong>luminum</strong></span> <span class='ocrx_word' id='word_1_565' title='bbox 1093 1569 1141 1601; x_wconf 86' lang='lat' dir='ltr'><strong>sit,</strong></span> <span class='ocrx_word' id='word_1_566' title='bbox 1169 1569 1274 1597; x_wconf 79' lang='lat' dir='ltr'><strong>scilicet</strong></span> <span class='ocrx_word' id='word_1_567' title='bbox 1287 1569 1347 1597; x_wconf 85' lang='lat' dir='ltr'><strong>Filii</strong></span> <span class='ocrx_word' id='word_1_568' title='bbox 1369 1578 1401 1597; x_wconf 88' lang='lat' dir='ltr'><strong>ac</strong></span> <span class='ocrx_word' id='word_1_569' title='bbox 1426 1570 1546 1606; x_wconf 79' lang='lat' dir='ltr'><strong>Spiritus</strong></span> <span class='ocrx_word' id='word_1_570' title='bbox 1559 1573 1657 1601; x_wconf 85' lang='lat' dir='ltr'><strong>sancti.</strong></span> <span class='ocrx_word' id='word_1_571' title='bbox 1675 1573 1729 1600; x_wconf 81' lang='lat' dir='ltr'><strong>Sed</strong></span> 
     </span>
    </p>
   </div>
   <div class='ocr_carea' id='block_1_80' title="bbox 942 1614 1729 1654">
    <p class='ocr_par' dir='ltr' id='par_1_80' title="bbox 942 1614 1729 1654">
     <span class='ocr_line' id='line_1_80' title="bbox 942 1614 1729 1654; baseline 0.005 -13"><span class='ocrx_word' id='word_1_572' title='bbox 942 1618 970 1641; x_wconf 90' lang='lat' dir='ltr'><strong>et</strong></span> <span class='ocrx_word' id='word_1_573' title='bbox 980 1615 1070 1642; x_wconf 86' lang='lat' dir='ltr'><strong>omnis</strong></span> <span class='ocrx_word' id='word_1_574' title='bbox 1085 1622 1100 1641; x_wconf 86' lang='lat' dir='ltr'><strong>a</strong></span> <span class='ocrx_word' id='word_1_575' title='bbox 1117 1614 1172 1642; x_wconf 90' lang='lat' dir='ltr'><strong>Deo</strong></span> <span class='ocrx_word' id='word_1_576' title='bbox 1186 1615 1387 1650; x_wconf 81' lang='lat' dir='ltr'><strong>proﬁciscentis</strong></span> <span class='ocrx_word' id='word_1_577' title='bbox 1403 1617 1595 1645; x_wconf 83' lang='lat' dir='ltr'><strong>illustrationis</strong></span> <span class='ocrx_word' id='word_1_578' title='bbox 1611 1626 1729 1654; x_wconf 90' lang='lat' dir='ltr'><strong>proven-</strong></span> 
     </span>
    </p>
   </div>
   <div class='ocr_carea' id='block_1_81' title="bbox 944 1661 1730 1700">
    <p class='ocr_par' dir='ltr' id='par_1_81' title="bbox 944 1661 1730 1700">
     <span class='ocr_line' id='line_1_81' title="bbox 944 1661 1730 1700; baseline 0.009 -13"><span class='ocrx_word' id='word_1_579' title='bbox 944 1665 996 1693; x_wconf 85' lang='lat' dir='ltr'><strong>tus,</strong></span> <span class='ocrx_word' id='word_1_580' title='bbox 1015 1661 1048 1688; x_wconf 89' lang='lat' dir='ltr'><strong>ad</strong></span> <span class='ocrx_word' id='word_1_581' title='bbox 1065 1669 1115 1689; x_wconf 87' lang='lat' dir='ltr'><strong>nos</strong></span> <span class='ocrx_word' id='word_1_582' title='bbox 1129 1668 1163 1688; x_wconf 81' lang='lat' dir='ltr'><strong>ex</strong></span> <span class='ocrx_word' id='word_1_583' title='bbox 1177 1661 1299 1690; x_wconf 80' lang='lat' dir='ltr'><strong>bonitate</strong></span> <span class='ocrx_word' id='word_1_584' title='bbox 1314 1663 1466 1696; x_wconf 85' lang='lat' dir='ltr'><strong>dimanans,</strong></span> <span class='ocrx_word' id='word_1_585' title='bbox 1482 1665 1580 1695; x_wconf 83' lang='lat' dir='ltr'><strong>denuo,</strong></span> <span class='ocrx_word' id='word_1_586' title='bbox 1592 1672 1641 1692; x_wconf 90' lang='lat' dir='ltr'><strong>ceu</strong></span> <span class='ocrx_word' id='word_1_587' title='bbox 1657 1666 1730 1700; x_wconf 85' lang='lat' dir='ltr'><strong>ipsa-</strong></span> 
     </span>
    </p>
   </div>
   <div class='ocr_carea' id='block_1_82' title="bbox 942 1707 1727 1746">
    <p class='ocr_par' dir='ltr' id='par_1_82' title="bbox 942 1707 1727 1746">
     <span class='ocr_line' id='line_1_82' title="bbox 942 1707 1727 1746; baseline 0.006 -13"><span class='ocrx_word' id='word_1_588' title='bbox 942 1711 999 1734; x_wconf 88' lang='lat' dir='ltr'><strong>met</strong></span> <span class='ocrx_word' id='word_1_589' title='bbox 1016 1707 1057 1734; x_wconf 89' lang='lat' dir='ltr'><strong>vis</strong></span> <span class='ocrx_word' id='word_1_590' title='bbox 1074 1707 1189 1739; x_wconf 84' lang='lat' dir='ltr'><strong>uniﬁca.</strong></span> <span class='ocrx_word' id='word_1_591' title='bbox 1207 1716 1315 1736; x_wconf 86' lang='lat' dir='ltr'><strong>sursum</strong></span> <span class='ocrx_word' id='word_1_592' title='bbox 1327 1717 1376 1736; x_wconf 91' lang='lat' dir='ltr'><strong>nos</strong></span> <span class='ocrx_word' id='word_1_593' title='bbox 1391 1709 1490 1742; x_wconf 87' lang='lat' dir='ltr'><strong>elevat,</strong></span> <span class='ocrx_word' id='word_1_594' title='bbox 1506 1710 1727 1746; x_wconf 83' lang='lat' dir='ltr'><strong>simpliiicatque,</strong></span> 
     </span>
    </p>
   </div>
   <div class='ocr_carea' id='block_1_83' title="bbox 943 1753 1728 1791">
    <p class='ocr_par' dir='ltr' id='par_1_83' title="bbox 943 1753 1728 1791">
     <span class='ocr_line' id='line_1_83' title="bbox 943 1753 1728 1791; baseline 0.006 -12"><span class='ocrx_word' id='word_1_595' title='bbox 943 1753 1053 1786; x_wconf 86' lang='lat' dir='ltr'><strong>etquid</strong></span> <span class='ocrx_word' id='word_1_596' title='bbox 1077 1761 1161 1780; x_wconf 91' lang='lat' dir='ltr'><strong>unum</strong></span> <span class='ocrx_word' id='word_1_597' title='bbox 1181 1754 1260 1786; x_wconf 80' lang='lat' dir='ltr'><strong>facit,</strong></span> <span class='ocrx_word' id='word_1_598' title='bbox 1285 1759 1367 1788; x_wconf 84' lang='lat' dir='ltr'><strong>atque</strong></span> <span class='ocrx_word' id='word_1_599' title='bbox 1397 1755 1431 1782; x_wconf 90' lang='lat' dir='ltr'><strong>ad</strong></span> <span class='ocrx_word' id='word_1_600' title='bbox 1459 1763 1541 1782; x_wconf 89' lang='lat' dir='ltr'><strong>unum</strong></span> <span class='ocrx_word' id='word_1_601' title='bbox 1566 1757 1728 1791; x_wconf 76' lang='lat' dir='ltr'><strong>sapientium</strong></span> 
     </span>
    </p>
   </div>
   <div class='ocr_carea' id='block_1_84' title="bbox 943 1797 1728 1837">
    <p class='ocr_par' dir='ltr' id='par_1_84' title="bbox 943 1797 1728 1837">
     <span class='ocr_line' id='line_1_84' title="bbox 943 1797 1728 1837; baseline 0.006 -13"><span class='ocrx_word' id='word_1_602' title='bbox 943 1797 1074 1825; x_wconf 80' lang='lat' dir='ltr'><strong>informat</strong></span> <span class='ocrx_word' id='word_1_603' title='bbox 1088 1807 1094 1830; x_wconf 91' lang='lat'>;</span> <span class='ocrx_word' id='word_1_604' title='bbox 1112 1806 1163 1826; x_wconf 90' lang='lat' dir='ltr'><strong>nec</strong></span> <span class='ocrx_word' id='word_1_605' title='bbox 1177 1806 1230 1826; x_wconf 92' lang='lat' dir='ltr'><strong>non</strong></span> <span class='ocrx_word' id='word_1_606' title='bbox 1243 1807 1259 1826; x_wconf 93' lang='lat' dir='ltr'><strong>a</strong></span> <span class='ocrx_word' id='word_1_607' title='bbox 1275 1800 1391 1827; x_wconf 88' lang='lat' dir='ltr'><strong>terrenis</strong></span> <span class='ocrx_word' id='word_1_608' title='bbox 1414 1801 1551 1828; x_wconf 83' lang='lat' dir='ltr'><strong>convertit</strong></span> <span class='ocrx_word' id='word_1_609' title='bbox 1566 1802 1599 1828; x_wconf 89' lang='lat' dir='ltr'><strong>ad</strong></span> <span class='ocrx_word' id='word_1_610' title='bbox 1613 1810 1728 1837; x_wconf 76' lang='lat' dir='ltr'><strong>congre-</strong></span> 
     </span>
    </p>
   </div>
   <div class='ocr_carea' id='block_1_85' title="bbox 943 1843 1739 1882">
    <p class='ocr_par' dir='ltr' id='par_1_85' title="bbox 943 1843 1739 1882">
     <span class='ocr_line' id='line_1_85' title="bbox 943 1843 1739 1882; baseline 0.008 -12"><span class='ocrx_word' id='word_1_611' title='bbox 943 1844 1033 1878; x_wconf 73' lang='lat' dir='ltr'><strong>gantis</strong></span> <span class='ocrx_word' id='word_1_612' title='bbox 1046 1843 1092 1871; x_wconf 88' lang='lat' dir='ltr'><strong>Dei</strong></span> <span class='ocrx_word' id='word_1_613' title='bbox 1109 1843 1201 1872; x_wconf 86' lang='lat' dir='ltr'><strong>Patris</strong></span> <span class='ocrx_word' id='word_1_614' title='bbox 1213 1845 1359 1877; x_wconf 82' lang='lat' dir='ltr'><strong>unitatem,</strong></span> <span class='ocrx_word' id='word_1_615' title='bbox 1379 1852 1411 1872; x_wconf 87' lang='lat' dir='ltr'><strong>ac</strong></span> <span class='ocrx_word' id='word_1_616' title='bbox 1426 1845 1551 1873; x_wconf 76' lang='lat' dir='ltr'><strong>deificam</strong></span> <span class='ocrx_word' id='word_1_617' title='bbox 1567 1846 1739 1882; x_wconf 47' lang='lat' dir='ltr'><strong>simplicitati</strong></span> 
     </span>
    </p>
   </div>
   <div class='ocr_carea' id='block_1_86' title="bbox 941 1890 1727 1928">
    <p class='ocr_par' dir='ltr' id='par_1_86' title="bbox 941 1890 1727 1928">
     <span class='ocr_line' id='line_1_86' title="bbox 941 1890 1727 1928; baseline 0.005 -12"><span class='ocrx_word' id='word_1_618' title='bbox 941 1893 1006 1917; x_wconf 87' lang='lat' dir='ltr'><strong>tem.</strong></span> <span class='ocrx_word' id='word_1_619' title='bbox 1026 1890 1062 1917; x_wconf 85' lang='lat' dir='ltr'><strong>Eo</strong></span> <span class='ocrx_word' id='word_1_620' title='bbox 1074 1890 1146 1917; x_wconf 92' lang='lat' dir='ltr'><strong>enim</strong></span> <span class='ocrx_word' id='word_1_621' title='bbox 1165 1899 1250 1926; x_wconf 89' lang='lat' dir='ltr'><strong>usque</strong></span> <span class='ocrx_word' id='word_1_622' title='bbox 1261 1892 1405 1919; x_wconf 86' lang='lat' dir='ltr'><strong>sententiis</strong></span> <span class='ocrx_word' id='word_1_623' title='bbox 1418 1891 1595 1926; x_wconf 86' lang='lat' dir='ltr'><strong>dissidemus,</strong></span> <span class='ocrx_word' id='word_1_624' title='bbox 1608 1895 1727 1928; x_wconf 75' lang='lat' dir='ltr'><strong>quandi&quot;</strong></span> 
     </span>
    </p>
   </div>
   <div class='ocr_carea' id='block_1_87' title="bbox 941 1937 1728 1972">
    <p class='ocr_par' dir='ltr' id='par_1_87' title="bbox 941 1937 1728 1972">
     <span class='ocr_line' id='line_1_87' title="bbox 941 1937 1728 1972; baseline 0.005 -10"><span class='ocrx_word' id='word_1_625' title='bbox 941 1937 1089 1963; x_wconf 86' lang='lat' dir='ltr'><strong>secundum</strong></span> <span class='ocrx_word' id='word_1_626' title='bbox 1117 1937 1245 1963; x_wconf 90' lang='lat' dir='ltr'><strong>mundum</strong></span> <span class='ocrx_word' id='word_1_627' title='bbox 1269 1937 1459 1964; x_wconf 86' lang='lat' dir='ltr'><strong>ambulamus:</strong></span> <span class='ocrx_word' id='word_1_628' title='bbox 1482 1939 1590 1972; x_wconf 88' lang='lat' dir='ltr'><strong>quando</strong></span> <span class='ocrx_word' id='word_1_629' title='bbox 1619 1947 1683 1966; x_wconf 90' lang='lat' dir='ltr'><strong>vero</strong></span> <span class='ocrx_word' id='word_1_630' title='bbox 1694 1941 1728 1967; x_wconf 83' lang='lat' dir='ltr'><strong>ad</strong></span> 
     </span>
    </p>
   </div>
   <div class='ocr_carea' id='block_1_88' title="bbox 940 1981 1727 2019">
    <p class='ocr_par' dir='ltr' id='par_1_88' title="bbox 940 1981 1727 2019">
     <span class='ocr_line' id='line_1_88' title="bbox 940 1981 1727 2019; baseline 0.006 -11"><span class='ocrx_word' id='word_1_631' title='bbox 940 1981 1025 2009; x_wconf 90' lang='lat' dir='ltr'><strong>Deum</strong></span> <span class='ocrx_word' id='word_1_632' title='bbox 1041 1983 1173 2017; x_wconf 83' lang='lat' dir='ltr'><strong>assumpti</strong></span> <span class='ocrx_word' id='word_1_633' title='bbox 1189 1983 1405 2017; x_wconf 81' lang='lat' dir='ltr'><strong>fuerimus,tunc</strong></span> <span class='ocrx_word' id='word_1_634' title='bbox 1417 1992 1500 2011; x_wconf 86' lang='lat' dir='ltr'><strong>unum</strong></span> <span class='ocrx_word' id='word_1_635' title='bbox 1513 1992 1607 2013; x_wconf 86' lang='lat' dir='ltr'><strong>sumus</strong></span> <span class='ocrx_word' id='word_1_636' title='bbox 1622 1986 1647 2013; x_wconf 92' lang='lat' dir='ltr'><strong>in</strong></span> <span class='ocrx_word' id='word_1_637' title='bbox 1661 1986 1727 2019; x_wconf 87' lang='lat' dir='ltr'><strong>Deo,</strong></span> 
     </span>
    </p>
   </div>
   <div class='ocr_carea' id='block_1_89' title="bbox 940 2028 1724 2064">
    <p class='ocr_par' dir='ltr' id='par_1_89' title="bbox 940 2028 1724 2064">
     <span class='ocr_line' id='line_1_89' title="bbox 940 2028 1724 2064; baseline 0.006 -10"><span class='ocrx_word' id='word_1_638' title='bbox 940 2031 1021 2062; x_wconf 83' lang='lat' dir='ltr'><strong>atque</strong></span> <span class='ocrx_word' id='word_1_639' title='bbox 1033 2028 1090 2064; x_wconf 86' lang='lat' dir='ltr'><strong>ejus</strong></span> <span class='ocrx_word' id='word_1_640' title='bbox 1102 2030 1189 2064; x_wconf 72' lang='lat' dir='ltr'><strong>gratia</strong></span> <span class='ocrx_word' id='word_1_641' title='bbox 1205 2037 1254 2064; x_wconf 88' lang='lat' dir='ltr'><strong>per</strong></span> <span class='ocrx_word' id='word_1_642' title='bbox 1263 2030 1466 2064; x_wconf 82' lang='lat' dir='ltr'><strong>simplicitatem</strong></span> <span class='ocrx_word' id='word_1_643' title='bbox 1480 2031 1654 2063; x_wconf 75' lang='lat' dir='ltr'><strong>deificamur,</strong></span> <span class='ocrx_word' id='word_1_644' title='bbox 1669 2033 1724 2060; x_wconf 83' lang='lat' dir='ltr'><strong>sic-</strong></span> 
     </span>
    </p>
   </div>
   <div class='ocr_carea' id='block_1_90' title="bbox 941 2075 1727 2106">
    <p class='ocr_par' dir='ltr' id='par_1_90' title="bbox 941 2075 1727 2106">
     <span class='ocr_line' id='line_1_90' title="bbox 941 2075 1727 2106; baseline 0.006 -5"><span class='ocrx_word' id='word_1_645' title='bbox 941 2079 970 2101; x_wconf 82' lang='lat' dir='ltr'><strong>ut</strong></span> <span class='ocrx_word' id='word_1_646' title='bbox 1001 2075 1083 2102; x_wconf 89' lang='lat' dir='ltr'><strong>etiam</strong></span> <span class='ocrx_word' id='word_1_647' title='bbox 1099 2075 1228 2104; x_wconf 86' lang='lat' dir='ltr'><strong>Dominus</strong></span> <span class='ocrx_word' id='word_1_648' title='bbox 1251 2077 1286 2104; x_wconf 88' lang='lat' dir='ltr'><strong>ad</strong></span> <span class='ocrx_word' id='word_1_649' title='bbox 1312 2076 1420 2104; x_wconf 83' lang='lat' dir='ltr'><strong>Patrem</strong></span> <span class='ocrx_word' id='word_1_650' title='bbox 1436 2084 1514 2104; x_wconf 88' lang='lat' dir='ltr'><strong>suum</strong></span> <span class='ocrx_word' id='word_1_651' title='bbox 1541 2078 1597 2105; x_wconf 86' lang='lat' dir='ltr'><strong>ait:</strong></span> <span class='ocrx_word' id='word_1_652' title='bbox 1624 2077 1658 2106; x_wconf 79' lang='lat' dir='ltr'><strong>Ut</strong></span> <span class='ocrx_word' id='word_1_653' title='bbox 1674 2079 1727 2106; x_wconf 71' lang='lat' dir='ltr'><strong>sint</strong></span> 
     </span>
    </p>
   </div>
   <div class='ocr_carea' id='block_1_91' title="bbox 940 2123 1724 2158">
    <p class='ocr_par' dir='ltr' id='par_1_91' title="bbox 940 2123 1724 2158">
     <span class='ocr_line' id='line_1_91' title="bbox 940 2123 1724 2158; baseline 0.006 -11"><span class='ocrx_word' id='word_1_654' title='bbox 940 2129 1032 2153; x_wconf 83' lang='lat' dir='ltr'><strong>unum,</strong></span> <span class='ocrx_word' id='word_1_655' title='bbox 1047 2123 1115 2149; x_wconf 74' lang='lat' dir='ltr'><strong>sicut</strong></span> <span class='ocrx_word' id='word_1_656' title='bbox 1130 2126 1154 2149; x_wconf 79' lang='lat' dir='ltr'><strong>et</strong></span> <span class='ocrx_word' id='word_1_657' title='bbox 1174 2130 1221 2149; x_wconf 69' lang='lat' dir='ltr'><strong>nos</strong></span> <span class='ocrx_word' id='word_1_658' title='bbox 1250 2131 1331 2150; x_wconf 80' lang='lat' dir='ltr'><strong>unum</strong></span> <span class='ocrx_word' id='word_1_659' title='bbox 1357 2131 1448 2150; x_wconf 75' lang='lat' dir='ltr'><strong>sumus</strong></span> <span class='ocrx_word' id='word_1_660' title='bbox 1471 2130 1496 2150; x_wconf 78' lang='grc' dir='ltr'><strong>ι.</strong></span> <span class='ocrx_word' id='word_1_661' title='bbox 1525 2124 1594 2151; x_wconf 82' lang='lat' dir='ltr'><strong>illud</strong></span> <span class='ocrx_word' id='word_1_662' title='bbox 1623 2125 1724 2158; x_wconf 83' lang='lat' dir='ltr'><strong>itaque.</strong></span> 
     </span>
    </p>
   </div>
   <div class='ocr_carea' id='block_1_92' title="bbox 942 2165 1726 2204">
    <p class='ocr_par' dir='ltr' id='par_1_92' title="bbox 942 2165 1726 2204">
     <span class='ocr_line' id='line_1_92' title="bbox 942 2165 1726 2204; baseline 0.004 -11"><span class='ocrx_word' id='word_1_663' title='bbox 942 2165 1027 2194; x_wconf 82' lang='lat' dir='ltr'><strong>Omne</strong></span> <span class='ocrx_word' id='word_1_664' title='bbox 1044 2167 1143 2194; x_wconf 83' lang='lat' dir='ltr'><strong>donum</strong></span> <span class='ocrx_word' id='word_1_665' title='bbox 1157 2174 1189 2194; x_wconf 84' lang='lat' dir='ltr'><strong>ex</strong></span> <span class='ocrx_word' id='word_1_666' title='bbox 1205 2168 1271 2199; x_wconf 88' lang='lat' dir='ltr'><strong>Deo,</strong></span> <span class='ocrx_word' id='word_1_667' title='bbox 1288 2175 1321 2195; x_wconf 79' lang='lat' dir='ltr'><strong>ex</strong></span> <span class='ocrx_word' id='word_1_668' title='bbox 1332 2168 1433 2196; x_wconf 77' lang='lat' dir='ltr'><strong>Jacobo</strong></span> <span class='ocrx_word' id='word_1_669' title='bbox 1445 2169 1577 2204; x_wconf 86' lang='lat' dir='ltr'><strong>sumpsit;</strong></span> <span class='ocrx_word' id='word_1_670' title='bbox 1593 2169 1665 2196; x_wconf 84' lang='lat' dir='ltr'><strong>istud</strong></span> <span class='ocrx_word' id='word_1_671' title='bbox 1677 2177 1726 2196; x_wconf 88' lang='lat' dir='ltr'><strong>au-</strong></span> 
     </span>
    </p>
   </div>
   <div class='ocr_carea' id='block_1_93' title="bbox 103 2204 890 2250">
    <p class='ocr_par' dir='ltr' id='par_1_93' title="bbox 103 2204 890 2242">
     <span class='ocr_line' id='line_1_93' title="bbox 103 2204 890 2242; baseline -0.001 -8"><span class='ocrx_word' id='word_1_672' title='bbox 103 2204 165 2234; x_wconf 80' lang='grc' dir='ltr'><strong>Πᾶν</strong></span> <span class='ocrx_word' id='word_1_673' title='bbox 175 2207 295 2242; x_wconf 76' lang='grc' dir='ltr'>δώρτυια</span> <span class='ocrx_word' id='word_1_674' title='bbox 307 2208 339 2234; x_wconf 76' lang='grc' dir='ltr'>ἑκ</span> <span class='ocrx_word' id='word_1_675' title='bbox 363 2207 441 2239; x_wconf 83' lang='grc' dir='ltr'>Θεοῦ,</span> <span class='ocrx_word' id='word_1_676' title='bbox 461 2208 494 2234; x_wconf 86' lang='grc' dir='ltr'>ὲκ</span> <span class='ocrx_word' id='word_1_677' title='bbox 515 2207 562 2234; x_wconf 83' lang='grc' dir='ltr'><strong>τοῦ</strong></span> <span class='ocrx_word' id='word_1_678' title='bbox 585 2207 714 2234; x_wconf 80' lang='grc' dir='ltr'>Ίακώδου</span> <span class='ocrx_word' id='word_1_679' title='bbox 731 2207 842 2242; x_wconf 71' lang='grc' dir='ltr'>εἴληφεθ</span> <span class='ocrx_word' id='word_1_680' title='bbox 859 2207 890 2233; x_wconf 78' lang='grc' dir='ltr'><strong>τὸ</strong></span> 
     </span>
    </p>
   </div>
   <div class='ocr_carea' id='block_1_94' title="bbox 942 2204 1727 2250">
    <p class='ocr_par' dir='ltr' id='par_1_94' title="bbox 942 2212 1727 2250">
     <span class='ocr_line' id='line_1_94' title="bbox 942 2212 1727 2250; baseline 0.004 -11"><span class='ocrx_word' id='word_1_681' title='bbox 942 2216 1007 2246; x_wconf 84' lang='lat' dir='ltr'><strong>tem,</strong></span> <span class='ocrx_word' id='word_1_682' title='bbox 1030 2212 1162 2246; x_wconf 87' lang='lat' dir='ltr'><strong>Quoniam</strong></span> <span class='ocrx_word' id='word_1_683' title='bbox 1174 2221 1255 2241; x_wconf 87' lang='lat' dir='ltr'><strong>omne</strong></span> <span class='ocrx_word' id='word_1_684' title='bbox 1266 2213 1366 2241; x_wconf 89' lang='lat' dir='ltr'><strong>bonum</strong></span> <span class='ocrx_word' id='word_1_685' title='bbox 1386 2215 1411 2241; x_wconf 87' lang='lat' dir='ltr'><strong>in</strong></span> <span class='ocrx_word' id='word_1_686' title='bbox 1426 2215 1513 2250; x_wconf 79' lang='lat' dir='ltr'><strong>ipsum</strong></span> <span class='ocrx_word' id='word_1_687' title='bbox 1530 2215 1625 2248; x_wconf 89' lang='lat' dir='ltr'><strong>tendit,</strong></span> <span class='ocrx_word' id='word_1_688' title='bbox 1638 2220 1666 2242; x_wconf 91' lang='lat' dir='ltr'><strong>et</strong></span> <span class='ocrx_word' id='word_1_689' title='bbox 1678 2223 1727 2242; x_wconf 87' lang='lat' dir='ltr'><strong>nos</strong></span> 
     </span>
    </p>
   </div>
   <div class='ocr_carea' id='block_1_95' title="bbox 103 2253 888 2289">
    <p class='ocr_par' dir='ltr' id='par_1_95' title="bbox 103 2253 888 2289">
     <span class='ocr_line' id='line_1_95' title="bbox 103 2253 888 2289; baseline 0 -9"><span class='ocrx_word' id='word_1_690' title='bbox 103 2253 140 2285; x_wconf 80' lang='grc' dir='ltr'><strong>δὲ,</strong></span> <span class='ocrx_word' id='word_1_691' title='bbox 157 2253 217 2280; x_wconf 83' lang='grc' dir='ltr'>’Ότι</span> <span class='ocrx_word' id='word_1_692' title='bbox 233 2253 281 2280; x_wconf 79' lang='grc' dir='ltr'>καὶ</span> <span class='ocrx_word' id='word_1_693' title='bbox 298 2254 351 2280; x_wconf 84' lang='grc' dir='ltr'><strong>πᾶν</strong></span> <span class='ocrx_word' id='word_1_694' title='bbox 365 2253 468 2288; x_wconf 78' lang='grc' dir='ltr'>ἀγαθὸν</span> <span class='ocrx_word' id='word_1_695' title='bbox 490 2254 529 2285; x_wconf 83' lang='grc' dir='ltr'><strong>είς</strong></span> <span class='ocrx_word' id='word_1_696' title='bbox 544 2253 625 2280; x_wconf 81' lang='grc' dir='ltr'>αὐτὸν</span> <span class='ocrx_word' id='word_1_697' title='bbox 641 2254 734 2285; x_wconf 82' lang='grc' dir='ltr'>τείνει,</span> <span class='ocrx_word' id='word_1_698' title='bbox 747 2254 794 2280; x_wconf 79' lang='grc' dir='ltr'>καὶ</span> <span class='ocrx_word' id='word_1_699' title='bbox 814 2254 888 2289; x_wconf 81' lang='grc' dir='ltr'>ἡμᾶς</span> 
     </span>
    </p>
   </div>
   <div class='ocr_carea' id='block_1_96' title="bbox 104 2299 889 2335">
    <p class='ocr_par' dir='ltr' id='par_1_96' title="bbox 104 2299 889 2335">
     <span class='ocr_line' id='line_1_96' title="bbox 104 2299 889 2335; baseline 0.001 -10"><span class='ocrx_word' id='word_1_700' title='bbox 104 2299 214 2333; x_wconf 61' lang='grc' dir='ltr'>ἁνάγει,</span> <span class='ocrx_word' id='word_1_701' title='bbox 250 2299 280 2333; x_wconf 79' lang='grc' dir='ltr'>ὲξ</span> <span class='ocrx_word' id='word_1_702' title='bbox 304 2299 401 2326; x_wconf 76' lang='grc' dir='ltr'>ἑαυτοῦ</span> <span class='ocrx_word' id='word_1_703' title='bbox 432 2299 549 2334; x_wconf 86' lang='grc' dir='ltr'>τίθησιν.</span> <span class='ocrx_word' id='word_1_704' title='bbox 595 2299 749 2335; x_wconf 79' lang='grc' dir='ltr'>’Δμφότερα</span> <span class='ocrx_word' id='word_1_705' title='bbox 779 2299 808 2325; x_wconf 83' lang='grc' dir='ltr'><strong>δὲ</strong></span> <span class='ocrx_word' id='word_1_706' title='bbox 838 2307 889 2326; x_wconf 88' lang='grc' dir='ltr'>κα-</span> 
     </span>
    </p>
   </div>
   <div class='ocr_carea' id='block_1_97' title="bbox 104 2343 888 2378">
    <p class='ocr_par' dir='ltr' id='par_1_97' title="bbox 104 2343 888 2378">
     <span class='ocr_line' id='line_1_97' title="bbox 104 2343 888 2378; baseline 0 -8"><span class='ocrx_word' id='word_1_707' title='bbox 104 2343 264 2376; x_wconf 79' lang='grc' dir='ltr'>τασκευάζει</span> <span class='ocrx_word' id='word_1_708' title='bbox 291 2344 323 2370; x_wconf 82' lang='grc' dir='ltr'>ὲκ</span> <span class='ocrx_word' id='word_1_709' title='bbox 345 2344 392 2371; x_wconf 86' lang='grc' dir='ltr'><strong>τοῦ</strong></span> <span class='ocrx_word' id='word_1_710' title='bbox 422 2343 583 2371; x_wconf 83' lang='grc' dir='ltr'>Ἀποστόλου</span> <span class='ocrx_word' id='word_1_711' title='bbox 612 2343 736 2378; x_wconf 80' lang='grc' dir='ltr'>λέγοντος</span> <span class='ocrx_word' id='word_1_712' title='bbox 763 2344 828 2370; x_wconf 84' lang='grc' dir='ltr'>Ὅτι</span> <span class='ocrx_word' id='word_1_713' title='bbox 853 2343 888 2376; x_wconf 82' lang='grc' dir='ltr'><strong>ἐξ</strong></span> 
     </span>
    </p>
   </div>
   <div class='ocr_carea' id='block_1_98' title="bbox 104 2390 617 2424">
    <p class='ocr_par' dir='ltr' id='par_1_98' title="bbox 104 2390 617 2424">
     <span class='ocr_line' id='line_1_98' title="bbox 104 2390 617 2424; baseline 0 -7"><span class='ocrx_word' id='word_1_714' title='bbox 104 2390 193 2417; x_wconf 77' lang='grc' dir='ltr'>αὐτοῦ</span> <span class='ocrx_word' id='word_1_715' title='bbox 213 2390 249 2417; x_wconf 78' lang='grc' dir='ltr'>τὰ</span> <span class='ocrx_word' id='word_1_716' title='bbox 263 2390 372 2422; x_wconf 78' lang='grc' dir='ltr'>πάντα,</span> <span class='ocrx_word' id='word_1_717' title='bbox 387 2390 436 2417; x_wconf 72' lang='grc' dir='ltr'>καὶ</span> <span class='ocrx_word' id='word_1_718' title='bbox 451 2393 494 2424; x_wconf 84' lang='grc' dir='ltr'>εις</span> <span class='ocrx_word' id='word_1_719' title='bbox 512 2391 617 2420; x_wconf 76' lang='grc' dir='ltr'><strong>αὐτόν.</strong></span> 
     </span>
    </p>
   </div>
   <div class='ocr_carea' id='block_1_99' title="bbox 137 2435 890 2472">
    <p class='ocr_par' dir='ltr' id='par_1_99' title="bbox 137 2435 890 2472">
     <span class='ocr_line' id='line_1_99' title="bbox 137 2435 890 2472; baseline 0.004 -10"><span class='ocrx_word' id='word_1_720' title='bbox 137 2435 193 2472; x_wconf 78' lang='lat' dir='ltr'><strong>§ll.</strong></span> <span class='ocrx_word' id='word_1_721' title='bbox 216 2436 292 2463; x_wconf 83' lang='grc' dir='ltr'>Ἐπεὶ</span> <span class='ocrx_word' id='word_1_722' title='bbox 312 2437 402 2464; x_wconf 80' lang='grc' dir='ltr'>τοίνυν</span> <span class='ocrx_word' id='word_1_723' title='bbox 419 2438 451 2464; x_wconf 79' lang='grc' dir='ltr'>ἐκ</span> <span class='ocrx_word' id='word_1_724' title='bbox 470 2437 517 2464; x_wconf 85' lang='grc' dir='ltr'><strong>τοῦ</strong></span> <span class='ocrx_word' id='word_1_725' title='bbox 533 2437 600 2464; x_wconf 82' lang='grc' dir='ltr'>Θεοῦ</span> <span class='ocrx_word' id='word_1_726' title='bbox 617 2438 686 2469; x_wconf 75' lang='grc' dir='ltr'>ἐστι,</span> <span class='ocrx_word' id='word_1_727' title='bbox 703 2438 749 2464; x_wconf 74' lang='grc' dir='ltr'>καὶ</span> <span class='ocrx_word' id='word_1_728' title='bbox 765 2438 804 2470; x_wconf 85' lang='grc' dir='ltr'><strong>εις</strong></span> <span class='ocrx_word' id='word_1_729' title='bbox 824 2438 890 2465; x_wconf 79' lang='grc' dir='ltr'>Θεὸν</span> 
     </span>
    </p>
   </div>
   <div class='ocr_carea' id='block_1_100' title="bbox 104 2481 890 2518">
    <p class='ocr_par' dir='ltr' id='par_1_100' title="bbox 104 2481 890 2518">
     <span class='ocr_line' id='line_1_100' title="bbox 104 2481 890 2518; baseline 0.004 -11"><span class='ocrx_word' id='word_1_730' title='bbox 104 2481 181 2508; x_wconf 80' lang='grc' dir='ltr'>τείνει</span> <span class='ocrx_word' id='word_1_731' title='bbox 205 2482 259 2507; x_wconf 86' lang='grc' dir='ltr'><strong>πᾶν</strong></span> <span class='ocrx_word' id='word_1_732' title='bbox 281 2481 401 2516; x_wconf 80' lang='grc' dir='ltr'>ἀγαθὸν,</span> <span class='ocrx_word' id='word_1_733' title='bbox 430 2482 495 2517; x_wconf 81' lang='grc' dir='ltr'>φέρε</span> <span class='ocrx_word' id='word_1_734' title='bbox 518 2482 742 2518; x_wconf 80' lang='grc' dir='ltr'>ἐπικαλεσάμενοι</span> <span class='ocrx_word' id='word_1_735' title='bbox 768 2483 812 2510; x_wconf 79' lang='grc' dir='ltr'>τὸν</span> <span class='ocrx_word' id='word_1_736' title='bbox 835 2484 890 2510; x_wconf 86' lang='grc' dir='ltr'><strong>Σω-</strong></span> 
     </span>
    </p>
   </div>
   <div class='ocr_carea' id='block_1_101' title="bbox 106 2527 889 2564">
    <p class='ocr_par' dir='ltr' id='par_1_101' title="bbox 106 2527 889 2564">
     <span class='ocr_line' id='line_1_101' title="bbox 106 2527 889 2564; baseline 0.003 -11"><span class='ocrx_word' id='word_1_737' title='bbox 106 2527 172 2562; x_wconf 72' lang='grc' dir='ltr'>τῆρα</span> <span class='ocrx_word' id='word_1_738' title='bbox 190 2527 302 2563; x_wconf 80' lang='grc' dir='ltr'>Κύριον,</span> <span class='ocrx_word' id='word_1_739' title='bbox 322 2527 353 2554; x_wconf 84' lang='grc' dir='ltr'>τὸ</span> <span class='ocrx_word' id='word_1_740' title='bbox 375 2527 422 2554; x_wconf 86' lang='grc' dir='ltr'><strong>τοῦ</strong></span> <span class='ocrx_word' id='word_1_741' title='bbox 447 2528 552 2562; x_wconf 76' lang='grc' dir='ltr'>Πατρδς</span> <span class='ocrx_word' id='word_1_742' title='bbox 568 2528 626 2562; x_wconf 80' lang='grc' dir='ltr'><strong>φῶς</strong></span> <span class='ocrx_word' id='word_1_743' title='bbox 647 2529 694 2555; x_wconf 75' lang='grc' dir='ltr'><strong>καὶ</strong></span> <span class='ocrx_word' id='word_1_744' title='bbox 710 2529 889 2564; x_wconf 82' lang='grc' dir='ltr'>ἀπαύγασμα,</span> 
     </span>
    </p>
   </div>
   <div class='ocr_carea' id='block_1_102' title="bbox 104 2572 889 2610">
    <p class='ocr_par' dir='ltr' id='par_1_102' title="bbox 104 2572 889 2610">
     <span class='ocr_line' id='line_1_102' title="bbox 104 2572 889 2610; baseline 0.003 -12"><span class='ocrx_word' id='word_1_745' title='bbox 104 2572 132 2598; x_wconf 76' lang='grc' dir='ltr'>τὸ</span> <span class='ocrx_word' id='word_1_746' title='bbox 146 2572 191 2604; x_wconf 79' lang='grc' dir='ltr'>ὃν,</span> <span class='ocrx_word' id='word_1_747' title='bbox 219 2573 250 2599; x_wconf 83' lang='grc' dir='ltr'>τὸ</span> <span class='ocrx_word' id='word_1_748' title='bbox 275 2573 409 2608; x_wconf 74' lang='grc' dir='ltr'>ἀληθινόν.</span> <span class='ocrx_word' id='word_1_749' title='bbox 438 2574 474 2600; x_wconf 87' lang='grc' dir='ltr'><strong><em>Ἦ</em></strong></span> <span class='ocrx_word' id='word_1_750' title='bbox 488 2574 556 2609; x_wconf 72' lang='grc' dir='ltr'>ἅμα,</span> <span class='ocrx_word' id='word_1_751' title='bbox 580 2574 621 2600; x_wconf 82' lang='grc' dir='ltr'>ὅτι</span> <span class='ocrx_word' id='word_1_752' title='bbox 640 2574 686 2600; x_wconf 80' lang='grc' dir='ltr'>καὶ</span> <span class='ocrx_word' id='word_1_753' title='bbox 712 2574 746 2600; x_wconf 87' lang='grc' dir='ltr'><strong>τὰ</strong></span> <span class='ocrx_word' id='word_1_754' title='bbox 767 2573 889 2610; x_wconf 81' lang='grc' dir='ltr'>ἡμέτερα</span> 
     </span>
    </p>
   </div>
   <div class='ocr_carea' id='block_1_103' title="bbox 105 2618 888 2655">
    <p class='ocr_par' dir='ltr' id='par_1_103' title="bbox 105 2618 888 2655">
     <span class='ocr_line' id='line_1_103' title="bbox 105 2618 888 2655; baseline 0.003 -11"><span class='ocrx_word' id='word_1_755' title='bbox 105 2618 164 2645; x_wconf 74' lang='grc' dir='ltr'>ὂντα</span> <span class='ocrx_word' id='word_1_756' title='bbox 186 2618 320 2653; x_wconf 82' lang='grc' dir='ltr'>λέγονται,</span> <span class='ocrx_word' id='word_1_757' title='bbox 344 2620 412 2646; x_wconf 84' lang='grc' dir='ltr'>ἀλλὰ</span> <span class='ocrx_word' id='word_1_758' title='bbox 425 2620 495 2647; x_wconf 88' lang='grc' dir='ltr'>κατὰ</span> <span class='ocrx_word' id='word_1_759' title='bbox 515 2619 640 2655; x_wconf 80' lang='grc' dir='ltr'>μετοχὴν,</span> <span class='ocrx_word' id='word_1_760' title='bbox 666 2620 753 2646; x_wconf 86' lang='grc' dir='ltr'>κα.ὶοὺ</span> <span class='ocrx_word' id='word_1_761' title='bbox 776 2619 888 2654; x_wconf 84' lang='grc' dir='ltr'>κυρίως.</span> 
     </span>
    </p>
   </div>
   <div class='ocr_carea' id='block_1_104' title="bbox 107 2664 890 2701">
    <p class='ocr_par' dir='ltr' id='par_1_104' title="bbox 107 2664 890 2701">
     <span class='ocr_line' id='line_1_104' title="bbox 107 2664 890 2701; baseline 0.001 -11"><span class='ocrx_word' id='word_1_762' title='bbox 107 2664 141 2690; x_wconf 80' lang='grc' dir='ltr'><em>Ἦ</em></span> <span class='ocrx_word' id='word_1_763' title='bbox 153 2664 223 2691; x_wconf 83' lang='grc' dir='ltr'>κατὰ</span> <span class='ocrx_word' id='word_1_764' title='bbox 236 2665 361 2701; x_wconf 83' lang='grc' dir='ltr'>στιγμὴν,</span> <span class='ocrx_word' id='word_1_765' title='bbox 377 2665 408 2692; x_wconf 83' lang='grc' dir='ltr'>τὸ</span> <span class='ocrx_word' id='word_1_766' title='bbox 422 2665 489 2700; x_wconf 84' lang='grc' dir='ltr'><strong>φῶς.</strong></span> <span class='ocrx_word' id='word_1_767' title='bbox 505 2666 583 2692; x_wconf 83' lang='grc' dir='ltr'>Ποῖον</span> <span class='ocrx_word' id='word_1_768' title='bbox 601 2666 658 2700; x_wconf 82' lang='grc' dir='ltr'><strong>φῶς</strong></span> <span class='ocrx_word' id='word_1_769' title='bbox 669 2673 677 2698; x_wconf 86' lang='grc'>;</span> <span class='ocrx_word' id='word_1_770' title='bbox 690 2665 727 2691; x_wconf 75' lang='grc' dir='ltr'>Τὸ</span> <span class='ocrx_word' id='word_1_771' title='bbox 738 2664 777 2697; x_wconf 80' lang='grc' dir='ltr'>ὃν,</span> <span class='ocrx_word' id='word_1_772' title='bbox 790 2665 820 2691; x_wconf 75' lang='grc' dir='ltr'>οὐ</span> <span class='ocrx_word' id='word_1_773' title='bbox 834 2664 890 2700; x_wconf 84' lang='grc' dir='ltr'><strong>γὰρ</strong></span> 
     </span>
    </p>
   </div>
   <div class='ocr_carea' id='block_1_105' title="bbox 107 2710 890 2746">
    <p class='ocr_par' dir='ltr' id='par_1_105' title="bbox 107 2710 890 2746">
     <span class='ocr_line' id='line_1_105' title="bbox 107 2710 890 2746; baseline 0.003 -10"><span class='ocrx_word' id='word_1_774' title='bbox 107 2710 276 2746; x_wconf 85' lang='grc' dir='ltr'>ἀνύπαρκτόν</span> <span class='ocrx_word' id='word_1_775' title='bbox 290 2713 372 2744; x_wconf 76' lang='grc' dir='ltr'>εστιν,</span> <span class='ocrx_word' id='word_1_776' title='bbox 383 2712 421 2744; x_wconf 85' lang='grc' dir='ltr'><strong>ὡς</strong></span> <span class='ocrx_word' id='word_1_777' title='bbox 431 2712 511 2739; x_wconf 87' lang='grc' dir='ltr'>τοῦτο</span> <span class='ocrx_word' id='word_1_778' title='bbox 526 2712 556 2738; x_wconf 85' lang='grc' dir='ltr'>τὸ</span> <span class='ocrx_word' id='word_1_779' title='bbox 579 2711 645 2746; x_wconf 82' lang='grc' dir='ltr'><strong>φῶς.</strong></span> <span class='ocrx_word' id='word_1_780' title='bbox 670 2712 749 2739; x_wconf 88' lang='grc' dir='ltr'>Ποῖον</span> <span class='ocrx_word' id='word_1_781' title='bbox 760 2711 818 2746; x_wconf 84' lang='grc' dir='ltr'><strong>φῶς</strong></span> <span class='ocrx_word' id='word_1_782' title='bbox 831 2720 838 2744; x_wconf 87' lang='grc'>;</span> <span class='ocrx_word' id='word_1_783' title='bbox 852 2712 890 2738; x_wconf 82' lang='grc' dir='ltr'><strong>Τὸ</strong></span> 
     </span>
    </p>
   </div>
   <div class='ocr_carea' id='block_1_106' title="bbox 107 2757 889 2794">
    <p class='ocr_par' dir='ltr' id='par_1_106' title="bbox 107 2757 889 2794">
     <span class='ocr_line' id='line_1_106' title="bbox 107 2757 889 2794; baseline 0.005 -12"><span class='ocrx_word' id='word_1_784' title='bbox 107 2757 237 2792; x_wconf 78' lang='grc' dir='ltr'>ἀληθινὸν,</span> <span class='ocrx_word' id='word_1_785' title='bbox 250 2758 321 2785; x_wconf 76' lang='grc' dir='ltr'>κατὰ</span> <span class='ocrx_word' id='word_1_786' title='bbox 337 2759 386 2794; x_wconf 82' lang='grc' dir='ltr'>τὴν</span> <span class='ocrx_word' id='word_1_787' title='bbox 406 2759 454 2785; x_wconf 82' lang='grc' dir='ltr'><strong>τοῦ</strong></span> <span class='ocrx_word' id='word_1_788' title='bbox 475 2757 665 2793; x_wconf 80' lang='grc' dir='ltr'>εὐαγγελιστοῦ</span> <span class='ocrx_word' id='word_1_789' title='bbox 688 2758 811 2786; x_wconf 79' lang='grc' dir='ltr'>Ἰωάννου</span> <span class='ocrx_word' id='word_1_790' title='bbox 832 2767 889 2794; x_wconf 80' lang='grc' dir='ltr'>φω-</span> 
     </span>
    </p>
   </div>
   <div class='ocr_carea' id='block_1_107' title="bbox 145 2846 754 2882">
    <p class='ocr_par' dir='ltr' id='par_1_107' title="bbox 145 2846 754 2882">
     <span class='ocr_line' id='line_1_107' title="bbox 145 2846 754 2882; baseline 0 -8"><span class='ocrx_word' id='word_1_791' title='bbox 145 2849 153 2864; x_wconf 72' lang='grc' dir='ltr'><strong>ι</strong></span> <span class='ocrx_word' id='word_1_792' title='bbox 173 2847 233 2876; x_wconf 77' lang='lat' dir='ltr'><strong>Act.</strong></span> <span class='ocrx_word' id='word_1_793' title='bbox 261 2855 309 2881; x_wconf 74' lang='lat' dir='ltr'><strong>xx,</strong></span> <span class='ocrx_word' id='word_1_794' title='bbox 339 2847 385 2877; x_wconf 76' lang='grc'><strong>18.</strong></span> <span class='ocrx_word' id='word_1_795' title='bbox 420 2853 435 2868; x_wconf 74' lang='grc' dir='ltr'><strong>ἰ</strong></span> <span class='ocrx_word' id='word_1_796' title='bbox 456 2847 513 2877; x_wconf 76' lang='lat' dir='ltr'><strong>Jac.</strong></span> <span class='ocrx_word' id='word_1_797' title='bbox 530 2856 550 2882; x_wconf 90' lang='grc' dir='ltr'><strong>ι,</strong></span> <span class='ocrx_word' id='word_1_798' title='bbox 575 2848 619 2875; x_wconf 75' lang='grc'><strong>17.</strong></span> <span class='ocrx_word' id='word_1_799' title='bbox 655 2853 669 2867; x_wconf 73' lang='grc' dir='ltr'><strong>ν</strong></span> <span class='ocrx_word' id='word_1_800' title='bbox 688 2846 754 2876; x_wconf 84' lang='lat' dir='ltr'><strong>Ibid.</strong></span> 
     </span>
    </p>
   </div>
   <div class='ocr_carea' id='block_1_108' title="bbox 939 2258 1726 2294">
    <p class='ocr_par' dir='ltr' id='par_1_108' title="bbox 939 2258 1726 2294">
     <span class='ocr_line' id='line_1_108' title="bbox 939 2258 1726 2294; baseline 0.001 -10"><span class='ocrx_word' id='word_1_801' title='bbox 939 2264 1047 2284; x_wconf 86' lang='lat' dir='ltr'><strong>sursum</strong></span> <span class='ocrx_word' id='word_1_802' title='bbox 1062 2258 1145 2290; x_wconf 84' lang='lat' dir='ltr'><strong>levat,</strong></span> <span class='ocrx_word' id='word_1_803' title='bbox 1155 2266 1188 2285; x_wconf 87' lang='lat' dir='ltr'><strong>ex</strong></span> <span class='ocrx_word' id='word_1_804' title='bbox 1203 2263 1291 2285; x_wconf 81' lang='lat' dir='ltr'><strong>semet</strong></span> <span class='ocrx_word' id='word_1_805' title='bbox 1302 2259 1360 2293; x_wconf 87' lang='lat' dir='ltr'><strong>ipse</strong></span> <span class='ocrx_word' id='word_1_806' title='bbox 1375 2259 1461 2293; x_wconf 85' lang='lat' dir='ltr'><strong>ponit.</strong></span> <span class='ocrx_word' id='word_1_807' title='bbox 1478 2258 1631 2294; x_wconf 85' lang='lat' dir='ltr'><strong>Utrumque</strong></span> <span class='ocrx_word' id='word_1_808' title='bbox 1645 2269 1726 2294; x_wconf 74' lang='lat' dir='ltr'><strong>porro</strong></span> 
     </span>
    </p>
   </div>
   <div class='ocr_carea' id='block_1_109' title="bbox 939 2303 1725 2340">
    <p class='ocr_par' dir='ltr' id='par_1_109' title="bbox 939 2303 1725 2340">
     <span class='ocr_line' id='line_1_109' title="bbox 939 2303 1725 2340; baseline 0.003 -10"><span class='ocrx_word' id='word_1_809' title='bbox 939 2303 1086 2331; x_wconf 86' lang='lat' dir='ltr'><strong>conllrmat</strong></span> <span class='ocrx_word' id='word_1_810' title='bbox 1107 2311 1142 2331; x_wconf 85' lang='lat' dir='ltr'><strong>ex</strong></span> <span class='ocrx_word' id='word_1_811' title='bbox 1159 2303 1287 2340; x_wconf 81' lang='lat' dir='ltr'><strong>Apostolo</strong></span> <span class='ocrx_word' id='word_1_812' title='bbox 1312 2304 1440 2332; x_wconf 86' lang='lat' dir='ltr'><strong>dicente:</strong></span> <span class='ocrx_word' id='word_1_813' title='bbox 1461 2304 1594 2337; x_wconf 80' lang='lat' dir='ltr'><strong>Quoniam</strong></span> <span class='ocrx_word' id='word_1_814' title='bbox 1617 2313 1650 2331; x_wconf 78' lang='lat' dir='ltr'><strong>ea:</strong></span> <span class='ocrx_word' id='word_1_815' title='bbox 1668 2306 1725 2339; x_wconf 72' lang='lat' dir='ltr'><strong>ipso</strong></span> 
     </span>
    </p>
   </div>
   <div class='ocr_carea' id='block_1_110' title="bbox 939 2350 1229 2386">
    <p class='ocr_par' dir='ltr' id='par_1_110' title="bbox 939 2350 1229 2386">
     <span class='ocr_line' id='line_1_110' title="bbox 939 2350 1229 2386; baseline 0.003 -10"><span class='ocrx_word' id='word_1_816' title='bbox 939 2350 1038 2383; x_wconf 81' lang='lat' dir='ltr'><strong>omnia,</strong></span> <span class='ocrx_word' id='word_1_817' title='bbox 1053 2354 1077 2377; x_wconf 82' lang='lat' dir='ltr'><strong>et</strong></span> <span class='ocrx_word' id='word_1_818' title='bbox 1091 2350 1119 2377; x_wconf 79' lang='lat' dir='ltr'><strong>in</strong></span> <span class='ocrx_word' id='word_1_819' title='bbox 1135 2351 1229 2386; x_wconf 73' lang='lat' dir='ltr'><strong>ipsum.</strong></span> 
     </span>
    </p>
   </div>
   <div class='ocr_carea' id='block_1_111' title="bbox 976 2436 1721 2473">
    <p class='ocr_par' dir='ltr' id='par_1_111' title="bbox 976 2436 1721 2473">
     <span class='ocr_line' id='line_1_111' title="bbox 976 2436 1721 2473; baseline -0.001 -9"><span class='ocrx_word' id='word_1_820' title='bbox 976 2436 991 2473; x_wconf 66' lang='grc' dir='ltr'>ς</span> <span class='ocrx_word' id='word_1_821' title='bbox 1005 2436 1037 2464; x_wconf 87' lang='lat' dir='ltr'><strong>ll.</strong></span> <span class='ocrx_word' id='word_1_822' title='bbox 1053 2436 1119 2464; x_wconf 86' lang='lat' dir='ltr'><strong>Cum</strong></span> <span class='ocrx_word' id='word_1_823' title='bbox 1133 2436 1223 2471; x_wconf 84' lang='lat' dir='ltr'><strong>itaque</strong></span> <span class='ocrx_word' id='word_1_824' title='bbox 1237 2443 1269 2463; x_wconf 75' lang='lat' dir='ltr'><strong>ex</strong></span> <span class='ocrx_word' id='word_1_825' title='bbox 1287 2436 1342 2464; x_wconf 90' lang='lat' dir='ltr'><strong>Deo</strong></span> <span class='ocrx_word' id='word_1_826' title='bbox 1357 2436 1408 2470; x_wconf 86' lang='lat' dir='ltr'><strong>sit,</strong></span> <span class='ocrx_word' id='word_1_827' title='bbox 1431 2440 1456 2464; x_wconf 89' lang='lat' dir='ltr'><strong>et</strong></span> <span class='ocrx_word' id='word_1_828' title='bbox 1478 2436 1504 2463; x_wconf 88' lang='lat' dir='ltr'><strong>in</strong></span> <span class='ocrx_word' id='word_1_829' title='bbox 1523 2436 1607 2463; x_wconf 85' lang='lat' dir='ltr'><strong>Deum</strong></span> <span class='ocrx_word' id='word_1_830' title='bbox 1627 2437 1721 2464; x_wconf 84' lang='lat' dir='ltr'><strong>tendat</strong></span> 
     </span>
    </p>
   </div>
   <div class='ocr_carea' id='block_1_112' title="bbox 941 2481 1723 2517">
    <p class='ocr_par' dir='ltr' id='par_1_112' title="bbox 941 2481 1723 2517">
     <span class='ocr_line' id='line_1_112' title="bbox 941 2481 1723 2517; baseline -0.003 -7"><span class='ocrx_word' id='word_1_831' title='bbox 941 2489 1021 2510; x_wconf 87' lang='lat' dir='ltr'><strong>omne</strong></span> <span class='ocrx_word' id='word_1_832' title='bbox 1031 2483 1142 2516; x_wconf 84' lang='lat' dir='ltr'><strong>bonum,</strong></span> <span class='ocrx_word' id='word_1_833' title='bbox 1155 2482 1267 2517; x_wconf 78' lang='lat' dir='ltr'><strong>agedum</strong></span> <span class='ocrx_word' id='word_1_834' title='bbox 1280 2483 1437 2513; x_wconf 71' lang='lat' dir='ltr'><strong>int-ocantes</strong></span> <span class='ocrx_word' id='word_1_835' title='bbox 1447 2481 1614 2509; x_wconf 87' lang='lat' dir='ltr'><strong>Salvatorem</strong></span> <span class='ocrx_word' id='word_1_836' title='bbox 1630 2482 1723 2508; x_wconf 88' lang='lat' dir='ltr'><strong>Domi-</strong></span> 
     </span>
    </p>
   </div>
   <div class='ocr_carea' id='block_1_113' title="bbox 943 2528 1723 2564">
    <p class='ocr_par' dir='ltr' id='par_1_113' title="bbox 943 2528 1723 2564">
     <span class='ocr_line' id='line_1_113' title="bbox 943 2528 1723 2564; baseline -0.001 -9"><span class='ocrx_word' id='word_1_837' title='bbox 943 2537 1019 2561; x_wconf 89' lang='lat' dir='ltr'><strong>num,</strong></span> <span class='ocrx_word' id='word_1_838' title='bbox 1032 2529 1077 2564; x_wconf 90' lang='lat' dir='ltr'><strong>qui</strong></span> <span class='ocrx_word' id='word_1_839' title='bbox 1099 2528 1188 2556; x_wconf 86' lang='lat' dir='ltr'><strong>Patris</strong></span> <span class='ocrx_word' id='word_1_840' title='bbox 1201 2529 1244 2556; x_wconf 76' lang='lat' dir='ltr'><strong>lux</strong></span> <span class='ocrx_word' id='word_1_841' title='bbox 1273 2533 1315 2556; x_wconf 89' lang='lat' dir='ltr'><strong>est</strong></span> <span class='ocrx_word' id='word_1_842' title='bbox 1336 2536 1368 2556; x_wconf 87' lang='lat' dir='ltr'><strong>ac</strong></span> <span class='ocrx_word' id='word_1_843' title='bbox 1383 2528 1521 2562; x_wconf 82' lang='lat' dir='ltr'><strong>splendor,</strong></span> <span class='ocrx_word' id='word_1_844' title='bbox 1547 2528 1592 2563; x_wconf 89' lang='lat' dir='ltr'><strong>qui</strong></span> <span class='ocrx_word' id='word_1_845' title='bbox 1612 2532 1662 2559; x_wconf 77' lang='lat' dir='ltr'><strong>est,</strong></span> <span class='ocrx_word' id='word_1_846' title='bbox 1678 2528 1723 2562; x_wconf 86' lang='lat' dir='ltr'><strong>qui</strong></span> 
     </span>
    </p>
   </div>
   <div class='ocr_carea' id='block_1_114' title="bbox 940 2573 1724 2608">
    <p class='ocr_par' dir='ltr' id='par_1_114' title="bbox 940 2573 1724 2608">
     <span class='ocr_line' id='line_1_114' title="bbox 940 2573 1724 2608; baseline 0 -8"><span class='ocrx_word' id='word_1_847' title='bbox 940 2581 1022 2602; x_wconf 86' lang='lat' dir='ltr'><strong>verus</strong></span> <span class='ocrx_word' id='word_1_848' title='bbox 1035 2579 1086 2601; x_wconf 87' lang='lat' dir='ltr'><strong>est.</strong></span> <span class='ocrx_word' id='word_1_849' title='bbox 1112 2573 1157 2601; x_wconf 81' lang='lat' dir='ltr'><strong>Vel</strong></span> <span class='ocrx_word' id='word_1_850' title='bbox 1174 2574 1354 2608; x_wconf 83' lang='lat' dir='ltr'><strong>conjunctim;</strong></span> <span class='ocrx_word' id='word_1_851' title='bbox 1379 2573 1441 2608; x_wconf 90' lang='lat' dir='ltr'><strong>quia</strong></span> <span class='ocrx_word' id='word_1_852' title='bbox 1466 2574 1546 2601; x_wconf 89' lang='lat' dir='ltr'><strong>etiam</strong></span> <span class='ocrx_word' id='word_1_853' title='bbox 1563 2581 1607 2601; x_wconf 88' lang='lat' dir='ltr'><strong>res</strong></span> <span class='ocrx_word' id='word_1_854' title='bbox 1625 2579 1724 2601; x_wconf 74' lang='lat' dir='ltr'><strong>nostra:</strong></span> 
     </span>
    </p>
   </div>
   <div class='ocr_carea' id='block_1_115' title="bbox 941 2619 1723 2654">
    <p class='ocr_par' dir='ltr' id='par_1_115' title="bbox 941 2619 1723 2654">
     <span class='ocr_line' id='line_1_115' title="bbox 941 2619 1723 2654; baseline 0.001 -9"><span class='ocrx_word' id='word_1_855' title='bbox 941 2619 1070 2645; x_wconf 91' lang='lat' dir='ltr'><strong>dicuntur</strong></span> <span class='ocrx_word' id='word_1_856' title='bbox 1094 2626 1172 2650; x_wconf 82' lang='lat' dir='ltr'><strong>esse,</strong></span> <span class='ocrx_word' id='word_1_857' title='bbox 1198 2619 1246 2646; x_wconf 88' lang='lat' dir='ltr'><strong>sed</strong></span> <span class='ocrx_word' id='word_1_858' title='bbox 1270 2626 1318 2653; x_wconf 90' lang='lat' dir='ltr'><strong>per</strong></span> <span class='ocrx_word' id='word_1_859' title='bbox 1339 2619 1597 2654; x_wconf 82' lang='lat' dir='ltr'><strong>participationem,</strong></span> <span class='ocrx_word' id='word_1_860' title='bbox 1625 2623 1652 2645; x_wconf 90' lang='lat' dir='ltr'><strong>et</strong></span> <span class='ocrx_word' id='word_1_861' title='bbox 1669 2626 1723 2646; x_wconf 82' lang='lat' dir='ltr'><strong>non</strong></span> 
     </span>
    </p>
   </div>
   <div class='ocr_carea' id='block_1_116' title="bbox 939 2662 1723 2698">
    <p class='ocr_par' dir='ltr' id='par_1_116' title="bbox 939 2662 1723 2698">
     <span class='ocr_line' id='line_1_116' title="bbox 939 2662 1723 2698; baseline 0 -8"><span class='ocrx_word' id='word_1_862' title='bbox 939 2663 1059 2698; x_wconf 87' lang='lat' dir='ltr'><strong>proprie.</strong></span> <span class='ocrx_word' id='word_1_863' title='bbox 1075 2663 1125 2691; x_wconf 83' lang='lat' dir='ltr'><strong>Vel</strong></span> <span class='ocrx_word' id='word_1_864' title='bbox 1146 2670 1207 2690; x_wconf 91' lang='lat' dir='ltr'><strong>cum</strong></span> <span class='ocrx_word' id='word_1_865' title='bbox 1223 2663 1452 2698; x_wconf 85' lang='lat' dir='ltr'><strong>interpunctione,</strong></span> <span class='ocrx_word' id='word_1_866' title='bbox 1469 2663 1536 2690; x_wconf 85' lang='lat' dir='ltr'><strong>Lux.</strong></span> <span class='ocrx_word' id='word_1_867' title='bbox 1554 2662 1646 2696; x_wconf 82' lang='lat' dir='ltr'><strong>Qualis</strong></span> <span class='ocrx_word' id='word_1_868' title='bbox 1661 2663 1723 2690; x_wconf 70' lang='lat' dir='ltr'><strong>lux?</strong></span> 
     </span>
    </p>
   </div>
   <div class='ocr_carea' id='block_1_117' title="bbox 939 2709 1722 2744">
    <p class='ocr_par' dir='ltr' id='par_1_117' title="bbox 939 2709 1722 2744">
     <span class='ocr_line' id='line_1_117' title="bbox 939 2709 1722 2744; baseline 0.001 -9"><span class='ocrx_word' id='word_1_869' title='bbox 939 2709 1005 2743; x_wconf 71' lang='lat' dir='ltr'><strong>Quae</strong></span> <span class='ocrx_word' id='word_1_870' title='bbox 1018 2714 1077 2742; x_wconf 84' lang='lat' dir='ltr'><strong>est;</strong></span> <span class='ocrx_word' id='word_1_871' title='bbox 1093 2715 1181 2744; x_wconf 87' lang='lat' dir='ltr'><strong>neque</strong></span> <span class='ocrx_word' id='word_1_872' title='bbox 1196 2709 1268 2736; x_wconf 88' lang='lat' dir='ltr'><strong>enim</strong></span> <span class='ocrx_word' id='word_1_873' title='bbox 1284 2709 1458 2737; x_wconf 83' lang='lat' dir='ltr'><strong>subsistentia</strong></span> <span class='ocrx_word' id='word_1_874' title='bbox 1471 2717 1558 2743; x_wconf 87' lang='lat' dir='ltr'><strong>caret,</strong></span> <span class='ocrx_word' id='word_1_875' title='bbox 1573 2709 1611 2736; x_wconf 92' lang='lat' dir='ltr'><strong>uti</strong></span> <span class='ocrx_word' id='word_1_876' title='bbox 1632 2709 1722 2736; x_wconf 82' lang='lat' dir='ltr'><strong>lumen</strong></span> 
     </span>
    </p>
   </div>
   <div class='ocr_carea' id='block_1_118' title="bbox 940 2754 1722 2791">
    <p class='ocr_par' dir='ltr' id='par_1_118' title="bbox 940 2754 1722 2791">
     <span class='ocr_line' id='line_1_118' title="bbox 940 2754 1722 2791; baseline -0.005 -7"><span class='ocrx_word' id='word_1_877' title='bbox 940 2757 992 2785; x_wconf 87' lang='lat' dir='ltr'><strong>ltoc</strong></span> <span class='ocrx_word' id='word_1_878' title='bbox 1008 2761 1144 2784; x_wconf 85' lang='lat' dir='ltr'><strong>nostrum.</strong></span> <span class='ocrx_word' id='word_1_879' title='bbox 1159 2756 1252 2789; x_wconf 78' lang='lat' dir='ltr'><strong>Qualis</strong></span> <span class='ocrx_word' id='word_1_880' title='bbox 1266 2755 1330 2784; x_wconf 79' lang='lat' dir='ltr'><strong>lux?</strong></span> <span class='ocrx_word' id='word_1_881' title='bbox 1345 2755 1431 2789; x_wconf 76' lang='lat' dir='ltr'><strong>Vera,</strong></span> <span class='ocrx_word' id='word_1_882' title='bbox 1455 2755 1530 2791; x_wconf 81' lang='lat' dir='ltr'><strong>juxta</strong></span> <span class='ocrx_word' id='word_1_883' title='bbox 1548 2754 1722 2790; x_wconf 67' lang='lat' dir='ltr'><strong>evangelista</strong></span> 
     </span>
    </p>
   </div>
   <div class='ocr_carea' id='block_1_119' title="bbox 900 2845 1167 2880">
    <p class='ocr_par' dir='ltr' id='par_1_119' title="bbox 900 2845 1167 2880">
     <span class='ocr_line' id='line_1_119' title="bbox 900 2845 1167 2880; baseline -0.015 -5"><span class='ocrx_word' id='word_1_884' title='bbox 900 2850 914 2865; x_wconf 77' lang='grc' dir='ltr'><strong>ι</strong></span> <span class='ocrx_word' id='word_1_885' title='bbox 933 2846 1012 2874; x_wconf 85' lang='lat' dir='ltr'><strong>Joan.</strong></span> <span class='ocrx_word' id='word_1_886' title='bbox 1026 2854 1093 2880; x_wconf 81' lang='lat' dir='ltr'><strong>xm,</strong></span> <span class='ocrx_word' id='word_1_887' title='bbox 1121 2845 1167 2872; x_wconf 75' lang='grc'><strong>22.</strong></span> 
     </span>
    </p>
   </div>
  </div>
