1925 3070
199 141 246 172 151

787 146 818 179 's.
836 150 984 180 DIONYSII
1001 145 1233 181 AREOPAGITA:

1763 161 1776 188 1
1781 161 1816 188 5‘2

197 201 306 229 Joannis
319 210 422 235 vocem.
435 203 501 232 Erat
514 205 560 233 lu:
571 214 649 239 vera,-
664 214 726 233 nam
738 208 877 243 subjungit
892 218 899 236 :
914 211 968 242 Qua

1029 211 1094 246 νὴν,
1116 209 1176 238 Ἦν
1188 212 1220 238 τὸ
1231 211 1294 245 φῶς
1314 212 1345 239 τὸ
1369 210 1528 247 ἀληθινόνδ
1550 214 1673 250 ἐτὶιφέρει
1695 215 1764 252 γάρ·
1781 218 1816 243 Ὃ

198 246 331 274 illuminat
352 257 452 276 omnem
471 251 601 278 hominem
618 252 760 278 venientem
772 254 798 279 in
814 254 883 281 hunc
898 263 978 281 mun-

196 293 258 318 dum
274 297 299 325 1,
315 301 362 327 per
376 303 455 328 quam
472 297 553 323 etiam
575 297 607 323 ad
630 298 791 333 principium
807 299 874 327 lucis
886 300 915 335 8
928 300 979 327 Pa-

198 342 266 365 trem
290 346 429 367 accessum
454 342 621 370 obtinuimus
647 352 654 370 :
675 345 977 380 principium,inquam,

195 383 281 417 lucis;
299 386 339 413 vel
363 387 425 421 quia
445 388 606 422 principium
629 393 657 416 et
678 397 758 417 causa
778 391 907 418 luminum
923 397 976 426 est,

197 430 258 458 Filii
288 432 392 459 scilicet
416 440 449 460 ac
465 433 582 467 Spiritus
600 435 703 468 sancti;
727 436 768 463 vel
785 438 856 471 quod
871 438 905 465 al)
923 438 978 465 ini-

195 476 234 502 tio
249 476 293 503 lux
309 478 439 510 exsistat;
452 478 519 505 nihil
533 485 621 506 autem
635 481 769 515 principio
785 483 909 516 superius
923 489 974 512 est.

195 521 313 556 Agedum
338 530 413 558 ergo,
437 523 594 551 invocantes
611 526 762 559 Dominum,
786 528 819 554 ad
840 528 977 557 illumina-

195 567 282 595 tiones
312 567 514 603 Scripturarum
539 578 554 597 a
581 571 709 599 Patribus
739 573 898 602 traditarum
925 583 974 611 pro

192 613 296 640 viribus
309 615 469 648 aspiremus,
481 621 507 642 et
520 624 579 650 qua:
594 618 628 644 ab
642 618 695 646 illis
707 620 854 654 symbolice
869 625 896 648 et
911 629 974 649 ana-

193 659 285 694 gogice
312 663 411 695 (neque
441 661 512 688 enim
542 663 720 695 naturaliter,
745 666 791 692 sed
823 674 871 700 per
897 668 973 701 signa

192 715 313 749 qu:edam
335 724 378 744 res
393 717 517 745 caelestes
532 718 764 757 demonstrarunt)
779 723 890 750 traditas
904 723 973 749 divi-

191 768 287 787 narum
313 762 443 790 virtutum
469 764 639 792 hierarehias
656 775 662 792 :
681 774 750 801 quas
775 768 855 794 etiam
871 773 969 797 utentes

191 807 317 841 appellat,
333 809 365 836 ad
381 809 466 836 nostri
481 810 670 844 ditl'erentiam,
685 813 730 846 qui
747 820 828 841 sensu
840 815 970 849 vivimus;

191 857 253 879 nam
266 858 293 880 et
307 854 346 881 sic
367 854 454 888 Isaiae,
481 864 556 884 mens
577 865 674 892 magna
689 858 835 893 Assyrius;
862 866 890 887 et
906 861 969 888 item

1029 257 1143 290 φωτίζει
1159 257 1257 284 πάντα
1275 258 1431 292 ἄνθρωπον
1441 259 1604 294 ἐρχόμενον
1624 261 1668 294 εις
1692 261 1746 288 τὸν
1768 263 1817 289 κό-

1028 311 1116 336 σμον,
1126 303 1160 329 δι’
1169 300 1198 330 οὗ
1207 304 1253 330 καὶ
1261 304 1310 339 τὴν
1320 304 1387 339 πρὸς
1395 305 1440 331 τὸν
1450 305 1602 340 ἀρχίφωτον
1610 306 1717 343 Πατέρα
1729 316 1816 343 προσ-

1029 347 1135 374 έλευσιν
1162 348 1308 384 ἐλάϐομεν·
1335 349 1488 384 άρχίφωτον
1512 351 1579 387 δὲ,ἡ
1598 352 1635 383 ὼς
1661 352 1748 388 ἀρχὴν
1769 354 1816 380 καὶ

1028 393 1116 419 αίτίαν
1132 393 1186 420 τῶν
1203 393 1310 428 φώτων,
1323 394 1370 420 τοῦ
1386 394 1451 420 Υίοῦ
1475 395 1522 421 καὶ
1537 395 1584 421 τοῦ
1605 396 1763 432 Πνεύματος
1773 406 1779 412 ·
1798 397 1814 433 ἢ

1026 438 1072 465 τὸν
1085 438 1115 470 ἐξ
1127 439 1212 474 ἀρχῆς
1230 438 1287 473 φῶς
1298 439 1362 466 ὄντα
1372 447 1378 454 ·
1397 440 1473 467 οὐδὲν
1494 440 1522 466 δὲ
1537 440 1588 476 τῆς
1605 441 1694 477 ἀρχῆς
1713 442 1816 469 ἀνώτε-

1028 492 1082 518 ρον.
1100 483 1168 519 Φέρε
1190 484 1255 518 γοῦν
1272 485 1500 520 ἐπικαλεσάμενοι
1519 486 1564 513 τὸν
1579 487 1689 522 Κύριον,
1703 489 1749 514 ἐπὶ
1765 488 1816 520 τὰς

1026 529 1171 565 ἐλλάμψεις
1181 530 1235 557 τῶν
1245 532 1492 567 πατροπαραδότων
1504 532 1630 567 Γραφῶν,
1642 533 1679 565 ὡς
1689 533 1811 567 δυνατὸν,

1024 620 1202 655 ἀναγωγικῶς
1228 621 1269 656 (οὺ
1289 622 1343 658 γὰρ
1365 621 1504 657 φυσικῶς,
1530 623 1598 650 ἀλλὰ
1609 623 1653 651 διά
1669 634 1749 652 τινων
1762 634 1812 662 ση-

1026 665 1164 700 μείωντὰ
1186 666 1297 702 οὐράνια
1318 667 1431 704 ἔδειξαν)
1455 668 1651 704 παραδοθείσας
1671 671 1812 707 ἰεραρχίας

1023 711 1077 737 τῶν
1092 710 1171 737 θείων
1187 711 1336 747 δυνάμεων,
1349 712 1382 744 ἃς
1398 715 1446 739 καὶ
1460 714 1533 746 νόας
1548 713 1632 748 λέγει,
1653 716 1721 751 πρὸς
1737 717 1811 744 ἀντι-

1022 756 1165 792 διαστολὴν
1180 757 1234 783 τῶν
1251 757 1375 793 αἰσθήσει
1389 758 1497 790 ζώντων
1509 760 1586 795 ἡμῶν
1596 767 1603 775 ’
1618 760 1689 787 οὕτω
1704 761 1757 797 γὰρ
1765 763 1812 789 καὶ

1028 801 1138 833 Ἡσαΐας
1149 802 1194 829 τὸν
1204 802 1266 829 νοῦν
1277 803 1322 830 τὸν
1336 804 1421 839 μέγαν
1431 804 1475 831 τὸν
1490 805 1628 841 Ἀσσύριον
1638 815 1644 822 ’
1658 807 1705 833 καὶ
1719 807 1810 840 πάλιν,

1022 847 1083 879 νοῦς
1102 847 1199 882 μέγας,
1216 848 1307 884 ἄρχων
1324 848 1490 881 Βαϐυλῶνος,
1502 851 1639 878 τουτέστιν
1650 852 1664 878 ὁ
1679 851 1810 884 διάϐολος.

190 905 265 925 mens
278 906 383 934 magna,
401 901 527 935 princeps
549 901 708 937 Babylonis,
728 905 755 931 id
774 910 816 932 est
835 905 968 934 diabolus.

1022 893 1077 928 Τὴν
1097 893 1161 928 γοῦν
1178 894 1256 921 θείων
1273 894 1341 921 νοῶν
1360 895 1511 931 ίεραρχίαν,
1524 896 1583 923 καθ’
1600 897 1661 923 ὅσον
1675 897 1810 933 ίσχύομεν,

190 943 354 977 Divinarum,
373 945 493 980 inquam,
517 948 646 975 mentium
669 948 865 985 hierarehiam,
882 953 970 986 quoad

187 993 330 1023 possumus
344 990 508 1024 intueamur,
521 996 602 1027 atque
627 993 837 1023 illustrationem
862 1005 922 1032 qua;
937 1006 970 1026 ex

188 1035 244 1063 Deo
258 1042 311 1068 est,
334 1038 392 1065 sine
415 1047 466 1074 qua
490 1047 577 1074 neque
603 1040 674 1075 ipsas
694 1042 820 1071 cmlesles
845 1044 968 1080 virtutes,

187 1089 276 1117 neque
291 1084 373 1111 Deum
386 1093 465 1112 nosse
477 1086 609 1119 valemus,
623 1092 753 1121 quantum
770 1088 809 1116 fas
820 1095 871 1123 est,
885 1091 969 1127 inspi-

187 1128 311 1161 ciamus;
336 1130 533 1165 prineipialem,
558 1133 680 1166 inquam,
701 1133 791 1167 illam,
818 1140 910 1170 utpote
935 1137 970 1164 ab

189 1174 267 1202 initio
281 1176 469 1209 exsistentem,
481 1183 508 1204 et
519 1177 787 1212 superprincipialem
806 1187 812 1207 :
828 1181 888 1214 quia
903 1181 969 1209 nihil

187 1220 220 1248 de
234 1221 289 1249 Deo
304 1222 370 1250 satis
386 1223 571 1257 signiﬁcanter
583 1222 672 1250 elferri
688 1230 786 1258 potest,
796 1227 969 1260 qui‘nimoliie

189 1267 278 1294 omnis
296 1267 383 1295 oratio
402 1269 545 1303 omnisque
568 1268 699 1303 cogitatio
714 1270 816 1304 deﬁcit,
835 1273 874 1300 sic
888 1277 916 1300 et
927 1281 970 1301 es-

190 1313 277 1340 sentia
301 1317 328 1340 et
351 1315 596 1349 superessentialis,
622 1324 671 1344 nec
686 1324 738 1344 non
757 1317 830 1345 Deus
846 1323 874 1346 et
887 1327 968 1354 supra

188 1359 283 1386 Deum.
306 1359 381 1388 Hane
394 1361 485 1396 itaque
497 1362 713 1395 illustrationem,
727 1371 786 1398 qua:
798 1371 830 1392 ex
848 1366 901 1392 Deo
915 1370 967 1398 est,

186 1405 383 1440 suscipientes,
404 1414 463 1442 quae
485 1407 641 1443 angelorum
667 1409 834 1438 hierarehias
853 1411 877 1437 in
899 1410 968 1446 ﬁgu-

185 1452 253 1478 ratis
268 1452 398 1487 symbolis
414 1457 440 1480 et
456 1453 618 1488 imaginibus
634 1455 761 1490 eXprimil
772 1475 780 1489 ,
800 1456 968 1484 immateria-

185 1496 256 1524 libus
270 1503 296 1524 et
310 1498 464 1525 intremulis
479 1499 580 1532 oculis,
593 1500 618 1526 id
638 1505 680 1528 est
696 1501 757 1528 ﬁxis
769 1509 816 1529 seu
838 1501 968 1536 tranquil-

184 1543 219 1571 lis
232 1544 316 1578 (amat
340 1545 412 1572 enim
437 1545 506 1572 Deus
529 1547 770 1580 tranquillitatem,
787 1548 858 1575 sicut
879 1548 968 1576 virtus

184 1589 322 1615 contraria
340 1590 542 1624 turbationem),
553 1598 661 1618 rursum
672 1599 704 1618 ex
719 1592 835 1626 ipsamet
850 1592 969 1620 illustra-

186 1635 259 1662 tione
272 1635 304 1662 ad
323 1635 444 1662 divinum
465 1636 569 1663 radium
586 1637 749 1671 intueamur,
761 1638 836 1672 juxta
854 1639 967 1673 primatu

184 1681 395 1714 propositionem
421 1690 501 1717 quam
536 1683 650 1711 fecimus
672 1684 825 1717 :Quoniam
851 1693 884 1713 ex
911 1685 968 1720 ipso

183 1726 283 1754 bonum
301 1731 328 1754 et
343 1727 369 1754 in
386 1728 492 1762 ipsum;
507 1733 586 1763 atque
597 1729 636 1756 ita
649 1730 674 1757 in
690 1730 781 1757 divina
795 1731 968 1765 simplicitate

184 1783 355 1812 uniﬁcemur.
372 1784 464 1819 Neque
479 1785 551 1812 enim
574 1785 643 1820 ipse,
660 1786 723 1814 dum
749 1786 776 1814 in
797 1788 968 1822 suscipienti-

183 1829 235 1857 bus
253 1831 458 1866 multiplicatur,
474 1838 489 1857 a
502 1831 610 1866 propria
632 1831 677 1858 illa
693 1839 740 1860 sua
762 1832 841 1860 unica
860 1833 966 1868 simpli-

183 1877 264 1911 cique
274 1877 417 1904 intimitate
427 1884 507 1912 atque
530 1877 711 1906 occultatione
720 1879 809 1906 deﬁcit
821 1879 966 1914 (siquidem

182 1923 308 1951 omnibus
321 1923 458 1950 extraneis
472 1923 623 1958 incognitus
630 1924 757 1958 exsistit),
767 1924 828 1952 dum
839 1932 904 1953 vero
915 1933 966 1960 pro

183 1976 277 1996 eorum
290 1969 335 2002 qui
348 1969 518 2003 providentia
540 1975 671 2005 reguntur
693 1975 774 2004 captu
796 1977 844 2004 per
858 1970 966 1998 bonita—

183 2019 237 2042 tem
253 2014 447 2048 multiplicatur
463 2022 495 2042 ac
509 2016 672 2049 variegatur,
682 2016 768 2043 denuo
782 2015 852 2043 intra
868 2020 967 2044 semet-

184 2061 270 2096 ipsum
292 2060 405 2088 ﬁrmiter
425 2060 451 2088 in
472 2060 602 2088 immobili
617 2061 758 2088 identitate
772 2065 872 2093 manet,
886 2066 965 2096 atque

183 2107 211 2134 in
237 2106 327 2141 ipsum
352 2105 490 2135 intuentes
516 2107 648 2140 uniﬁcat,
670 2108 740 2135 idem
761 2109 787 2135 in
812 2116 841 2136 se
858 2116 966 2144 perma-

183 2163 268 2187 nens;
285 2162 336 2182 non
351 2163 429 2183 secus
443 2162 476 2182 ac
490 2153 579 2183 lumen
591 2175 599 2188 ,
622 2156 685 2182 dum
704 2155 854 2183 luculenter
870 2156 966 2183 illumi-

183 2207 242 2234 nat,
251 2201 320 2229 idem
329 2201 411 2228 etiam
422 2201 449 2228 in
460 2208 490 2228 se
500 2206 621 2228 remanet
632 2201 779 2228 secundum
794 2202 964 2236 simpliﬁeam

182 2255 257 2275 suam
281 2252 309 2274 et
328 2247 455 2274 unillcam
477 2247 603 2274 unionem
622 2247 864 2283 identitatemque,
887 2250 915 2275 et
934 2255 965 2274 se
981 2239 1002 2266 Ῐ)

182 2293 361 2327 excipientes,
376 2300 424 2327 pro
439 2293 569 2328 cujusque
585 2298 676 2327 captu,
695 2293 720 2320 in
741 2299 871 2327 quantum
886 2302 963 2322 acce-

181 2338 261 2369 dunt,
286 2337 407 2365 illustres
432 2337 529 2365 reddit.
559 2334 611 2366 Ubi
633 2336 758 2372 observa,
780 2343 808 2365 ut
826 2341 964 2374 suspicere

182 2384 291 2418 quidem
308 2388 443 2415 nostrum,
466 2384 513 2411 sed
539 2384 684 2412 illustratio
706 2391 733 2412 et
758 2385 872 2414 elevatio
894 2388 930 2415 sit
949 2395 964 2414 a

185 2430 250 2458 Deo.
263 2429 318 2457 Nisi
339 2430 411 2457 enim
431 2437 447 2457 e
470 2430 551 2457 rebus
578 2431 753 2458 szeeularibus
775 2433 965 2462 emerserimus

181 2476 450 2510 suspexerimusque,
463 2475 599 2510 quomodo
612 2476 640 2511 9
649 2477 765 2504 elevatio
780 2482 806 2504 et
821 2478 963 2506 illustratio

182 2523 260 2549 nobis
272 2521 415 2556 obtingat?
428 2521 504 2555 juxta
521 2521 585 2549 illud
596 2542 603 2554 ,
630 2522 722 2549 Levavi
745 2523 834 2550 oculos
852 2532 920 2551 meo;
937 2525 964 2552 in

181 2573 294 2600 montes,
308 2568 376 2594 unde
394 2568 477 2594 veniet
492 2568 622 2594 auxilium
641 2569 705 2596 mihi
731 2574 753 2596 ι.
771 2569 864 2605 Neque
879 2573 962 2603 enim,

182 2615 282 2648 inquit,
295 2614 352 2641 ﬁeri
366 2618 456 2647 potest
472 2619 501 2641 ut
516 2614 624 2642 divinus
643 2615 688 2643 ille
700 2616 791 2644 radius
812 2617 889 2645 nobis
903 2618 964 2645 illu-

182 2666 253 2697 ceat,
269 2661 320 2688 nisi
339 2661 498 2696 quibusdam
512 2668 601 2688 rerum
617 2661 695 2689 nobis
708 2662 880 2690 familiarium
893 2664 964 2692 vela-

182 2709 281 2735 mentis
306 2707 387 2735 luerit
411 2707 550 2735 obvelatus
577 2708 651 2740 (nam
678 2708 848 2737 intolerabile
874 2710 963 2738 lumen

183 2754 241 2787 ejus
255 2760 287 2780 ac
302 2753 430 2780 virtutem
450 2754 511 2787 quis
522 2754 709 2789 sustinebit‘l),
726 2759 753 2782 et
768 2762 802 2782 ex
819 2755 899 2783 rebus
913 2763 963 2783 no-

182 2800 325 2833 stratibus,
341 2800 388 2828 Dei
405 2800 560 2835 prudentia,
575 2802 790 2830 connaturaliter
808 2810 839 2830 ac
855 2803 964 2839 proprie

234 2892 250 2913 I
266 2887 345 2918 Joau.
369 2897 388 2922 ι,
402 2889 429 2917 9.
469 2895 480 2909 ι
501 2889 571 2918 Psal.
593 2898 657 2926 cxx,
674 2890 700 2921 ί.

1022 938 1187 974 κατίδωμεν,
1201 939 1248 966 καὶ
1263 940 1313 975 τὴν
1327 941 1491 975 φωτοδοσίαν
1505 942 1554 977 τὴν
1570 943 1602 969 ὲκ
1613 943 1691 975 Θεοῦ,
1704 941 1738 979 ἦς
1751 943 1812 979 δίχα

1021 983 1075 1010 οὐδ’
1100 983 1184 1016 αὐτὰς
1204 984 1254 1016 τὰς
1277 985 1418 1021 οὐρανίους
1434 986 1577 1022 δυνάμεις,
1597 987 1633 1023 μὴ
1659 989 1731 1023 ὅτιγε
1746 990 1811 1018 Θεὸν

1021 1028 1153 1064 γνωρίσαι
1181 1030 1264 1061 ἐστὶν,
1288 1029 1325 1062 ὡς
1344 1030 1470 1064 ἐφικτὸν,
1494 1033 1737 1069 κατοπτεύσωμεν’
1762 1035 1811 1071 τὴν

1022 1073 1148 1109 ἀρχικὴν,
1159 1073 1196 1105 ὡς
1209 1074 1336 1110 ἀπαρχῆς
1345 1074 1426 1102 οὖσαν
1437 1077 1483 1102 καὶ
1494 1077 1657 1113 ύπεράρχιον
1667 1087 1673 1094 ·
1684 1079 1723 1106 ὅτι
1735 1080 1811 1107 οὐδὲν

1020 1118 1066 1144 ἐπὶ
1091 1118 1157 1144 Θεοῦ
1186 1119 1286 1151 ἱκανῶς
1306 1119 1362 1154 ἔχει
1384 1121 1432 1156 τῆς
1447 1121 1591 1156 σημασίας,
1609 1122 1676 1149 ἀλλὰ
1697 1124 1744 1150 καὶ
1757 1125 1812 1156 πᾶς

1020 1164 1108 1198 λόγος,
1126 1164 1172 1191 καὶ
1188 1166 1261 1191 πᾶσα
1272 1165 1360 1192 ἐννοια
1372 1166 1515 1201 ἡττῶνται,
1527 1167 1598 1194 οὕτω
1612 1169 1660 1195 καὶ
1673 1169 1750 1196 οὐσία
1765 1171 1810 1196 καὶ

1021 1210 1192 1245 ὑπερούσιος,
1210 1212 1256 1238 καὶ
1272 1211 1338 1243 Θεὸς
1353 1212 1400 1238 καὶ
1419 1213 1560 1249 ὑπέρθεος.
1576 1214 1683 1250 Ταύτην
1697 1213 1742 1242 οὖν
1760 1217 1810 1252 τὴν

1020 1256 1052 1281 ὲκ
1068 1255 1136 1282 Θεοῦ
1150 1257 1318 1290 φωτοχυσίαν
1330 1256 1480 1290 δεξάμενοι,
1500 1258 1517 1292 ἢ
1538 1257 1588 1289 τὰς
1602 1259 1741 1295 ἱεραρχίας
1754 1259 1809 1287 τῶν

1020 1301 1143 1336 ἀγγέλων
1169 1302 1197 1328 ὲν
1216 1304 1379 1334 τυπωτικοῖς
1393 1302 1536 1338 συμϐόλοις
1556 1305 1603 1331 καὶ
1624 1305 1809 1341 εἰκονίσμασιν

1019 1349 1161 1383 ἐκφαίνει,
1176 1348 1268 1380 ἁθλοις
1287 1350 1335 1376 καὶ
1355 1350 1500 1385 ἀτρεμέσιν
1516 1350 1672 1386 ὀφθαλμοῖς,
1695 1350 1711 1386 ἢ
1729 1351 1810 1378 οἱονεὶ

1019 1393 1170 1429 στερροῖςῆ
1188 1394 1234 1421 καὶ
1252 1394 1363 1430 ἡσύχοις
1380 1395 1478 1430 (χαίρει
1495 1395 1548 1431 γὰρ
1562 1395 1592 1422 τὸ
1603 1395 1679 1422 Θεῖον
1694 1396 1727 1431 τῇ
1741 1396 1808 1431 ﬁcus

1018 1439 1079 1475 χίᾳ,
1096 1439 1133 1471 ὡς
1147 1439 1186 1474 τῷ
1202 1439 1272 1475 ὄχλῳ
1286 1441 1302 1476 ἡ
1320 1440 1427 1467 ἐναντία
1443 1440 1567 1476 δύναμις)
1583 1440 1663 1467 πάλιν
1678 1440 1707 1474 ἐξ
1724 1441 1809 1476 αὐτῆς

1019 1485 1070 1520 τῆς
1087 1485 1260 1520 φωτοδοσίας,
1282 1486 1328 1512 ἐπὶ
1339 1486 1388 1521 τὴν
1403 1485 1476 1513 θείαν
1499 1486 1684 1522 ἀνυψωθῶμεν
1699 1487 1806 1519 ἀκτῖνα,

1018 1530 1090 1558 κατὰ
1106 1531 1155 1566 τὴν
1179 1531 1208 1563 ἐξ
1233 1532 1319 1567 ἀρχῆς
1339 1531 1476 1564 ὑπόθεσιν,
1501 1532 1533 1568 ἥν
1546 1532 1693 1567 ἐλέγομεν,
1717 1533 1758 1559 ὅτι
1779 1533 1809 1566 ἐξ

1020 1575 1102 1603 αὑτοῦ
1118 1576 1148 1603 τὸ
1161 1576 1272 1611 ἀγαθὸν,
1297 1578 1345 1604 καὶ
1366 1578 1406 1609 είς
1418 1577 1509 1609 αὑτὸν,
1533 1577 1579 1604 καὶ
1605 1577 1808 1613 ἐνοποιηθῶμεν

1019 1620 1048 1646 ἐν
1064 1621 1096 1656 τῇ
1122 1620 1181 1656 θεία
1200 1621 1340 1657 ἁπλότητι.
1367 1621 1426 1648 ’Ότι
1449 1622 1503 1648 οὐδ’
1525 1622 1604 1658 αὐτῆ
1617 1622 1807 1658 ποικιλλομένη

1018 1665 1086 1701 πρὸς
1104 1665 1138 1692 τὰ
1155 1666 1340 1702 ὑποδεχόμενα
1359 1667 1496 1700 ἐξίσταται
1509 1668 1559 1703 τῆς
1572 1668 1638 1699 ἰδίας
1656 1668 1748 1703 ἐνικῆς
1760 1669 1807 1695 καὶ

1017 1710 1107 1746 ἁπλῆς
1118 1711 1258 1746 ὲνδότητος
1269 1712 1315 1739 καὶ
1331 1713 1510 1748 κρυφιότητος
1521 1713 1598 1749 (πᾶσι
1609 1713 1664 1749 γὰρ
1676 1715 1732 1745 τοῖς
1743 1714 1808 1747 ἔξω·

1018 1755 1062 1782 θεν
1076 1756 1162 1791 αὐτῆς
1178 1756 1314 1791 ἄγνωστός
1335 1758 1415 1794 ἐστι),
1433 1758 1620 1795 πληθυνθμὲνη
1636 1759 1664 1786 δὲ
1685 1759 1732 1786 καὶ
1748 1768 1808 1785 ποι-

1017 1801 1161 1838 κιλλομένη
1178 1802 1246 1838 πρὸς
1259 1803 1308 1838 τὴν
1322 1803 1376 1830 τῶν
1389 1805 1593 1840 προνοουμένων
1611 1805 1757 1840 συνάφειαν
1773 1805 1807 1832 δι’

1016 1848 1181 1885 ἀγαθὸτητα,
1197 1850 1272 1885 μένει
1288 1850 1368 1877 πάλιν
1385 1850 1458 1878 ἔνδον
1474 1851 1573 1886 ἑαυτῆς
1589 1851 1693 1886 παγίως
1705 1853 1733 1879 ὲν
1747 1853 1807 1878 ἀκι-

1015 1895 1089 1931 νήτῳ
1112 1895 1274 1932 ταυτότητι,
1306 1897 1353 1924 καὶ
1379 1897 1442 1929 τοὺς
1461 1898 1504 1923 ἐπ’
1523 1897 1606 1932 αὐτὴν
1629 1897 1807 1930 ἀνανεύοντας

1015 1941 1141 1974 ἐνοποιεῖ,
1157 1942 1258 1977 ταυτὴ¹
1279 1942 1412 1977 μένουσα·
1429 1943 1524 1979 ὣσπερ
1544 1943 1575 1970 τὸ
1600 1943 1674 1978 φῶς,
1691 1943 1807 1978 φωτίζον

1016 1986 1137 2022 ἁθρόως,
1167 1986 1224 2021 φῶς
1243 1987 1273 2014 τδ
1295 1987 1361 2014 αὐτὸ
1380 1989 1470 2023 μένει,
1488 1988 1559 2015 κατὰ
1576 1989 1625 2024 τὴν
1650 1988 1806 2024 ἁπλωτικὴν

1015 2031 1101 2067 αὐτῆς
1117 2032 1163 2058 καὶ
1175 2032 1294 2059 ἑνοποιὸν
1311 2032 1406 2060 ἕνωσιν
1424 2034 1470 2060 καὶ
1479 2034 1638 2069 ταυτότητά,
1648 2034 1695 2060 καὶ
1710 2033 1806 2067 ἀνάγει

1014 2078 1077 2110 τοὺς
1094 2078 1306 2114 ὑποδεχομένους
1322 2078 1460 2113 ἀναλόγως
1469 2079 1631 2111 αὐτοῖςνκαθν
1646 2079 1707 2106 ὅσον
1724 2080 1807 2107 σπεύ-

1014 2123 1105 2155 δουσι,
1122 2124 1245 2151 τοσοῦτον
1262 2125 1308 2151 καὶ
1331 2125 1538 2160 φωτιζομένους.
1556 2125 1632 2156 Τέως
1647 2125 1675 2151 δὲ
1699 2125 1805 2158 σκόπει,

1014 2170 1055 2196 ὅτι
1078 2171 1094 2205 ἡ
1118 2170 1167 2206 μὲν
1192 2170 1335 2202 ἀνάνευσις
1357 2170 1494 2206 ἡμετέρα·
1518 2171 1534 2206 ἡ
1557 2170 1579 2196 δ’
1602 2170 1733 2202 ἀνάτασις
1759 2172 1807 2198 καὶ

1016 2215 1153 2250 ἀνύψωσις
1176 2217 1207 2242 ὲκ
1229 2215 1307 2242 Θεοῦ.
1329 2216 1361 2242 El
1379 2215 1415 2251 μὴ
1431 2214 1485 2251 γὰρ
1502 2216 1582 2250 ἡμεῖς
1597 2215 1650 2241 τῶν
1667 2217 1807 2252 κοσμικῶν

1017 2260 1225 2296 ἀνανεύσωμεν,
1255 2260 1346 2296 πῶςὴ
1377 2260 1513 2295 ἀνύψωσις
1546 2261 1593 2287 καὶ
1624 2261 1638 2287 ὸ
1667 2262 1809 2298 φαγτισμὺς

1016 2306 1221 2341 ὲπιγενήσεται;
1242 2305 1313 2332 κατὰ
1322 2305 1353 2332 τό
1363 2313 1370 2320 '
1386 2303 1463 2339 Ἶίρα
1480 2305 1551 2338 τοὺς
1560 2305 1733 2340 ὀφθαλμούς
1748 2316 1807 2342 μου

1017 2353 1060 2384 εἰς
1068 2351 1104 2378 τὰ
1114 2352 1178 2386 ὄρη,
1189 2351 1257 2378 ὅθεν
1265 2351 1331 2385 ’ἣξει
1343 2353 1361 2385 ἠ
1369 2351 1494 2384 βοήθειά
1504 2351 1630 2386 μου.Καὶ
1640 2353 1706 2389 γὰρ,
1716 2354 1806 2388 φησὶν,

1016 2397 1078 2423 οὐδὲ
1100 2396 1212 2424 δυνατὸν
1231 2396 1318 2428 ἄλλως
1334 2396 1485 2431 ἐπιλάμψαι
1502 2395 1551 2432 τὴν
1568 2395 1644 2423 θείαν
1663 2397 1768 2428 ἀκτῖνα,
1784 2399 1808 2424 ει

1020 2443 1058 2478 μὴ
1074 2442 1104 2475 ἐξ
1124 2439 1161 2470 ὧν
1178 2442 1378 2478 συνειθίσμεθα,
1396 2442 1442 2469 καὶ
1461 2442 1499 2477 μὴ
1521 2442 1565 2468 διά
1578 2450 1661 2470 τινων
1681 2452 1809 2479 παραπε-

1014 2489 1159 2524 τασμάτων
1174 2487 1447 2523 περικεκαλυμμένην
1461 2487 1501 2523 (τὸ
1512 2486 1567 2523 γὰρ
1577 2487 1708 2515 ἄστεκτον
1725 2488 1809 2523 αὐτῆς

1013 2533 1060 2561 τοῦ
1077 2535 1165 2569 φωτὸς
1181 2535 1228 2561 καὶ
1244 2535 1293 2570 τῆς
1309 2533 1450 2569 δυνάμεως
1460 2553 1467 2565 ,
1480 2533 1522 2565 τίς
1535 2533 1747 2570 ὑποστήσεται;)
1762 2535 1806 2561 καὶ

1013 2579 1046 2605 ἐκ
1057 2579 1110 2605 τῶν
1125 2578 1278 2614 ἡμετέρων,
1296 2578 1409 2614 προνοίᾳ
1416 2577 1483 2604 Θεοῦ
1501 2579 1636 2613 συμφυῶς
1646 2579 1692 2606 καὶ
1701 2578 1805 2610 οἰκείως

1013 2625 1073 2656 ταῖς
1081 2624 1226 2659 ἡμετέραις
1242 2623 1383 2659 αἰσθήσεσι
1395 2624 1627 2660 διεσκευασμένην
1638 2633 1644 2639 ·
1662 2625 1706 2650 ὅτε
1716 2623 1804 2659 δηλον-

1012 2670 1054 2697 ότι
1079 2668 1241 2704 σωματικῶς
1268 2668 1303 2695 τὰ
1331 2669 1464 2704 ἀσώματα
1495 2669 1630 2704 λέγομεν,
1656 2665 1710 2695 οἷον
1739 2668 1802 2703 μέλτ

1018 2715 1175 2751 ἀνθρώπινα
1188 2715 1233 2741 ἐπὶ
1248 2714 1315 2741 Θεοῦ
1326 2736 1332 2748 ,
1355 2715 1402 2742 καὶ
1425 2715 1544 2750 θυμοὺς,
1562 2715 1611 2741 καὶ
1634 2713 1743 2744 ὕπνους,
1760 2713 1800 2741 καί

1016 2760 1051 2787 τὰ
1065 2760 1241 2796 παραπλήσια
1250 2768 1256 2775 ·
1269 2760 1356 2787 ταῦτα
1371 2759 1425 2796 γάρ
1437 2761 1494 2786 ἐστι
1509 2759 1545 2786 τὰ
1556 2758 1806 2794 ﬂama-rationum.

1023 2805 1100 2833 Ἐπεὶ
1115 2803 1161 2833 οὗν
1173 2806 1230 2838 τοῖς
1245 2804 1383 2841 αἰσθητοῖς
1399 2804 1433 2832 τὰ
1449 2804 1518 2838 ὑπὲρ
1532 2804 1659 2838 αἴσθησιν
1676 2801 1805 2829 ἐντυποῦ-
