1925 3070
80 113 141 142 153

356 111 400 140 DE
417 111 579 139 C(ELESTI
598 111 819 144 HIERARCHIA.
837 111 914 139 CAP.
935 111 955 139 Ι,
976 126 1010 131 ——
1026 110 1199 139 PARAPHR.
1218 110 1456 140 PACHYMERIE.

1671 115 1723 143 154

80 179 151 206 μεν,
171 170 273 206 ὁμοίως
288 169 343 205 ἔχει
358 170 405 197 καὶ
418 170 435 205 ἡ
450 169 511 196 καθ’
523 170 597 205 ἡμᾶς
613 170 738 206 ἱεραρχία
754 169 822 206 πρὸς
834 169 870 205 τὴ

934 169 1036 195 nostris
1052 169 1178 195 sensibus
1197 169 1234 195 sit
1249 170 1471 197 accommodatus
1489 179 1496 197 :
1514 158 1622 205 quando
1644 173 1724 200 nimi-

77 216 220 252 οὐρανίαν
245 217 352 251 ἐκείνην
373 217 420 243 καὶ
451 216 542 251 ἀφανῆ
554 225 561 230 ·
579 215 649 242 οὕτω
667 216 720 251 γὰρ
741 215 885 250 εὐδόκησεν

77 263 97 297 ἡ
115 262 279 297 τελετάρχις
305 261 450 296 ἱεροθεσία,
465 262 543 296 ἡτῆς
555 262 609 288 τῶν
626 261 705 297 ἱερῶν
729 261 884 296 μυστηρίων

77 309 169 344 ἡμῶν
185 309 392 344 διακοσμήσεως
403 307 480 339 τάξις
494 316 523 333 τε
543 307 590 333 καὶ⁸
605 307 768 342 παράδοσις·
787 306 882 342 τελετὴ

77 354 141 390 γὰρ
165 354 274 388 λέγεται
296 355 313 390 ἡ
331 354 387 380 τῶν
409 353 566 388 μυστηρίων
591 352 750 388 μετάδοσις,
770 351 818 378 ἆτε
836 352 882 377 τὸν

81 399 243 434 μυούμενον
254 399 394 426 τελειοῦσα
403 407 410 413 ·
426 398 544 428 καὶτοὺς
559 397 749 433 μεμυημένους
762 396 881 428 τελείους

79 443 168 471 καλεῖ
183 443 198 470 ὸ
216 443 384 475 Ἀπόστολος,
395 443 481 476 λέγων
493 450 499 457 ·
519 442 604 468 Ὅσοι
618 441 675 468 οὖν
684 442 800 474 τέλειοι,
813 441 882 468 τοῦ-

79 496 117 514 το
132 487 301 522 φρονῶμεν.

79 535 168 567 tioni,
184 542 244 569 quae
257 542 396 562 sacrorum
413 534 513 562 rituum
524 538 679 561 nostrorum
709 534 777 561 ordo
800 538 827 561 et
852 535 961 563 traditio
983 542 1024 564 est

939 222 997 241 rum
1013 214 1192 249 corporaliter
1206 222 1238 241 ea
1253 223 1313 248 quae
1325 215 1483 249 incorporea
1497 221 1558 243 sunt
1572 216 1720 251 eﬁ‘erimus,

938 263 968 286 ut
984 267 1046 286 cum
1063 259 1096 286 de
1115 259 1169 286 Deo
1195 260 1316 286 membra
1343 259 1470 292 humana,
1495 261 1666 297 furoresque,
1689 272 1722 292 ac

937 313 1046 333 somnos
1060 306 1167 340 aliaque
1182 305 1281 333 similia
1301 306 1495 340 enuntiamus;
1514 309 1647 342 siquidem
1665 310 1722 337 haec

940 350 1091 377 velamenta
1108 355 1183 378 sunt.
1196 350 1309 384 Quando
1333 352 1413 386 igitur
1429 359 1459 379 ea
1477 360 1535 386 qua:
1553 361 1661 381 sensum
1676 363 1723 382 su-

934 401 1030 430 perant
1045 404 1094 431 per
1108 404 1151 423 res
1168 397 1280 424 sensiles
1296 397 1476 432 explicamus,
1486 403 1541 426 tum
1555 406 1648 428 nostra
1663 401 1720 429 haec

936 441 1089 470 hierarchia
1102 442 1201 470 similis
1217 448 1258 471 est
1279 444 1381 472 caelesti
1395 448 1422 471 et
1437 446 1550 472 occulta:
1572 455 1579 472 :
1597 447 1635 473 sic
1649 447 1721 474 enim

938 489 1041 524 placuit
1059 490 1251 524 mysteriorum
1278 497 1419 517 sacrorum
1448 491 1564 525 principi
1590 483 1723 520 constitua

1058 546 1065 564 :
1088 537 1222 572 siquidem
1244 537 1360 564 initiatio
1381 545 1427 564 seu
1451 538 1600 572 perfectio,
1629 547 1721 567 sacri-

78 588 148 608 rum
178 581 370 616 mysteriorum
400 580 611 608 communicatio
636 584 817 614 nuncupatur.
846 585 875 607 ιιι
900 589 960 616 quae
982 581 1103 610 initiatos
1127 584 1268 617 perﬁciat;
1291 589 1372 618 atque
1393 584 1431 611 ita
1454 590 1635 617 consecratos.
1657 593 1720 621 per-

81 621 180 651 fectos
206 629 288 652 vocat
315 624 469 658 Apostolus,
494 624 586 651 dicens
605 632 614 652 :
638 623 792 657 Quicunque
812 631 873 658 ergo
889 625 999 660 perfecti
1013 635 1113 658 eumut.
1130 629 1178 654 hoc
1193 629 1337 655 sentiamus
1357 635 1381 656 α.

119 680 134 716 §
155 680 198 707 Ill.
222 681 373 716 Εὐδόκησεν
392 678 438 707 οὖν
458 681 475 715 ἡ
495 679 652 715 τελετάρχις
673 678 816 714 ἱεροθεσία,
834 679 876 705 ἵνα

79 726 133 757 τὰς
156 726 255 758 ἀῢλους
270 728 315 753 καὶ
330 726 469 762 οὐρανίους
490 726 628 762 ίεραρχίας
640 725 742 757 ὐλικοῖς
758 725 878 760 σχήμασι

81 771 132 797 καὶ
148 773 266 806 μορφαῖς
281 771 440 808 παραδώσῃ,
460 772 533 802 ὅπως
552 770 689 804 ἀναλόγως
710 770 764 796 ἀπὸ
775 769 877 795 τούτων

79 816 138 842 τῶν
156 816 236 851 ἰερῶν
248 817 394 843 τυπώσεων
403 817 448 843 ἐπὶ
461 817 510 848 τὰς
519 816 677 848 ἀτυπὼτους
693 816 740 842 καὶ
750 816 820 850 ἁσχη
826 823 878 850 μα-

79 862 195 893 τίστους
214 862 373 897 ἁναχθῶμεν
395 862 548 896 ὰναγωγάς.
565 862 636 898 Ὅρα
649 861 719 902 γέιρ,
735 860 880 901 ποιήσεις,

81 910 163 944 φησὶ,
179 909 252 936 κατὰ
270 909 324 935 τὸν
338 910 432 936 τύπον
445 908 498 936 τὸν
508 908 663 943 δειχθέντα
676 916 726 935 σοι
737 916 743 922 ·
766 908 828 934 ἐπεὶ
844 907 881 943 μὴ

79 954 197 982 δυνατόν
215 956 271 982 ἐστι
285 955 324 990 τῷ
338 955 463 990 ἡμετέρῳ
480 954 520 981 νοῒ
536 955 604 989 πρὸς
617 955 666 989 τὴν
682 954 761 981 ἄΰλον
774 953 881 988 εκείνην

81 1000 260 1036 ἁνυψωθῆναι
280 1001 447 1028 κατάστασιν
469 1000 596 1035 ἀμέσως,
613 999 706 1035 μὴδιὰ
717 1007 797 1026 τινων
815 1008 881 1035 μορ-

81 1046 143 1080 φῶν
159 1047 205 1072 καὶ
220 1047 365 1082 σχημάτων
379 1046 635 1082 χειραγωγουμένῳ,
651 1045 696 1072 καὶ
715 1045 880 1080 λογιζομένῳ

82 1091 116 1117 ὲκ
132 1091 235 1118 τούτων
255 1092 346 1118 ἐκεῖνα
357 1100 363 1106 ·
378 1091 413 1118 τὰ
424 1092 472 1126 μὲν
493 1091 639 1126 φαινόμενα
653 1090 747 1125 κάλλη,
766 1090 815 1126 τὴν
832 1089 878 1115 τοῦ

82 1135 150 1162 ναοῦ
162 1156 169 1167 ,
182 1135 261 1170 λέγω,
276 1136 407 1172 καλλονὴν
417 1136 462 1162 καὶ
475 1136 649 1170 εὐπρέπειαν,
664 1135 879 1170 ἀπεικονίσματα

81 1181 133 1216 τῆς
148 1182 267 1216 ἀφανοῦς
279 1182 428 1217 εὐμορφίας
440 1182 527 1216 ἔχοντι
537 1190 543 1196 ”
561 1181 610 1213 τὰς
624 1181 652 1208 δὲ
664 1181 708 1208 διὰ
716 1181 770 1208 τῶν
780 1180 878 1216 θυμια-

84 1227 180 1263 μάτων
200 1227 321 1259 εὐωδίας,
343 1228 392 1263 τῆς
404 1228 504 1263 νοητῆς
517 1228 660 1259 διαδόσεως
676 1227 875 1262 ὲκτυπώματα·

81 1273 224 1299 διαδίδοται
244 1273 299 1309 γὰρ
325 1274 339 1300 ὁ
360 1273 498 1308 φωτισμδς
523 1275 628 1305 ἐκεῖσε,
660 1273 698 1305 ὼς
723 1273 838 1299 ἐνταῦθα
860 1274 876 1309 ἡ

82 1318 183 1345 εὐωδία
193 1327 199 1333 ·
216 1318 250 1345 τὰ
266 1319 294 1345 δὲ
308 1318 362 1345 τῶν
381 1319 474 1354 κηρῶν
488 1319 535 1345 καὶ
552 1318 599 1345 τοῦ
620 1318 709 1345 ἐλαίου
724 1318 810 1353 φῶτα,
826 1318 877 1353 τῆς

83 1364 254 1399 φωτοχυσίας
269 1364 375 1400 ὲκείνης
389 1365 489 1396 εἰκόνα,
502 1364 549 1391 καὶ
563 1364 612 1399 τῆς
625 1364 694 1390 κατὰ
714 1364 776 1390 νοῦν
794 1364 875 1391 πάλιν

83 1409 255 1444 θεωρητικῆς
267 1410 426 1445 πλησμονῆς
439 1418 446 1424 ·
461 1409 492 1436 τὸ
505 1409 559 1445 γὰρ
571 1409 603 1436 ὲκ
617 1409 714 1444 μέρους
729 1409 801 1436 ἔστιν
829 1410 874 1436 ὅτε

83 1455 132 1482 καὶ
147 1456 211 1490 ἡμῖν
224 1455 469 1492 καταργηθήσεται,
487 1455 558 1482 ’κατὰ
576 1455 621 1481 τὸν
641 1455 812 1482 ’Δπόστολοψ
824 1454 874 1487 τὰς

967 681 980 716 §
996 681 1039 709 ιιι.
1054 682 1224 718 Complacuit
1247 683 1339 718 itaque
1355 684 1546 720 mysteriorum
1577 692 1718 713 sacrorum

931 728 1044 763 principi
1081 729 1286 761 constitutioni,
1320 730 1513 759 immateriales
1541 732 1719 767 caelestesque

931 773 1099 801 hierarchias
1114 774 1300 801 malerialibus
1313 774 1408 809 ﬁguris
1419 784 1451 802 ac
1466 776 1562 804 formis
1570 785 1716 812 exponere,

896 835 918 865 Β
933 824 960 845 ιιι
976 826 1024 853 pro
1037 824 1115 854 captu
1127 824 1220 846 nostro
1234 821 1268 847 ab
1281 820 1356 847 hisce
1369 820 1456 847 sacris
1470 821 1716 855 cﬂ'ormationibus,

934 864 966 890 ad
980 864 1126 891 formarum
1137 865 1337 900 ﬁgurarumque
1346 871 1472 900 expertes
1480 875 1615 902 anagogas
1625 869 1716 895 tradu-

932 918 1035 938 camur.
1049 910 1130 943 Ecce,
1146 910 1230 943 enim,
1248 911 1344 946 inquit,
1369 911 1450 945 facies
1468 913 1612 940 secundum
1624 923 1715 942 exem-

931 956 990 991 plar
1000 956 1069 990 quod
1082 957 1128 982 tibi
1139 961 1313 983 monstratum
1327 962 1364 984 est
1377 957 1390 977 ιι
1406 966 1413 983 :
1427 958 1644 992 quandoquidem
1657 961 1714 989 ﬁeri

932 1008 984 1028 non
1001 1001 1088 1034 possit
1103 1005 1132 1028 ut
1150 1008 1226 1028 mens
1242 1006 1334 1028 nostra
1350 1002 1383 1028 ad
1403 1002 1613 1031 immateriutam
1634 1005 1713 1033 istam

931 1046 1152 1074 constitutionem
1176 1046 1332 1074 immediate
1356 1047 1524 1082 subrigatur.
1545 1050 1596 1076 nisi
1620 1050 1714 1079 formis

930 1091 1090 1124 quibusdam
1109 1098 1142 1118 ac
1162 1090 1255 1126 ﬁguris
1279 1093 1356 1127 quasi
1381 1101 1460 1119 manu
1476 1094 1554 1121 ducta
1579 1095 1672 1127 fuerit.
1685 1101 1713 1124 et

929 1143 962 1163 ex
979 1135 1021 1163 his
1043 1135 1087 1162 illa
1113 1136 1271 1170 conjecerit.
1300 1137 1389 1172 Atque
1415 1144 1575 1173 apparentes
1604 1141 1712 1175 quidem

929 1180 1155 1214 pulchritudines.
1174 1182 1278 1216 templi,
1300 1183 1372 1216 dico,
1388 1188 1558 1212 vetnustatem
1581 1192 1614 1212 ac
1632 1186 1712 1213 deco-

929 1234 997 1258 rem,
1007 1226 1121 1253 occulta:
1129 1227 1203 1254 illius
1213 1228 1365 1255 venustatis
1377 1229 1508 1264 imagines
1519 1238 1573 1265 pra.-
1584 1238 1612 1258 se
1622 1231 1710 1265 ferre;

928 1279 1025 1299 suaves
1053 1279 1119 1300 vero
1140 1274 1343 1308 thymiamatum
1372 1275 1478 1308 odores,
1504 1277 1633 1311 spiritalis
1652 1285 1712 1306 esse

928 1318 1080 1345 traditionis
1095 1318 1290 1354 eﬂigiationes:
1303 1321 1422 1348 traditur
1437 1322 1508 1358 enim
1521 1323 1576 1350 illic
1590 1323 1711 1351 illustra-

927 1363 975 1395 tio,
987 1365 1214 1398 quemadmodum
1227 1365 1271 1393 hic
1286 1366 1379 1393 odoris
1392 1367 1550 1401 fragrantia.
1565 1368 1710 1398 Cereorum

926 1414 1014 1436 autem
1030 1409 1136 1444 oleique
1155 1410 1299 1438 luminaria
1322 1416 1385 1439 sunt
1407 1412 1479 1439 illius
1507 1414 1710 1444 illuminationis

925 1456 1072 1490 imagines,
1097 1456 1134 1483 uti
1151 1457 1232 1483 etiam
1253 1457 1325 1484 illius
1348 1459 1573 1493 contemplativze,
1591 1469 1650 1496 quae
1667 1470 1709 1490 se-

83 1501 233 1535 διεξοδικὰς
254 1501 412 1537 μαθητείας,
431 1501 481 1533 τὰς
501 1501 545 1527 διὰ
560 1501 614 1528 τῶν
627 1501 771 1536 ὁρωμένων
799 1511 870 1538 πρα-

927 1501 1044 1528 cundum
1060 1507 1179 1528 mentem
1195 1506 1246 1534 est,
1259 1503 1411 1530 saturitatis
1425 1511 1431 1529 :
1449 1505 1575 1538 quoniam
1596 1507 1621 1533 id
1637 1509 1709 1541 quod

76 1546 188 1581 γμάτων
195 1547 330 1580 καὶλόγων
342 1546 513 1582 πλατυτέρας
526 1546 684 1578 ἀποδείξεις.
702 1545 748 1577 Τίς
761 1545 790 1571 δέ
803 1546 875 1572 ἐστιν

84 1595 101 1629 ἡ
116 1593 269 1629 θεωρητικὴ
282 1593 329 1619 τοῦ
341 1593 401 1625 νοὸς
415 1593 556 1628 πλησμονή
568 1601 575 1625 ;
596 1593 637 1619 ὅτι
657 1591 744 1628 δῆλον,
761 1591 848 1627 ζητῶν
861 1593 875 1618 ὁ

83 1639 145 1670 νοῦς
159 1638 223 1674 περὶ
244 1638 298 1664 τῶν
321 1638 411 1670 θείων,
431 1638 478 1664 καὶ
503 1637 612 1673 Θεωρῶν
633 1634 734 1668 οὗτινος
753 1636 875 1663 ὁπωσοῦν

84 1683 278 1720 ὲπιδράξεται,
301 1683 452 1720 πληροῦται
476 1684 504 1710 ὲν
528 1683 625 1718 ἐκείνῳ
636 1683 682 1709 καὶ
708 1683 873 1718 κορέννυται.

85 1731 117 1756 Τί
133 1731 186 1766 γάρ
196 1732 256 1758 ἐστι
270 1731 324 1757 τῶν
341 1730 430 1761 θείων,
445 1730 513 1765 ὅπερ
525 1730 574 1765 οὐχ
586 1729 729 1765 ὑπεραίρει
738 1728 782 1754 τὸν
802 1728 873 1761 νοῦν,

84 1777 132 1803 καὶ
145 1777 193 1813 τὴν
203 1777 294 1811 ἔφεσιν
306 1775 399 1808 αὑτοῦ,
409 1775 501 1811 λίχνην
513 1773 604 1806 οὖσαν,
620 1774 710 1809 ἵστησι
722 1775 768 1800 καί¹
780 1773 874 1809 κορέν-

84 1830 160 1854 νυσι;
178 1822 302 1857 καθάπερ
315 1820 421 1856 εἴρηται
432 1828 439 1834 ·
461 1819 631 1854 Ἐμνήσθην
650 1819 703 1845 τοῦ
719 1819 802 1851 Θεοῦ,
826 1819 875 1846 καὶ

82 1866 267 1902 εὐφράνθην·
284 1866 331 1893 καὶ
348 1865 428 1893 πάλιν
439 1874 445 1880 ·
469 1864 614 1899 Ἑδίιψνησέ
629 1873 665 1891 σε
680 1865 700 1898 ἠ
710 1864 794 1898 ψυχή
802 1874 872 1900 μου,

84 1916 247 1949 ποσαπλσῶς
257 1917 290 1943 δὲ
306 1917 325 1950 ὴ
341 1915 419 1950 σάρξ
426 1923 495 1950 μου.
512 1914 581 1949 Διψᾷ
596 1914 612 1949 ἡ
627 1914 710 1949 ψυχὴ,
725 1914 771 1940 καὶ¹
790 1915 873 1950 ἐμπι-

86 1963 194 1995 plicat,
218 1962 255 1994 ὡς
269 1962 369 1997 ἔχουσα
388 1960 526 1996 ἐπιτήδεια
544 1960 634 1994 δοχεῖα
653 1959 707 1985 τῶν
731 1959 810 1986 θείων
831 1961 873 1986 ὲν-

85 2007 160 2034 νοιῶν
169 2016 175 2022 ·
189 2006 254 2042 διψᾷ
267 2007 285 2042 ἡ
296 2006 374 2041 σὰρξ,
387 2004 455 2031 ἀλλὰ
468 2003 614 2034 ποσαπλῶς
627 2002 694 2038 πρὸς
707 2003 755 2038 τὴν
766 2002 854 2038 ψυχήν
863 2011 870 2018 -

85 2052 143 2079 οὐδὲ
161 2051 216 2087 γὰρ
229 2052 285 2086 ἔχει
298 2050 432 2085 ὑποδοχῆς
455 2049 670 2083 ἐπιτηδειότητα,
692 2048 754 2083 ξένη
771 2048 872 2074 παντά-

87 2106 163 2124 πασιν
185 2095 253 2124 οὖσα
274 2097 341 2132 πρὸς
357 2097 406 2128 τὰς
426 2096 500 2128 Θείας
525 2095 572 2122 καὶ
599 2094 697 2130 νοητὰς
719 2094 869 2129 ἐμφάσεις·

86 2141 142 2167 ὅθεν
152 2142 209 2173 καὶ,
222 2141 260 2173 ὡς
274 2140 434 2176 ὑστεροῦσα,
448 2140 492 2166 ἀεὶ
503 2139 699 2175 ἐπιτεταμένην
712 2139 761 2175 τὴν
779 2138 870 2173 ἔφεσιν

925 1554 957 1574 ex
971 1552 1048 1581 parte
1062 1553 1114 1579 est.
1129 1548 1275 1583 aliquando
1286 1554 1313 1576 et
1326 1549 1415 1582 nobis.
1429 1552 1574 1578 secundum
1590 1553 1708 1588 Aposto-

926 1592 991 1625 lum,
1011 1594 1188 1621 evacuabitur
1207 1599 1231 1621 ο.
1247 1593 1354 1622 Dilfusze
1375 1602 1456 1629 porro
1475 1595 1623 1632 disciplina:
1647 1604 1709 1626 sunt

925 1639 1043 1667 fusiores
1061 1640 1181 1667 visarum
1198 1647 1290 1668 rerum
1311 1648 1343 1668 ac
1364 1649 1518 1669 sermonum
1538 1645 1709 1672 demonstra-

925 1685 1025 1713 tiones.
1044 1685 1174 1719 Qutenam
1198 1691 1287 1714 autem
1312 1692 1354 1714 est
1376 1689 1583 1723 contemplativa
1609 1692 1708 1719 mentis

927 1732 1054 1759 satietas?
1081 1734 1190 1767 quando
1216 1733 1341 1760 nimirum
1362 1741 1407 1761 res
1421 1734 1528 1762 divinas
1541 1743 1616 1764 mens
1634 1737 1707 1764 inve-

925 1777 1018 1811 stigat,
1038 1781 1066 1804 et
1087 1784 1135 1811 per
1156 1777 1410 1811 contemplationem
1434 1779 1570 1814 quidpiam
1585 1788 1705 1815 compre-

924 1823 1031 1856 hendit,
1056 1824 1174 1859 repletur
1199 1825 1292 1859 utique
1322 1825 1374 1860 ιο
1400 1833 1433 1852 ac
1458 1832 1608 1854 saturatur.
1635 1827 1705 1860 Quid

923 1870 995 1897 enim
1007 1875 1048 1897 est
1063 1877 1153 1897 rerum
1176 1870 1340 1903 divinarum,
1362 1871 1433 1904 quod
1449 1879 1503 1899 non
1519 1878 1636 1901 mentem
1650 1874 1704 1901 ele-

923 1919 979 1948 vet,
996 1919 1077 1950 atque
1100 1915 1225 1943 aﬁ'ectum
1245 1916 1316 1951 ejus,
1337 1917 1382 1951 qui
1402 1918 1522 1952 quaedam
1546 1918 1630 1946 fames
1649 1926 1702 1953 est,

923 1961 1003 1988 sistat
1023 1966 1050 1988 et
1074 1963 1210 1989 exsatiet?
1231 1963 1457 1997 quemadmodum
1481 1964 1611 1998 scriptum
1636 1971 1701 1994 est:

923 2006 1024 2034 Memor
1047 2007 1087 2042 [ui
1108 2008 1173 2039 Dei,
1201 2013 1224 2035 et
1247 2008 1388 2035 delectatus
1412 2017 1470 2035 sum
1492 2009 1525 2042 d;
1541 2010 1700 2038 etilerum:

923 2051 1009 2079 Sitivit
1025 2053 1053 2079 in
1070 2059 1093 2080 te
1107 2054 1195 2080 anima
1210 2062 1278 2086 mea,
1295 2063 1373 2089 quam
1389 2054 1566 2089 multipliciter
1577 2056 1623 2082 tibi
1638 2065 1701 2084 caro

921 2106 978 2125 mea
992 2103 1014 2124 δ.
1028 2097 1091 2126 Sitit
1105 2100 1192 2126 anima
1214 2107 1245 2126 ac
1260 2099 1388 2134 repletur,
1413 2105 1505 2134 utpote
1523 2101 1625 2127 habens
1638 2107 1700 2136 apta

923 2144 1092 2178 receptacula
1116 2145 1268 2172 divinarum
1289 2146 1484 2181 cogitationum
1509 2154 1516 2172 :
1540 2147 1599 2173 sitit
1622 2155 1698 2179 caro.

87 2188 148 2223 ἔχει,
160 2189 174 2214 ὸ
185 2187 214 2214 δὲ
227 2186 289 2218 νοῦς
303 2173 408 2222 πλὴρης
417 2187 530 2221 γίνεται,
542 2173 643 2218 οὗτινος
653 2173 686 2212 ἂν
696 2173 744 2212 καί
758 2185 868 2220 ἅψηται.

926 2189 968 2216 sed
995 2197 1075 2224 quam
1101 2190 1286 2225 multipliciter
1313 2196 1438 2226 respectu
1464 2192 1577 2224 animae;
1610 2200 1698 2227 neque

86 2232 188 2267 Ταύτης
206 2230 252 2258 οὖν
267 2232 317 2266 τῆς
337 2232 497 2267 πλησμονῆς
515 2232 618 2262 εἰκόνες
631 2231 699 2257 εἰσὶν
711 2231 738 2257 αἱ
757 2230 801 2257 διὰ
816 2230 870 2257 τῶν

85 2277 166 2311 λόγων
183 2277 350 2310 ἀποδείξεις,
371 2278 426 2308 τοῖς
449 2277 641 2312 ἐπιχειρήμασι
660 2275 867 2311 πλατυνόμεναι.

86 2320 138 2358 Τῆς
157 2322 186 2349 δὲ
209 2323 252 2349 ἀεὶ
279 2323 326 2349 καὶ
346 2321 476 2354 ὡσαύτως
503 2321 617 2356 ἐχούσης
639 2321 687 2348 καὶ
699 2320 868 2356 τεταγμένης

85 2367 148 2403 πρὸς
157 2366 192 2393 τὰ
207 2366 266 2393 Θεῖα
279 2366 378 2399 ἕξεως,
399 2365 440 2402 (οὺ
455 2366 509 2401 γὰρ
519 2366 617 2399 ἀταξία
628 2374 669 2397 τις
687 2366 786 2398 ἐκεῖσε,
808 2365 865 2391 ἀλλ’

85 2413 236 2449 ἐναρμόνιος
250 2412 315 2446 ἕξις,
336 2412 374 2443 ὡς
385 2412 429 2438 ἀεὶ
451 2411 516 2447 περὶ
531 2412 596 2438 αὐτὸ
608 2411 661 2438 τῶν
680 2410 758 2437 θείων
773 2409 865 2445 μενόν-

84 2468 152 2491 των,
170 2458 225 2485 τῶν
246 2458 388 2494 ἡμετέρων
407 2459 436 2485 ὲν
457 2459 576 2494 διηνεκεῖ
596 2458 645 2493 ῥοῇ
667 2455 863 2492 φαινομένων)

85 2505 179 2532 τούτων
192 2502 239 2532 οῦν
252 2504 306 2531 τῶν
318 2504 492 2539 τεταγμένων
501 2503 583 2536 ἕξεων
595 2502 700 2533 εἰκόνας
712 2502 761 2533 τὰς
770 2500 864 2528 ἐνθάδε

86 2551 174 2586 ἔχομεν
191 2550 291 2583 τάξεις,
302 2550 364 2581 τοὺς
379 2549 530 2585 ίερατικοὺς
542 2548 670 2584 βαθμοὺς,
681 2547 730 2579 τὰς
745 2547 860 2579 στάσεις,

86 2595 129 2627 τὰς
146 2595 358 2631 καθέδρας,ζτὰς
379 2594 484 2627 στολὰς,
503 2595 549 2621 καὶ
567 2594 595 2620 εἴ
608 2603 634 2620 τι
648 2592 859 2628 τοιουτότροπον,

87 2641 158 2676 αἴπερ
171 2641 221 2676 τὴν
232 2640 309 2673 τάξιν
323 2640 530 2676 ἀπαράλλακτον
545 2639 647 2674 ἔχουσι,
659 2639 707 2665 καὶ
722 2638 798 2668 τέλος
810 2637 861 2672 τῆς

92 2686 168 2722 Ἰησοῦ
186 2687 330 2722 μετουσίας
343 2687 392 2722 τὴν
406 2686 479 2713 θείαν
493 2685 657 2722 μετάληψιν,
675 2684 708 2719 ἢν
721 2683 768 2710 καὶ
778 2683 860 2717 εὐχα-

89 2732 180 2769 ριστίαν
200 2732 286 2766 λέγει,
297 2732 335 2764 ὡς
346 2732 393 2759 τοῦ
409 2732 510 2768 Κυρίου
521 2731 609 2767 ἡμῶν,
623 2731 703 2766 ἡνίκα
717 2728 858 2765 παρεδίδου

917 2234 990 2262 enim
1006 2235 1086 2263 habet
1096 2236 1274 2269 aptitudinem
1290 2238 1450 2271 recipiendi,
1465 2245 1525 2264 cum
1537 2240 1575 2265 sit
1587 2239 1698 2266 omnino

917 2285 1047 2307 extranea
1074 2281 1174 2308 divinis
1200 2286 1227 2308 et
1254 2281 1420 2316 spiritalibus
1444 2283 1696 2311 insinuatiouiltus:

916 2330 1079 2361 quapropter
1094 2331 1222 2361 tanquam
1237 2334 1332 2362 egena,
1350 2327 1481 2355 intentum
1494 2335 1600 2362 semper
1615 2329 1698 2356 habet

914 2374 1077 2407 appetitum,
1101 2380 1176 2400 mens
1205 2378 1294 2400 autem
1319 2381 1425 2408 semper
1449 2373 1527 2408 plena
1562 2379 1603 2401 est
1636 2375 1696 2409 ejus

916 2419 987 2452 quod
1017 2418 1204 2452 apprehendit.
1242 2418 1327 2454 Hujus
1359 2426 1424 2454 ergo
1457 2420 1591 2448 satietatis
1626 2421 1696 2449 ima-

915 2464 992 2499 gines
1018 2468 1096 2496 sunt,
1123 2471 1277 2491 sermonum
1304 2465 1548 2493 demonstrationes
1580 2466 1694 2494 rationi-

914 2509 965 2537 bus
977 2509 1196 2537 dilatatamPorro
1206 2509 1264 2544 ejus
1275 2517 1334 2544 qua}
1347 2518 1453 2544 semper
1462 2515 1488 2538 et
1501 2512 1595 2539 eodem
1613 2513 1692 2540 modo

914 2561 943 2582 se
958 2555 1038 2582 habet
1052 2560 1124 2582 recte
1145 2555 1178 2582 ad
1191 2555 1297 2582 divinas
1319 2562 1362 2582 res
1384 2556 1514 2583 ordinatae
1528 2556 1693 2584 habitudinis

913 2600 996 2635 (nulla
1011 2601 1082 2628 enim
1098 2600 1133 2628 ibi
1148 2601 1330 2633 inordinalio,
1353 2601 1401 2628 sed
1423 2602 1534 2629 omnino
1556 2602 1691 2630 concinna

913 2647 1084 2677 constitutio.
1098 2647 1199 2681 quippe
1212 2647 1284 2673 circa
1297 2646 1366 2674 idem
1381 2654 1488 2682 semper
1497 2647 1595 2675 divinis
1610 2648 1691 2676 rebus

913 2692 1096 2722 manentibus.
1113 2692 1245 2726 nobisque
1264 2693 1375 2726 perenni
1387 2692 1460 2719 ﬁnxu
1473 2694 1688 2728 apparentibus),

912 2740 1018 2772 harum,
1032 2739 1152 2773 inquam,
1165 2739 1350 2766 ordinaturum
1360 2739 1545 2766 habitutlinum
1557 2739 1689 2774 imagines

123 2825 134 2839 ι
151 2818 221 2846 Phil.
241 2827 283 2856 In,
300 2819 344 2847 15.
383 2818 397 2839 ιι
416 2818 501 2847 Exod.
518 2826 580 2846 xxv.
596 2817 639 2846 40.
661 2822 671 2837 π
687 2817 696 2844 Ι
713 2816 770 2845 Cor.
792 2824 850 2845 xm.
866 2817 870 2844 l

946 2815 959 2835 ά
977 2815 1047 2843 Psal.
1062 2823 1156 2844 Lxxvt.
1171 2815 1196 2842 4.
1237 2821 1249 2835 ο
1266 2815 1334 2843 Psal.
1358 2823 1426 2842 an.
1439 2816 1466 2844 2.
