1925 3070
85 166 134 196 {37

546 165 595 193 -ΒΕ
611 163 773 194 ωειεδτι
793 161 1018 195 HIERARCIIIA,
1038 161 1117 190 CAP.
1135 161 1166 190 ll.

1654 161 1701 189 £53

84 225 224 262 ματίζουσι
239 225 430 262 διακοσμήσεις
443 226 471 252 αἱ
492 226 546 253 τῶν
561 225 658 260 λογίων
683 224 865 260 ἱερογραφίαι,

923 223 1018 258 quibus
1044 221 1139 250 formis
1163 221 1249 249 sacris
1265 221 1393 249 caelestes
1419 221 1487 249 istos
1509 220 1621 248 ordines
1644 219 1702 247 elo—

82 273 128 300 καὶ
140 272 209 308 πρὸς
232 272 311 299 ποίαν
327 271 476 307 ἀναχθῆναι
492 272 545 307 χρὴ
561 271 606 298 διὰ
627 270 682 297 τῶν
699 270 866 305 πλασμάτων

82 317 218 353 ἁπλότητα
230 318 262 351 ⁸⁸,
277 318 350 349 ὅπως
366 317 403 353 μὴ
418 317 465 344 καὶ
484 317 566 352 ἡμεῖς
576 316 705 348 ὡσαύτως
718 317 777 348 τοῖς
803 315 867 342 πολ-

83 361 137 394 λοῖς
150 362 267 398 ἀνιέρως
291 361 422 398 οἰώμεθα,
438 363 502 393 τοὺς
517 361 659 397 οὐρανίους
679 361 725 388 καλ¹
741 360 867 393 Θεοειδεῖς

84 409 106 425 ³⁸
117 408 176 440 νόας
188 408 340 440 πολύποδας
362 405 430 434 εἷναί
455 416 531 439 τινας
557 407 603 434 καὶ
627 405 866 442 πολυπροσώπους,

85 453 213 489 καὶπρὸς
235 453 304 489 βοῶν
326 453 500 489 κτηνωδείαν,
518 453 534 488 ἢ
557 452 625 489 πρὸς
648 452 761 479 λεόντων
787 451 868 487 θηρο-

86 500 200 535 μορφίαν
222 500 244 521 ³⁷
261 499 478 535 τετυπωμένους,
502 500 548 527 καὶ
574 498 643 535 πρὸς
668 499 754 526 ἀετῶν
781 499 867 534 ἀγκυ-

84 544 201 580 λόχειλον
208 544 231 560 ³³
244 543 323 577 εἶδος,
337 545 354 582 ἢ
369 544 437 581 πρὸς
445 545 553 580 πτηνῶν
565 544 684 582 τριχώδη
700 545 868 580 πτεροφυῖαν

83 590 340 626 διαπεπλασμένους,
359 592 406 618 καὶ
418 591 530 627 τροχούς
549 600 627 623 τινας
643 591 776 627 πυρώδεις
797 591 868 627 ὑπὲρ

84 635 128 663 τὸν
143 635 256 672 οὐρανὸν
276 635 484 672 φανταζὼμεθα,
509 636 556 663 καὶ
576 635 687 672 θρόνους
706 635 815 667 ὑλαίους
833 636 867 671 τῇ

85 681 198 718 θεαρχίᾳ
228 682 295 718 πρὸς
319 682 468 718 ἀνάκλησιν
493 681 671 718 ἐπιτηδείους.
698 681 746 708 καὶ
769 681 870 713 ἵππους

84 727 160 759 τινὰς
178 727 416 764 πολυχρωμάτους,
430 728 478 756 καὶ
498 728 663 765 δορυφόρους
682 728 868 764 ἀρχιστρατή-

84 782 158 807 γους,
174 773 221 800 καὶ
236 775 286 801 ὅσα
296 775 364 802 ἀλλα
380 775 448 810 πρὸς
469 773 522 801 τῶν
532 773 628 808 λογίων
659 774 725 810 ἡμῖν
745 773 870 810 ἱεροπλά-

85 825 153 850 στως
167 820 195 845 ὲν
208 819 327 855 ποικιλίᾳ
341 820 396 847 τῶν
410 819 612 856 ὲκφαντορικῶν
627 819 766 855 συμϐόλων
780 828 869 855 παρα-

918 268 1045 304 quiorum
1072 277 1160 298 sacrae
1185 269 1323 297 delineent
1349 269 1558 303 descriptiones,
1579 275 1629 295 nec
1647 274 1701 294 non

917 315 950 342 ad
964 314 1072 349 qualem
1090 314 1185 342 adduci
1202 314 1299 342 deceat
1314 321 1362 349 per
1389 314 1491 341 formas
1513 314 1580 341 istas
1598 313 1700 348 simpli-

918 361 1039 394 citatem,
1056 369 1092 388 ne
1116 366 1145 388 et
1169 368 1229 394 nos,
1246 368 1321 387 more
1345 361 1429 396 vulgi.
1448 360 1581 394 sacrilege
1606 360 1702 394 opine-

919 415 990 440 mur.
1001 407 1130 435 cwlestes
1146 407 1209 435 illas
1221 414 1252 434 ac
1261 407 1405 434 deiiormes
1421 406 1626 441 intelligentius.
1636 406 1704 432 mul-

920 453 1024 488 tipedes
1040 453 1171 488 quasdam
1185 460 1246 480 esse
1260 460 1292 479 ac
1317 451 1507 482 multiformes.
1533 459 1582 479 nec
1600 459 1654 478 non
1670 450 1704 477 ad

918 501 999 528 bomn
1035 501 1176 535 pecuinam
1205 500 1228 532 τ,
1255 498 1404 527 ferinamve
1427 498 1535 525 leonum
1579 503 1703 525 naturam

918 545 1086 578 eﬂ'ormatas,
1102 550 1129 573 et
1145 542 1178 573 ad
1202 545 1354 581 aquilarum
1376 544 1452 572 curvi
1476 543 1556 571 rostri
1571 543 1703 578 speciem.

918 591 962 619 vel
977 591 1009 618 ad
1023 591 1166 618 volucrum
1184 591 1319 618 hirsutam
1345 590 1571 626 plumescentiam
1587 588 1701 620 eﬂictas.

919 641 1047 672 rotasque
1056 637 1164 673 aliquas
1175 638 1274 673 ignitus
1285 644 1365 672 supra
1374 636 1474 664 cmlum
1488 635 1670 671 imaginentur
1679 636 1702 668 Β,

919 690 951 710 ac
962 683 1040 711 sedes
1052 684 1217 717 materiatas,
1233 683 1287 710 Dco
1299 683 1409 710 deorum
1428 682 1461 708 ad
1478 682 1703 709 discumbendum

920 729 1151 760 accommodatas,
1174 733 1202 756 et
1220 729 1349 763 quosdam
1371 735 1458 762 equos
1475 727 1661 756 multicolores
1676 728 1704 758 ιι,

920 775 1097 809 hastatosque
1115 775 1198 802 duces
1217 775 1355 802 exercitus
1374 775 1396 806 ἱ,
1412 779 1438 801 et
1466 781 1636 808 qua‘cunque
1652 773 1704 800 alia

921 820 999 847 nobis
1014 821 1048 847 ab
1071 820 1186 855 eloquiis
1201 821 1310 848 fictione
1331 820 1450 854 (Iliadam
1473 827 1562 852 sacra,
1575 819 1704 854 explana-

84 863 196 892 δέδοται.
207 864 262 893 Καὶ
277 865 331 902 γὰρ
340 865 460 901 ἀτεχνῶς
474 866 491 901 ὴ
503 865 627 900 θεολογία
642 866 702 897 ταῖς
715 866 870 901 ποιητικαῖς

928 866 1062 893 toriorum
1097 866 1229 893 varietate
1259 866 1398 900 signorum
1435 869 1500 892 sunt
1531 865 1703 899 transcripta.

87 898 288 946 ιεροπλαστίαις
308 898 355 938 ἐπὶ
368 898 422 938 τῶν
439 898 649 947 ἀσγηματίστων
667 911 735 938 νοῶν
755 898 777 927 "-
790 911 870 946 ἐχρή-

929 911 1076 938 Enimvero
1099 911 1191 946 palam
1223 898 1358 946 theologia
1390 910 1504 945 poeticis
1531 910 1583 945 12
1608 898 1703 937 sancte.

85 965 159 989 cato,
174 958 220 984 τὸν
234 957 293 984 καθ’
307 957 435 993 ἡμᾶς,ὼς
442 957 558 993 εἴρηται,
572 957 634 984 νοῦν
646 956 868 992 ἀνασκεψαμένη,

85 1001 193 1037 καὶτῆς
205 1002 307 1034 οἰκείας
323 1002 397 1038 αὐτῷ
416 1003 463 1030 καὶ
480 1001 620 1039 συμφυοῦς
639 1003 783 1038 ἀναγωγῆς
804 1009 871 1038 προ-

85 1048 217 1083 νοήσασα,
239 1050 286 1076 καὶ
302 1049 370 1086 πρὸς
381 1049 462 1077 αὑτὸν
475 1049 654 1077 ἀνα-πλάσασα
670 1049 720 1081 τὰς
734 1050 871 1085 ἀναγωγι-

85 1091 137 1124 κάς
149 1093 336 1129 ἱερογραφὴς.

921 956 1090 989 ﬁctionibus.
1113 957 1139 984 in
1151 957 1309 985 carentibus
1334 957 1418 991 ﬂgura
1435 956 1570 983 mentibus
1582 964 1630 983 usa
1652 962 1704 987 est.

923 1002 957 1030 ad
970 1007 1103 1035 nostrum,
1115 1002 1154 1030 uti
1166 1003 1265 1031 dictum
1279 1008 1332 1034 est,
1350 1002 1516 1029 intellectum
1528 1001 1707 1033 attendendu.

927 1055 979 1075 nec
990 1055 1042 1075 non
1055 1048 1191 1084 propriam
1206 1049 1256 1083 ipsi
1278 1054 1305 1075 et
1321 1047 1526 1075 connaturalem
1542 1048 1576 1075 ad
1587 1054 1702 1082 superna

923 1093 1065 1121 transitum
1080 1093 1255 1128 providendoI
1272 1099 1300 1122 et
1314 1094 1347 1121 ad
1363 1093 1489 1120 eumdem
1501 1093 1705 1120 accommodate

922 1146 1018 1168 sacras
1032 1139 1189 1173 Scripturas
1198 1140 1364 1174 anagogicas
1375 1139 1530 1174 eﬂigiando.

855 1218 869 1255 ε
888 1217 930 1247 ιι.

121 1296 153 1325 El.
168 1296 197 1324 δέ
210 1305 249 1332 τῳ
259 1296 332 1323 δοκεῖ
358 1297 408 1330 τὰς
423 1297 471 1333 μὲν
487 1297 562 1334 ίερὰς
578 1298 758 1333 ἀποδέχεσθαι
775 1298 870 1325 συνθέ-

87 1351 153 1375 σεις,
177 1343 215 1374 ὡς
232 1343 286 1369 τῶν
308 1343 402 1370 ἁπλῶν
417 1344 459 1378 ἐφ’
486 1344 591 1372 ἑαυτῶν
611 1343 757 1379 ἀγνώστων
777 1352 806 1370 τε
824 1344 872 1371 καὶ

85 1388 249 1424 ἀθεωρήτων
264 1389 330 1424 ἡμῖν
341 1389 526 1425 ὑπαρχόντωψ
541 1389 767 1426 ἀπεμφαινούσας
777 1390 806 1416 δὲ
817 1389 872 1416 οἴε-

85 1440 130 1461 ται
138 1433 186 1465 τὰς
194 1433 248 1460 τῶν
256 1434 340 1468 ἁγίων
347 1434 413 1461 νόων
422 1435 450 1461 ὲν
458 1435 512 1466 τοῖς
520 1434 618 1470 λογίοις
626 1434 831 1470 είκονογραφίας
837 1435 870 1467 ⁵⁸,

86 1481 133 1508 καὶ
157 1481 258 1512 πᾶσαν,
279 1480 317 1512 ὡς
334 1480 431 1512 είπῖν,
455 1481 504 1516 τὴν
531 1480 668 1516 ἀπότομον
695 1480 796 1516 ταύτην
816 1481 871 1508 τῶν

85 1526 239 1561 ἀγγελικῶν
255 1526 392 1562 ὀνομάτων
407 1528 525 1564 σκηνήν·
546 1527 592 1554 καὶ
608 1527 707 1564 χρῆναι
725 1536 791 1564 φησι
809 1528 873 1560 τοὺς

85 1571 228 1606 θεολόγους
252 1572 297 1599 ἐπὶ
321 1573 523 1608 σωματοποιΐαν
544 1574 612 1605 ὅλως
633 1573 688 1600 τῶν
719 1574 872 1609 ἀσωμάτων

85 1617 259 1653 ἐληλυθότας,
279 1618 389 1650 οίκείοις
405 1618 471 1646 αὐτὸ
498 1617 519 1634 ⁵¹
537 1618 584 1646 καὶ
595 1617 633 1650 ὡς
647 1619 756 1646 δυνατὸν
775 1627 873 1654 συγγε-

85 1663 159 1690 νέσιν
178 1663 358 1690 ἀναπλάττειν
381 1672 412 1690 τε
437 1664 484 1691 καὶ
503 1663 640 1699 ἐκφαίνειν
661 1665 870 1700 σχηματισμοῖς,

85 1708 119 1734 ὲκ
133 1707 188 1735 τῶν
204 1708 269 1744 παρ’
285 1709 350 1744 ἡμῖν
373 1709 543 1744 τιμιωτάτων
565 1708 611 1736 καὶ
632 1709 720 1736 ἀΰλων
745 1709 835 1741 ποσῶς
849 1709 873 1726 ⁵³

86 1754 134 1780 καὶ
151 1755 355 1790 ὑπερκειμένων
368 1754 477 1787 οὐσιῶν,
491 1755 537 1782 καὶ
553 1755 590 1791 μὴ
603 1757 663 1788 ταῖς
676 1755 816 1791 οὐρανίαις
826 1756 873 1782 καὶ

85 1798 231 1826 θεοειδέσιν
245 1800 376 1835 ἁπλότησι
392 1799 441 1832 τὰς
456 1800 503 1827 ἐπὶ
518 1800 571 1836 γῆς
584 1801 700 1836 ἐσχάτας
717 1801 872 1838 περιτεθέν-

84 1853 135 1877 τας
152 1845 175 1861 ⁸³
192 1845 388 1881 πολυμορφίας.
404 1846 441 1873 Τὸ
454 1846 502 1882 μὲν
517 1846 570 1883 γὰρ
593 1846 672 1883 ἡμῶν
691 1855 720 1873 τε
737 1847 873 1881 ἀναγωγι-

85 1890 206 1926 κύντερον
222 1891 333 1927 ἔμελλεν
348 1890 428 1925 εἶναι,
438 1892 486 1919 καὶ
501 1892 550 1924 τὰς
558 1892 758 1929 ὑπερκοσμίους
773 1894 873 1928 ἐκφαν-

84 1937 179 1972 ¹εορίας
194 1937 225 1963 οὐ
240 1937 357 1973 κατῆγεν
366 1938 406 1969 είς
419 1937 468 1970 τὰς
483 1938 708 1973 ἀπεμφαινούσας
719 1939 874 1975 ἀνομοιότη-

84 1990 150 2014 τας·
168 1983 199 2010 τὸ
213 1983 252 2015 δὲ,
273 1983 320 2010 καὶ
340 1983 380 2016 εἰς
401 1983 450 2016 τὰς
466 1983 539 2016 θείας
553 1983 679 2020 ἀθέσμως
691 1984 874 2021 ὲξυδρίζειν⁸⁸

87 2027 228 2063 δυνάμεις,
253 2028 300 2055 καὶ
317 2029 361 2055 τὸν
377 2029 510 2065 ἡμέτερον
533 2029 598 2062 ἴσως
614 2030 771 2066 ἀποπλανᾷν
799 2031 872 2064 νοῦν,

86 2074 128 2105 είς
141 2073 191 2106 τὰς
204 2074 328 2110 ἀνιέρους
339 2075 428 2102 αὐτῶν
444 2075 564 2108 ὲνιζάνον
581 2076 727 2109 συνθέσεις·
742 2078 788 2105 καὶ
804 2079 874 2114 τάχα

86 2120 135 2146 καὶ
153 2121 285 2156 οἰήσεται,
301 2121 336 2148 τὰ
357 2121 539 2158 ὑπερουράνια
561 2121 700 2150 λεοντείων
723 2124 805 2151 τινῶν
827 2125 874 2152 καὶ

88 2164 206 2191 ἱππείων
229 2165 320 2200 ἐσμῶν
346 2166 607 2202 ἀποπεπληρῶσθαι,
632 2167 679 2194 καὶ
717 2168 874 2203 μ,υκητικῆς

86 2210 259 2245 ὑμνολογίας,
275 2213 322 2238 καὶ
340 2211 474 2248 ὀρνιθείας
495 2212 661 2248 ἀγελαρχίας
676 2213 710 2245 ⁵⁸,
727 2214 774 2240 καί
796 2214 873 2246 ζώων

86 2254 175 2281 ἄλλων
191 2256 238 2282 καὶ
257 2256 326 2283 ὑλῶν
339 2257 519 2292 ἀτιμοτέρων,
528 2257 579 2285 ὅσα
591 2257 658 2293 πρὸς
673 2258 703 2285 τὺ
716 2259 815 2285 ἄτοπον
827 2259 874 2286 καὶ

86 2299 165 2326 νόθον
188 2301 234 2327 καὶ
252 2301 373 2336 ἐμπαθὲς
390 2301 576 2329 ἀποκλιθεῐσαι
599 2302 622 2319 ⁸⁸
638 2303 831 2339 διαγράφουσιν
845 2305 873 2331 ai

86 2346 160 2374 κατά
177 2347 229 2373 πᾶν
251 2347 370 2382 ἀνόμοιοι
386 2347 440 2375 τῶν
461 2348 539 2384 δῆθεν
560 2349 762 2385 ὲκφαντορικῶν
776 2350 873 2384 λογίων

959 1299 1037 1332 Quod
1051 1300 1075 1327 si
1088 1299 1131 1327 cui
1145 1300 1287 1327 videantur
1300 1307 1384 1328 sacrm
1397 1299 1505 1335 quidem
1526 1300 1707 1334 approbandze

924 1345 1147 1379 compositiones,
1164 1346 1234 1380 quod
1260 1353 1306 1373 res
1318 1346 1457 1380 simplices
1471 1346 1568 1380 seipsis
1595 1346 1706 1381 ignotm,

925 1391 1004 1419 nobis
1025 1396 1051 1419 et
1071 1391 1218 1420 invisibiles
1242 1392 1394 1424 exsistant;
1413 1392 1562 1420 dissimiles
1584 1392 1707 1427 profecto

924 1442 986 1463 esse
998 1435 1068 1463 sciat
1083 1440 1240 1463 sanctarum
1256 1436 1387 1463 mentium
1409 1436 1436 1464 in
1451 1436 1566 1471 eloquiis
1585 1437 1707 1465 delinea-

927 1479 1025 1512 tiones,
1036 1487 1087 1506 nec
1100 1486 1154 1507 non
1170 1486 1277 1506 omnem
1292 1479 1363 1507 hanc
1375 1479 1467 1507 rudem
1478 1479 1622 1514 quamdam
1634 1487 1706 1510 esse.

924 1529 955 1553 ut
969 1525 1007 1553 ita
1031 1525 1134 1558 dicam,
1151 1525 1291 1552 nominum
1314 1525 1499 1560 angelicorum
1525 1525 1705 1553 inumbratio—

923 1580 997 1601 nem.
1011 1572 1081 1599 Sunt
1101 1576 1130 1599 et
1142 1572 1187 1606 qui
1200 1571 1305 1604 dicunt,
1322 1571 1466 1607 theologos
1491 1577 1626 1606 oportere,
1643 1573 1707 1599 dum

922 1617 956 1645 ad
979 1618 1091 1645 omnino
1116 1618 1341 1652 incorporearum
1370 1625 1460 1645 rerum
1484 1619 1704 1653 corporationem

922 1662 1044 1694 veniunt,
1070 1662 1188 1697 propriis
1205 1662 1277 1696 illas,
1292 1667 1321 1690 et
1348 1663 1438 1697 quoad
1461 1663 1518 1690 tleri
1543 1667 1642 1696 potest,
1657 1670 1708 1690 co-

923 1708 1013 1743 gnatis
1038 1708 1183 1736 eiformarc
1196 1712 1278 1744 atque
1292 1708 1430 1744 explicare
1449 1709 1593 1743 speciebus
1611 1716 1705 1736 earum

923 1761 982 1789 quae
999 1754 1069 1789 apud
1085 1762 1135 1782 nos
1150 1759 1212 1782 sunt
1224 1755 1522 1789 praestantissimarum,
1539 1760 1567 1782 et
1581 1762 1614 1782 ex
1631 1760 1707 1790 parte

924 1798 1144 1827 immaterialium
1157 1807 1188 1827 ac
1203 1800 1455 1828 transcendentium
1471 1800 1684 1827 substantiarum
1697 1809 1704 1832 ;

924 1849 952 1872 et
967 1852 1138 1880 nequaquam
1150 1846 1308 1873 cmlestibus
1323 1854 1355 1874 ac
1368 1845 1549 1874 deiformibus
1573 1847 1706 1882 simplici-

925 1890 1038 1923 tatibus,
1055 1895 1179 1918 terrenas
1195 1891 1255 1919 illas
1281 1891 1388 1919 intimas
1416 1892 1589 1920 circumdare
1612 1893 1706 1920 multi-

924 1935 1088 1964 formitatcs.
1106 1937 1248 1972 Siquidem
1263 1937 1289 1965 id
1316 1941 1418 1965 nostra:
1443 1938 1529 1972 magis
1541 1938 1624 1965 etiam
1642 1946 1708 1965 con-

924 1983 1047 2011 duxisset
1063 1983 1258 2017 sublimationi,
1283 1991 1372 2019 neque
1402 1983 1637 2019 snpermuudiales
1659 1991 1708 2011 ex-

924 2030 1097 2064 planationes
1119 2030 1152 2057 ad
1167 2029 1332 2064 incongrnas
1352 2029 1587 2057 dissimilitudines
1602 2030 1707 2065 coegis-

923 2080 986 2104 set:
1001 2076 1055 2104 hoc
1072 2081 1162 2103 autem
1179 2079 1207 2103 et
1223 2075 1328 2102 divinas
1342 2075 1457 2103 nefande
1479 2075 1594 2103 virtutes
1608 2075 1706 2108 elevat,

925 2126 1007 2157 atque
1016 2127 1140 2149 nostrum
1151 2121 1254 2156 pariter
1265 2128 1359 2148 errare
1371 2121 1438 2148 facit
1449 2121 1627 2154 intellectum,
1641 2122 1702 2149 dum

927 2167 1072 2194 immundis
1088 2167 1148 2195 istis
1162 2166 1274 2194 inhaeret
1286 2167 1529 2202 compositionibus
1541 2176 1548 2182 ·
1567 2173 1594 2194 et
1605 2168 1706 2195 fortas—

925 2214 963 2241 sis
976 2213 1058 2241 etiam
1084 2213 1202 2247 putabit,
1227 2213 1432 2247 supercwlestia
1447 2213 1564 2240 leoninis
1590 2213 1701 2248 quibus-

927 2259 988 2287 dam
1002 2265 1029 2286 et
1046 2260 1156 2294 equinis
1178 2259 1349 2286 examinibus
1372 2258 1470 2286 referta
1500 2266 1574 2292 esse,
1592 2266 1641 2287 nec
1654 2266 1706 2286 n0n

925 2304 1032 2340 mugitu
1057 2305 1234 2332 reboantibus
1258 2304 1367 2331 laudum
1387 2304 1515 2335 canticis.
1538 2307 1566 2332 et
1588 2304 1707 2332 avicula-

925 2351 997 2378 rium
1021 2358 1133 2386 gregum
1159 2350 1342 2385 praefecturis.
1365 2350 1481 2384 aliisque
1500 2350 1663 2378 animalibus
1676 2357 1707 2377 ac

136 2431 146 2450 ί
160 2435 257 2478 ίῐιιειιιιιἒ
272 2436 330 2469 ι,“Ι.
370 2437 383 2457 ι
397 2437 466 2464 Dan.
481 2445 532 2470 vn,
546 2438 573 2465 9.
612 2439 625 2458 ιι
642 2438 726 2466 Zach.
743 2446 762 2470 ι,
775 2438 803 2465 8.
844 2440 851 2458 i
869 2439 870 2465 ζ

923 2438 988 2467 lach.
1002 2446 1044 2472 ιιι,
1057 2438 1093 2468 26
1108 2447 1114 2472 ;
1130 2437 1213 2466 Josue
1228 2447 1255 2471 v,
1270 2439 1312 2466 15.

722 2515 840 2544 VARUS
858 2515 1062 2545 LECTIONES.

123 2591 146 2608 ³⁸
161 2591 196 2618 Ii.
212 2591 413 2631 ῥιπλαστότῃτα.
429 2594 530 2631 Scottis
547 2595 624 2622 vertit
641 2594 799 2631 Veritatem.
842 2595 865 2612 ³⁸
893 2596 1110 2631 coniunctionem
1128 2597 1175 2623 καί
1194 2603 1247 2622 non
1264 2595 1345 2623 habet
1359 2594 1409 2631 Ch.
1429 2598 1604 2631 necrveteres
1625 2595 1708 2622 inter-

84 2633 199 2671 pretes?
212 2627 277 2671 igitur
292 2627 407 2671 red-dunt
425 2630 636 2671 _xal.'i_l_ao§t§eiq.
685 2629 706 2646 ³⁷
726 2631 757 2658 ι).
825 2627 1033 2671 θηριομορφίαν.

1084 2631 1106 2646 ³⁸
1128 2631 1155 2657 in
1169 2631 1356 2658 vetustissimo
1375 2630 1492 2657 Memmii
1518 2631 1708 2664 corrigebatur

83 2661 298 2697 ἀγκυλοχείλων.
311 2697 316 2703 _
336 2662 481 2703 δῖνοι-[ειη
495 2665 556 2703 |_i_bri
574 2666 599 2703 in
613 2661 725 2703 accentu
745 2665 824 2703 νοῶν,
838 2661 949 2703 quidam
963 2661 1046 2698 enim.
1062 2671 1090 2693 ut
1099 2665 1155 2703 βίη.
1172 2670 1200 2693 et
1223 2666 1267 2703 υτ,
1281 2665 1349 2692 νόων
1363 2665 1494 2703 scriptum
1511 2661 1708 2703 habelit.‘i3u_t_l.

84 2704 134 2733 sua
157 2704 239 2733 ntanu
264 2699 374 2731 scripsit
393 2699 470 2726 νοῶν.
501 2700 591 2727 Semel
613 2701 664 2728 hoc
688 2702 826 2729 monuisse
847 2699 982 2733 sufﬁciat;
1008 2710 1070 2729 nam
1096 2700 1224 2732 frequens
1245 2701 1296 2726 hoc
1316 2701 1429 2727 verbum
1451 2700 1582 2727 occurrit.
1627 2699 1651 2716 δ’
1670 2699 1705 2726 Μ.

85 2731 265 2769 ξςρογραφίεις
277 2751 285 2763 ,
303 2733 345 2758 cui
362 2732 469 2769 lectioni
489 2734 586 2762 Scotus
599 2735 783 2769 ,astipulatur.

846 2737 868 2753 δι
884 2736 992 2769 αὐτούς,
1009 2737 1041 2765 D.
1062 2740 1093 2763 ut
1120 2736 1153 2761 ad
1185 2734 1326 2769 θεολόγους
1354 2734 1497 2761 referatur.

1548 2733 1571 2750 “
1585 2733 1619 2761 Μ.
1637 2733 1707 2765 πῶς.

83 2765 172 2808 trgi;
186 2771 213 2793 et
229 2766 259 2793 Ι).
275 2767 451 2808 περιτιθέναι.
466 2804 471 2808 _
488 2770 520 2808 “_
532 2770 568 2808 D._
578 2765 727 2808 ἐξυϐρίζει.
744 2770 781 2808 Μ,
799 2771 849 2808 οὐκ
866 2765 1017 2808 ἐξυῇριζέιν
1042 2792 1051 2805 ,
1072 2775 1099 2808 et
1117 2771 1168 2796 οὐκ
1183 2765 1352 2808 ἀποπλανᾷν.
1364 2770 1460 2808 _Bu_d:£i
1478 2769 1563 2796 codex
1580 2770 1632 2808 οὐκ
1646 2768 1707 2808 ἐξυ-

84 2800 199 2842 ϐρίζειν,
217 2801 290 2835 quod
295 2800 352 2842 ille
365 2804 485 2832 correxit
491 2804 544 2842 οὐκ
560 2800 695 2842 ὲξόὸρίζέ,
713 2811 740 2834 et
751 2806 802 2833 οὐκ
818 2800 973 2834 ἀπετὲλᾶναῖ
989 2807 1027 2834 lta
1043 2800 1125 2842 habet
1143 2809 1175 2842 et
1186 2805 1216 2833 S.
1241 2805 1272 2842 if.
1288 2800 1321 2842 in'
1330 2804 1415 2842 priori
1424 2839 1429 2842 _
1441 2808 1519 2838 parte
1547 2811 1599 2842 non
1626 2800 1707 2842 habet

84 2835 269 2876 nfgationem.
295 2835 394 2866 Scottis
411 2840 566 2875 negationes
576 2835 668 2874 vertit;
682 2835 851 2869 Sarracenos
866 2843 979 2870 omittit.
1018 2842 1040 2858 "
1056 2841 1091 2869 Μ.
1105 2835 1473 2875 ὁρνιθητικῆς.0.’ὀρνιθίάς.

83 2870 219 2906 κλιθῆναι.

246 2916 383 2946 ΡΑτιιυι..
408 2916 465 2946 Gn.
485 2917 539 2947 lli.

1535 2839 1558 2855 “‘
1573 2847 1619 2874 γρ.
1637 2839 1698 2865 ἀπο.

1527 2920 1547 2950 ὅ
