1925 3070
234 163 283 192 159

815 164 842 193 S.
861 164 1009 193 DIONYSII
1026 165 1256 195 AREOPAGITAE

1797 169 1842 197 1ιο

231 219 372 248 vilioribus
389 220 520 254 materiis,
533 228 601 253 quas
625 221 659 249 ad
674 222 870 250 absurditatem
889 227 915 250 et
931 230 1002 258 spur.

1064 224 1229 259 ὁμοιότητες.
1254 224 1321 251 Ἀλλ’
1339 225 1355 259 ἠ
1384 226 1403 240 ⁸⁷
1420 226 1468 260 τῆς
1481 223 1607 261 ἀληθείας
1633 225 1671 256 ὡς
1691 224 1775 262 οἶμαι,
1795 226 1842 262 ζή-

230 266 333 298 citiam.
348 274 381 293 ac
397 268 550 302 passionem
565 268 752 302 provocando,
773 275 822 302 per
841 270 934 296 omnia
958 269 1014 296 dis-

230 312 333 339 similes
350 312 515 346 ejnscemodi
537 313 732 340 elucidantium
747 313 920 349 eloquiorum
936 314 1013 341 simi-

229 357 359 384 litudines
371 358 539 385 describunt.
555 357 687 386 Veritatis
703 363 806 391 tamen,
821 360 859 386 uti
882 368 953 391 reor.
968 361 1012 387 in—

230 401 339 436 dagatio
376 403 547 430 demenstrat
591 404 808 431 sacratissimam
839 404 1011 440 eloquiorum

229 447 404 481 sapientiam,
421 448 447 474 in
470 448 620 477 caelestium
653 450 838 478 ellictionibus
859 452 1012 487 intelligen-

229 493 339 526 tiarum,
355 499 497 529 utrumque
522 495 674 523 luculenter
698 497 859 530 providisse,
877 502 1006 532 utneque

227 539 343 567 virtutes
356 540 454 568 divina:
472 541 512 574 (ut
529 542 563 568 ita
576 542 637 576 quis
657 542 768 578 dixerit)
782 545 1011 572 contumeliosius

182 584 190 595 '
227 589 458 618 extenuarentnr;
488 595 576 622 neque
601 595 650 615 nos
673 588 748 615 humi
773 590 929 624 repentibus
945 590 1012 617 ima-

227 631 318 663 ginum
345 632 496 659 vilitalibus
519 633 640 661 tenacius
666 634 846 669 aﬁigeremur.
864 634 1009 669 Caeterum,

227 685 276 704 cur
295 678 392 704 merito
424 679 508 713 ﬁgura
542 681 695 708 carentibus
731 682 833 717 ﬁgurae.
862 687 890 710 et
911 682 1010 717 efﬁgies

226 722 376 757 ineiligiatis
393 723 474 751 rebus
492 725 616 753 obducta:
640 726 750 760 fuerint,
765 735 819 755 non
837 729 923 756 solum
947 737 1010 756 cau-

226 776 282 795 sam
296 769 395 796 dixerit
413 770 474 805 quis
485 778 545 798 esse
562 778 680 800 nostram
695 774 908 802 imbecillitatem
930 795 937 808 ,
951 783 1010 810 quae

225 815 318 849 nequit
334 816 487 843 immediate
505 818 671 852 spiritalibus
684 819 826 848 intendere
839 822 1009 857 contempla-

225 860 354 892 tionihus.
384 862 540 898 indigetque
570 865 688 899 propriis
714 874 747 893 ac
771 868 1007 900 connaturalibus.

1063 277 1141 304 τησις
1168 270 1340 297 ἀποδείκνυσι
1365 271 1415 307 τὴν
1435 270 1490 298 τῶν
1511 270 1607 305 λογίων
1631 271 1779 307 ἱερωτάτην
1801 276 1842 298 σο-

1064 315 1136 349 φίαν,
1154 317 1182 342 ὲν
1202 318 1261 348 ταῖς
1277 317 1332 343 τῶν
1347 316 1478 352 οὐρανίων
1493 317 1560 343 νὸων
1582 317 1762 352 μορφώσεσιν,
1779 317 1842 343 ἐκα-

1062 363 1140 398 τέρου
1155 363 1250 399 κομιδῇ
1268 364 1464 399 προνοήσασαν,
1480 363 1518 393 ὡς
1543 365 1610 399 μήτε
1632 364 1672 395 είς
1691 363 1739 395 τὰς
1760 363 1841 396 Θείας,

1062 408 1100 440 ὡς
1116 408 1148 435 ἂν
1163 408 1228 444 φαίη
1242 417 1293 440 τις,
1307 409 1444 444 ἐξυϐρίσαι
1458 409 1595 444 δυνάμεις,
1618 410 1686 444 μήτε
1702 409 1754 444 μὴν
1772 409 1843 444 ἡμᾶς

1062 455 1102 486 εἰς
1116 455 1164 486 τὰς
1174 455 1357 491 χαμαιζήλους
1365 454 1494 490 ἐμπαθῶς
1502 455 1657 490 ἐμπαγῆναι
1667 453 1722 480 τῶν
1735 454 1842 480 εἰκόνων

1061 499 1265 533 ταπεινότητας.
1281 499 1342 525 ’Ὁτι
1370 499 1419 534 μὲν
1436 498 1489 534 γὰρ
1512 499 1625 531 εἰκότως
1646 498 1842 534 προϐέϐληνται

1061 543 1115 570 τῶν
1148 543 1296 570 ἀτυπὼτων
1321 544 1346 570 οἰ
1374 543 1465 576 τύποι,
1499 544 1545 570 καὶ
1574 543 1608 569 τὰ
1639 544 1764 579 σχήματα
1791 543 1842 570 τῶν

1063 591 1285 626 ἀσχηματίστων,
1315 590 1345 617 οὑ
1369 590 1451 626 μόνην
1474 590 1562 617 αἰτίαν
1586 590 1652 624 φαίη
1679 598 1721 620 τις
1745 589 1777 616 ἂν
1803 588 1841 616 εῐ-

1061 646 1104 664 ναι
1130 638 1179 673 τὴν
1205 637 1266 664 καθ’
1290 638 1365 672 ἡμᾶς
1394 637 1538 671 ἀναλογίαν
1563 636 1744 663 ἀδυνατοῦσαν
1775 637 1842 672 ἀμέ-

1061 691 1115 714 σως
1140 682 1186 708 ἐπὶ
1199 681 1248 713 τὰς
1263 681 1361 717 νοητὰς
1375 681 1561 708 ἀνατείνεσθαι
1583 681 1708 717 θεωρίας,
1727 681 1773 708 καὶ
1785 681 1841 707 8:0-

1062 728 1144 763 μένην
1159 727 1266 754 οἰκείων
1289 727 1336 754 καὶ
1359 727 1492 763 ωμφυῶν
1513 726 1673 761 ἀναγωγιῶν
1696 727 1728 759 ⁸⁸,
1753 727 1781 754 αἳ
1794 727 1842 759 τὰς

1062 774 1176 809 ἐφικτὰς
1208 776 1272 810 ἡμῖν
1304 774 1457 810 μορφώσεις
1489 774 1657 809 προτείνουσι
1682 773 1735 800 τῶν
1759 775 1842 809 ἀμορ-

1060 820 1155 855 φώτων
1169 820 1215 847 καὶ
1221 821 1368 857 ὑπερφυῶν
1381 820 1523 855 θεαμάτων
1535 819 1571 836 ⁸³·
1585 820 1641 846 ἀλλ’
1657 820 1697 846 ὅτι
1708 820 1753 846 καὶ
1765 820 1842 846 τοῦτο

1058 869 1115 899 τοίς
1137 869 1276 903 μυστικοῖς
1300 867 1399 902 λογίοις
1420 867 1477 893 ἐστὶ
1502 866 1735 901 πρεπωδέστατον,
1758 865 1789 892 τὸ
1809 866 1841 892 δι’

223 907 323 940 quibus
348 908 483 941 erigatur,
507 909 679 938 adminiculis
706 919 753 939 seu
777 913 929 948 anagogiis,
946 922 1002 949 qua

1056 913 1220 950 ἀπορρήτων
1248 912 1294 939 καὶ
1317 912 1396 947 ἱερῶν
1422 911 1588 947 αἰνιγμάτων
1610 911 1840 946 ἀποκρύπτεσθαι,

223 958 362 988 perceptas
378 962 391 981 a
410 956 489 982 nobis
503 956 604 991 el‘ﬁgies
630 958 783 993 iueﬂigiatis
796 967 828 987 ac
842 959 1006 994 superna'tu-

222 997 327 1025 ralibus
350 1001 514 1034 spectaculis
528 1003 713 1036 praetendant;
734 1005 780 1032 sed
794 1006 865 1040 quod
881 1006 932 1034 hoc
949 1015 1007 1042 my-

221 1044 299 1072 sticis
326 1046 408 1073 etiam
440 1048 559 1075 oraculis
586 1049 627 1076 vel
655 1052 772 1078 maxime
795 1053 948 1085 conveniat,
977 1057 1006 1079 ut

223 1089 273 1124 13
284 1090 464 1118 ineﬂ‘abilibus
475 1099 502 1119 et
515 1093 601 1120 sacris
612 1094 800 1129 miligmatibus
812 1096 966 1126 recondam,
979 1101 1008 1123 et

220 1136 390 1164 inaccessam
417 1143 496 1174 vulgo
521 1140 688 1167 constituant
706 1148 812 1168 sacram
827 1141 900 1168 illam
916 1147 943 1169 et
960 1149 1005 1168 ar-

219 1189 315 1209 canam
329 1185 613 1217 supermnudanarum
629 1186 761 1213 mentium
774 1187 929 1215 veritatem.
944 1187 1006 1221 Qui-

219 1226 286 1255 libet
297 1230 368 1255 enim
384 1237 437 1257 non
453 1235 495 1258 est
509 1236 631 1263 sanctus,
648 1239 737 1267 neque
749 1233 881 1265 omnium,
896 1238 924 1260 ut
935 1232 1003 1260 Ora-

219 1272 281 1299 cula
305 1278 451 1308 testantur,
465 1275 580 1303 scientia
596 1281 639 1303 est
653 1276 678 1304 ι.
695 1277 781 1305 Porro
795 1277 817 1305 si
843 1279 906 1313 quis
922 1279 1003 1306 abso-

1057 958 1103 984 καὶ
1135 957 1234 984 ἄϐατον
1249 958 1304 988 τοῖς
1338 956 1445 988 πολλοῖς
1474 955 1576 982 τιθέναι
1607 955 1656 990 τὴν
1689 955 1764 990 ἱερὰν
1794 955 1841 982 καὶ

1057 1003 1175 1039 κρυφίαν
1190 1002 1244 1029 τῶν
1257 1002 1448 1038 ὑπερκοσμίων
1463 1001 1529 1028 νόων
1540 1001 1675 1036 ἀλήθειαν.
1697 1001 1774 1027 Ἐστι
1787 1000 1841 1036 γὰρ

1056 1050 1086 1075 οὑ
1102 1049 1156 1075 πᾶς
1177 1049 1259 1084 ἱερὸς,
1272 1049 1332 1075 οὐδὲ
1352 1049 1470 1080 πάντων,
1493 1048 1530 1079 ὼς
1552 1046 1587 1073 τὰ
1611 1046 1690 1081 λόγιά
1714 1055 1805 1081 φησιν,
1824 1047 1840 1081 ἠ

1055 1096 1165 1131 γνῶσις.
1194 1096 1225 1122 Εἰ
1252 1095 1280 1122 δὲ
1309 1095 1358 1126 τὰς
1381 1093 1604 1130 ἀπεμφαινούσας
1634 1092 1841 1129 εἰκονογραφίας

1056 1141 1204 1168 αἰτιάσοιτό
1217 1149 1268 1172 τις,
1287 1140 1418 1168 αἰδεῖσθαι
1436 1139 1521 1174 λέγων
1538 1138 1690 1166 ἀνατιθέναι
1709 1138 1744 1164 τὰ
1756 1137 1841 1168 οὕτως

1058 1185 1158 1221 αἰσχρὰ
1179 1185 1349 1221 μορφώματα
1371 1185 1431 1215 ταῖς
1459 1183 1587 1210 θεοειδέσι
1611 1183 1658 1209 καὶ¹
1679 1182 1841 1217 ἁγιωτάταις

1055 1232 1274 1267 διακοσμήσεσινο
1288 1231 1395 1266 ἀπόχρη
1413 1230 1481 1266 πρὸς
1501 1229 1581 1256 αὑτὸν
1593 1229 1690 1261 εἰπεῖν,
1705 1229 1743 1260 ὡς
1754 1227 1841 1259 διττός

1056 1279 1113 1304 ἐστι
1127 1278 1176 1313 τῆς
1192 1278 1268 1313 ἱερᾶς
1282 1276 1462 1312 ὲκφαντορίας
1478 1276 1491 1302 ό
1501 1276 1611 1311 τρόπος,

221 1325 271 1345 nas
299 1318 477 1354 eﬁigiationes
505 1321 662 1356 improbarit
680 1341 688 1354 ,
711 1321 863 1357 pudendum
889 1330 1032 1355 asserens.
1047 1329 1100 1350 tam
1124 1323 1210 1356 turpia
1237 1321 1413 1349 deiformibus
1432 1321 1663 1355 sanctissimisque
1686 1319 1840 1346 adornalio-

218 1364 299 1400 nibus
313 1364 440 1402 aﬂingere
468 1367 611 1395 simulacra
626 1387 634 1400 ,
654 1368 723 1395 satis
745 1368 780 1395 sit
792 1368 830 1395 illi
853 1369 1025 1404 reposuisse,
1039 1369 1171 1403 duplicem
1194 1377 1255 1396 esse
1281 1376 1365 1396 sacrae
1381 1367 1452 1394 illius
1474 1366 1592 1402 mysticae
1615 1365 1841 1393 manil‘eslatiou's

218 1411 339 1437 modum.

979 1473 993 1509 ς
1012 1471 1066 1502 Ill.

255 1542 341 1570 Unum
361 1543 483 1577 quidem,
505 1545 562 1579 qui,
579 1549 607 1571 ut
630 1553 678 1580 par
693 1550 745 1580 est,
765 1553 813 1581 per
833 1546 934 1574 similes
955 1554 998 1574 sa-
1011 1553 1032 1581 α

217 1597 323 1616 crarum
338 1590 486 1623 ﬁgurarum
504 1591 634 1626 imagines
647 1593 786 1626 procedit;
798 1593 912 1620 alterum
925 1599 998 1625 vero,

216 1636 263 1671 qui
288 1643 335 1671 per
364 1637 509 1665 dissimiles
535 1638 738 1666 ellormationes
765 1640 798 1666 ad
816 1639 999 1666 omnimodam

215 1680 464 1709 dissimilitudinem
484 1687 512 1710 et
526 1683 737 1718 discrepantiam
760 1685 905 1719 eﬁingitur.
921 1685 999 1712 Deni-

214 1733 267 1759 que
283 1727 466 1754 venerandam
483 1729 723 1763 superessentialis
744 1730 858 1758 Deitatis
884 1731 999 1758 beatitu-

215 1771 316 1804 dinem,
333 1772 527 1800 elucidantium
550 1775 718 1808 eloquiorum
735 1776 856 1810 mystica:
871 1775 997 1803 traditio-

214 1824 262 1845 nes
281 1818 426 1852 aliquando
449 1819 557 1853 quidem
585 1825 614 1847 ut
639 1821 757 1848 Verbum
775 1826 803 1849 et
827 1827 957 1854 mentem,
971 1827 998 1850 et

213 1863 393 1891 substantiam
413 1864 536 1899 laudant,
561 1867 767 1894 convenientem
784 1867 838 1894 Deo
855 1867 996 1894 rationali-

213 1915 294 1937 tatein
310 1915 391 1946 atque
410 1912 571 1946 sapientiam
592 1912 651 1947 ejus
669 1913 857 1946 declarantes;
873 1921 922 1940 nec
944 1921 996 1941 non

212 1956 394 1983 essentialiter
407 1962 540 1985 essentem
557 1958 759 1990 exsistentiam,
774 1963 799 1986 et
816 1966 906 1986 rerum
921 1960 995 1987 exsi-

212 2003 318 2031 stentim
344 2012 454 2032 causam
475 2012 580 2038 veram,
608 2011 688 2040 atque
707 2006 796 2033 instar
816 2005 883 2033 lucis
909 2005 995 2040 ipsam

212 2048 352 2084 elliuguut,
377 2054 405 2077 et
421 2051 504 2078 vitam
527 2051 665 2086 appellant
679 2060 686 2078 :
702 2051 853 2086 cujusmodi
869 2052 994 2086 ﬁgmenta

210 2100 287 2121 sacra
300 2102 308 2125 ;
323 2102 384 2122 cum
408 2096 517 2130 quidem
541 2097 626 2132 magis
644 2105 763 2133 congrua
783 2098 849 2131 sint,
866 2099 993 2125 materia-

209 2139 334 2174 libusqne
362 2140 457 2175 ﬁguris
479 2144 640 2171 antecellere
662 2145 864 2179 quodammodo
882 2145 993 2172 videan-

210 2189 265 2216 tur,
282 2190 400 2213 attamen
418 2187 491 2215 velut
505 2189 543 2216 sic
561 2190 642 2216 ctiam
656 2197 670 2216 a
685 2190 783 2218 divinae
809 2191 994 2218 similitudinis

207 2231 326 2259 veritate
343 2233 486 2266 deﬁciunt;
503 2235 635 2270 siquidem
655 2236 762 2263 eXcedit
775 2244 881 2263 omnem
897 2243 992 2263 essen-
1009 2244 1030 2271 ι)

209 2276 273 2303 tiam
293 2282 320 2304 et
335 2279 427 2311 vitam,
447 2287 534 2314 neque
550 2281 634 2314 ipsam
651 2281 703 2308 ulla
719 2281 764 2308 lux
782 2282 920 2316 exprimit,
932 2289 991 2308 om—

208 2322 305 2357 nisque
325 2324 395 2352 ratio
407 2331 438 2352 ac
453 2326 507 2352 vita
521 2329 555 2353 ab
572 2326 631 2360 ejus
653 2327 830 2354 similitudine
851 2329 990 2360 incompa-

208 2368 330 2396 rabiliter
344 2369 481 2397 desciscit.
498 2371 698 2406 Nonnunquam
725 2379 790 2399 vero
814 2371 990 2399 dissimilibus

206 2413 434 2443 elucidationibus
448 2417 481 2443 ab
494 2417 589 2444 iisdem
603 2417 720 2452 eloquiis
734 2418 990 2452 supermundialiter

206 2461 370 2493 celebratur.
392 2463 453 2489 dum
471 2463 543 2490 illam
563 2464 725 2492 invisibilem
744 2465 765 2496 ι,
782 2469 809 2492 et
822 2465 955 2492 inﬁnitam
970 2468 989 2480 ἰ

205 2511 233 2532 et
257 2507 557 2541 incomprehensibilem
581 2515 595 2528 η
610 2510 756 2544 appellant,
781 2515 808 2537 et
832 2517 865 2536 ex
892 2510 990 2544 quibus

206 2557 259 2578 non
274 2552 338 2586 quid
353 2557 404 2585 cst,
419 2553 467 2581 sed
491 2555 556 2588 quid
579 2563 631 2582 non
654 2559 697 2582 est
714 2555 890 2590 signiﬁcatur.
903 2556 991 2589 Atque

242 2622 255 2641 ¹ι
269 2622 279 2648 l
292 2622 356 2650 Cor.
374 2631 433 2656 vm,
445 2624 472 2651 7.

1090 1546 1118 1572 '0
1135 1546 1193 1581 μὲν,
1210 1545 1247 1576 ὡς
1267 1544 1349 1576 εἰκὸς,
1368 1544 1411 1570 διὰ
1430 1544 1483 1570 τῶν
1499 1545 1599 1580 ὁμοίων
1614 1545 1714 1581 προῖὼν
1737 1543 1839 1579 ἱεροτύ-

1052 1600 1110 1619 πων
1125 1591 1244 1618 εἰκόνων·
1257 1591 1271 1617 ό
1284 1590 1311 1616 δὲ
1332 1589 1376 1616 διὰ
1388 1589 1442 1616 τῶν
1462 1590 1596 1625 ἀνομοίων
1612 1590 1783 1626 μορφοποιῶν
1798 1590 1839 1622 είς

1050 1636 1081 1666 τὸ
1095 1636 1232 1667 παντελῶς
1246 1635 1269 1650 ⁸⁸
1292 1635 1417 1666 ἀπεοικὸς
1431 1635 1476 1661 καὶ
1495 1635 1663 1670 ἀπεμφαϊνον
1687 1635 1837 1670 πλαττόμε-

1050 1692 1104 1715 νος.
1124 1682 1231 1717 ’Δμέλει
1241 1682 1288 1708 καὶ
1300 1681 1349 1716 τὴν
1365 1681 1514 1716 σεθασμίαν
1525 1681 1574 1716 τῆς
1588 1681 1749 1717 ὑπερουσίου
1763 1681 1838 1717 θεαρ-

1049 1729 1111 1764 χίας
1127 1727 1311 1764 μακαριότητα
1323 1727 1377 1753 τῶν
1387 1725 1586 1761 ὲκφαντορικῶν
1600 1726 1698 1760 λογίων
1707 1727 1734 1753 αἰ
1748 1735 1838 1761 μυστι-

1049 1775 1095 1802 xui
1121 1774 1282 1810 παραδόσεις
1308 1773 1373 1799 ποτὲ
1394 1772 1444 1808 μὲν
1467 1772 1503 1804 ὡς
1516 1771 1603 1806 Λόγον
1623 1771 1670 1798 καὶ
1690 1772 1753 1799 νοῦν
1789 1772 1837 1798 καὶ

1048 1821 1140 1848 οὑσίαν
1155 1819 1279 1855 ὑμνοῦσι,
1302 1819 1351 1855 τὴν
1365 1818 1503 1854 θεοπρεπῆ
1516 1818 1658 1853 λογιότητα
1673 1818 1718 1844 καὶ
1739 1818 1834 1852 σοφίαν

1047 1867 1131 1901 αὑτῆς
1147 1865 1282 1902 δηλοῦσαι,
1305 1865 1350 1891 καὶ
1365 1865 1448 1896 δντως
1468 1862 1549 1890 οὖσαν
1571 1863 1696 1900 ὓπαρξιν,
1716 1864 1762 1890 καὶ
1785 1864 1834 1898 τῆς

1046 1911 1099 1937 τῶν
1115 1910 1197 1937 ὅντων
1211 1909 1353 1945 ὑπάρξεως
1366 1908 1455 1935 αἰτίαν
1468 1908 1608 1944 ἀληθινὴν,
1625 1909 1670 1935 καὶ
1681 1909 1704 1925 ⁸⁰
1714 1909 1761 1940 ’ὡς
1776 1907 1834 1942 φῶς

1047 1956 1130 1992 αὐτὴν
1145 1956 1354 1986 ἀναπλάττουσι,
1371 1955 1417 1981 καὶ
1435 1953 1507 1989 ζωὴν
1521 1953 1697 1980 ἀποκαλοῦσι·
1713 1953 1833 1996 ciuita-

1046 2000 1131 2026 ούτων
1150 2000 1230 2036 ἱερῶν
1252 1999 1469 2034 ἀναπλασμάτων
1485 1998 1651 2034 σεμνοτέρων
1674 1999 1722 2033 μὲν
1739 1998 1833 2030 ὄντων,

1046 2048 1093 2074 καὶ
1107 2047 1160 2073 τῶν
1177 2047 1317 2082 προσύλων
1334 2045 1499 2082 μορφώσεων
1520 2044 1696 2080 ὑπερκεῖσθαι
1719 2052 1777 2076 πως
1791 2044 1836 2071 δο-

1046 2092 1174 2124 κούντων,
1186 2092 1351 2118 ἀποδεόντων
1361 2091 1389 2118 δὲ
1403 2092 1450 2118 καὶ
1461 2091 1532 2117 οὕτω
1547 2091 1595 2126 τῆς
1607 2090 1752 2125 θεαρχικῆς
1765 2089 1834 2126 πρὸς

1045 2139 1171 2174 ἀλήθειαν
1184 2139 1342 2175 ὲμφερείας·
1358 2138 1415 2164 ἔστι
1429 2137 1483 2174 γάρ
1498 2138 1569 2173 ὑπὲρ
1583 2138 1671 2164 πᾶσαν
1681 2136 1773 2164 οὐσίαν
1786 2138 1834 2164 καὶ

1046 2186 1126 2222 ζωὴν,
1157 2186 1261 2218 οὐδενὸς
1293 2187 1340 2221 μὲν
1361 2186 1444 2221 αὐτὴν
1469 2186 1556 2220 φωτὸς
1577 2185 1832 2221 χαρακτηρίζοντος,

1044 2232 1143 2264 παντὸς
1153 2232 1181 2259 δὲ
1196 2232 1275 2266 λόγου
1290 2232 1337 2258 καὶ
1358 2231 1403 2258 νοῦ
1418 2232 1466 2268 τῆς
1478 2232 1634 2267 ὁμοιότητος
1651 2230 1735 2266 αὐτῆς
1753 2232 1834 2265 ἀσυγ-

1044 2278 1145 2313 κρίτως
1171 2277 1402 2312 ἀπολειπομένων.
1419 2277 1487 2306 "ore
1514 2277 1542 2304 δὲ
1566 2278 1625 2308 ταῖς
1655 2277 1790 2312 ἀνομοίοις
1808 2277 1831 2292 ⁵¹

1044 2324 1233 2359 ὲκφαντορίαις
1255 2323 1307 2349 ὑπὸ
1328 2323 1381 2349 τῶν
1407 2322 1495 2349 αὐτῶν
1519 2323 1616 2356 λογίων
1641 2323 1833 2358 ὑπερχοσμίως

1045 2372 1177 2406 ὑμνεῖται,
1194 2370 1307 2405 ἀόρατον
1318 2369 1402 2404 αὑτὴν
1412 2389 1420 2401 ,
1435 2369 1483 2396 καὶ
1496 2369 1617 2404 ἄπειρον,
1631 2369 1676 2395 καὶ
1689 2368 1832 2404 ἀχώρητον

1044 2415 1266 2446 ἀποκαλούντων,
1284 2415 1331 2441 καὶ
1354 2414 1389 2440 τὰ
1402 2413 1432 2446 ἐξ
1446 2411 1494 2446 ὧν,
1518 2414 1549 2439 οὐ
1563 2413 1589 2439 τί
1608 2414 1692 2446 ἐστιν,
1711 2414 1778 2440 ἀλλά
1803 2414 1831 2440 τί

1043 2465 1093 2492 οὐκ
1107 2464 1176 2497 ἐστι,
1192 2464 1361 2501 σημαίνεται.
1380 2463 1464 2490 Τοῦτο
1478 2463 1542 2499 γὰρ,
1559 2464 1597 2495 ὡς
1612 2461 1698 2499 οἴμαι,
1715 2464 1763 2490 καὶ
1779 2472 1830 2490 κυ-

1045 2510 1172 2546 ριώτερόν
1194 2512 1267 2537 ἐστιν
1294 2511 1337 2536 ἐπ’
1359 2510 1453 2545 αὐτῆς·
1479 2509 1603 2545 ἐπείπερ,
1627 2511 1665 2542 ὡς
1686 2511 1702 2545 ἡ
1727 2509 1830 2546 κρυφια

1044 2556 1092 2583 καὶ
1111 2557 1127 2591 ἡ
1147 2556 1270 2592 ἰερατικὴ
1298 2555 1446 2591 παράδοσις
1467 2556 1635 2590 ὑφηγήσατο,
1655 2556 1685 2582 τὸ
1705 2556 1753 2591 μὲν
1778 2556 1829 2583 οὐκ

515 2625 522 2644 ι
541 2625 634 2653 l’l‘im.
650 2634 686 2658 vn,
705 2627 748 2653 16.
786 2632 806 2645 ιιι
822 2626 894 2654 Psal.
907 2634 998 2659 cxuv,
1018 2627 1061 2654 l5.
1100 2633 1113 2646 ιι
1131 2627 1206 2655 Rom.
1219 2627 1314 2660 xt,53.

842 2711 956 2739 VARle
975 2711 1174 2740 LECTIONES.

238 2791 260 2806 "’
278 2791 337 2831 lege
355 2791 554 2831 inunoininandi
569 2800 648 2831 casu,
664 2800 799 2831 consensu
815 2793 1055 2831 eaemplariumuﬁ.
1093 2793 1118 2831 ἦῆ
1128 2793 1178 2819 Ch.
1195 2797 1222 2819 et
1238 2791 1444 2831 D._§'tvqyui_ydiv.
1484 2791 1510 2831 "_
1522 2790 1575 2831 τῷν
1589 2789 1711 2831 εἰκόνῳνζ
1747 2787 1825 2831 “fall;

202 2823 342 2863 παντελές..
359 2861 363 2863 Α
380 2826 414 2863 "ﬁ
430 2827 565 2863 Prmpouit
592 2827 705 2855 Bndams
732 2828 797 2855 ποτὲ
813 2828 852 2861 δέ,
871 2823 944 2863 quod
969 2823 1166 2863 uulli'_codices
1191 2832 1239 2855 aut
1259 2826 1305 2854 alii
1325 2823 1488 2862 interpretes
1504 2826 1613 2854 habent.
1650 2824 1673 2839 "
1690 2824 1721 2851 Β.
1735 2823 1826 2854 etCli.

204 2861 303 2888 addunt
318 2861 375 2894 καί,
391 2862 440 2894 sic,
453 2863 518 2889 ποτὲ
533 2862 561 2889 δὲ
578 2863 625 2889 καὶ
638 2865 697 2895 ταῖς
710 2864 753 2890 ἀν.
