1925 3070
93 182 142 210 Ml

590 182 632 210 DE
648 181 810 210 CCELESTI
833 180 1056 213 HIERARCHIA.
1077 180 1154 208 CAP.
1176 179 1208 207 ll.

1670 180 1719 208 ΗΞ

92 239 162 268 εἶναι
179 241 248 268 κατά
262 250 289 267 τι
303 242 357 269 τῶν
374 242 459 270 ὅντων
479 242 561 278 αὐτὴν
577 242 756 278 ἀληθεύομεν,
772 242 878 276 ἀγνοοῦ-

934 241 996 272 hoc,
1016 245 1046 266 ut
1071 239 1200 270 arbitror,
1220 237 1308 272 magis
1327 237 1376 272 ipsi
1398 237 1537 272 proprium
1561 242 1621 269 est;
1645 246 1718 270 nam.

94 294 145 322 μεν
161 287 188 313 δὲ
204 287 252 323 τὴν
271 288 432 324 ὑπερούσιον
443 289 527 324 αὐτῆς
551 288 599 315 καὶ
614 288 726 323 ἀνόητον
736 289 782 314 καὶ
796 287 883 323 ἄρῤη-

91 343 140 362 τον
156 334 304 370 ἀοριστίαν.
327 334 359 361 Εἰ
376 335 464 361 τοίνυν
481 334 508 360 al
531 334 580 369 μὲν
601 334 750 368 ἀποφάσεις
766 333 813 359 ἐπὶ
828 332 883 359 τῶν

93 379 173 407 θείων
189 380 309 416 ἀληθεῖς,
322 381 349 407 αί
360 380 388 407 δὲ
399 379 566 415 καταφάσεις
577 380 751 416 ἀνάρμοστοι,
768 381 800 415 τῇ
815 386 882 414 κρυ-

92 425 200 462 φιότητι
215 426 269 453 τῶν
286 426 449 462 ἀπορρήτων
462 426 612 462 οίκειοτέρα
633 425 730 462 μᾶλλόν
746 426 819 452 ἐστιν
837 426 883 452 ἐπὶ

92 472 147 498 τῶν
161 472 310 508 ἀοράτωνή
325 472 370 499 διὰ
377 472 431 499 τῶν
444 472 577 508 ἀνομοίων
592 472 767 499 ἀναπλάσεων
781 472 883 507 ἐκφαν-

92 518 181 554 τορὶα·
210 519 310 553 τιμῶσι
335 518 479 554 τοιγαροῦν
494 519 527 551 ⁸³,
546 518 596 545 οὐκ
620 519 729 553 αἴσχους
757 517 882 553 ἀποπλη-

41 589 46 595 ,
94 564 182 599 ροῦσι,
196 564 247 596 τὰς
265 563 406 600 οὐρανίους
428 563 620 600 διακοσμήσεις
647 563 694 590 καὶ
716 564 745 590 al
767 564 821 590 τῶν
838 564 883 591 λο-

91 611 160 645 γίων
174 610 358 647 ίερογραφίαι,
371 612 431 642 ταῖς
443 610 580 646 ἀνομοίοις
593 610 677 642 αὐτὰς
695 610 883 646 μορφοποιῖαις

91 657 279 692 ἐκφαίνουσαι,
302 656 347 684 διὰ
367 656 469 684 τούτων
490 655 682 684 ὰποδεικνῦσαι
702 656 756 683 τῶν
782 657 882 684 ὑλικῶν

91 702 221 729 ἁπάντων
243 702 436 738 ὐπερκοσμίως
457 701 638 738 ἐκσεὸηκυίας
659 702 692 729 ⁵⁸.
712 703 772 730 ’Ότι
792 702 820 729 δὲ
835 703 882 730 καὶ

91 746 139 773 τὸν
155 747 289 784 ἡμέτερον
306 748 331 766 ⁸⁵
342 747 404 775 νοῦν
425 748 554 782 ἀνάγουσι
572 747 671 784 μᾶλλον
693 749 722 776 αι
741 748 882 784 ἁπεμφαί-

92 803 187 821 νουσαι
201 795 256 821 τῶν
273 796 439 832 ὁμοιοτήτων
449 815 456 829 ,
471 796 521 823 οὐκ
536 794 612 832 οἶμαί
632 805 693 824 τινα
713 797 768 824 τῶν
785 797 883 832 εὐφρο-

91 840 209 866 νούντων
235 840 365 877 ἀντερεῖν·
390 841 431 873 είς
455 841 506 877 μὲν
528 843 552 860 ⁸⁸
566 843 619 877 γὰρ
641 841 692 875 τὰς
718 843 882 880 τιμιωτέρας

93 886 283 922 ἱεροπλαστίας
296 886 370 918 εἰκός
390 887 448 914 ἐστι
463 887 510 914 καὶ
529 888 695 924 πλανηθῆναι
709 889 742 921 ⁸⁸,
757 898 881 925 χρυσοει-

92 932 146 964 δείς
163 933 186 949 ⁸⁷
202 942 277 965 τινας
295 933 435 969 οίομένους
457 931 526 961 εἶναι
550 934 601 966 τὰς
625 935 754 971 οὐρανίας
777 935 880 968 οὐσίας,

93 979 140 1005 καὶ
166 979 318 1014 φωτπιδεῖς
339 988 414 1012 τινας
436 980 544 1016 ἄνδρας,
568 981 614 1007 καὶ
636 981 880 1017 ὲξαστράπτοντας,

92 1026 250 1060 εὐπρεπεῖς,
274 1027 477 1062 ἠμφιεσμένους
503 1026 606 1062 ἐσθῆτα
634 1027 720 1063 φανὴν
734 1028 826 1060 ",xa".
851 1028 881 1055 τὺ

92 1071 216 1107 πυρῶδες
240 1072 364 1104 ἀϐλαϐῶς
380 1073 598 1106 ἀποστίλϐοντας,
626 1075 673 1102 καὶ
695 1074 767 1106 ὅσοις
792 1074 881 1107 ἄλλοις

91 1117 303 1153 ὁμοιοτυπώτοις
319 1121 436 1155 μορφαῖς
450 1119 472 1136 ⁸³
487 1121 504 1155 ἡ
519 1119 642 1154 θεολογία
663 1121 726 1152 τοὺς
741 1121 881 1157 οὐρανίους

91 1164 260 1199 ἐσχημάτισε
274 1165 346 1197 νόας.
362 1166 450 1201 Ὅπερ
461 1165 504 1192 ἵνα
519 1165 556 1201 μὴ
568 1166 678 1193 πάθοιεν
694 1167 719 1193 ot
733 1167 816 1202 μηδὲν
826 1166 880 1193 τῶν

91 1211 262 1245 φαινομένων
284 1211 373 1238 καλῶν
391 1211 555 1247 ὑψηλότερον
576 1211 774 1248 ὲννενοηκότες,
792 1214 809 1248 ἡ
825 1213 879 1240 τῶν

89 1257 172 1283 ὁσίων
182 1256 313 1291 θεολόγων
334 1256 482 1292 άνατατικὴ
502 1257 580 1292 σοφία
591 1258 638 1284 καὶ
647 1258 714 1293 πρὸς
727 1258 776 1290 τὰς
789 1258 879 1294 άπεμ-

90 1304 238 1338 φαινούσας
255 1304 449 1340 ἀνομοιότητας
477 1303 558 1339 ἱερῶς
580 1304 738 1339 κατάγεται,
753 1304 790 1340 μὴ
812 1312 879 1339 συγ-

90 1349 218 1386 χωροῦσα
230 1350 260 1377 τὺ
274 1350 405 1386 πρόσυλον
415 1349 503 1386 ἡμῶν,
518 1351 558 1382 είς
576 1350 625 1382 τὰς
643 1351 757 1386 αἰσχρὰς
773 1350 879 1382 εἰκόνας

90 1394 226 1430 ἀπομένον
244 1395 477 1422 ὲπαναπαύεσθαι·
501 1395 663 1423 διανιστῶσα
679 1395 707 1422 δὲ
730 1396 760 1423 τὸ
776 1397 880 1431 ἀνωφε-

91 1439 138 1474 ρὲς
157 1440 207 1474 τῆς
221 1440 320 1476 ψυχῆς,
339 1442 386 1468 καὶ
402 1442 586 1469 ὑπονύττουσα
602 1443 635 1477 τῇ
657 1442 811 1478 δυσμοριρίᾳ⁴
824 1442 878 1469 τῶν

90 1484 280 1520 συνθημάτων,
291 1486 329 1518 ὡς
338 1486 374 1522 μὴ
387 1486 495 1522 θεμιτοῦ
511 1487 577 1522 μηδὲ
585 1486 702 1522 ἀληθοῦς
709 1487 731 1502 ⁶⁰
739 1486 879 1519 δοκοῦντος

91 1528 172 1562 εἷναι,
199 1531 266 1566 μηδὲ
292 1533 348 1563 τοῖς
370 1532 439 1566 ἄγαν
467 1532 622 1567 προσύλοις,
651 1533 692 1559 ὅτι
715 1533 771 1564 τοῖς
794 1532 879 1565 οὕτως

89 1575 214 1627 αἰσχροῖς
224 1576 335 1627 ἐμφερῆ
353 1577 420 1613 πρὸς
432 1577 558 1613 ἀλήθειάν
576 1577 681 1604 ἐστιτὰ
696 1578 879 1614 ὑπερουράνια
892 1598 913 1627 C

90 1621 138 1648 καὶ
153 1621 212 1648 θεῖα
223 1621 356 1657 Θεάματα.
374 1622 477 1655 Ἀλλως
484 1633 515 1650 τε
530 1624 576 1650 καὶ
586 1623 665 1650 τοῦτο
675 1624 798 1659 ἐννοῆσαι
814 1625 877 1660 χρὴ,

89 1665 120 1692 τὺ
139 1665 205 1700 μηδὲ
220 1666 249 1693 ἓν
269 1667 323 1693 τῶν
339 1667 423 1695 ὄντων
441 1667 509 1695 εἶναι
527 1668 641 1696 καθόλου
660 1669 710 1704 τῆς
732 1669 778 1696 τοῦ
796 1670 878 1698 καλοῦ

92 1712 236 1746 μετουσίας
264 1713 453 1749 ἐστερημένον,
478 1714 567 1750 εἴπερ,
592 1715 630 1746 ὡς
653 1716 670 1750 ὴ
700 1714 754 1741 τῶν
781 1715 878 1750 λογίων

91 1756 205 1792 ἀλήθειά
217 1766 293 1794 φησι,
309 1758 407 1785 πάντα
422 1759 500 1786 καλὰ
514 1760 594 1787 λίαν.

936 288 974 315 υιὶ
989 294 1090 314 arcana
1113 287 1157 314 illa
1179 285 1408 320 sacerdotalisque
1429 286 1538 314 traditio
1562 287 1719 316 insinuavit.

936 341 1001 362 vere
1024 334 1150 366 dicimus,
1169 340 1228 360 eam
1251 340 1304 360 non
1324 339 1384 360 esse
1406 333 1554 360 secundum
1573 334 1718 368 quidquam

936 387 1031 408 eorum
1046 387 1106 415 qum
1117 384 1192 411 sunt,
1207 379 1270 406 licet
1288 379 1349 413 ejus
1364 379 1619 414 supercssentialem
1634 385 1661 407 et
1676 381 1719 407 in-

935 426 1069 454 visibilem
1080 431 1108 453 et
1121 425 1283 453 ineffabilem
1299 425 1460 453 infinitatem
1475 426 1639 460 ignoremus.
1653 426 1719 454 Cum

935 480 1001 507 ergo
1015 472 1174 508 negationes
1192 473 1217 499 in
1235 472 1334 500 divinis
1349 479 1430 504 verre,
1446 471 1638 499 afﬁrmationes
1655 480 1720 499 vero

935 519 1091 552 incongrua:
1107 522 1181 552 sunt,
1199 526 1361 546 arcanorum
1384 519 1543 546 obscuritati
1559 519 1643 552 magis
1659 526 1721 553 pro-

935 566 992 602 pria
1008 571 1050 593 est
1062 573 1151 594 rerum
1164 566 1340 593 invisibilium
1354 573 1400 600 per
1414 565 1559 592 dissimiles
1570 564 1720 591 eﬂictiones

933 609 1088 645 explanatio
1104 619 1112 636 :
1125 610 1257 644 siquidem
1269 611 1463 642 condecorant,
1478 618 1530 637 non
1545 610 1717 641 dedecorant.

934 657 1059 686 ctalestes
1084 658 1274 686 adornationes
1293 665 1377 685 sacra:
1390 657 1576 692 hujuscemodi
1600 655 1720 691 eloquio-

933 711 993 731 rum
1014 704 1224 740 descriptiones,
1240 705 1304 731 dum
1317 703 1494 731 dissimilibus
1507 710 1554 730 eas
1569 703 1718 730 formarum

934 749 1089 778 fictionibus
1101 750 1267 785 explanant;
1288 749 1331 776 his
1354 749 1421 784 ipsis
1437 748 1616 781 declarantes,
1632 752 1661 774 ut
1677 755 1720 774 re-

933 795 984 822 bus
1001 796 1129 823 omnibus
1150 794 1336 822 malerialibus
1357 793 1616 828 supermundialiter
1642 798 1718 821 ante-

933 842 1043 870 cellant.
1053 842 1129 876 Quod
1144 849 1208 870 vero
1219 841 1327 869 absona:
1339 840 1532 868 similitudines
1547 839 1632 875 magis
1644 847 1718 866 men-

934 892 989 916 tem
1016 893 1136 916 nostram
1161 888 1277 923 erigant,
1301 895 1389 917 nemo.
1406 891 1436 913 ut
1460 886 1566 921 opinor.
1591 886 1718 914 cordatus

934 935 1120 966 contradicet;
1139 933 1191 970 ιη
1207 935 1233 961 in
1253 933 1430 961 nobilioribus
1445 933 1517 960 enim
1539 932 1632 960 formis
1643 932 1718 960 θωυ-

933 981 1029 1016 gendis
1047 980 1177 1008 credibile
1191 985 1233 1008 est
1255 987 1347 1008 errare
1371 979 1486 1014 aliquos,
1503 979 1547 1014 qui
1562 979 1719 1007 existiment

932 1033 994 1055 esse
1011 1032 1122 1054 naturas
1139 1026 1265 1053 ccelestes
1284 1025 1376 1060 specie
1393 1026 1509 1060 quadam
1531 1032 1625 1057 aurea,
1645 1024 1718 1052 viros

933 1073 1062 1108 quosdam
1085 1073 1226 1103 micantes,
1245 1072 1349 1106 fulgore
1366 1073 1490 1104 decoros,
1510 1072 1607 1099 vestitu
1629 1071 1717 1105 splen-

932 1119 994 1146 dido
1016 1119 1141 1151 amictos,
1158 1119 1265 1152 igneum
1289 1118 1416 1151 quiddam
1433 1118 1543 1145 innoxie
1566 1117 1716 1149 vibrantes,

931 1170 959 1192 et
979 1172 1147 1198 quaecunque
1171 1164 1230 1191 alia:
1256 1163 1387 1199 ejusmodi
1406 1163 1499 1190 forma:
1521 1167 1594 1195 sunt,
1619 1163 1717 1197 quibus

932 1210 1066 1245 theologia
1086 1211 1213 1237 caelestes
1226 1216 1330 1237 mentes
1355 1209 1493 1244 figuravit.
1510 1208 1587 1242 Quod
1607 1209 1715 1243 quidem

932 1264 966 1284 ne
985 1257 1018 1284 iis
1037 1257 1153 1287 eveniat.
1170 1256 1216 1290 qui
1245 1256 1312 1283 nihil
1333 1255 1424 1286 altius,
1438 1263 1517 1291 quam
1534 1255 1576 1282 illa
1603 1255 1715 1290 pulchra

929 1307 958 1330 et
978 1302 1100 1336 speciosa
1123 1309 1184 1336 qua:
1207 1306 1350 1336 apparent,
1375 1304 1465 1328 mente
1483 1299 1615 1335 complexi
1642 1304 1714 1331 sunt,

930 1352 1084 1374 sanctorum
1110 1346 1295 1382 theologorum
1307 1346 1449 1380 sapientia.
1469 1353 1528 1379 qua:
1549 1353 1654 1372 sursum
1668 1345 1716 1372 du-

931 1393 1006 1420 eendi
1023 1393 1076 1420 vim
1088 1393 1181 1425 habet,
1199 1393 1233 1420 ad
1249 1392 1484 1420 dissimilitudines
1494 1390 1609 1418 absonas
1622 1395 1716 1418 sancte

930 1445 960 1465 se
973 1430 1076 1472 déjicil,
1095 1445 1147 1464 non
1165 1437 1326 1473 permittens
1342 1437 1379 1470 id,
1396 1437 1467 1471 quod
1490 1437 1516 1463 in
1532 1435 1610 1463 nobis
1625 1441 1715 1463 mate—

930 1486 997 1514 riale
1024 1492 1083 1519 est,
1112 1486 1166 1513 illis
1195 1486 1331 1513 indecoris
1361 1485 1525 1521 imaginibus
1558 1484 1715 1512 inhaerendo

929 1533 1122 1568 acquiescere;
1140 1532 1187 1559 sed
1211 1532 1268 1567 ipsa
1293 1532 1463 1560 deformitate
1481 1531 1625 1566 figurarum
1641 1531 1715 1558 exci-

931 1583 991 1606 tans
1004 1583 1030 1606 et
1041 1578 1185 1605 stimulans
1195 1579 1362 1613 superiorem
1376 1578 1472 1605 animae
1482 1577 1643 1612 portionem,
1659 1581 1715 1604 tan-

930 1631 1011 1659 quam
1025 1624 1101 1651 nefas
1118 1625 1164 1656 sit,
1178 1629 1206 1651 et
1219 1632 1252 1651 ne
1266 1624 1299 1651 iis
1314 1624 1433 1658 quidem,
1443 1623 1489 1658 qui
1506 1623 1585 1650 rebus
1599 1623 1715 1651 terrenis

931 1670 1010 1698 valde
1025 1669 1094 1697 allixi
1115 1674 1188 1702 sunt,
1201 1670 1349 1697 verisimile
1370 1670 1504 1701 videatur,
1521 1673 1573 1695 tam
1590 1668 1715 1696 absurdis

931 1716 1024 1743 formis
1036 1715 1135 1742 similia
1155 1722 1248 1742 revera
1263 1721 1326 1742 esse
1341 1714 1384 1741 illa
1407 1713 1609 1748 supractelestia
1634 1718 1661 1740 et
1674 1714 1715 1741 di-

930 1760 1005 1792 vina,
1020 1767 1081 1794 quae
1093 1761 1121 1786 in
1135 1759 1265 1795 symbolis
1278 1766 1339 1786 cum
1355 1759 1534 1786 admiratione
1546 1763 1712 1793 spectantur.

91 1802 162 1836 Quin
180 1807 209 1830 et
225 1803 276 1831 hoc
298 1804 453 1837 sciendum,
475 1805 541 1832 nihil
557 1812 651 1832 eorum
671 1813 731 1840 quae
746 1805 883 1834 exsistunt
912 1805 1020 1840 penitus
1043 1812 1105 1832 esse
1130 1804 1194 1832 honi
1222 1804 1432 1840 participatione
1456 1804 1610 1839 privatum;
1637 1811 1712 1836 cum,

90 1853 119 1875 ut
134 1848 172 1876 ait
191 1847 298 1879 veritas,
312 1847 462 1884 loquiorum
473 1850 562 1878 omnia
574 1849 640 1878 bona
653 1850 728 1878 valde
740 1855 763 1878 υ.

850 1909 864 1944 5
897 1906 947 1938 IV.

127 1996 220 2023 Ἔστιν
229 1994 276 2024 οὖν
295 1998 328 2025 ὲκ
343 1998 451 2026 πάντων
469 2000 490 2016 ¹¹
505 2000 647 2036 ἐπινοῆσαι
664 2001 686 2017 ⁸³
701 2001 787 2033 καλὰς
809 2001 877 2028 θεω-

90 2041 160 2077 ρίας,
175 2043 223 2070 καὶ
238 2045 294 2075 τοῖς
310 2046 415 2079 νοητοῖς
429 2054 460 2072 τε
475 2047 522 2073 καὶ
537 2049 638 2083 νοεροίς
658 2049 690 2074 ἐκ
706 2048 760 2074 τῶν
778 2047 877 2075 ὑλαὶων

88 2088 242 2116 ἀναπλάσαι
256 2089 306 2122 τὰς
320 2089 469 2126 λεγομένας
481 2093 624 2128 ἀνομοίους
637 2093 807 2128 ὁμοιότητας,
819 2093 878 2120 ἐτέ-

86 2142 128 2169 ρῳ
140 2134 234 2170 τρόπῳ
247 2135 302 2162 τῶν
312 2137 413 2173 νοερῶν
427 2138 553 2173 ἐχόντων,
568 2138 586 2165 ἃ
598 2140 654 2171 τοῖς
669 2139 807 2175 αίσθητοῖς
818 2140 877 2166 ἐτε-

87 2181 168 2216 ροιως
183 2181 394 2220 ἀπονενὲμηται.
411 2185 466 2211 Καὶ
482 2185 537 2220 γὰρ
551 2185 566 2211 ὁ
577 2185 662 2221 θυμὸς
677 2187 733 2218 τοῖς
748 2186 798 2221 μὲν
812 2186 875 2213 ἀλό-

86 2234 145 2260 γοις
156 2226 185 2260 ἐξ
197 2227 337 2262 ἐμπαθοῦς
347 2229 437 2265 ὁρμῆς
447 2230 592 2265 ἐγγίνεται,
605 2231 652 2258 καὶ
666 2231 757 2267 πάσης
767 2231 877 2265 ἀλογίας

85 2271 161 2299 ἐστὶν
174 2273 316 2306 ἀνάπλεως
330 2275 346 2310 ή
363 2275 506 2312 θυμοειδὴς
519 2277 608 2303 αὐτῶν
623 2277 738 2312 κίνησις·
755 2278 811 2304 ἀλλ’
828 2278 873 2304 ἐπὶ

84 2317 140 2344 τῶν
158 2318 259 2354 νοερῶν
274 2320 360 2356 ἑτέρῳ
379 2321 472 2357 τρόπῳ
488 2321 541 2358 χρὴ
560 2322 591 2348 τὸ
607 2321 720 2358 θυμικὸν
737 2323 871 2358 ἐννοῆσαι,

85 2362 192 2398 δηλοῦν,
208 2364 246 2395 ὡς
261 2362 348 2401 οἶμαι,
371 2365 420 2401 τὴν
436 2366 595 2402 άῤῥενωπὸν
614 2367 702 2394 αὐτῶν
719 2367 871 2404 λογιότητα,

86 2410 133 2436 καί
143 2409 192 2445 τὴν
206 2409 361 2445 ἀμείλικτον
379 2412 434 2445 ἕξιν
446 2413 475 2440 ὲν
489 2414 551 2445 ταῖς
567 2413 694 2440 θεοειδέσι
711 2414 758 2440 καὶ
771 2414 873 2449 ἀμετα-

86 2455 174 2486 σόλοις
189 2455 333 2491 ἰδρύσεσιν.
359 2457 495 2490 Ὡσαύτως
505 2459 651 2495 ἐπιθυμίαν
669 2459 717 2494 μὲν
730 2457 798 2486 εἷναὶ
821 2469 871 2494 φα-

85 2509 147 2536 μεν,
163 2501 211 2528 ἐπὶ
225 2501 280 2528 τῶν
301 2503 406 2538 ἀλόγων
419 2505 622 2541 ἁπερίσκεπτόν
631 2514 691 2533 τινα
707 2506 755 2532 καὶ
773 2507 873 2542 πρόσυ-

122 2580 216 2609 °Gen.
229 2589 250 2614 ι,
263 2581 307 2609 5i.

969 2001 1015 2029 Est
1032 2001 1114 2037 igitur
1134 2008 1166 2028 ex
1181 2001 1308 2028 omnibus
1333 2008 1429 2035 capere
1443 2001 1528 2029 bonas
1548 2003 1714 2037 contempla-

929 2048 1035 2080 tiones;
1051 2047 1113 2082 quia
1129 2051 1156 2073 et
1169 2047 1236 2074 viris
1258 2047 1470 2082 intelligentibus
1491 2055 1524 2076 ac
1546 2049 1713 2083 spiritalibus

928 2093 992 2121 licet
1003 2092 1059 2128 jam
1072 2093 1159 2121 dictas
1173 2092 1409 2120 dissimilitudines
1423 2101 1456 2120 ex
1471 2094 1552 2122 rebus
1568 2095 1714 2123 materiali-

928 2138 978 2166 bus
992 2139 1149 2172 etformare;
1173 2147 1233 2165 cum
1260 2146 1303 2166 res
1315 2139 1452 2174 spiritales
1473 2140 1527 2167 alio
1542 2140 1614 2175 ipsas
1633 2141 1712 2169 modo

928 2185 1056 2218 habeant,
1080 2192 1160 2219 quam
1185 2185 1266 2212 rebus
1292 2185 1467 2213 sensibilibus
1488 2187 1625 2214 attributa:
1647 2188 1711 2215 sint.

908 2230 1065 2264 ZSiquidem
1091 2231 1203 2258 allectus
1221 2231 1268 2258 ira:
1292 2231 1425 2258 creaturis
1453 2232 1657 2261 irrationalibus
1677 2241 1711 2260 ex

927 2277 1027 2310 impetu
1043 2278 1177 2312 passionis
1200 2278 1385 2312 ingeneratur,
1402 2281 1483 2312 atque
1506 2279 1579 2305 omni
1603 2279 1713 2306 irratio-

928 2323 1042 2351 nalltate
1060 2323 1155 2357 plenus
1167 2327 1209 2351 est
1228 2323 1375 2351 irascihilis
1390 2330 1484 2350 eorum
1500 2330 1608 2352 motus:
1623 2326 1670 2353 sed
1685 2326 1711 2354 in

927 2369 1008 2395 rebus
1016 2369 1183 2404 spiritalibus
1195 2369 1274 2396 aliter
1285 2373 1392 2404 oportet
1401 2370 1454 2396 vim
1469 2370 1634 2398 irascibilem
1647 2378 1713 2398 con-

925 2415 1060 2448 siderare,
1087 2415 1252 2442 utvidelicet
1276 2415 1410 2450 signiﬁcet
1439 2416 1587 2443 masculum
1616 2425 1710 2444 earum

928 2461 1072 2492 rationem.
1091 2460 1339 2495 irmuutabilenique
1359 2464 1459 2488 statuat
1488 2462 1514 2489 in
1534 2462 1711 2491 deiformibus

928 2507 990 2534 istis
1015 2507 1251 2541 immobilibusque
1274 2507 1383 2534 sedibus
1409 2508 1555 2536 firmatum.
1579 2509 1712 2538 Similiter

731 2641 773 2669 VA
779 2642 846 2670 lile
872 2641 1072 2673 LECTIONES.

119 2687 143 2726 ’ξ
170 2686 206 2714 Μ.
230 2687 436 2726 antiquissimps
454 2688 545 2726 liber“.
565 2688 656 2726 etSp.
672 2689 780 2726 καὶνῦν
795 2690 949 2726 τοιγαροῦν.

1000 2691 1084 2728 ¹³Αγρ.
1103 2692 1312 2728 ἀναὸεϐηκυίας.
1341 2690 1431 2728 V“_B._
1444 2691 1484 2718 ἔτι
1501 2691 1530 2717 δὲ
1546 2692 1593 2718 καὶ
1609 2691 1647 2728 ὡς
1663 2693 1709 2719 τὸν

84 2722 236 2760 ημέτερον.Δ
247 2722 314 2749 Cum
333 2730 385 2757 pro
397 2723 438 2749 ὅτι
454 2723 582 2760 hicmliber
593 2724 706 2760 haberet
721 2724 772 2758 ἔτι,
789 2731 820 2752 ea
844 2722 1002 2760 depravatio
1022 2722 1099 2759 fecit,
1118 2732 1148 2754 ut
1167 2728 1205 2759 ὡς
1217 2722 1361 2754 'addiderit
1376 2726 1508 2759 Budaeus,
1525 2731 1554 2753 ut
1577 2722 1710 2754 orationis

85 2756 288 2798 κατάλληλότης
310 2756 458 2785 constaret.
496 2758 519 2774 "
534 2757 583 2820 μέν
603 2759 634 2786 D.
653 2767 720 2801 non.
735 2756 831 2793 habet,
857 2756 908 2788 nec
936 2765 1010 2789 certe
1028 2756 1131 2796 aliquid
1150 2756 1273 2796 seq—uitur
1294 2761 1366 2796 qttod
1388 2756 1562 2795 respondeat.
1600 2761 1623 2777 "
1639 2761 1708 2788 ἀπο-

85 2792 267 2820 πλανηθηναι.
285 2792 336 2820 Ch.
373 2792 397 2808 ⁸⁷
410 2793 472 2820 lhmc
487 2801 535 2820 ver
554 2801 568 2820 a
594 2794 691 2820 desunt
715 2802 740 2820 In
756 2795 806 2820 Ch.
831 2800 861 2820 ut
873 2795 944 2820 nuod
967 2797 1099 2820 munitur.
1114 2796 1146 2820 (1.
1172 2798 1229 2820 sive
1243 2797 1290 2820 mi.
1307 2796 1470 2820 ωιιηοειδεῖε.
1487 2803 1536 2820 nec
1555 2798 1708 2820 nnsleriom

62 2802 67 2810 ι
85 2792 267 2827 πλανηθῆναι,
285 2792 336 2820 Ch.
373 2792 397 2808 ⁸⁷
410 2793 472 2826 fltmc
487 2801 519 2820 ve

86 2829 167 2854 vertit
191 2828 300 2855 Scottis.

86 2871 187 2898 amoti;
202 2863 327 2891 κάλλεσιν
343 2863 360 2898 ἥ

389 2863 421 2899 Ι),
444 2863 524 2899 Ρζοι
540 2866 566 2890 in
581 2863 703 2899 margine
717 2865 753 2892 Μ.

85 2897 211 2934 ἀληθοῦς.

260 2898 281 2937 f'
299 2897 374 2926 addit
391 2898 441 2927 Ch.
455 2903 483 2927 et
497 2898 528 2926 P.
540 2897 655 2926 τούτωνῖ
669 2899 691 2916 ⁸³
708 2908 754 2936 γρ.
782 2897 914 2935 ἐννοῆσαὶ.

373 2794 397 2808 ⁸⁷
410 2794 472 2826 {hac
487 2794 568 2820 verba
594 2794 691 2821 desunt
714 2795 740 2822 in
756 2795 806 2822 Ch.
831 2800 861 2822 ut
873 2795 944 2830 quod
967 2794 1100 2831 sequitur.
1114 2796 1146 2824 C.
1172 2794 1229 2824 sive
1243 2797 1290 2824 καὶ
1303 2794 1471 2832 φωτοειδεῖς,
1487 2803 1536 2823 nec
1555 2798 1708 2830 posteriora

352 2828 375 2844 I8
394 2832 505 2844 "unum...
535 2829 555 2844 h
584 2828 604 2844 ι)
627 2829 715 2844 λάλει-τ
735 2830 820 2844 ιον-...ἵ
852 2830 874 2844 u
936 2830 960 2844 ss
974 2831 1010 2844 t‘L
1039 2832 1083 2844 ...Α
1103 2832 1177 2844 η--.-
1196 2832 1285 2844 nx-.-
1319 2832 1362 2844 ...Α
1383 2832 1454 2844 2--.-
1479 2830 1568 2844 un-.-
1587 2833 1692 2844 x..-.-_.

394 2832 515 2864 φαεινήν,
584 2828 614 2856 Ρ.
626 2829 715 2870 ἐσθῆτ’
733 2830 833 2880 ἀφανῆ,
851 2828 891 2857 ΜΣ
936 2830 960 2847 δ’
974 2828 1023 2858 Cli.
1039 2832 1086 2872 ita}
1101 2832 1177 2864 ὅσαις
1193 2832 1300 2872 ἄλλαις-ε
1313 2828 1365 2858 ⁷καὶ¹
1381 2828 1568 2863 ὃσοιςνᾶλλοις
1582 2833 1708 2871 ῥμοιοτυ-

394 2863 421 2901 ί),
444 2863 475 2892 Ρ.
497 2868 524 2901 et
540 2872 566 2890 ιιι
579 2871 703 2901 inargute
717 2865 753 2892 Μ.
785 2866 813 2901 7⁸
844 2865 876 2901 D.
894 2866 962 2901 μήτε
977 2866 1097 2901 θεμιτου,
1116 2869 1185 2901 μήτε
1200 2867 1327 2901 ὰληθους.
1345 2866 1376 2895 Ρ.
1397 2867 1465 2901 μήτε
1486 2865 1608 2900 θεαιτου,
1639 2867 1706 2901 μηδὲ

932 2875 962 2893 τε
977 2866 1097 2902 θεμιτοῦ,
1116 2869 1185 2911 μήτε
1200 2866 1327 2903 ἀληθοῦς.
1345 2866 1376 2895 Ρ.
1397 2867 1465 2902 μήτε
1486 2865 1608 2900 θεαιτοῦ,
1639 2867 1706 2904 μηδὲ
