1925 3070
206 188 258 216 ΗΞ

788 188 816 217 S.
835 188 984 216 DIONYSII
1000 187 1232 217 ABEOPAGlTIE

1776 192 1822 220 Mi

203 247 446 284 concupiscentiam
467 247 495 274 in
517 246 603 274 brutis
617 253 678 274 esse
691 245 807 274 dicimus
827 247 982 275 inconside-

1039 249 1089 279 λον,
1105 247 1136 280 ἐξ
1150 248 1273 283 ἐμφύτου
1298 249 1442 284 κινήσεως,
1459 248 1475 285 ἢ
1498 248 1640 284 συνηθείας
1662 249 1692 275 ὲν
1707 250 1763 281 τοῖς
1778 251 1824 277 ἀλ-

203 298 301 324 ratam.
314 297 342 320 et
363 293 397 320 ad
414 292 515 327 aliquid
541 291 684 319 tnaleriale
699 298 788 318 rerum
804 292 984 324 mutabilium,

201 346 235 366 ex
248 339 329 366 insita
346 338 539 374 propensione,
551 337 592 366 vel
606 338 805 365 consuetudine
822 338 985 373 impotenter

202 385 351 419 ingenitam
377 384 572 417 affectionem,
595 388 623 411 et
650 384 837 412 irrationalem
864 385 986 419 corporis

201 431 338 465 appetitus
357 430 637 466 praedominationem,
651 430 696 464 qui
715 435 798 457 totum
821 429 922 457 animal
936 431 987 457 im-

201 476 277 512 pellit
285 476 316 503 ad
330 475 355 503 id
367 475 436 510 qttod
445 482 525 503 sensu
535 475 742 510 concupiscibile
748 475 864 503 exsistit.
874 475 985 509 Quando

202 523 296 558 itaque
308 521 457 550 dissimiles
471 521 662 549 similitudines
675 521 754 549 rebus
767 521 932 557 spiritalibus
945 526 986 548 at-

202 570 364 601 tribuentes,
380 567 626 603 eoncttpiscentiam
643 567 709 603 ipsis
723 567 881 603 aﬂlngcmus
893 587 902 601 ,
915 568 985 595 divi-

201 624 253 644 nus
265 624 341 643 amor
366 615 568 650 intelligendus,
593 613 639 649 qui
665 613 801 641 intellectu
826 613 986 648 rationeque

201 662 369 697 superiorem
397 663 470 687 amet
487 658 758 692 imntaterialitatem,
785 658 937 693 stabileque
951 657 987 685 sit

201 715 235 736 ac
248 711 376 735 constans
391 705 556 733 desiderium
581 703 845 739 superessentialiter
865 711 941 739 pura:
953 711 985 732 ac

203 751 378 788 impassibilis
393 750 627 786 contemplationis
652 753 679 777 et
694 749 894 777 communionis
914 756 986 778 vene

202 799 375 834 sempiterna:
396 804 430 824 ac
442 796 584 831 spiritalis,
604 795 804 824 sublimissima:
819 796 986 831 purissima:-

202 851 256 880 que
269 844 410 876 claritatis,
417 848 444 870 et
454 842 603 870 inl'allibilis
614 841 831 878 pulchriﬁczeque
839 841 891 877 ιδ
900 849 985 869 venu-

202 890 290 919 statis.
308 890 341 917 Et
358 889 542 924 impotentiam
556 888 722 922 accipiamus
746 888 889 916 infractam
901 888 982 915 animi

202 936 413 968 contentionem,
430 943 489 970 quae
511 942 526 962 a
553 936 661 962 nemine
685 935 774 962 valeat
799 936 986 968 conquassari,

202 986 314 1017 propter
329 982 526 1016 impermistum
549 986 577 1008 et
600 981 796 1009 immutabilem
813 981 910 1009 divina:
925 982 987 1017 pul-

201 1028 363 1056 chritudinis
378 1034 507 1058 amorem,
523 1030 605 1062 atque
625 1028 736 1054 totalem
751 1027 778 1054 in
792 1026 819 1054 id
839 1027 909 1062 quod
924 1034 988 1055 vere

202 1074 381 1109 appetendum
398 1078 450 1105 est.
468 1073 684 1108 propensionem.
708 1073 779 1106 Quin
796 1077 823 1100 et
847 1073 988 1107 ipsammet

202 1119 436 1147 irrationalitatem
445 1123 473 1146 et
487 1118 721 1146 insensibilitatem
735 1119 761 1146 in
775 1112 862 1146 brutis
875 1119 987 1153 quidem

203 1165 401 1198 animantibus,
423 1165 465 1191 vel
491 1163 613 1191 materiis
637 1164 805 1198 inanimatis,
824 1165 936 1193 rationis
957 1172 988 1192 ac

202 1217 299 1238 sensus
314 1210 423 1245 proprie
436 1209 613 1244 privationem
630 1218 836 1245 nuncupamus;
852 1211 876 1238 in
892 1211 989 1238 imma-

202 1255 342 1283 terialibus
361 1262 424 1282 vero
443 1262 476 1282 ac
490 1255 660 1290 spiritalibus
683 1256 988 1288 naturis,eminentiam

202 1302 322 1337 ipsarum
346 1301 452 1336 (utpote
476 1301 749 1337 supermuntlialium)
770 1308 922 1330 sermonem
940 1310 989 1330 no.

202 1355 289 1377 strum
299 1353 535 1382 transeuntem,ac
547 1349 725 1383 corporalem.
733 1354 760 1376 et
768 1349 946 1383 materialem.
955 1350 989 1378 ab

202 1394 423 1430 incorporearum
451 1394 563 1422 istarum
589 1395 720 1422 mentium
752 1402 835 1422 sensu
859 1395 989 1429 alienum,

202 1448 281 1468 sacro
295 1448 406 1476 prorsus
420 1441 499 1468 modo
517 1440 710 1468 transcendere
727 1440 897 1475 proﬁtemur.
913 1440 990 1468 Licet

202 1487 297 1522 itaque
321 1494 373 1514 non
401 1486 563 1521 incongruas
581 1486 661 1513 rebus
673 1485 842 1518 caelestibus,
858 1487 940 1514 etiam
956 1494 990 1514 ex

203 1532 343 1561 vilissimis
363 1532 483 1560 materiae
501 1533 624 1568 partibus
647 1532 749 1561 formas
770 1532 913 1567 emngere;
927 1541 988 1561 cum

1037 295 1157 326 λοιωτοῖς
1167 293 1294 329 ἀκρατῶς
1308 294 1486 330 ὲγγινομένην
1499 295 1696 330 προσπάθειαν,
1710 295 1758 322 καὶ
1778 296 1825 332 τὴν

1038 341 1136 376 ἄλογον
1149 341 1200 376 τῆς
1217 341 1375 377 σωματικῆς
1394 341 1509 377 ὀρέξεως
1529 342 1706 378 ἐπικράτειαν
1720 361 1727 374 ,
1755 342 1825 369 ἅπαν

1036 385 1067 413 τὸ
1073 386 1141 419 ζῶον
1146 386 1216 413 ὼθού
1220 396 1269 423 σης
1276 387 1322 414 ἐπὶ
1329 386 1358 414 τὸ
1366 387 1425 414 κατ’
1432 387 1555 423 αἴσθησιν
1561 388 1640 414 ἐπιθυ
1643 388 1737 424 μητόν.
1746 389 1826 417 Ὅταν

1035 431 1073 462 δὲ,
1082 431 1130 463 τὰς
1139 432 1280 468 ἀνομοίους
1289 432 1450 467 ὁμοιότητας
1457 434 1512 464 τοίς
1522 434 1624 468 νοεροῖς
1636 434 1826 470 περιτιθέντες,

1036 476 1183 511 ἐπιθυμίαν
1197 477 1288 508 αὐτοῖς
1309 476 1532 512 περιπλάσωμεν,
1546 476 1635 512 ἔρωτα
1659 476 1730 504 θεῖον
1746 477 1827 513 αὐτὴν

1036 521 1162 556 ἐννοῆσαι
1178 521 1201 537 ⁸³
1217 520 1270 557 χρὴ
1286 520 1336 556 τῆς
1351 521 1420 557 ὑπὲρ
1433 520 1511 555 λόγον
1522 521 1571 548 καὶ
1583 520 1645 548 νοῦν
1663 521 1768 554 ἀῡλίας,
1780 522 1825 549 καὶ

1035 566 1084 602 τὴν
1109 566 1205 602 ἀκλινῆ
1227 566 1276 593 κα)⁸
1300 566 1438 593 ἀνένδατον
1464 566 1558 600 ἔφεσιν
1583 566 1634 602 τῆς
1658 566 1827 603 ὐπερουσίως
1846 571 1852 578 “

1035 615 1122 651 ἁγνῆς
1141 616 1190 642 καὶ
1206 614 1330 647 ἀπαθοῦς
1346 614 1472 651 θεωρίας,
1493 615 1541 642 καὶ
1562 615 1613 651 τῆς
1633 614 1702 651 πρὸς
1720 615 1826 651 ἐκείνην

1035 662 1085 697 τὴν
1114 661 1239 698 καθαρὰν
1267 661 1314 688 καὶ
1341 660 1496 697 ἀκροτάτην
1521 660 1678 696 διαύγειαν,
1703 661 1750 688 καὶ
1778 661 1826 697 τὴν

1036 707 1142 744 ἀπλανῆ
1161 708 1184 725 ⁸⁸
1194 709 1242 736 καὶ
1249 707 1411 737 mxuma»
1437 706 1603 743 εὐπρέπειαν
1617 707 1728 739 αἰωνίας
1744 707 1826 739 ὅντως

1036 752 1084 780 καὶ
1107 753 1204 789 νοητῆς
1221 753 1374 784 κοινωνίας.
1397 751 1452 779 Καὶ
1472 751 1503 778 τὺ
1525 750 1643 788 ἀκρατὲς
1667 751 1826 787 ὲκλάϐοιμεν

1035 801 1082 828 ἐπὶ
1104 799 1151 827 τοῦ
1177 799 1302 827 συντόνου
1327 799 1375 826 καὶ
1399 798 1667 835 ἀνεπιστρόφου,καί
1686 798 1755 834 πρὸς
1775 806 1827 834 μη-

1034 847 1109 878 δενὸς
1132 845 1314 873 ὲκκόπτεσθαι
1330 845 1352 861 ⁸⁵
1366 845 1526 881 δυναμένου,
1545 844 1588 871 διὰ
1610 844 1655 871 τὸν
1679 844 1765 880 ἀμιγῆ
1782 848 1828 875 καὶ

1036 891 1213 920 ἀναλλοίωτον
1236 891 1287 927 τῆς
1310 891 1385 923 θείας
1417 890 1549 926 καλλονῆς
1575 891 1674 926 ἔρωτα,
1707 891 1755 917 καὶ
1779 891 1829 927 τὴν

1037 938 1130 975 όλικὴν
1157 938 1299 965 ἀπόκλισιν
1320 937 1367 964 ἐπὶ
1388 937 1419 964 τὸ
1443 937 1527 969 ὅντως
1551 937 1657 972 ὲφετόν.
1678 937 1758 964 Ἀλλά
1781 937 1828 964 καὶ

1037 986 1122 1023 αὐτὴν
1137 986 1187 1022 τὴν
1217 985 1328 1019 ἀλογίαν
1345 993 1375 1012 τε
1390 986 1437 1012 καὶ
1454 985 1631 1021 ἀναισθησίαν
1648 985 1695 1011 ἐπὶ
1711 984 1760 1020 μὲν
1775 984 1828 1011 τῶν

1037 1032 1142 1067 ἀλόγων
1150 1031 1237 1064 ζώων,
1249 1031 1266 1068 ἢ
1276 1031 1331 1058 τῶν
1341 1030 1451 1066 ἀψύχων
1462 1030 1543 1063 ὑλῶν,
1553 1030 1678 1067 στέρησιν
1689 1030 1767 1065 λόγου
1783 1029 1830 1056 καὶ

1037 1078 1189 1114 αἰσθήσεως
1203 1077 1312 1109 οἰκείως
1327 1076 1526 1112 ἀωκαλοῦμεν·
1548 1077 1593 1103 ἐπὶ
1619 1076 1648 1104 δὲ
1669 1075 1723 1103 τῶν
1740 1076 1828 1103 ἀΰλων

1038 1123 1086 1150 καὶ
1103 1123 1204 1159 νοερῶν
1219 1122 1329 1154 οὐσιῶν,
1343 1121 1519 1158 ἀγιοπρεπῶς
1536 1121 1567 1148 τδ
1578 1121 1711 1158 ὑπερέχον
1728 1120 1827 1153 αὐτῶν,

1037 1170 1075 1202 ὡς
1091 1169 1292 1205 ὑπερκοσμίων,
1307 1168 1492 1205 ὁμολογοῦμεν
1513 1168 1560 1195 τοῦ
1576 1168 1638 1195 καθ’
1654 1168 1727 1203 ἡμᾶς
1747 1176 1830 1203 μετα-

1039 1215 1150 1244 σατικοῦ
1174 1217 1221 1243 καὶ
1243 1215 1398 1251 σωματικοῦ
1420 1215 1511 1250 λόγου,
1527 1215 1574 1241 καὶ
1596 1214 1647 1249 τῆς
1672 1214 1767 1245 ὑλαίας
1782 1215 1830 1240 καὶ

1038 1262 1180 1298 ἀλλοτρίας
1192 1262 1246 1288 τῶν
1259 1261 1411 1297 ἀσωμάτων
1427 1261 1494 1288 νόων
1509 1260 1670 1296 αἰσθήσεως.
1686 1260 1763 1287 Ἔστι
1774 1269 1830 1287 τοι-

1039 1307 1140 1344 γαροῦν
1156 1307 1206 1334 οὐκ
1222 1307 1377 1343 ἀπᾳδούσας
1388 1306 1539 1334 ἀναπλάσαι
1553 1308 1610 1338 τοῖς
1619 1306 1754 1341 οὐρανίοις
1769 1313 1833 1342 μορ.

1039 1354 1103 1389 φὰς,
1115 1354 1169 1380 κάκ
1182 1353 1237 1380 τῶν
1252 1353 1423 1389 ἀτιμοτάτων
1437 1352 1489 1388 τῆς
1501 1352 1568 1388 ὕλης
1585 1352 1687 1389 μερῶν,
1701 1352 1762 1379 ἐπεὶ
1782 1353 1831 1379 καὶ

1040 1399 1119 1435 αὐτὴ,
1135 1399 1203 1435 πρὸς
1215 1398 1262 1425 τοῦ
1279 1398 1363 1430 ὖντως
1385 1397 1468 1424 καλοῦ
1483 1397 1533 1433 τὴν
1551 1397 1669 1433 ὓπαρξιν
1685 1397 1830 1433 ὲσχηκυϊα,

1040 1443 1112 1471 κατά
1126 1445 1215 1471 πᾶσαν
1236 1443 1322 1479 αὐτῆς
1335 1445 1386 1479 τὴν
1410 1443 1505 1470 ὐλαίαν
1517 1443 1696 1478 διακόσμησιν
1720 1442 1830 1478 ἀπηχή-

1042 1490 1115 1525 ματά
1129 1498 1188 1516 τινα
1211 1489 1262 1525 τῆς
1280 1489 1377 1526 νοερᾶς
1391 1488 1556 1525 εὐπρεπείας
1570 1488 1636 1523 ἔχει·
1651 1488 1698 1514 καὶ
1719 1487 1832 1514 δυνατόν

1041 1535 1099 1562 ἐστι
1113 1535 1147 1562 δι’
1162 1534 1251 1562 αὐτῶν
1269 1533 1418 1568 ἀνάγεσθαι
1439 1533 1508 1569 πρὸς
1527 1532 1577 1565 τάς
1594 1532 1692 1563 ἀΰλους
1715 1532 1832 1568 ἁρχετυ-

202 1583 229 1607 et
242 1579 311 1614 ipsa,
323 1580 405 1607 etiam
420 1579 453 1606 ab
466 1586 498 1606 eo
510 1578 555 1613 qui
572 1586 635 1606 vere
650 1579 764 1614 pulcher
785 1585 828 1607 est
841 1579 987 1612 exsistens,

1041 1580 1115 1612 πίας,
1131 1579 1276 1616 ἀνομοίως,
1294 1579 1332 1611 ὡς
1349 1578 1468 1615 εἰρηται,
1481 1578 1536 1606 τῶν
1549 1579 1715 1614 ὁμοιοτήτων
1729 1577 1830 1614 ἐκλαμ-

203 1633 252 1660 per
264 1633 371 1653 omnem
395 1624 436 1652 sui
465 1624 630 1652 tuaterialem
652 1624 856 1660 dispositionem
873 1625 987 1661 vestigia

203 1672 326 1706 quaedam
348 1670 541 1699 intellectualis
562 1670 662 1698 habent
686 1671 850 1704 vcnustatis;
878 1670 989 1705 ﬁerique

203 1717 300 1752 possit.
324 1721 353 1744 ut
368 1725 417 1752 per
430 1724 460 1744 ea
478 1717 511 1744 ad
539 1717 733 1745 immateriales
751 1716 853 1744 formas
870 1716 987 1751 primiti-

1040 1626 1208 1662 δαινυμένων,
1226 1626 1274 1652 ml.
1294 1625 1349 1652 τῶν
1372 1625 1461 1653 αὐτῶν
1478 1626 1509 1652 οὺ
1526 1623 1641 1657 ταύτῶς,
1663 1624 1831 1660 ὲναρμιονίως

1040 1674 1069 1701 δὲ
1085 1673 1132 1700 καὶ
1146 1672 1252 1704 οἰκείως
1266 1672 1313 1699 ἐπὶ
1324 1671 1378 1698 τῶν
1393 1671 1494 1707 νοερῶν
1504 1679 1534 1698 τε
1549 1671 1597 1698 καὶ
1613 1669 1750 1706 αἰσθητῶν
1767 1670 1830 1697 ἰδιο-

1039 1718 1129 1754 τήτων
1144 1716 1319 1754 ὁριζομένων.

205 1772 254 1791 vas
271 1763 449 1798 adducamur,
466 1763 648 1797 dissimiliter,
673 1768 704 1790 ut
732 1763 835 1791 dictum
855 1767 908 1796 est,
939 1763 1131 1793 similitudines
1156 1765 1325 1799 accipiendo,
1350 1769 1379 1792 et
1407 1764 1515 1792 easdem
1534 1771 1586 1791 non
1615 1764 1712 1793 eodem
1737 1764 1820 1792 modo

202 1810 251 1838 sed
268 1817 386 1843 c0narue
400 1817 434 1838 ac
446 1809 556 1845 proprie
569 1809 704 1845 Spiritales
720 1817 753 1838 ac
769 1809 912 1838 sensibiles
924 1811 1106 1846 proprietates
1122 1811 1321 1845 distinguendo.

977 1887 1050 1925 ἓν.

240 1959 302 1987 Haec
319 1959 447 1996 mysticos
465 1959 606 1994 theologos
622 1967 674 1987 non
698 1959 763 1988 solis
773 1959 923 1988 cmleslium
936 1959 992 1987 dis-

203 2006 366 2041 positionum
393 2004 648 2040 explanationibus,
678 2013 771 2033 verum
798 2006 881 2033 etiam
907 2006 990 2041 ipsis-

203 2056 258 2079 met
269 2051 527 2087 Dei-principalibus
548 2051 775 2080 elucidationibus
802 2053 854 2080 rite
881 2060 991 2080 accom-

203 2098 328 2126 tnodasse
356 2098 534 2132 reperiemus.
560 2097 593 2125 Et
619 2097 762 2133 aliquando
778 2099 885 2133 quidem
915 2097 989 2126 Divi-

203 2144 315 2171 nitatem
333 2144 418 2179 ipsam
435 2151 449 2170 a
468 2143 616 2171 luminibus
639 2144 771 2179 speciosis
784 2143 988 2177 concelebrant,

202 2190 279 2225 quasi
301 2189 391 2217 Solem
417 2189 529 2223 iustitiae
542 2194 566 2221 Ρ,
590 2190 667 2225 quasi
691 2189 797 2217 stellam
825 2190 986 2218 matutinam

1077 1959 1169 1987 Ταῦτα
1199 1960 1262 1992 τοὺς
1279 1961 1427 1996 μυστικοὺς
1455 1961 1595 1996 θεολόγους
1620 1961 1772 1997 εὑρήσομεν
1796 1961 1829 1988 οὗ

1042 2005 1136 2040 μόναις
1159 2007 1219 2038 ταῖς
1242 2007 1296 2034 τῶν
1326 2007 1460 2044 οὐρανίων
1487 2007 1640 2042 διακόσμων
1666 2007 1831 2042 ὲκφάνσεσιν

1041 2050 1123 2086 ἰερῶς
1136 2051 1375 2087 περιπλάττοντας,
1388 2052 1455 2080 ἀλλά
1469 2053 1516 2079 καὶ
1529 2052 1623 2083 αὑταῖς
1641 2051 1695 2079 ἐσθ’
1710 2051 1754 2078 ὅτε
1769 2053 1831 2084 ταῖς

1041 2095 1200 2132 θεαρχικαϊς
1220 2098 1419 2134 ὲκῳαντορίαις.
1443 2099 1498 2126 Καὶ
1522 2098 1587 2125 ποτὲ
1603 2097 1652 2133 μὲν
1676 2097 1759 2133 αὐτὴν
1774 2096 1831 2124 ἀπὸ

1039 2141 1094 2169 τῶν
1108 2143 1275 2179 φαινομένων
1295 2145 1393 2180 τιμίων
1410 2143 1549 2180 ὑμνοῦσιν,
1572 2144 1610 2175 ὼς
1630 2143 1704 2179 ἣλιον
1723 2143 1829 2170 δικαιο-

1040 2187 1132 2224 σύνης,
1147 2189 1186 2221 ὼς
1199 2189 1302 2225 ἀστέρα
1318 2189 1363 2216 τὸν
1377 2189 1443 2225 ἑῷον
1458 2190 1497 2220 είς
1512 2189 1534 2205 ⁸⁸
1549 2189 1611 2216 νοῦν
1627 2188 1707 2224 ἱερῶς
1719 2188 1831 2216 ἀνατέλ-

203 2235 286 2263 menti
304 2235 439 2263 sacratius
451 2235 634 2268 ohorientem,
652 2236 729 2271 quasi
744 2235 830 2263 lucem
846 2241 942 2271 aperte
957 2240 985 2264 et

1039 2232 1123 2267 λοντα,
1140 2235 1186 2261 καὶ
1202 2235 1240 2266 ὡς
1259 2234 1316 2269 φῶς
1336 2233 1564 2270 ἀπερικαλύπτως
1580 2234 1627 2261 καὶ
1642 2233 1744 2269 νοητῶς
1759 2241 1830 2261 κατ-

202 2280 405 2316 intelligibiliter
432 2280 582 2307 radiantem
598 2285 627 2314 tt;
646 2282 808 2316 quandoque
833 2288 898 2309 vero
913 2289 928 2309 a
947 2289 990 2309 rep

201 2327 252 2355 btts
269 2326 375 2359 mediis,
391 2333 467 2361 quasi
482 2327 570 2362 ignem
587 2327 697 2355 innoxie
710 2327 854 2355 micantem
868 2332 891 2360 τ,
909 2328 989 2362 quasi

202 2380 298 2408 aquam
323 2372 414 2400 vitalis
429 2371 606 2406 plenitudinis
630 2372 806 2406 collatricetn,
826 2377 853 2400 et
879 2373 987 2408 symbo-

202 2418 253 2446 lice
269 2418 412 2453 loquendo,
424 2423 546 2446 ventrem
564 2418 763 2446 subintrantem
777 2424 800 2452 ι,
818 2418 987 2453 ﬂuminaque

202 2465 334 2501 perpetim
346 2464 456 2492 ﬂuentia
469 2466 663 2494 scaturientem
675 2473 684 2493 :
698 2473 890 2500 nonnunquam
904 2465 986 2492 etiam

202 2511 237 2537 ab
255 2511 363 2544 intimis,
382 2510 462 2545 quasi
483 2510 611 2546 fragrans
631 2515 796 2546 unguentum
812 2512 836 2538 ⁸.
853 2511 930 2545 quasi
946 2512 986 2537 la-

202 2557 290 2589 pidem
312 2556 469 2591 angularem
486 2560 512 2584 π.
534 2557 604 2591 Quin
623 2557 703 2584 etiam
721 2556 809 2584 l'erina
825 2563 885 2583 eam
899 2556 986 2584 forma

201 2603 382 2634 circumdant.
399 2607 428 2630 et
455 2602 542 2631 leonis
567 2610 600 2631 ac
627 2602 764 2638 panthera:
791 2602 986 2637 proprietatem

238 2689 383 2754 rmbl’alacb.
397 2696 435 2724 tv,
452 2688 480 2717 3,
517 2693 532 2714 ιι
544 2688 628 2724 Apoc.
647 2696 713 2722 un,
736 2688 781 2718 16.

203 2733 233 2758 ιι,
260 2733 306 2754 ιιι

828 2694 840 2708 π
861 2688 945 2716 Exod.
972 2696 1014 2722 ιιι,
1040 2688 1068 2715 2.

1046 2281 1172 2316 αυγάζον-
1193 2281 1306 2308 τιατὲ¹δὲ
1326 2280 1380 2308 ἀπὸ
1389 2281 1445 2307 τῶν
1461 2281 1561 2315 μέσων,
1578 2279 1616 2312 ὡς
1632 2278 1687 2316 πῦρ
1701 2280 1830 2313 ἀϐλαϐῶς

1041 2325 1168 2360 φωτίζον,
1187 2325 1225 2357 ὡς
1244 2325 1316 2361 ὕδωρ
1333 2325 1450 2360 ζωτικῆς
1464 2324 1684 2360 ἀποπληρώσεως
1698 2325 1828 2362 χορηγὸν,

1042 2371 1089 2398 καὶ
1103 2371 1273 2408 συμϐολικῶς
1287 2372 1385 2403 εἰπεῖν,
1400 2371 1440 2402 εἰς
1450 2370 1570 2406 γαστέρα
1584 2370 1767 2406 διαδυόμενον,
1779 2372 1829 2398 καὶ

1041 2418 1178 2453 ποταμοὺς
1195 2418 1342 2450 ἀναὸλύζον
1363 2417 1484 2453 ἀσχέτως
1504 2417 1697 2453 ἀπορρέσντας·
1713 2417 1778 2444 ποτὲ
1798 2417 1828 2443 δὲ

1041 2464 1094 2491 ἀπὸ
1114 2464 1168 2491 τῶν
1183 2465 1313 2500 ἐσχάτων,
1326 2464 1363 2496 ὡς
1380 2464 1463 2500 μύρον
1481 2463 1590 2496 εὑῶδες,
1603 2463 1641 2495 ὡς
1657 2462 1728 2491 λίθον
1744 2464 1828 2499 ἀκρο-

1038 2511 1172 2545 γωνιαίον.
1193 2510 1270 2537 Ἀλλά
1290 2511 1337 2537 καὶ
1351 2509 1547 2546 θηριομορφίαν
1561 2509 1628 2544 αὐτῇ
1645 2507 1826 2544 περιτιθέασι,

1037 2556 1083 2583 καὶ
1098 2556 1203 2588 λέοντος
1212 2556 1280 2592 αὐτῇ
1291 2557 1338 2583 καὶ
1349 2555 1487 2591 πάνθηρος
1499 2554 1616 2590 ἰδιότητα
1632 2554 1825 2590 περιάπτουσι,

1036 2603 1083 2629 καί
1092 2602 1223 2637 πάρδαλιν
1231 2602 1317 2638 αὐτὴν
1328 2601 1435 2628 ἔσεσθαί
1448 2609 1523 2636 φασι,
1535 2601 1582 2627 καὶ
1593 2600 1692 2636 ἄρκτον
1706 2600 1826 2635 ἀπορου-

1682 2693 1696 2706 “
1721 2685 1825 2722 Ephes-

1121 2689 1225 2717 IJoan.
1255 2696 1301 2724 vn,
1329 2688 1374 2717 38.
1428 2688 1529 2717 ‘Cant.
1556 2688 1617 2721 ι,2.

891 2791 1008 2821 ῩΑΙίΙᾹῖ
1027 2791 1226 2820 LECTIONES.

242 2870 265 2885 “
277 2870 312 2898 Μ.
339 2879 390 2899 non
408 2871 489 2899 habet
501 2872 595 2935 αὖτίς,

242 2913 332 2935 πρεπ..
362 2907 385 2923 ⁸³
404 2907 454 2935 Ch.
472 2908 502 2934 υ.
519 2908 547 2935 S.
585 2927 592 2934 .

210 2905 332 2938 εὖπρεπ.,
362 2907 385 2923 ⁸³
404 2907 454 2935 CII.
472 2908 502 2934 υ.
519 2908 547 2935 S.
562 2905 592 2935 P.
609 2906 799 2943 ἐγκόπτεσθαι.
815 2905 820 2906 ⁷
838 2906 860 2922 ⁸⁸
876 2914 921 2942 γρ.
939 2905 986 2938 ὡς.

618 2871 757 2914 nec'quodn
774 2871 908 2914 sequitur.
925 2870 1002 2914 λόγον
1027 2870 1084 2898 καί.
1128 2870 1151 2887 ⁸⁵
1170 2870 1207 2899 Μ.
1229 2874 1256 2897 et
1278 2869 1323 2898 Sc.
1348 2868 1448 2905 ἀφανῆ.
1467 2873 1493 2896 at
1508 2869 1558 2897 Cb.
1570 2868 1676 2905 ἀπλανῆ
1688 2869 1735 2895 καὶ
1746 2869 1821 2897 θείαι
