1925 3070
224 158 272 187 tm
303 192 306 194 _

812 159 831 187 ε
862 159 1010 188 DlONYSlI
1031 159 1261 188 AREOPAGITE

1791 157 1847 187 152

223 221 276 248 ter,
289 216 402 243 vcrlum
417 213 494 252 οἶμαι
510 215 657 244 secundum
682 217 798 253 veteres)
818 217 935 251 primum
955 225 1001 243 ex-

1063 216 1211 252 παλαιοὺς),
1224 216 1331 252 πρῶτον
1341 214 1478 248 ἐκθέσθαι,
1489 215 1550 243 τίνα
1562 216 1611 252 μὲν
1623 217 1668 244 τδν
1675 217 1725 253 τῆς
1738 216 1848 253 ἁπάσης

224 268 336 295 ponere,
347 269 426 296 quem
438 262 570 289 universre
581 265 635 288 tant
647 263 786 290 terrestris
796 270 877 298 quain
887 262 1007 290 cmlestis

223 307 386 334 hierarcltiaa
415 315 526 342 scopum
551 306 719 335 arbitremur
749 308 929 343 (arbitremur
954 309 1009 344 20

223 357 314 380 autem
336 353 414 382 dixit.
433 361 483 388 pro
497 361 545 380 sua
565 353 754 388 philosophica
773 355 815 382 vel
839 355 929 390 potius
954 355 1008 383 Deo

223 397 309 424 amica
325 397 481 431 modestia);
493 399 591 433 quidve
600 401 687 434 prosit
699 399 826 434 quaelibet
837 399 1008 428 hierarchia-

224 449 285 468 rum
300 443 370 477 (sive
382 443 523 470 caelestem
541 444 656 477 dixeris,
673 445 731 472 sive
745 445 879 481 nostram)
895 447 937 473 sui
955 446 1008 473 ini-

225 488 369 516 tiatoribus
395 488 544 516 initizttisve
565 497 572 516 :
597 490 696 517 deinde
717 497 783 517 vero
804 490 951 518 dicendum
975 492 1009 519 de

225 534 384 562 caelestibus
401 535 578 566 hierarcltiis.
597 536 674 570 juxta
691 536 776 569 illam,
787 544 869 571 quam
885 537 918 564 de
931 537 965 564 iis
981 537 1007 564 in

224 580 311 608 sacris
327 580 427 607 litteris
450 581 582 609 habemus
597 582 844 609 manifestationem
860 587 942 617 atque
961 590 1009 610 ex-

225 625 420 660 planationem.
438 625 475 653 De
491 626 545 654 illis
561 632 652 654 autem
675 628 800 662 loquens,
815 629 903 655 utitur
923 628 1008 655 verbo

223 671 365 707 ὑμνῆσαις
382 673 444 707 quia
460 673 493 700 de
509 681 538 700 re
554 674 624 701 bona
640 666 729 709 loqui,
747 674 863 709 hymnus
878 674 935 701 sive
950 673 1009 701 laus

225 717 289 744 hotti
309 723 352 745 est
366 726 374 751 ;
391 719 464 746 sicut
479 719 513 746 de
531 726 559 746 re
575 727 656 754 prava
673 720 752 748 verba
776 719 879 753 facere,
899 720 1008 754 vitupe-

226 763 298 790 riunt
313 768 354 791 est
373 765 448 792 ntali.
465 765 503 792 De
517 765 647 800 angelicis
668 766 763 799 itaque
781 766 935 798 divinisque
953 767 1009 793 vir-

225 809 327 836 tutibus
342 810 423 837 verba
440 809 541 842 facere.
551 811 621 838 idern
632 815 674 838 est
685 815 765 846 atque
776 818 822 838 eas
833 811 955 839 laudare.
969 811 1009 838 Ad

227 855 284 882 hazc
307 855 474 888 dicendum,
499 856 598 891 quibus
625 856 722 884 formis
747 863 831 884 sacra:
858 856 1009 891 Scriptura:

1059 264 1107 290 καὶ
1119 264 1217 299 γηῖνης
1231 263 1278 290 καὶ
1296 262 1421 299 οὐρανίου
1442 262 1582 298 ιεραρχίας
1600 262 1700 291 σκοπὸν
1713 262 1845 298 οἰόμεθα·

1061 309 1192 345 (οιόμεθα
1207 309 1236 336 δὲ
1247 307 1319 342 εἷπε,
1333 308 1404 336 κατὰ
1423 308 1566 344 φιλόσοφον
1579 309 1596 344 ἢ
1609 308 1731 344 φιλόθεον
1745 309 1847 344 μᾶλλον

1060 354 1246 391 μετριασμόν)”
1260 354 1308 381 καὶ
1328 354 1354 380 τί
1376 353 1477 388 ὠφελεῖ
1489 353 1592 389 ἑκάστη
1613 353 1668 381 τῶν
1689 353 1846 390 ίεραρχιῶν,

1058 400 1110 427 κᾶν
1131 399 1179 436 τὴν
1192 399 1321 436 οὐρανίαν
1343 399 1433 437 εῐπῃς,
1454 399 1505 427 κᾶν
1521 400 1572 436 τὴν
1594 399 1656 427 καθ’
1676 400 1760 436 ἡμᾶς,
1782 399 1848 431 τοὺς

1057 446 1184 478 τελεστὰς
1198 447 1296 482 αὐτῆς·
1317 446 1432 482 καθεξῆς
1449 446 1480 473 δὲ
1500 447 1586 473 είπεῖν
1608 447 1672 482 περὶ
1689 446 1745 473 τῶν
1764 446 1849 482 οὐρα-

1059 492 1122 518 νίων
1147 492 1302 528 ίεραρχιῶν,
1326 492 1397 520 κατὰ
1419 493 1471 528 τὴν
1485 492 1575 519 αὐτῶν
1596 492 1775 528 ὲκφαντορίαν
1797 492 1848 519 καὶ

1058 537 1174 574 δήλωσιν
1187 539 1236 574 τὴν
1250 539 1279 565 ὲν
1292 540 1352 570 ταῖς
1365 538 1457 573 ἁγίαις
1471 538 1604 574 Γραφαϊς.
1624 537 1661 564 Τὸ
1680 538 1745 572 γοῦν
1757 538 1848 564 είπεῖν

1060 584 1124 619 περὶ
1147 583 1249 611 τούτων
1276 584 1394 619 ὑμνῆσαι
1413 584 1497 618 λέγει,
1519 584 1603 611 ὅτιτὸ
1622 584 1686 620 περὶ
1706 583 1788 610 καλοῦ
1806 583 1847 610 εἰ-

1059 631 1120 656 πεῖν
1133 629 1216 665 ὕμνος
1228 629 1312 657 καλοῦ
1323 631 1396 656 ἐστιν
1407 638 1413 644 ·
1426 629 1522 666 ὥσπερ
1530 630 1560 656 τὸ
1572 631 1635 665 περὶ
1647 629 1731 656 κακοῦ
1744 628 1844 663 λέγειν,

1059 676 1142 711 ψόγος
1157 676 1244 704 κακοῦ
1259 677 1327 703 ἑστι.
1347 676 1437 703 Ταὺτδ
1448 676 1512 711 γοῦν
1524 675 1555 703 τὸ
1568 677 1652 703 εἰπεῖν
1667 676 1714 703 καὶ
1726 676 1847 712 ὑμνῆσαι

1060 723 1124 758 περὶ
1137 722 1191 749 τῶν
1209 722 1361 757 ἀγγελικῶν
1375 722 1421 748 καὶ
1435 721 1515 748 Θείων
1526 721 1675 757 δυνάμεων.
1689 721 1847 748 Μετέπειτα

1059 769 1087 796 δὲ
1104 769 1157 804 χρὴ
1171 770 1268 801 εἰπεῖν,
1290 768 1396 800 ὁποίαις
1416 768 1518 794 εἰκόσιν
1540 767 1568 794 αἱ
1590 767 1661 802 ίεραὶ
1676 766 1784 803 Γραφαὶ
1795 765 1847 797 τὰς

1059 815 1186 851 οὐρανίας
1200 816 1393 851 διακοσμήσεις
1407 813 1614 850 σχηματίζουσι,
1630 813 1676 839 καὶ
1687 812 1753 848 πρὸς
1765 811 1848 838 ποίαν

1060 858 1199 894 ἁπλότητα
1210 858 1253 885 διὰ
1265 858 1319 885 τῶν
1334 857 1500 893 πλασμάτων
1511 856 1612 883 τούτων
1631 856 1664 891 δὴ
1683 855 1738 882 τῶν
1751 854 1847 881 συνθέ-

225 900 351 928 εωιεειεδ
372 901 484 929 ordines
503 901 638 935 figurant;
653 905 680 928 et
695 901 729 928 ad
752 901 860 936 qualem
877 901 1009 936 simplici-

1063 914 1114 932 των
1125 905 1281 941 ἀναγόμεθα
1290 913 1297 920 ·
1311 902 1376 937 οἷον,
1398 903 1512 939 λέγομεν
1526 902 1605 937 τυχὸν
1619 901 1707 934 ἀετὸν,
1721 901 1849 928 σύνθετόν

226 951 306 973 tatem
323 954 371 982 per
385 954 433 974 eas
450 947 556 974 formas
567 955 628 982 quae
643 947 817 982 eﬂlnguntur.
832 955 1006 977 reVOc-entttr:

224 992 301 1020 verbi
319 993 417 1027 gratia,
443 994 619 1021 nominamus
635 993 705 1021 forte
726 994 855 1028 aquilam.
871 995 1009 1029 composi-

225 1043 282 1066 tum
296 1039 404 1073 aliquod
418 1040 543 1071 dicimus,
557 1045 648 1067 mente
663 1047 728 1067 vero
744 1047 792 1075 per
807 1041 881 1068 visus
893 1048 1008 1068 acumen

223 1089 253 1112 et
262 1085 449 1112 excellentiam
459 1085 492 1113 ad
502 1085 704 1120 simplicitatem
714 1086 886 1114 adducimur.
895 1086 1009 1120 Quando

223 1132 296 1158 enirn
309 1132 371 1166 quis
385 1132 515 1166 loquitur,
527 1132 758 1168 utintelligantus,
773 1133 884 1160 omnino
906 1140 1010 1160 sermo—

225 1185 273 1205 nes
291 1178 404 1206 adhibet
423 1187 430 1205 :
449 1186 510 1205 cttm
529 1183 619 1206 antem
646 1179 672 1205 id
690 1178 763 1212 quod
780 1178 882 1206 dicitur
906 1178 1011 1206 intelle-

223 1227 300 1251 ctum
319 1222 412 1255 fuerit,
438 1222 551 1258 simplex
579 1223 606 1250 in
633 1227 724 1250 mente
745 1222 864 1257 cognitio
886 1224 1009 1256 exsistit;

226 1269 343 1296 maxime
361 1268 383 1295 si
408 1268 541 1303 simplicia
568 1268 717 1302 formaeque
739 1269 861 1303 expertia
886 1269 951 1301 sint,
977 1270 1012 1297 de

226 1315 326 1350 quibus
339 1315 487 1353 loquimur}
504 1314 532 1342 Si
552 1315 624 1342 enim
642 1321 686 1341 res
699 1314 815 1342 scnsiles
831 1315 868 1341 ita
882 1322 930 1350 per
944 1315 1010 1342 sim-

227 1362 327 1396 plicem
355 1361 474 1396 aliquem
499 1367 661 1396 conceptum
689 1361 884 1396 intelligimus,
909 1366 1012 1396 quanto

226 1407 314 1442 magis
331 1415 374 1434 res
387 1407 545 1442 spiritales?
561 1408 651 1441 Quare
668 1415 748 1442 porro
761 1407 920 1442 qumritnus,
935 1412 965 1435 ut
976 1407 1011 1434 ad

227 1450 433 1485 simplicitatem
453 1452 641 1480 adducantur?
663 1457 693 1478 ut
709 1460 762 1480 uoa
788 1452 896 1480 accidat
921 1453 1010 1485 nobis,

226 1497 297 1531 quod
315 1497 395 1533 vulgo
421 1505 464 1525 res
479 1506 574 1526 sacras
589 1500 703 1535 profano
728 1501 809 1527 modo
827 1499 1009 1535 intelligettti;

226 1551 278 1570 ttcc
291 1539 423 1578 'putctuus
444 1545 570 1572 cmlestes
587 1545 646 1573 illas
666 1547 783 1574 virtutes
806 1546 907 1573 multos
929 1546 1011 1580 pedes

1058 959 1085 977 τι
1102 950 1217 985 λέγομεν
1226 958 1234 966 ·
1248 949 1361 985 νοοῦμεν
1373 949 1406 976 τὸ
1419 948 1561 984 ὀξυδερκὲς
1581 948 1628 974 καὶ
1643 948 1731 983 ὑπερη
1737 947 1846 982 ρμένον,

1059 996 1129 1032 πρὸς
1144 995 1284 1031 ἁπλότητα
1306 994 1469 1030 ἁναγόμεθα.
1489 994 1552 1020 Ὅτε
1570 992 1625 1028 γὰρ
1644 992 1717 1027 λέγοι
1733 1000 1784 1023 τις,
1802 991 1848 1018 ἵνα

1059 1043 1211 1078 νοήσωμεν,
1228 1041 1336 1073 πάντως
1351 1041 1446 1075 λόγους
1462 1039 1632 1074 συντίθησιν·
1651 1039 1696 1066 ὅτε
1707 1038 1736 1065 δὲ
1750 1038 1781 1065 τὸ
1795 1039 1847 1074 ῥη-

1059 1089 1105 1115 θὲν
1117 1088 1237 1124 νοηθείη,
1249 1086 1366 1122 ἁπλοῖκὴ
1379 1086 1450 1114 κατὰ
1464 1086 1509 1112 τὸν
1518 1084 1581 1112 νοῦν
1593 1086 1610 1120 ή
1625 1085 1713 1111 ἔννοια
1725 1084 1829 1118 γίνεται
1838 1091 1845 1098 ·

1060 1135 1107 1162 καὶ
1123 1134 1232 1170 μᾶλλον,
1248 1134 1292 1160 ὅτε
1310 1134 1384 1160 ἁπλᾶ
1399 1133 1453 1159 είσι
1467 1132 1515 1159 καὶ
1529 1132 1720 1168 ἀσχημάτιστα
1734 1130 1768 1157 τὰ
1782 1129 1849 1166 περὶ

1060 1180 1097 1209 ὦν
1111 1181 1235 1217 λέγομεν.
1250 1181 1282 1208 Εί
1295 1179 1349 1216 γὰρ
1362 1180 1408 1207 καὶ
1416 1179 1462 1206 ὲπὶ
1473 1179 1528 1206 τῶν
1541 1177 1678 1213 αἰσθητῶν
1689 1177 1759 1204 οὕτω
1773 1175 1849 1203 νοοῦ-

1062 1236 1111 1264 μεν
1125 1226 1196 1254 κατὰ
1208 1226 1296 1261 ἁπλῆν
1310 1234 1371 1253 τινα
1385 1225 1523 1260 ἐπιϐολὴν,
1539 1224 1614 1260 πόσῳ
1628 1232 1661 1258 γε
1680 1222 1779 1258 μᾶλλον
1800 1221 1848 1249 ἐπὶ

1060 1271 1114 1298 τῶν
1136 1270 1255 1306 νοητῶν;
1271 1270 1325 1296 Διὰ
1337 1269 1363 1296 τί
1379 1269 1407 1299 δὲ
1425 1269 1571 1305 ζητοῦμεν,
1585 1269 1657 1300 ὅπως
1680 1267 1749 1304 πρὸς
1766 1266 1848 1294 ἁπλόα

1060 1326 1129 1352 τητα
1141 1316 1324 1352 ἀναχθείημεν
1334 1324 1342 1349 ;
1354 1316 1397 1343 ἵνα
1410 1315 1447 1351 μὴ
1459 1315 1589 1350 πάθωμεν
1600 1319 1647 1341 καί
1659 1314 1739 1350 ἡμεῖς
1749 1313 1849 1340 ταύτὸν

1060 1364 1116 1395 τοῖς
1132 1363 1238 1394 πολλοῖς
1252 1362 1366 1396 ἀνιέρως
1375 1360 1466 1388 νοοῦσι
1477 1360 1511 1386 τὰ
1523 1359 1594 1395 ἱερὰ,
1608 1359 1677 1386 ὥστε
1695 1359 1849 1391 πολύποδας

1061 1408 1109 1435 καὶ
1123 1407 1354 1443 πολυπροσώπους
1371 1405 1581 1442 ὑπολαμϐάνειν,
1597 1405 1645 1432 καὶ
1667 1404 1739 1431 κατὰ
1760 1405 1848 1440 κτήνη

1061 1457 1108 1484 καὶ
1133 1456 1214 1492 θηρία
1236 1455 1430 1490 τετυπωμένας
1453 1454 1502 1486 τὰς
1524 1454 1652 1490 οὐρανίας
1675 1453 1813 1489 δυνάμεις,
1831 1453 1848 1489 ἢ

1061 1504 1108 1531 καὶ
1120 1503 1207 1531 ἀετῶν
1223 1501 1293 1534 εἷδος
1305 1502 1431 1538 ἐχούσας,
1446 1502 1463 1537 ἢ
1478 1501 1525 1528 καὶ
1543 1500 1652 1536 πι-ηνῶν
1668 1500 1847 1536 πτεροφυῒαν,

1061 1547 1152 1580 καθὼς
1168 1549 1196 1574 ὲν
1211 1547 1249 1582 τῷ
1272 1545 1402 1582 Ἰεζεκιὴλ
1420 1546 1550 1582 dim-raw
1568 1544 1616 1571 καὶ
1628 1544 1741 1580 τροχοὺς
1755 1540 1849 1578 πυρώ-

226 1593 254 1616 t-t
266 1589 365 1617 multas
379 1590 464 1618 facies
479 1592 590 1624 habere,
614 1597 641 1619 et
657 1593 690 1619 ad
707 1592 841 1627 pecudum
856 1592 1011 1619 ferurumve

1063 1596 1117 1628 δεις
1135 1595 1348 1632 ύπερουρανίους
1370 1593 1562 1629 φαντάζεσθαι,
1583 1592 1631 1619 καὶ
1648 1591 1761 1628 θρόνους
1781 1590 1850 1626 πρὸς

227 1635 329 1662 fortnas
347 1635 515 1669 etl'ormatas,
538 1637 578 1664 rel
603 1637 756 1672 aquilarum
772 1637 892 1672 speciem
908 1645 964 1672 pra:
982 1645 1012 1665 se

227 1681 311 1713 ferre,
322 1687 368 1708 attt
380 1682 520 1709 volucrum
533 1683 771 1718 plumesccntiam.
783 1684 1011 1719 quemadmodum

227 1726 255 1752 in
284 1725 426 1754 Ezechiele
453 1728 603 1762 reperitur;
649 1733 677 1756 et
701 1736 735 1756 ne
758 1730 909 1764 cogitemus
939 1734 1012 1757 rotas

228 1773 360 1806 quasdam
378 1774 471 1808 igneas
486 1781 570 1809 supra
585 1776 698 1807 caelum.
721 1780 748 1803 et
768 1775 850 1803 sellas
867 1776 900 1802 ad
915 1776 1013 1804 seden-

228 1817 292 1844 dttttt
310 1818 539 1852 accommodatas,
565 1826 645 1856 atque
668 1828 755 1855 equos
779 1828 812 1848 ac
831 1820 964 1849 satellites
985 1826 1015 1848 et

228 1871 397 1898 quaecunque
414 1865 465 1891 alia
481 1873 496 1892 a
512 1866 653 1900 prophetis
675 1867 763 1894 sacris
779 1867 862 1894 variis
880 1867 1013 1903 symbolis

228 1914 292 1936 sunt
307 1910 419 1938 tradita.
440 1910 547 1939 Etenim
567 1912 674 1939 utiliter
697 1912 834 1948 theologia
851 1912 955 1940 similes
970 1919 1015 1940 sa-

229 1963 291 1982 cras
317 1957 419 1984 fortnas
449 1958 532 1986 rebus
562 1958 655 1993 figura:
684 1959 843 1994 expertibus
869 1959 1012 1992 adhibuit;

229 2001 329 2036 partim
344 2002 465 2036 quidem,
487 2009 518 2031 ut
541 2003 710 2038 intelligendi
735 2004 835 2032 virium
856 2010 1013 2033 nostrarum

230 2048 343 2075 haberet
361 2050 494 2077 rationem
507 2058 514 2082 ;
532 2050 632 2085 partim
647 2058 722 2080 vero.
737 2056 766 2078 ut
779 2051 920 2086 propriam
932 2051 1012 2080 nobis

230 2098 258 2120 et
276 2095 479 2122 conuaturaleut
495 2096 529 2123 ad
542 2103 662 2130 superna
679 2097 842 2132 penetraudi
856 2097 928 2124 viam
943 2105 1013 2132 prie-

230 2145 350 2173 pararct.
366 2141 393 2168 ln
408 2145 539 2176 quantum
554 2142 626 2170 enim
641 2143 770 2177 aquilam.
787 2151 813 2170 ν.
824 2151 863 2177 ς..
876 2144 1011 2177 nominat,

1063 1641 1202 1670 ἁνάκλισιν
1219 1640 1400 1676 ἐπιτηδείους,
1417 1640 1464 1666 καὶ
1481 1640 1590 1671 ἵππους,
1608 1638 1656 1665 καὶ
1671 1637 1849 1673 δορυφόρους,

1064 1688 1112 1715 καὶ
1124 1687 1175 1714 ὅσα
1196 1686 1263 1714 ἄλλα
1278 1686 1354 1722 παρὰ
1371 1686 1426 1713 τῶν
1441 1685 1522 1721 ίερῶν
1542 1684 1689 1722 προφητῶν
1710 1684 1754 1710 διά
1769 1692 1850 1709 τινων

1064 1733 1193 1760 ποικίλων
1209 1732 1413 1769 παραδέδονται.
1430 1732 1486 1759 Καὶ
1504 1731 1558 1767 γὰρ
1578 1730 1739 1766 ἐπιτηδείως
1754 1730 1771 1765 ὴ
1790 1729 1850 1756 θεο-

1063 1780 1141 1814 λογία
1151 1780 1208 1811 τοῖς
1213 1779 1344 1811 τοιούτοις
1354 1779 1436 1815 ίεροίς
1445 1778 1643 1813 σχηματισμοῖς
1652 1776 1758 1803 ἐπὶτῶν
1769 1776 1850 1811 ἀσχηι

1067 1826 1204 1862 ματίστων
1224 1825 1367 1861 ἐχρήσατο,
1381 1825 1438 1860 ἅμα
1452 1824 1500 1860 μὲν
1517 1823 1566 1860 τὴν
1585 1823 1698 1858 δύναμιν
1713 1821 1762 1848 τοῦ
1780 1822 1850 1857 ἡμε-

1063 1872 1145 1908 τέρου
1161 1872 1220 1903 νοὸς
1236 1870 1404 1906 σκεψαμένη,
1429 1870 1486 1906 ἃμα
1501 1869 1530 1896 δὲ
1551 1870 1598 1896 καὶ
1614 1869 1661 1895 τοῦ
1684 1867 1784 1895 οίκείου
1803 1868 1850 1895 καὶ

1065 1917 1206 1954 συμφυοῦς
1228 1918 1278 1953 τῆς
1294 1916 1440 1952 ἀναγωγῆς
1456 1916 1638 1952 προνοήσασα.
1662 1915 1706 1942 Ἐν
1728 1915 1782 1950 ὅσῳ
1796 1914 1851 1951 γὰρ

1065 1963 1139 1998 λέγει
1148 1963 1229 1998 τυχὸν
1242 1962 1330 1994 ἀετὸν,
1342 1961 1389 1988 δύο
1403 1961 1602 1994 κατασκευάζει
1614 1961 1649 1988 τὰ
1664 1961 1790 1996 μέγιστα,
1803 1960 1851 1986 καὶ

1065 2010 1132 2046 ἡμῖν
1145 2010 1201 2040 τοῖς
1217 2008 1343 2045 συνήθεσι
1356 2007 1484 2044 γνωρίζει
1498 2008 1534 2035 τὰ
1548 2009 1707 2044 πράγματα,
1727 2007 1774 2034 καὶ
1787 2006 1851 2033 τού-

1063 2063 1120 2086 τοις
1133 2054 1260 2089 φυλάττει
1269 2055 1300 2081 το
1311 2054 1444 2090 συμφυές
1456 2054 1486 2080 τὸ
1497 2054 1551 2090 γὰρ
1560 2053 1701 2089 ὀξυδερκὲς
1713 2053 1759 2080 καὶ
1769 2052 1852 2088 ταχύ-

1066 2109 1146 2127 τατον
1161 2100 1209 2127 καὶ
1222 2098 1277 2127 οἷον
1294 2100 1484 2136 ύπερηρμένον
1498 2099 1553 2127 τῶν
1562 2099 1699 2135 οὐρανίων
1711 2098 1851 2134 δυνάμεων

1067 2146 1243 2183 παρεδήλωσε
1252 2154 1259 2162 ο
1276 2147 1323 2173 καὶ
1339 2147 1386 2173 ἐπὶ
1398 2146 1453 2173 τῶν
1466 2146 1552 2174 ἄλλων
1567 2147 1595 2173 δὲ
1609 2145 1746 2178 ὡσαύτως.

230 2187 285 2214 duo
311 2188 389 2215 ttobis
412 2189 533 2216 maxima
551 2196 664 2225 pnestat
685 2198 692 2216 :
725 2191 859 2225 siquidem
888 2192 966 2219 nobis
987 2200 1022 2220 ex
1043 2195 1162 2222 assuetis
1193 2202 1236 2221 res
1253 2193 1328 2228 ipsas
1347 2194 1481 2226 declarat,
1510 2194 1608 2228 iisque,
1628 2193 1701 2227 quod
1718 2196 1852 2219 connatu-

231 2235 287 2264 rale
303 2239 362 2268 est,
384 2240 478 2263 servat
495 2245 502 2263 :
519 2244 582 2264 nam
599 2243 626 2265 et
641 2239 772 2265 cernendi
788 2246 901 2266 acumen
916 2247 950 2267 ac
974 2241 1155 2273 celeritatem,
1172 2242 1295 2276 adeoque
1323 2241 1536 2276 przecellentiam
1550 2241 1678 2268 virtutum
1700 2239 1850 2267 ccelestinut

231 2283 390 2315 declaravit,
403 2287 485 2317 atque
504 2283 530 2310 iit
545 2284 606 2311 aliis
621 2284 766 2312 similiter.

268 2327 282 2363 ᾗ
304 2329 336 2356 ll.
358 2328 426 2356 llittc
442 2329 578 2356 concludit
596 2331 732 2364 quomodo
754 2337 878 2365 oporteat
898 2339 947 2367 per
972 2339 1011 2359 res

1105 2331 1119 2367 ς
1137 2330 1168 2358 ΙΙ.
1197 2331 1336 2358 Ἐντεῦθεν
1357 2331 1566 2364 κατασκευάζει,
1589 2331 1648 2363 πῶς
1670 2333 1723 2368 χρὴ
1740 2333 1787 2359 καὶ⁴
1808 2333 1852 2360 διὰ

230 2375 377 2402 dissimiles
391 2383 422 2402 ac
438 2380 562 2402 terrenas
576 2377 702 2404 ccelestes
717 2377 854 2412 explicare
870 2386 878 2410 ;
900 2378 1011 2412 aitque:

231 2423 307 2456 Quod
325 2423 346 2449 si
358 2423 410 2457 21
425 2423 468 2451 cui
492 2423 635 2450 videantur
655 2431 741 2451 sacra:
759 2423 867 2458 quidem
891 2423 1015 2452 fictiones

229 2469 496 2504 compositionesque
508 2470 698 2504 approbatth,
717 2469 794 2504 quasi
805 2477 857 2497 non
869 2470 922 2497 alio
931 2478 1014 2504 quam

232 2517 283 2542 hoc
302 2515 394 2547 modo,
418 2516 453 2543 ita
468 2523 528 2550 qme
544 2517 570 2542 in
595 2523 624 2543 se
639 2521 811 2551 permanent,
834 2521 862 2544 et
878 2516 1016 2551 incognita

231 2567 314 2596 atque
328 2561 530 2596 iuaspectabilia
547 2562 834 2596 exsistunt,cogttosci
849 2562 1017 2597 queaut,ab-

230 2608 329 2634 surdas
345 2612 436 2634 autent
458 2607 597 2634 existimet
611 2607 778 2642 ejuscentodi
791 2608 1016 2642 compositiones,

233 2654 271 2680 uti
287 2658 315 2681 et
328 2661 438 2680 onmem
458 2653 530 2680 illam
554 2654 649 2680 rudem
670 2655 856 2690 angelicorum
873 2655 1016 2681 nominum

231 2699 467 2727 adutnbratiouem
479 2700 535 2727 sive
547 2707 670 2729 scenam.
684 2701 823 2736 Siquidem
844 2706 872 2728 ιιι
888 2702 915 2728 in
934 2709 1016 2728 scena

232 2745 277 2773 alii
298 2751 362 2773 sunt
383 2747 429 2780 qui
445 2748 555 2779 adsunt,
573 2747 688 2774 alioruut
711 2755 774 2775 vero
796 2755 928 2783 personas
943 2748 1017 2775 rele-

233 2796 308 2824 runt,
321 2793 359 2820 ita
373 2797 402 2820 et
416 2792 461 2820 ltic
479 2793 532 2820 alia
547 2795 698 2828 proposita,
713 2794 760 2821 sed
773 2794 825 2821 alio
840 2793 920 2821 tnodo
934 2801 1015 2828 quam

232 2838 378 2871 exsistant,
389 2837 554 2867 referuntur.
581 2841 619 2867 Ac
642 2842 742 2867 decere
769 2840 879 2875 quidem
907 2839 954 2867 illo
979 2839 1017 2865 ait

235 2885 384 2920 theologos,
409 2893 470 2914 cum
494 2893 525 2914 ea
551 2894 610 2921 qua:
636 2885 721 2923 ﬁgura
744 2892 839 2915 carent
861 2887 1016 2922 exprimere

1066 2376 1121 2404 τῶν
1132 2377 1266 2412 ἀνομοίων
1275 2377 1322 2404 καὶ
1333 2375 1479 2412 χθαμαλῶν
1491 2376 1666 2411 ἐκφαίνεσθαι
1677 2376 1712 2403 τὰ.
1722 2376 1833 2412 οὐράνια
1841 2385 1849 2392 ·

1067 2423 1113 2450 καί
1138 2431 1233 2459 φησιν’
1248 2423 1281 2449 Εί
1301 2423 1330 2449 δέ
1346 2431 1398 2449 τινι
1428 2423 1502 2450 δοκεῖ
1526 2421 1702 2457 ἀποδέχεσθαι
1730 2422 1779 2458 μὲν
1804 2421 1852 2453 τὰς

1069 2469 1265 2506 ἱερογραφικὰς
1290 2469 1428 2501 συνθέσεις
1450 2469 1498 2496 καὶ
1519 2468 1554 2495 τὰ
1575 2469 1732 2504 πλάσματα,
1756 2469 1794 2501 ὡς
1815 2469 1851 2504 μὴ

1069 2515 1157 2547 ἄλλως
1178 2515 1249 2548 ἐνὸν,
1271 2515 1296 2541 εί
1321 2515 1359 2551 μὴ
1381 2514 1466 2546 οὓτως
1481 2514 1516 2541 τὰ
1532 2514 1607 2541 ἁπλᾶ
1622 2515 1669 2541 καὶ
1685 2515 1726 2549 ἐφ’
1750 2514 1851 2541 ἑαυτῶν

1073 2562 1196 2598 μένοντα,
1211 2562 1258 2590 καὶ
1274 2562 1399 2596 ἄγνωστα
1413 2561 1459 2588 καὶ
1474 2560 1617 2596 ἁθεὼρητα
1630 2561 1793 2596 ὑπάρχοντα,
1808 2568 1850 2594 γι-

1071 2608 1222 2635 νώσκεσθαι
1231 2617 1237 2623 ·
1249 2608 1365 2639 ἀτόπους
1376 2607 1404 2634 δὲ
1415 2608 1502 2634 οἴεται
1511 2607 1560 2639 τὰς
1567 2607 1695 2639 τοιαύτας
1706 2606 1850 2639 συνθέσεις,

1071 2655 1119 2682 καὶ
1143 2655 1233 2681 πᾶσαν
1256 2655 1307 2690 τὴν
1333 2653 1468 2688 ἀπότομον
1501 2652 1602 2689 ταύτην
1625 2652 1679 2679 τῶν
1703 2651 1851 2686 ἀγγελικῶν

1070 2701 1209 2737 ὀνομάτων
1232 2701 1343 2736 σκηνήν.
1375 2699 1419 2731 Ὠς
1435 2699 1488 2735 γὰρ
1509 2700 1538 2726 ὲν
1553 2700 1587 2734 τῇ
1604 2700 1690 2734 σκηνῇ
1709 2697 1782 2724 ἄλλοι
1804 2698 1851 2733 μέν

1071 2748 1139 2773 εἰσιν
1150 2747 1175 2772 οί
1189 2746 1332 2782 παρόντες,
1344 2745 1452 2780 ἑτέρους
1465 2745 1492 2771 δὲ
1506 2745 1711 2780 ὑποκρίνονται·
1727 2743 1797 2769 οὕτω
1807 2743 1851 2770 καὶ

1069 2792 1185 2820 ἐνταῦθα
1196 2791 1263 2819 ἄλλα
1277 2791 1326 2827 μέν
1337 2792 1389 2817 είσι
1400 2790 1434 2817 τὰ
1445 2791 1621 2825 ὑποκείμενα,
1630 2790 1677 2816 καὶ
1684 2789 1852 2825 ἁλλοτρόπως

1070 2839 1204 2873 λέγονται.
1228 2839 1282 2865 Καὶ
1299 2838 1424 2874 πρέπειν,
1448 2837 1530 2874 φησὶν
1553 2837 1665 2869 ἐκεῖνος,
1683 2837 1746 2868 τοὺς
1768 2835 1853 2863 θεολό-

1072 2894 1146 2920 γους,
1165 2885 1341 2920 βουλομένους
1356 2884 1389 2910 τὰ
1406 2883 1574 2911 ἀνειχόνιστα
1589 2882 1731 2917 είκονίσαι,
1745 2881 1852 2914 οίκείοις
