1925 3070
119 130 170 158 I53

376 130 421 157 DE
436 127 599 158 C(ELESTI
620 127 840 160 HIERARCHIA,
860 126 939 155 CA’P.
957 126 989 154 ll.
1007 141 1042 147 ——
1060 125 1235 154 PARAPHR.
1254 125 1492 155 PACHYMERE.

1685 127 1738 157 ιει

117 185 165 212 καὶ
179 183 336 219 συγγενέσιν
347 183 484 218 ἐκφαίνειν
498 183 707 218 σχηματισμοῖς,
719 182 752 208 ὲκ
766 181 822 208 τῶν
838 190 893 217 παρ

956 181 1060 214 volunt,
1083 181 1202 216 propriis
1219 181 1263 209 illa
1283 182 1462 218 cognatisque
1483 182 1638 218 eﬂormare,
1657 192 1691 213 ex
1705 185 1738 212 iis

115 231 184 266 ἡμῖν
198 230 368 265 τιμιωτάτων
384 229 431 256 καὶ
446 228 535 255 ἀΰλων
549 228 651 260 ποσῶς,
667 228 787 264 δηλονότι
801 228 833 254 ὲκ
848 227 903 254 τῶν

115 275 304 312 ἀνθρωπίνων,
325 275 372 301 καὶ
389 275 427 310 μὴ
442 273 472 307 ἐξ
487 274 592 309 ἀλόγων
608 273 624 308 ἢ
650 274 695 300 καὶ
711 273 821 309 ἀψύχων
831 282 838 288 ·
856 273 903 300 καὶ

118 321 157 357 μὴ
175 321 340 357 περιτιθέναι
360 319 547 355 πολυμορφίας
567 320 676 352 ὲνύλους
696 322 756 352 ταῖς
772 321 902 356 ὑπερκει-

116 368 212 403 μέναις
225 367 382 403 ἀπλάτησινν
404 367 482 394 Οὕτω
494 366 548 402 γὰρ
561 367 594 393 ἂν
610 366 689 402 εἴπερ
701 366 841 402 ἐποίησαν,
855 367 903 394 δύο

114 412 228 447 ἔμελλον
242 413 354 448 ποιῆσαι
371 413 405 439 τά
430 412 529 446 ἀγαθὰ,
547 413 593 438 καὶ
610 413 683 448 ἡμᾶς
702 412 812 446 ἀνάγειν
835 412 903 447 πρὸς

89 480 95 484 .
114 459 258 494 κρείττονα
281 459 328 485 καὶ
344 458 511 494 ὑψηλοτέραν
531 458 644 489 ἔννοιαν,
665 458 711 485 καὶ
731 458 765 485 τὰ
784 458 902 494 ὑπερκό-

114 512 184 539 σμια
200 504 237 541 μὴ
254 504 382 538 κατάγειν
400 505 446 531 καὶ
459 503 589 539 ἀτιμοῦν·
607 504 646 539 τῷ
658 503 712 539 γάρ
733 503 818 535 οὕτως
832 504 903 530 εἰκο-

113 552 262 585 νογραφεῖν
277 550 321 576 διὰ
333 550 387 576 τῶν
398 550 544 585 ἀλλοτρίων
556 551 723 581 παντάπασι,
736 549 781 576 δύο
796 546 901 576 ποιοῦσι

112 595 150 622 τὰ
167 596 302 631 χείριστα,
325 597 356 623 τό
377 605 406 623 τε
424 596 463 628 εἰς
480 595 514 622 τὰ
537 596 597 623 θεῖα
610 596 770 632 ἐξυϐρίζειν,
791 596 838 622 καὶ
852 595 901 632 τὴν

111 641 252 676 ἡμετέραν
271 641 429 677 ἀποπλανᾷν
445 641 563 668 διάνοιαν
579 642 619 672 είς
634 641 683 673 τὰς
696 641 818 677 ἀνιέρους
833 649 901 676 συμ-

111 686 228 719 πλάσεις
238 687 465 722 ἐναπομένουσαν.
474 688 529 714 Καὶ
541 687 610 722 τάχα
622 688 668 714 καί
679 696 720 719 τις
734 687 901 723 ὑπολήψαιτο

110 732 224 760 τοιαῦτα
234 733 269 760 τὰ
280 734 473 769 ὑπερουράνια,
485 733 555 759 ὥστε
567 734 614 760 καὶ
625 733 733 766 λέοντας
743 734 790 760 καὶ
801 734 900 765 ἵππους

111 777 194 811 εἶναι,
208 780 254 806 καὶ
268 780 340 806 κατά
353 780 417 811 τοὺς
432 779 496 814 βόας
511 779 648 815 μυκᾶσθαι
663 780 712 815 τὴν
728 779 899 815 ὑμνολογίαν,

111 826 159 852 καὶ
175 825 225 857 τὰς
239 827 328 852 ὲκεῖσε
344 827 559 862 ταγματαρχῐας,
575 826 710 861 ὀρνιθείας
737 825 900 860 ἀγελαρχίας

955 227 1036 254 rebus
1050 235 1110 262 qua:
1126 228 1196 262 apud
1214 235 1263 255 nos
1278 228 1486 263 pretiosissima
1501 234 1576 262 sunt,
1592 230 1738 266 minusque

953 273 1122 308 materialcs,
1135 274 1210 301 verbi
1226 274 1322 309 gratia,
1339 275 1466 303 humanis
1480 280 1507 303 et
1521 284 1573 304 non
1592 277 1738 314 irrationa-

954 318 1019 346 lium
1045 324 1128 354 atque
1154 319 1369 347 inanimatarum
1394 328 1484 348 rerum
1513 322 1629 356 liguris:
1649 330 1738 358 neque

954 365 1108 393 materiales
1131 365 1361 393 multiiurmitates
1375 367 1510 401 supremis
1531 367 1584 395 illis
1604 369 1737 396 maxime-

953 419 1006 445 que
1021 411 1191 446 simplicibus
1206 412 1288 439 rebus
1304 411 1483 448 aﬂingeudas.
1501 413 1557 441 lloc
1572 414 1646 442 enim
1662 415 1684 442 si
1698 415 1738 442 fe-

952 457 1068 489 cissent,
1085 458 1139 486 duo
1152 458 1222 486 bona
1239 459 1450 494 przestitissent;
1472 467 1533 487 cum
1548 468 1598 487 nos
1617 461 1651 488 ad
1664 468 1736 497 prae-

953 503 1112 530 stantiorem
1124 504 1365 540 sublimioremqne
1373 506 1564 541 cogitationem
1574 507 1735 539 erexissent,

940 540 1008 574 'tum
1026 549 1075 576 ista
1090 550 1320 584 supermundialia
1346 558 1398 577 non
1411 540 1456 578 fila
1479 551 1641 584 dejecissenl
1654 557 1682 579 et
1695 552 1738 579 in-

952 594 1211 622 honorassentJam
1225 603 1289 623 vero
1302 596 1346 623 illa
1360 597 1399 624 sic
1412 597 1509 624 alienis
1521 598 1631 625 omnino
1644 598 1736 634 ﬁguris

952 639 1142 672 describendo,
1158 640 1226 668 duas
1246 649 1291 668 res
1313 642 1447 676 pessimae
1467 643 1662 677 committunt;
1679 649 1735 671 tuin

951 687 1022 721 quod
1039 694 1081 714 res
1096 687 1204 714 divinas
1224 688 1423 715 contumeliose
1440 693 1575 721 tractent;
1593 695 1647 717 tum
1663 691 1734 724 quod

951 732 1118 759 intellectum
1142 738 1264 760 nostrum
1278 734 1305 760 in
1319 741 1441 761 errorem
1466 735 1607 768 inducant,
1622 736 1733 763 sacrile-

950 786 1045 814 gisque
1058 780 1305 813 compositionibus
1317 785 1415 814 cogant
1429 781 1572 808 inhaerere.
1588 781 1621 809 Et
1633 782 1734 809 fortas-

952 823 990 849 sis
1005 823 1086 850 ctiam
1102 823 1203 859 aliquis
1218 825 1414 860 suspicabitur.
1432 834 1474 853 res
1487 826 1613 855 cmlestes
1628 828 1733 862 ejnsce-

110 868 192 902 εἶναι,
215 871 263 898 καὶ
278 871 335 903 ζῶα
350 871 443 907 ἕτερα,
467 872 514 898 καὶ
528 871 593 904 ὔλας
616 872 698 904 ἄλλας
721 871 893 907 ἀτιμοτέρας,

949 869 1020 896 modi
1036 871 1178 904 exsistere,
1197 876 1226 898 ut
1249 876 1276 898 et
1293 871 1385 899 leones
1403 873 1458 900 sint
1473 877 1501 900 et
1514 873 1585 908 equi,
1599 875 1734 909 boumque

110 918 158 944 καὶ
169 918 219 944 ὅσα
236 918 313 950 ἄλλα,
329 918 397 954 πρὸς
409 918 439 944 τὸ
451 917 550 945 ἄτοπον
564 920 611 946 καὶ
627 919 701 952 ξένον
715 919 762 946 καὶ
777 918 898 954 ἐμπαθὲς

109 963 306 996 ἀποπεσοῦσαι,
328 965 356 991 αἱ
379 963 503 991 τοιαῦται
521 965 642 1000 ἀνόμοιοι
658 965 815 1001 ὁμοιότητες
851 966 897 992 καὶ

109 1007 184 1040 ξέναι
207 1009 310 1042 εἰκόνες
335 1009 441 1036 ποιοῦσι
473 1010 663 1044 φαντάζεσθαι.
693 1011 724 1038 Εἰ
747 1011 832 1038 ταῦτα
856 1020 898 1043 τις

108 1053 184 1088 λέγει
207 1055 463 1092 καὶδιισχυρίζεται,
477 1057 533 1084 ἀλλ’
546 1057 621 1093 ήτῆς
632 1057 758 1092 ἀληθείας
772 1058 894 1094 ζήτησις,

109 1101 155 1127 καὶ
171 1101 188 1136 ἡ
211 1101 332 1137 ἡμετέρα
354 1102 487 1138 ἑρμηνεία
511 1111 541 1129 τε
565 1103 612 1129 καὶ
633 1102 763 1139 ἐξήγησις
787 1105 814 1130 ὲν
836 1106 897 1137 ταῖς

108 1147 245 1179 τοιαύταις
267 1147 423 1183 μορφώσεσι
445 1149 495 1184 τὴν
513 1149 610 1184 σοφίαν
637 1150 759 1186 εὑρίσκει
780 1160 896 1188 προνοη-

109 1194 229 1229 σαμένην
241 1195 287 1221 καὶ
298 1194 351 1220 τῶν
367 1195 414 1222 δύο
426 1195 527 1231 μερῶν,
538 1196 616 1231 ἡμῶν
625 1205 654 1223 τε
665 1197 719 1224 τῶν
733 1199 894 1233 ἀκουόντων,

106 1240 241 1267 κάκείνων
257 1242 321 1276 περὶ
336 1239 373 1268 ὦν
388 1242 452 1273 τοὺς
471 1242 566 1276 λόγους
588 1243 742 1270 ποιοῦνται·
766 1245 804 1276 ὡς
827 1247 895 1281 μήτε

107 1285 214 1318 ὲκείνας
227 1286 427 1322 ὲνυῦρίζεσθαι,
444 1288 512 1323 μήτε
532 1287 584 1323 μὴν
605 1289 679 1324 ἡμᾶς
695 1291 827 1326 ἐμπαθῶς
853 1293 895 1319 ὲν-

106 1333 252 1367 απομένειν
270 1335 330 1365 ταῖς
344 1333 481 1366 τοιαύταις
500 1335 685 1370 ταπεινότησι.
702 1336 733 1363 Τί
748 1337 776 1363 δέ
790 1338 863 1364 ἐστιν
877 1339 893 1374 ὴ

105 1378 254 1414 ἀτιμοτέρα
264 1378 325 1414 ὕλη,
341 1380 387 1406 καὶ
401 1379 426 1406 τί
439 1380 469 1406 τὸ
479 1380 578 1407 ἄτοπον
591 1381 639 1407 καὶ
654 1381 728 1414 ξένον
743 1383 789 1409 καὶ
804 1383 894 1418 ἐμπα-

105 1423 160 1455 θὲς,
175 1425 257 1459 φησὶν
271 1426 285 1451 ό
312 1424 453 1461 Ίεζεκιὴλ,
471 1427 509 1458 ὡς
522 1428 648 1464 ὁμοίωμα
662 1428 813 1463 ἑωρακέναι
828 1428 892 1464 θρό-

104 1476 161 1500 νου,
180 1470 227 1496 καὶ
246 1470 284 1501 ὡς
305 1471 430 1506 ὁμοίωμα
448 1471 563 1505 λέοντος.
591 1474 618 1500 '0
637 1473 730 1510 θρόνος
745 1475 892 1510 ἀτιμοτέρα

105 1513 155 1549 ὕλη
175 1514 222 1541 τοῦ
239 1515 353 1548 λέοντος,
373 1517 413 1543 ὃτι
437 1518 519 1550 αὐτὸς
535 1519 583 1554 μὲν
608 1519 720 1554 ἄψυχος,
744 1521 758 1546 ό
779 1521 807 1548 δὲ
823 1520 892 1548 λέων
905 1530 926 1559 c

104 1558 225 1594 ἔμψυχος
235 1569 241 1575 ·
256 1560 330 1593 ξένον
343 1561 371 1588 δὲ
386 1563 433 1589 καὶ
447 1563 546 1590 ἄτοπον
559 1565 606 1591 καὶ
620 1565 740 1600 ἐμπαθές
753 1567 835 1599 ἐστιν,
850 1567 891 1594 ὅτι

102 1604 133 1630 τὸ
143 1605 349 1642 λεοντόμορφον,
361 1607 476 1644 θυμικόν
486 1618 512 1636 τι
527 1610 664 1645 σημαίνειν
674 1611 757 1638 καὶτὸ
768 1612 892 1648 μόσχειον

103 1649 183 1682 εἶδος,
200 1651 414 1688 ἐπιθυμητικόν·
435 1655 514 1682 άτινα
530 1656 603 1691 πάθη
619 1657 665 1684 καὶ
684 1658 788 1692 μεγάλα
804 1659 892 1696 ὖπάρ-

102 1705 205 1732 χουσιν.
222 1699 260 1724 ού
273 1699 314 1725 δεῖ
322 1700 386 1734 γοῦν
400 1701 531 1736 ἐμπαθῶς
541 1703 628 1730 ταῦτα
642 1706 721 1731 νοεῖν.
744 1706 799 1732 Καὶ
813 1705 890 1741 πρῶ-

101 1752 147 1769 τον
159 1744 209 1779 μὲν
221 1745 399 1778 δεικνύουσιν,
410 1748 451 1774 ὅτι
466 1749 513 1775 καὶ
527 1749 689 1785 ἀμφοτέρων
705 1752 891 1788 προύνοήσατο

101 1791 119 1826 ἠ
135 1792 215 1826 σοφία
230 1792 277 1820 τοῦ
292 1793 359 1820 Θεοῦ
376 1794 446 1822 οὕτω
459 1797 606 1832 ποιήσασα,
622 1798 668 1824 καὶ
683 1799 760 1834 ἡμῶν
775 1800 822 1826 καὶ
835 1800 889 1827 τῶν

100 1839 234 1874 οὐρανίων
247 1840 359 1867 ἐκείνων
369 1850 376 1856 ·
391 1841 470 1876 ἡμῶν
483 1843 542 1877 μὲν,
558 1843 599 1869 ὃτι
618 1844 704 1877 ἄλλως
721 1845 771 1872 ούκ
786 1844 820 1881 ἦν
836 1856 889 1882 μα-

101 1884 159 1911 θεῖν
170 1886 205 1912 τὰ
218 1885 330 1912 τοιαῦτα
340 1895 347 1902 ·
365 1888 476 1915 ἐκείνων
491 1889 529 1922 δὲ,
545 1890 596 1923 ὃτι,
609 1891 648 1922 ὡς
663 1892 791 1927 μυστικὰ,
803 1892 889 1925 οὕτως

99 1930 264 1966 ἀποῤῥήτως
285 1932 333 1959 καὶ
348 1933 397 1959 οὐκ
413 1934 501 1966 ἄλλως
525 1935 578 1962 ἔδει
601 1937 784 1971 ἐκφαίνεσθαι.
812 1937 889 1965 Μετά

98 1977 186 2003 ταῦτα
206 1977 234 2004 δὲ
251 1977 343 2010 δείξει,
365 1978 425 2011 πῶς
442 1979 473 2006 οὐ
496 1979 655 2016 λυμαίνεται
669 1983 725 2014 τοῖς
743 1983 888 2019 πράγμασι

98 2021 130 2047 τὸ
144 2022 317 2057 ἀπεμφαῖνον
339 2023 386 2050 καὶ
410 2019 536 2060 ἀνόρίοιον
551 2026 606 2052 τῶν
626 2027 809 2062 εἰκασμάτων.
832 2029 888 2055 Καὶ

98 2065 132 2101 δή
150 2075 242 2102 φησιν,
256 2068 296 2094 ὅτι
311 2068 423 2101 εἰκότως
437 2071 609 2105 προτίθενται
623 2073 647 2098 oi
661 2072 740 2099 τύποι
757 2073 812 2100 τῶν
825 2075 888 2101 ἀτυ-

99 2109 209 2143 πώτων,
225 2113 273 2138 καὶ
283 2112 336 2138 τῶν
348 2113 558 2150 ἀσχηματίστων
568 2116 602 2143 τὰ
617 2118 753 2153 σχήματα·
763 2119 795 2145 οὐ
808 2119 887 2154 μόνον

98 2155 143 2182 διὰ
150 2157 180 2183 τὸ
187 2159 321 2195 ἡμέτερον
335 2159 456 2193 ἀσθενὲς,
467 2161 504 2197 μὴ
518 2163 580 2189 οἴων
594 2172 623 2190 τε
632 2164 716 2191 ὄντων
723 2165 834 2200 ἀμέσως
841 2167 888 2193 καὶ

949 923 1024 942 more
1038 915 1132 944 laudes
1146 918 1278 952 mugiant,
1293 924 1374 952 atque
1388 919 1486 946 ibidem
1500 924 1649 947 turmarum
1663 929 1732 956 prae-

948 960 1069 994 fecturae.
1079 966 1106 989 et
1118 962 1270 990 aviculares
1286 963 1456 998 principatus
1471 965 1616 997 exsistant,
1626 966 1732 1001 aliaque

947 1008 1088 1040 animalia,
1111 1008 1268 1036 materimve
1291 1009 1352 1036 alia;
1370 1009 1490 1042 viliores,
1516 1016 1542 1037 et
1564 1018 1732 1046 quaecunque

947 1052 1010 1084 alia,
1024 1053 1057 1080 ad
1073 1053 1202 1085 absurda.
1225 1055 1383 1088 peregrina,
1399 1056 1595 1091 passionesque
1614 1063 1732 1092 vergen-

948 1100 994 1132 tia,
1008 1098 1154 1126 dissimiles
1167 1100 1299 1133 ejusmodi
1319 1108 1351 1127 ac
1365 1102 1523 1136 .percgrinm
1535 1102 1666 1137 imagines
1683 1111 1731 1131 co-

918 1144 923 1148 ”
946 1145 1125 1180 gitationibus
1149 1146 1294 1180 objiciunt.
1318 1147 1346 1174 Si
1369 1148 1431 1183 quis
1458 1151 1516 1175 haec
1540 1149 1681 1182 objecerit,
1704 1154 1732 1176 et

947 1191 1118 1227 indignetur;
1144 1193 1270 1220 veritatis
1292 1197 1383 1224 tamen
1408 1193 1558 1229 indagatio,
1584 1200 1731 1230 nostraque

945 1238 1138 1273 interpretatio
1150 1245 1231 1274 atque
1247 1239 1394 1274 explicatio
1410 1241 1435 1267 in
1449 1240 1586 1268 similibus
1603 1241 1730 1269 elIormav

946 1285 1065 1312 tionibus
1087 1285 1200 1320 reperit,
1224 1286 1333 1320 utrique
1359 1287 1430 1320 parti
1452 1287 1615 1321 sapientiam
1642 1287 1731 1322 provi-

945 1330 1027 1362 disse,
1049 1335 1103 1357 tam
1126 1331 1215 1364 nobis,
1237 1332 1359 1367 inquam,
1375 1332 1558 1365 auditoribus,
1574 1340 1656 1367 quam
1671 1333 1728 1360 illis

944 1374 978 1401 de
992 1376 1091 1409 quibus
1102 1383 1194 1403 sermo
1209 1376 1383 1404 instituitur:
1401 1383 1429 1404 ut
1445 1385 1534 1412 neque
1552 1378 1618 1412 ipsis
1630 1377 1729 1411 injuria

945 1419 1002 1453 (lat,
1019 1428 1108 1456 neque
1124 1429 1174 1448 nos
1186 1421 1354 1456 ejuscemodi
1368 1422 1466 1450 formis
1478 1423 1591 1457 abjectis
1606 1425 1728 1452 tenacius

944 1466 1145 1495 adlizereamus.
1167 1467 1297 1500 Quaenam
1312 1473 1403 1496 autem
1424 1469 1504 1497 vilior
1529 1470 1573 1497 illa
1589 1471 1626 1498 sit
1643 1476 1729 1499 mato-

944 1511 995 1543 ria,
1008 1512 1109 1546 quidve
1126 1512 1190 1539 illud
1210 1514 1358 1541 absurdum
1378 1522 1409 1541 ac
1421 1515 1605 1549 peregrinum,
1626 1520 1654 1544 et
1667 1524 1729 1551 pas-

943 1557 1064 1585 sionibus
1077 1558 1237 1594 implexum,
1250 1560 1289 1587 ait
1302 1559 1437 1593 Ezechiel,
1448 1569 1462 1587 a
1476 1569 1505 1588 se
1519 1562 1603 1589 visam
1614 1569 1728 1590 narrans

943 1604 1032 1632 throni
1049 1605 1267 1638 similitudinem,
1282 1611 1310 1634 et
1321 1607 1398 1642 quasi
1413 1607 1617 1636 similitudinem
1630 1608 1726 1638 leonis.

942 1650 1068 1678 'l‘hronns
1091 1652 1183 1686 utique
1197 1652 1275 1679 vilior
1291 1653 1402 1680 materia
1425 1653 1514 1687 leone,
1540 1655 1666 1689 quoniam
1682 1655 1728 1682 ille

941 1697 1030 1724 aninta
1057 1702 1143 1730 caret.
1168 1698 1211 1726 leo
1235 1706 1301 1726 vero
1323 1699 1415 1726 vivit:
1438 1700 1613 1735 peregrinum
1635 1706 1726 1729 autem

940 1742 1005 1769 illud
1026 1747 1054 1770 et
1074 1743 1223 1770 absurdum
1250 1744 1479 1780 passionibusque
1502 1746 1650 1781 implexum
1671 1752 1725 1780 est.

940 1789 1069 1823 quoniam
1085 1789 1172 1816 leonis
1186 1789 1273 1817 l'orma
1286 1790 1338 1816 vim
1354 1791 1489 1818 irascendi
1504 1791 1558 1826 22
1576 1792 1724 1826 signiﬁcat.

940 1835 1072 1870 vitulique
1084 1836 1201 1871 species.
1215 1836 1270 1863 vim
1285 1836 1496 1871 concupiscendi
1509 1845 1518 1870 ;
1542 1845 1603 1872 qua:
1619 1838 1724 1872 passio-

940 1888 989 1908 nes
1001 1885 1027 1908 et
1041 1881 1149 1916 quidem
1165 1882 1339 1910 vehementes
1352 1888 1426 1911 sunt.
1440 1883 1497 1910 Non
1511 1889 1620 1919 oportet
1633 1885 1725 1920 itaque

939 1926 984 1954 illa
1007 1927 1113 1962 patibili
1137 1927 1217 1956 tnodo
1241 1929 1377 1964 accipere.
1406 1930 1446 1957 Ac
1470 1930 1587 1965 primum
1614 1931 1723 1965 quidem

939 1974 1095 2007 ostendunt,
1109 1973 1155 2001 Dei
1169 1974 1333 2009 sapientiam
1351 1976 1485 2011 utrisque,
1504 1982 1558 2004 tant
1574 1978 1652 2005 nobis
1666 1978 1722 2006 sci-

939 2018 1002 2046 licet
1015 2027 1095 2054 quam
1113 2020 1258 2047 virtutibus
1276 2020 1446 2053 ccelestibus,
1461 2022 1513 2049 hac
1537 2023 1644 2051 ratione
1658 2015 1723 2052 con-

938 2065 1071 2094 suluisse:
1085 2066 1174 2098 nobis.
1183 2067 1305 2101 inquam,
1317 2068 1450 2102 quoniam
1462 2068 1541 2095 aliter
1554 2069 1605 2096 ista
1619 2070 1724 2097 discere

938 2117 991 2137 non
1005 2115 1162 2145 poteramus
1174 2119 1182 2144 ;
1196 2111 1249 2139 illis
1263 2119 1340 2146 vero,
1358 2112 1458 2148 quippe
1472 2114 1607 2149 mysticis,
1621 2122 1723 2143 conve-

939 2158 1030 2185 niebat
1051 2158 1091 2186 sic
1109 2158 1217 2187 occulte
1233 2163 1261 2185 et
1279 2166 1332 2186 non
1349 2159 1429 2187 aliter
1445 2161 1588 2195 explicari.
1606 2161 1647 2188 Ad
1665 2161 1723 2189 haec

98 2201 160 2236 δίχα
178 2203 272 2231 τύπων
294 2206 340 2232 ἐπὶ
364 2206 414 2238 τὰς
435 2208 533 2242 νοητὰς
556 2208 671 2245 θεωρίας
689 2211 884 2245 ἀνατείνεσθαι,

944 2204 1046 2238 probat,
1066 2204 1201 2238 quomodo
1223 2203 1306 2232 rebus
1320 2205 1387 2239 ipsis
1408 2205 1604 2234 dissimilitudo
1626 2207 1671 2234 illa
1693 2213 1722 2236 et

97 2247 167 2274 ἀλλὰ
173 2249 217 2276 διὰ
226 2250 316 2286 μέσων
326 2252 491 2287 μορφώσεων
501 2263 532 2280 συ
536 2255 631 2290 μφυῶν
639 2257 686 2283 καὶ⁸
694 2257 759 2292 ἡμῖν
767 2257 885 2291 οἰκείων,

97 2292 131 2324 ἃς
145 2293 177 2330 δὴ
192 2295 240 2322 καὶ
251 2296 425 2332 προτιθέασιν
439 2299 466 2324 αἱ
480 2299 588 2334 Γραφαὶ
602 2301 714 2328 ἐκείνων
726 2302 782 2329 τῶν
803 2304 888 2339 ὑπερ-

97 2339 172 2373 φυῶν
187 2340 330 2376 θεαμάτων
341 2352 347 2358 ·
369 2343 427 2370 ἀλλ’
444 2345 485 2371 ὅτι
507 2347 553 2373 καὶ
567 2348 646 2374 τοῦτο
660 2351 719 2380 ταῖς
742 2351 887 2384 μυστικαῖς

97 2385 220 2420 Γραφαῖς
229 2388 464 2423 πρεπωδέστατον,
484 2391 518 2418 δι’
532 2393 696 2430 ἀπορρήτων
716 2396 886 2431 αἰνιγμάτων

94 2430 131 2457 τὰ
148 2433 266 2466 μυστικὰ
279 2433 512 2470 ἀποκρύπτεσθαι,
531 2439 578 2465 καὶ
599 2439 698 2466 ἄϐατον
710 2430 814 2467 τιθέναι
827 2443 885 2474 τοῖς

95 2476 204 2508 πολλοῖς
222 2478 272 2513 τὴν
297 2480 414 2515 κρυφίαν
439 2481 578 2517 ἀλήθειαν.
604 2485 682 2511 Ἔστι
705 2485 760 2521 γὰρ
777 2487 807 2512 οὺ
830 2487 884 2519 πᾶς

96 2523 180 2559 ἱερὸς,
204 2524 264 2551 οὐδὲ
278 2526 386 2553 πάντων
399 2527 416 2562 ἡ
429 2528 539 2562 γνῶσις,
558 2530 649 2562 καθὼς
662 2532 676 2558 ὁ
691 2531 792 2568 Κύριός
818 2541 883 2568 φησι

95 2568 163 2603 πρὸς
176 2569 242 2601 τοὺς
279 2571 443 2604 ἀποστόλους
453 2582 459 2589 ·
486 2574 571 2609 ’Υμῖν
585 2575 702 2603 δέδοται
725 2577 834 2612 γνῶναι
848 2578 885 2604 τὰ

91 2614 247 2648 μυστήρια
259 2616 315 2649 τῆς
327 2617 489 2652 βασιλείας
501 2619 561 2646 τῶν
574 2621 718 2655 οὐρανῶν.

939 2249 1111 2284 inaequalitas
1123 2249 1270 2284 eiligierum
1283 2249 1396 2278 minime
1413 2251 1523 2279 ofﬁciat.
1536 2252 1623 2288 luquit
1634 2254 1720 2286 ettim,

936 2300 998 2335 jure
1021 2301 1119 2328 merito
1146 2301 1238 2335 ﬁgura:
1262 2300 1347 2328 rebus
1374 2299 1546 2334 inﬁguratis,
1572 2299 1721 2334 {ornusque

937 2346 1026 2382 l‘orma
1047 2346 1206 2373 carentibus
1216 2345 1385 2380 allinguntur
1401 2353 1456 2372 non
1475 2349 1584 2379 propter
1597 2351 1718 2372 nostram

937 2393 1068 2420 duntaxat
1091 2391 1321 2424 imbecillitatem,
1346 2398 1399 2426 qua
1419 2398 1472 2417 non
1491 2390 1611 2418 valemus
1625 2391 1719 2418 imme-

935 2438 1008 2466 diate
1027 2443 1054 2466 et
1069 2438 1128 2465 sine
1148 2438 1243 2472 ﬁguris
1258 2437 1292 2464 ad
1317 2436 1455 2472 spiritales
1477 2443 1572 2464 earutn
1595 2440 1720 2465 contem-

934 2483 1067 2518 plationes
1088 2491 1243 2518 assurgere,
1260 2485 1384 2518 adeoque
1398 2490 1466 2517 opus
1488 2483 1620 2510 habemus
1634 2483 1716 2511 inter-

933 2531 1030 2558 mediis
1063 2531 1097 2558 iis
1123 2530 1359 2558 eil‘ormationibus
1387 2531 1469 2558 nobis
1493 2531 1717 2559 connaturalibus

934 2577 1114 2613 propriisque,
1136 2584 1204 2611 quas
1228 2577 1332 2604 idcirco
1346 2584 1433 2604 sacras
1454 2576 1606 2611 Scriptura:
1620 2583 1716 2612 super-

934 2623 1106 2652 naturalibus
1120 2624 1181 2652 istis
1195 2624 1358 2659 spectaculis
1372 2626 1564 2660 praetendunt;
1584 2625 1632 2654 sed
1644 2633 1715 2661 quo-

95 2659 168 2686 niam
180 2661 263 2688 etiam
278 2661 303 2688 id
315 2663 438 2698 mysticis
451 2664 601 2700 Scripturis
626 2668 745 2696 maxime
765 2669 907 2701 convenit,
923 2677 1087 2698 arcanorum
1109 2670 1254 2706 aenigmata
1277 2659 1420 2704 abscondi,
1440 2678 1469 2699 et
1486 2673 1619 2702 occultam
1640 2672 1712 2700 illam

95 2706 240 2739 Veritatem
257 2708 338 2743 Vulgo
353 2717 414 2736 esse
441 2711 622 2740 inaccessam.
648 2713 743 2748 Neque
770 2715 843 2742 enim
871 2716 959 2751 quivis
973 2721 1086 2745 sanctus
1100 2721 1151 2749 est.
1165 2723 1254 2751 neque
1270 2717 1392 2744 omnium
1406 2722 1448 2746 est
1463 2718 1594 2754 cognitio,
1617 2725 1713 2755 quem-

95 2759 111 2778 a
122 2753 239 2780 itnodmn
255 2753 386 2782 Dominus
397 2755 436 2784 ait
450 2759 483 2784 ad
498 2759 638 2793 apostolos
656 2769 664 2788 :
685 2759 764 2788 Vobis
778 2761 870 2790 datum
885 2767 924 2790 est
937 2771 1013 2791 noue
1026 2763 1149 2799 mysteria
1168 2764 1240 2799 regni
1252 2762 1374 2792 calorum
1389 2764 1417 2793 ι’.

135 2856 148 2874 δ
166 2853 260 2882 Matth.
275 2863 336 2889 xm,
351 2856 394 2886 Η.
