1933 3075
202 149 266 185 "tsi;

793 158 821 185 S.
841 157 988 186 DIONYSII
1005 154 1237 184 AREOPAGITIE

1781 154 1833 182 156

254 217 273 253 5'
287 217 329 245 lll.
346 217 423 251 Quod
442 218 463 244 si
480 225 545 244 vero
557 217 618 252 quis
634 217 776 244 admiserit
789 217 897 252 quidem
914 216 996 243 talem

1086 214 1100 249 ᾗ
1117 215 1159 242 lll.
1171 215 1204 241 Εἰ
1223 214 1253 241 δέ
1267 222 1310 246 τις
1331 213 1433 248 δέχοιτο
1448 213 1497 249 μὲν
1511 213 1560 249 τὴν
1576 212 1704 248 τοιαύτην
1722 211 1766 238 διὰ
1779 211 1833 238 τῶν

214 270 263 298 per
280 270 324 290 res
342 263 457 290 sensilcs
479 270 570 290 rerum
591 263 754 297 spiritalium
772 261 998 296 comprehensio-

215 317 290 341 nem,
314 309 360 337 sed
379 309 512 343 improbet
531 309 664 336 duntaxat
687 309 821 336 absurdas
841 307 997 335 istiusmodi

215 355 363 383 formarum
387 355 521 387 ﬁctiones,
546 355 653 387 dicens,
680 355 835 389 pudendum
858 362 919 382 esse
942 359 995 382 tam

201 404 203 407 ‘
215 406 308 436 turpes
320 401 400 428 rebus
413 400 592 428 deiformibus
606 400 708 434 ﬁguras
722 400 939 432 accommodari;
957 399 994 427 illi

215 447 316 474 dicttnn
329 445 445 473 sulliciat
456 446 588 480 duplicem
601 452 660 472 esse
670 445 859 472 manifestandi
872 446 994 480 modum,

215 493 330 520 alterum
350 492 457 527 quidem
475 499 507 518 ex
524 491 668 523 similibus,
687 492 802 518 alterum
818 499 882 519 vero
896 500 930 519 ex
941 493 996 520 dis-

213 539 351 566 similibus
377 537 471 565 formis
493 537 622 565 ellictum.
653 537 702 565 Uhi
729 539 844 565 observa
865 538 994 572 primum,

215 585 280 620 quid
310 585 343 611 de
370 585 424 612 Deo
454 584 575 619 mystica:
600 584 803 618 Scripturarum
835 585 995 612 traditiones

215 631 379 657 enuntient:
409 630 569 664 quandoque
596 630 706 664 quidem
731 638 763 657 ex
791 630 941 662 similibus.
967 635 997 657 ut

214 676 326 702 verbum
342 682 374 702 ac
388 679 514 704 mentem.
526 675 603 709 juxta
619 675 682 702 illud
695 683 702 701 :
727 675 792 708 Quis
806 676 874 702 novit
890 683 994 702 sensum

213 721 272 756 (seu
290 721 415 756 mentem)
428 721 574 748 Dominic?
588 726 615 748 et
627 723 788 755 essentiam,
817 722 894 756 juxta
908 722 991 750 illud:

213 767 270 802 Ego
293 776 350 794 sum
371 767 415 802 qui
433 776 491 793 sum
512 766 551 794 ἀς
577 768 660 801 ipsam
694 768 866 803 sapientiam,
891 774 919 797 et
942 777 995 796 non

213 813 376 848 simpliciter
392 814 639 846 ratiocinationem,
654 815 701 841 sed
716 815 800 849 ipsam
810 815 997 843 ratiocinatio—

213 868 274 887 nem
295 861 451 895 pnedicant,
469 868 534 888 vere
563 863 742 889 exsistentein
756 862 912 894 essentiam,
932 870 996 890 cau-

213 914 325 941 satnqtte
338 907 503 934 exsistentia:
521 915 611 935 rerum
628 913 802 940 caeterarum,
814 913 842 935 et
856 908 954 937 lucem.
968 914 997 936 et

214 953 311 984 vitam,
323 956 352 979 ιιι
365 953 390 978 in
406 953 491 979 sacris
504 953 655 988 Evangeliis
670 953 799 987 habetur;
816 961 876 989 quae
889 954 997 981 nomina

213 998 304 1025 omnia
329 1005 391 1025 cum
428 998 583 1026 honestiora
612 1000 720 1034 quidem
746 1000 823 1033 sint,
852 1006 999 1033 rerumque

215 1044 418 1077 sublimiorum,
444 1045 484 1072 vel
508 1046 547 1073 sic
568 1050 657 1073 tamen
681 1047 762 1073 etiam
782 1054 796 1073 a
821 1054 884 1073 vera
904 1045 1000 1074 simili-

214 1090 308 1116 tudine
323 1090 416 1124 procul
435 1091 551 1122 absunt;
566 1091 699 1125 siquidem
714 1096 757 1119 est
777 1100 859 1127 super
874 1092 930 1119 hzec
943 1100 999 1119 om-

214 1135 270 1168 nia,
293 1144 354 1162 cum
374 1137 466 1170 utique
491 1136 541 1163 ista
559 1137 617 1164 L-ine
641 1139 846 1172 comparatione
866 1145 880 1165 a
900 1144 998 1165 natura

214 1182 260 1209 illa
294 1182 371 1209 beata
403 1182 540 1210 deﬁciant.
565 1183 733 1218 Quandoque
763 1192 829 1211 vero
859 1184 999 1211 dissimili-

214 1229 265 1256 bus
286 1228 515 1256 declaralionibus
535 1229 657 1256 divinum
676 1229 741 1256 illud
765 1229 867 1257 Numen
884 1237 933 1264 per
952 1237 1000 1257 ne-

213 1274 348 1308 gationem
359 1273 411 1309 23
424 1274 586 1306 celebratur,
597 1282 657 1301 cum
673 1275 864 1310 inaspectabile
876 1281 998 1308 vocatur,

212 1321 240 1344 et
257 1317 400 1350 inﬁnitum,
422 1319 550 1353 quodque
573 1321 631 1354 capi
653 1327 704 1346 non
730 1321 831 1355 possit;
859 1321 930 1349 unde
946 1329 998 1348 non

214 1365 279 1398 quid
296 1369 347 1396 est,
367 1365 415 1391 sed
431 1365 496 1400 quid
513 1373 564 1393 non
581 1371 622 1393 est
639 1367 819 1401 signiﬁcatur.
836 1368 874 1394 Ex
893 1368 997 1395 duabus

215 1411 308 1444 itaque
333 1411 409 1438 hisce
429 1412 674 1446 enuntiationibus,
691 1413 776 1448 magis
793 1414 929 1449 propriam
954 1414 1000 1441 de-

214 1461 349 1483 monstrat
360 1464 419 1484 csse
433 1457 517 1490 illam,
533 1466 592 1492 qua:
607 1464 649 1485 est
663 1466 696 1485 ex
715 1460 795 1487 rebus
811 1459 998 1487 dissimilibus.

215 1501 352 1536 Siquidem
376 1510 439 1530 vere
466 1504 589 1532 novimus
619 1505 702 1532 Dcum
729 1513 780 1532 non
805 1513 868 1533 esse
894 1506 1000 1540 aliquid

215 1554 306 1574 rerum
317 1548 519 1579 exsistentium,
539 1548 587 1576 sed
605 1549 762 1584 ignoramus
778 1550 996 1584 superessentia—
1012 1566 1033 1594 ο

216 1593 267 1619 lem
281 1593 340 1627 ejus
354 1593 462 1620 termini
476 1594 623 1621 carentium
634 1614 641 1626 ,
663 1599 690 1621 et
705 1594 996 1629 inintelligibilitatem,

216 1638 285 1669 sive,
301 1643 329 1665 ut
347 1638 383 1665 ila
399 1639 498 1671 dicam,
520 1640 685 1671 amentiam;
702 1641 858 1673 atnentiatn,
874 1641 998 1676 inquam,

216 1691 269 1711 non
285 1685 435 1712 secundum
462 1686 561 1712 mentis
580 1686 772 1720 privationem,
793 1687 839 1714 sed
855 1688 926 1722 quod
939 1688 999 1722 ejus

217 1730 397 1764 cognitionem
426 1738 502 1758 mens
531 1731 602 1758 nulla
629 1732 718 1766 capiat
742 1742 749 1760 :
772 1734 999 1766 quemadmodum

216 1776 298 1802 etiam
319 1775 387 1808 alia,
410 1781 439 1802 ut
459 1776 632 1804 invisibilitas
653 1782 679 1804 et
704 1778 825 1805 inﬁnitas
847 1778 921 1812 ejus.
946 1787 998 1806 non

216 1822 362 1856 privative,
379 1823 425 1849 sed
442 1823 566 1857 ncgative
583 1823 760 1858 intelligenda
781 1829 852 1852 sunt.
869 1825 937 1852 Cum
953 1826 1002 1853 ita-

217 1875 270 1902 que
293 1868 451 1902 negationcs
468 1868 494 1895 in
511 1870 612 1897 divinis
632 1877 702 1897 vera:
723 1870 788 1904 sint,
805 1870 1001 1899 allirmationcs

218 1920 283 1940 vero
298 1913 418 1945 absona}.
431 1915 517 1949 magis
534 1916 642 1950 propria
658 1920 701 1943 est
717 1917 742 1943 in
757 1917 790 1943 iis
804 1918 956 1945 enuntiatio
969 1925 1001 1945 ac

217 1958 414 1986 demonstratio
429 1967 478 1994 per
492 1960 644 1988 dissimilia.
665 1961 730 1994 Quae
746 1969 807 1989 cuin
827 1953 863 1989 ita
877 1970 937 1990 sese
954 1963 1002 1990 ha-

219 2003 302 2030 beant
321 2005 348 2032 in
368 2005 438 2037 Deo,
463 2013 634 2041 consequens
656 2012 699 2034 est
725 2007 882 2042 Scripturas
907 2016 1002 2039 sacras

220 2049 355 2077 honorare
382 2052 486 2085 potius,
510 2057 537 2079 et
560 2061 731 2088 nequaquam
757 2053 848 2088 aliquo
871 2055 1003 2082 dedecore

220 2095 326 2123 allicere
350 2097 457 2124 divinas
482 2098 543 2125 illas
569 2099 773 2133 dispositiones,
791 2108 839 2135 pcr
865 2100 1001 2136 ejusmodi

219 2139 367 2167 l'ormarum
383 2142 553 2169 dissimilium
568 2142 729 2176 edictiones,
744 2149 772 2171 ut
788 2145 875 2179 bovis,
893 2146 1001 2181 aquilae,

219 2191 383 2221 catenisque
397 2188 496 2221 quibus
510 2196 555 2216 eas
570 2189 657 2216 innuit
672 2191 931 2224 supermundialiter
945 2200 1003 2219 ma-

1048 259 1184 294 αίσθητῶν
1204 259 1315 286 εἰκόνων
1325 259 1379 285 τῶν
1389 259 1490 294 νοητῶν
1504 258 1667 294 κατάληψιν,
1683 258 1836 284 αίτιάσαιτο

1047 306 1075 332 δὲ
1095 306 1174 341 μόνον
1193 306 1242 337 τὰς
1258 305 1377 337 ἀτόπους
1394 305 1613 340 εἰκονογραφίας,
1631 304 1718 339 λέγων
1738 304 1778 335 είς
1791 304 1834 330 αὶ-

1048 352 1148 388 σχύνην
1160 350 1228 379 εἶναι
1241 352 1275 378 τὰ
1284 351 1368 383 οὕτως
1382 350 1482 386 αἰσχρὰ
1492 350 1666 386 είκονίσματα
1679 352 1734 382 τοῖς
1748 350 1834 376 θεοει-

1046 399 1118 426 δέσιν
1145 398 1315 425 ἀνατιθέναι·
1347 398 1427 434 ἀρκεῖ
1459 398 1545 424 εἰπεῖν
1574 396 1644 432 πρὸς
1673 396 1773 429 αὐτὸν,
1797 395 1836 427 ὡς

1045 445 1133 477 διττός
1154 446 1211 471 ἐστι
1223 445 1274 479 τῆς
1287 443 1468 480 ὲκφαντορίας
1482 444 1496 470 6
1509 443 1610 480 τρόπος
1619 452 1626 459 ⁷
1643 443 1657 469 6
1672 443 1720 479 μὲν
1734 444 1767 469 ὲκ
1780 442 1834 469 τῶν

1046 491 1147 527 όμοιων
1157 511 1164 523 ,
1178 491 1192 517 6
1207 491 1235 517 δὲ
1244 490 1288 517 διὰ
1301 490 1357 517 τῶν
1372 490 1505 517 ἀνομοίων
1522 489 1711 525 μορφωμάτων
1722 487 1844 514 πλαττόι

1048 546 1137 572 μενος.
1162 536 1217 563 Καὶ
1242 536 1281 563 ῐδε
1305 535 1412 572 πρῶτον
1436 536 1482 562 ἐπὶ
1505 534 1584 567 Θεοῦ,
1610 533 1636 560 τί
1660 533 1784 567 λέγουσιν
1805 535 1837 560 αἱ

1048 582 1177 618 μυστικαὶ
1190 582 1245 609 τῶν
1259 581 1375 618 Γραφῶν
1392 581 1556 617 παραδόσεις
1568 589 1575 597 ’
1593 580 1658 607 ποτε
1673 579 1722 615 μὲν
1736 579 1768 605 ὲκ
1781 578 1836 604 τῶν

1046 628 1157 664 ὁμοίων,
1185 627 1263 661 λόγον
1287 626 1334 653 καὶ
1355 626 1419 654 νοῦν
1439 626 1510 653 κατὰ
1536 626 1577 657 τὺ,
1601 625 1648 658 Τίς
1663 625 1738 660 ἔγνω
1762 623 1838 651 ’νοῦν

1046 675 1175 708 Kvplou,‘
1190 674 1237 700 καὶ
1253 673 1358 705 οὐσίαν,
1373 672 1443 699 κατὰ
1453 672 1494 704 τὺ,
1516 670 1591 706 Ἐγώ
1605 672 1663 705 εὶμι
1680 672 1696 697 ό
1713 669 1771 696 ὠνυ
1788 669 1838 705 τὴν

1047 719 1220 753 αὑτοσοφίαν,
1230 719 1277 745 καὶ
1288 719 1336 754 οὐχ
1353 718 1446 749 ἁπλῶς
1457 718 1601 752 λογιότητα
1612 717 1670 743 ἁλλ’
1685 715 1839 750 αὐτολογιό-

1046 774 1114 801 τητα
1122 764 1265 800 ὑμνοῦσαι,
1273 765 1323 799 τὴν
1331 764 1415 795 ὅντως
1426 763 1541 799 ὕπαρξιν
1549 760 1631 789 οὖσαν
1640 762 1685 788 καὶ
1693 761 1781 788 αἰτίαν
1788 761 1839 796 τῆς

1046 810 1100 837 τῶν
1113 810 1199 837 ἄλλων
1211 809 1318 836 πάντων
1331 807 1487 844 ὑπάρξεως,
1504 807 1552 834 καὶ
1567 806 1623 842 φῶς
1641 805 1688 832 καὶ
1700 803 1782 840 ζωὴν,
1801 804 1840 835 ὡς

1046 859 1104 890 τοῖς
1113 859 1196 893 ἱεροῖς
1204 856 1380 891 Εὑαγγελίοις
1389 864 1395 870 ·
1407 855 1461 881 τῶν
1468 853 1595 881 τοιούτων
1606 852 1732 879 ἁπάντων
1740 851 1839 886 ὀνομά-

1013 894 1033 922 B
1049 917 1103 935 των
1117 907 1285 943 σεμνοτέρων
1295 907 1378 933 ὄντων
1387 906 1434 932 καὶ
1447 904 1652 940 ὑπερκειμένων
1662 901 1716 928 τῶν
1728 900 1842 932 ὐλικῶν,

1050 955 1074 981 εί
1085 954 1132 981 καὶ
1145 953 1215 980 οὕτω
1226 953 1306 980 πάλιν
1321 951 1389 987 πρὸς
1400 950 1449 986 τὴν
1465 949 1594 985 ἀληθινὴν
1610 948 1758 984 ἐμφέρειαν
1769 948 1840 974 ἀπο-

1049 1001 1153 1027 δέουσιν
1162 1009 1168 1015 ·
1182 1000 1303 1034 ἔστιγὰρ
1311 998 1380 1034 ὑπὲρ
1392 996 1478 1023 ταῦτα
1488 996 1587 1027 πάντα,
1596 994 1614 1021 ἃ
1625 994 1655 1030 δὴ
1667 993 1841 1028 ἁσυγκρίτως

1049 1048 1099 1082 τῆς
1116 1045 1254 1082 μακαρίας
1270 1044 1463 1071 ἀπολείπονται
1477 1042 1594 1078 φύσεως.
1609 1041 1677 1068 Ποτὲ
1694 1040 1723 1066 δὲ
1739 1040 1771 1066 ὲκ
1785 1039 1846 1066 τῶν

1049 1092 1183 1128 ἀνομοίων
1207 1091 1331 1125 ὑμνεῖται
1349 1089 1378 1116 τὸ
1398 1090 1475 1115 Θείον
1493 1087 1564 1114 κατὰ
1583 1087 1729 1121 ἀπόφασιν,
1754 1085 1839 1121 ἀόρα-

1049 1147 1095 1166 τον
1124 1137 1279 1173 λεγόμενον,
1314 1135 1362 1162 καὶ
1402 1134 1523 1169 ἄπειρον,
1561 1133 1608 1159 καὶ
1639 1132 1794 1168 ἀχώρητον·
1811 1131 1841 1164 ἐξ

1049 1181 1086 1212 ὧν
1106 1185 1136 1211 οὑ
1157 1184 1183 1210 τί
1206 1183 1288 1214 ἐστὶν,
1304 1181 1371 1208 ἀλλὰ
1386 1181 1412 1208 τί
1433 1181 1482 1206 οὐκ
1501 1179 1558 1206 ἔστι
1579 1179 1750 1214 σημαίνεται.
1773 1176 1843 1203 Ἀπὸ

1050 1231 1114 1265 γοῦν
1128 1229 1230 1256 τούτων
1250 1228 1304 1254 τῶν
1317 1227 1363 1254 δύο
1383 1225 1541 1260 ὲκφάνσεων
1559 1224 1730 1260 κυριωτέραν
1747 1222 1795 1257 τὴν
1811 1221 1840 1254 ἐξ

1050 1276 1183 1312 ἀνομοίων
1200 1275 1328 1302 δείκνυσι.
1344 1273 1380 1300 Τὸ
1400 1272 1448 1308 μὲν
1469 1269 1515 1298 οὖν
1532 1271 1583 1297 οὐκ
1603 1268 1672 1296 εἶναι
1691 1268 1793 1304 ταύτην
1813 1275 1840 1293 τι

1049 1322 1102 1349 τῶν
1115 1321 1210 1353 όντων,
1223 1319 1401 1355 γινώσκομεν·
1415 1316 1564 1352 ἀγνοοῦμεν
1576 1316 1604 1342 δὲ
1617 1316 1666 1350 τὴν
1680 1313 1840 1350 ὺπερούσιον

1051 1368 1137 1402 αὐτῆς
1151 1366 1291 1403 ἀοριστίαν
1307 1366 1353 1392 καὶ
1377 1364 1503 1399 ἀνόητον·
1531 1362 1642 1396 ἀνόητον
1655 1361 1693 1392 δὲ,
1717 1360 1748 1386 οὺ
1770 1358 1841 1386 κατὰ

1051 1414 1180 1449 στέρησιν
1200 1412 1333 1447 νοήσεως,
1348 1411 1406 1438 ἀλλ’
1424 1411 1466 1438 ὅτι
1484 1409 1577 1445 νόησιν
1598 1409 1700 1443 ταύτης
1718 1408 1768 1434 οὐκ
1783 1406 1840 1432 ἐστι

1049 1459 1158 1486 λαϐεῖν·
1178 1457 1271 1493 ὥσπερ
1286 1458 1334 1484 καὶ
1352 1457 1445 1488 τᾶλλα,
1464 1457 1495 1483 τὺ
1510 1455 1622 1491 ἀόρατον
1645 1454 1692 1481 καὶ
1716 1453 1840 1488 ἄπειρον,

1050 1504 1081 1531 οὐ
1098 1502 1170 1531 κατὰ
1183 1503 1321 1539 στέρησιν,
1334 1501 1401 1528 ἀλλὰ
1420 1501 1491 1528 κατὰ
1506 1501 1651 1535 ἀπόφασιν.
1667 1498 1762 1525 Τοίνυν
1779 1498 1841 1524 ἐπεὶ

1051 1551 1080 1577 αί
1102 1550 1151 1585 μὲν
1167 1549 1318 1583 ἀποφάσεις
1333 1548 1379 1574 ἐπὶ
1394 1547 1448 1574 τῶν
1463 1546 1553 1578 θείων,
1571 1546 1690 1580 ἀληθεῖς,
1705 1544 1733 1571 αι
1748 1543 1776 1569 δὲ
1790 1551 1841 1569 κα-

1049 1597 1190 1631 ταφάσεις,
1211 1595 1392 1631 ἀνάρμοστοι·
1417 1593 1569 1629 οἰκειοτέρα
1593 1591 1691 1627 μᾶλλόν
1706 1591 1778 1617 ἐστιν
1795 1589 1841 1616 ἐπὶ

1049 1643 1152 1670 τούτων
1164 1642 1180 1677 ἡ
1192 1641 1237 1668 διὰ
1249 1641 1304 1667 τῶν
1319 1639 1454 1675 ἀνομοίων
1465 1638 1631 1674 ὲκφαντορία
1645 1638 1692 1663 καὶ
1712 1636 1837 1671 δήλωσις.

1050 1689 1104 1715 Καὶ
1116 1689 1140 1714 εἰ
1157 1686 1244 1713 ταῦτα
1262 1685 1349 1717 οὕτως
1364 1685 1410 1711 ἐπὶ
1424 1684 1503 1716 Θεοῦ,
1521 1682 1705 1718 συναγόμενον
1719 1682 1779 1708 ἐστι
1793 1681 1840 1707 καὶ

1050 1735 1096 1762 ἐπὶ
1110 1734 1225 1765 τούτοις,
1240 1734 1280 1760 ὅτι
1295 1731 1413 1768 τιμῶσιν
1432 1731 1496 1766 ἄρα,
1511 1731 1561 1756 οὐκ
1581 1729 1692 1764 αἴσχους
1706 1727 1841 1762 πληροὺσι

1050 1780 1100 1812 τὰς
1114 1780 1189 1811 θείας
1202 1779 1395 1814 διακοσμήσεις
1411 1777 1439 1803 αἱ
1455 1776 1526 1812 ἱεραὶ
1544 1775 1660 1811 Γραφαὶ,
1676 1775 1705 1801 αἱ
1724 1774 1770 1801 διὰ
1785 1773 1840 1799 τῶν

1051 1825 1186 1861 ἀνομοίων
1201 1824 1385 1860 μορφοποιίαι,
1399 1822 1446 1849 τοῦ
1468 1822 1537 1857 βοὸς,
1555 1821 1602 1847 τοῦ
1617 1820 1707 1852 ἀετοῦ,
1727 1818 1840 1846 καὶτῶν

1050 1872 1151 1899 λοιπῶν
1173 1870 1258 1902 αὑτὰς
1280 1868 1483 1899 ὑποδειχνῦσαι,
1502 1867 1540 1899 ὼς
1569 1867 1696 1902 ὑπεράνω
1719 1865 1841 1900 δηλονότι

1050 1917 1133 1949 οὕσας
1151 1916 1206 1943 τῶν
1229 1915 1328 1942 ὑλικῶν
1341 1915 1467 1942 ἁπάντων
1488 1912 1687 1948 ὕπερκοσμίως.
1703 1912 1735 1938 Εί
1756 1911 1810 1946 γὰρ
1826 1911 1840 1936 ὁ

1051 1963 1247 1998 λεοντόμορφος
1276 1961 1438 1996 λεγόμενος,
1462 1958 1510 1986 καὶ
1533 1957 1687 1990 πολύπους,
1716 1957 1764 1984 καὶ
1788 1964 1839 1982 πο-

1051 2008 1194 2043 λύπτερος,
1207 2006 1254 2033 καὶ
1275 2004 1382 2039 λογικός
1404 2004 1473 2034 ἐστι,
1493 2002 1540 2029 καὶ
1554 2001 1649 2032 sum,
1666 1999 1724 2032 πῶς
1746 2000 1776 2026 οὺ
1794 1999 1842 2034 δη-

1052 2053 1138 2080 λονότι
1152 2051 1343 2087 ὑπερκοσμίως
1354 2048 1486 2084 ὲκὸέὸηκε
1502 2047 1537 2074 τὰ
1550 2046 1630 2074 oms
1641 2046 1688 2073 καὶ
1699 2045 1762 2080 παρ’
1774 2045 1841 2080 ἡμῖν

1052 2099 1199 2135 vacuus”;
1223 2098 1293 2133 Ὅρα
1311 2096 1340 2123 δὲ
1355 2095 1413 2127 πῶς
1427 2093 1517 2125 καλῶς
1538 2093 1737 2128 ἀπελογήσατο,
1755 2090 1801 2117 διὰ
1814 2090 1842 2116 τί

1053 2145 1129 2178 ζώων
1158 2144 1266 2180 μνήμην
1284 2142 1340 2177 ἔχει
1359 2141 1393 2167 τὰ
1409 2140 1540 2176 οὐράνια,
1563 2139 1622 2174 ἤτοι
1643 2137 1757 2168 εἰκόνας.
1775 2137 1840 2162 ’Ὠσ-

1053 2200 1105 2226 περ
1127 2190 1179 2225 γὰρ
1196 2191 1210 2216 6
1234 2188 1280 2215 ἐπὶ
1307 2187 1415 2214 πάντων
1436 2185 1502 2216 Θεὸς
1542 2183 1619 2210 οὐδὲν
1637 2183 1666 2209 ὲν
1686 2183 1742 2213 τοῖς
1760 2182 1841 2208 πᾶσιν

220 2232 325 2260 teriatis
351 2234 479 2261 omnibus
505 2235 580 2262 hisre
608 2237 689 2262 rebus
714 2237 890 2264 inferioribus
915 2238 999 2265 subli-

1055 2237 1110 2272 ἔχει
1134 2235 1276 2271 ὁμογενὲς,
1298 2233 1346 2260 καὶ
1368 2231 1413 2258 διὰ
1441 2231 1520 2257 τοῦτο
1544 2229 1656 2260 εἰκότως
1683 2227 1759 2254 οὐδὲν
1787 2226 1842 2253 τῶν

221 2279 323 2306 miores
344 2280 487 2307 exsistere.
504 2280 531 2308 Si
550 2281 621 2308 enim
648 2282 671 2309 is
691 2283 736 2317 qui
760 2283 845 2310 leonis
868 2284 983 2311 formam
996 2305 1004 2317 ,

223 2323 376 2358 multosque
394 2325 477 2358 pedes
491 2330 573 2360 atque
590 2326 648 2354 alas
668 2327 771 2354 habere
787 2327 897 2360 dicitur,
921 2330 1003 2357 etiam

222 2371 328 2398 ratione
349 2372 479 2406 praeditus
497 2377 551 2405 est,
567 2377 594 2400 et
608 2381 708 2409 expers
721 2375 853 2407 tnateriaa,
868 2376 1004 2409 quomodo

222 2424 276 2444 non
292 2417 373 2445 etiam
392 2419 656 2452 supermundialiter
670 2427 713 2448 res
731 2420 813 2447 hasce
835 2422 1004 2455 materiatas,

221 2469 282 2497 qua:
297 2469 311 2489 ε
327 2463 406 2490 nobis
421 2464 624 2498 intelliguntur,
638 2465 770 2493 excedat?
784 2465 906 2494 Observa
923 2475 1003 2501 quam

221 2507 332 2541 pulchre
350 2509 483 2536 rationem
510 2510 633 2543 dederit,
656 2518 706 2538 cur
728 2511 885 2539 animalium
902 2513 1005 2541 mentio

223 2554 272 2580 ﬁat
286 2554 312 2581 in
328 2555 495 2587 coelestibus.
510 2556 566 2584 sive
582 2557 732 2591 imaginum
748 2565 855 2585 eorum.
871 2557 1004 2591 Quemad-

223 2601 331 2627 tuodum
346 2601 416 2628 enitn
430 2602 498 2628 Deus
509 2602 643 2629 exsistens
654 2603 679 2629 in
691 2603 825 2634 omnibus,
836 2603 901 2630 nihil
914 2604 938 2631 in
951 2612 1006 2631 om-

224 2647 305 2673 nibus
323 2646 404 2674 habet
419 2647 540 2681 ejusdem
557 2655 649 2676 secum
667 2650 786 2684 generis,
806 2650 921 2684 ideoque
937 2650 1003 2676 nihil

224 2697 315 2717 rerum
333 2691 473 2725 omnium,
498 2697 541 2720 est
558 2693 642 2727 ipsius
667 2694 877 2728 declarativum;
903 2695 1006 2722 idcirco

222 2737 362 2765 etiamalia
375 2739 503 2766 methodo
512 2739 545 2766 de
556 2739 611 2766 Deo
623 2739 771 2774 loquimur,
780 2741 910 2773 dicentes.
922 2741 1005 2768 Deum

223 2791 277 2812 non
290 2792 351 2812 esse
366 2785 416 2812 hoc
428 2790 455 2813 ct
469 2785 546 2819 illud,
559 2787 630 2821 quod
643 2795 691 2822 per
701 2787 842 2815 dissimilia
858 2793 934 2815 vocat
947 2794 955 2814 :
968 2787 1008 2815 sic

297 2878 312 2895 ο
329 2873 406 2902 Rom.
421 2884 457 2909 xi,
471 2875 515 2904 δι.
553 2876 566 2896 d
583 2877 665 2906 Exod.
684 2885 724 2909 ιιι,
745 2877 787 2905 Ν.

1055 2282 1181 2309 ἁπάντων
1201 2280 1259 2306 ἐστὶ
1273 2271 1420 2314 δηλωτιῇιὸν
1446 2277 1546 2308 αὑτοῦ,
1568 2275 1636 2302 ἀλλὰ
1659 2273 1752 2301 λοιπὸν
1775 2273 1842 2310 ἄλλῃ

1058 2327 1159 2364 μεθόδῳ
1176 2325 1364 2360 θεολογοῦμεν,
1384 2323 1510 2358 λέγοντες
1523 2323 1565 2349 ὃτι
1586 2322 1636 2348 οὐκ
1660 2321 1732 2347 ἐστιν
1746 2321 1760 2347 6
1776 2319 1842 2351 Θεὸς

1055 2374 1085 2400 τὸ
1114 2374 1159 2400 καὶ
1184 2372 1230 2405 τὸ,
1252 2373 1320 2407 ὅπερ
1347 2370 1424 2398 καλεῖ
1449 2370 1498 2396 διὰ
1511 2369 1569 2396 τῶν
1585 2368 1749 2403 ἀνομοίων·
1771 2366 1843 2392 οὕτω

1056 2419 1103 2446 καὶ
1118 2418 1232 2446 ἐπὶτῶν
1253 2416 1385 2453 οὐρανίων
1412 2415 1551 2450 δυνάμεων
1568 2414 1659 2445 καλῶς
1677 2413 1703 2439 οἱ
1723 2411 1842 2445 θεολόγοι

1054 2465 1196 2501 ἐποίησαν,
1214 2463 1346 2499 τεχνικῶς
1358 2462 1447 2490 οὐδενὶ
1463 2461 1517 2488 τῶν
1536 2460 1625 2487 αὐτῶν
1643 2458 1728 2490 αὑτὰς
1748 2456 1844 2493 ὁμοιώ-

1056 2519 1151 2542 σαντες
1164 2530 1171 2542 ,
1183 2509 1239 2536 ἀλλ’
1262 2510 1295 2536 ὲκ
1317 2508 1372 2535 τῶν
1394 2507 1540 2542 αἰσθητῶν,
1556 2506 1627 2541 ἅπερ
1647 2505 1724 2532 καλεῖ
1742 2504 1841 2538 ἄτιμα,

1055 2557 1104 2593 τὴν
1123 2556 1228 2584 τελείαν
1249 2555 1378 2587 λαϐόντες
1397 2553 1555 2590 ἐμφέρειαν,
1573 2552 1652 2579 τοῦτο
1672 2550 1741 2586 πρὸς
1759 2548 1841 2584 τιμὴν

1055 2603 1143 2631 αὐτῶν
1168 2601 1356 2636 πεποιηκότες,
1371 2601 1415 2628 ἵνα
1429 2598 1629 2634 πλασματώδης
1646 2597 1693 2624 καὶ
1712 2596 1762 2622 οὐκ
1777 2594 1839 2640 ἀλη-

1056 2649 1105 2685 θὴς
1123 2650 1234 2684 γένηται
1253 2647 1356 2674 τούτων
1372 2647 1389 2682 ἡ
1412 2646 1535 2682 μίμησις.
1559 2642 1699 2671 Ἐντεῦθεν
1717 2641 1841 2676 βούλεται

1058 2694 1142 2728 δεῖξαι
1162 2694 1232 2721 κατὰ
1243 2693 1274 2720 τὸ
1289 2693 1385 2728 βίαιον,
1399 2693 1440 2719 ὃτι
1461 2691 1508 2718 καὶ
1525 2690 1623 2726 μᾶλλον
1635 2688 1687 2714 τῶν
1701 2686 1800 2722 ὁμοίων
1813 2687 1840 2713 αἱ

1058 2742 1178 2777 ἀνόμοιοι
1213 2739 1454 2776 εὐαρμοστότεραι.
1474 2738 1522 2768 Εἰς
1543 2736 1592 2772 μὲν
1606 2734 1661 2770 γὰρ
1679 2733 1728 2764 τὰς
1744 2741 1841 2767 τιμιω-

1056 2786 1139 2822 τέρας
1154 2786 1200 2813 καὶ
1215 2785 1321 2820 ὁμοίας,
1336 2784 1409 2816 εἰκός
1423 2785 1481 2810 ἐστι
1503 2782 1549 2808 καὶ
1568 2777 1790 2813 ἀποπλανηθῆναι
1802 2784 1842 2804 τι-
