1933 3075
108 152 158 181 1⁸57

361 153 404 181 DE
419 152 579 182 C(ELESTI
596 148 816 187 MERARUHIA,
832 154 909 182 CAP.
928 154 960 182 ll.
976 169 1012 176 —
1027 155 1200 184 PARAPHR.
1219 154 1453 185 PACHYMERE.

1670 156 1721 185 I58

107 219 167 240 νας,
181 210 248 237 ὅπου
267 218 298 244 γε
319 211 365 237 καὶ
379 211 419 242 εἰς
431 211 481 243 τὰς
494 211 636 247 ἀνομοίους
653 212 724 244 τινὲς
737 211 885 245 ἐξώλιο-θον1

941 212 1022 239 etiam
1039 212 1065 239 in
1085 213 1244 240 caelestibus
1263 212 1408 240 virtutibus
1426 214 1539 242 omnino
1552 219 1627 242 mete
1642 216 1721 244 theo-

106 256 200 287 ἐαθὼς
212 256 341 291 ἐλέγομεν
359 257 521 293 ἔμπροσθεν.
542 257 718 293 Οίηθήσονται
740 258 804 293 γὰρ,
822 267 890 294 χρυ-

107 304 220 335 σοειδεῖς
239 303 287 329 καὶ
309 302 462 334 στίλϐοντας
484 302 583 338 ἄνδρας
603 300 682 334 εἶναι,
697 303 744 329 καὶ
763 302 890 338 λαμπρὰν

108 348 258 385 φοροῦντας
277 348 388 383 ἐσθῆτα,
404 349 451 377 καὶ
470 348 603 383 πυρώδεις
622 348 683 383 δίχα
706 348 829 380 καύσεως
843 348 891 375 καὶ

106 394 234 426 ἀϐλαϐῶς
254 393 339 421 εἶναι·
354 395 382 420 αί
401 394 455 430 γὰρ
475 394 618 429 λεγόμεναι
642 394 727 430 πυρὸς
743 395 840 429 φλόγες
860 395 890 421 οὐ

107 440 261 471 καυστικαὶ,
280 439 348 465 ἀλλά
368 438 480 472 ζωτικαί
502 440 565 470 εισι,
580 440 626 466 καὶ
640 439 724 466 τᾶλλα
744 440 794 466 ὅσα
808 440 891 474 φασιν

107 488 136 515 αἱ
149 488 264 524 Γραφαί.
280 489 368 523 Ὅπερ
383 487 426 513 ἵνα
442 487 479 522 μὴ
496 487 605 513 πάθοιεν
618 487 643 513 οἱ
659 487 740 522 μηδὲν
754 487 808 513 τῶν
826 495 890 521 φαι-

106 533 227 568 νομένων
237 532 399 568 ὑψηλότερον
411 531 594 567 φαντατθῆναι
604 532 755 567 δυνάμενοι,
769 533 785 567 ἠ
801 531 889 567 ὑψηλὴ

106 581 189 616 σοφία
202 581 255 607 τῶν
269 580 400 614 θεολόγων
421 580 460 611 είς
476 580 618 614 ἀνομοίους
640 579 686 605 καὶ
706 579 890 614 ἀπεμφαινού-

106 635 157 658 σας
170 626 276 658 εἰκόνας
292 626 449 659 κατάγεται,
470 626 506 661 μὴ
522 624 698 660 συγχωροῦσα
713 625 761 660 μὲν
774 625 822 659 τὴν
834 625 890 651 διά-

105 680 180 698 νοιαν
202 671 279 707 ἡμῶν
296 670 480 698 ἀναπαύεσθαι
501 671 541 701 είς
561 669 674 704 αἰσχρὰς
693 669 739 696 καὶ
758 669 890 704 ἀπρεπεῖς

104 717 280 748 ἀναπλάσεις,
295 716 464 752 διεγείρουσα
482 716 510 742 δὲ
531 715 561 742 τὺ
580 715 717 749 ἀνωφερὲς
734 715 784 750 τῆς
801 714 889 749 ψυχῆς

103 765 138 799 τῇ
157 762 309 798 δυσμορφία
328 762 382 788 τῶν
397 762 531 793 πλάσεων,
548 762 586 792 ὡς
599 761 677 796 δήλου
693 760 791 795 δηλαδὴ
813 761 889 791 ὄντος

105 810 223 841 καὶτοῖς
242 810 310 843 ἄγαν
331 809 432 840 ὑλικοῖς
446 809 495 843 τὴν
514 808 641 839 διάνοιαν,
657 808 697 834 ὅτι
718 808 767 833 οὐκ
786 807 838 833 εἰσὶ
855 805 889 833 τὰ

103 855 165 882 θεῖα
181 855 302 882 τοιαῦτα.
320 854 452 890 Ἀκριὸῶς
465 852 511 880 οὖν
530 854 630 885 εἰδότες
645 854 685 880 ὃτι
703 853 752 879 οὑκ
766 853 819 879 εἰσὶ
834 861 889 878 τοι-

941 257 993 292 logi
1019 257 1157 291 fecerunt,
1175 259 1239 286 dum
1264 259 1368 287 erudite
1393 259 1458 287 nulli
1476 261 1581 289 ordinis
1600 262 1720 297 ejusdem

941 304 1001 331 illas
1023 304 1222 338 assimilarunt;
1243 306 1290 333 sed
1310 314 1343 334 ex
1366 307 1533 339 sensilibus,
1559 315 1620 342 qua:
1641 313 1721 335 vocat

941 349 1017 381 vilia,
1032 350 1181 384 perlectam
1204 356 1317 378 sumunt
1333 351 1552 384 similitudinem,
1573 352 1598 379 id
1620 353 1653 379 ad
1674 360 1722 380 ea-

941 402 1000 421 rum
1026 394 1157 422 honorem
1174 395 1298 422 l'ecerunt
1311 416 1318 428 ,
1341 401 1371 423 ut
1391 395 1503 429 ﬁctilia,
1525 401 1553 424 et
1573 405 1626 424 non
1643 405 1718 430 vera,

940 444 1014 467 esset
1032 441 1190 467 earumdem
1205 440 1334 468 imitatio.
1348 440 1418 468 Hinc
1433 441 1489 468 vult
1505 443 1621 477 probare
1635 450 1649 469 a
1666 442 1721 470 for—

941 487 1016 520 tiori,
1030 487 1174 515 dissimilia
1191 488 1325 516 similibus
1340 496 1402 516 esse
1418 489 1522 523 aptiora
1538 497 1545 516 :
1562 489 1587 516 in
1608 490 1721 516 nobilio-

940 532 1015 559 ribus
1029 533 1101 560 enim
1115 540 1146 560 ac
1160 533 1308 566 similibus,
1322 534 1441 568 proclive
1457 539 1499 561 est
1516 534 1661 562 nonnullos
1673 535 1722 562 de»

939 577 992 611 cipi
1011 584 1073 604 cum
1090 579 1173 605 etiam
1190 579 1216 606 in
1234 579 1415 606 dissimilibus
1438 579 1521 614 aliqui
1535 580 1665 613 errarint,
1681 581 1719 607 uti

940 629 1022 657 supra
1038 623 1166 652 diximus.
1191 623 1393 652 Existimabuut
1413 626 1501 659 enim,
1524 633 1586 652 esse
1608 632 1722 654 naturas

940 669 1001 696 illas
1015 670 1105 704 specie
1118 670 1232 704 quadam
1246 678 1326 698 aurea
1339 671 1414 699 viros
1427 672 1559 706 quosdam
1574 673 1720 705 micantes,

939 719 967 742 et
991 716 1090 742 vestitu
1117 716 1260 750 splendido
1283 717 1401 749 indutos,
1422 723 1502 752 atque
1524 719 1631 753 igneum
1656 720 1722 754 quid

940 761 1090 794 vibrantes,
1111 769 1164 788 non
1181 762 1320 789 adurendo
1339 771 1390 790 nec.
1406 763 1526 790 laadendo
1540 771 1547 791 :
1562 772 1624 791 nam
1645 764 1722 792 llam—

940 814 990 834 maa
1006 807 1083 834 istius
1107 808 1178 843 ignis
1195 816 1247 835 non
1271 809 1371 836 habent
1394 809 1446 836 vim
1463 811 1569 843 urendi,
1586 811 1632 838 sed
1652 811 1721 838 vivi-

941 853 1054 886 ﬁcandi;
1071 858 1098 881 et
1112 862 1279 890 quaecunque
1298 855 1350 882 alia
1365 855 1420 891 24
1435 855 1582 891 Scriptura:
1598 858 1720 885 tradunt.

103 903 185 934 αὕτα,
199 902 348 938 ζητήσομεν
360 902 408 937 τὴν
422 901 560 937 ἀλήθειαν,
573 901 621 936 τὴν
642 901 683 927 ὅτι
698 900 761 927 ἄλλο
773 909 798 926 τι
813 898 885 935 παρὰ

937 899 1014 932 Quod
1039 908 1073 927 ne
1099 899 1132 927 iis
1156 901 1277 932 eveniat.
1296 901 1342 936 qui
1365 902 1433 928 nihil
1455 902 1548 935 altius,
1573 911 1653 937 quam
1676 904 1720 931 illa

102 948 191 975 ταῦτα
204 949 281 974 εἰσιν.
300 947 404 978 Ἀλλως
416 955 446 973 τε
463 948 509 974 καὶ
523 947 601 973 τοῦτο
621 947 745 981 ἐννοῆσαι
769 947 832 982 χρὴ.
847 946 885 972 ὃτι

941 944 1051 978 pulchra
1066 949 1092 972 et
1107 943 1227 979 speciosa
1240 953 1300 980 quae
1313 951 1458 980 apparent,
1473 952 1563 975 mente
1576 948 1719 983 complecti

101 991 180 1018 οὐδὲν
196 991 249 1017 τῶν
269 991 352 1017 όντων
367 991 490 1023 καθόλου,
510 991 560 1026 τῆς
573 991 619 1017 τοῦ
643 990 724 1017 καλοῦ
744 991 885 1025 μετουσίας

939 995 1072 1024 possunt;
1098 991 1226 1017 sublimis
1247 993 1290 1018 illa
1320 993 1504 1027 theologorum
1526 993 1658 1027 sapientia
1685 994 1718 1021 ad

101 1036 262 1072 ἐστέρηται·
279 1037 340 1063 ἐπεὶ
351 1037 420 1063 καλά
435 1037 494 1063 λίαν
508 1036 583 1072 παρὰ
596 1037 646 1071 τῆς
658 1036 768 1072 Γραφῆς
782 1044 885 1072 μεμαρ-

939 1035 1172 1062 dissimilitudines
1186 1041 1214 1062 et
1227 1036 1343 1063 absonas
1358 1037 1490 1070 imagines
1501 1045 1530 1064 se
1547 1037 1650 1072 dejicit,
1667 1046 1720 1065 non

100 1081 242 1117 τύρηνται.
939 1081 1097 1115 permittens
1125 1081 1318 1116 cogitationem
1345 1089 1467 1110 nostram
1500 1083 1554 1110 illis
1581 1084 1722 1111 indecoris

103 1128 261 1155 ﬁctionibus
302 1128 494 1162 acquiescere,
523 1127 570 1155 sed
594 1134 654 1154 eam
678 1127 775 1154 anima:
801 1131 903 1160 partem
925 1133 984 1160 quae
1006 1126 1039 1153 ad
1056 1126 1108 1153 alta
1127 1127 1222 1161 tendit,
1239 1128 1296 1162 ipsa
1315 1128 1489 1156 deformitate
1504 1128 1651 1163 ﬁgurarum
1667 1137 1717 1157 ex-

100 1176 170 1202 citat
182 1180 209 1203 et
224 1175 356 1206 stimulat,
373 1179 502 1209 tanquam
521 1174 646 1201 videlicet
660 1173 762 1201 clarum
779 1173 813 1200 sit
827 1173 909 1200 etiam
925 1171 958 1199 iis
973 1173 1018 1207 qui
1034 1178 1097 1200 sunt
1112 1174 1226 1201 terrenis
1251 1175 1332 1202 rebus
1351 1175 1430 1201 valde
1443 1175 1526 1207 aiIixi,
1553 1184 1595 1203 res
1612 1177 1718 1205 divinas

102 1230 156 1249 non
183 1230 243 1250 esse
266 1222 355 1249 tales:
385 1226 413 1248 ut
439 1229 502 1249 cum
530 1221 602 1249 clare
627 1220 834 1256 cognoverimus
864 1226 910 1246 cas
936 1227 988 1246 non
1015 1226 1075 1247 esse
1099 1219 1183 1253 tales,
1207 1221 1350 1248 veritatem
1376 1221 1561 1256 inquiramus,
1586 1223 1716 1257 quoniam

102 1271 167 1305 quid
192 1271 265 1298 aliud
282 1272 315 1297 ab
340 1269 393 1297 illis
412 1274 486 1298 sunt.
507 1268 577 1303 Quin
593 1273 621 1296 et
644 1269 696 1297 hoc
721 1268 880 1301 sciendum,
895 1267 961 1294 nihil
977 1275 1071 1294 eorum
1087 1276 1147 1303 qua:
1159 1273 1222 1295 sunt
1237 1269 1309 1296 omni
1339 1277 1450 1303 prorsus
1476 1271 1540 1298 boni
1569 1271 1717 1306 participa-

103 1317 178 1345 tione
196 1317 330 1350 privatum
355 1323 433 1349 esse;
455 1315 581 1350 quoniam
603 1315 675 1342 bona
697 1314 786 1346 valde,
804 1312 958 1340 testimonio
972 1311 1131 1346 Scriptura}.
1145 1317 1242 1340 cuncta
1257 1313 1482 1348 comprobantur.

140 1364 154 1400 §
173 1363 216 1392 IV.
238 1365 315 1391 Ἔστι
339 1363 482 1399 τοιγαροῦν
503 1363 535 1390 ὲκ
559 1363 666 1389 πάντων
692 1361 780 1388 αὐτῶν
802 1360 886 1391 καλὰς

101 1410 220 1445 θεωρίας
235 1410 281 1437 καὶ¹
295 1409 483 1446 προσηκούσας
497 1410 553 1439 τοῖς
568 1409 671 1443 νοητοῖς
687 1407 836 1442 ἐπινοῆσαι,
852 1406 886 1438 ἀς

100 1455 132 1491 δὴ
152 1457 198 1483 καὶ
219 1455 360 1490 ἀνομοίους
379 1454 538 1490 ὁμοιότητας
557 1455 656 1488 φαῖμεν
680 1453 724 1483 ἂν,
741 1452 780 1478 ὅτι
800 1452 885 1487 ἑτέρῳ

99 1501 194 1537 τρόπῳ
207 1501 241 1527 τὰ
260 1501 341 1536 νοητὰ
356 1501 470 1536 ἔχουσιν,
485 1500 502 1527 ἃ
515 1502 571 1531 τοῖς
589 1499 725 1534 αἰσθητοῖς
745 1497 884 1534 ἐτεροτρό-

99 1557 160 1579 πως
179 1546 404 1582 ἀπονενέμηνται.
426 1546 528 1573 Αὐτίκα
547 1546 601 1582 γὰρ
617 1547 631 1572 ὁ
652 1545 744 1580 θυμὸς,
763 1546 808 1572 ἐπὶ
827 1544 882 1571 τῶν
896 1566 916 1595 C

99 1594 176 1620 κάτω
196 1593 253 1628 μὲν,
270 1593 298 1625 ἐξ
315 1593 453 1628 ἐμπαθοῦς
467 1592 555 1628 ὁρμῆς
572 1592 716 1626 ἐγγίνεται,
729 1591 775 1618 καὶ
794 1591 882 1626 πάσης

98 1639 210 1672 ἀλογίας
226 1639 297 1665 ἐστὶν
312 1638 435 1673 ἔμπλεως
451 1639 468 1673 ὴ
481 1638 590 1672 τοιαύτη
602 1637 647 1664 τοῦ
663 1636 747 1672 θυμοῦ
761 1637 881 1672 κίνησις⁸

97 1684 157 1710 ἀλλ’
171 1684 217 1710 ἐπὶ
227 1684 280 1710 τῶν
294 1684 394 1719 νοητῶν
407 1683 591 1719 ἐτεροτρόπως
604 1682 716 1717 νοοῦμεν
728 1681 772 1708 τδν
788 1681 881 1716 θυμὸν,

97 1729 148 1764 τὴν
172 1729 310 1756 ἀνένδοτον
340 1729 462 1762 λέγοντες
487 1727 594 1761 ἑλλογον
618 1727 738 1762 κίνησιν,
760 1726 806 1753 καὶ
835 1725 883 1760 τὴν

98 1776 255 1810 ἀχαύνωτον
269 1775 326 1808 ἕξιν
340 1776 388 1802 καὶ
400 1774 584 1810 ἀμετάϐλητον
594 1775 623 1800 ἐν
637 1775 696 1805 ταῖς
711 1775 750 1804 είς
759 1773 789 1799 τὸ
802 1772 883 1799 καλὸν

83 1823 246 1859 ιίδρύσεσιν.
276 1822 411 1853 Ὡσαύτως
433 1821 488 1856 ἔχει
508 1821 554 1848 καὶ
574 1822 590 1856 ἠ
612 1820 753 1854 ἐπιθυμία,
769 1821 815 1846 ἐπὶ
835 1820 883 1856 μὲν

97 1871 155 1900 τοῖς
170 1868 286 1901 ἀλόγοις,
304 1867 503 1903 ἀπερίσκεπτόν
519 1876 579 1894 τινα
607 1867 767 1902 ἐμπάθειαν,
786 1867 814 1900 ἐξ
832 1867 882 1902 ἐμ-

97 1914 183 1948 φύτου
201 1914 334 1949 κινήσεως
347 1913 489 1944 πολλάκις·
508 1913 551 1939 ὅτε
564 1912 662 1947 δηλαδὴ
684 1913 737 1939 ἀπὸ
756 1921 883 1948 συμπτω-

100 1961 193 1996 μάτων
221 1959 343 1994 φυσικῶν
369 1959 417 1994 τὴν
442 1959 548 1994 κίνησιν
574 1958 714 1994 ἑχομεν,ἢ
741 1958 884 1993 συνηθείας

98 2005 228 2037 πολλάκις
237 2014 244 2020 ·
260 2006 303 2032 ὅτε
316 2005 435 2040 δηλονότι
455 2004 507 2031 ἀπό
525 2013 606 2031 τινων
617 2004 734 2039 ἐθισμῶν
753 2003 823 2031 κατὰ
833 2004 884 2039 τὴν

86 2055 153 2084 τοῖς
169 2052 324 2083 ἀλλοιωτοῖς
340 2051 517 2087 ἐγγινομένην
530 2051 626 2085 ἀλογον
637 2050 822 2086 ἐπικράτειαν,
834 2050 884 2082 τῆς

100 2098 259 2133 σωματικῆς
270 2096 384 2132 ὀρέξεως
395 2096 517 2131 ὼθούσης
533 2097 564 2122 τὸ
577 2095 645 2128 ζῶον
657 2096 702 2122 ἐπὶ
715 2095 745 2122 τὸ
766 2094 885 2122 κατάῖσ-

99 2149 180 2185 θησιν
198 2144 260 2176 ,καὶ
271 2143 341 2170 οὕτω
354 2142 423 2169 κατὰ
435 2143 527 2178 νόησιν
538 2142 615 2169 ἐπιθυ
620 2142 711 2177 μητόν.
727 2142 789 2168 Ὅτε
801 2140 883 2176 δὲτὴν

98 2189 246 2224 ἐπιθυμίαν
255 2189 310 2220 τοῖς
319 2190 423 2223 νοητοῖς
435 2188 609 2224 ἐπιθήσομεν,
620 2187 708 2223 ἐρωτα
721 2187 790 2214 θεῖον
799 2186 882 2221 αὐτὴν

975 1359 989 1395 ς
1005 1358 1049 1388 IV.
1066 1359 1158 1387 Liceat
1173 1360 1264 1394 itaque
1277 1367 1309 1387 ex
1323 1361 1450 1388 omnibus
1467 1362 1499 1389 iis
1513 1362 1642 1396 pulchras
1657 1371 1722 1391 cutt-

939 1405 1143 1440 templationes,
1167 1413 1199 1433 ac
1231 1405 1312 1433 rebus
1340 1407 1509 1441 spiritalibus
1539 1415 1721 1444 congruentes

936 1451 1044 1484 elicere,
1058 1459 1126 1485 quas
1144 1456 1172 1478 et
1194 1451 1342 1479 dissimiles
1364 1453 1558 1481 similitudines
1577 1463 1722 1489 possumus

936 1497 1087 1531 appellare;
1104 1498 1233 1532 quoniam
1250 1497 1357 1525 diverso
1379 1499 1460 1526 modo
1476 1499 1536 1527 illas
1553 1500 1653 1528 habent
1676 1508 1720 1529 res

935 1541 1080 1574 spiritales,
1093 1549 1152 1576 qua:
1165 1541 1215 1568 alia
1233 1542 1336 1569 ratione
1359 1542 1440 1571 rebus
1471 1545 1621 1572 sensilibus
1639 1548 1719 1574 attri-

934 1587 1004 1614 butze
1018 1591 1089 1614 sunt.
1103 1586 1130 1613 lu
1146 1588 1273 1620 praesenti
1293 1588 1376 1620 enim,
1393 1589 1536 1616 iracundia
1554 1591 1579 1617 in
1604 1592 1720 1619 infcrio-

934 1633 1009 1660 rihus
1023 1634 1130 1668 quidem
1144 1641 1177 1660 ex
1197 1634 1297 1669 impetu
1311 1635 1451 1668 passionis
1472 1636 1591 1670 exsistit,
1609 1643 1636 1664 et
1651 1638 1721 1665 irra-

935 1679 1084 1706 tionalitate
1098 1679 1193 1714 plenus
1207 1684 1247 1706 est
1261 1680 1426 1713 ejuscemodi
1452 1682 1598 1710 iracundiae
1612 1689 1718 1711 motus:

933 1731 1027 1751 verum
1043 1725 1070 1752 in
1090 1725 1170 1752 rebus
1193 1725 1364 1758 spiritalibus
1377 1726 1431 1753 alio
1445 1727 1525 1754 modo
1546 1728 1716 1756 iracundiam

934 1769 1092 1803 accipimus,
1108 1769 1241 1803 dicentes,
1261 1769 1334 1796 illam
1359 1777 1482 1797 severam
1498 1771 1640 1804 quamdam
1660 1779 1720 1799 esse

934 1813 1083 1841 motionem
1104 1814 1276 1846 rationalem.
1290 1822 1322 1841 ac
1339 1815 1450 1842 minime
1473 1816 1580 1843 mollem
1601 1817 1719 1844 mutabi-

934 1858 1020 1886 lemve
1041 1859 1163 1886 habitum
1188 1859 1214 1886 in
1235 1860 1297 1887 boni
1313 1860 1568 1889 constitutionibus.
1584 1862 1721 1890 Similiter

934 1906 1168 1940 concupiscentia,
1188 1906 1214 1933 in
1239 1906 1444 1935 irrationalibus
1466 1907 1575 1942 quidem
1601 1909 1720 1937 inconsi-

935 1953 1055 1979 deratam
1077 1952 1224 1986 quamdam
1240 1953 1395 1987 passionem
1421 1954 1502 1981 habet
1516 1961 1549 1981 ex
1566 1954 1647 1982 insito
1663 1956 1720 1990 ple-

934 2006 1048 2034 rumque
1062 2003 1154 2031 motu;
1172 1999 1280 2033 quando
1295 1999 1421 2026 nimirum
1440 2007 1472 2027 ex
1494 2001 1720 2029 convulsionibus

935 2045 1103 2073 naturalibus
1118 2052 1277 2077 movemur;
1295 2045 1338 2072 vel
1355 2052 1408 2072 non
1426 2053 1488 2072 raro
1503 2046 1586 2073 etiam
1605 2053 1639 2073 ex
1652 2054 1720 2074 con-

934 2091 1099 2118 suetudine:
1121 2098 1181 2118 cum
1206 2090 1331 2118 videlicet
1347 2098 1381 2118 ex
1417 2092 1536 2119 assuetis
1561 2092 1718 2120 irrationali

934 2135 1062 2169 potentiae
1083 2135 1164 2163 rebus
1185 2135 1362 2162 mutabilibus
1380 2135 1479 2169 insitis,
1494 2137 1647 2171 corporalis
1672 2145 1720 2172 ap-

934 2181 1035 2216 petitus
1057 2181 1156 2208 animal
1173 2181 1291 2216 impellit
1313 2182 1347 2210 ad
1362 2181 1464 2216 aliquid
1481 2183 1621 2216 sensibile,
1637 2188 1719 2218 atque

98 2235 199 2261 ἐννοεῖν
213 2234 265 2270 χρὴ
280 2234 330 2269 τῆς
344 2234 413 2268 ὑπὲρ
425 2233 503 2268 λόγον
518 2233 564 2260 καὶ
577 2233 638 2260 νοῦν
653 2232 757 2264 ἀῡλίας,
773 2232 820 2259 καὶ
832 2232 883 2267 τὴν

937 2228 1000 2255 adeo
1028 2227 1109 2254 etiam
1142 2227 1290 2254 secundum
1324 2228 1532 2263 intelligentiam
1560 2230 1717 2263 appetibile.

97 2281 236 2308 ἁνένδατον
250 2280 342 2314 ἔφεσιν
357 2280 407 2314 τῆς
419 2279 539 2310 ἀπαθοῦς
551 2279 674 2314 θεωρίας,
689 2279 735 2305 καὶ
753 2278 802 2313 τῆς
818 2278 883 2304 αἰω-

98 2326 158 2357 νίας
180 2326 263 2357 ὅντως
278 2326 325 2352 καὶ
342 2326 439 2361 νοητῆς
462 2325 603 2356 κοινωνίας
621 2324 690 2360 πρὸς
709 2323 818 2358 ἐκείνην,
834 2323 885 2358 τὴν

98 2372 221 2408 καθαρὰν
235 2372 382 2406 διαύγειαν,
394 2372 440 2398 καὶ
454 2372 503 2407 τὴν
525 2371 616 2406 ἀφανῆ
629 2371 676 2397 καὶ
691 2369 765 2396 θείαν
783 2368 884 2405 εὐπρέ-

99 2426 189 2445 πειαν.
205 2418 288 2445 Πάλιν
304 2418 335 2444 τὸ
351 2418 477 2453 ἀκρατὲς,
492 2418 532 2451 ἐφ’
550 2417 627 2453 ἡμῶν
643 2417 701 2452 μὲν,
717 2417 749 2442 τὸ
763 2416 803 2450 ἐφ’
816 2416 884 2451 ὅπερ

97 2463 130 2499 δὴ
149 2464 197 2490 καὶ
216 2465 371 2499 ὀρμήσομεν
390 2464 600 2498 ἀνεπιστροφον·
617 2462 658 2488 ἐπ’
674 2462 783 2488 ἐκείνων
797 2462 836 2493 δὲ,
853 2461 884 2488 τὸ

99 2510 235 2541 σύντονον,
253 2510 300 2536 καὶ
319 2509 349 2536 τὸ
365 2510 440 2545 παρὰ
455 2509 567 2545 μηδενὸς
581 2508 771 2542 ἐγκόπτεσθαι,
786 2507 829 2534 διὰ
839 2507 884 2533 τὸν

98 2556 186 2591 ἀμιγῆ
202 2555 249 2582 καὶ
262 2555 390 2590 καθαρὸν,
403 2555 449 2581 καὶ
462 2555 501 2586 εἰς
514 2554 588 2580 οὐδὲν
603 2554 695 2589 ἕτερον
707 2553 879 2588 ἐσχολακότα,

99 2601 147 2626 καὶ
162 2599 339 2627 ἀναλλοίωτον
352 2599 401 2633 τῆς
421 2598 495 2630 θείας
506 2598 637 2633 καλλονῆς
654 2598 752 2634 ἐρωτα,
771 2597 816 2623 καὶ
835 2597 884 2632 τὴν

99 2647 191 2682 ὁλικὴν
204 2646 292 2682 ὁρμὴν
306 2647 351 2672 ἐπὶ
363 2646 393 2672 τὸ
406 2646 488 2677 ὅντως
501 2646 640 2681 ἐράσμιον.
657 2644 741 2671 Πάλιν
755 2643 804 2678 τὴν
822 2643 884 2669 ἀλο-

100 2692 171 2726 γίαν,
195 2692 242 2719 καὶ
263 2691 450 2726 ἀναισθησίαν,
464 2692 511 2718 καὶ
525 2690 663 2726 ἁνοησίαν,
686 2690 731 2716 ἐπὶ
757 2689 805 2724 μὲν
828 2688 883 2714 τῶν

100 2738 204 2772 ἀλόγων
229 2747 259 2764 τε
274 2739 321 2765 καὶ
345 2738 470 2772 ἀψύχων,
494 2737 585 2768 καθὼς
607 2737 654 2763 ἐπὶ
672 2735 718 2762 τοῦ
742 2735 815 2761 λίθου
833 2734 883 2768 τὴν

101 2783 287 2818 ἀναισθησίαν,
298 2782 368 2809 κατὰ
385 2782 509 2817 στέρησιν
521 2781 633 2816 λέγομεν
643 2789 649 2795 ·
666 2780 711 2807 ἐπὶ
721 2780 749 2806 δέ
763 2779 816 2806 τῶν
827 2787 885 2814 νοη-

101 2828 154 2854 τῶν
167 2829 213 2854 καὶ
226 2828 325 2859 ἀῢλων,
341 2828 410 2854 κατὰ
421 2827 565 2862 ἀπόφασιν.
579 2827 634 2854 Καὶ
643 2826 688 2853 διὰ
704 2825 752 2861 μὲν
760 2826 790 2852 τὸ
803 2826 884 2860 ὑπερ-

103 2873 173 2908 έχειν
197 2873 276 2905 αὐτὰ,
295 2874 333 2905 ὡς
348 2872 531 2909 ὑπερκείμενα
547 2871 593 2900 τοῦ
616 2871 675 2898 καθ’
691 2872 764 2907 ἡμᾶς
779 2880 880 2908 προφο-

935 2273 1048 2306 Quando
1066 2278 1156 2300 autem
1177 2273 1426 2308 concupiscentiam
1450 2274 1531 2302 rebus
1549 2274 1719 2309 spiritalibus

937 2319 1120 2353 attribuimus,
1132 2319 1241 2347 divinus
1256 2327 1334 2348 amor
1348 2321 1508 2356 cogitandus
1524 2321 1564 2348 rei
1580 2328 1661 2354 supra
1677 2329 1719 2348 ra-

936 2366 1037 2394 tionem
1050 2373 1084 2393 ac
1105 2370 1223 2393 mentem
1244 2366 1444 2399 immaterialis,
1461 2372 1543 2402 atque
1562 2366 1719 2395 indeﬁciens

935 2412 1099 2439 desiderium
1121 2412 1355 2446 contemplationis
1376 2420 1437 2447 quae
1463 2413 1600 2447 passionis
1621 2421 1719 2449 expers

937 2458 987 2491 sit,
1008 2465 1057 2484 nec
1072 2465 1125 2484 non
1146 2462 1256 2485 aeterna:
1279 2459 1390 2485 omnino
1403 2466 1435 2486 ac
1451 2459 1582 2493 spiritalis
1597 2466 1720 2487 commu-

935 2503 1036 2535 nionis,
1060 2502 1132 2530 illius
1147 2511 1221 2538 pune
1242 2504 1393 2537 claritatis;
1411 2508 1438 2531 et
1452 2504 1554 2531 occulti
1574 2509 1656 2538 atque
1675 2505 1717 2532 di—

933 2548 987 2575 vini
1005 2548 1121 2575 decoris.
1147 2549 1274 2582 Rursum,
1295 2550 1494 2577 incontinentia
1511 2550 1537 2576 in
1560 2551 1639 2579 nobis
1658 2552 1718 2586 qui-

937 2594 996 2621 dem
1013 2599 1055 2622 est
1069 2595 1178 2629 quidam
1194 2595 1321 2628 impetus,
1337 2603 1391 2630 quo
1405 2596 1432 2622 in
1454 2596 1555 2630 aliquid
1572 2597 1717 2624 tumultua-

936 2641 976 2667 rio
990 2641 1068 2667 modo
1083 2640 1207 2670 ferimur;
1226 2641 1252 2668 in
1267 2640 1322 2668 illis
1339 2648 1404 2667 vero
1426 2642 1578 2668 constantia
1595 2647 1646 2674 est,
1658 2650 1718 2676 quae

936 2694 951 2713 ιι
967 2687 1075 2714 nemine
1096 2686 1207 2722 infringi
1229 2687 1325 2722 possit,
1344 2692 1453 2722 propter
1468 2695 1547 2716 suum
1563 2688 1716 2723 simplicem

935 2739 968 2759 ac
983 2739 1093 2766 purum,
1112 2737 1139 2759 et
1153 2732 1180 2759 in
1201 2732 1275 2759 nullo
1289 2733 1504 2765 exorbitantem,
1521 2738 1602 2767 atque
1618 2733 1716 2760 immu-

935 2778 1045 2806 tabilem
1059 2778 1156 2806 divina:
1170 2778 1382 2813 pulchritudinis
1393 2786 1523 2811 amorem.
1533 2779 1586 2814 25
1601 2783 1629 2806 et
1646 2782 1716 2805 tota-

935 2825 987 2852 Iern
999 2825 1125 2859 impetum
1138 2827 1164 2852 in
1174 2823 1200 2852 id
1213 2825 1284 2860 quod
1292 2832 1355 2852 vere
1364 2825 1477 2852 amabile
1484 2825 1600 2852 exsistit.
1612 2824 1715 2855 Denuo.

934 2870 1183 2905 irrationalitatem,
1203 2876 1230 2899 et
1251 2870 1499 2904 insensibilitatem,
1519 2874 1545 2898 et
1559 2869 1714 2904 amentiam,
