1933 3075
215 124 265 154 139

780 123 808 153 8.
827 123 977 154 DlONYSlI
995 124 1226 154 AREOPAGITE

1791 124 1839 153 160

214 182 240 209 in
259 183 338 210 rebus
351 181 556 210 irrationalibus
573 185 601 210 et
619 182 788 218 inanimatis,
802 184 877 212 verbi
900 184 1001 218 gratia,

1055 182 1131 219 ρικοῦ
1151 183 1242 217 λόγου,
1262 182 1320 218 (τοῦ
1338 181 1519 219 μεταϐατικοῦ
1536 181 1595 219 μὲν,
1608 180 1646 214 ὥς
1663 182 1840 218 μεταϐαίνον-

213 228 241 255 itt
259 227 349 262 lapide
375 228 633 262 insensibilitatem,
659 230 792 264 privative
817 230 945 261 dicimus,
967 230 1001 257 de

214 274 464 310 spiritalibusvero
479 282 510 302 ac
525 275 606 302 rebus
626 275 828 308 immateriatis,
842 275 1002 304 alﬁrtnative

214 327 262 348 seu
280 320 405 354 positive.
421 320 511 354 Atque
525 320 571 348 illa
590 321 711 355 quidem,
734 323 806 357 quod
829 322 1000 350 eminentiori

214 365 295 392 modo
309 372 338 392 se
351 366 479 396 habeant,
496 366 532 393 ita
551 371 581 393 ut
597 372 718 394 nostram
734 373 863 402 superent
874 368 1002 402 eloquen-

215 411 299 444 tiam,
331 419 538 446 sermonemque
572 414 766 441 transcendant
796 414 999 449 (transitorium

214 456 338 490 quidem,
360 461 389 483 ut
410 458 456 492 qui
473 465 488 484 a
507 457 636 492 loquente
659 459 693 485 ad
713 458 866 486 auditorem
887 459 1000 493 transit;

214 509 376 536 corporeum
391 511 468 536 vero,
482 507 511 530 ut
525 504 570 538 qui
585 505 725 539 corporeis
739 505 927 533 instrumentis
942 513 1003 541 pro.

215 547 332 581 fertur),
359 547 473 576 dicimus
493 548 577 584 ἄλογα
602 556 649 577 seu
673 549 835 579 ineffabilia:
852 550 909 579 illic
929 552 1000 579 enirn

215 601 268 620 non
293 594 347 626 sic.
368 594 416 621 sed
438 595 561 629 corporis
582 600 716 631 expertes,
737 600 764 623 et
781 596 814 623 ad
832 604 861 624 se
885 597 1000 624 invicem

215 638 369 666 accedendo
385 647 417 666 ac
439 640 600 673 reccdendo,
621 641 694 668 omni
714 649 840 669 sermone
860 643 1000 678 perspica-

215 685 276 712 cius
290 687 470 720 cogitationes
493 691 602 714 mutuas
618 687 860 721 intuentes,'velut
882 689 953 716 inter
970 696 1000 716 se

216 731 408 766 colloquuntur
426 740 473 768 per
500 733 650 767 silentium,
673 742 826 762 sermonem
849 735 900 762 sibi
926 735 1001 762 velut

216 777 334 805 invicem
363 780 606 808 communicantes.
634 781 788 808 Secundum
816 782 867 809 hoc
894 781 997 815 itaque,

215 824 325 852 ordines
348 825 477 852 caelestes
502 827 637 854 sermonis
661 833 786 862 expertes
808 827 924 855 dicimus
944 837 950 855 :
973 829 999 855 in

1052 236 1098 260 τος
1109 229 1141 255 ὲκ
1153 228 1199 255 τοῦ
1212 228 1337 263 λέγοντος
1351 229 1391 260 είς
1405 228 1450 256 τὸν
1467 227 1612 256 ἀκούοντα·
1631 227 1786 263 σωματικοῦ
1798 227 1840 260 δὲ,

1051 274 1089 306 ὡς
1105 273 1151 301 διὰ
1167 274 1329 310 σωματικῶν
1347 274 1468 310 ὁργάνων
1479 273 1643 309 γινομένου,)
1658 273 1771 308 λέγομεν
1783 273 1842 301 ἀλο-

1053 329 1090 354 γα
1099 328 1105 335 ·
1122 321 1181 347 ἐκεῖ
1194 320 1249 356 γὰρ
1262 320 1311 355 οὐχ
1322 320 1418 352 οὕτως,
1430 319 1486 346 ἀλλ’
1501 319 1529 346 ὲν
1542 319 1685 354 ἀσωματίᾳ
1696 319 1841 353 τυγχάνον-

1052 375 1109 398 τες,
1122 367 1170 393 καὶ
1180 367 1222 398 είς
1237 366 1368 402 ἀλλήλους
1386 365 1538 401 χωροῦντες
1560 365 1605 392 καὶ
1624 365 1840 401 ἀποχωροῦντες,

1052 411 1154 444 παντὸς
1175 412 1254 445 λόγου
1273 411 1433 447 τρανότερον
1445 410 1495 442 τὰς
1510 409 1630 446 ἀλλήλων
1644 411 1748 445 νοήσεις
1759 418 1840 437 κατοο

1053 458 1214 490 πτεύοντες,
1237 457 1361 493 ἀλλήλοις
1379 457 1474 493 ὥσπερ
1491 457 1658 492 διαλέγονται
1689 456 1734 483 διὰ
1749 456 1839 492 σιγῆς,

1053 505 1101 532 τοῦ
1114 505 1194 539 λόγου
1208 504 1302 541 ὥσπερ
1318 504 1504 541 μεταδιδόντες
1518 503 1651 539 ἀλλήλοις.
1669 502 1750 530 Κατὰ
1761 502 1842 530 τοῦτο

1051 551 1140 578 τοίνυν
1153 551 1238 584 ἄλογα
1248 550 1362 586 λέγομεν
1373 550 1407 577 τὰ
1425 550 1537 586 οὐράνια
1548 549 1688 585 τάγματα·
1703 548 1748 575 διὰ
1762 549 1791 575 δὲ
1809 549 1842 575 τὸ

1053 597 1232 632 ὑπερκεῖσθαι
1243 597 1294 632 τῆς
1309 596 1414 631 ὑλικῆς,
1426 596 1467 628 ὼς
1485 596 1532 623 καὶ
1544 595 1687 632 ἀλλοτρίας
1697 595 1751 622 τῶν
1769 595 1843 622 ἀσω-

1053 641 1146 676 μάτων
1154 641 1315 677 αίσθήσεως,
1324 640 1414 676 φαμὲν
1421 640 1579 676 ἀναίσθητα,
1586 640 1624 672 ὼς
1631 639 1782 675 ὑψηλότερα
1789 638 1840 674 τῆς

1051 688 1212 723 αἰσθήσεως,
1225 689 1271 715 καὶ
1280 689 1372 724 νοητά..
1383 687 1576 724 Συμπεραίνων
1590 687 1673 722 λέγει’
1693 686 1770 712 Ἔστι
1785 694 1842 712 τοις-

1052 734 1155 770 γαροῦν
1170 735 1220 762 οὐκ
1231 735 1342 766 ἀπεικὸς
1355 735 1402 761 καὶ
1413 736 1444 762 ὲκ
1460 734 1515 761 τῶν
1532 733 1664 769 ἀνομοίων
1681 733 1728 759 καὶ
1746 733 1839 767 ἀτιμο-

1051 782 1139 810 τάτων
1154 782 1203 817 τῆς
1216 781 1281 816 ὕλης
1294 781 1383 818 μερῶν
1395 780 1574 808 ἀναπλάττειν
1589 779 1706 811 εἰκόνας,
1718 778 1778 805 ἐπεὶ
1793 778 1841 804 καὶ

1053 828 1121 864 αὕτη
1133 829 1149 864 ή
1164 828 1213 864 ὕλη
1228 828 1307 864 περὶ·
1319 827 1366 854 τοῦ
1377 828 1460 859 ὅντως
1468 826 1550 854 καλοῦ
1556 826 1602 852 τοῦ
1609 825 1675 852 Θεοῦ
1690 825 1839 856 ὑποστᾶσα,

216 876 348 905 quantum
366 879 429 899 vero
444 873 609 900 materialem
627 881 659 901 ac
672 874 846 909 peregriuum
862 874 943 902 rebus
957 875 998 902 in-

1054 874 1119 901 κατὰ
1141 875 1231 901 πᾶσαν
1256 874 1341 910 αὐτῆς
1353 874 1531 910 διακόσμησιν
1548 872 1595 908 τὴν
1609 873 1668 900 κατ’
1680 869 1758 903 εἶδος,
1769 871 1841 906 ἀπη-

216 918 355 951 corporeis
372 926 480 945 sensum
506 925 652 954 superant,
673 920 849 948 insensibiles
873 921 997 948 nornina-

216 970 289 994 mus,
316 964 414 998 quippe
441 971 549 992 sensum
583 967 763 998 excedentes,
791 974 824 993 ac
849 967 997 1001 spiritales.

215 1009 388 1037 Concludens
402 1010 460 1036 ait:
478 1010 572 1038 Liceat
588 1012 679 1046 itaque
696 1021 747 1040 non
765 1014 902 1041 immerito
916 1014 999 1041 etiam

215 1063 250 1082 ex
281 1057 457 1084 diss}tni|ililts
491 1058 684 1093 vilissimisque
723 1060 843 1086 materiae
875 1060 999 1095 partibus

215 1103 349 1136 imagines
363 1103 522 1136 eli‘orntare;
539 1104 759 1138 quandoquidem
772 1106 855 1132 etiam
873 1107 930 1133 haec
944 1114 999 1133 ma-

218 1150 284 1176 teria
303 1156 317 1176 a
331 1157 393 1177 vere
410 1151 521 1185 pulchro
540 1151 596 1178 Deo
610 1152 735 1184 exsistat,
750 1160 912 1187 omnemque
919 1160 1001 1180 orna-

217 1201 273 1223 tum
295 1204 374 1224 suum
391 1198 547 1232 specilicum
564 1199 697 1230 obtineat,
724 1198 907 1233 nonnullaque
921 1198 1002 1233 spiri-

217 1242 279 1269 talis
299 1243 407 1270 decoris
430 1244 542 1278 vestigia
565 1243 664 1271 referat
683 1253 690 1271 :
707 1244 935 1279 quemadmodum
958 1244 1000 1271 lu-

218 1287 298 1314 minis
314 1293 373 1320 cst,
397 1288 564 1320 illuminare;
584 1296 667 1324 atque
692 1290 762 1325 ignis
781 1297 951 1322 consumere,
969 1297 1002 1317 ac

217 1337 370 1367 penetrare,
393 1335 415 1361 si
438 1335 538 1362 sitnilia
560 1335 647 1363 solum
672 1335 841 1363 dissimiliter
860 1340 887 1363 et
907 1336 1001 1363 diﬂ'or-

217 1379 299 1407 miter
318 1381 511 1416 quotnpliciter
525 1386 691 1412 sumantur:
707 1382 747 1410 sol
767 1383 840 1410 enim
857 1382 1001 1410 sensibiles

217 1425 309 1452 oculos
324 1426 468 1460 illuminat,
485 1431 512 1454 et
526 1427 680 1455 facultatem
704 1429 807 1463 praebet
823 1427 931 1455 colores
947 1428 1001 1455 dis-

217 1473 361 1505 cernendi;
380 1473 450 1500 Deus
468 1481 531 1501 vero
555 1474 607 1500 vim
626 1475 686 1508 dat,
704 1474 789 1509 ipsam
817 1475 952 1508 animam,
974 1480 1001 1502 et

219 1524 278 1552 qua:
292 1518 317 1545 in
333 1526 364 1545 ea
381 1519 492 1553 pulchra
509 1524 585 1552 sunt,
604 1521 776 1556 penetrandi.
791 1520 858 1548 Nam
875 1528 935 1555 quae
954 1528 1001 1547 ca-

219 1564 280 1591 dent
296 1569 369 1595 sunt,
379 1572 431 1591 non
446 1565 541 1593 eodem
557 1567 637 1593 modo
648 1566 829 1600 accipiuntur.
843 1566 891 1593 sed
904 1573 1003 1593 secun-

219 1609 283 1636 dum
297 1614 447 1638 naturalem
460 1611 573 1645 subjecti
589 1611 782 1647 proprietatem
796 1616 824 1638 et
835 1611 1003 1638 deﬁniuntur

219 1660 248 1682 et
268 1656 474 1692 intelliguntur:
490 1658 590 1685 idcirco
611 1658 682 1685 enim
706 1658 788 1684 etiam
811 1657 869 1685 haec
895 1657 1002 1684 illorum

220 1702 333 1736 vestigia
349 1710 395 1729 seu
415 1703 515 1730 indicia
531 1704 674 1736 dicuntur;
689 1704 760 1730 unde
773 1703 856 1731 etiam
871 1703 905 1730 de
921 1703 1004 1730 dissi-

221 1748 332 1775 milibus
353 1750 547 1784 quotupliciter
575 1751 801 1786 participantibus
824 1750 868 1778 vel
891 1750 1002 1785 partici-

221 1800 286 1828 pare
309 1796 513 1829 apparentibus,
536 1797 679 1830 proverbio
702 1796 813 1827 dicitur,
837 1796 922 1823 echus
951 1802 1004 1823 vox

223 1840 392 1873 reparabilis.
412 1841 488 1874 Quod
503 1842 575 1868 enim
593 1847 634 1869 est
649 1842 675 1869 in
693 1843 796 1869 visione
812 1841 913 1875 imago,
930 1841 1006 1868 sitni-

1050 921 1160 956 χήματά
1174 929 1236 946 τινα
1245 920 1295 955 τῆς
1307 921 1402 955 νοερᾶς
1417 918 1581 955 εὐπρεπείας
1593 918 1658 954 ἔχει,
1674 918 1711 950 ὡς
1725 918 1781 944 ἔστι
1792 916 1840 943 τοῦ

1050 967 1147 1002 φωτὸς,
1155 967 1186 993 τὸ
1195 966 1321 1001 φωτίζειν
1328 987 1335 999 ,
1347 966 1450 993 καὶτοῦ
1460 965 1554 1002 πυρὸς,
1563 965 1592 992 τὺ
1599 964 1780 1000 δαπανητικὺν
1793 963 1841 990 καὶ

1049 1013 1220 1049 δραστήριον,
1234 1014 1258 1039 εί
1281 1013 1359 1048 μόνον
1383 1012 1517 1048 ἀνομοίως
1538 1012 1585 1039 καὶ
1600 1010 1784 1047 ὲτεροτρόπως
1805 1008 1842 1036 τὰ

1050 1059 1131 1094 ὃμοια
1143 1058 1235 1091 ποσῶς
1249 1058 1477 1094 έκλαμόάνονταιι
1490 1057 1564 1093 ἥλιος
1575 1056 1629 1093 γὰρ
1641 1056 1785 1090 αἰσθητοὺς
1796 1055 1841 1090 ὀφ-

1051 1105 1169 1140 θαλμοὺς
1181 1104 1302 1139 φωτίζει,
1312 1106 1359 1132 καὶ
1369 1104 1423 1131 τῶν
1433 1104 1584 1140 χρωμάτων
1595 1101 1841 1139 ἀντιλαμϐάνεσθαι

1050 1151 1140 1178 δίδωσι
1151 1160 1156 1166 ·
1169 1151 1235 1183 Θεὸς
1246 1151 1275 1178 δὲ
1285 1151 1373 1187 ψυχὴν
1385 1151 1432 1178 καὶ
1444 1152 1500 1182 τοῖς
1513 1151 1601 1177 ἐκεῖσε
1613 1149 1705 1180 καλοῖς
1712 1149 1842 1183 ὲπεντρα-

1051 1197 1133 1229 νίζειν
1145 1198 1269 1233 παρέχει.
1286 1198 1326 1224 Τὰ
1338 1197 1407 1224 αὐτὰ
1418 1197 1472 1233 γὰρ
1485 1197 1516 1224 οὐ
1530 1196 1634 1228 ταὺτῶς
1646 1195 1840 1231 λαμϐάνονται,

1051 1242 1119 1278 πρὸς
1126 1243 1176 1278 τὴν
1187 1243 1304 1278 φυσικὴν
1315 1243 1343 1270 δὲ
1357 1243 1475 1278 ἰδιότητα
1488 1241 1534 1268 τοῦ
1548 1241 1726 1277 ὑποκειμένου
1735 1240 1781 1267 καὶ
1788 1239 1841 1274 ὀρί-

1052 1288 1142 1321 ζονται
1160 1289 1207 1316 καὶ
1221 1289 1352 1316 νοοῦνται.
1368 1288 1417 1316 Διὰ
1434 1288 1512 1315 τοῦτο
1528 1288 1583 1324 γὰρ
1605 1288 1651 1314 καὶ
1672 1287 1841 1323 ἀπηχήματα

1052 1334 1173 1370 λέγονται
1189 1335 1300 1362 ἐκείνων
1313 1334 1411 1362 ταῦτα·
1428 1334 1457 1368 ὲξ
1477 1331 1508 1361 οὗ
1524 1335 1571 1361 καὶ
1582 1332 1716 1369 παροιμία
1731 1333 1776 1359 ὲπὶ
1786 1331 1842 1359 τῶν

1051 1380 1183 1415 ἀνομοίων
1190 1379 1280 1412 ποσῶς
1290 1380 1464 1415 μετεχόντων,
1473 1379 1490 1414 ἢ
1499 1379 1544 1406 καὶ
1551 1377 1698 1405 δοκούντων
1708 1376 1841 1413 μετέχειν,

1052 1425 1169 1460 λέγεται,
1178 1425 1220 1452 ὅτι
1234 1425 1281 1452 καὶ
1287 1425 1318 1451 τὸ
1326 1424 1376 1460 τῆς
1384 1423 1466 1460 ἠχοῦς
1481 1423 1674 1459 ὑστερόφωνον.
1685 1423 1717 1448 Ὃ
1727 1422 1781 1457 γὰρ
1794 1420 1842 1447 ἐπὶ

1052 1471 1102 1506 τῆς
1120 1471 1240 1507 ὁράσεως
1254 1470 1344 1502 είκὼν,
1360 1470 1485 1505 ὁμοίωμά
1501 1478 1526 1496 τι
1542 1469 1609 1505 πρὸς
1622 1469 1652 1495 τὸ
1666 1468 1845 1504 πρωτότυπον

1056 1517 1168 1554 ἔχουσα·
1184 1517 1262 1544 τοῦτο
1280 1517 1326 1543 ἐπὶ
1344 1516 1395 1551 τῆς
1415 1515 1499 1551 ἀκοῆς
1513 1516 1657 1551 ἀπήχημα,
1679 1514 1804 1549 ὁμοίωμά
1816 1522 1842 1540 τι

1055 1563 1121 1599 πρὸς
1132 1563 1182 1598 τὴν
1195 1562 1284 1598 φωνὴν
1300 1562 1374 1597 ἕχον·
1389 1561 1419 1588 τὸ
1432 1561 1486 1597 γὰρ
1505 1561 1560 1588 ἀπὸ
1575 1561 1622 1587 τοῦ
1639 1560 1706 1595 ’ήχου
1728 1560 1768 1590 είς
1781 1559 1843 1586 ὲλά-

1052 1618 1142 1644 χιστον
1158 1608 1340 1642 καταντῆσαν,
1364 1607 1442 1634 τοῦτό
1463 1608 1546 1633 ἐστιν.
1569 1606 1710 1641 Ἐννόησον
1729 1603 1776 1632 οὖν
1793 1603 1843 1640 τὴν

1053 1656 1149 1692 νοερὰν
1160 1655 1206 1682 τοῦ
1225 1654 1291 1681 Θεοῦ
1308 1654 1483 1690 εὐπρέπειαν,
1505 1653 1570 1688 ’ήχου
1584 1651 1645 1678 τινὰ
1665 1651 1740 1686 λόγον
1765 1651 1844 1686 ἔχου,

1055 1710 1104 1728 σαν
1116 1700 1232 1734 ἐξαισίου
1246 1700 1332 1735 πάντη
1346 1701 1392 1726 καὶ
1406 1699 1577 1735 ἀπορρήτου·
1590 1696 1620 1730 ὲξ
1630 1694 1661 1725 οὗ
1676 1705 1748 1728 τινος
1761 1696 1843 1731 ήχου,

1056 1747 1103 1774 καὶ
1127 1745 1156 1779 ἐξ
1170 1743 1204 1781 ἦς
1227 1745 1402 1781 εὐπρεπείας,
1421 1743 1591 1780 ἀπηχήματά
1610 1751 1681 1774 τινα,
1699 1742 1745 1769 καὶ
1762 1741 1845 1768 οἱονεὶ

1057 1791 1216 1828 ὁμοιώματα
1229 1790 1275 1817 τοῦ
1291 1791 1368 1827 ήχου,
1381 1790 1398 1826 ἢ
1413 1790 1458 1818 καὶ
1472 1789 1604 1826 ἀνομοίως
1617 1788 1844 1824 ὲκλαμϐἀνονται,

1059 1839 1128 1875 πρὸς
1141 1838 1175 1865 τὰ
1189 1838 1324 1874 κτίσματα
1336 1837 1476 1872 φθάνουσι.

221 1882 362 1912 Iitudinem
394 1888 540 1921 quamdam
565 1888 647 1922 primi
673 1888 837 1922 exetnplaris
860 1888 999 1918 referens;
1017 1886 1069 1913 hoc
1091 1889 1133 1913 est
1153 1885 1179 1912 in
1194 1884 1287 1911 auditu
1304 1884 1462 1911 resonantia
1475 1882 1681 1910 similitudinem
1696 1881 1845 1917 quamdam

221 1935 296 1962 vocis
310 1935 429 1968 habens;
448 1937 519 1971 quod
536 1937 662 1963 nimirum
680 1936 744 1963 illud
761 1941 815 1970 est,
842 1936 914 1971 quod
943 1943 958 1962 a
985 1942 1052 1962 sono
1066 1934 1191 1961 ultimutn
1219 1931 1379 1959 reﬂectitur.
1401 1930 1551 1959 Considera
1577 1931 1662 1965 igitur
1690 1929 1843 1965 spiritalem

221 1978 270 2007 Dei
301 1981 529 2015 pulchritudinem
556 1991 587 2011 ac
605 1985 731 2012 decorem
752 1984 853 2012 referre
877 1983 1076 2019 quodammodo
1101 1981 1233 2008 rationem
1258 1979 1402 2014 quamdam
1422 1979 1508 2006 echus
1524 1986 1636 2013 prorsus
1655 1978 1802 2013 singularis
1816 1984 1847 2007 et

221 2029 336 2060 occulti;
353 2036 367 2055 a
383 2030 460 2063 ctujus
475 2037 554 2062 sono,
570 2036 597 2058 et.
614 2039 628 2057 a
643 2032 721 2067 cujus
735 2031 938 2066 pulchritudine
954 2029 1117 2057 resonantia:
1140 2028 1275 2063 quaedam,
1297 2031 1326 2055 et
1345 2026 1423 2060 quasi
1446 2026 1640 2054 similitudines
1658 2026 1743 2060 ipsius
1766 2025 1843 2056 soni,

223 2077 287 2104 licet
302 2076 471 2104 dissimiliter
487 2079 666 2114 accipiantur,
681 2080 714 2106 ad
731 2080 802 2114 ipsas
816 2084 956 2107 creaturas
970 2077 1139 2105 deferuntur.

257 2125 312 2160 26
326 2124 339 2160 §
354 2125 384 2152 V.
402 2125 477 2154 Hanc
489 2127 524 2154 ob
539 2134 649 2154 causam
667 2129 771 2156 divinos
787 2128 846 2156 illos
859 2130 1002 2163 prophetas

1095 2124 1109 2161 ς
1127 2123 1158 2153 ν.
1171 2124 1220 2151 Διά
1233 2124 1312 2151 τοῦτο
1321 2123 1385 2154 τοὺς
1400 2122 1487 2154 θείους
1498 2122 1640 2157 προφήτας
1651 2121 1802 2156 εὑρήσομεν
1813 2120 1847 2147 οὐ

225 2171 389 2204 reperimus,
413 2179 465 2199 non
489 2172 615 2200 caelestes
640 2178 743 2201 tantum
768 2174 882 2202 virtutes
901 2181 948 2208 per
966 2174 1002 2201 si-

1062 2170 1142 2206 μόνον
1155 2170 1204 2202 τὰς
1218 2170 1345 2206 οὐρανίας
1363 2168 1502 2204 δυνάμεις,
1517 2165 1588 2193 οὕτω
1606 2167 1652 2192 καὶ
1665 2165 1708 2192 διὰ
1718 2165 1847 2192 τοιούτων

224 2216 302 2243 miles
316 2217 439 2244 ﬁctiones
450 2217 598 2251 declarare,
610 2220 657 2246 sed
674 2219 816 2254 ipsammet
827 2219 908 2247 etiaut
921 2227 1007 2254 quatt-

223 2264 312 2298 doque
340 2263 460 2290 divinam
487 2265 642 2292 essentiam.
667 2265 706 2292 Et-
725 2265 871 2300 aliquando
896 2266 1006 2301 quidem

224 2307 309 2342 ipsam
324 2316 338 2334 a
352 2308 433 2335 rebus
447 2316 507 2343 quae
521 2314 663 2343 apparent,
686 2318 791 2345 magna:
805 2311 1006 2346 mstimationis,

224 2353 342 2386 laudant,
365 2359 493 2388 tanquam
509 2355 610 2383 solem:
628 2363 714 2390 neque
729 2357 754 2384 id
770 2358 943 2392 simpliciter,
959 2360 1006 2387 sed

223 2402 351 2433 tanquam
377 2399 465 2426 Solent
489 2400 618 2434 iustitiae,
637 2401 713 2435 juxta
737 2402 893 2437 prophetam
921 2403 1007 2430 Mala-

223 2445 312 2471 chiatn
331 2445 376 2472 I‘:
403 2450 529 2480 tanquam
560 2447 666 2474 stellam
697 2449 878 2482 matutinatn,
904 2451 950 2478 sed
979 2451 1006 2478 in

224 2491 313 2516 anima
330 2491 474 2522 orientem,
495 2491 571 2525 juxta
589 2499 714 2527 magnum
739 2493 849 2522 Petrum
866 2494 892 2523 in
910 2497 1005 2524 catho—

225 2536 276 2563 lica
300 2536 418 2571 Epistola
433 2544 482 2564 sua
501 2537 654 2566 dicentem:
673 2538 759 2566 Donec
790 2540 888 2575 lucifer
905 2542 1008 2569 oriatur

225 2583 252 2608 in
265 2582 388 2609 cordibus
412 2583 504 2610 vestris
516 2584 542 2603 ι’·
555 2593 562 2611 :
577 2589 604 2610 et
620 2590 648 2611 ut
669 2584 768 2617 lumen,
780 2587 827 2613 sed
848 2587 907 2615 sine
933 2593 1008 2622 tegu-

227 2633 316 2656 mento
326 2628 562 2663 splendens,jnxta
578 2630 641 2657 illud
652 2630 725 2666 :Ego
736 2625 792 2659 sum
807 2633 855 2661 tua:
868 2635 961 2662 mundi
970 2635 1006 2667 c‘;

227 2679 308 2709 atque
321 2674 383 2701 illud
397 2683 403 2701 :
418 2675 484 2702 Erat
497 2675 542 2703 tua:
554 2675 657 2703 uerad‘.
668 2677 821 2712 Aliquando
832 2686 897 2706 vero
905 2687 919 2705 a
927 2679 1009 2707 rebus

227 2719 419 2754 mediocribus,
443 2721 516 2748 verbi
534 2722 633 2756 gratia,
653 2727 682 2749 ut
707 2724 811 2758 ignem,
833 2724 879 2752 sed
902 2725 1010 2753 innoxie

1058 2215 1206 2252 δηλοῦντας
1230 2215 1364 2247 πλάσεων,
1386 2213 1452 2241 ἀλλὰ
1469 2213 1515 2240 καὶ
1535 2210 1618 2246 αὐτὴν
1637 2211 1711 2237 ἔστιν
1731 2211 1775 2237 ὅτε
1796 2210 1847 2246 τὴν

1059 2261 1206 2297 ϐεαρχικὴν
1220 2260 1323 2287 οὐσίαν.
1337 2259 1391 2286 Καὶ
1407 2259 1472 2286 ποτὲ
1492 2258 1541 2293 μὲν
1556 2256 1640 2292 αὐτὴν
1653 2256 1706 2283 ἀπὸ
1719 2255 1773 2282 τῶν
1787 2263 1848 2290 φαι-

1059 2307 1180 2342 νομένων
1206 2306 1306 2342 τιμίων
1330 2305 1476 2341 ὑμνοῦσιν,
1497 2304 1535 2336 ὼς
1563 2302 1655 2338 ήλιονι
1682 2302 1732 2337 οὐχ
1755 2301 1847 2332 ἁπλῶς

1059 2353 1145 2388 ἥλιον,
1165 2351 1234 2378 ἀλλὰ.
1253 2351 1423 2386 δικαιοσύνης
1443 2349 1512 2376 κατὰ
1524 2349 1569 2376 τὸν
1589 2349 1729 2385 προφήτην
1752 2347 1847 2374 Μαλα-

1060 2402 1136 2438 χίαν⁹
1151 2401 1189 2433 ὡς
1210 2401 1277 2437 ἑῷον
1299 2400 1410 2435 ἀστέρα,
1427 2399 1484 2426 ἀλλ’
1498 2399 1538 2429 είς
1553 2397 1642 2433 ψυχὴν
1660 2395 1846 2426 ἀνατέλλοντα,

1059 2447 1130 2475 κατὰ
1144 2448 1189 2474 τὸν
1205 2448 1289 2484 μέγαν
1302 2447 1404 2483 Πέτρον
1417 2446 1446 2472 ὲν
1458 2447 1492 2481 τῇ
1507 2444 1637 2480 καθολικῇ
1651 2442 1791 2478 Ἐπιστολῇ
1803 2441 1848 2467 αὐ-

1059 2494 1106 2521 τοῦ
1130 2493 1243 2529 λέγοντα
1252 2514 1259 2526 ,
1283 2494 1359 2527 Ἕως
1370 2492 1405 2519 οὗ
1422 2492 1582 2527 φωσφόρος
1594 2488 1734 2517 drum-2.16?
1740 2489 1774 2515 ὲν
1783 2487 1848 2520 ταῖς

1060 2541 1193 2576 καρδίαις
1206 2539 1303 2575 ὑμῶν·
1320 2539 1366 2565 καὶ
1385 2537 1422 2569 ὡς
1448 2536 1519 2572 φῶς,
1542 2536 1598 2563 ἀλλ’
1621 2533 1847 2570 ἀπερικαλύπτως

1061 2587 1244 2622 καταυγὰζον,
1255 2586 1292 2617 ὡς
1303 2585 1344 2617 τὸ,
1365 2582 1437 2619 Ἐγώ
1453 2584 1511 2618 ειμι
1528 2582 1560 2609 τὸ
1573 2581 1635 2616 φῶς
1648 2579 1700 2607 τοῦ
1715 2580 1828 2613 κόσμου
1838 2587 1845 2594 ·

1060 2635 1106 2661 καὶ
1119 2633 1159 2665 τὸ,
1178 2631 1238 2660 Ἦν
1252 2631 1284 2658 τὸ
1303 2629 1365 2665 φῶς
1380 2629 1411 2656 τὸ
1427 2627 1581 2662 ἀληθινόν.
1600 2626 1668 2653 nm
1681 2625 1710 2652 δὲ
1725 2624 1779 2651 ἀπὸ
1791 2623 1846 2650 τῶν

1063 2679 1163 2715 μέσων,
1182 2677 1220 2709 ὡς
1239 2676 1304 2712 πῦρ,
1325 2675 1381 2702 ἀλλ’
1395 2673 1520 2705 ἀϐλαὸὦς
1541 2673 1587 2700 καὶ
1600 2670 1743 2700 ἀκαύστως
1762 2668 1844 2715 φωτί-

1062 2713 1119 2758 ζον,
1138 2724 1176 2756 ὡς
1191 2723 1220 2750 ὲν
1232 2724 1266 2759 τῇ
1282 2722 1356 2757 βάτῳ
1369 2720 1550 2756 τεθεώρηται·
1563 2718 1601 2750 ὼς
1615 2717 1696 2752 ὕδωρ,
1710 2714 1776 2742 ἀλλὰ
1795 2713 1844 2746 ζων

263 2794 286 2809 ι·
302 2789 419 2818 Ialach.
444 2790 518 2822 ΜΞ.
556 2791 615 2819 1I'Il
638 2791 712 2821 Pelr.
730 2801 750 2825 ι,
773 2793 818 2820 l9.
856 2795 880 2814 ε’
895 2793 972 2822 Joan.
990 2801 1047 2828 \‘ttt,
1079 2792 1121 2820 l2.
1158 2791 1183 2812 ἀ*
1198 2792 1277 2820 Joan.
1301 2800 1319 2824 I,
1343 2791 1371 2819 9.

263 2849 342 2885 'Leg.
355 2849 431 2885 παρὰ
444 2850 496 2878 vel.
513 2850 589 2886 πρός.
606 2850 682 2879 Eutr.
698 2850 817 2879 PnaOL.
