1933 3075
100 161 146 189 161

351 163 394 204 Ι)ῐᾷ
408 163 570 192 C(ELESTI
586 163 809 201 HIERARCHIA,
826 167 903 196 CAP.
923 168 955 197 ll.
971 184 1007 191 -—
1022 169 1195 200 PARAPHR.
1216 172 1452 204 PACHYMERXE.

1670 180 1720 207 l6?

95 219 178 255 ςικῆς
200 219 419 255 ἀποπληρώσεως
439 222 486 248 καὶ
505 223 662 258 χορτασμοῦ
688 223 814 259 χορηγὸν,
837 233 867 252 κο

919 263 922 269 _
944 225 1140 255 illuminantcm
1163 234 1191 256 et
1215 230 1272 257 sine
1287 232 1484 265 combustione,
1506 234 1578 262 sicut
1601 236 1628 263 in
1651 239 1718 265 rubo

97 265 270 302 συμϐολικῶς
281 266 377 298 εἰπεῖν,
389 267 429 298 εἰς
441 266 572 302 γαστέρα,
584 269 634 302 τὴν
647 268 737 304 ψυχὴν
749 269 881 304 δηλονότι,

94 310 277 346 διαδυόμενον,
294 311 340 337 καὶ
359 312 498 346 ποταμοὺς
523 312 680 345 ἀναὸλύζον,
698 314 818 349 ἀσχέτως
837 316 883 342 καὶ

95 357 260 393 ἀκρατήτως
274 357 467 394 ἀπορῤέοντας,
479 358 550 385 κατὰ
562 358 603 390 τὸ,
616 360 744 395 Ποταμοὶ
751 361 881 394 ῥεύσου-

94 411 147 430 σιν
161 403 196 429 ἐκ
210 402 264 436 τῆς
277 404 394 436 κοιλίας
406 403 498 430 αὑτοῦ
511 404 620 437 ὓδατος
635 404 749 438 ζῶντος.
771 407 839 434 Here
852 407 880 434 δὲ

93 449 148 476 ἀπὺ
162 449 216 476 τῶν
226 449 348 484 ἐσχάτων
359 449 405 476 καὶ
417 449 571 485 χθαμαλῶν,
583 450 621 482 ὡς
632 451 717 487 μύρον
728 452 835 484 εὐῶδες,
843 453 880 485 ὡς

93 494 170 531 παρά
180 494 220 530 τῷ
232 495 391 530 Σολομῶντι,
405 496 507 529 Μύρον
517 496 682 524 ὲκκενωθὲν
698 497 791 533 ὄνομά
805 507 862 526 σου
870 507 877 514 ·

91 539 130 571 ὡς
156 538 228 566 λίθον
258 540 463 575 ἀκρογωνιαῶν,
485 541 524 573 ὡς
544 542 620 577 παρά
640 542 679 578 τῷ
698 544 805 580 Δανιήλ.
825 544 878 571 ΚαὶΙ

92 585 202 620 μορφὰς
215 585 282 621 αὐτῇ
299 586 466 622 περιτιθέασι
481 586 602 620 λεόντων,
617 588 763 624 πάνθηρος,
777 590 878 625 παρδά-

89 630 169 663 λεως,
182 631 229 657 καὶ
240 631 428 667 ἀπορουμένης
439 632 550 668 ἄρκτου,
563 633 600 665 ὡς
614 634 643 660 ὲν
656 636 712 666 τοῖς
725 636 877 671 προφήταις

89 675 271 712 εὑρίσκονται.
282 676 431 713 Προσθήσω
441 676 478 709 δὲ,
495 677 535 703 ὅτι
546 679 592 705 καὶ
602 678 741 714 σκώληκος
752 679 819 713 εἶδος
830 681 876 708 καὶ

87 722 246 758 ὀνομασίαν,
264 722 334 749 κατὰ
358 722 398 754 τὺ,
425 722 496 758 Ἐγώ
517 725 574 758 ειμι
590 724 726 759 σκώληξ,
750 727 798 753 καὶ
819 729 874 754 οὐκ

88 768 259 802 ἅνθρωπος·
283 769 330 795 καὶ
354 767 423 801 εἶδος
450 769 548 805 μᾶλλον
570 771 616 797 τοῦ
641 771 778 808 σκώληκος
793 773 818 800 οἱ
840 774 875 800 τά

88 814 149 841 θεῖα
165 814 242 849 σοφοὶ
257 814 450 848 ἀποδεδώκασι,
466 816 509 843 διὰ
524 816 573 852 τὴν
593 817 711 854 ἄσπορον
725 819 756 845 ἐκ
770 819 873 855 Παρθέ-

87 868 134 886 νου
148 859 288 895 σύλληψιν,
304 861 350 888 καὶ
362 861 393 887 τὺ
405 861 506 888 τέλειον
519 860 588 894 εἶδος
600 863 646 889 τοῦ
658 863 811 900 ἀνθρώπου,
827 865 873 892 καὶ

86 906 136 942 τὴν
150 907 255 935 τελείαν
268 908 348 943 φύσιν
361 908 395 944 ἢν
409 909 598 946 προσελάϐετο.

122 1049 203 1077 οὕτω
215 1051 315 1084 πάντες
329 1052 354 1078 οἱ
367 1051 488 1086 θεόσοφοι
500 1053 549 1089 τῆς
563 1053 637 1085 θείας
650 1054 791 1088 ἐπιπνοίας
806 1057 872 1084 ὑπο-

85 1096 232 1132 φῆταιτῶν
244 1097 392 1125 ἀτελέστων
405 1099 452 1126 καὶ
461 1099 574 1136 ἀνιέρων
587 1099 705 1135 τάἊγια
721 1101 774 1128 τῶν
787 1103 871 1137 ἁγίων

83 1142 332 1175 ἁποδιαστέλλουσι,
351 1144 398 1171 καὶ
411 1144 460 1181 τὴν
480 1145 604 1181 ἀνόμοιον
618 1146 814 1183 ἱερομόρφωσιν
830 1157 871 1175 τι-

85 1187 186 1223 μῶσιν,
199 1187 237 1220 ὡς
249 1189 317 1224 μήτε
330 1188 364 1215 τὰ
378 1189 436 1216 θεῖα
449 1190 480 1216 ἐκ
491 1190 636 1226 προχείρου
649 1189 716 1218 εἴναι
727 1193 783 1224 τοῖς
797 1192 872 1229 9561';-

82 1234 142 1267 λοις
156 1235 287 1269 νοεῖσθαι,
304 1237 374 1271 μήτε
388 1237 451 1268 τοὺς
463 1237 516 1264 τῶν
529 1238 609 1274 ἱερῶν
622 1238 786 1274 ἀγαλμάτων
798 1239 870 1274 φιλο-

83 1281 230 1317 θεάμονας,
239 1281 276 1313 ὡς
288 1281 414 1317 ἀληθέσιν
426 1283 599 1319 ὲναπομένειν
609 1285 665 1316 τοῖς
673 1283 776 1316 τύποις.
787 1285 871 1311 Τοῦτο

82 1326 115 1353 δὲ
132 1327 162 1360 ἐξ
186 1327 317 1363 Ἐλλήνων
340 1327 479 1363 εἴληπται·
504 1329 601 1356 ἐκεῖνοι
622 1328 676 1365 γὰρ
700 1329 807 1356 ὲποίουν
826 1327 870 1357 οἷά

82 1380 160 1404 τινας
175 1373 343 1408 ἀνδριάντας,
359 1374 427 1409 μήτε
438 1375 540 1410 χεῖρας,
564 1375 632 1411 μήτε
649 1375 731 1407 πόδας
744 1375 867 1411 ἔχοντας·

82 1417 195 1450 τούτους
210 1418 239 1445 δὲ
260 1418 361 1455 Ἑρμᾶς
381 1419 503 1452 ἐκάλουν,
524 1419 562 1451 ὡς
579 1420 700 1456 κρυφίως
712 1421 787 1453 ὲντὺς
803 1422 869 1458 κρύ-

81 1472 199 1496 πτοντας
211 1464 244 1491 τὸ
253 1464 376 1501 ἄγαλμα·
394 1464 429 1491 τὰ
439 1464 493 1500 γὰρ
507 1465 608 1501 κρύφια
622 1466 660 1502 τῷ
679 1466 767 1503 Ἐρμῇ
780 1469 868 1496 ἀνετί-

82 1509 156 1536 θουν.
179 1510 301 1536 Ἐποίουν
313 1510 366 1546 γὰρ
378 1511 407 1536 ὲν
418 1511 507 1543 αὐτοῖς
526 1512 572 1538 καὶ
591 1511 674 1547 θύρας
695 1513 742 1539 καὶ
770 1514 869 1547 τόπους

81 1555 236 1588 διακένους,
252 1555 297 1582 καὶ
311 1555 409 1582 ἔσωθεν
423 1556 543 1583 ἐτίθεσαν
562 1556 705 1592 ἀγάλματα
721 1555 758 1584 ὧν
775 1559 867 1586 ἔσεϐον

81 1599 160 1627 θεῶν.
185 1600 338 1635 Ἐφαίνοντο
359 1599 404 1628 οὖν
418 1602 442 1627 οἱ
464 1602 560 1637 Ἑρμαῖ
582 1602 713 1634 εὐτελεῖς,
727 1603 826 1630 ἔσωθεν
838 1605 866 1632 δὲ
880 1621 900 1649 C

80 1647 145 1679 τοὺς
159 1647 214 1674 τῶν
231 1647 298 1674 θεῶν
311 1647 517 1684 καλλωπισμοὺς
529 1646 600 1684 εἶχον
611 1658 618 1664 θ
633 1650 657 1675 οἱ
670 1649 735 1684 γοῦν
748 1650 867 1684 φιλοθεά-

82 1700 164 1727 μονες
184 1692 297 1724 τούτων,
313 1693 370 1725 τοῖς
389 1693 501 1729 Ἑρμαῖς
515 1693 545 1719 ού
560 1696 713 1729 προσεῖχον,
729 1695 796 1722 ἀλλά
809 1697 865 1729 τοῖς

80 1736 184 1764 ἔσωθεν
209 1738 356 1774 ἀγάλμασι.
383 1738 434 1765 Διὰ
448 1738 534 1765 ταῦτα
547 1739 645 1772 τοίνυν,
676 1740 723 1767 καὶ
747 1740 816 1768 ὥστε
830 1743 865 1770 τὰ

81 1783 142 1810 θεῖα
156 1783 236 1811 πάλιν
251 1785 382 1820 τιμᾶσθαι
397 1786 458 1818 ταῖς
474 1785 600 1821 ἀληθέσιν
614 1786 782 1821 ἀποφάσεσιν
793 1797 799 1804 ·
823 1789 864 1816 ὅτι

81 1830 134 1856 κᾶν
153 1831 177 1862 ὅ,
193 1840 219 1857 τι
235 1830 330 1864 εἴποις,
353 1832 383 1858 οὑ
396 1832 476 1859 τοῦτό
494 1833 554 1860 ἐστι
572 1833 603 1860 τὸ
616 1833 704 1866 Θεῖον,
724 1835 793 1862 κατά
816 1837 865 1873 τὴν

80 1876 253 1912 ἀποφατικὴν
266 1877 414 1912 θεολογίαν.
432 1879 486 1905 Καὶ
512 1878 592 1906 πάλιν
605 1878 684 1905 τοῦτο
697 1879 802 1915 λέγεται
817 1891 865 1910 κα-

80 1922 117 1949 τὰ
131 1923 182 1958 τὴν
197 1924 396 1960 καταφατικὴν,
419 1924 475 1950 ἀλλ’
492 1925 540 1960 οὺχ
560 1925 653 1957 ἁπλῶς
681 1926 728 1954 καὶ
751 1929 862 1964 κυρίως,

79 1968 149 1995 ἀλλά
160 1970 221 2001 ταῖς
243 1968 310 2004 πρὸς
325 1968 359 1996 τὰ
370 1969 496 2005 χθαμαλὰ
506 1971 636 2008 ἐτεροίαις
659 1974 706 2000 καὶ
726 1973 864 2011 ἑτεροτρό-

79 2021 141 2044 ποις
155 2012 338 2048 ἀφομοιώσεσι
356 2013 411 2040 τῶν
425 2013 624 2049 ἀπηχημάτων,
642 2016 725 2043 οἱονεὶ
749 2016 804 2043 τῶν
815 2017 862 2052 δη-

81 2059 303 2094 μιουργημάτων.
331 2058 375 2090 Ὦς
402 2060 456 2095 γὰρ
493 2061 627 2096 ἀπήχημά
654 2063 711 2089 ὲστι
738 2062 768 2089 τδ
796 2063 863 2099 μετὰ

79 2103 125 2130 τὸν
137 2101 204 2138 ἦχον
218 2104 400 2139 ὲναπομεῖναν
417 2106 450 2140 τῇ
476 2105 544 2141 ἀκοῇ
568 2106 687 2142 ἀμυδρόν
698 2115 724 2133 τι
745 2108 794 2144 τῆς
808 2117 864 2143 φω-

79 2150 128 2185 νῆς
155 2148 294 2184 λείψανον·
316 2149 387 2176 οὕτω
417 2150 512 2177 καὶτὰ
537 2151 762 2189 δημιουργήματα
780 2173 787 2186 ,
812 2153 863 2188 τῆς

79 2193 156 2225 θείας
170 2194 397 2230 ὑπερουσιότητος
420 2195 529 2231 ἀμυδρά
541 2196 583 2228 τίς
593 2197 651 2224 ἐστι
661 2197 776 2234 δήλωσις
788 2206 796 2212 ’
813 2196 862 2224 οὒκ

77 2240 110 2266 ἐκ
129 2239 183 2266 τῶν
191 2239 252 2266 καθ’
269 2239 353 2276 αὐτὴν
363 2241 371 2250 ⁸
385 2239 449 2276 γὰρ,
465 2240 520 2268 ἀλλ’
537 2241 568 2268 ὲκ
584 2242 638 2268 τῶν
654 2243 718 2278 περὶ
732 2243 816 2280 αὐτὴν
832 2243 863 2270 τὸ

935 271 1023 299 visum
1043 281 1051 300 :
1070 279 1100 300 ut
1122 282 1238 310 aquam,
1260 278 1308 304 sed
1325 285 1385 312 quae
1404 279 1512 307 vitalem
1537 281 1716 316 expletionem

932 317 1138 354 satietatemque
1152 321 1266 355 praebet,
1278 327 1306 349 et
1320 331 1390 358 quia,
1405 329 1435 351 ιιι
1447 326 1596 360 symbolice
1609 328 1715 364 loquar,

933 361 958 389 in
977 367 1114 395 ventrem,
1134 364 1160 391 id
1177 370 1220 392 est
1235 366 1366 400 animam,
1380 368 1485 400 dilllnil.
1501 375 1528 398 et
1544 361 1716 401 lluvios'sus:

931 408 996 436 citat
1010 411 1151 445 eruptione
1169 411 1253 440 libera
1275 413 1425 448 ellluentes,
1440 416 1515 450 juxta
1541 418 1606 445 illud
1621 427 1628 445 :
1647 419 1716 446 ισίι-

930 454 1001 480 mina
1016 455 1048 482 de
1070 462 1158 484 venire
1181 458 1238 492 ejus
1260 460 1342 492 ﬂuent
1364 469 1439 495 aquae
1460 463 1522 489 vim
1537 469 1559 489 θ.
1584 463 1716 492 Nonnun-

929 508 1010 535 quam
1024 509 1130 537 quoque
1145 503 1253 531 laudant
1269 506 1303 532 ab
1318 506 1418 534 inlimis
1434 509 1603 543 terrenisque
1620 511 1713 544 rebus,

929 551 959 573 ut
982 552 1146 582 unguentum
1163 547 1323 582 odoratum.
1338 552 1411 578 sicut
1429 553 1500 587 apud
1525 554 1712 588 Salomonem,

930 591 1094 627 Unguentum
1111 594 1223 628 sinum
1244 603 1338 622 nomen
1354 602 1427 624 mum
1442 597 1452 616 ί
1465 607 1472 625 :
1490 604 1518 625 nt
1537 599 1650 634 lapidem
1665 608 1715 628 an-

927 637 1058 672 gularem.
1072 640 1140 674 apud
1155 639 1304 668 Danielem.
1321 642 1390 675 Quin
1407 648 1434 670 et
1449 643 1544 672 formis
1558 644 1622 673 ferae
1637 646 1712 674 illam

927 682 1051 715 induunt,
1067 683 1185 716 leonum,
1199 686 1347 720 pantherae.
1363 689 1451 722 pardi,
1467 694 1549 724 atque
1569 691 1624 718 ursi
1641 692 1713 719 indi-

925 729 1024 762 gentis,
1036 730 1262 764 quemadmodum
1279 732 1304 758 in
1324 735 1465 769 prophetis
1479 737 1612 770 reperitur
1624 739 1647 764 Β.
1661 738 1712 766 Δύο

925 773 985 800 dam
1012 779 1142 808 praeterea
1164 778 1265 805 vermis
1291 779 1408 813 speciem
1432 784 1459 807 et
1486 782 1709 815 appellationem,

921 817 997 852 juxta
1013 819 1077 847 illud
1092 829 1100 848 :
1117 821 1172 856 E90
1184 831 1242 849 sum
1257 825 1362 857 vermis,
1373 830 1397 851 et
1412 833 1463 852 non
1478 826 1593 859 homo“;
1609 829 1710 862 magis-

923 871 976 898 que
990 866 1088 893 vermis
1109 870 1226 900 speciem
1242 869 1280 902 hi,
1301 870 1346 903 qui
1362 870 1453 898 divina
1469 873 1589 908 sapiunt,
1604 882 1704 909 appro-

923 908 1032 941 barunt,
1048 915 1160 946 propter
1181 913 1240 947 ejus
1261 921 1293 940 ex
1312 915 1423 949 Virgine
1443 917 1502 944 sine
1518 919 1622 946 semine
1644 927 1710 947 con-

890 950 910 978 B
923 955 1086 989 captionem.
1106 962 1133 984 et
1151 958 1300 992 perfectam
1325 961 1443 990 hominis
1461 964 1597 997 speciem,
1617 965 1707 1000 perfe-

923 1005 1051 1036 ctamque
1065 1008 1188 1031 naturam
1204 1013 1284 1039 quam
1301 1008 1457 1042 assumpsit.

958 1046 1003 1074 Sic
1017 1053 1112 1075 omnes
1126 1049 1184 1083 qui,
1201 1050 1291 1078 divina
1314 1056 1475 1086 praestantes
1498 1056 1641 1090 sapientia,
1665 1057 1706 1085 di-

922 1093 997 1121 vinas
1021 1095 1212 1129 inspirationes
1236 1098 1460 1134 interpretantur,
1475 1110 1489 1129 a
1506 1104 1588 1131 rebus
1604 1104 1706 1139 imper-

922 1139 999 1167 fectis
1013 1148 1045 1168 ac
1069 1142 1191 1176 profanis
1220 1143 1320 1172 Sancta
1338 1151 1493 1174 sanctorum
1511 1156 1665 1183 secernunt,
1679 1157 1707 1179 et

921 1185 1079 1214 dissimilem
1097 1187 1243 1222 figurarum
1261 1197 1399 1217 sacrarum
1415 1191 1552 1220 ﬁctionem
1567 1195 1704 1228 probant:

921 1237 949 1259 ut
970 1239 1022 1260 nec
1035 1240 1049 1259 a
1069 1234 1195 1267 profanis
1211 1242 1254 1262 res
1279 1235 1378 1263 divinae
1396 1237 1474 1265 facile
1497 1246 1704 1274 cognoscantur,

919 1286 1006 1313 neque
1025 1279 1136 1307 studiosi
1161 1288 1302 1308 sacrorum
1332 1284 1564 1319 contemplatores
1588 1287 1703 1314 Sintula-

919 1330 1037 1356 crorum,
1053 1325 1151 1353 talibus
1173 1326 1277 1361 figuris,
1293 1332 1421 1363 tanquam
1444 1330 1527 1362 veris,
1552 1331 1701 1359 immoren-

921 1375 972 1397 tur.
996 1369 1052 1398 Hoc
1073 1376 1162 1398 autem
1187 1372 1222 1399 ab
1239 1373 1357 1401 ethnicis
1381 1380 1543 1409 acceptum:
1568 1378 1702 1413 siquidem

919 1415 967 1450 ipsi
990 1415 1124 1443 faciebant
1147 1418 1222 1451 quasi
1248 1419 1372 1452 qtncdam
1397 1421 1546 1449 simulacra
1575 1424 1704 1452 manibus

918 1460 1082 1496 pedibusque
1105 1461 1245 1494 destituta,
1259 1471 1319 1498 quae
1341 1465 1513 1494 Mercuriales
1531 1472 1634 1496 statuas
1657 1476 1705 1496 vo-

918 1507 1027 1540 cabant,
1044 1508 1143 1543 quippe
1157 1509 1229 1544 quod
1248 1511 1353 1538 occulte
1369 1512 1441 1539 inlus
1456 1513 1631 1542 simulacrum
1651 1517 1703 1544 ali-

917 1553 987 1587 quod
1006 1553 1220 1582 abscouderent:
1237 1564 1298 1582 nam
1317 1565 1378 1592 qua:
1398 1559 1504 1585 occulta
1521 1567 1613 1594 erant,
1628 1562 1700 1590 Mer-

916 1600 992 1627 curio
1014 1601 1199 1629 ascribebanl.
1227 1602 1377 1630 Faciebant
1402 1610 1493 1632 autem
1521 1607 1547 1633 in
1577 1607 1610 1635 iis
1635 1616 1697 1636 cum

915 1644 999 1678 ostia,
1015 1650 1069 1672 tum
1084 1646 1280 1679 concavitales,
1299 1648 1397 1682 quibus
1413 1649 1525 1677 deorum
1547 1659 1615 1686 quos
1630 1653 1702 1681 cule-

919 1690 999 1724 bant,
1025 1692 1170 1720 simulacra
1197 1693 1383 1726 imponebant.
1409 1696 1584 1731 Apparebant
1612 1700 1703 1736 itaque

915 1735 980 1763 viles
988 1737 1150 1772 ejnscemodi
1163 1743 1258 1766 statua!
1272 1739 1507 1774 Mercuriales,sed
1520 1744 1591 1770 intra
1601 1752 1631 1772 se
1641 1745 1706 1773 deo-

915 1789 975 1808 rum
986 1787 1145 1810 ornamenta
1158 1785 1352 1819 continebant;
1364 1787 1475 1814 studiosi
1491 1788 1581 1823 itaque
1595 1789 1700 1817 illarum

915 1828 968 1863 27
980 1830 1207 1864 contemplatores
1224 1850 1231 1863 ,
1252 1839 1303 1858 non
1320 1836 1374 1858 tam
1399 1834 1497 1861 statuis
1512 1835 1571 1861 istis
1586 1836 1702 1869 quadra-

917 1875 949 1901 tis
963 1875 1153 1914 attendebant,
1165 1884 1247 1911 quam
1263 1876 1442 1907 interioribus
1456 1879 1622 1908 simulacris.
1648 1882 1702 1909 Per

916 1921 1078 1956 Inecilaque
1089 1923 1171 1949 etiam
1188 1923 1277 1950 divina
1306 1924 1380 1951 veris
1407 1925 1598 1960 negationibus
1627 1927 1700 1954 cele-

914 1967 1015 1994 branda
1032 1972 1112 1994 sunt:
1128 1968 1177 1995 etsi
1196 1969 1268 1996 enim
1282 1970 1344 2003 quid
1360 1969 1523 2003 eiuscemodi
1537 1971 1651 2005 dixeris,
1660 1978 1698 2000 ta-

915 2012 1063 2046 menjuxla
1079 2018 1221 2048 negantem
1243 2015 1419 2051 theologiam,
1436 2016 1502 2043 illud
1517 2025 1570 2044 non
1586 2023 1628 2045 est
1642 2026 1693 2045 nu-

914 2065 986 2085 men.
1000 2058 1032 2085 Et
1049 2066 1143 2086 rursus
1160 2060 1212 2086 hoc
1227 2060 1329 2088 dicitur
1345 2063 1493 2089 secundum
1516 2063 1698 2091 allirmantem

915 2103 1088 2138 theologiam,
1099 2104 1146 2132 sed
1156 2113 1209 2133 non
1222 2106 1386 2142 simpliciter
1399 2115 1431 2134 ac
1447 2115 1520 2141 vere,
1531 2110 1578 2136 sed
1594 2117 1644 2144 per
1659 2111 1698 2137 af-

914 2148 1044 2176 ﬁnitatem
1060 2157 1121 2177 cum
1138 2152 1217 2178 rebus
1234 2152 1350 2179 terrenis
1365 2160 1397 2179 ac
1412 2153 1602 2182 diversimodis
1622 2155 1699 2182 simi-

913 2194 1074 2224 litudinibus
1109 2199 1330 2225 resonantiarum
1369 2199 1571 2234 quodammodo
1606 2208 1696 2228 rerum

913 2246 1078 2269 creatarum.
1093 2241 1170 2269 Sicut
1185 2244 1257 2271 enim
1273 2245 1428 2271 resonantia
1449 2250 1490 2272 cst
1505 2245 1530 2272 id
1545 2246 1616 2280 quod
1638 2253 1698 2281 post

77 2284 198 2311 τοιοῦτον
211 2284 353 2319 συνάγεται
367 2284 491 2321 ῐνδαλμα.
508 2287 628 2322 Ἐσχατα
642 2287 670 2314 δὲ
692 2289 861 2325 ἀπηχήματα

919 2294 1021 2320 tonum,
1035 2294 1081 2315 seu
1095 2289 1174 2316 exilis
1188 2289 1298 2323 quidam
1322 2291 1396 2318 vocis
1419 2290 1523 2324 sibilus,
1540 2293 1642 2319 auditui
1657 2293 1695 2319 in-

76 2329 112 2357 τὰ
133 2330 265 2366 ἡμέτερα,
294 2330 362 2366 πρὸς
391 2331 591 2369 ἀντιδιαστολὴν
612 2332 666 2360 τῶν
688 2335 858 2369 ἀγγελικῶν⁸

76 2375 175 2402 ὄτικαὶ
189 2376 216 2401 ὲν
239 2377 273 2411 τῇ
288 2376 347 2403 καθ’
370 2377 444 2412 ἡμᾶς
465 2377 514 2414 ὕλῃ
533 2378 704 2414 εὑρίσκονται
721 2380 861 2415 ἀναλόγως

77 2421 147 2448 θεῖαι
162 2421 315 2457 ὲμφέρειαι,
330 2422 397 2449 ὅπου
412 2423 459 2449 καὶ
474 2424 502 2449 ὲν
516 2423 640 2458 βοτάναις
656 2426 702 2452 καὶ
719 2426 860 2461 μετάλλοις

74 2466 105 2493 τὺ
120 2466 241 2501 ὠφελοῦν
256 2467 302 2493 καὶ
324 2467 457 2502 ζωογόνον
481 2469 647 2504 εὑρίσκεται,
664 2472 712 2498 καὶ
723 2472 752 2498 ὲν
769 2472 859 2505 ἀλλοις

75 2512 156 2548 ἔτερα
173 2511 233 2539 θεῖα
252 2513 298 2539 καὶ
317 2514 466 2549 παράδοξα.
485 2514 569 2541 οὐδὲν
585 2513 630 2542 οὖν
657 2515 768 2548 ἄτοπον,
798 2518 860 2544 ἐπεὶ

75 2558 121 2584 καὶ
138 2558 185 2585 ἐπὶ
206 2558 277 2585 θεοῦ
302 2559 332 2585 τὸ
355 2559 476 2586 τοιοῦτον
499 2561 659 2596 πράττεται,
683 2562 708 2588 εἰ
735 2562 782 2589 καὶ
810 2562 859 2595 τὰς

75 2604 215 2640 οὐρανίους
243 2604 372 2640 δυνάμεις
392 2605 424 2632 ὲκ
445 2606 499 2632 τῶν
522 2607 643 2642 ἐσχάτων
658 2607 706 2634 καὶ
723 2608 859 2644 ἀνομοίων

75 2650 239 2686 ὁμοιοτήτων
263 2650 462 2678 ἀναπλάττουσι
478 2660 484 2667 ·
499 2650 578 2678 τοῦτο
589 2652 643 2688 γὰρ
671 2652 735 2686 ἴσως
763 2654 811 2680 καὶ
825 2655 859 2690 ή-

77 2696 127 2730 μᾶς
141 2694 263 2731 ταράξειν
274 2696 318 2723 διὰ
329 2696 359 2723 τὸ
373 2697 491 2729 δυσειδὲς
504 2697 555 2732 τῆς
570 2697 720 2734 δηλωτικῆς
737 2700 784 2726 καὶ
804 2708 858 2735 φα-

76 2740 214 2776 νεροποιοῦ
231 2741 418 2774 ἀναπλάσεως,
435 2742 579 2778 κεκίνηκεν
601 2743 641 2775 εἰς
655 2743 705 2780 τὴν
729 2746 857 2782 τοιαύτην

912 2334 996 2362 ὴωιει
1011 2342 1019 2367 ;
1037 2335 1077 2362 sic
1090 2335 1172 2362 etiam
1200 2343 1244 2363 res
1267 2341 1367 2364 creata:
1396 2341 1460 2363 sunt
1487 2337 1602 2365 obscura
1624 2346 1698 2373 qua:-

912 2380 972 2407 dam
989 2380 1174 2408 manifestatio
1199 2381 1298 2409 divinae
1326 2383 1618 2417 supercsscntialitatis
1634 2395 1639 2411 :
1656 2384 1695 2411 si-

910 2426 1019 2460 quidem
1032 2434 1084 2454 non
1099 2433 1131 2453 ex
1148 2427 1181 2454 iis
1194 2427 1275 2455 rebus
1289 2435 1349 2462 qua:
1365 2429 1391 2455 in
1405 2429 1471 2463 ipsa,
1482 2429 1528 2456 sed
1543 2436 1574 2455 ex
1589 2428 1622 2456 iis
1635 2436 1695 2463 qua:

910 2472 944 2499 ab
958 2471 1014 2506 ipsa
1022 2477 1094 2506 sunt,
1107 2473 1211 2508 species
1223 2473 1386 2508 ejuscemodi
1396 2474 1570 2509 imprimitur.
1590 2474 1696 2502 Ultimae

910 2523 1000 2545 autem
1017 2520 1178 2547 resonantia:
1193 2527 1241 2547 seu
1255 2521 1359 2555 species
1370 2526 1434 2548 sunt
1447 2525 1696 2555 nostrae,compara-

911 2563 984 2592 tione
995 2565 1177 2600 angelicarum
1187 2573 1194 2591 :
1205 2566 1333 2600 quoniam
1346 2566 1371 2593 in
1383 2566 1464 2594 rebus
1473 2573 1578 2600 quoque
1593 2572 1696 2593 nostra-

911 2610 993 2642 tibus.
1002 2611 1178 2646 proportione
1190 2612 1320 2646 quadam,
1336 2612 1435 2639 divina:
1446 2612 1639 2639 similitudines
1650 2619 1694 2638 re-

910 2656 1070 2690 periuntur;
1082 2664 1143 2684 cum
1152 2656 1235 2684 etiam
1256 2657 1283 2684 in
1305 2657 1395 2685 herbis
1407 2665 1439 2685 ac
1451 2658 1568 2685 metallis
1583 2657 1608 2684 id
1623 2656 1692 2691 quod

910 2703 1030 2736 prositet
1039 2703 1156 2730 viviﬁcet
1170 2702 1417 2737 inveniatur,atque
1430 2704 1455 2730 in
1467 2704 1528 2732 aliis
1541 2703 1593 2730 alia
1603 2703 1692 2730 divina

911 2748 1110 2784 mirabilisque.
1139 2747 1212 2778 Nihil
1225 2748 1316 2784 itaque
1332 2749 1444 2777 absurdi
1460 2751 1502 2783 sit_
1530 2757 1591 2778 cum
1609 2750 1692 2776 etiam

111 2825 124 2838 ο
137 2818 218 2846 Joan.
237 2826 288 2852 vn,
308 2818 354 2847 58.
394 2819 405 2839 ί
421 2820 501 2848 Cant.
524 2828 544 2854 ι,
556 2821 584 2849 2.
604 2822 712 2850 .SOsee
727 2831 786 2856 xm,
804 2825 830 2851 7.

919 2826 964 2855 sal.
980 2835 1038 2862 xxx,
1063 2828 1089 2856 7.

108 2887 159 2916 'F.
174 2889 236 2916 κατ’
252 2889 345 2924 αὐτήν.
358 2888 405 2917 Sic
416 2889 480 2925 legit
497 2891 641 2926 interpres.
656 2892 704 2921 En.
722 2892 844 2920 PATRUL.
