1933 3075
234 169 285 198 163
794 166 822 195 S.
843 166 994 196 DIONYSII
1010 166 1242 195 AREOPAGITJE
1809 165 1858 193 ιοι

232 225 261 254 in
288 227 343 254 Deo
368 225 394 254 id
408 226 466 259 ﬁat,
481 226 503 254 si
534 226 660 254 caelestes
690 234 798 262 quoque
826 227 944 255 virtutes
964 234 1011 262 per

1074 227 1195 264 ζήτησιν,
1217 227 1268 254 οὐκ
1286 227 1337 254 ὲῶν
1362 224 1439 263 ἡμῶν
1454 226 1500 254 τὸν
1526 224 1588 254 νοῦν
1608 227 1781 261 ὲναπομείναι
1797 228 1852 258 τοῖς

231 271 340 299 ultimas
362 276 391 299 et
409 272 554 300 dissimiles
583 272 775 300 similitudines
794 273 983 307 exprimantur
1001 282 1008 300 :

1065 271 1265 308 ἱστορουμένοις
1303 271 1341 303 ὡς
1375 271 1480 306 ἔχουσιν
1495 291 1502 303 ,
1535 271 1591 297 ἀλλ’
1618 271 1738 306 ὲρεθίζον
1778 272 1851 298 ἀπα-

231 324 292 343 nam
306 320 335 344 et
360 317 411 345 hoc
425 317 493 343 forte
505 317 567 344 dum
579 325 628 344 nos
651 317 766 352 perculit
779 322 889 352 propter
914 317 1008 345 ditior-

1064 318 1197 345 ναινεσθαι
1211 316 1320 349 ταύτας,
1341 318 1387 344 καὶ
1399 317 1555 352 προσεθίζον
1567 317 1621 343 ἀπὸ
1634 317 1735 344 τούτων
1748 317 1780 354 δὴ
1796 316 1852 345 τῶν

232 363 352 390 [nitatem
369 362 492 395 lictionis,
511 371 563 398 qua
589 362 833 390 manifestabuntur
848 370 880 390 ac
893 363 1011 390 declara-

1070 364 1237 399 φαινομένων
1251 364 1291 395 sl;
1316 363 1460 398 ἀναγωγάς
1472 364 1668 390 ἀνατείνεσθαι.

231 408 340 441 bantur.
369 409 452 436 simul
479 409 564 436 movit
590 409 623 437 ad
643 409 810 444 ejuscemodi
848 409 1061 444 inquisitionem,
1074 418 1125 437 non
1139 411 1254 437 sinendo
1267 415 1384 437 mentem
1405 415 1522 437 nostram
1553 410 1595 442 iis,
1614 410 1713 444 quibus
1744 409 1848 437 descri-

230 459 373 491 bebantur,
389 457 481 493 figuris
508 457 659 490 immorari,
686 458 733 486 sed
757 457 893 486 excitabat
910 457 944 485 ad
960 457 1024 486 illas
1041 458 1205 491 renuendas,
1225 458 1412 493 incitabatque
1435 463 1465 486 ut
1482 459 1516 487 ab
1531 459 1588 491 his,
1601 466 1661 494 quae
1673 458 1851 494 apparebant.

234 504 268 531 ad
285 511 432 539 anagogas,
446 504 505 531 sive
517 511 615 531 sensus
640 511 654 530 a
686 503 802 531 terrenis
832 503 1010 536 abducentes,
1024 503 1238 532 intenderemus.

250 552 319 579 llam
329 552 363 579 de
377 546 761 579 istiusmodisimilitudinibus
770 551 825 579 sint
836 551 919 579 dicta.
937 551 1020 579 Recte

234 603 322 625 autem
341 597 399 625 illas
414 596 615 632 angelil‘ormes,
631 605 684 625 non
698 597 834 632 angelicas
849 597 1014 632 appellavit:

229 651 282 670 non
292 643 362 670 enim
372 642 612 678 angelorum,sicut
619 643 646 670 in
656 650 684 670 se
692 643 900 677 sunt,imagines
909 642 1020 678 depicue

228 694 301 721 sunt,
313 689 359 715 sed
374 687 570 716 elformationis
582 696 672 715 rerum
684 689 906 724 incorporearum
918 696 1017 723 quam-

229 735 291 761 dam
307 734 426 768 speciem
439 741 494 768 prae
506 741 536 761 se
551 734 651 761 ferunt.
663 734 796 762 Caeterum
810 735 866 770 jam
885 734 1017 761 delinien-

229 780 291 806 dum
306 785 333 806 et
350 780 541 807 declarandum
553 799 561 812 ,
577 780 641 814 quid
653 788 734 815 porro
748 781 890 815 ipsammet
905 781 1011 808 hierar-

228 825 318 852 citium
334 832 395 852 esse
408 825 590 857 arbitremur;
608 825 707 860 quidve
720 826 754 853 ab
776 833 807 853 ea
820 826 887 852 lucri
903 826 1013 860 capiant

228 871 380 898 hierarcha:
391 879 424 898 ex
439 872 524 898 sacris
537 871 711 898 caeremoniis
726 871 926 906 mysteriisque.
949 870 1012 898 Uti-

229 924 289 944 nam
305 922 394 944 autem
422 917 492 943 viam
510 921 616 943 sternat
641 917 776 950 Christus,
795 916 817 944 si
831 917 895 944 mihi
913 916 954 944 fas
970 917 1006 944 sit

227 961 329 993 dicere.
358 968 444 993 meus,
463 962 665 996 appropriando
693 962 757 989 mihi
776 963 847 996 quod
861 969 1009 990 commune

226 1010 278 1036 est,
295 1006 342 1040 qui
363 1005 498 1033 universa:
512 1005 691 1033 sacerdotalis
712 1005 895 1032 institutionis
910 1010 952 1033 est
966 1006 1008 1032 in-

226 1052 338 1086 spiralio
366 1052 553 1090 lraditioque!_
571 1051 610 1078 Tu
635 1058 721 1083 vero,
748 1051 784 1078 lili
813 1051 944 1086 (loquitur
973 1052 1007 1079 ad

226 1096 586 1130 Timotheum).secundum
622 1097 688 1132 legis
712 1102 811 1125 nostra}
840 1098 1012 1125 traditionem

225 1142 329 1176 (sancta
353 1143 426 1169 enim
443 1142 567 1178 sanctis),
585 1143 717 1177 ipsemet,
747 1147 778 1169 ut
799 1147 894 1170 sancta
921 1143 1011 1176 decet,

225 1192 253 1214 et
274 1195 326 1214 non
346 1193 454 1214 terrena
472 1189 579 1215 ratione
609 1188 683 1220 audi,
703 1188 729 1215 in
756 1188 942 1223 explicatione
968 1196 1011 1217 re-

226 1239 284 1258 rum
302 1233 454 1259 divinarum
463 1233 572 1260 divinus
586 1233 692 1266 factus;
709 1238 792 1268 atque
807 1241 909 1261 arcana
922 1239 1012 1261 mente

224 1285 284 1312 quae
293 1284 385 1305 sancta
400 1283 475 1311 sunt,
488 1286 502 1305 a
515 1279 637 1313 profanis
669 1280 736 1306 viris
752 1280 938 1312 abscondens,
954 1284 1013 1308 tan-

224 1332 305 1358 quam
317 1324 460 1351 unit‘ormia
479 1324 675 1360 simpliciaque,
687 1326 742 1360 28
753 1331 782 1353 ut
793 1333 852 1360 quae
868 1327 1011 1353 verborum

224 1369 418 1404 compositione
444 1374 526 1404 atque
550 1370 697 1397 involucris
724 1370 837 1397 minime
868 1370 1009 1405 indigent,

225 1420 309 1442 tuere.
322 1414 441 1442 Observa
454 1420 556 1448 autem,
573 1420 603 1442 ut
620 1415 785 1443 multitudini
797 1415 1010 1444 uniformitatem

223 1462 414 1496 suhjunxerit:
436 1469 480 1490 res
499 1462 570 1489 enim
587 1467 687 1489 sanctae
710 1462 850 1494 unilicant.
889 1461 1011 1497 profanae

223 1515 288 1535 vero
298 1508 459 1535 distrahunt.
488 1507 547 1535 Non
567 1508 639 1535 enim
655 1515 763 1543 aequum
776 1512 829 1541 est,
842 1509 919 1543 juxta
932 1515 1010 1536 sacra

223 1554 383 1588 Evangelia,
401 1553 536 1588 projicere
552 1555 644 1590 porcis
663 1555 824 1590 spiritalium
852 1555 1010 1590 margarita-

223 1608 281 1627 rum
294 1608 390 1634 pnrum
405 1601 438 1626 ab
450 1601 523 1627 omni
538 1605 646 1628 terrena
657 1601 847 1629 commistione
864 1600 1011 1628 illustrem-

222 1653 275 1680 que
290 1646 475 1680 splendorem.
491 1645 589 1674 Filium
605 1655 668 1674 vero
683 1651 763 1675 vocat
786 1647 936 1682 apostolum
963 1647 1010 1674 Ti-

1105 552 1229 579 Τοσαῦτα
1261 551 1311 588 μὲν
1331 551 1448 588 εἰρήσθω
1464 552 1527 588 περὶ
1543 551 1598 578 τῶν
1611 551 1739 578 τοιούτων
1751 551 1851 586 ὁμοιω-

1071 599 1174 635 μάτων.
1205 598 1302 630 Καλῶς
1335 598 1363 626 δὲ
1391 598 1587 634 ἀγγελοειδεῖς,
1617 598 1668 624 οὐκ
1701 596 1850 632 ἀγγελικάς

1069 643 1163 672 εἶπενο
1193 645 1223 672 οὺ
1248 645 1303 681 γὰρ
1323 644 1412 672 αὐτῶν
1428 643 1482 671 τῶν
1510 643 1632 678 ἀγγέλων
1660 643 1698 675 ὥς
1724 644 1792 669 εἰσιν
1819 641 1849 670 αι

1069 692 1172 724 εἰκόνες
1185 693 1391 728 ἀπεγράφησαν,
1417 691 1474 718 ἀλλ’
1488 691 1606 726 ἔμφασιν
1621 698 1682 716 τινα
1700 689 1848 720 είδοποιίας

1068 737 1123 764 τῶν
1139 738 1290 773 ἀσωμάτων
1318 737 1547 773 ἀπεμφαίνουσιν.
1582 735 1661 771 Ἑξῆς
1693 735 1722 762 δὲ
1744 735 1848 771 πρέπει

1064 782 1244 818 ἀφορίσασθαι
1278 782 1325 809 καὶ
1354 782 1530 816 διασαφῆσαι,
1557 781 1584 807 τί
1616 780 1666 816 μὲν
1689 779 1773 815 αὐτὴν
1798 779 1848 815 τὴν

1064 827 1202 864 ίεραρχίαν
1217 826 1286 854 εἶναι
1301 827 1421 863 οἰόμεθα,
1435 827 1461 853 τί
1477 827 1505 854 δὲ
1518 827 1583 863 παρ’
1600 826 1684 862 αὐτῆς
1704 826 1738 852 οί’
1753 826 1848 862 ἱεράρ-

1062 883 1108 909 χαι
1123 874 1288 909 ὠφελοῦνται
1312 874 1357 900 διὰ
1371 873 1425 900 τῶν
1441 873 1521 909 ἱερῶν
1535 872 1651 899 τελετῶν
1673 872 1721 898 καὶ
1741 880 1846 907 μυστη-

1064 921 1140 957 ρίων.
1166 920 1228 947 Εἴθε
1242 920 1270 946 δὲ
1287 920 1492 956 προοδοποιήσοι
1507 918 1645 954 Χριστὸςὸ
1659 918 1734 953 ἐμὸς,
1753 917 1791 953 (εἴ
1799 925 1846 952 μοι

1064 965 1143 992 τοῦτο
1158 965 1237 1001 Θέμις
1254 966 1353 997 εἰπεῖν,
1371 964 1575 1000 ίδιοποιουμένῳ
1591 964 1622 990 τὺ
1638 963 1749 999 κοινὸν,)
1765 963 1781 998 ἡ
1798 962 1847 989 πά-

1063 1019 1113 1046 σης
1137 1010 1277 1046 ἱερατικῆς
1293 1010 1486 1041 καταστάσεως
1499 1009 1626 1036 ἐπίπνοια
1647 1010 1693 1036 καὶ
1708 1009 1844 1040 διάδοσιςῐ

1063 1057 1099 1083 Σὺ
1116 1056 1154 1088 δὲ,
1169 1052 1191 1082 ὧ
1206 1056 1263 1088 παῖ,
1283 1055 1360 1091 (φησὶ
1386 1055 1455 1091 τυρὸς
1473 1055 1634 1091 Τιμόθεον,)
1647 1054 1718 1082 κατὰ
1733 1054 1783 1090 τὴν
1797 1054 1846 1080 τοῦ

1063 1102 1196 1138 ἡμετέρου
1214 1102 1296 1137 νόμου
1316 1102 1464 1137 παράδοσιν
1477 1101 1521 1136 (τὰ
1537 1101 1601 1135 ἆγια
1608 1100 1662 1136 γὰρ
1672 1101 1728 1132 τοῖς
1742 1099 1846 1135 ἁγίοις)

1063 1147 1143 1179 αὑτός
1161 1156 1191 1174 τε
1216 1146 1388 1182 ἱεροπρεπῶς
1415 1146 1513 1182 καὶμὴ
1532 1145 1678 1181 χθαμαλῶς
1699 1145 1791 1176 ἄκουε,
1815 1146 1844 1170 ὲν

1064 1195 1163 1229 μυήσει
1185 1194 1239 1220 τῶν
1262 1194 1360 1221 ἐνθέων
1382 1194 1522 1229 γινόμενος
1537 1192 1637 1224 ἔνθεος,
1658 1192 1705 1218 καὶ
1722 1191 1846 1227 κρυφίως

1063 1237 1249 1274 περικαλύψας
1262 1238 1297 1265 τὰ
1312 1238 1376 1272 ἆγια
1393 1237 1462 1264 κατὰ
1477 1237 1537 1264 νοῦν
1554 1237 1585 1262 ὲκ
1599 1237 1653 1262 τῶν
1667 1236 1781 1272 ἀνιέρων
1796 1236 1836 1262 ἀν-

1061 1287 1149 1323 δρῶν,
1171 1288 1208 1316 ὡς
1221 1285 1322 1320 ἐνοειδῆ
1341 1284 1387 1311 καὶ
1403 1284 1476 1311 ἁπλᾶ
1504 1283 1551 1310 καὶ
1573 1283 1610 1319 μὴ
1629 1283 1742 1318 δεόμενα
1758 1283 1844 1316 λόγων

1063 1333 1211 1364 συνθέσεως
1223 1330 1394 1365 διαφύλαξον.
1423 1330 1494 1365 Ὅρα
1517 1329 1556 1361 δὲ,
1583 1329 1652 1364 πρὸς
1664 1328 1696 1355 τὺ
1710 1328 1844 1361 πληθύος

1060 1380 1091 1407 τὸ
1117 1374 1231 1412 ὲνοειδῆ
1261 1378 1382 1413 ἐπήγαγε
1396 1384 1403 1391 ·
1425 1375 1460 1402 τὰ
1486 1375 1534 1410 μὲν
1551 1375 1604 1410 γὰρ
1626 1375 1691 1408 ἅγια
1706 1374 1842 1400 ὲνοποιεῖ·

1061 1423 1095 1450 τά
1119 1423 1147 1450 δὲ
1167 1423 1266 1458 βέϐηλα
1291 1420 1522 1448 διασκεδάννυσιν.
1551 1420 1588 1446 Οὐ
1608 1419 1662 1455 γὰρ
1676 1419 1790 1449 δίκαιον,
1805 1417 1844 1450 ὡς

1060 1469 1096 1496 τά
1106 1469 1166 1505 ἱερά
1182 1477 1261 1503 φασιν
1276 1467 1440 1501 Εὑαγγέλια,
1453 1467 1493 1498 εἰς
1507 1466 1615 1502 χοίρους
1629 1464 1779 1501 ἀποῤῥίψαι
1791 1471 1842 1499 την

1060 1516 1113 1543 τῶν
1129 1515 1230 1551 νοητῶν
1248 1514 1424 1551 μαργαριτῶν
1450 1514 1537 1550 ἀμιγῆ
1559 1513 1610 1548 τῆς
1632 1513 1707 1539 κάτω
1742 1511 1841 1546 συγχύ-

1061 1569 1129 1593 σεως
1144 1561 1190 1588 καὶ
1206 1560 1334 1596 λαμπρὰν
1350 1560 1525 1596 φαιδρότητα.
1552 1557 1640 1584 Παῖδα
1652 1557 1680 1583 δὲ
1703 1556 1775 1590 λέγει
1792 1556 1839 1582 τὸν

1060 1607 1207 1635 ἀπόστολον
1229 1606 1369 1641 Τιμόθεον⁷
1388 1605 1404 1641 ἢ
1421 1606 1459 1637 ὡς
1484 1603 1662 1640 προϐεὸηκὼς
1681 1603 1736 1633 τοῖς
1753 1601 1842 1628 ἔτεσιν

1059 1651 1145 1686 οὗτος,
1158 1653 1174 1689 ἦ
1191 1652 1234 1679 διὰ
1250 1652 1280 1679 τὺ
1302 1651 1458 1688 ἐρωτᾶσθαι
1473 1650 1538 1685 παρ’
1554 1648 1646 1680 αὐτοῦ,
1659 1648 1782 1674 κάκεῖνον
1802 1646 1835 1673 δι.

223 1693 375 1724 motheum,
388 1693 429 1720 vel
445 1693 516 1728 quod
530 1694 609 1720 annis
619 1697 690 1720 esset
706 1694 868 1728 provectior,
887 1693 927 1720 vel
937 1692 1008 1728 quod

1064 1700 1204 1727 δάσκεσθαι
1217 1708 1224 1715 ’
1252 1697 1308 1734 εἶχε
1327 1698 1382 1734 γὰρ
1400 1696 1519 1733 μεγάλας
1531 1696 1581 1728 τὰς
1599 1695 1753 1731 ὲνοχλήσεις
1767 1693 1842 1728 παρὰ

223 1741 257 1767 ab
269 1740 366 1768 eodem
382 1746 492 1776 rogatus
504 1745 578 1768 esset
596 1741 653 1768 haec
665 1741 783 1768 edocere
796 1749 803 1767 :
823 1740 958 1775 siquidem
971 1741 1010 1767 illi

1064 1746 1116 1772 τῶν
1138 1746 1166 1772 ὲν
1185 1745 1273 1780 Ἰωνία
1292 1744 1452 1780 φιλοσόφων.
1479 1743 1514 1769 Ἦ
1529 1742 1592 1773 τοὺς
1608 1741 1656 1776 τὴν
1675 1739 1794 1766 ἀκακίαν
1810 1739 1842 1765 ἀ-

222 1787 434 1821 magnasturbas
442 1786 859 1821 lacessebantloniiphilosoplii.
874 1786 1010 1814 Veletiam

1064 1791 1192 1822 σκοῧντας
1221 1791 1319 1822 παῖδας
1344 1789 1471 1820 ἐκάλουν,
1504 1786 1594 1818 καθώς
1627 1794 1699 1817 τινες
1731 1783 1841 1810 παλαιοὶ

222 1832 383 1859 innocentia:
402 1832 540 1860 studiosos
557 1839 657 1867 pueros
685 1831 831 1864 vocabant,
850 1832 920 1858 sicut
944 1832 1009 1866 qui-

222 1879 283 1906 dam
298 1884 401 1906 veteres
420 1878 533 1906 historia
551 1879 733 1911 tradiderunt,
746 1878 832 1913 ipsum
849 1878 1010 1905 innocentiae

222 1924 300 1951 laude
315 1925 448 1953 celebrem
472 1925 619 1952 exstitisse.

1060 1836 1197 1872 ἱστοροῦσι
1211 1835 1276 1863 περὶ
1287 1834 1380 1861 τούτου
1391 1853 1398 1860 .
1422 1833 1462 1860 ὅτι
1476 1833 1510 1867 τῇ
1525 1831 1630 1858 ἀκακία
1641 1829 1810 1863 ἐσεμνύνετα

224 1983 1821 2002 __________________________—

456 2043 646 2088 CAPUT
677 2044 768 2086 Ill.

260 2111 328 2142 Quid
353 2111 385 2137 sit
404 2111 565 2144 hierarchra,
589 2114 615 2137 et
637 2117 757 2145 quianam
776 2108 832 2144 ejus
854 2109 967 2136 utilitas.

1233 2032 1554 2077 ΚΕΦΑΛΑΙΟΝ
1588 2030 1652 2074 Γ’.

1094 2107 1124 2133 Tl
1135 2105 1220 2133 ἐστιν
1233 2105 1386 2166 ἱεριιρχιαἒ
1387 2104 1436 2130 καὶ
1456 2103 1502 2136 τίς
1521 2103 1541 2137 ἡ
1564 2101 1639 2129 κατὰ
1653 2100 1804 2135 ἱεραρχίαν

1387 2147 1486 2166 male.

1387 2147 1486 2173 νησις.

869 2198 1035 2227 SYNOPSIS
1054 2198 1200 2227 CAPlTIS.

223 2258 243 2283 l.
264 2257 331 2290 Deﬁn

333 2257 350 2282 il
367 2256 659 2288 hierarcliiamreamque
682 2254 803 2288 trifqriqm
814 2255 909 2281 dividit.
920 2256 952 2281 11.
967 2255 1109 2288 Εςοροηὶιοιι

1111 2255 1132 2291 is
1140 2254 1172 2291 sit
1185 2254 1241 2291 ﬁnis
1252 2254 1302 2280 sive
1324 2261 1410 2291 scapus
1424 2251 1615 2291 [tiergrchimret
1628 2249 1838 2291 qualisﬁinueamstit

252 2281 434 2322 statumina.-
447 2281 550 2322 etsimg'l
561 2281 672 2322 ostendit,
681 2281 1054 2322 pei-fectionem‘ejusnconsis'tere
1064 2281 1090 2321 iri
1101 2281 1297 2322 Deiimitationeg
1308 2281 1414 2322 ejusqu
1421 2284 1553 2322 [unctiones
1563 2281 1836 2322 εξξςίξῑρῂςεῐῇίιιρξξ-

251 2313 318 2354 ᾖξαν-ε,
324 2318 452 2354 perﬁcere.
468 2318 510 2342 lll.
522 2318 639 2354 gagpticat,
649 2313 708 2350 quid
717 2313 836 2343 incumbat
846 2313 894 2342 (ain
912 2316 943 2342 iis
952 2317 994 2350 qui
1014 2316 1151 2349 expiamur,
1161 2313 1336 2348 illumiuauiur,
1352 2313 1517 2348 perﬁciuntur,
1528 2321 1599 2347 quam
1609 2313 1666 2340 me
1673 2313 1715 2345 qui
1730 2313 1837 2344 expiant:

252 2348 386 2375 illuminavit
395 2353 464 2380 atque
474 2348 609 2381 perﬁciam.

222 2538 248 2560 et
263 2532 384 2565 scientia,
397 2536 424 2559 et
439 2531 510 2558 actio
522 2537 581 2564 qua;
607 2529 640 2556 ad
667 2528 890 2560 deil‘ormitatem,
915 2535 1003 2563 quan-

224 2585 278 2607 tum
294 2579 333 2605 las
346 2582 398 2611 est,
426 2577 541 2609 accedit,
564 2581 646 2610 atque
671 2575 760 2602 insitis
788 2574 839 2601 sibi
873 2574 1004 2602 divinitus
1028 2608 1030 2610 η

221 2625 447 2653 illustrationibus
474 2623 650 2658 proportione
663 2621 781 2656 quadam
793 2621 826 2648 ad
842 2620 888 2648 Dei
907 2621 1005 2647 subve-

221 2673 295 2700 hitur
306 2671 491 2698 imitationem.
504 2669 588 2696 Porro
610 2675 642 2696 ea
657 2675 716 2702 qua
731 2667 813 2695 Deum
830 2667 921 2699 decet,
941 2666 1000 2700 pul-

220 2717 356 2747 chritudo,
369 2721 398 2743 ut
413 2715 535 2750 simplex,
552 2719 581 2742 ut
609 2715 690 2743 bona.
713 2718 742 2740 ut
757 2713 834 2747 origo
857 2712 1001 2747 perfectio-

222 2762 273 2792 nis.
290 2761 353 2788 nulli
379 2760 488 2788 omnino
508 2764 550 2787 est
568 2759 682 2786 admista
701 2758 928 2790 dissimilitudini,
953 2758 1000 2785 sed

221 2815 270 2842 pro
283 2807 413 2841 cujusque
428 2806 526 2833 merito
545 2806 656 2834 cuilibet
669 2805 758 2832 lumen
774 2812 852 2832 suum
878 2804 1001 2838 imperti-

223 2859 277 2883 tur.
288 2858 316 2881 et
345 2853 372 2880 in
392 2858 564 2881 sacramento
588 2852 770 2884 divinissimo,
783 2851 816 2878 ad
842 2850 1000 2878 immutabi-

226 2899 311 2926 litatis
334 2907 388 2928 suae
403 2899 517 2935 speciem
536 2898 755 2927 transformando
778 2902 960 2926 consummat.

1021 2401 1075 2438 ει.

258 2485 305 2512 Est
319 2483 483 2515 hierarchia,
504 2490 565 2510 meo
577 2482 686 2517 quidem
698 2482 812 2517 judicio.
831 2489 909 2510 sacer
922 2481 1001 2516 ordo,
1019 2485 1041 2513 Ι)

1090 2483 1167 2510 Ἔστι
1177 2483 1226 2518 μὲν
1242 2482 1375 2519 ἱεραρχία,
1385 2483 1445 2508 κατ’
1461 2481 1521 2517 ἐμὲ,
1536 2480 1612 2513 τάξις
1627 2479 1697 2516 ἱερὰ,
1715 2480 1762 2506 καὶ
1776 2479 1836 2506 ὲπι-

1057 2528 1157 2563 στήμη.
1176 2528 1222 2554 καὶ
1241 2527 1366 2562 ἐνέργεια
1387 2525 1455 2562 πρὸς
1479 2525 1509 2552 τὸ
1532 2525 1647 2557 θεοειδὲς
1671 2525 1709 2556 ὡς
1728 2523 1836 2559 ἐφικτὸν

1055 2572 1270 2609 ἀφομοιουμένη,
1293 2573 1339 2599 καὶ
1353 2572 1421 2607 πρὸς
1435 2571 1484 2603 τὰς
1505 2571 1673 2606 ὲνδιδομένας
1693 2570 1761 2605 αὐτῇ
1777 2569 1836 2595 θεό-

1056 2621 1100 2647 θεν
1117 2619 1263 2656 ὲλλάμψεις
1287 2618 1424 2653 ἀναλόγως
1444 2618 1491 2644 ἐπὶ
1506 2618 1536 2645 τὸ
1550 2617 1714 2652 θεομίμητον
1737 2616 1836 2649 ἀναγο-

1057 2666 1134 2702 μινη.
1151 2666 1187 2692 Τὸ
1202 2665 1230 2692 δὲ
1247 2665 1398 2701 θεοπρεπὲς
1410 2665 1519 2697 κάλλος,
1536 2664 1574 2695 ὡς
1587 2662 1699 2694 ἁπλοῦν,
1714 2661 1751 2693 ὡς
1766 2662 1837 2695 ἁγα-

1054 2713 1115 2744 θὺν,
1137 2713 1175 2743 ὡς
1199 2711 1406 2747 τελεταρχικὸν,
1433 2709 1531 2746 ἀμιγὲς
1561 2709 1609 2744 μέν
1639 2709 1697 2734 ἐστι
1721 2706 1835 2733 καθόλου

1054 2758 1143 2792 πάσης
1176 2756 1380 2791 ἀνομοιότητος,
1411 2753 1582 2790 μεταδοτικδν
1616 2752 1644 2778 δὲ
1671 2751 1732 2777 κατ’
1757 2750 1836 2783 ἀξίαν

1053 2804 1160 2838 ἑκάστῳ
1191 2801 1238 2828 τοῦ
1267 2802 1366 2828 οἰκείου
1397 2800 1503 2834 φωτὸς,
1533 2798 1580 2825 καὶ
1610 2795 1780 2823 τελειωτικὺν
1805 2796 1834 2822 ὲν

1053 2849 1146 2883 τελετῇ
1173 2846 1300 2881 θειοτάτῃ
1329 2845 1400 2872 ’κατά
1426 2843 1475 2878 τὴν
1498 2843 1565 2878 πρὸς
1596 2841 1675 2867 ἑαυτὸ
1705 2840 1760 2867 τῶν
1787 2849 1831 2867 τρε-

1053 2894 1189 2930 λουμένων
1208 2892 1374 2929 ὲναρμονὶως
1393 2889 1599 2924 ἀπαράλλακτον
1620 2887 1771 2923 μόρφωσιν.
