1933 3075
97 175 149 206 065

598 177 642 205 DE
658 176 820 207 C(ELES'I‘I
836 177 1060 210 HIEMBCHIA,
1078 177 1156 206 CAP.
1176 178 1221 208 111.

1664 181 1717 212 166

887 239 902 276 ς
918 239 959 269 ιι.

131 318 237 350 Σκοπὸς
255 316 303 346 οὖν
320 319 462 356 ἰσραρχίας
483 319 556 347 ἐστὶν
570 339 578 352 ,
599 321 617 356 ή
637 319 707 357 πρὸς
732 322 799 349 Θεὸν
815 341 824 354 ,
839 322 877 353 ὡς

963 320 1068 355 Scopas
1082 320 1351 356 igiturAhicrarchize
1366 325 1428 353 est.
1451 320 1512 355 Dei,
1534 327 1634 357 quanta
1652 323 1714 353 lierl

95 364 385 402 ὲφικτὸν,ἀφομοίωσίς
395 374 426 393 τε
439 366 486 394 καὶ
501 366 607 399 ἓνωσις,
619 367 701 395 αὐτὸν
717 367 816 404 ἔχουσα
833 371 883 398 πά-

97 419 149 446 σης
170 412 246 447 ἱερᾶς
263 412 417 448 ἐπιστήμης
442 421 473 440 τε
486 413 533 440 καὶ
543 413 682 450 ἐνεργείας
695 414 880 450 καθηγεμόνα,

96 457 144 484 καὶ
160 457 228 493 πρὸς
240 457 290 493 τὴν
312 457 394 485 αὐτοῦ
416 457 555 495 θειοτάτην
578 458 743 494 εὐπρέπειαν
766 461 883 494 ἀκλινῶς

98 502 149 538 μὲν
167 502 248 538 ὁρῶν,
268 503 306 535 ὡς
320 502 433 530 δυνατὸν
449 504 479 530 δὲ
496 504 730 540 ἀποτυπούμενος,
746 507 793 532 καὶ
815 507 880 539 τοὺς

97 547 195 575 ἑαυτοῦ
216 547 365 582 θιασώτας,
383 549 528 586 ἀγάλματα
552 549 611 577 θεῖα
633 550 728 583 τελῶν,
763 551 882 588 ἔσοπτρα

95 595 118 610 ⁷¹
135 591 300 620 διειδεστατα-
309 595 357 621 καὶ
369 595 532 630 ἀκηλίδωτα,
544 596 656 623 δεκτικὰ
665 597 715 632 τῆς
725 597 881 633 ὰρχιφώτου

96 639 144 666 καὶ
161 639 307 676 θεαρχικῆς
321 641 445 673 ἀκτῖνος·
461 641 509 668 καὶ
524 641 572 677 τῆς
598 641 647 677 μὲν
658 642 828 679 ἐνδιδομένης
839 644 881 671 αἴ-

95 686 165 722 γλης
183 687 262 723 ἰερῶς
276 688 523 724 ἀποπληρούμενα,
536 689 637 726 ταύτην
659 691 687 717 δὲ
703 689 779 723 αὖθις
796 692 880 727 ἀφθό-

96 740 150 762 νως
165 732 205 763 εἰς
216 731 251 758 τὰ
263 732 326 767 ἑξῆς
337 733 540 768 ἀναλάμποντα,
556 734 628 762 κατὰ
641 735 705 767 τοὺς
716 735 880 772 θεαρχικοὺς

96 777 224 812 θεσμοὺς.
248 778 285 804 Οὐ
298 777 352 814 γὰρ
367 778 477 813 θεμιτόν
491 779 551 806 ἐστι
562 781 619 812 τοῖς
635 780 689 807 τῶν
708 781 788 817 ἱερῶν
805 782 880 809 τελε-

94 825 156 854 ταῖς
166 824 200 855 ⁷⁸,
216 823 232 858 ἢ
246 824 302 855 τοῖς
315 824 395 859 ἰερῶς
406 824 586 860 τελουμένοις,
608 826 752 862 ἐνεργῆσαί
775 836 801 854 τι
816 828 880 855 καθ-

93 868 166 900 όλου,
191 869 266 904 παρὰ
290 868 339 901 τὰς
355 870 404 904 τῆς
415 870 517 902 οἰκείας
532 871 706 907 τελεταρχίας
730 872 805 908 ἱερὰς
822 873 880 900 δια-

94 912 187 946 τάξεις
200 922 206 928 -
218 913 275 940 ἀλλ’
286 914 346 940 οὐδὲ
366 914 498 950 ὑπάρχειν
515 916 625 952 ἑτέρως,
641 917 666 943 εἰ
677 917 728 952 τῆς
744 917 878 953 θεωτικῆς

94 958 182 993 αὐτῆς
208 959 321 994 ἀγλαΐας
338 960 469 995 ἐφίενται,
484 961 532 988 καὶ
549 962 618 997 πρὸς
640 962 724 998 αὐτὴν
753 964 878 1000 ἱεροπρε-

93 1004 156 1036 πῶς
168 1004 192 1020 ⁷³
203 1005 400 1038 ἀποσκοποῦσι,
427 1006 474 1033 καὶ
500 1007 702 1035 ἀποτυποῦνται
731 1009 803 1035 κατὰ
830 1008 878 1044 τὴν
894 995 915 1022 Β

93 1050 210 1077 ἑκάστου
222 1051 276 1078 τῶν
295 1051 375 1087 ἰερῶν
398 1051 466 1079 νόων
491 1053 645 1088 ἀναλογίαν.
676 1054 780 1081 Οὐκοῦν
798 1054 812 1080 ὁ
835 1055 880 1082 λέ-

93 1105 151 1130 γων
173 1097 326 1133 ἰεραρχίαν,
367 1098 442 1133 ἱεράν
470 1107 531 1125 τινα
562 1099 676 1126 καθόλου
703 1099 880 1135 διακόσμησιν

92 1142 179 1177 δηλοῖ,
196 1143 288 1170 εἰκόνα
311 1144 361 1179 τῆς
388 1143 536 1180 θεαρχικῆς
549 1144 714 1181 ὡραιόητος
724 1165 731 1177 ,
745 1146 774 1172 ἐν
787 1146 879 1179 τάξεσι

94 1189 143 1215 καὶ
154 1190 321 1225 ἐπιστήμαις
341 1191 520 1227 ἰεραρχικαῖς,
536 1191 571 1218 τὰ
585 1191 635 1226 τῆς
653 1192 755 1224 οἰκείας
783 1192 880 1228 ἐλλάμ-

93 1234 168 1269 ψεως
180 1235 373 1272 ἰερουργοῦσαν
386 1237 532 1272 μυστήρια,
555 1238 603 1264 καὶ
622 1237 690 1273 πρὸς
709 1238 758 1274 τὴν
777 1239 879 1265 οἰκείαν

92 1280 181 1316 ἀρχὴν
192 1280 230 1312 ὡς
244 1280 353 1316 θεμιτὸν
367 1281 596 1317 άφομοιουμένην.
620 1282 759 1318 Ἐστιγὰρ
773 1283 879 1319 ἑκάστῳ

92 1326 148 1352 τῶν
169 1326 311 1362 ίεραρχίαν
331 1327 546 1364 κεκληρωμένων
567 1329 584 1364 ἠ
600 1329 755 1362 τελείωσις,
775 1329 806 1356 τὺ
819 1330 878 1357 κατ’

93 1371 199 1398 οἰκείαν
228 1372 373 1406 ἀναλογίαν
397 1373 443 1398 ἐπὶ
467 1372 497 1399 τδ
524 1373 687 1409 θεομίμητον
717 1374 876 1410 ἀναχθῆναι.

93 1418 150 1445 Καὶ
163 1418 194 1444 τὺ
208 1418 239 1454 δὴ
252 1419 359 1446 πάντων
371 1418 515 1455 θειότερον,
528 1420 565 1452 ὼς
577 1419 612 1446 τὰ
622 1420 708 1454 Λόγιά
719 1430 795 1456 φησι,
810 1421 878 1448 Θεοῦ

95 1464 226 1500 συνεργὸν
239 1464 378 1499 γενέσθαι,
394 1465 441 1492 καὶ
451 1465 534 1499 δεῖξαι
548 1466 597 1502 τὴν
610 1466 685 1493 θείαν
697 1467 837 1503 ἐνέργειαν
849 1469 878 1496 ὲν

93 1509 183 1545 ἑαυτῷ
200 1509 272 1536 κατὰ
289 1509 319 1536 τὸ
330 1509 440 1536 δυνατδν
451 1511 683 1546 ἀναφαινομένην·
696 1509 767 1544 οἷον,
786 1513 878 1549 ἐπειδὴ

93 1554 171 1588 τάξις
194 1554 337 1590 ἰεραρχίας
357 1555 416 1582 ἐστὶ
427 1555 457 1582 τὸ
470 1555 533 1586 τοὺς
550 1555 600 1590 μὲν
613 1556 802 1592 καθαίρεσθαι,
815 1558 878 1589 τοὺς

94 1600 122 1626 δὲ
136 1599 278 1635 καθαίρειν
291 1608 298 1615 ”
318 1601 362 1627 καὶ
378 1601 441 1632 τοὺς
454 1601 503 1636 μὲν
517 1601 690 1636 φωτίζεσθαι,
705 1602 768 1634 τοὺς
779 1603 808 1629 δὲ
821 1613 878 1638 φω-

95 1646 178 1679 τίζειν
193 1655 200 1661 ·
221 1647 344 1678 καὶτοὺς
369 1647 418 1682 μὲν
437 1647 571 1674 τελεῖσθαι
584 1648 619 1680 ⁷⁸,
633 1649 696 1680 τοὺς
717 1648 746 1675 δὲ
773 1649 876 1676 τελεσι-
891 1662 912 1691 c

94 1694 213 1728 ουργείν,
239 1693 346 1728 ἑκάστῳ
355 1694 385 1720 τὸ
399 1693 563 1729 θεομίμητον
575 1695 690 1730 ἁρμόσει
714 1695 784 1722 κατὰ
804 1695 878 1722 τόνδε

95 1738 139 1764 τὴν
151 1738 264 1774 τρόπον.
284 1739 316 1765 Ἡ
329 1738 388 1766 θεία
404 1739 427 1755 ⁷⁵
442 1739 621 1776 μακαριότης,
636 1740 674 1771 ὡς
689 1741 717 1767 ὲν
728 1740 880 1776 ἀνθρώποις

95 1785 192 1817 εἰπεῖν,
203 1784 304 1820 ἀμιγὴς
313 1785 362 1820 μέν
370 1786 416 1812 ὲστ
422 1794 445 1812 ιν
453 1786 561 1821 ἁπάσης
568 1786 765 1822 ἀνομοιότητος,
776 1787 882 1823 πλήρης

95 1830 124 1856 δὲ
143 1830 231 1864 φωτὸς
248 1831 344 1863 ἀϊδίου,
354 1831 444 1858 τελεία
464 1832 510 1858 καὶ
524 1831 648 1868 ἀνενδεὴς
660 1833 768 1868 ἁπάσης
782 1832 882 1858 τελειό-

96 1884 187 1911 τητος,
209 1875 386 1910 καθαίρουσα,
413 1877 461 1903 καὶ
484 1877 649 1911 φωτίζουσα,
670 1877 717 1904 ³ιαί¹
730 1877 882 1912 τελεσιουρ-

96 1921 183 1955 γοῦσα
198 1930 205 1936 -
230 1921 329 1957 μᾶλλον
350 1922 378 1949 δὲ
406 1923 539 1959 ⁴ιιάθαρσις
564 1924 634 1960 ἱερὰ,
656 1924 704 1950 καὶ
726 1923 880 1959 φωτισμὺς,

97 1968 144 1994 καὶ
157 1967 306 2000 τελείωσις,
321 1968 391 2004 ὑπὲρ
405 1968 547 2005 κάθαρσιν,
562 1970 632 2005 ὑπὲρ
645 1969 712 2004 φῶς,
729 1969 882 2005 πρπέλειος

97 2013 324 2049 αὺτοτελεταρχία
343 2014 384 2046 ⁷⁸,
405 2014 453 2041 καὶ
489 2016 579 2050 πάσης
603 2015 652 2050 μὲν
682 2014 821 2050 ἱεραρχίας
837 2016 881 2042 αἰ-

97 2059 159 2091 τία,
184 2060 283 2092 Μντὺς
305 2059 333 2086 δὲ
360 2060 433 2096 ἱεροῦ
459 2061 530 2088 κατὰ
556 2060 586 2088 τὸ
610 2061 742 2097 ὑπερέχον
780 2061 880 2098 ἐξῃρη-

101 2102 177 2138 μένη-

933 370 1032 401 potest.
1047 365 1207 393 assimilatio
1230 366 1442 401 coniunctioque
1458 374 1465 392 :
1483 373 1563 400 quem
1588 374 1650 395 cum
1665 368 1715 396 ha-

932 412 995 440 beat
1008 414 1097 441 omnis
1110 420 1195 441 sacra:
1208 416 1236 440 et
1247 412 1368 440 scientiae
1379 417 1405 439 et
1420 412 1586 446 operationis
1602 413 1712 447 ducem.

932 459 965 487 ad
979 458 1244 492 divinissimumejus
1259 460 1384 486 decorem
1398 463 1555 486 constanter
1569 459 1711 494 intuendo,

932 506 1057 533 eumdem
1077 505 1164 539 quoad
1192 510 1280 539 potest
1306 505 1444 540 exprimit,
1463 513 1511 533 nec
1531 512 1583 533 non
1609 506 1715 534 divinos

934 551 975 580 Sui
999 557 1141 579 consortes
1163 559 1240 578 sacra
1265 552 1388 586 quaedam
1411 551 1516 585 perlicit
1553 551 1710 585 simulacra,

931 597 1093 632 speculaqne
1107 597 1256 624 clarissima
1280 602 1307 624 et
1330 596 1502 624 immaculata
1529 604 1589 629 qua:
1612 598 1711 631 primi-

933 643 993 670 Ilva:
1021 643 1087 670 lucis
1110 650 1275 676 summaeque
1287 642 1395 669 dcit-alis
1419 642 1522 669 radium
1548 643 1712 676 excipiant:

930 688 1007 723 cujus
1019 689 1103 715 indito
1118 688 1260 723 splendore
1272 696 1350 716 sacro
1370 688 1458 723 plena,
1484 689 1572 716 denuo
1587 690 1712 717 eumdem

930 741 962 761 ex
975 733 1072 761 divinis
1095 733 1210 768 legibus,
1228 733 1254 760 in
1277 741 1309 760 ea
1330 741 1389 767 qua:
1402 738 1561 768 sequuntur,
1590 735 1648 761 sine
1673 735 1714 760 in-

930 780 1002 806 vidia
1027 778 1225 806 transfundam.
1257 779 1348 814 Neque
1377 780 1450 806 enim
1488 780 1528 806 fas
1542 784 1584 806 cst
1623 781 1711 808 sacris

932 826 1141 860 professoribus,
1159 825 1199 852 vel
1211 825 1266 860 29
1280 825 1403 857 initiatis,
1420 825 1565 860 quidquam
1600 832 1714 860 prorsus

929 871 1048 906 operari,
1067 871 1139 906 quod
1152 874 1224 898 sacri
1239 871 1280 898 sui
1295 871 1399 898 ordinis
1415 871 1597 898 sacrosanctis
1615 872 1715 898 consti-

933 918 1083 945 tutionibus
1098 922 1243 953 repugnet;
1268 919 1321 944 imo
1361 925 1410 945 nec
1443 919 1537 945 iisdem
1557 919 1714 950 dissentire,

929 963 952 990 si
975 964 1091 991 divinam
1121 963 1179 997 ejus
1195 968 1321 998 appetant
1347 963 1510 996 claritatem,
1536 969 1563 991 et
1581 964 1614 991 ad
1639 964 1714 991 illam

931 1013 1047 1041 sancte,
1077 1009 1114 1036 uti
1152 1009 1241 1042 decet,
1277 1009 1422 1044 aspiciant.
1448 1017 1480 1036 ac
1511 1016 1560 1044 pro
1583 1009 1714 1044 cujusque

931 1062 1072 1082 sacrarum
1112 1055 1244 1082 mentium
1279 1055 1435 1090 capacitate
1472 1054 1713 1083 transformentur.

930 1101 1022 1135 Itaque
1036 1101 1080 1135 qui
1096 1101 1277 1128 liierarchiam
1293 1100 1424 1130 nominat.
1440 1101 1584 1135 quamdam
1598 1102 1712 1129 omnino

930 1154 1034 1174 sacram
1050 1147 1172 1180 designat
1185 1146 1399 1180 dispositionem,
1426 1147 1471 1174 Dei
1488 1146 1645 1181 principalis
1658 1147 1715 1181 pul—

930 1193 1091 1220 chritudinis
1103 1193 1254 1228 imaginem,
1266 1192 1408 1219 ordinibus
1433 1193 1609 1227 soientiisque
1625 1201 1717 1220 sacro-

929 1239 1142 1274 principalibus.
1177 1239 1366 1266 illustrationis
1393 1247 1447 1266 sua:
1487 1240 1615 1274 mysteria
1643 1239 1716 1266 cele-

929 1285 1063 1317 brantem,
1077 1289 1157 1319 atque
1177 1285 1296 1319 proprio,
1309 1289 1439 1320 quantum
1458 1284 1497 1311 fas
1512 1289 1564 1314 est.
1580 1285 1716 1320 principio

930 1328 1107 1356 eonformem.
1130 1329 1235 1356 Etenim
1252 1329 1396 1363 cuiuslibet
1421 1337 1515 1357 eorum
1540 1330 1585 1363 qui
1603 1337 1715 1357 sacrum

929 1374 1051 1401 ordinem
1070 1374 1158 1401 sortiti
1172 1379 1245 1407 sunt,
1260 1374 1285 1400 in
1310 1375 1361 1402 hoc
1381 1375 1431 1401 sila
1447 1375 1576 1410 perfectio
1586 1366 1717 1406 e‘st.titad

929 1420 1056 1451 divinant.
1067 1427 1115 1454 pro
1130 1425 1208 1454 captu
1221 1420 1337 1454 quisque
1374 1427 1432 1451 suo.
1451 1425 1640 1455 promoveatur
1654 1421 1716 1448 imi-

930 1467 1066 1498 tationem,
1077 1465 1201 1500 quodque
1209 1466 1325 1492 divinius
1349 1471 1390 1492 est
1399 1466 1529 1498 omnium,
1541 1466 1623 1500 ipsius
1633 1467 1716 1494 etiam

929 1510 988 1546 Dei,
1003 1516 1030 1537 ut
1046 1510 1157 1545 Eloquia
1177 1511 1332 1545 loquuntur,
1351 1517 1511 1546 cooperator
1523 1511 1647 1542 exsistat,
1676 1511 1717 1538 di-

928 1558 1070 1591 vinamque
1093 1558 1118 1583 in
1140 1557 1285 1591 semetipso
1309 1558 1476 1584 demonstret
1497 1564 1500 1565 '
1521 1557 1716 1591 operationem,

929 1603 1016 1637 quoad
1035 1607 1133 1637 potest.
1149 1601 1301 1629 elncenlem
1315 1609 1322 1627 :
1337 1602 1437 1636 quippe
1446 1609 1507 1629 cum
1519 1602 1545 1628 in
1559 1603 1608 1629 hoc
1621 1602 1657 1628 sit
1670 1609 1717 1628 sa-

928 1655 981 1675 cra:
996 1647 1200 1682 gubernationis
1241 1647 1319 1678 ordo,
1337 1651 1367 1673 ut
1392 1647 1471 1680 aliqui
1496 1652 1652 1681 purgentur,
1671 1646 1716 1673 alii

933 1696 1046 1727 purgent
1063 1699 1070 1724 ;
1087 1691 1168 1726 aliqui
1182 1691 1376 1726 illumincnlnr,
1407 1691 1453 1717 alii
1467 1691 1618 1718 illuminent
1634 1700 1641 1724 ;
1655 1692 1718 1725 qni-

933 1736 994 1763 daln
1022 1736 1206 1770 perﬁciuntur,
1239 1736 1359 1763 nonnulli
1385 1743 1450 1762 vero
1464 1736 1620 1770 perﬁciant;
1637 1737 1718 1763 modo

935 1782 1032 1817 cuique
1042 1789 1091 1810 suo
1105 1782 1193 1809 divina
1208 1787 1338 1817 congrnet
1365 1783 1488 1809 imitatio.
1522 1782 1615 1808 Divina
1633 1783 1719 1816 siqui-

935 1828 995 1856 dem
1012 1828 1157 1861 beatitudo,
1172 1832 1209 1866 ul‘
1223 1835 1297 1854 more
1322 1828 1458 1854 hominum
1493 1827 1597 1862 loquar.
1621 1834 1718 1862 expers

933 1878 974 1900 est
993 1874 1080 1901 omnis
1104 1873 1343 1905 dissimilitudinis;
1364 1881 1396 1900 ac
1430 1875 1507 1908 plena
1531 1873 1597 1899 lucis
1620 1873 1719 1907 sempi-

934 1923 1028 1951 terme,
1045 1919 1173 1952 perfecta.
1198 1919 1297 1946 nullius
1312 1919 1400 1953 indiga
1425 1918 1612 1952 pertectiouis,
1634 1926 1717 1944 mun-

932 1965 999 1992 dans
1013 1985 1020 1996 .
1039 1965 1208 1997 illuminans.
1239 1973 1455 1998 consummans;
1480 1965 1601 2000 quinimo
1625 1965 1715 1999 potius

933 2011 1049 2046 ipsamet
1063 2018 1139 2038 sacra
1154 2011 1303 2042 mundatio,
1320 2017 1347 2039 et
1364 2011 1538 2044 illuminatio,
1549 2016 1576 2038 et
1589 2018 1718 2038 consum-

935 2058 1028 2089 matio,
1044 2064 1124 2092 supra
1139 2057 1352 2090 mundationem,
1370 2065 1451 2092 supra
1476 2057 1574 2089 lucem,
1599 2065 1719 2092 praepar-

935 2103 1016 2132 lecta.
1035 2110 1080 2137 per
1093 2110 1122 2130 se
1136 2102 1213 2138 origo
1227 2103 1412 2138 perfectionis,
1436 2108 1516 2138 atque
1549 2103 1638 2129 omnis
1658 2103 1718 2138 qui-

935 2149 995 2175 dem
1011 2148 1080 2176 sacri
1096 2147 1199 2175 ordinis
1219 2156 1300 2176 causa
1312 2169 1319 2180 ,
1342 2154 1526 2176 verumtamen
1542 2148 1576 2175 ab
1593 2149 1664 2176 omni
1689 2156 1719 2177 re

936 2201 1013 2222 sacra
1044 2201 1090 2228 per
1105 2192 1294 2221 excellentiam
1311 2198 1436 2228 exet-pta.

885 2266 899 2302 ᾗ
916 2265 972 2299 ΙΙΙ.

135 2349 196 2386 Χρὴ
207 2348 363 2385 τοιγαροῦν,
387 2348 425 2381 ὡς
445 2346 532 2384 οἶμαι,
554 2350 617 2381 τοὺς
644 2348 693 2384 μὲν
717 2348 880 2385 καθαιρομέ-

971 2348 1083 2383 Oportet
1098 2348 1190 2383 igitur,
1204 2351 1233 2376 ut
1249 2348 1378 2379 arbitror.
1407 2354 1456 2375 eos
1482 2355 1529 2382 qui
1554 2352 1718 2382 purgantur.

99 2392 162 2427 νους
174 2395 282 2430 ἀμιγεῖς
295 2393 481 2420 ἀποτελεῖσθαι
502 2393 629 2428 καθόλου,
643 2393 690 2420 καὶ
702 2394 793 2429 πάσης
805 2393 887 2429 ἠλευ-

100 2438 234 2476 θερῶσθαι
256 2440 307 2475 τῆς
318 2440 443 2475 ἀνομοίου
460 2439 655 2475 συμφύρσεως·
681 2439 745 2471 τοὺς
762 2439 790 2466 δὲ
803 2447 886 2473 φωτι-

100 2486 230 2522 ζομὲνους
242 2484 466 2521 ἀποπληροῦσθαι
479 2484 526 2511 τοῦ
543 2485 614 2511 θείου
626 2484 724 2519 φωτὸς,
737 2483 805 2519 πρὸς
819 2484 888 2510 θεω-

101 2534 218 2569 ρητικὴν
243 2532 300 2565 ἕξιν
313 2532 361 2558 καὶ
380 2532 493 2567 δύναμιν
509 2532 538 2558 ὲν
551 2532 699 2565 πανάγνοις
710 2530 770 2562 νοὸς
785 2529 887 2565 ὀφθαλ-

102 2580 163 2614 μοῖς
180 2578 364 2612 ἀναγομένους
376 2586 382 2592 ·
410 2578 472 2609 τοὺς
489 2577 518 2604 δὲ
530 2577 707 2612 τελουμένους
723 2576 756 2607 ⁷⁷,
784 2577 816 2603 ἐκ
838 2575 885 2603 τοῦ

101 2624 214 2656 ἀτελοῦς
244 2624 502 2660 μεταταττομένους,
531 2624 661 2659 μετόχους
684 2622 808 2657 γίνεσθαι
835 2623 888 2657 τῆς

101 2670 389 2699 ἀιγνὲποπτευθέντων
414 2669 494 2706 ἱερῶν
520 2669 692 2704 τελειωτικῆς
716 2669 885 2703 ἐπιστήμης.

938 2403 1021 2430 puros
1036 2392 1104 2422 ellici
1129 2395 1252 2427 omnino,
1276 2399 1357 2428 atque
1381 2393 1456 2421 omni
1486 2392 1720 2420 dissimilitudinis

937 2441 1126 2469 commistione
1145 2440 1273 2473 liberari;
1299 2448 1345 2468 eos
1371 2447 1437 2467 vero
1452 2439 1497 2474 qui
1528 2439 1720 2466 illuminantur

938 2485 1030 2514 divino
1045 2487 1148 2514 lumine
1162 2486 1269 2521 repleri,
1298 2487 1330 2515 ad
1352 2485 1591 2520 contemplativum
1617 2488 1719 2511 statum

938 2537 1019 2566 atque
1027 2533 1153 2559 virtutem
1166 2533 1325 2560 uastissimis
1338 2532 1436 2559 mentis
1447 2532 1534 2558 oculis
1549 2529 1719 2562 eveliendos;

938 2577 1058 2612 denique
1074 2585 1122 2605 cos
1152 2578 1196 2612 qui
1226 2578 1424 2613 perﬁciuntur,
1450 2577 1484 2604 ab
1515 2574 1722 2610 imperfectioue

943 2624 1102 2655 translatos,
1121 2623 1229 2650 illorutn
1257 2631 1317 2658 quae
1344 2623 1458 2650 contuili
1490 2628 1563 2653 sunt.
1582 2630 1720 2649 sacrorum

939 2668 1094 2702 perfectiva:
1118 2669 1240 2697 scientiae
1252 2669 1399 2704 participes
1424 2667 1565 2695 exsistere.
1597 2667 1722 2701 Expinto-

745 2746 861 2773 VARI/El
881 2745 1081 2775 LECTIONES.

139 2807 160 2823 "
175 2806 244 2833 Bud.
263 2805 383 2834 ἐσοπτρά
397 2813 438 2831 τε.
475 2805 497 2820 ⁷¹
513 2805 563 2832 Ch.
582 2805 613 2831 D.
635 2803 664 2830 P.
680 2804 709 2830 S.
725 2803 874 2834 τελεσταῖς,
893 2802 934 2829 cui
960 2802 1069 2829 lectioni
1088 2807 1195 2828 veteres
1209 2799 1393 2834 astipulantur
1419 2798 1591 2834 interpretes.
1623 2796 1718 2834 V"_C_li.

106 2842 194 2878 ἱερῷς.
222 2841 323 2878 γ’δλϐίι.

372 2859 379 2865 .
398 2831 575 2866 τελειοῦσθαι.
613 2839 635 2854 ⁷⁵
652 2839 701 2865 Cli.
722 2840 800 2865 aliter
824 2831 887 2871 legit
909 2842 936 2864 et
954 2837 1115 2870 distinguit,
1138 2831 1317 2871 ἁρμό-σειἺδιὰ
1338 2831 1600 2871 τόνόεῆτδντρὸπον
1615 2833 1632 2867 ἡ
1650 2831 1720 2871 θεία.

105 2867 198 2904 lirCli.
217 2867 391 2911 ὑπέμφωτος.
410 2875 438 2911 Si.
462 2880 489 2902 et
513 2875 548 2903 lil.
564 2873 713 2909 adjungunt
733 2878 794 2908 post
817 2867 981 2908 πρῖπέλειος,
995 2867 1112 2900 verbum
1122 2867 1299 2901 αὑτὸτὲλειος,
1317 2869 1389 2903 quod
1414 2867 1511 2895 Scotus
1522 2867 1604 2894 etiam
1621 2867 1720 2894 reddit.

106 2912 127 2929 "
147 2912 175 2940 S.
190 2911 230 2947 VP.
245 2910 278 2939 οξ
295 2910 506 2947 τελειουμένους.
