1933 3075
219 165 271 195 ιον

781 164 811 193 S.
830 162 978 192 DlONYSll
995 163 1229 193 ABEOPAGlT/E

220 232 264 252 res
271 231 351 260 porro
362 224 438 251 decet
449 223 603 259 praestantia
616 222 802 250 mundationis
811 222 880 249 alios
889 221 1004 256 particiv

1055 222 1125 253 Τοὺς
1136 222 1164 248 δὲ
1184 221 1376 257 καθαρτικοὺς,
1405 221 1548 257 περιουσίᾳ
1563 220 1723 257 καθάρσεως
1736 221 1840 256 ἑτέροις

218 279 266 307 pes
283 271 395 298 reddere
406 270 521 305 propriae
534 269 659 305 puritatis
671 277 679 301 ς
694 269 1004 300 illuminatoresantem,

219 322 247 343 nt
263 316 308 351 qui
324 320 386 344 sunt
411 320 514 342 mentes
538 315 752 350 perspicaciores
771 321 833 341 cum
862 313 895 340 ad
916 313 1006 348 perci-

219 361 345 398 piendum
360 366 415 388 tum
431 361 463 387 ad
495 360 736 388 transfundeudnm
765 360 816 386 rite
835 359 926 386 lumen
948 359 1006 386 ido-

221 414 297 439 neos,
311 414 361 433 nec
379 414 431 432 non
449 406 599 432 luculenter
616 412 694 432 sacro
716 404 821 440 fulgore
835 404 941 440 plenos,
955 412 1006 432 ex-

221 454 370 481 undantem
387 453 508 487 undique
529 453 614 479 lucem
646 452 672 478 in
689 460 719 479 ea
735 452 832 488 dignos
858 452 1004 484 derivare;

220 499 337 534 denique
347 499 525 534 perfectores,
537 505 586 525 ccu
599 498 764 532 perﬁcientis
792 497 942 532 disciplina:
957 504 1005 532 pe-

222 544 381 576 ritissimos,
411 543 543 578 perlicere
579 542 640 570 illos
665 543 710 578 qui
729 542 887 577 perﬁciendi
920 546 1003 574 sunt,

220 590 407 617 sacratissima
423 590 546 617 doctrina
564 589 686 617 scientia
697 589 752 624 3o
763 596 854 616 rerum
867 595 1005 615 sacrarum

220 643 288 671 quas
303 637 487 671 inspexerunt.
501 635 620 669 Quilibet
634 636 716 670 igitur
729 635 888 662 bicrarcbiaa
903 634 1000 662 distin-

222 683 321 710 ctionis
336 683 414 715 ordo,
430 690 479 717 pro
503 681 613 710 modulo
632 682 748 716 quisque
764 689 813 708 suo
828 681 861 708 ad
879 680 1004 708 divinam

222 729 365 756 adducitur
386 728 620 763 cooperationem,
632 735 664 754 ea
681 735 730 762 per
755 727 800 754 Dei
818 727 934 762 gratiam
949 727 1006 753 vir-

223 781 360 809 tutemque
376 774 530 809 perilciens,
551 780 612 807 qua
634 780 748 800 summas
771 773 870 799 Deitati
894 777 1006 800 natura-

222 819 295 852 liter,
309 827 445 854 supraque
464 824 589 846 naturam
619 819 723 851 insunt,
738 823 766 846 et
790 819 824 846 ab
845 818 937 846 eadem
957 826 1006 845 su-

222 867 453 902 peressentialiter
468 871 538 898 acta,
565 873 615 893 nec
639 873 691 893 non
709 866 742 893 ad
768 865 929 900 possibilem
956 865 1004 893 Dei

1058 266 1227 302 μεταδιδόναι
1248 267 1298 302 τῆς
1312 267 1415 298 οἰκείας
1437 267 1604 302 ἀγνότητος”
1619 267 1683 298 τοὺς
1705 267 1733 293 δὲ
1755 276 1839 301 φωτι-

1056 314 1176 345 στικοὺς,
1199 313 1238 344 ὡς
1258 313 1452 348 διειδεστέρους
1475 313 1548 345 νόας,
1572 313 1618 339 καὶ
1639 313 1708 348 πρὸς
1726 313 1841 349 μετοχὴν

1056 358 1144 394 φωτὸς
1156 360 1204 386 καὶ
1214 359 1356 395 μετάδοσιν
1371 358 1479 391 οἰκείως
1492 359 1613 394 ἔχοντας,
1629 359 1676 385 καὶ
1688 359 1841 391 πανολὸίως

1055 407 1104 442 τῆς
1119 407 1194 442 ἱερᾶς
1218 406 1477 442 ἀπο-κληρουμένους
1507 406 1614 442 αἴγλης.
1634 406 1665 433 τὸ
1691 406 1761 433 κατὰ
1785 408 1840 434 πᾶν

1055 451 1144 478 αὐτῶν
1170 451 1374 487 ὑπερχεόμενον
1398 451 1466 486 φῶς,
1494 451 1535 482 εἰς
1555 451 1618 482 τοὺς
1638 450 1731 483 ἀξίους
1751 450 1841 484 φωτὸς

1055 498 1241 533 ὲποχετεύειν·
1263 499 1328 529 τοὺς
1340 498 1368 524 δὲ
1380 498 1595 533 τελεσιουργοὺς,
1612 497 1650 528 ὡς
1665 498 1841 532 ἐπιστημονι-

1055 546 1120 576 xei);
1141 545 1191 579 τῆς
1205 543 1363 579 τελεπικῆς
1381 544 1559 580 μεταδόσεως,
1572 544 1659 570 τελεῖν
1673 544 1735 575 τοὺς
1748 544 1841 570 τελου-

1057 590 1154 626 μένους
1167 591 1191 606 ⁷⁸
1205 592 1238 625 τῇ
1254 590 1374 625 πανιέρῳ
1385 591 1483 625 μυήσει
1493 589 1544 625 τῆς
1551 589 1605 616 τῶν
1618 589 1840 616 ὲποπτευθέντων

1057 636 1138 673 ἱερῶν
1163 637 1326 672 ἐπιστήμης.
1365 635 1470 663 Οὐκοῦν
1495 636 1596 671 ἑκάστη
1617 636 1667 671 τῆς
1681 635 1841 671 ἱεραρχικῆς

1055 683 1261 719 διακοσμήσεως
1286 682 1373 716 τάξις,
1397 682 1469 709 κατὰ
1490 681 1538 718 τὴν
1564 681 1667 708 οἰκείαν
1695 681 1841 716 ἀναλογίαν

1055 729 1183 762 ἀνάγεται
1208 728 1276 763 πρὸς
1286 728 1335 763 τὴν
1350 727 1424 754 θείαν
1438 728 1608 764 συνέργειαν,
1620 728 1711 754 ἐκεῖνα
1723 726 1839 754 τελοῦσα

1055 775 1145 810 χάριτι
1170 774 1217 800 καὶ
1228 773 1359 809 θεοσδάτῳ
1377 773 1491 809 δυνάμει
1503 793 1510 806 ,
1529 773 1564 800 τὰ
1575 775 1608 809 τῇ
1635 773 1749 809 Θεαρχίᾳ
1760 781 1841 808 φυσι-

1056 820 1111 852 κῶς
1133 820 1180 847 καὶ
1191 819 1336 856 ὑπερφυῶς
1353 819 1445 846 ἐνόντα
1460 820 1494 852 ⁷³,
1509 819 1557 846 καὶ
1572 818 1641 855 πρὸς
1662 819 1746 854 αὐτῆς
1757 819 1842 854 ὑπερ-

1056 866 1153 898 ουσίως
1164 865 1301 901 δρώμενα,
1330 865 1461 901 καὶπρὸς
1486 865 1535 901 τὴν
1559 864 1673 900 ἐφικτὴν
1697 864 1751 891 τῶν
1765 864 1841 900 φιλο-

222 914 371 940 amicarum
391 913 521 940 mentium
567 912 745 940 imitationem
765 912 926 939 hierarcliia:
940 915 1004 938 sunt

1055 912 1123 938 θέων
1135 911 1202 939 νόων
1218 912 1333 948 μίμησιν
1354 911 1520 948 ίεραρχικῶς
1538 911 1727 946 ὲκφαινόμενα.

221 959 369 986 declarata.

804 1077 1073 1106 ADNOTATlONES
1096 1076 1271 1106 CORDI-mli.

262 1169 311 1197 [ibi
327 1169 477 1203 generatim
489 1168 609 1196 ostendit
625 1169 768 1198 rationem.
781 1175 833 1202 qna
848 1167 926 1196 nobis
940 1168 967 1196 in
978 1166 1131 1196 ccclestium
1147 1167 1386 1202 spiritualiumque
1399 1172 1490 1193 rerum
1503 1164 1684 1200 cognitionem
1695 1165 1840 1193 devenien-

222 1205 284 1232 dum
298 1205 345 1236 sit,
359 1205 392 1230 ad
406 1204 565 1231 hierarchize
580 1204 678 1231 transit
691 1203 914 1238 explicationem.

258 1239 273 1275 ξ
287 1239 306 1265 l.
327 1240 366 1265 Ac
389 1240 505 1274 primum
521 1239 639 1275 quidem.
655 1235 797 1275 quid'ipsa
811 1238 857 1275 sit
869 1238 991 1275 _delinit,

1055 1245 1109 1265 :ens
1126 1236 1297 1275 :_'Ecmﬂpév
1312 1237 1454 1275 Epapxta,
1474 1241 1512 1263 est
1528 1235 1659 1275 ﬂuidam"
1675 1235 1838 1275 hierarchia,

222 1271 290 1306 etc.,
305 1271 421 1308 eamque
436 1271 575 1300 distribuit
587 1274 612 1300 in
627 1271 761 1305 ordinem,
779 1273 919 1300 scientiam
934 1279 961 1300 et
974 1273 1108 1300 actionem
1123 1280 1130 1304 ;
1144 1273 1170 1299 in
1186 1271 1282 1300 ordine
1295 1271 1423 1305 cilicium,
1447 1272 1484 1308 in_
1497 1271 1609 1298 scientia
1634 1271 1837 1308 discretionem,

224 1311 250 1336 in
268 1306 385 1336 actione‘
397 1309 578 1336 ministerium
593 1308 742 1343 designans
756 1317 763 1339 ;
781 1308 981 1343 quibusitribus
993 1309 1070 1343 quasi
1086 1308 1220 1343 partibus,
1236 1308 1326 1335 omnis
1340 1313 1393 1334 tam
1409 1306 1531 1342 angelica
1554 1313 1636 1343 quam
1662 1310 1754 1333 nostra
1778 1306 1838 1343 hie~

224 1344 332 1372 rarehia
357 1352 404 1370 seu
435 1344 599 1378 gubernandi
615 1341 686 1370 ratio
695 1341 860 1370 continetur.
881 1342 960 1374 Nam,
978 1341 1009 1370 ut
1024 1341 1097 1370 recte
1113 1342 1189 1377 [iugo
1205 1343 1236 1369 ad
1256 1343 1328 1370 hunc
1345 1341 1520 1378 locum,sine
1535 1341 1648 1378 ordine,
1664 1341 1838 1378 praesumptio

223 1385 264 1406 est
281 1381 373 1411 actio;
391 1376 448 1406 sine
461 1380 568 1405 actione
582 1378 744 1413 negligentia
765 1383 808 1405 est
821 1378 891 1405 ordo
905 1387 911 1410 ;
930 1378 988 1405 sine
1000 1378 1112 1405 scientia
1129 1385 1203 1408 vero.
1219 1382 1246 1404 et
1260 1378 1332 1405 actio
1348 1376 1587 1413 rreprehensibilis,
1600 1381 1627 1402 et
1639 1377 1705 1402 ordo
1722 1376 1837 1413 inutilia.

224 1413 307 1447 Τάξις
321 1409 424 1444 autem.
437 1421 484 1440 seu
502 1415 580 1445 ordo,
596 1409 637 1440 hic
655 1409 724 1440 idem
741 1418 783 1440 est
808 1414 879 1447 quod
894 1409 1002 1446 ἐξουσία

1057 1421 1064 1438 ι
1080 1418 1212 1447 potestas.
1227 1413 1261 1440 de
1275 1421 1329 1446 qna
1344 1409 1443 1439 Paulus
1458 1413 1491 1438 ad
1519 1413 1678 1447 normam.
1696 1413 1732 1447 i;
1751 1409 1840 1447 Ιζιὶσα

222 1445 308 1483 ψυχὴ
323 1449 475 1481 ἐξουσίαις
485 1448 702 1482 ὑπερεχούσαις
712 1445 929 1475 ὑποτασσέσθω
942 1456 949 1463 ο
967 1449 1003 1474 οὺ
1024 1445 1174 1482 γάρ’ἐστιν
1194 1445 1330 1480 ἐξουσία,
1348 1449 1374 1474 ει
1391 1447 1434 1481 μὴ
1452 1447 1509 1474 ἀπὸ
1543 1446 1631 1483 Θεοῦ·
1647 1448 1679 1483 ut
1697 1445 1731 1472 δὲ
1748 1445 1837 1472 οὖσαι

223 1481 359 1516 iri-Iocatus
378 1484 436 1511 ὑπὸ
458 1481 547 1510 Θεοῦ⁷
563 1483 736 1517 τεταγμέναι
768 1484 857 1510 εἰσίν.
885 1483 978 1510 Omnis

1059 1481 1101 1509 ma
1124 1483 1293 1517 potestatibus
1309 1483 1506 1510 sublimioribus
1521 1481 1628 1509 subdita
1657 1481 1690 1517 sit
1705 1488 1713 1506 :
1733 1489 1784 1517 non
1799 1486 1837 1508 est

224 1520 292 1546 enim
307 1524 435 1552 pio/cstas.
449 1519 499 1545 nisi
510 1527 525 1544 α
536 1518 587 1545 Deo
601 1526 611 1550 ;
627 1515 685 1553 qua:
704 1522 790 1544 autem
802 1526 835 1552 po
848 1523 943 1544 estates
958 1523 1030 1551 sunt,
1042 1525 1058 1544 α
1072 1515 1128 1544 Deo
1138 1519 1267 1544 ordinata:
1277 1524 1348 1546 sunt.
1363 1518 1411 1545 Ubi
1428 1518 1480 1544 duo
1491 1518 1555 1545 dicit
1568 1515 1727 1553 Apostolus:
1738 1516 1836 1553 primo,

225 1558 371 1588 potestates
391 1561 451 1580 esse
469 1561 484 1580 a
510 1554 580 1587 Deo;
593 1554 722 1584 secundo,
744 1560 790 1579 eas
810 1560 904 1579 carere
918 1552 1026 1588 ἀταξίᾳ,
1043 1553 1068 1579 id
1088 1557 1130 1580 est
1141 1552 1311 1586 confusione,
1328 1558 1356 1579 et
1377 1559 1440 1588 esse
1468 1558 1530 1586 apto
1554 1553 1652 1578 ordine
1673 1552 1838 1588 distributas

225 1585 253 1616 iet
267 1590 458 1616 snbordinatas
471 1597 485 1614 a
502 1589 556 1615 Deo
574 1585 618 1615 vel
639 1589 688 1615 sub
705 1588 769 1614 Deo.
797 1588 887 1614 Prima
904 1585 1165 1622 itaqne'liierarchia
1184 1592 1225 1615 est
1240 1592 1359 1622 potestas
1374 1585 1539 1619 Divinitatis,
1551 1594 1612 1620 quae
1626 1587 1726 1614 dicitur
1736 1585 1837 1621 ταεαρ-

224 1625 286 1659 χίας
313 1624 430 1651 secunda
446 1628 473 1650 et
500 1624 588 1650 media
609 1628 649 1650 est
681 1623 813 1657 angelica,
828 1627 856 1649 et
869 1623 970 1650 dicitur
985 1623 1176 1658 διακόσμησις,
1192 1623 1222 1659 id
1235 1628 1288 1656 est,
1306 1623 1456 1655 adoruuiio,
1476 1622 1730 1659 adsimilitudineni
1744 1623 1838 1656 prima:

243 1660 365 1686 otestatis
388 1659 471 1692 facta,
489 1662 516 1685 et
529 1658 580 1685 sub
602 1659 688 1693 prima
704 1663 840 1693 potestate
854 1659 999 1685 constituta
1014 1666 1021 1691 ;
1044 1657 1122 1685 tertia
1137 1663 1165 1685 et
1177 1658 1270 1684 ultima
1286 1663 1328 1686 est
1342 1659 1471 1690 humana,
1486 1658 1519 1684 ad
1540 1657 1744 1693 similitudinem
1756 1664 1838 1691 ange-

243 1669 365 1686 otestaus
388 1669 471 1692 “ulla,
489 1669 516 1685 ει
529 1669 580 1685 διιυ
602 1669 688 1693 prima
704 1669 840 1693 μυιεδιδιυ
854 1669 999 1685 υυιιδιιιυιίί
1014 1669 1021 1691 ς
1044 1669 1122 1685 ICI'lIa
1137 1669 1165 1685 υι
1177 1669 1270 1684 υιιιιιηι
1286 1669 1328 1686 est.
1342 1669 1471 1690 Humana,
1486 1669 1519 1684 au
1540 1669 1744 1684 ειιιιιιιιυυιιιυιιι
1756 1669 1836 1691 ausc-

225 1669 285 1722 tcm
302 1694 386 1726 facta,
400 1699 426 1721 et
448 1693 499 1720 sub
514 1701 546 1720 ea
560 1694 720 1725 constituta,
736 1698 762 1721 et
774 1701 822 1727 per
837 1700 897 1720 eam
921 1694 969 1720 sub
983 1694 1069 1727 prima
1098 1697 1126 1719 ct
1151 1700 1290 1727 suprema.
1326 1693 1407 1720 Hisce
1439 1692 1601 1719 liierarchiis
1626 1697 1696 1719 totus
1720 1695 1836 1718 mundus

225 1731 401 1764 gubernatur.
418 1729 506 1755 Prima
516 1729 602 1763 igitur
612 1729 759 1755 secundani
771 1733 798 1755 et
812 1728 918 1764 tertiam
932 1728 1112 1755 hierarchiam
1128 1733 1188 1762 post
1201 1735 1230 1755 se
1250 1728 1392 1756 constituit
1403 1728 1436 1764 Vin
1451 1727 1553 1764 angelis
1575 1732 1608 1764 et
1619 1727 1791 1764 hominibus,
1807 1731 1837 1753 ut

225 1762 248 1791 ei
263 1764 415 1791 conformes
427 1768 518 1791 essent
529 1762 734 1798 participatione
747 1763 864 1796 virtutis,
877 1768 903 1790 et
913 1763 1114 1796 cooperatrices
1129 1764 1266 1790 consortio
1282 1763 1424 1798 potestatis
1440 1773 1446 1790 :
1461 1768 1489 1790 et
1503 1762 1595 1791 divisit
1608 1763 1678 1790 dona
1693 1762 1834 1793 virtutum,

225 1803 252 1826 et
270 1800 418 1826 secundum
443 1797 591 1825 divisitiues
614 1800 756 1829 donorum.
770 1798 908 1826 distribuit
936 1798 1021 1825 cilicia
1037 1803 1202 1833 potestatum
1216 1803 1264 1830 ;et
1283 1797 1361 1826 dedit
1378 1800 1447 1825 dona
1473 1797 1599 1831 plurima,
1615 1803 1643 1825 et
1671 1800 1770 1833 multas
1785 1804 1832 1831 po-

226 1840 338 1861 testates
377 1834 536 1864 constituit,
564 1838 591 1861 et
623 1834 715 1861 omnia
742 1834 810 1860 dona
847 1836 879 1861 de
907 1841 971 1867 uno,
997 1831 1145 1860 et‘Omnia
1175 1833 1207 1859 ad
1230 1841 1322 1865 unum,
1337 1838 1364 1860 et
1390 1833 1416 1860 in
1442 1841 1496 1859 uno
1518 1834 1595 1866 juxta
1615 1831 1835 1859 illndzbiviu‘o-

227 1878 271 1896 nes
295 1869 440 1904 gratiarum
459 1873 535 1899 sunt.
555 1869 623 1895 idem
653 1873 740 1895 autent
762 1869 904 1904 Spiritus:
934 1874 958 1896 et
979 1868 1119 1896 divisiones
1139 1868 1363 1895 ministrationum
1382 1874 1460 1901 sunt,
1490 1868 1556 1895 idem
1576 1873 1662 1896 autem
1682 1867 1809 1894 Dominus
1824 1873 1834 1892 .'

225 1911 248 1931 σι
268 1905 407 1931 divisiones
423 1904 690 1939 operationumsunt,
705 1904 775 1930 idem
795 1911 853 1931 vero
873 1903 954 1936 Deus,
970 1904 1015 1939 qui
1034 1909 1159 1937 operatur
1183 1911 1271 1930 omnia
1285 1903 1313 1930 in
1339 1905 1458 1930 omnibus
1473 1904 1496 1930 ί.
1511 1904 1579 1932 Nam
1602 1912 1635 1930 ex
1659 1905 1726 1938 ipso,
1746 1907 1770 1929 et
1790 1910 1836 1936 per

225 1940 321 1974 ipsum,
348 1945 372 1965 et
391 1940 419 1965 in
433 1947 498 1972 ipso,
512 1943 539 1965 et.
554 1942 588 1965 ad
606 1938 693 1972 ipsum
710 1943 771 1965 sunt
783 1940 872 1966 omnia
885 1939 909 1965 Ιί.

264 1974 311 2001 Est
325 1973 471 2000 hierurc/u'a
485 1981 560 2000 sacer
571 1976 647 2005 ordo,
669 1979 721 2000 etc.
737 1974 839 2005 Qumrit
852 1979 962 2002 sanctus
986 1973 1106 2001 Thomas
1119 1973 1145 2000 in
1159 1981 1177 2000 ll
1195 1972 1272 2002 Sent.
1286 1993 1294 2006 ,
1307 1972 1372 2000 dist.
1386 1973 1412 2006 9,
1432 1981 1459 2001 a.
1477 1973 1505 2006 1,
1523 1979 1612 2001 utrum
1631 1974 1688 2001 haec
1702 1972 1835 2005 deﬁnitio,

226 2010 289 2036 data
313 2017 327 2035 a
345 2009 481 2043 Dionysio,
497 2009 532 2035 sit
546 2009 720 2035 conveniens.
748 2007 925 2043 Respoiidet:
941 2011 1007 2037 Cum
1032 2010 1185 2036 hierarchia
1208 2009 1344 2042 signiticet
1354 2016 1462 2036 sacrum
1479 2010 1623 2044 quemdam
1636 2009 1835 2043 principatum,

227 2045 253 2071 iu
268 2044 342 2071 omni
354 2048 446 2071 autem
460 2043 612 2079 principatu
626 2044 780 2078 requiratur
794 2045 896 2077 gradus
918 2045 1060 2079 potestatis
1071 2048 1099 2071 et
1113 2044 1185 2076 linis,
1207 2044 1234 2070 in
1259 2051 1338 2071 sacro
1358 2043 1510 2079 principatu
1535 2050 1661 2078 oportere
1682 2044 1835 2078 hujusmodi

227 2087 305 2106 sacra
318 2086 377 2106 esse
392 2083 420 2105 et
434 2080 536 2106 divina.
548 2079 659 2115 rEtrideo
672 2079 742 2106 sicut
761 2080 787 2106 in
803 2080 928 2115 saeculari
949 2080 1102 2115 principatu
1115 2080 1176 2106 linis
1187 2083 1241 2110 est,
1258 2084 1287 2105 ut
1300 2079 1439 2115 subjecta_
1450 2079 1593 2115 multitudo
1616 2080 1730 2114 pacitice
1745 2079 1837 2115 dispof

227 2119 307 2141 natur
320 2116 353 2140 ad
367 2115 466 2140 bouum
483 2123 497 2141 a
513 2114 635 2149 principe
649 2113 782 2141 intentum
797 2114 879 2167 asicut
899 2117 974 2149 patet
985 2115 1011 2141 in
1025 2113 1160 2146 exercitu,
1177 2114 1235 2149 qui,
1260 2116 1408 2140 secundum
1425 2113 1630 2148 Philosophum,
1644 2115 1787 2142 ordinatur
1801 2114 1835 2139 ad

227 2151 326 2167 lin-nim
338 2149 413 2167 diu-L-
442 2149 506 2167 uit-nl
524 2150 556 2167 cui
571 2148 693 2167 nni-nunt
707 2148 786 2167 “unus
814 2149 822 2167 \
838 2158 844 2164 ι
856 2150 891 2167 ἰιιι
908 2154 1010 2167 nmu-Inl
1024 2150 1048 2167 in
1058 2156 1137 2167 ραι-νη
1148 2148 1300 2167 uri-minutis
1309 2149 1386 2167 linnm
1398 2156 1456 2167 nec:
1466 2150 1686 2167 ucLilnil-Alinnnnl
1696 2150 1728 2167 ml
1741 2149 1823 2167 ΙΙμιιιιι

227 2151 326 2185 bonum
338 2149 425 2180 ducis,
442 2148 556 2176 sicnt’ad
571 2148 693 2175 ultimum
707 2148 786 2176 tinem
801 2148 822 2185 ι)
838 2158 844 2175 :
856 2150 892 2176 ita
901 2148 1012 2184 oportet
1023 2150 1048 2176 in
1058 2156 1137 2176 sacro
1148 2148 1300 2183 principatu
1308 2149 1386 2175 tinem
1398 2156 1456 2176 esse
1465 2150 1687 2177 assimilationem
1695 2150 1728 2176 ad
1739 2149 1833 2175 Deum.

224 2184 305 2210 'lluuc
318 2189 406 2210 autem
421 2184 500 2211 linem
515 2191 567 2210 non
584 2187 697 2217 possunt.
711 2185 798 2218 angeli
809 2184 952 2219 consequi,
970 2185 1020 2212 nisi
1032 2193 1079 2219 per
1091 2185 1244 2211 ordinatam
1256 2185 1406 2216 actionem,
1422 2185 1456 2211 ad
1471 2191 1552 2218 quam
1565 2186 1682 2218 exigitur
1709 2184 1834 2212 ordinata

228 2223 358 2253 potestas,
374 2224 401 2245 et
412 2219 525 2246 scientia
536 2219 670 2253 dirigens;
686 2226 713 2245 ei.
732 2219 792 2246 ideo
809 2220 834 2246 in
848 2221 1006 2247 detinitione
1030 2220 1190 2246 bierarchiie
1213 2220 1324 2253 ponitur
1348 2220 1425 2251 ordo,
1444 2219 1470 2246 in
1485 2226 1539 2254 quo
1557 2220 1722 2254 exprimitur
1733 2219 1835 2253 grados

228 2254 424 2288 potestatis;et
440 2254 559 2286 scientia,
573 2255 645 2281 sicut
658 2254 789 2289 dirigens,
805 2259 829 2281 et
843 2256 924 2288 actio,
946 2256 1018 2282 sicut
1043 2255 1076 2281 ad
1089 2255 1170 2281 tinem
1196 2255 1343 2285 inducens,
1366 2259 1390 2280 et
1416 2255 1462 2281 Dei
1490 2254 1647 2287 similitudo,
1673 2256 1744 2282 sicut
1774 2254 1836 2281 linis

230 2293 360 2315 intentus.
380 2288 545 2315 Cumauteui
562 2289 623 2316 linis
646 2289 682 2315 sit
695 2288 776 2316 causa
791 2297 945 2322 causarum,
961 2290 1022 2317 ideo
1038 2290 1159 2317 delinitio
1176 2297 1237 2324 qua:
1264 2290 1379 2316 sumitur
1392 2297 1425 2316 ex
1450 2289 1514 2322 iine,
1537 2290 1679 2316 I'orniatior
1703 2294 1745 2316 est
1765 2288 1837 2316 inter

228 2331 324 2350 omnes
336 2323 520 2356 deﬁnitiones,
533 2328 561 2350 et
574 2324 690 2351 medium
704 2325 895 2351 demonstrans
909 2333 975 2358 eas;
995 2328 1023 2351 et
1047 2325 1108 2352 ideo
1130 2325 1175 2351 illa
1185 2323 1344 2358 descriptio,
1370 2325 1518 2351 hierarcltia
1532 2329 1569 2351 est
1596 2326 1630 2351 ad
1643 2324 1728 2351 Deum
1746 2329 1836 2351 unitas

228 2363 254 2385 et
264 2359 421 2391 similitudo.
435 2363 476 2385 est
490 2359 566 2392 quasi
586 2359 720 2391 deﬁnitio,
730 2367 791 2394 quae
804 2365 846 2386 est
860 2361 977 2387 medium
992 2361 1236 2387 demonstrationis
1250 2368 1258 2386 ι
1273 2363 1332 2386 haec
1361 2365 1464 2394 autem,
1487 2360 1636 2387 hieran/uia
1656 2365 1694 2387 est
1714 2361 1790 2392 ordo,
1812 2366 1836 2386 et

232 2394 364 2426 scientia,
379 2399 403 2420 et
428 2394 511 2426 actio,
537 2395 559 2420 si
586 2394 654 2421 nihil
682 2395 799 2421 addatur
816 2415 824 2427 ,
847 2400 890 2422 est
913 2395 995 2429 quasi
1018 2396 1257 2422 demonstrationis
1279 2395 1427 2428 conclusio,
1449 2396 1512 2429 quia
1544 2395 1657 2423 includit
1682 2396 1836 2423 essentialta

230 2429 364 2465 principia
388 2429 555 2465 qliierarchia:
575 2437 581 2455 :
598 2430 669 2456 unde
696 2429 840 2464 Dionysius
866 2438 926 2457 eam
955 2438 989 2457 es
1016 2430 1144 2464 praedicta
1169 2431 1330 2458 concludit:
1348 2431 1395 2457 sed
1422 2430 1488 2464 illa,
1519 2438 1581 2465 qua:
1603 2432 1693 2465 posita
1723 2436 1767 2459 est
1792 2431 1838 2458 hic

230 2463 449 2525 ipirtio'capitis,
471 2465 592 2499 perfecta
614 2469 669 2497 est,
698 2463 770 2498 quia
793 2467 998 2500 comprehendit
1018 2463 1191 2500 utramque,
1226 2468 1297 2492 unde
1319 2471 1358 2492 est
1379 2466 1456 2500 quasi
1481 2463 1677 2494 demonstratio
1703 2466 1838 2502 positione

230 2507 256 2525 tl
278 2506 368 2525 erens.

229 2506 368 2526 uiuerens.

265 2533 317 2569 31
327 2534 478 2573 Notandum
490 2539 590 2567 autem,
599 2535 671 2573 quod
681 2536 745 2561 ordo
759 2535 899 2570 dupliciter
909 2535 977 2563 sumi
993 2536 1089 2571 possit,
1101 2536 1235 2570 videlicet,
1248 2536 1290 2573 vel
1303 2536 1528 2570 secundumquod
1539 2537 1661 2566 nominat
1676 2545 1757 2565 unum
1774 2546 1838 2573 gra-

230 2570 293 2607 dum
307 2575 421 2607 tantum,
437 2571 601 2607 sicutrv.‘g.,
615 2571 661 2607 qui
675 2575 737 2597 sunt
752 2578 830 2598 unius
842 2572 952 2606 gradus,
967 2570 1094 2599 dicuntur
1107 2573 1186 2600 unius
1198 2572 1322 2604 ordinis;
1335 2579 1363 2599 et
1376 2573 1416 2598 sic
1434 2575 1503 2599 ordo
1518 2578 1560 2600 est
1572 2580 1637 2607 pars
1652 2570 1812 2600 hierai'cbiae
1829 2583 1836 2601 :

230 2605 272 2644 vel
286 2606 431 2644 secundum
448 2605 599 2644 quoddicit
620 2606 780 2644 relationem
797 2605 858 2641 qua:
871 2612 914 2644 est
935 2607 1005 2644 inter
1022 2607 1268 2644 diversosgradus,
1285 2611 1314 2644 ut
1335 2608 1406 2644 idem
1423 2608 1544 2642 sitquod
1569 2605 1626 2642 ipsa
1641 2609 1779 2636 ordinatio
1790 2617 1797 2641 ;
1809 2615 1840 2636 et

230 2641 270 2680 sic
281 2641 397 2667 sumitur
409 2641 486 2680 quasi
501 2641 642 2680 abstracta
654 2649 661 2668 :
673 2645 759 2680 atque
774 2643 825 2680 hoc
842 2642 921 2669 modo
940 2643 1050 2680 ponitur
1065 2643 1096 2680 in
1106 2642 1264 2670 deﬁnitione
1288 2642 1464 2676 hierarcliiae;
1478 2641 1567 2680 primo
1579 2641 1674 2672 autem
1694 2644 1775 2671 modo
1792 2651 1839 2671 su-

230 2676 314 2702 mitur
328 2676 492 2708 concretive,
509 2680 538 2702 ut
548 2677 585 2702 sit
594 2676 661 2704 ordo
673 2676 742 2704 idem
754 2678 826 2712 quod
840 2685 910 2705 unus
923 2676 1024 2713 gradus
1039 2679 1193 2706 ordinatus.

268 2760 276 2773 ι
294 2752 377 2781 lCor.
405 2761 453 2786 xu,
469 2753 496 2780 6.
536 2754 548 2774 ιι
563 2753 641 2783 Rom.
656 2763 682 2782 ιι
713 2756 748 2784 36
799 2756 851 2785 lli
867 2759 1011 2794 Metnpliys.
1032 2761 1100 2785 test.
1114 2758 1156 2787 ΞΛ

864 2836 980 2864 VARI/{'1
999 2837 1198 2866 LECTIOAES.

284 2889 307 2904 "
324 2889 355 2916 ι).
371 2889 575 2926 τελειουμένοις.
632 2892 653 2908 ⁷³
673 2891 710 2919 Μ.
734 2892 808 2919 ὕντα.
