1933 3075
215 161 261 188 ’τί

776 158 805 186 S.
824 157 973 186 DlON-YSll
994 157 1226 186 AREOPAGITE

1783 161 1833 189 I72

213 220 274 246 chia
290 225 342 245 non
363 218 450 245 solum
472 218 598 249 scientia.
613 218 660 245 sed
684 223 711 245 et
730 218 855 253 operatio
878 217 997 252 appella-

1048 218 1094 244 καὶ
1109 218 1242 253 ἐνέργεια,
1256 218 1300 243 ἴνα
1321 217 1391 244 κατὰ
1406 218 1455 253 τὴν
1471 218 1570 254 ἑαυτῆς
1594 218 1649 250 ἕξιν
1666 219 1835 256 ὲνεργήσειεν

215 270 268 296 tur,
294 268 324 291 ut
345 264 494 292 secundum
521 264 640 291 habitum
661 271 740 291 suum
756 268 882 298 operetur
894 264 919 290 in
935 263 996 290 aliis

213 309 450 337 illuminationem.
475 310 648 345 Quapropter
669 310 751 337 etiam
773 310 807 337 ad
830 309 997 336 deiformita-

213 361 268 384 lem
284 356 424 384 refertur:
447 364 509 383 nam
525 357 674 384 secundum
693 356 793 383 inditas
815 356 865 383 sibi
881 356 996 383 illustra-

212 402 315 433 tiones,
331 409 380 436 pro
388 405 467 436 captu
483 408 532 428 suo
543 401 575 428 ad
589 402 635 429 Dei
650 402 827 429 imitationem
840 402 995 434 adducitur,

214 448 278 476 dum
295 453 442 476 extraneos
456 448 555 475 divina:
568 448 636 476 lucis
653 448 799 484 participes
814 449 910 475 reddit.
923 448 996 482 Quo-

214 494 372 529 niamtergo
386 494 540 521 hierarchia
557 495 699 529 quamdam
715 494 761 521 Dei
776 494 889 522 fortnam
905 494 996 529 expri-

213 540 273 573 mit,
288 541 422 575 quomodo
444 540 470 568 id
493 541 540 567 liat
554 541 660 576 pandit.
676 541 721 568 llla
743 549 803 575 qua}
824 540 906 568 Deum
920 541 997 568 decet

213 586 388 620 pulchritudo
404 593 437 613 ac
453 591 591 619 venustas,
609 586 643 613 ab
659 586 734 614 omni
757 592 863 616 terrena
879 586 997 614 dissimi-

213 631 327 659 litudine
338 636 442 659 rcmota
457 636 517 664 est;
533 631 633 659 nullam
645 632 718 659 enim
734 637 794 660 cum
807 632 888 660 rebus
899 633 997 667 genitis

214 678 451 712 participationem
468 678 571 705 habet:
585 682 640 705 tum
664 678 791 712 quoniam
811 677 924 712 simplex
944 682 995 710 est,

213 723 271 750 haec
288 730 354 750 vero
370 723 461 751 omnia
475 723 626 758 composita
640 731 673 751 ex
688 723 841 754 elementisI
859 723 900 751 vel
913 728 997 750 mate-

212 770 253 797 ria
266 775 293 797 et
307 770 394 805 ﬁgura
410 774 553 802 constant;
575 775 631 796 tum
645 770 708 804 quia
728 769 799 796 bona
817 774 869 802 est,
885 770 938 797 imo
956 770 997 804 ip-

213 822 273 842 sum
300 816 420 843 bonum:
440 815 539 843 bonum
565 821 655 843 autem
679 816 770 843 omnia
794 821 935 850 appetunt,
950 817 997 844 sed

213 861 313 888 bonum
333 868 385 888 non
412 860 514 895 appetit
528 860 599 888 aliud
621 868 635 887 a
660 868 709 888 se:
730 859 835 887 Numen
854 861 943 895 itaque
956 861 997 888 di-

1048 263 1091 289 ἐπ*
1108 262 1197 294 ἄλλοις
1209 263 1254 289 τὸν
1266 263 1415 297 φωτισμόν.
1427 263 1477 289 Διὰ
1487 263 1566 290 τοῦτο
1577 265 1623 291 καὶ
1635 265 1702 300 πρὸς
1713 265 1743 291 τὸ
1755 266 1836 293 θεοει-

1047 309 1091 341 δές
1103 309 1289 344 ἁφωμοίωταιο
1303 309 1373 336 κατὰ
1388 309 1442 345 γὰρ
1450 309 1498 341 τὰς
1510 309 1677 345 ἐνδιδομένας
1691 311 1835 347 ἐλλάμψεις

1047 354 1185 389 ἀναλόγως
1200 355 1240 386 είς
1257 354 1437 390 θεομιμησίαν
1454 355 1592 390 ἀνάγεται,
1609 357 1638 382 ἐν
1661 357 1699 392 τῷ
1715 357 1835 393 ἐνεργεῖν

1047 399 1091 425 τὸν
1111 400 1248 435 φωτισμὸν
1259 401 1315 431 τοῖς
1331 400 1440 433 ἔξωθεν.
1460 401 1535 427 Ἐπεὶ
1548 402 1565 437 ἡ
1585 402 1709 437 ἱεραρχία
1725 402 1792 438 πρὸς
1806 403 1835 429 τὸ

1048 444 1161 476 θεοειδὲς
1183 445 1371 481 ἀφωμοίωται,
1392 446 1458 482 φησι
1480 445 1538 478 πῶς
1563 446 1642 473 τοῦτο
1663 447 1777 482 γίνεται.
1801 447 1835 474 Τὸ

1047 490 1111 525 γοῦν
1128 491 1276 527 θεοπρεπὲς
1297 491 1344 518 καὶ
1360 491 1418 527 Θεῷ
1435 492 1538 527 πρέπον
1555 493 1652 525 κάλλος
1671 493 1761 529 πάσης
1773 495 1835 528 ἀφί-

1048 548 1142 566 σταται
1153 539 1249 575 γητνης
1267 539 1468 575 ἀνομοιότητος·
1481 541 1511 567 οὐ
1531 542 1639 577 μετέχει
1653 542 1707 578 γὰρ
1726 543 1792 578 πρὸς
1802 543 1835 570 τὰ

1046 586 1076 612 ἐν
1085 585 1199 619 γενέσει·
1213 585 1253 612 ὅτι
1264 586 1352 612 ἐκεῖνο
1375 586 1424 621 μέν
1446 586 1558 619 ἁπλοῦν,
1580 587 1666 614 ταῦτα
1685 588 1713 615 δὲ
1731 588 1834 615 ἅπαντα

1048 630 1161 658 σύνθετα
1177 632 1209 657 ἐκ
1222 632 1370 667 στοιχείων,
1388 631 1404 667 ἢ
1422 632 1451 665 ἐξ
1470 632 1544 668 ὕλης,
1563 634 1610 659 καὶ
1629 634 1715 666 εἴδους
1727 635 1834 669 συγκεί-

1049 686 1131 713 μενα,
1148 677 1194 704 καὶ
1206 678 1245 704 ὅτι
1264 678 1351 704 ἐκεῖνο
1364 678 1412 712 μὲν
1423 677 1534 712 ἀγαθὸν,
1554 680 1600 706 καὶ
1613 680 1775 714 αὑτάγαθον·
1788 680 1834 707 τοῦ

1047 722 1075 749 δὲ
1087 721 1188 757 ἀγαθοῦ
1204 722 1282 750 πάντ’
1304 723 1421 758 ἐφίεται,
1436 723 1482 749 καὶ
1494 724 1525 750 οὐ
1542 723 1622 750 τοῦτο
1638 725 1741 760 ἐτέρου·
1760 725 1835 752 ἀνελ-

1046 768 1124 800 λιπὲς
1142 768 1206 803 γοῦν
1227 768 1258 795 τὸ
1279 768 1366 801 Θεῖον,
1383 768 1417 795 τὰ
1428 769 1456 795 δὲ
1471 769 1605 804 κτίσματα
1622 770 1700 796 ἐνδεᾶ
1713 778 1719 785 ·
1738 771 1784 797 καὶ
1795 771 1834 797 ὅτι

1047 815 1134 841 ἐκεῖνο
1149 814 1349 850 τελεταρχικὸν,
1373 815 1454 841 οἱονεὶ
1476 815 1589 851 ἐξάρχου
1609 816 1700 851 πάσης
1715 817 1832 852 τελετῆς·

1047 859 1141 894 τελετὴ
1157 858 1185 885 δέ
1206 860 1264 886 ἐστι
1284 859 1338 886 πᾶν
1363 859 1520 895 μυστήριον,
1539 860 1576 891 ὼς
1602 860 1770 889 τελειωτικὸν
1786 861 1835 897 τῆς

212 907 303 934 vinum
319 907 476 934 indeficiens
501 912 552 938 est.
575 908 622 935 sed
647 912 777 935 creaturae
805 912 867 934 sunt
883 914 993 942 egente;

1048 905 1146 941 ψυχῆς·
1159 904 1245 931 ταῦτα
1261 905 1288 931 δὲ
1306 904 1343 941 μὴ
1362 905 1440 940 μόνον
1456 905 1506 932 οὐκ
1526 905 1670 942 ἐξάρχουσι
1685 907 1734 942 τῆς
1745 907 1836 934 τοιαύ-

214 956 270 978 Ium
305 952 398 984 etiam,
421 952 484 987 quia
506 952 678 987 pulchritudo
694 952 739 979 illa
766 952 929 987 principium
954 955 996 979 est

213 998 398 1033 perfectionis,
416 998 515 1032 quippe
538 997 646 1025 auctrix
667 1003 694 1025 et
722 998 798 1034 origo
813 998 891 1033 ejus:
915 1006 996 1026 omne

213 1049 304 1072 autem
321 1044 479 1080 mysterium
505 1044 636 1078 perfectio
659 1049 712 1076 est,
733 1044 759 1071 in
782 1049 910 1079 quantum
939 1045 997 1072 ani-

211 1097 284 1117 mam
308 1089 432 1125 perlicit;
451 1094 478 1116 at
501 1093 634 1117 creaturae
658 1097 710 1116 non
736 1094 841 1116 tantum
863 1097 915 1117 n0n
931 1091 997 1117 dant

211 1135 320 1162 initium
342 1134 405 1162 talis
420 1134 605 1170 perfectionis,
623 1134 670 1161 sed
698 1134 750 1161 illa:
770 1135 834 1169 ipsa;
853 1140 916 1162 sunt
937 1142 996 1170 quae

211 1181 400 1216 perficiuntur.
415 1180 521 1208 idcirco
534 1180 624 1207 divina
642 1180 813 1215 pulchritudo
824 1188 994 1215 nequaquam

211 1226 245 1253 iis
259 1231 301 1254 est
315 1226 460 1260 permista;
479 1224 607 1259 quoniam
630 1229 672 1251 est
688 1225 801 1258 ipsamet
814 1224 994 1256 uniformitas,

212 1275 239 1297 et
253 1270 404 1304 aequalitas,
421 1274 448 1296 et
472 1269 613 1300 identitas,
629 1268 750 1303 quinimo
770 1275 820 1295 una
837 1273 877 1295 est
895 1272 922 1295 et
938 1268 997 1294 ιιιιί-

212 1317 274 1348 lica,
291 1320 386 1351 utpote
408 1315 522 1350 simplex
543 1319 573 1342 et
596 1313 763 1348 impermista
790 1318 871 1347 atque
892 1313 996 1340 incom-

211 1363 299 1398 posita
315 1381 321 1388 .
341 1362 412 1397 quod
426 1368 489 1388 vero
512 1359 638 1388 diiforme
658 1364 700 1387 est
713 1364 741 1387 et
760 1359 903 1393 inaequale,
916 1363 996 1393 atque

213 1407 340 1440 alterum,
356 1412 383 1435 et
398 1414 522 1441 parvum,
538 1410 565 1433 et
576 1405 716 1438 mulabile,
732 1405 756 1432 id
770 1405 853 1432 etiam
868 1403 996 1431 materia-

213 1460 270 1483 tum
289 1459 340 1482 est.
362 1454 440 1488 Quod
465 1454 556 1488 itaque
574 1461 656 1480 unum
678 1457 730 1485 est,
745 1451 940 1487 impermistum
955 1455 996 1478 est

212 1502 396 1533 multitudini;
424 1507 476 1537 non
495 1504 584 1527 tamen
599 1499 646 1532 ita,
665 1503 696 1526 ut
720 1506 773 1526 non
792 1506 839 1533 pro
865 1498 995 1532 dignitate

213 1548 310 1583 cuique
320 1547 410 1575 lumen
423 1554 502 1574 suum
509 1545 705 1578 communicet;
719 1545 821 1573 idcirco
830 1544 903 1572 enim
913 1544 993 1572 etiam
1009 1567 1030 1596 ο

213 1596 313 1624 dicitur
326 1596 397 1623 Deus
411 1595 641 1630 appropinquans,
656 1598 685 1620 ut
697 1593 743 1629 qui
760 1598 856 1620 natura
870 1601 916 1621 sua
932 1601 997 1627 pro-

212 1641 254 1669 cul
269 1641 338 1675 absit
353 1649 367 1667 a
390 1641 478 1668 nobis.
493 1640 563 1674 Quin
577 1645 604 1668 et
617 1640 643 1667 in
657 1640 824 1667 divinissimo
836 1647 896 1667 cum
911 1640 997 1674 bapti-

212 1688 307 1715 smatis
318 1687 371 1723 33
384 1692 439 1714 tum
455 1686 602 1715 sacerdotii
618 1690 789 1714 sacramento
804 1686 997 1721 perfectionem

214 1733 320 1766 tribuitI
334 1734 386 1768 qua
403 1741 496 1761 eorum
510 1733 555 1768 qui
569 1733 712 1760 initiantur
723 1732 824 1765 anima,
840 1731 997 1760 immanenti

213 1777 357 1811 stabilique
374 1777 519 1805 sanctitate
547 1777 711 1804 informetur
729 1781 810 1811 atqtte
839 1782 996 1805 exornetur.

212 1821 242 1849 Si
258 1823 331 1850 enim
348 1823 374 1850 id
394 1823 466 1858 quod
480 1821 594 1856 alicujus
613 1823 748 1858 particeps
763 1822 879 1856 exsistit,
892 1822 997 1851 dilferat
1028 1855 1031 1858 γ

212 1868 334 1896 varietve
357 1868 391 1896 ab
405 1876 438 1896 eo
452 1869 522 1904 quod
543 1869 698 1904 participat,
722 1876 859 1904 nunquam
875 1868 914 1896 illi
928 1877 995 1897 con-

1046 960 1096 987 της
1111 951 1230 987 τελετῆς,
1248 951 1315 978 ἀλλὰ
1331 951 1378 978 καὶ
1392 951 1542 987 τελούμενα
1563 953 1626 978 εἱσι.
1644 952 1695 978 Διὰ
1709 952 1788 979 τοῦτο
1805 953 1835 979 τὸ

1047 997 1117 1024 θεῖον
1133 997 1229 1029 κάλλος
1245 997 1303 1024 ἐστὶ
1327 997 1376 1032 μὲν
1392 997 1489 1032 ἀμιγὲς
1509 997 1578 1033 πρὸς
1599 997 1693 1024 ταῦτα·
1711 998 1836 1034 ὁμοιότης

1046 1043 1100 1080 γὰρ
1117 1044 1163 1070 καὶ
1178 1043 1268 1078 ἰσότης
1279 1043 1325 1070 καὶ
1336 1043 1478 1078 ταὺτότης,
1492 1042 1522 1069 τὸ
1534 1042 1564 1070 ἓν
1580 1043 1627 1070 καὶ
1644 1043 1774 1075 ἑνοποιὸν,
1788 1044 1834 1070 ἅτε

1045 1090 1147 1117 ἁπλοῦν
1163 1091 1210 1117 καὶ
1236 1090 1335 1126 ἀμιγὲς
1351 1090 1398 1117 καὶ
1422 1090 1576 1116 ἀσύνθετον.
1601 1090 1725 1125 ἀνόμοιον
1744 1090 1772 1116 δὲ
1789 1090 1836 1117 καὶ

1046 1137 1148 1168 ἄνισον,
1164 1136 1212 1163 καὶ
1228 1135 1364 1171 ἑτερότης,
1381 1135 1428 1161 καὶ
1449 1136 1555 1170 μικρὸν,
1573 1136 1620 1162 καὶ
1641 1136 1670 1161 ὲν
1688 1135 1833 1170 μεταϐολῇ,

1045 1182 1076 1209 τὸ
1093 1181 1234 1218 πρόσυλον.
1253 1182 1289 1208 Τὸ
1306 1180 1370 1215 γοῦν
1383 1180 1411 1207 ἒν
1429 1181 1527 1216 ἀμιγές
1558 1181 1616 1208 ἐστι
1633 1181 1700 1216 πρὸς
1715 1181 1749 1207 τὰ
1766 1181 1834 1216 πλή-

1047 1227 1092 1262 θη,
1109 1227 1139 1254 οὐ
1154 1226 1206 1262 μὴν
1228 1226 1256 1253 δέ
1279 1226 1376 1257 οὕτως,
1393 1225 1431 1257 ὠς
1449 1225 1486 1262 μὴ
1502 1226 1536 1253 δι’
1553 1225 1709 1261 ἀγαθότητα
1726 1226 1835 1261 μεταδο-

1045 1273 1120 1300 τικὸν
1147 1271 1217 1299 εἶναι
1233 1272 1292 1298 κατ’
1321 1272 1399 1305 ἀξίαν
1422 1273 1529 1308 ἑκάστῳ
1552 1272 1598 1299 τοῦ
1618 1273 1719 1299 οίκείου
1736 1272 1833 1306 φωτός·

1045 1319 1090 1346 διὰ
1105 1319 1183 1346 τοῦτο
1199 1319 1252 1354 γὰρ
1267 1319 1375 1354 λέγεται
1392 1319 1439 1346 καὶ
1455 1319 1521 1350 Θεὸς
1537 1318 1652 1353 ἐγγίζων
1669 1319 1682 1344 ό
1698 1318 1767 1345 κατὰ
1783 1317 1834 1352 φύ-

1047 1374 1088 1392 σιν
1104 1365 1271 1401 πορῤωτάτω
1287 1365 1365 1401 ἡμῶν
1382 1365 1429 1392 ὥν.
1449 1366 1508 1391 Ἔτι
1521 1366 1549 1392 δὲ
1566 1366 1612 1392 καὶ
1624 1364 1794 1392 τελειωτικὺν
1805 1365 1835 1391 ἐν

1045 1411 1138 1447 τελετῇ
1156 1411 1278 1447 θειοτάτῃ
1298 1412 1331 1446 τῇ
1353 1410 1400 1438 τοῦ
1423 1410 1618 1446 βαπτίσματος,
1633 1411 1667 1446 τῇ
1691 1410 1740 1445 τῆς
1758 1411 1835 1445 ἱερω-

1047 1457 1138 1492 σύνης,
1147 1457 1216 1484 κατὰ
1231 1457 1280 1492 τὴν
1294 1457 1431 1492 μόρφωσιν
1437 1456 1491 1483 τῶν
1502 1456 1679 1492 τελουμένων,
1697 1455 1742 1482 καὶ
1754 1456 1836 1491 ἁρμο-

1046 1503 1096 1539 γὴν
1111 1504 1161 1539 τῆς
1187 1503 1276 1538 ψυχῆς
1300 1502 1390 1529 αὐτῶν
1412 1503 1459 1529 ἀπ’
1477 1502 1594 1538 ἐμμόνου
1621 1502 1669 1528 καὶ
1695 1501 1835 1536 διηνεκοῦς

1047 1549 1198 1584 ἁγιότητος.
1211 1550 1244 1575 Εἰ
1261 1549 1314 1585 γὰρ
1328 1549 1510 1585 παραλλάττει
1523 1548 1553 1575 τὸ
1567 1548 1678 1583 μετέχον
1693 1546 1740 1574 τοῦ
1758 1555 1836 1582 μετε-

1047 1594 1172 1630 χομένου,
1185 1594 1235 1620 οὐκ
1252 1594 1286 1620 ἂν
1303 1594 1430 1629 ἁρμόσειε
1443 1593 1561 1620 πώποτε.
1581 1592 1661 1620 Ὅθεν
1674 1591 1835 1625 ἀποξεστέον

1047 1641 1105 1666 ἐστὶ
1121 1640 1170 1672 τὰς
1187 1639 1344 1675 σωματικὰς
1357 1640 1560 1672 ἐπαναστάσεις,
1574 1640 1620 1666 καὶ
1635 1639 1682 1670 τὰς
1701 1639 1750 1674 τῆς
1765 1637 1835 1672 γνώ-

1049 1695 1103 1722 μης
1118 1685 1283 1721 ἀνωμαλίας,
1297 1686 1342 1712 καὶ
1358 1687 1397 1718 εἰς
1415 1687 1478 1722 μίαν
1495 1685 1673 1712 καταστατέον
1685 1684 1834 1720 ἁπλότητα,

1048 1733 1135 1759 είτουν
1154 1732 1273 1767 ἰσότητα,
1293 1732 1332 1767 τῷ
1354 1732 1475 1767 μέλλοντι
1486 1731 1768 1767 προσκαλεῖσθαιΘεῷ.
1781 1732 1836 1758 Καὶ

1049 1779 1128 1807 τοῦτό
1139 1780 1211 1805 ἐστιν
1224 1779 1261 1810 ὡς
1272 1778 1382 1813 ἐφικτὸν
1397 1779 1445 1814 τῆς
1462 1778 1602 1814 ίεραρχίας
1614 1778 1644 1804 τὸ
1660 1777 1834 1813 θεομίμητον,

1050 1825 1090 1852 ὅτι
1107 1825 1154 1852 καὶ
1179 1824 1246 1859 αὕτη
1265 1824 1422 1859 μεταδίδωσι
1438 1824 1485 1850 τοῦ
1505 1824 1604 1851 οἰκείου
1627 1822 1767 1859 φωτισμοῦ
1780 1824 1836 1854 τοῖς

1051 1869 1196 1900 θιασώταις
1209 1869 1302 1904 αὐτῆς.

213 1914 347 1942 cordabit.
362 1914 534 1950 Quapropter
567 1915 740 1948 insurgentes
767 1922 860 1942 omnes
886 1919 974 1942 motus
997 1916 1119 1950 corporis
1139 1915 1278 1950 animique
1298 1915 1494 1949 inaequalitates
1513 1915 1682 1945 abradendae.
1702 1919 1783 1948 atque
1809 1913 1836 1940 in

214 1961 294 1988 unica
306 1960 492 1996 simplicitate,
527 1966 573 1988 seu
601 1960 756 1995 aqualitate
779 1960 861 1988 animi
891 1961 1091 1995 persistendum
1106 1967 1149 1988 est
1161 1962 1185 1988 ei
1208 1961 1254 1996 qui
1271 1961 1303 1988 ad
1319 1960 1367 1988 Dei
1382 1961 1547 1988 consortium
1575 1965 1617 1988 est
1643 1960 1835 1987 admittendus.

215 2006 305 2041 Atque
318 2006 376 2034 hate
391 2011 432 2034 est
444 2006 489 2033 illa
515 2006 561 2033 Dei
578 2005 693 2033 imitatio
711 2006 744 2033 ad
758 2013 838 2040 quam
854 2006 1006 2034 hierarrhia
1020 2014 1070 2042 pro
1093 2008 1196 2035 viribus
1217 2007 1323 2038 nititur,
1346 2006 1474 2041 quoniam
1500 2011 1526 2033 et
1552 2007 1608 2040 ipsa
1633 2006 1676 2034 sui
1698 2006 1837 2033 studiosos

216 2053 284 2081 lucis
295 2061 349 2080 sua:
368 2054 514 2088 participes
529 2052 628 2081 reddit.

250 2132 265 2167 ᾗ
286 2130 317 2158 ll.
337 2129 404 2159 Hinc
418 2131 578 2158 hierarcbiaz
592 2131 885 2168 utilitatemiinemque
896 2139 996 2169 cogno-

1086 2132 1100 2168 ᾗ
1116 2131 1146 2159 ll.
1174 2131 1312 2158 Ἐντεῦθεν
1325 2130 1374 2166 τὴν
1393 2132 1442 2167 τῆς
1457 2131 1595 2167 ίεραρχίας
1607 2131 1750 2167 γνωρίζεις
1762 2131 1838 2165 ὠφέ-

216 2184 276 2204 sces
304 2176 527 2204 assumilationem
552 2183 614 2204 esse
641 2177 823 2212 unionemque
843 2185 904 2205 cum
932 2179 996 2211 Deo,

1049 2179 1124 2206 λειαν
1137 2178 1184 2205 καὶ
1198 2178 1244 2205 τὸν
1258 2177 1368 2208 σκοπὸν,
1379 2177 1420 2203 ὅτι
1432 2177 1598 2212 ἀφομοίωσίς
1611 2178 1668 2203 ἐστι
1680 2176 1727 2203 καὶ
1740 2176 1838 2208 ἔνωσις

214 2231 296 2258 quem
319 2228 347 2250 et
370 2223 488 2251 scientia:
507 2228 536 2251 et
556 2222 704 2250 functionis
717 2231 772 2251 sua:
791 2225 885 2252 ducem
901 2224 999 2257 habet;

216 2277 246 2298 ut
261 2270 388 2297 nimirum
405 2270 541 2305 particeps
557 2270 602 2296 ﬁat
617 2269 854 2303 illuminationum,
867 2271 929 2298 dum
940 2278 1001 2298 sco-

216 2324 266 2352 pus
291 2315 350 2350 ejus
375 2316 409 2342 ad
435 2315 632 2343 divinissimum
652 2315 787 2347 decorem.
812 2320 938 2349 tanquam
967 2315 1001 2343 ad

216 2363 406 2398 primigenium
418 2361 566 2396 exemplar,
579 2365 692 2395 spectat.
710 2366 737 2388 et
749 2361 897 2388 secundum
913 2361 1000 2395 ipsum

217 2408 423 2435 similitudinum
439 2407 591 2434 divinarum
604 2407 749 2434 simulacra
761 2406 870 2441 format,
883 2414 933 2434 nec
947 2415 999 2434 non

217 2454 323 2481 divinas
348 2453 478 2489 exprimit
498 2453 640 2488 imagines,
661 2453 737 2488 juxta
756 2453 820 2480 illud
837 2461 844 2480 :
861 2451 917 2488 Ego
934 2453 999 2483 dixi,

216 2499 255 2525 dii
269 2500 341 2531 estis,
357 2503 380 2525 et
400 2498 448 2532 ﬁlii
467 2497 570 2524 Επειιὶ
584 2506 672 2525 omnes
684 2504 715 2524 ιιι.
726 2499 813 2533 Atque
829 2498 999 2525 immaculata

217 2546 326 2580 specula
344 2545 428 2572 reddit
441 2552 497 2575 eos.
509 2545 555 2578 qui
570 2544 603 2571 ad
616 2544 707 2571 divina
728 2548 939 2571 convertuntur:
950 2543 999 2570 hos

217 2595 306 2618 autem
312 2589 456 2621 θιασάηας,
466 2590 492 2617 id
498 2595 539 2616 est
547 2590 649 2616 sodales
655 2594 742 2622 vocat;
750 2589 841 2620 θίασος
849 2589 919 2616 enim
928 2589 998 2616 idem

216 2635 288 2671 quod
297 2636 402 2662 chorus.
413 2635 517 2662 Idcirco
525 2634 607 2662 etiam
623 2635 701 2668 dixit,
709 2642 770 2662 eam
783 2635 867 2662 Deum
877 2634 999 2662 scientia:

217 2690 250 2709 ac
261 2681 410 2709 {unctionis
425 2689 479 2708 suae
495 2682 590 2709 ducem
603 2681 726 2709 obtinere
736 2690 743 2708 :
755 2681 882 2716 quoniam
895 2681 929 2708 ab
940 2681 1000 2716 ipso

218 2733 303 2755 totum
315 2733 367 2759 est,
381 2733 408 2753 et
423 2735 475 2754 non
489 2734 522 2754 ex
539 2727 638 2754 nostris
654 2727 768 2755 meritis.
786 2727 890 2754 Etenim
908 2727 959 2754 hoc
973 2727 999 2753 in

217 2774 318 2802 IIOsu'is
330 2775 433 2800 artibus
447 2781 479 2800 ac
491 2774 613 2802 scientiis
627 2782 794 2810 nequaquam
808 2775 895 2802 locum
906 2774 997 2802 habet:

254 2869 274 2884 ι-
289 2863 359 2892 Psal.
379 2872 472 2898 μιν,
489 2865 514 2893 6.

1052 2225 1120 2261 πρὸς
1137 2225 1214 2256 Θεὸν,
1225 2224 1305 2251 αὑτὸν
1319 2223 1416 2259 ἔχουσα
1430 2223 1604 2258 καθηγεμόνα
1622 2223 1670 2258 τῆς
1682 2223 1839 2257 ἐπιστήμης

1052 2271 1099 2297 καὶ
1111 2271 1160 2306 τῆς
1173 2270 1312 2306 ἐνεργείας
1320 2277 1326 2284 ·
1343 2269 1386 2295 ἵνα
1400 2268 1550 2304 μεταδιδοίη
1561 2268 1681 2303 δηλονότι
1690 2268 1743 2294 τῶν
1755 2276 1839 2302 φωτι-

1053 2316 1139 2352 σμῶν,
1156 2316 1226 2352 ὁρῶν
1236 2315 1354 2351 δηλονότι
1375 2315 1389 2340 ὁ
1408 2315 1508 2347 σκοπὸς
1522 2315 1560 2346 ὡς
1571 2316 1611 2346 είς
1626 2314 1778 2350 ἀρχέτυπον
1788 2313 1839 2348 τὴν

1053 2361 1192 2396 θειοτάτην
1216 2360 1391 2395 εὐπρέπειαν,
1415 2361 1460 2386 καὶ
1472 2359 1692 2394 ἀποτυπούμενος
1713 2358 1779 2394 πρὸς
1791 2358 1841 2384 αὑ-

1051 2406 1266 2442 τὴν,ἀγάλματα
1288 2406 1366 2433 θείων
1388 2407 1532 2441 ἐμφάσεων
1549 2405 1769 2441 ἀπεργαζόμενος
1791 2405 1840 2431 καὶ

1052 2451 1126 2484 θείας
1137 2452 1253 2484 εἰκόνας,
1268 2452 1337 2478 κατὰ
1357 2451 1397 2483 τὸ,
1420 2451 1493 2485 Ἐγὼ
1506 2451 1589 2478 εἶπα·
1606 2451 1673 2477 Θεοί
1694 2450 1772 2482 ἐστε,
1789 2450 1841 2476 καί

1050 2498 1109 2526 vlo)
1132 2499 1277 2533 Ὑψίστου
1292 2498 1413 2530 πάντες.
1428 2497 1483 2524 Καὶ
1493 2496 1645 2532 ἀκηλίδωτα
1661 2495 1779 2531 ἔσοπτρα
1793 2496 1840 2522 ἐκ-

1050 2544 1133 2571 τελῶν
1146 2545 1210 2576 τοὺς
1232 2545 1295 2580 περὶ
1314 2544 1348 2570 τὰ
1371 2543 1429 2570 θεῖα
1448 2543 1711 2579 ἀναστρεφομένους·
1728 2541 1841 2573 τούτους

1049 2590 1104 2626 γὰρ
1124 2590 1198 2624 λέγει
1211 2589 1354 2621 θιασώτας,
1372 2588 1462 2619 θίασος
1475 2588 1529 2622 γὰρ
1550 2588 1564 2613 ό
1586 2587 1675 2623 χορός.
1695 2586 1744 2613 Διὰ
1759 2586 1842 2612 τοῦτο

1050 2636 1104 2671 γὰρ
1113 2633 1198 2666 εἶπεν,
1222 2635 1263 2661 ὅτι
1279 2634 1326 2660 καὶ
1346 2634 1395 2669 τῆς
1410 2633 1562 2668 ἐπιστήμης
1575 2632 1622 2658 καὶ
1635 2632 1685 2667 τῆς
1698 2630 1841 2666 ἐνεργείας

1050 2681 1107 2716 ἔχει
1124 2680 1168 2707 τὸν
1180 2680 1246 2706 Θεὸν
1259 2679 1443 2714 καθηγεμόνα,
1458 2679 1500 2704 ὅτι
1515 2677 1545 2704 τὸ
1557 2678 1610 2704 πᾶν
1620 2676 1733 2707 ἐκεῖθεν,
1745 2677 1792 2702 καὶ
1807 2676 1841 2702 οὺ

1051 2728 1101 2763 τῆς
1111 2727 1249 2763 ἡμετέρας
1264 2727 1338 2752 ἐστὶν
1353 2725 1439 2758 ἀξίας.
1462 2724 1523 2751 Ἐπὶ⁵
1545 2723 1593 2759 μὲν
1603 2721 1718 2758 γὰρτῶν
1728 2721 1788 2749 καθ’
1805 2722 1841 2757 ἠ-

1054 2773 1107 2808 μᾶς
1122 2771 1222 2807 τεχνῶν
1236 2771 1281 2798 καὶ
1291 2770 1449 2806 ἐπιστημῶν
1461 2769 1511 2796 οὐκ
1523 2769 1581 2795 ἐστι
1595 2767 1686 2808 τοῦτο·
1703 2767 1771 2794 ἀλλὰ
1783 2766 1841 2793 τῶν
