1933 3075
85 193 133 220 133

335 189 380 218 DE
395 188 557 218 C(ELESTI
574 187 797 220 HIERARCHIA,
816 186 892 216 CAP.
913 184 956 212 Ill.
970 199 1004 204 —
1022 182 1193 211 PARAPHR.
1215 180 1453 211 PACllYMERzE.

1654 179 1704 206 ΓΗ

85 251 132 287 μὲν
142 248 301 285 ἐπιστημῶν
315 248 413 284 ἔχομεν
440 247 640 283 καθηγεμόνας,
665 247 718 274 τῶν
743 247 771 273 δὲ
797 248 870 282 ὲνερ-

927 251 983 270 nam
999 242 1174 270 scientiarum
1189 241 1299 276 quidem
1314 244 1493 275 pra-ceptores
1509 239 1650 271 habemus,
1660 239 1707 266 sed

83 296 162 332 γειῶν
181 295 315 330 οὐδαμῶς,
337 293 393 321 ἀλλ’
404 293 488 329 αὐτὴν
499 293 548 328 τὴν
558 293 607 328 τῆς
622 294 728 326 φύσεως
744 291 849 327 κίνησιν
859 300 866 307 ·

84 345 128 371 ἐπὶ
140 343 168 370 δὲ
175 343 225 378 τῆς
239 342 314 373 θείας
328 340 467 377 ίεραρχίας
479 340 525 366 καὶ
536 341 552 375 ἡ
567 340 715 375 ἐπιστήμη,
731 339 776 365 καὶ
787 339 803 373 ή
827 338 869 364 ὲν-

85 390 186 426 έργεια,
201 388 306 415 ἐκεῖθέν
321 388 389 414 ἐστι.
407 386 448 413 Τὰ
466 386 531 420 γοῦν
551 385 671 421 ἔσοπτρα
683 385 804 420 δέχονται
820 384 870 420 μὲν

84 436 145 466 τοὺς
157 435 323 470 φωτισμοὺς,
337 433 396 461 κατ’
413 432 559 459 ἀνάκλασιν
575 432 604 458 δὲ
618 431 687 467 πρὸς
696 431 759 462 τοὺς
771 430 870 464 ἔξωθεν

85 481 305 517 ἀποπέμπουσινι
319 479 390 507 οὕτω
405 480 452 506 καὶ
472 479 519 505 ἐπὶ
540 479 595 509 τοῖς
615 477 697 509 θείοις
715 477 789 504 ἔστιν
807 476 871 503 ἰδειν

85 528 192 562 θεσμοῖς
203 536 210 542 ·
226 528 241 553 ὁ
260 527 415 563 ἀρχιερεὺς,
429 526 493 562 παρ’
508 526 593 561 αὐτῆς
604 526 653 561 τῆς
667 523 805 561 ίεραρχίας
826 523 872 550 τὸν

87 574 222 609 φωτισμὸν
233 574 385 609 δεχόμενος,
400 575 457 605 τοῖς
471 572 666 608 πρεσϐυτέροις
678 572 724 598 καὶ
741 570 872 602 διακόνοις

88 621 261 656 μεταδίδωσιν
272 629 278 635 ·
292 617 365 647 οὗτοι
378 620 417 651 δὲ,
429 619 618 656 πληρωθέντες
627 619 676 654 τῆς
690 618 871 654 λαμπηδόνος,

86 667 152 703 πρὸς
170 667 232 698 τοὺς
253 666 362 702 ἐτέρους
375 666 460 701 αὐτὴν
477 665 679 692 ἀτεοιιιέιλλουσι⁸
699 664 730 691 τὸ
750 664 804 700 γὰρ
818 665 874 699 χεῖ-

88 721 131 748 ρον
144 712 198 739 ὑπὸ
210 711 257 738 τοῦ
273 711 427 748 κρείττονος
437 711 597 744 εὐλογεῖται.
611 710 648 737 Οὐ
661 709 713 745 μὴν
723 709 751 736 δὲ
765 709 875 745 θεμιτόν

86 758 142 784 ἐστι
152 757 228 793 παρὰ
240 756 290 788 τὰς
302 756 376 792 ἱερὰς
385 755 520 789 διατάξεις
534 757 654 792 ἐνεργεῖν
666 756 729 787 τοὺς
741 756 822 792 ίερῶς
832 764 876 782 τε-

85 803 230 838 λουμένους
240 810 246 817 ·
263 799 328 834 οἷον,
343 801 403 837 φέρ’
417 802 514 832 εἰπεῖν,
528 801 651 827 διάκονον
664 800 840 837 προσφέρειν,
857 801 875 837 ἢ

86 849 268 885 πρεσσύτερον
282 848 458 884 χειροτονεῖν.
483 846 537 873 Ἴδε
558 847 613 883 γὰρ
628 847 657 873 ὲν
669 848 730 878 ταῖς
744 847 875 883 Πράξεσι,

85 895 143 926 πῶς
153 895 168 921 ὁ
185 894 317 925 Φίλιππος
328 894 358 920 οὐ
371 893 461 920 δίδωσι
477 894 508 920 τὸ
521 894 635 930 Πνεῦμα
646 893 677 920 τὸ
693 893 780 928 ἅγιον.
802 893 874 920 Ἀλλ’

85 940 144 967 οὐδὲ
162 941 295 976 ὑπάρχειν
309 939 410 975 ἑτέρως
429 940 519 972 αὐτοῖς
537 940 600 972 τοὺς
613 940 766 975 ἀγιασμούς
781 949 872 976 φησιν,

85 987 109 1012 εἰ
125 985 161 1021 μὴ
176 985 246 1012 κατὰ
258 985 307 1020 τὴν
325 984 445 1020 ἀρχῆθεν
463 985 517 1011 τῶν
530 985 616 1019 ἁγίων
641 985 795 1012 ἀποστόλων
817 985 876 1012 διά-

85 1032 172 1065 ταξιν,
183 1031 261 1067 εἴπερ
272 1031 322 1066 τῆς
337 1030 516 1067 ίεροπρεποῦς
528 1031 641 1066 ἀγλαΐας
651 1031 781 1067 ἐφίενται,
794 1032 833 1063 είς
844 1031 875 1058 τὸ

85 1078 288 1105 ἀποτυποῦσθαι
311 1076 381 1103 κατὰ
396 1076 445 1113 τὴν
463 1077 540 1111 τάξιν
564 1077 619 1104 τῶν
641 1078 773 1114 οὐρανίων
794 1070 874 1105 adva-

87 1133 172 1159 μεων·
190 1124 300 1151 κάκεῖσε
316 1123 371 1160 γὰρ
383 1123 413 1150 τὸ
426 1123 534 1159 πρῶτόν
551 1123 610 1150 ἐστι
629 1124 676 1150 καὶ
695 1124 726 1150 τὸ
738 1123 874 1160 δεύτερον,

85 1171 133 1199 καὶ
146 1171 176 1198 τὸ
190 1171 323 1207 προσεχὲς
336 1170 404 1206 πρὸς
420 1170 496 1202 Θεὸν,
509 1170 556 1197 καὶ
568 1171 600 1197 τὸ
614 1171 718 1207 πόρρω,
728 1171 765 1202 ὡς
775 1171 825 1206 τῆς
832 1171 878 1198 τά-

85 1216 153 1250 ξεως
170 1216 335 1252 συνεχούσης
348 1215 383 1242 τά
392 1225 422 1242 τε
436 1216 550 1252 οὐράνια
564 1215 655 1243 καὶτὰ
669 1216 787 1250 ἐπίγεια.
806 1216 876 1243 Οὐκ-

84 1262 131 1290 οῦν
145 1263 159 1289 ὁ
173 1262 259 1296 λέγων
271 1262 411 1298 ἱεραρχιαν
424 1262 474 1289 οὐκ
488 1262 551 1289 ἄλλο
559 1272 585 1289 τι
596 1262 745 1299 λέγει,ἢτὰ
758 1262 813 1289 ἄνω
827 1264 876 1298 ρη-

84 1308 174 1340 θέντα,
185 1308 305 1344 δηλονότι
316 1308 361 1335 τόν
371 1317 402 1334 τε
417 1308 531 1344 ὁρισμὸν
549 1308 633 1343 αὐτῆς
646 1308 693 1335 καὶ
705 1308 751 1335 τὸν
765 1307 874 1340 σκοπὸν,

85 1355 171 1390 ἤγουν
185 1355 216 1381 τὸ
227 1354 302 1386 τέλος
317 1354 348 1381 τὸ
361 1354 550 1386 τελικώτατον,
565 1355 579 1381 ὃ
591 1354 623 1390 δὴ
636 1355 684 1382 καὶ
699 1355 774 1387 αὐτὸ,
794 1355 876 1391 μέρος

85 1399 132 1426 τοῦ
148 1400 264 1436 ὁρισμοῦ
280 1401 363 1428 ἐστιν·
391 1401 429 1433 ὡς
442 1400 482 1433 τὸ,
503 1401 530 1427 τί
551 1401 609 1428 ἐστι
628 1401 772 1436 τρυϐλίον,
795 1401 876 1437 τυχὸν

86 1446 183 1478 σκεῦος
209 1446 308 1473 τοιόνδε
329 1447 397 1483 πρὸς
421 1447 572 1483 ὑπηρεσίαν
590 1447 694 1483 τροφῆς
708 1448 875 1483 ἐπιτήδειον,

85 1492 164 1518 τοῦτο
187 1492 218 1519 τὸ
232 1492 317 1525 τέλος.
337 1493 450 1527 Συνάγει
466 1493 555 1520 τοίνυν
574 1494 614 1525 εἰς
623 1492 723 1520 ταύτὸν
735 1493 775 1524 τὸ,
799 1494 841 1525 τίς
859 1496 875 1531 ἡ

87 1538 223 1574 ἱεραρχία,
236 1539 283 1565 καὶ
292 1538 334 1571 τίς
344 1540 361 1575 ἡ
378 1538 479 1575 ταύτης
487 1539 618 1574 ὠφέλεια·
631 1539 688 1571 καὶ,
698 1540 790 1575 φησὶν,
801 1540 816 1566 ὁ
832 1540 876 1567 λέ-

921 297 973 316 non
996 289 1196 323 operationum,
1218 294 1333 322 quarum
1356 287 1470 320 ipsemet
1493 290 1596 312 naturae
1620 289 1709 312 motus

919 336 996 370 quasi
1012 335 1064 362 dux
1083 333 1200 365 exsistit,
1211 338 1236 359 et
1254 338 1363 359 auctor:
1377 332 1403 358 in
1420 332 1508 358 divitia
1526 339 1589 358 vero
1601 332 1708 359 hierar-

922 380 995 412 chia,
1010 385 1038 407 et
1060 379 1176 406 scientia
1195 383 1222 405 et
1232 378 1354 412 operatio
1367 385 1381 404 τι
1399 377 1453 404 Deo
1468 382 1518 404 est.
1541 377 1656 412 Specula
1670 377 1708 405 si-

921 425 1030 460 quidem
1056 424 1269 452 illuminationes
1294 423 1438 458 rccipiunt,
1463 423 1509 450 sed
1523 430 1570 457 per
1585 422 1710 450 reﬂexio-

922 476 984 496 nem
1002 469 1035 496 ad
1048 469 1185 496 exteriora
1205 469 1347 496 remittunt
1369 475 1377 494 :
1401 468 1472 495 idem
1489 468 1515 495 in
1529 468 1628 495 divinis
1645 476 1709 496 san—

922 514 1059 542 ctionibus
1084 514 1176 541 videre
1195 513 1270 545 licet,
1295 513 1358 540 dum
1382 520 1504 540 summus
1521 513 1651 541 sacerdos
1676 514 1710 540 ab

924 561 1042 596 ipsamet
1075 560 1228 588 bierarchia
1262 560 1470 587 illustrationem
1509 565 1650 594 acceptam
1683 560 1711 587 in

923 607 1098 643 presbyteros
1120 614 1153 634 ac
1173 607 1302 634 diaconos
1323 606 1443 640 trajicit;
1458 607 1515 639 qui,
1540 606 1600 633 luce
1626 605 1710 640 pleni,

925 653 953 681 in
963 659 1076 681 caeteros
1091 652 1214 680 eamdem
1231 651 1442 684 trunsfundunt;
1459 660 1521 680 nam
1538 652 1564 680 id
1576 653 1646 687 quod
1660 653 1711 679 mi-

925 708 976 728 nus
985 704 1027 727 est
1040 708 1054 726 a
1071 699 1166 733 majori
1180 698 1358 726 bet-edicitur.
1376 699 1466 733 Neque
1476 699 1549 727 enim
1569 700 1610 726 fas
1625 704 1667 727 est
1679 700 1712 727 iis

925 745 970 780 qui
982 745 1069 773 sacris
1082 746 1180 773 initiati
1196 748 1270 777 sunt,
1289 745 1438 779 quidquam
1451 750 1546 772 contra
1561 752 1652 773 sacras
1665 753 1712 772 or-

926 791 1080 819 dinationes
1091 797 1182 826 agere,
1204 790 1278 818 verbi
1291 790 1390 825 gratia,
1410 791 1524 818 diacono
1542 790 1711 823 sacriﬁcare,

925 837 970 864 vel
989 837 1148 872 presbytero
1165 837 1339 864 continuare.
1367 836 1488 864 Observa
1503 836 1575 863 enim
1592 838 1618 863 in
1637 837 1712 866 Actis

924 882 1107 917 apostolorum
1117 902 1125 915 ,
1140 882 1274 917 quamodo
1289 881 1427 917 Philippus
1442 889 1494 908 non
1514 881 1560 909 det
1580 881 1711 916 Spiritum

925 933 1060 956 sanctum.
1089 927 1142 956 Sed
1169 935 1257 962 neque
1284 927 1363 954 aliter
1388 926 1421 954 iis
1446 927 1545 954 asserit
1569 933 1713 962 suppetere

927 974 1176 1006 sanetilicationes,
1207 981 1288 1009 quam
1316 973 1393 1007 juxta
1427 973 1552 1007 primitus
1585 972 1710 1000 traditam

925 1029 1082 1051 sanctorum
1097 1023 1281 1058 apostolorum
1296 1022 1515 1055 ordinationem;
1541 1023 1564 1050 si
1577 1023 1656 1049 modo
1667 1028 1712 1048 sa-

925 1069 965 1096 cri
981 1068 1134 1104 splendoris
1149 1069 1271 1096 ambiant
1284 1069 1529 1104 participationem,
1555 1075 1606 1102 qua
1635 1066 1711 1101 juxta

925 1115 1076 1144 caelestium
1090 1115 1219 1142 virtutum
1244 1115 1368 1143 ordinem
1386 1114 1617 1142 trausl'ormentur
1629 1122 1636 1141 :
1649 1121 1711 1140 natn

926 1166 954 1189 et
969 1161 1005 1189 ibi
1020 1166 1062 1189 est
1077 1161 1194 1197 primum
1209 1169 1241 1188 ac
1255 1160 1310 1197 35
1329 1160 1490 1192 secundum,
1512 1166 1538 1186 et
1555 1160 1609 1187 Deo
1621 1159 1713 1194 proxi-

927 1216 1012 1241 mum,
1037 1213 1064 1235 et
1088 1212 1233 1241 remotum,
1263 1208 1300 1234 ita
1325 1212 1355 1234 ut
1376 1207 1421 1234 ille
1434 1206 1502 1234 ordo
1514 1205 1713 1240 complectatur

927 1258 981 1281 tam
997 1253 1119 1282 coelestia
1134 1261 1217 1289 quam
1233 1253 1385 1280 terrestria.
1412 1252 1506 1287 Itaque
1536 1252 1580 1286 qui
1606 1251 1713 1278 bierar-

926 1301 1018 1328 chiam
1036 1301 1168 1332 nominat,
1197 1299 1264 1326 nihil
1286 1299 1354 1326 dicit
1376 1298 1450 1326 aliud
1472 1305 1552 1333 quam
1569 1305 1629 1333 qua)
1641 1297 1713 1325 ditta

927 1350 992 1372 sunt
1007 1347 1143 1380 superius,
1163 1346 1268 1374 scilicet
1290 1345 1349 1380 ejus
1363 1345 1548 1372 definitionem
1568 1352 1601 1372 ac
1621 1343 1711 1377 ﬁnem,

927 1390 954 1418 id
982 1396 1023 1418 est
1051 1392 1133 1418 linem
1161 1391 1296 1424 ultimum,
1325 1393 1370 1428 qui
1390 1398 1418 1420 et
1431 1393 1500 1427 ipse,
1514 1398 1564 1420 ceu
1582 1397 1656 1425 pars,
1680 1390 1712 1416 ad

927 1436 1110 1465 deﬁnitionem
1131 1442 1249 1472 spectat;
1263 1438 1344 1472 sicut,
1359 1439 1435 1466 verbi
1451 1437 1550 1473 gratia,
1565 1437 1588 1464 si
1600 1436 1714 1464 deliuias

927 1483 1054 1517 patellam
1067 1491 1127 1512 esse
1142 1490 1189 1510 vas
1204 1483 1312 1518 aliquod
1324 1485 1359 1511 ad
1374 1485 1449 1511 cibos
1464 1483 1658 1511 ministrandos
1670 1488 1716 1509 ac-

926 1529 1128 1557 commodatum
1144 1538 1152 1562 ;
1178 1529 1223 1564 qui
1240 1529 1303 1557 linis
1322 1530 1380 1564 ejus
1397 1535 1447 1558 est.
1471 1529 1557 1557 lnstar
1568 1529 1649 1556 unius
1664 1528 1716 1556 ita-

85 1593 141 1618 γων
152 1585 256 1620 ταύτην
270 1585 346 1612 οὐδὲν
360 1585 453 1622 ἕτερον
466 1585 540 1620 λέγει
561 1585 577 1622 ἦ
595 1585 671 1622 ἱερὰν
685 1585 874 1621 διακόσμησιν.

927 1583 980 1611 que
997 1575 1147 1610 coniungit,
1163 1582 1223 1610 quae
1233 1576 1269 1602 sit
1283 1575 1448 1607 bierarchia,
1470 1580 1497 1602 et
1517 1583 1640 1610 quaenam
1655 1575 1715 1610 ejus

85 1631 210 1657 Καθόλου
237 1630 265 1657 δὲ
283 1630 354 1664 εἶπε,
376 1632 499 1666 συνάγων
515 1632 564 1668 τήν
577 1640 606 1659 τε
624 1632 752 1668 οὐρανίαν
767 1632 814 1659 καὶ
827 1632 877 1668 τὴν

85 1676 145 1703 καθ’
162 1677 236 1713 ἡμᾶς
254 1678 345 1705 εἰκόνα
364 1678 414 1714 τῆς
428 1678 504 1710 θείας
518 1678 684 1715 ὡραιότητος
704 1677 751 1704 καὶ
761 1677 878 1712 ἁγιωσύ-

85 1731 144 1759 νης·
164 1723 325 1759 μεταδοτικὴ
340 1723 395 1760 γὰρ
405 1724 451 1750 καὶ
462 1723 531 1760 αῦτη
543 1723 590 1750 τοῦ
609 1723 749 1760 φωτισμοῦ
764 1724 793 1750 ὲν
804 1724 878 1757 τάξε-

86 1775 128 1794 σι’
145 1768 217 1794 κατὰ
228 1768 283 1805 γὰρ
294 1769 421 1804 διάφορον
434 1769 480 1796 καὶ
495 1768 683 1804 ὑπερϐεϐηκὸς
695 1769 749 1796 τῶν
764 1768 877 1802 τάξεων,

85 1815 135 1841 καὶ
150 1813 181 1841 τὸ
192 1815 402 1850 ἐπιστημονικὸν
418 1813 488 1841 εἶναι
501 1815 554 1841 δεῖ·
571 1814 637 1851 ἄλλη
655 1815 709 1850 γὰρ
723 1815 798 1848 τάξις
811 1823 878 1851 πρε-

86 1859 231 1895 σϐυτέρου,
248 1861 294 1887 καὶ
314 1860 380 1897 άλλη
393 1861 555 1897 ἀρχιερέως,
578 1862 626 1888 καὶ
649 1861 716 1897 ἄλλη
736 1861 876 1888 διακόνου·

86 1905 134 1932 καὶ
147 1906 315 1941 ἐπιστήμαις
327 1906 505 1942 ίεραρχικαίς,
519 1906 603 1942 ἤγουν
613 1906 796 1943 ὲξορκισμοῖς,
813 1916 879 1943 προ-

84 1951 240 1987 τελεσμοῖς,
262 1951 392 1984 τελεταῖς,
412 1951 447 1978 τὰ
469 1951 520 1987 τῆς
534 1951 692 1988 ὲλλάμψεως
708 1952 788 1989 ἱερῶς
804 1953 880 1989 ἐνερ-

85 1996 201 2031 γοῦσαν·
215 1997 361 2032 μυστήρια.
374 1998 428 2024 Καὶ
436 1997 565 2033 ἕχειςὲως
574 1994 625 2024 ὦδε
634 1998 674 2030 τὸ,
682 1998 707 2024 τί
721 1998 779 2024 ἐστι
791 1997 877 2030 τάξις,

85 2043 239 2080 ἐπιστήμη,
253 2044 301 2071 καὶ
314 2045 452 2080 ἐνέργεια·
473 2045 564 2072 λοιπὸν
575 2046 589 2071 ό
606 2046 715 2078 σκοπὸς,
731 2046 879 2082 ἀφομοιού-

87 2097 170 2124 μενος
185 2089 254 2126 πρὸς
266 2089 345 2122 Θεὸν,
364 2089 394 2122 ἐξ
414 2087 444 2117 οὗ
464 2091 518 2117 πᾶν
537 2091 648 2125 ἀγαθὸν,
663 2091 710 2118 καὶ
724 2091 792 2127 αὕτη
807 2092 880 2118 ἐστὶν

85 2135 104 2170 ἡ
119 2135 255 2172 ίεραρχία.
273 2137 352 2163 Ἔστι
370 2137 424 2173 γὰρ
439 2137 547 2172 ἑκάστῳ
565 2137 620 2165 τῶν
636 2138 790 2174 ἱερωμένων
805 2139 822 2174 ἡ
835 2147 880 2165 τε-

85 2181 210 2214 λείωσις,
222 2183 253 2209 τὸ
264 2183 402 2217 ἀναλόγως
412 2183 458 2210 ἐπὶ
467 2183 516 2219 τὴν
526 2183 706 2220 θεομιμησίαν
718 2183 878 2220 ἀναχθῆναι,

85 2229 135 2255 καὶ
158 2229 192 2255 τὸ
212 2229 351 2264 μέγιστον,
367 2230 435 2257 Θεοῦ
450 2231 578 2267 συνεργὸν
590 2230 727 2264 γενέσθαι,
753 2231 824 2258 κατὰ
833 2231 880 2258 τὸν

928 1622 1050 1654 utilitas;
1071 1623 1165 1657 aitque
1181 1622 1256 1650 illum
1276 1622 1323 1657 qui
1338 1623 1390 1650 hoc
1402 1622 1479 1655 dicit,
1495 1621 1562 1649 nihil
1579 1621 1652 1648 aliud
1672 1621 1714 1648 dl-

929 1675 992 1696 cerc
1005 1671 1086 1704 quam
1110 1675 1218 1696 sacrum
1243 1668 1378 1695 ordinem.
1405 1667 1517 1695 Demum
1530 1666 1716 1694 concludendo

928 1713 1007 1747 dixit,
1035 1717 1090 1740 tam
1120 1713 1258 1741 caelestem
1276 1721 1358 1748 quam
1381 1717 1503 1740 nostram
1525 1713 1594 1753 hagc
1618 1712 1717 1740 divina:

929 1758 1143 1794 pulchritudinis
1167 1767 1200 1786 ac
1227 1758 1384 1786 sanctitatis
1416 1758 1561 1793 imaginem
1591 1757 1713 1785 referre.

929 1812 992 1832 nam
1013 1809 1040 1832 et
1061 1805 1118 1833 haec
1137 1805 1285 1833 secundum
1301 1804 1411 1832 ordines
1425 1803 1511 1831 lucem
1529 1810 1606 1831 suam
1619 1803 1715 1830 distri—

929 1850 1005 1883 buit;
1030 1849 1164 1885 siquidem
1180 1857 1231 1884 pro
1244 1849 1395 1877 diﬂ'erentia
1416 1849 1625 1884 praestantiaque
1640 1848 1715 1876 ordi-

929 1904 994 1924 num
1020 1897 1103 1924 etiam
1132 1896 1236 1924 sciendi
1259 1896 1373 1923 [acultas
1399 1895 1596 1923 accommodari
1620 1894 1715 1922 debet:

930 1949 993 1968 nam
1016 1942 1086 1969 alius
1100 1946 1142 1969 est
1153 1942 1221 1969 ordo
1237 1941 1398 1974 sacerdotis,
1415 1941 1486 1968 alius
1499 1940 1630 1976 episcopi,
1646 1940 1716 1967 alius

929 1986 1035 2015 diaconi
1048 1995 1057 2021 ;
1072 1992 1099 2015 et
1114 1987 1294 2015 hierarchicis
1309 1987 1442 2020 scientiis,
1468 1986 1596 2014 videlicet
1607 1986 1716 2013 exorci-

931 2033 1009 2068 smis,
1040 2033 1260 2069 expiationibus,
1294 2033 1494 2061 initiationibus
1523 2031 1716 2060 illustrationis

931 2080 1059 2116 mysteria
1089 2084 1263 2108 sacrosancte
1291 2083 1433 2115 peragunt.
1459 2079 1549 2114 Atque
1583 2079 1716 2106 hactenus

931 2127 1016 2155 habes
1034 2127 1098 2162 quid
1111 2127 1147 2154 sit
1160 2126 1238 2159 ordo,
1255 2126 1369 2154 scientia
1384 2130 1412 2153 et
1424 2125 1563 2161 operatio;
1591 2125 1716 2160 reliquus

930 2179 972 2202 est
983 2181 1091 2208 scopus,
1105 2181 1159 2209 quo
1180 2173 1245 2206 Deo,
1262 2181 1276 2200 a
1290 2179 1343 2207 quo
1362 2173 1462 2200 bonum
1476 2179 1558 2199 omne
1578 2172 1714 2205 dimanat,

931 2219 1110 2252 assimilatur,
1120 2224 1148 2247 et
1159 2219 1204 2247 hic
1215 2224 1257 2247 est
1271 2219 1434 2247 Itierarchia.
1451 2218 1589 2252 Siquidem
1603 2222 1646 2245 est
1657 2219 1717 2245 cui-

86 2273 178 2309 μέγαν
198 2263 371 2303 Ἀπόστολον-
396 2276 457 2303 ἐπεὶ
476 2277 491 2303 ὁ
510 2263 679 2312 τελούμενος,
699 2276 744 2304 διὰ
756 2276 811 2304 τῶν
825 2286 876 2312 φω-

932 2267 998 2294 Iibet
1012 2274 1106 2295 eorum
1125 2266 1172 2301 qui
1183 2270 1377 2294 consecrantur
1396 2265 1448 2293 ista
1461 2263 1603 2300 perfectio,
1619 2269 1649 2291 ut
1665 2271 1716 2298 pro

83 2319 219 2346 τιπικῶν
241 2321 339 2356 εὐχῶν,
352 2322 398 2349 τὸν
411 2322 443 2349 ὲκ
461 2322 528 2349 Θεοῦ
540 2322 678 2358 φωτισμὸν
690 2322 796 2358 δέχεται
809 2331 815 2337 ·
831 2323 880 2349 καὶ

82 2363 174 2397 δεῖξαι
194 2365 224 2391 ὲν
247 2366 335 2401 ἑαυτῷ
356 2367 406 2402 τὴν
432 2366 508 2393 Θείαν
535 2367 712 2402 μεταδοτικὴν
727 2367 878 2403 ἐνέργειαν,

82 2409 213 2435 τουτέστι
236 2410 271 2436 τὰ
284 2410 352 2446 ἔργα
367 2410 402 2437 τὰ
414 2410 483 2442 θεῖα,
497 2411 526 2438 ὲν
540 2410 579 2446 τῷ
592 2410 722 2446 σοφίζειν,
738 2411 767 2437 ἐν
783 2410 823 2445 τῷ
835 2419 880 2437 τε-

82 2453 189 2485 λειοῦν,
208 2455 303 2482 καὶτὰ
325 2456 405 2491 ὅμοια
422 2458 507 2483 ποιεῖν
528 2457 592 2488 τοὺς
607 2456 880 2491 παιδαγωγουμένους

83 2499 156 2534 πρὸς
184 2499 313 2536 δύναμιν·
340 2501 427 2529 ταῦτα
451 2502 505 2538 γάρ
525 2504 578 2530 εισι
598 2502 634 2529 τὰ
652 2502 720 2538 ἔργα
734 2501 782 2528 τοῦ
799 2500 877 2528 Θεοῦ.

89 2546 211 2582 Ἐφεξῆς
222 2547 251 2573 δὲ
261 2548 387 2584 ὲκτίθησι
402 2549 449 2576 καὶ
462 2549 521 2576 καθ’
536 2549 566 2576 ἓν
580 2549 630 2584 τὴν
643 2547 720 2581 τάξιν
729 2548 783 2575 τῶν
795 2556 824 2574 τε
834 2555 880 2574 τε-

81 2590 207 2618 λούντων
216 2593 262 2619 καὶ
275 2592 330 2620 τῶν
349 2593 526 2629 τελουμένων.
543 2595 574 2620 Οἱ
590 2594 639 2629 μὲν
654 2593 842 2629 καθαίρουσιν,
855 2593 880 2619 οι

81 2636 113 2663 δὲ
125 2636 306 2673 καθαίρονται
318 2638 442 2673 (πάντως
463 2639 488 2666 ot
501 2639 542 2666 ἔτι
555 2638 702 2675 ἐμπαθεῖς)
723 2639 769 2666 διὰ
782 2639 832 2674 τῆς
842 2637 882 2665 δι-

79 2684 234 2717 δασκαλίας
246 2685 301 2712 τῶν
314 2685 446 2713 διακόνων
464 2686 538 2718 ἴσως.
558 2687 612 2713 Καὶ
632 2687 656 2713 οἱ
680 2687 728 2722 μὲν
749 2686 880 2721 φωτίζου-

82 2738 139 2763 σιν,
165 2731 231 2758 οίδὲ
258 2731 421 2765 φωτίζονται
437 2731 561 2766 (πάντως
573 2732 598 2759 οἱ
610 2732 815 2768 μτριοπαθείς)
835 2732 881 2759 διὰ

80 2776 139 2803 τῶν
151 2776 242 2812 εὐχῶν
253 2776 309 2803 τῶν
320 2777 513 2813 πρεσϐυτέρων
532 2777 643 2813 δηλαδή.
662 2777 716 2804 Καὶ
734 2778 760 2804 οἱ
774 2777 823 2813 μὲν
836 2786 880 2804 τε-

80 2818 303 2857 λεσιουργοῦσιν,
324 2822 348 2848 οἱ
365 2821 394 2848 δὲ
407 2821 583 2855 τελειοῦνται,
598 2822 678 2849 οἱονεὶ
693 2821 880 2849 θεοποιοῦνται

129 2909 139 2919 ·
155 2909 233 2940 ισως
248 2909 402 2946 ἐνεργοῦσι.

932 2318 1014 2348 captu
1037 2321 1086 2341 suo
1110 2314 1144 2341 ad
1170 2313 1288 2341 divinam
1310 2312 1490 2340 imitationem
1514 2309 1673 2341 adducatur.
1687 2314 1716 2337 et

932 2360 1005 2394 quod
1016 2363 1059 2387 est
1067 2359 1228 2392 maximum,
1237 2363 1268 2385 ut
1277 2358 1322 2385 Dei
1337 2363 1499 2392 cooperator
1506 2357 1632 2390 exsistat,
1639 2356 1715 2390 juxta

932 2414 1061 2441 magnum
1074 2405 1250 2440 Apostolum;
1277 2404 1406 2440 quoniam
1420 2404 1443 2431 is
1456 2403 1503 2438 qui
1516 2403 1651 2437 initiatur,
1668 2410 1717 2438 per

932 2460 1029 2488 preces
1040 2452 1250 2480 illuminatorias
1263 2451 1346 2482 illam.
1359 2458 1420 2485 quae
1436 2458 1468 2477 ex
1483 2450 1539 2478 Deo
1553 2454 1605 2482 est,
1617 2450 1717 2484 accipit

931 2500 1153 2531 illustrationem,
1172 2504 1200 2526 et
1213 2499 1240 2525 in
1256 2497 1404 2532 semetipso
1417 2498 1514 2525 divina:
1528 2497 1715 2532 participatio-

931 2547 975 2575 nis
989 2548 1056 2579 vim,
1075 2547 1101 2574 id
1119 2550 1161 2574 est
1175 2553 1256 2580 opera
1271 2545 1373 2576 divina.
1400 2544 1591 2572 demonstrare
1618 2543 1714 2576 debet;

932 2593 1032 2628 partim
1047 2592 1180 2624 docendo,
1196 2592 1296 2626 partim
1307 2590 1450 2623 initiando,
1464 2595 1492 2617 et
1502 2589 1603 2617 similia
1616 2597 1666 2624 pro
1677 2589 1717 2615 vi.

935 2639 978 2666 rili
998 2638 1153 2666 exercendo
1173 2645 1237 2672 erga
1251 2637 1312 2665 illos
1328 2637 1375 2671 qui
1397 2636 1556 2664 instituendi
1570 2640 1649 2668 sunt;
1669 2635 1716 2662 illa

932 2686 1004 2712 enim
1016 2689 1080 2712 sunt
1089 2691 1172 2719 opera
1186 2684 1243 2710 Dei.
1258 2683 1358 2711 Deinde
1366 2683 1476 2717 exponit
1486 2683 1567 2710 etiam
1577 2681 1716 2717 sigillatim

929 2731 1052 2758 ordinem
1074 2730 1238 2757 initiantium
1259 2734 1286 2756 et
1310 2729 1488 2756 initiatorum.
1513 2728 1654 2762 Siquidem
1680 2728 1718 2755 illi

928 2777 1052 2812 expiant,
1065 2777 1092 2803 hi
1107 2783 1172 2803 vero
1183 2776 1338 2810 expiantur,
1352 2782 1400 2809 per
1414 2773 1718 2802 institutionemvideli-

931 2823 1175 2859 cet_diacouormu,
1188 2826 1280 2856 utpote
1294 2821 1384 2848 adhuc
1398 2819 1508 2848 obnoxii
1529 2818 1717 2858 passionibus.
