1933 3075
224 160 274 187 479

791 162 819 190 S.
839 162 987 191 DIONYSII
1008 160 1240 192 AllEOPAGlTjE
1539 187 1556 190 -

1794 166 1845 194 180

259 302 430 338 Quapropter
453 307 553 331 sanctae
575 303 729 331 ctelestium
745 304 926 332 essentiarnm
945 306 1003 333 dis—

1091 305 1124 332 Αἱ
1136 305 1201 339 γοῦν
1213 306 1289 340 ἅγιαι
1302 305 1356 332 τῶν
1368 306 1501 342 οὐρανίων
1519 305 1618 333 οὐσιῶν
1638 305 1844 341 διακοσμήσεις,

223 349 381 382 positiones,
399 350 482 376 rebus
498 350 531 376 iis
545 356 606 384 quae
631 349 804 377 solummodo
819 351 965 382 exsistunt,
980 356 1008 379 et

226 396 287 422 sine
302 403 351 423 usu
376 395 491 423 rationis
521 396 627 428 vivunt,
653 396 807 423 humanave
835 401 948 424 utuntur
963 405 1008 424 ra-

226 442 311 475 tione,
332 441 416 468 divini
431 441 603 478 principatus
618 448 730 470 munere
749 449 782 469 ac
797 442 1008 477 participatione

224 488 401 517 antecellunt.
429 489 496 516 Cum
521 489 594 516 enim
624 497 654 517 se
673 491 707 517 ad
734 490 895 518 imitandum
922 489 1006 516 Deum

225 535 448 563 intellectualiter
467 541 644 570 componant,
660 541 743 570 atque
767 537 814 564 Dei
831 535 1006 570 principalem

224 581 432 609 similitudinem
450 582 710 617 supermundialiter
734 581 962 616 contemplantes,
973 581 1007 608 ad

223 627 348 654 eamdem
371 627 489 662 speciem
511 635 588 654 suam
620 628 732 662 cupiant
754 627 901 655 eﬂ'ormare
917 635 926 659 ς
944 627 1007 661 jure

225 672 324 700 merito
340 673 467 700 uberiore
490 673 610 708 gaudent
632 673 690 707 ejus
703 672 920 708 participatione,
934 671 1007 707 quod

226 721 284 746 sint
299 719 429 750 assiduae.
441 727 474 746 ac
485 727 592 754 semper
605 719 638 746 ad
648 721 800 751 anteriora,
815 723 949 754 quantum
965 719 1008 746 fas

224 770 277 797 est.
295 765 378 792 divini
396 773 532 800 nunquam
549 765 702 792 fatiscentis
721 765 824 792 amoris
835 765 1008 792 contentiOne

224 811 418 845 extendantur,
430 816 458 838 et
474 811 662 846 primurdiales
688 810 882 838 illustrationes
910 810 1007 837 imma-

225 859 358 886 terialiter
378 859 534 894 liquidoque
548 859 710 893 suscipiant,
725 863 808 894 atque
823 858 856 885 ad
870 866 917 886 eas
930 866 1007 886 cont-

223 910 373 940 ponantur,
393 906 531 940 vitamque
545 912 652 933 omnem
681 904 800 932 habeant
827 904 1006 940 spiritualem.

225 950 273 978 Hae
298 951 381 986 igitur
412 956 488 982 sunt,
514 958 573 985 qua!
604 951 737 986 primario
766 954 794 977 et
822 949 1008 984 multipliciter

224 997 310 1024 Deum
330 997 504 1032 participant,
519 1001 548 1024 et
561 997 696 1032 imprimis
709 1004 741 1024 ac
756 997 848 1024 multis
861 996 947 1023 modis
961 1002 1007 1021 ar-
1023 998 1043 1026 Β

224 1050 322 1070 canum
340 1042 387 1070 Dei
410 1042 604 1074 manifestam;
619 1042 795 1076 quamobrem
822 1049 876 1076 pra:
901 1041 1007 1068 caeteris

223 1089 352 1116 omnibus
379 1096 428 1123 per
457 1088 647 1116 excellentiam
675 1087 827 1120 angelicum
858 1093 1007 1122 cognomen

224 1139 395 1165 meruerunt,
410 1133 472 1168 quia
491 1134 554 1168 ipsa:
567 1134 682 1168 primum
703 1141 718 1160 a
733 1133 788 1160 Deo
810 1132 1008 1163 illuminantur,

223 1184 253 1208 et
264 1188 312 1215 per
335 1180 409 1214 ipsas
424 1179 503 1206 nobis
530 1183 631 1206 nostra:
661 1178 843 1206 revelationes
871 1177 1011 1205 transmit-

223 1229 332 1252 tuntur.
349 1224 395 1252 Sic
411 1225 496 1259 igitur
520 1223 574 1256 lex,
593 1228 622 1251 ut
637 1223 743 1250 divinus
759 1222 856 1250 Sermo
884 1227 1008 1255 testatur,

224 1278 273 1306 per
288 1270 400 1306 angelos
415 1270 493 1297 nobis
506 1271 567 1296 data
581 1274 621 1297 est
635 1274 650 1288 ν
667 1278 675 1297 τ
694 1273 721 1296 et
734 1269 793 1295 illos
810 1268 933 1296 celebres
946 1273 1010 1296 ante

224 1316 326 1350 legem,
350 1320 378 1343 et
406 1319 467 1352 post
493 1315 577 1350 legem
598 1319 690 1350 patres
717 1319 843 1346 nostros,
865 1314 952 1349 angeli
972 1314 1006 1341 ad

224 1360 309 1388 Deum
324 1360 495 1388 adducebant
509 1364 534 1391 ι,
551 1364 598 1386 aut
616 1359 687 1394 quod
706 1359 838 1394 agendum
853 1364 912 1387 erat
927 1367 1009 1394 expo-

225 1410 334 1436 nentes.
359 1410 387 1432 et
413 1405 447 1432 ab
468 1411 563 1432 errore
583 1408 610 1431 et
638 1404 693 1431 vita
724 1404 838 1439 profana
855 1405 888 1432 ad
904 1410 1007 1432 rectam

225 1453 298 1479 viam
328 1451 456 1479 veritatis
471 1451 648 1479 traducentes
664 1454 731 1483 ;aut
742 1450 948 1478 manifestantes
963 1458 1008 1478 sa-

225 1505 288 1525 cros
301 1498 420 1529 ordines,
448 1501 496 1524 aut
521 1496 725 1531 mysteriorum,
754 1503 814 1530 quae
834 1503 915 1532 supra
929 1504 1008 1524 mun-

1059 351 1129 386 ὑπὲρ
1151 351 1185 378 τὰ
1211 352 1290 387 μόνον
1318 352 1393 384 ὄντα,
1419 352 1466 379 καὶ
1489 351 1593 386 ἀλόγως
1618 351 1717 384 ζῶντα,
1740 352 1788 378 καὶ
1811 351 1846 378 τὰ

1059 397 1119 424 καθ’
1133 398 1207 433 ἡμᾶς
1221 398 1327 433 λογικὰ,
1340 399 1389 434 τῆς
1402 399 1550 434 θεαρχικῆς
1564 398 1731 434 μεταδόσεως
1749 398 1778 425 ἐν
1794 407 1845 434 με-

1058 443 1152 479 τουσίᾳ
1178 444 1314 479 γεγόνασι.
1340 444 1451 479 Νοητῶς
1474 445 1528 480 γὰρ
1552 445 1599 471 ἐπὶ
1625 444 1656 471 τὸ
1679 443 1845 480 θεομίμητον

1059 489 1158 522 ἑαυτάς
1175 490 1372 523 ἀπστυποῦσαι,
1386 492 1433 518 καὶ
1454 491 1523 527 πρὸς
1534 491 1583 527 τὴν
1596 491 1744 527 θεαρχικὴν
1759 490 1845 526 ἐμφέ-

1061 544 1133 571 ρειαν
1147 535 1340 571 ὑπερκοσμίως
1363 537 1475 572 ὁρῶσαι,
1499 537 1545 564 καὶ
1569 537 1689 573 μορφοῦν
1704 537 1845 572 ἑφιέμεναι

1057 582 1089 608 τὸ
1100 582 1192 617 νοερὸν
1206 582 1295 609 αὐτῶν
1307 580 1387 614 εἶδος,
1411 581 1601 618 ἀφθονωτέρας
1624 583 1736 615 εἰκότως
1753 582 1846 618 έχουσι

1057 627 1106 660 τὰς
1119 628 1188 664 πρὸς
1210 628 1295 664 αὐτὴν
1320 629 1470 661 κοινωνίας,
1495 631 1638 665 προσεχεῖς
1659 629 1709 665 μὲν
1730 627 1808 656 οὖσαι
1821 630 1845 646 ⁸⁸

1058 674 1106 701 καὶ
1117 674 1160 700 ἀεὶ
1173 674 1243 710 πρὸς
1256 673 1286 701 τὸ
1297 675 1419 706 άναντες,
1444 674 1482 707 ὡς
1496 674 1604 711 θεμιτὸν
1614 675 1645 701 ὲν
1659 675 1782 711 συντονίᾳ
1794 674 1843 702 τοῦ

1059 719 1130 746 θείου
1153 720 1199 746 καὶ
1220 719 1345 752 ἀκλινοῦς
1368 720 1468 756 ἔρωτος
1492 720 1705 756 ἀνατεινόμεναι,
1728 720 1775 747 καὶ
1794 719 1845 751 τὰς

1057 765 1173 801 ἀρχικὰς
1199 766 1318 802 ὲλλάμψε
1324 775 1347 798 ις
1372 766 1460 798 ἀΰλως
1471 767 1519 793 καὶ
1528 766 1636 802 άμιγῶς
1647 766 1844 801 εἰσδεχόμεναι,

1058 813 1105 839 καὶ⁵
1120 812 1189 848 πρὸς
1201 813 1287 845 αὑτὰς
1299 813 1468 849 ταττόμεναι,
1488 814 1535 841 καὶ
1554 814 1650 850 νοερὰν
1668 813 1775 849 ἔχουσαι
1795 813 1846 848 τὴν

1057 859 1148 885 πᾶσαν
1162 857 1244 895 ζωήν.
1258 857 1341 887 Λῦται
1359 859 1425 894 γοῦν
1436 860 1503 887 εἰσιν
1513 860 1540 886 αί
1558 859 1673 895 πρώτως
1691 859 1738 886 καὶ
1751 858 1847 885 πολλα-

1057 903 1113 939 χῶς
1125 904 1154 931 ὲν
1165 905 1293 941 μετουσίᾳ
1319 904 1366 932 τοῦ
1387 905 1465 931 Θείου
1486 905 1636 940 γινόμεναι,
1660 905 1706 931 καὶ
1730 904 1847 940 πρώτως

1059 950 1105 976 καὶ
1117 949 1257 985 πολλαχῶς
1281 951 1475 987 ὲκφαντορικαὶ
1485 951 1534 986 τῆς
1542 949 1688 987 θεαρχικῆς
1697 950 1846 986 κρυφιότη-

1058 1004 1103 1027 τος
1113 1003 1120 1010 ·
1135 995 1175 1022 διὸ
1185 997 1232 1023 καὶ
1257 997 1332 1032 παρὰ
1355 997 1443 1024 πάντα
1456 997 1507 1032 τῆς
1525 996 1674 1032 ἀγγελικῆς
1689 996 1847 1031 ἐπωνυμίας

1059 1041 1192 1075 ὲκκρίτως
1203 1041 1342 1076 ἠξίωνται,
1354 1041 1398 1068 διὰ
1409 1041 1440 1068 τὸ
1454 1041 1569 1077 πρώτως
1587 1042 1626 1073 είς
1638 1040 1721 1072 αὐτὰς
1739 1040 1846 1074 ἐγγίνε-

1059 1085 1120 1112 σθαι
1135 1086 1185 1121 τὴν
1198 1086 1344 1122 θεαρχικὴν
1357 1086 1499 1121 ἒλλαμψιν,
1516 1086 1563 1113 καὶ
1574 1085 1607 1112 δι’
1619 1085 1708 1113 αὐτῶν
1720 1085 1760 1116 είς
1772 1085 1847 1119 ἡμᾶς

1058 1131 1306 1168 διαπορθμεύεσθαι
1319 1132 1368 1165 τὰς
1389 1133 1458 1168 ὑπὲρ
1479 1133 1552 1168 ἡμᾶς
1566 1131 1753 1167 ἐκφαντορίας.
1768 1129 1847 1157 Οὕτω

1059 1177 1125 1211 γοῦν
1137 1178 1151 1204 ὁ
1164 1178 1254 1213 νόμος,
1268 1178 1306 1210 ὡς
1319 1180 1335 1215 ἡ
1351 1178 1473 1212 θεολογία
1498 1178 1574 1214 φησὶ,
1596 1178 1628 1204 δι’
1643 1177 1766 1212 ἀγγέλων
1777 1177 1846 1212 ἡμῖν

1060 1223 1183 1259 ἐδωρήθη
1193 1232 1200 1238 ·
1217 1224 1264 1250 καὶ
1286 1225 1350 1256 τοὺς
1373 1224 1494 1256 κλεινοὺς
1506 1223 1534 1250 δὲ
1546 1224 1599 1260 πρὸ
1621 1223 1703 1259 νόμου
1717 1223 1764 1250 καὶ
1777 1221 1848 1258 μετὰ

1060 1269 1141 1304 νόμον
1153 1269 1232 1305 ἡμῶν
1245 1270 1364 1306 πατέρας
1388 1270 1499 1305 ἄγγελοι
1519 1270 1588 1306 πρὸς
1599 1269 1629 1296 τὺ
1640 1269 1716 1296 Θεῖον
1733 1269 1845 1304 ἀνῆγον,

1060 1314 1076 1351 ἢ
1090 1315 1121 1342 τὸ
1140 1316 1275 1352 πρακτέον
1297 1316 1495 1352 εἰσηγούμενοι,
1515 1317 1562 1343 καὶ
1576 1315 1645 1351 πρὸς
1658 1315 1763 1342 εὐθεῖαν
1780 1315 1848 1350 άλη-

1060 1361 1134 1394 θείας
1146 1363 1204 1390 6δδν
1225 1363 1257 1390 ἐκ
1276 1363 1380 1398 πλάνης
1394 1363 1440 1389 καὶ
1462 1361 1534 1398 ζωῆς
1545 1363 1652 1398 ἀνιέρου
1669 1362 1844 1398 μετάγοντες·

1060 1407 1181 1444 ἢτάξεις
1205 1409 1316 1445 ίερὰς,ἢ
1332 1409 1486 1445 μυστηρίων
1504 1408 1695 1444 ὑπερκοσμίων
1715 1407 1847 1444 κρυφίους

1059 1454 1169 1490 ὁράσεις
1181 1455 1214 1487 δ’,
1229 1455 1246 1491 ἢ
1263 1455 1338 1487 θείας
1350 1454 1424 1486 τινὰς
1438 1455 1657 1490 πφαναρῤήσεις
1670 1453 1846 1489 ὑποφητικῶς

1060 1500 1260 1536 ἀναφαίνοντες.

226 1546 292 1572 dum
319 1549 393 1577 sunt,
420 1544 525 1572 abditas
546 1543 677 1575 visiones.
699 1547 745 1570 aut
775 1543 881 1571 divinas
907 1545 1037 1578 quasdam
1067 1548 1269 1582 praedictiones,
1295 1553 1424 1583 tanquam
1447 1547 1537 1576 nuntii
1561 1551 1589 1574 et
1604 1546 1722 1574 ministri
1751 1545 1846 1580 explu-

225 1596 322 1621 nantes
333 1597 348 1616 1

991 1667 1005 1703 §
1025 1665 1081 1696 Ill.

262 1745 292 1774 Si
305 1746 367 1780 quis
379 1753 444 1774 vero
458 1747 542 1779 dicat,
556 1747 717 1782 quibusdam
732 1747 834 1776 sanctis
850 1747 1007 1775 immediate

1093 1747 1125 1774 El
1134 1747 1163 1774 δέ
1174 1756 1216 1779 τις
1230 1747 1306 1783 φαίη,
1319 1748 1364 1774 καί
1375 1747 1486 1774 αὐτόθεν
1496 1747 1606 1783 ἀμέσως
1616 1746 1774 1782 ἐγγενέσθαι
1789 1747 1845 1773 τισὶ

227 1792 313 1822 Deum
335 1799 368 1820 ex
385 1800 415 1820 se
427 1794 595 1828 apparuisse,
621 1793 709 1821 discat
736 1794 818 1822 etiam
836 1795 889 1822 hoc
915 1799 1010 1830 aperte

226 1845 260 1867 ex
280 1837 429 1873 Scriptnris
450 1840 548 1870 sacris,
563 1839 650 1873 ipsum
667 1839 743 1872 illud,
757 1840 828 1874 quod
843 1840 888 1868 Dei
904 1844 946 1868 est
961 1847 1010 1868 oc-

227 1884 341 1918 cultum,
364 1885 499 1912 neminem
524 1885 624 1913 vidisse
637 1890 661 1920 π,
685 1893 774 1920 neque
795 1886 916 1913 visurum
937 1893 1009 1918 esse,

226 1931 274 1959 sed
288 1931 446 1966 apparuisse
470 1931 574 1958 sanctis
601 1931 699 1964 Deum,
722 1932 910 1960 ostendentem
923 1939 964 1965 se,
980 1936 1010 1958 ut

227 1983 289 2003 eum
304 1977 429 2008 decebat,
440 1984 489 2011 per
496 1977 558 2004 visa
572 1977 694 2012 quaedam
709 1984 799 2009 sacra,
813 1981 841 2004 et
857 1977 901 2009 iis,
916 1977 962 2011 qui
978 1983 1010 2004 ea

227 2021 370 2054 videbant,
396 2022 572 2056 congruentia
585 2027 609 2049 ο.
641 2021 739 2048 Sermo
772 2026 861 2048 autem
890 2021 1008 2053 divinus,

227 2068 301 2095 omni
318 2068 413 2102 plenus
439 2068 584 2101 sapientia,
601 2067 688 2094 visum
706 2067 772 2094 illud
796 2066 867 2101 quod
891 2067 1010 2093 divinam

227 2113 433 2142 similitudinem
459 2115 486 2141 in
515 2114 562 2141 illo
587 2114 645 2148 ipso
665 2113 725 2140 viso
741 2113 866 2147 ﬁguram,
882 2116 1010 2147 tanquam

227 2159 255 2187 in
271 2160 357 2195 ﬁgura
371 2167 465 2187 eorum
492 2167 552 2194 quae
577 2160 686 2193 ﬁgurari
713 2163 861 2194 nequeunt,
882 2159 1012 2186 ostende-

227 2206 284 2237 bat,
301 2206 336 2232 ab
348 2206 510 2233 intuentium
527 2206 560 2233 ad
579 2205 664 2232 Deum
689 2205 863 2237 adductione,
877 2204 939 2239 iure
954 2211 1009 2232 me-

227 2252 282 2279 rito
300 2251 504 2286 Theophaniam
530 2259 577 2279 seu
608 2252 654 2279 Dei
679 2253 878 2287 apparitionem
903 2256 1010 2284 vocat;

227 2298 285 2334 38
297 2303 392 2332 utpote
406 2305 466 2332 quae
479 2298 598 2325 divinam
615 2297 840 2326 illuminatiouem
853 2297 1009 2324 videntibus

228 2345 370 2381 immittat,
387 2350 413 2372 et
441 2344 544 2380 aliquid
565 2345 599 2371 de
625 2344 724 2371 divinis
737 2351 785 2371 eos
803 2351 883 2372 sacre
904 2344 1011 2372 doceat.

228 2391 277 2419 His
292 2391 391 2419 divinis
413 2392 480 2419 visis
505 2391 627 2426 praeclari
649 2391 686 2417 illi
709 2395 801 2426 patres
821 2390 906 2418 nostri
930 2390 1011 2417 mini-

229 2438 314 2466 sterio
337 2437 494 2471 angelorum
520 2436 711 2464 iuitiabantur.
734 2437 830 2464 Annon
857 2435 940 2463 etiam
963 2443 1008 2462 sa—

228 2491 306 2510 cram
318 2483 390 2511 illam
410 2483 607 2518 legislationem
625 2482 660 2510 ab
688 2482 748 2517 ipso
762 2481 818 2509 Deo
831 2481 913 2509 fuisse
925 2481 1009 2517 Moysi

229 2529 358 2557 traditam
379 2528 405 2562 δ,
422 2529 514 2556 divina
543 2529 651 2564 Scripta
679 2528 875 2556 tradiderunt?
894 2533 925 2555 ut
946 2535 1011 2554 vere

229 2581 280 2604 nos
292 2574 430 2607 docerent,
446 2575 545 2603 divina:
554 2583 613 2602 eam
626 2581 685 2602 esse
695 2583 727 2603 ac
741 2575 807 2610 legis
827 2578 1010 2604 sacrosanctae

1060 1793 1114 1820 τῶν
1129 1793 1213 1828 ἁγίων
1224 1793 1391 1828 θεοφανείας,
1417 1793 1574 1829 μανθανέτω
1592 1794 1639 1820 καὶ
1662 1793 1741 1820 τοῦτο
1752 1793 1845 1828 σαφῶς

1061 1840 1093 1867 ὲκ
1113 1840 1166 1866 τῶν
1194 1840 1346 1875 ίερωτάτων
1371 1838 1479 1873 λογίων,
1506 1838 1544 1870 ὡς
1566 1837 1631 1865 αὐτὸ
1654 1839 1764 1873 μὲνὸτι
1780 1840 1845 1864 ποτέ

1060 1885 1117 1911 ὲστι
1128 1885 1158 1911 τὸ
1177 1884 1224 1911 τοῦ
1241 1884 1308 1911 Θεοῦ
1329 1884 1453 1920 κρύφιον,
1467 1883 1554 1915 οὐδεὶς
1565 1883 1697 1919 ἑώρακεν,
1713 1883 1773 1910 οὐδὲ
1783 1883 1846 1918 ὅψε-

1060 1940 1121 1958 ται·
1149 1931 1302 1966 θεοφάνειαι
1325 1930 1354 1957 δὲ
1376 1932 1432 1962 τοῖς
1461 1929 1544 1961 ὁσίοις
1562 1929 1688 1964 γεγόνασι
1702 1928 1773 1956 κατὰ
1796 1928 1845 1960 τὰς

1062 1976 1218 2012 πρεπούσας
1235 1975 1304 2011 Θεῷ,
1325 1975 1368 2002 διὰ
1379 1975 1411 2011 δή
1427 1974 1449 1990 ⁸⁸
1461 1983 1541 2000 τινων
1554 1974 1634 2010 ἱερῶν
1649 1974 1761 2006 καὶτοῖς
1772 1973 1844 2009 ὁρῶ-

1062 2031 1103 2050 σιν
1115 2023 1253 2057 ἁναλόγων
1265 2022 1396 2058 ὀράσεων,
1416 2021 1604 2057 ὲκφαντορίας.
1624 2021 1655 2047 'H
1667 2021 1803 2055 πάνσοφος
1815 2019 1844 2046 δὲ

1062 2069 1183 2103 θεολογία
1197 2069 1246 2104 τὴν
1267 2068 1362 2104 ὅρασιν
1385 2068 1502 2103 εκείνην,
1517 2068 1535 2102 ἦ
1549 2076 1592 2099 τις
1606 2068 1635 2094 ὲν
1658 2067 1739 2102 ἑαυτῇ
1753 2067 1844 2100 διαγε-

1061 2115 1223 2151 γραμμένην
1237 2115 1364 2149 ἀνέφαινε
1375 2114 1424 2149 τὴν
1439 2113 1524 2146 Θείαν,
1538 2113 1576 2145 ὠς
1590 2114 1620 2140 ὲν
1632 2112 1769 2148 μορφώσει
1790 2111 1845 2138 τῶν

1061 2161 1231 2198 ἀμορφώτων
1246 2161 1268 2178 θ’
1280 2161 1417 2197 ὁμοίωσιν,
1433 2161 1465 2188 ἐκ
1478 2161 1527 2196 τῆς
1543 2161 1596 2186 τῶν
1615 2159 1739 2196 ὁρώντων
1758 2159 1804 2185 ἐπὶ
1815 2158 1845 2185 τὸ

1062 2208 1134 2235 θεῖον
1161 2207 1317 2242 ἀναγωγῆς,
1351 2207 1463 2238 εἰκότως
1500 2205 1577 2232 καλεῖ
1608 2205 1778 2239 θεοφάνειαν,
1807 2203 1845 2235 ὠς

1061 2254 1094 2280 δι’
1106 2253 1190 2289 αὐτῆς
1202 2255 1258 2284 τοῖς
1276 2252 1370 2287 ὁρῶσι,
1387 2252 1461 2282 θείας
1482 2250 1660 2285 ἐγγινομένης
1677 2249 1843 2284 ὲλλάμψεως,

1062 2299 1109 2327 καί
1122 2308 1148 2326 τι
1158 2299 1212 2325 τῶν
1223 2298 1302 2325 θείων
1314 2298 1402 2324 αὐτῶν
1418 2297 1498 2333 ἱερῶς
1510 2296 1677 2331 μυουμένων.
1699 2295 1807 2327 Ταύτας
1817 2295 1845 2321 δὲ

1062 2344 1110 2376 τὰς
1125 2344 1199 2376 θείας
1211 2344 1320 2380 ὁράσεις
1331 2343 1357 2369 οἱ
1371 2342 1469 2369 κλεινοὶ
1484 2341 1604 2377 Πατέρες
1623 2341 1702 2377 ἡμῶν
1716 2340 1846 2376 ὲμυοῦντο

1062 2391 1106 2419 διὰ
1126 2391 1215 2426 μέσων
1228 2390 1281 2417 τῶν
1300 2389 1431 2425 οὐρανίων
1445 2389 1594 2424 δυνάμεων.
1611 2388 1645 2414 Ἢ
1666 2388 1726 2422 οὐχὶ
1737 2387 1784 2413 καὶ
1797 2386 1845 2421 τὴν

1063 2436 1138 2472 ἱερὰν
1152 2436 1198 2463 τοῦ
1210 2436 1292 2471 νόμου
1314 2435 1503 2470 θεσμοθεσίαν,
1519 2435 1536 2470 ἡ
1551 2433 1605 2460 τῶν
1619 2433 1715 2468 λογίων
1728 2432 1845 2468 παράδο-

1064 2490 1105 2513 σις
1122 2481 1160 2512 ὡς
1176 2481 1289 2508 αὐτόθεν
1308 2480 1356 2516 μέν
1380 2488 1460 2515 φησιν
1474 2477 1580 2506 ὲκΘεοῦ
1594 2479 1633 2514 τῷ
1648 2477 1751 2511 Μωῡσῇ
1765 2477 1844 2503 δεδω-

1064 2527 1184 2564 ρημένην
1200 2536 1207 2560 ;
1224 2527 1297 2558 ὅπως
1310 2526 1342 2552 ἂν
1356 2527 1430 2561 ἡμᾶς
1451 2524 1558 2560 άληθως
1582 2524 1715 2559 μνήσαιτο
1725 2522 1759 2554 ’⁸,
1772 2521 1846 2553 θείας

1063 2573 1147 2609 αὐτὴν
1165 2571 1232 2599 εῖναι
1251 2571 1297 2599 καὶ
1311 2572 1386 2607 ἱερᾶς
1408 2570 1590 2597 ὑποτύπωσιν.
1618 2569 1742 2596 Διδάσκει
1760 2567 1789 2594 δὲ
1798 2567 1845 2593 καὶ

264 2655 280 2671 ν
290 2651 350 2679 Gal.
363 2661 402 2686 ιιι,
416 2653 458 2681 l9.
495 2657 509 2672 κ
522 2654 583 2681 Act.
597 2662 644 2686 vn,
666 2654 710 2682 53.
745 2659 759 2679 y
771 2654 864 2682 Matth.
893 2662 921 2686 ιι,
936 2652 985 2686 13;
1000 2655 1008 2681 Α

1053 2672 1061 2680 .
1087 2652 1194 2685 11,15;
1210 2651 1279 2679 Dan.
1307 2659 1356 2683 vtt,
1383 2650 1436 2683 10;
1454 2650 1506 2678 lsa.
1534 2658 1561 2677 ιι.
1596 2654 1607 2668 ι
1622 2647 1723 2675 lJoan.
1739 2653 1777 2679 tv,
1800 2645 1842 2672 l2.

228 2693 244 2708 ι
262 2686 330 2715 Gen.
352 2695 392 2720 ιιι,
408 2689 444 2721 8;
468 2696 545 2721 svnt,
560 2689 584 2715 1.
622 2690 636 2710 b
651 2690 730 2719 Num.
749 2698 786 2717 Ix.

851 2745 969 2773 VARle
988 2744 1188 2774 LECTlONES.

265 2801 288 2817 “
306 2801 356 2828 Ch.
372 2802 403 2828 Ι).
430 2802 460 2829 Ρ.

479 2803 616 2840 μένουσαι.
654 2805 679 2840 “7",
690 2804 722 2840 Dr
745 2803 774 2831 S.
800 2805 831 2832 P.
853 2803 1018 2840 xpumlagsr”
1036 2802 1142 2840 Annon
1157 2801 1290 2840 liabet_D.
1327 2801 1355 2840 “_
1369 2800 1404 2827 Μ.
1420 2799 1523 2840 ὲκιτῶγ
1535 2795 1729 2840 ἀμορφώτιεινἶΔ
1740 2793 1843 2840 figit;

281 2835 310 2863 Ρ.
332 2837 424 2874 μνήσῃ
437 2829 633 2876 τδιθέιάςζείὲ.
657 2829 704 2866 ΜΓ
713 2829 787 2870 θείας
800 2829 831 2867 in
848 2829 992 2867 a-crcu'san'di
1006 2829 1073 2864 casu.
1083 2837 1161 2871 legit;
1179 2835 1302 2871 sequitur
1313 2836 1384 2863 enim
1400 2835 1447 2862 καὶ
1463 2833 1539 2870 ἱερὰς
1556 2829 1758 2863 ὕπο-τυπώσεις,
1774 2829 1844 2865 quod

232 2871 331 2899 Scottis
346 2871 447 2900 vertit:
463 2873 570 2902 Divinas
586 2883 642 2902 eam
663 2883 719 2902 (ne
741 2879 765 2901 et
783 2883 872 2902 tacror
888 2875 1061 2901 characteres.
