1933 3075
129 181 178 209 181

624 177 669 206 DE
686 177 849 207 C(ELESTI
866 176 1087 210 HIERARCHIA,
1105 176 1182 205 CAP.
1203 178 1247 206 IV.

1699 177 1753 210 {82

125 239 207 265 τοῦτο
222 238 339 274 σοφῶςή
354 238 488 274 θεολογία,
502 238 533 265 τὸ
558 237 591 264 δι’
616 237 739 272 ἀγγέλων
766 237 852 273 αὐτὴν
875 238 908 268 είς

967 237 1174 265 delineationem
1189 242 1212 264 ο.
1228 235 1356 269 Quinimo
1380 229 1528 271 sapienter?
1541 236 1622 264 etiam
1644 236 1750 264 theolo-

124 286 202 321 ἡμᾶς
216 284 368 320 προελθεῖν,
392 285 431 317 ὡς
452 284 502 320 τῆς
525 283 687 319 Θεονομικῆς
705 282 809 315 τάξεως
830 283 917 309 ἐκεῖνο

125 331 353 367 θεσμοθετούσης,
368 331 399 358 τὺ
411 331 455 358 διὰ
475 331 529 357 τῶν
549 329 664 366 πρώτων
677 330 711 357 τὰ
723 329 836 365 δεύτερα
848 329 916 365 πρὸς

123 377 157 405 τὸ
166 378 243 405 Θεῖον
258 378 414 412 ἀνάγεσθαι.
433 378 488 405 Καὶ
501 377 556 413 γὰρ
572 377 602 403 οὺ
623 377 701 412 μόνον
711 376 821 403 ἐπὶτῶν
836 377 917 412 ὑπερ-

123 424 259 459 κειμένων
281 432 311 450 τε
336 424 383 450 καὶ
408 423 560 459 ὑφειμένων
580 423 660 455 νοῶν,
687 422 755 449 ἀλλὰ
780 422 833 449 κάν
859 424 915 452 τοῖς

122 470 288 506 ὁμαιαγέσιν
302 470 404 503 οῦτοςό
422 470 521 506 θεσμὸς
538 469 650 506 ὥρισται
677 468 753 505 παρὰ
777 469 828 504 τῆς
846 469 915 495 πάν-

122 524 178 543 των
192 516 355 552 ὑπερουσίου
376 515 587 552 ταξιαρχίας,τὺ
604 515 665 542 καθ’
683 516 801 551 ἑκάστην
820 515 913 551 ίεραρ-

121 562 187 597 χιαν
200 563 311 598 πρώτας
325 562 372 589 καὶ
384 563 470 598 μέσας
485 563 533 589 καὶ
546 561 703 593 τελευταίας
729 559 798 589 εἶναι
821 561 914 594 τάξεις

121 615 152 633 τε
162 607 210 634 καὶ
223 607 362 643 δυνάμεις,
379 607 426 634 καὶ
439 607 495 634 τῶν
509 607 628 643 ἡττόνων
641 604 710 633 εἶναι
734 607 797 638 τοὺς
813 605 914 642 θειοτέ-

121 661 189 688 ρους
219 653 323 689 μύστας
347 654 394 680 καὶ
431 655 451 671 ¹¹
473 653 657 689 χειραγωγοὺς
690 652 737 679 ἐπὶ
760 652 810 688 τὴν
835 652 911 679 θείαν

121 700 307 736 προσαγωγὴν
320 700 367 727 καὶ
382 699 512 735 ἐλλαμψιν
528 700 573 726 καὶ
592 699 743 726 κοινωνίαν.

968 284 1012 319 gia
1043 284 1133 314 docet,
1159 290 1219 310 eam
1244 289 1292 317 per
1316 282 1428 317 angelos
1453 283 1487 309 ad
1508 289 1558 310 nos
1587 282 1752 316 dimanasse,

968 330 1044 365 quasi
1060 330 1086 357 id
1100 329 1167 357 ordo
1191 329 1290 356 divina:
1319 328 1387 363 legis
1413 329 1546 362 sanxerit,
1569 335 1599 357 ut
1612 337 1661 364 per
1671 337 1752 365 supe-

967 377 1052 408 riora,
1068 376 1120 403 ista
1135 383 1196 410 qua:
1221 374 1351 402 inferiora
1373 378 1447 406 sunt,
1463 375 1497 402 ad
1513 375 1635 402 divinum
1647 374 1753 402 Numen

968 423 1147 450 adducantur.
1177 421 1283 448 Etenim
1300 428 1353 448 non
1376 421 1462 448 solum
1479 422 1667 456 superioribus
1684 421 1753 448 inie-

966 469 1139 503 rioribusque
1155 468 1302 498 mentibus.
1316 475 1411 494 verum
1429 467 1513 494 etiam
1527 467 1687 501 aequalibus,
1703 474 1751 494 seu

964 514 1144 545 coordinatis,
1171 519 1185 539 a
1214 512 1475 546 supersubstautiali
1514 520 1604 539 rerum
1630 512 1751 540 omnium

963 559 1132 594 primordiali
1148 558 1246 586 ordine
1268 558 1312 586 lex
1341 558 1394 586 ista
1416 559 1563 586 constituta
1591 562 1644 590 est,
1658 562 1689 585 ut
1703 565 1752 592 per

963 606 1084 641 singulas
1099 604 1269 632 hierarehias
1287 604 1369 639 primi
1394 609 1495 637 essent,
1513 613 1545 632 ac
1567 604 1648 632 medii
1660 604 1752 632 novis-

961 652 1080 686 simique
1099 650 1208 677 ordines
1223 657 1256 678 ac
1269 650 1395 683 virtutes,
1419 650 1651 685 inferioribusque
1679 649 1751 677 divi-

964 697 1056 724 niorcs
1078 700 1173 732 mysta:
1198 699 1301 726 essent,
1330 703 1363 723 ac
1394 696 1608 724 manuductores
1628 695 1662 722 ad
1677 695 1749 722 divi-

965 749 1031 769 num
1046 748 1200 774 accessum,
1216 744 1245 768 et
1258 740 1473 770 illustrationem
1489 746 1571 777 atque
1582 741 1751 769 communio-

964 794 1024 815 nem
1029 808 1036 816 .

893 865 976 903 διν.

161 948 231 984 Ὀρῶ
249 948 288 980 δὲ,
305 949 347 975 ὅτι
363 949 409 976 καὶ
433 948 464 975 τὸ
480 948 550 975 θεῖον
575 948 626 984 τῆς
644 948 732 984 Ἰησοῦ
758 948 908 984 φιλανθρω-

998 947 1123 975 Divinum
1139 949 1221 976 etiam
1236 949 1416 977 humanitatis
1437 948 1500 977 Jesu
1528 950 1686 985 mysterium
1699 958 1749 979 an-

118 994 186 1026 πίας
208 996 355 1030 μυστήριον
385 994 494 1029 ἄγγελοι
526 994 633 1032 πρῶτον
661 994 830 1030 ὲμυήθησαν,
852 993 911 1021 εἶτα

117 1041 153 1068 δι’
170 1040 259 1068 αὐτῶν
273 1042 314 1073 είς
332 1042 432 1077 ἡμᾶςὴ
445 1041 495 1076 τῆς
513 1040 640 1075 γνώσεως
660 1041 741 1076 χάρις
768 1041 909 1068 διέὸαινεν.

117 1086 198 1114 Οὕτω
216 1087 281 1121 γοῦν
299 1088 314 1114 ό
341 1087 477 1119 θειότατος
504 1087 623 1123 Γαϐριὴλ
650 1087 786 1123 Ζαχαρίαν
805 1086 909 1122 μὲντὺν

102 1133 252 1168 ,ἱεράρχην
283 1132 483 1168 ἐμυσταγὼγει,
507 1133 539 1160 τὸ
563 1134 707 1170 προφήτην
733 1133 843 1160 ἔσεσθαι
864 1133 911 1159 τὸν

117 1178 150 1212 ἐξ
165 1178 247 1205 αὑτοῦ
261 1179 326 1214 παρ’
342 1179 438 1206 ἐλπίδα
452 1180 544 1216 χάριτι
564 1179 624 1216 θείᾳ
636 1180 832 1216 γεννησόμενον
846 1181 909 1206 παῖ-

115 1225 162 1256 δα,
176 1224 227 1260 τῆς
251 1224 453 1261 ἀγαθοπρεπῶς
472 1227 520 1253 καὶ
535 1227 675 1263 σωτηρίως
691 1227 729 1263 τῷ
744 1227 838 1263 κόσμῳ
851 1228 910 1254 ὲπι-

117 1271 311 1307 φανησομένης
334 1271 464 1307 ἀνδρικῆς
491 1271 539 1299 τοῦ
573 1272 660 1308 Ἰησοῦ
686 1273 844 1309 θεουργίας·
859 1273 910 1308 τὴν

115 1317 146 1344 δὲ
160 1317 286 1353 Μαριὰμ,
314 1317 388 1349 ὅπως
407 1319 436 1345 ὲν
449 1318 518 1354 αὐτῇ
544 1319 702 1354 γεννήσεται
721 1320 751 1346 τὸ
765 1319 909 1356 θεαρχικδν

115 1363 169 1398 τῆς
186 1363 344 1398 ἀφθέγκτου
364 1364 543 1396 θεοπλαστίας
570 1366 727 1401 μυστήριον.
753 1367 865 1402 ’Έτερος
879 1367 908 1394 δὲ

115 1409 172 1436 τῶν
185 1409 308 1444 ἀγγέλων
319 1409 365 1436 τὸν
383 1410 482 1445 Ἰωσὴφ
506 1410 695 1443 ὲξεπαίδευσεν
708 1412 741 1444 ⁸⁸,
755 1413 828 1444 ὅπως
843 1413 909 1448 ἀλη-

116 1454 172 1487 θῶς
184 1456 395 1492 ἐκπεπλήρωται
406 1456 570 1489 τά”θειωδῶς
589 1458 781 1494 ἐπηγγελμένα
798 1458 837 1494 τῷ
847 1467 909 1495 προ-

115 1502 188 1538 γόνῳ
210 1503 301 1529 Δαυίδ.
325 1504 421 1536 ’Δλλος
447 1504 475 1530 δὲ
494 1505 558 1536 τοὺς
581 1505 723 1541 ποιμένας,
738 1506 775 1537 ὡς
797 1507 831 1541 τῇ
854 1506 909 1532 τῶν

114 1548 222 1575 πολλῶν
260 1549 432 1586 ἀναχωρήσει
465 1551 512 1577 καὶ
544 1551 645 1587 ἡσυχίᾳ
676 1551 906 1587 κεκαθαρμένους,

114 1592 317 1629 εὐηγγελίζετο,
336 1595 384 1621 καὶ
398 1596 446 1622 σὺν
468 1595 541 1632 αὐτῷ
563 1595 665 1632 πλῆθος
678 1598 807 1632 στρατιᾶς
827 1597 908 1633 οὐρα-

114 1641 173 1666 νίου
185 1639 234 1675 τὴν
251 1640 439 1677 πολυύμνητον
456 1642 563 1678 ἐκείνην
575 1642 718 1678 παρεδίδου
729 1645 784 1675 τοῖς
797 1644 843 1670 ἐπὶ
855 1643 908 1679 γῆς
920 1654 941 1683 C

113 1687 279 1721 δοξολογίαν.
302 1688 506 1724 Ἀνανεύσωμεν
524 1689 553 1715 δὲ
568 1689 614 1716 καὶ
636 1689 706 1725 πρὸς
720 1689 769 1721 τὰς
792 1691 908 1726 ὑπερτά-

112 1741 164 1764 τας
177 1732 200 1747 ’³
224 1732 278 1759 τῶν
299 1732 397 1767 λογίων
426 1734 613 1769 φωτοφανείας
626 1743 632 1750 ·
645 1734 701 1770 ὁρῶ
727 1734 792 1771 γὰρ,
807 1735 848 1762 δτι
860 1736 907 1763 καὶ

113 1778 197 1809 αὐτὸς
216 1778 319 1813 Ἰησοῦς
329 1779 362 1812 ⁸⁸,
376 1780 422 1806 καὶ
435 1779 489 1806 τῶν
504 1780 708 1816 ὐπερουρανίων
715 1781 813 1808 οὐσιῶν
824 1782 908 1817 ὑπερ-

112 1823 206 1854 ούσιος
234 1824 319 1856 αἰτία,
337 1825 407 1860 πρὸς
418 1825 448 1851 τὸ
466 1825 528 1852 καθ’
550 1827 624 1862 ἡμᾶς
649 1827 824 1862 ἀμεταδόλως
841 1827 905 1864 ὲλη-

113 1868 212 1902 λυθὼς,
229 1871 278 1897 οὐκ
289 1871 415 1907 ἀποπηδᾷ
429 1872 478 1907 τῆς
493 1873 540 1899 ὑπ’
555 1873 637 1899 αὑτοῦ
658 1873 804 1909 ταχθείσης
816 1883 844 1901 τε
859 1875 906 1901 καὶ

114 1915 274 1951 αιρεθείσης
292 1916 545 1953 ἀνθρωποπρεποῦς
573 1918 710 1952 εὐταξίας,
734 1919 792 1946 ἀλλ’
813 1919 906 1947 εὐπει-

113 1960 170 1993 θῶς
183 1961 206 1977 ⁹¹
219 1962 397 1990 ὺποτάττεται
414 1965 474 1995 ταῖς
484 1963 531 1990 τοῦ
547 1965 653 2001 Πατρδς
667 1965 714 1992 καὶ
729 1965 796 1993 Θεοῦ
810 1966 843 1993 δι’
854 1967 905 2000 ἀγ-

113 2007 202 2041 γέλων
220 2008 401 2036 διατυπώσεσι
417 2010 439 2026 ’⁸
450 2019 457 2026 ·
473 2011 519 2037 καὶ
533 2011 576 2038 διὰ
591 2011 681 2047 μέσων
702 2012 792 2039 αὐτῶν
807 2013 906 2047 ἀγγέλ-

113 2052 189 2080 λεται
201 2053 241 2089 τῷ
263 2055 360 2091 Ἰωσὴφ
375 2057 392 2091 ἡ
415 2056 484 2092 πρὸς
506 2057 552 2084 τοῦ
565 2058 672 2094 Πατρὸς
697 2058 905 2094 οίκονομηθεῖσα

112 2098 161 2125 τοῦ
178 2099 243 2126 Υἱοῦ
264 2101 331 2136 πρὸς
354 2101 491 2136 Αἴγυπτον
506 2103 689 2140 ἀναχώρησις,
715 2106 762 2132 καὶ
786 2103 863 2137 αὖθις
886 2107 903 2141 ἠ

113 2145 182 2181 πρὸς
202 2147 251 2181 τὴν
289 2148 420 2175 Ἰουδαίαν
445 2148 476 2181 ἐξ
499 2149 636 2184 Αἰγύπτου
667 2151 823 2186 μεταγωγή.
849 2151 904 2177 Καὶ

111 2191 146 2217 δι’
172 2192 296 2226 ἀγγέλων
332 2194 412 2220 αὑτὸν
436 2194 492 2230 ὁρῶ
514 2195 564 2231 μὲν
591 2195 643 2222 ὑπὸ
667 2197 728 2228 ταῖς
756 2198 904 2232 πατρικαῖς

112 2237 304 2273 θεσμοθεσίαις
323 2241 499 2276 ταττόμενον·
515 2241 552 2268 ἐῶ
567 2241 621 2278 γὰρ
647 2243 746 2275 εἰπεῖν,
771 2243 809 2275 ὡς
822 2243 903 2270 εἰδότι

110 2284 145 2311 τὰ
158 2287 218 2317 ταῖς
231 2287 380 2321 ἱερατικαῖς
394 2287 473 2323 ἡμῶν
495 2287 674 2323 παραδόσεσιν
696 2289 901 2325 ἐκπεφασμένα,

961 993 1028 1030 εειὶε
1042 995 1158 1029 primum
1174 995 1338 1029 patefactum
1350 1003 1412 1023 esse
1427 996 1515 1028 video,
1531 1003 1578 1032 per
1591 1004 1660 1031 quos
1674 997 1748 1024 dein-

962 1039 995 1067 de
1008 1040 1040 1067 ad
1057 1048 1107 1068 nos
1121 1048 1228 1076 quoque
1251 1042 1414 1076 cognitionis
1427 1041 1487 1076 ejus
1508 1043 1596 1077 gratia
1612 1043 1746 1077 pervenit.

961 1087 999 1114 ita
1022 1088 1208 1115 divinissimus
1238 1087 1282 1115 ille
1317 1088 1429 1116 Gabriel
1455 1089 1614 1117 Zachariam
1639 1089 1746 1123 quidem

960 1133 1115 1168 pontiilcem
1129 1133 1232 1166 docuit,
1249 1134 1319 1168 quod
1335 1142 1402 1169 puer
1417 1141 1451 1162 ex
1468 1135 1527 1170 ipso
1550 1140 1649 1169 prmter
1672 1142 1745 1170 spem

960 1180 1051 1207 divina
1077 1181 1164 1214 gratia
1191 1181 1358 1214 nasciturus,
1385 1182 1518 1216 propheta
1535 1181 1604 1209 foret
1619 1181 1747 1209 humanae

961 1227 1115 1262 divinaeque
1143 1225 1208 1254 Jesu
1235 1226 1450 1262 dispensatiOnis
1478 1228 1595 1263 benigne
1621 1227 1701 1255 simul
1715 1235 1748 1255 ac

960 1273 1109 1301 salubriter
1122 1274 1222 1301 mundo
1246 1273 1411 1308 appariturae
1425 1272 1439 1292 ἀ
1456 1282 1464 1301 :
1478 1273 1591 1301 Mariam
1606 1281 1670 1301 vero
1683 1281 1746 1300 eru-

960 1319 1037 1352 divit,
1062 1319 1200 1354 quomodo
1223 1319 1250 1346 in
1281 1319 1340 1354 ipsa
1364 1320 1485 1347 divinum
1508 1319 1573 1347 illud
1599 1319 1744 1347 iueﬂ'abilis

959 1365 1179 1392 Deiformationis
1212 1366 1371 1401 mysterium
1391 1370 1639 1394 consummaretur.
1669 1365 1746 1394 Alius

959 1418 1065 1449 quoque
1088 1412 1200 1448 angelus
1225 1412 1371 1447 Josephum
1388 1412 1489 1446 docuit,
1513 1419 1579 1439 vere
1593 1412 1743 1446 adimpleta

959 1464 1029 1490 esse,
1046 1465 1106 1493 quae
1118 1458 1286 1493 progenitori
1301 1458 1359 1493 ejus
1375 1458 1458 1485 David
1472 1458 1600 1485 divinitus
1612 1458 1745 1492 promissa

959 1503 1078 1531 fuerant.
1091 1504 1169 1532 Alius
1192 1505 1257 1532 item
1283 1505 1451 1539 pastoribus,
1469 1505 1569 1540 quippe
1579 1505 1634 1540 jam
1650 1504 1745 1532 solitu-

959 1549 1030 1576 dinis
1046 1557 1156 1577 recessu
1168 1557 1200 1577 ac
1219 1550 1417 1584 tranquillitate
1447 1551 1580 1586 purgatis,
1607 1549 1745 1585 evangeli-

959 1596 1031 1623 zavit
1046 1605 1053 1629 ;
1067 1603 1187 1632 cumque
1203 1596 1249 1624 illo
1274 1596 1394 1624 cmlestis
1417 1597 1555 1624 exercitus
1586 1596 1743 1627 multitudo,

959 1642 1167 1670 celeberrimutn
1184 1643 1266 1670 istum
1282 1643 1492 1670 collaudationis
1520 1643 1648 1678 hymnum
1665 1642 1744 1670 terri—

959 1688 1035 1723 genis
1043 1688 1156 1716 tradidit
1169 1694 1192 1716 θ.
1209 1689 1337 1722 Quinimo
1354 1690 1388 1716 ad
1397 1689 1604 1717 sublimissimas
1617 1688 1676 1716 illas
1688 1688 1744 1716 elo-

957 1734 1084 1769 quiorum
1109 1734 1305 1763 illustrationes
1324 1736 1423 1762 mentis
1436 1735 1559 1762 obtutum
1586 1735 1741 1770 erigamus;

958 1780 1144 1808 animadverto
1160 1782 1246 1814 enim,
1266 1782 1410 1816 ipsummet
1425 1781 1516 1809 Jesum
1531 1781 1588 1816 (qui
1603 1786 1645 1808 est
1660 1786 1741 1807 natu-

958 1834 1052 1854 rarum
1079 1834 1161 1862 supra
1187 1828 1340 1856 cualestium
1366 1835 1448 1862 supra
1482 1832 1608 1854 naturam
1635 1826 1743 1860 auctor)

957 1872 1002 1900 ubi
1016 1873 1050 1900 ad
1067 1878 1194 1900 naturam
1209 1878 1330 1901 nostram
1344 1874 1402 1900 sine
1417 1873 1457 1900 sui
1476 1873 1665 1900 immutatione
1694 1873 1743 1900 de-

957 1920 1076 1953 scendit,
1089 1927 1151 1948 eum
1165 1928 1246 1955 quem
1269 1920 1443 1947 ordinaverat
1459 1919 1631 1954 elegeratque
1645 1919 1742 1945 huma-

957 1967 1052 1995 nitatis
1074 1968 1199 1995 ordinem
1224 1975 1396 2002 nequaquam
1413 1967 1549 2001 refugere,
1566 1966 1633 2000 quin
1650 1965 1740 2000 potius

956 2013 1115 2041 obedienter
1135 2021 1165 2041 se
1189 2014 1353 2041 submittere
1379 2013 1476 2040 formis
1490 2020 1504 2039 a
1517 2013 1571 2039 Deo
1598 2011 1678 2039 Patre
1692 2019 1740 2046 per

956 2059 1067 2094 angelos
1081 2058 1185 2087 eiTectis
1199 2067 1207 2092 ;
1223 2066 1339 2094 quorum
1355 2058 1518 2089 ministerio,
1532 2064 1546 2083 a
1557 2056 1637 2084 Patre
1653 2057 1742 2092 dispo-

955 2105 1008 2133 sita
1025 2105 1073 2132 ﬁlii
1100 2105 1126 2131 in
1152 2105 1300 2140 JEgyplum
1327 2105 1590 2137 recessio;necnon
1618 2102 1742 2137 ejusdem

955 2160 988 2180 ex
1005 2150 1122 2186 [Egyplo
1135 2152 1161 2178 in
1179 2151 1299 2178 Judaeam
1330 2150 1464 2182 reductio,
1493 2149 1612 2184 Josepho
1630 2149 1741 2175 nuntia-

955 2195 1036 2223 batur
1051 2195 1074 2222 ι.
1090 2194 1160 2228 Quin
1176 2200 1205 2222 et
1224 2203 1272 2230 per
1285 2194 1396 2230 angelos
1424 2194 1510 2229 ipsutn
1541 2194 1680 2221 cernimus
1693 2201 1740 2228 pa-

956 2240 1043 2269 ternis
1058 2241 1165 2278 legibus
1178 2237 1233 2277 39'
1248 2240 1397 2275 subjectum
1416 2249 1422 2267 :
1442 2240 1538 2267 omitto
1555 2240 1626 2267 enim
1638 2239 1739 2268 dicere.

954 2291 1047 2322 utpote
1060 2288 1229 2322 scienti,quae
1242 2287 1425 2316 sacrosanctis
1434 2286 1536 2314 nostris
1549 2283 1741 2312 traditionibus

111 2331 160 2357 καὶ
175 2332 240 2366 περὶ
251 2331 299 2358 τοῦ
314 2332 430 2366 ἀγγέλου
443 2332 490 2359 τοῦ
505 2333 550 2360 τὸν
569 2333 673 2369 Ἰησοῦν
695 2333 900 2369 ὲνισχύσαντος·

959 2339 1082 2367 expressa
1105 2338 1168 2360 sunt
1183 2334 1217 2361 de
1230 2333 1326 2369 angelo
1339 2339 1449 2367 quoque
1461 2331 1552 2358 Jesum
1574 2328 1741 2357 conﬁrman-

110 2375 128 2411 ἢ
141 2376 181 2403 ὅτι
194 2378 242 2403 καὶ
256 2378 337 2410 αὐτὸς
350 2379 365 2404 ὁ
382 2379 494 2413 Ἰησοῦς,
518 2379 589 2405 κατά
602 2380 652 2415 τὴν
663 2380 678 2415 ἡ
684 2379 742 2414 μῶν
766 2379 901 2414 σωστικὴν

110 2422 305 2459 ἀγαθουργίαν,
318 2425 358 2456 εἰς
369 2425 566 2461 ὲκφαντορικὴν
582 2425 718 2461 ἐληλυθὼς
728 2424 813 2458 τάξιν,
832 2426 901 2460 Ἀτ-

109 2470 201 2503 τελος
211 2470 468 2505 μεγάλης-,ϐουλῆς
475 2471 655 2507 ἀνηγόρευται
665 2480 671 2486 ·
688 2472 734 2498 καὶ
747 2471 801 2507 γὰρ
812 2471 849 2503 ὡς
856 2471 900 2498 αὐ-

108 2515 155 2546 τὸς
184 2516 399 2552 ἁγγελοπρεπῶς
432 2511 524 2553 φησιν,
553 2518 604 2544 ὅσα
632 2518 732 2553 ἤκουσε
756 2517 831 2553 παρὰ
852 2517 899 2544 τοῦ

110 2560 226 2595 Πατρὺς,
247 2562 406 2597 ἀνήγγειλεν
419 2564 495 2598 ἡμῖν.

157 2702 168 2716 ι
185 2698 246 2724 Act.
269 2697 307 2730 7;
333 2696 424 2725 Galat.
448 2705 488 2725 Ill.
526 2701 538 2717 α
556 2697 619 2726 Luc.
634 2706 653 2731 ι,
670 2698 712 2726 15.

953 2384 978 2406 te
991 2379 1004 2400 ⁸
1017 2387 1025 2412 ;
1040 2384 1068 2406 et
1078 2384 1107 2406 ut
1129 2379 1242 2414 ipsemet
1256 2378 1345 2412 Jesus,
1361 2386 1410 2412 pro
1420 2377 1530 2405 salutari
1545 2381 1636 2404 nostra
1650 2382 1742 2402 emen-

952 2425 1073 2458 datione,
1092 2425 1119 2452 in
1134 2426 1278 2460 spirituum
1304 2425 1583 2453 manifestatoriorum
1612 2424 1739 2450 ordinem

951 2471 1097 2504 redactus,
1124 2473 1213 2507 magni
1236 2471 1342 2499 consilii
1370 2470 1485 2506 Angelus
1509 2470 1591 2498 fuerit
1618 2468 1736 2503 appella-

952 2523 996 2545 tus
1011 2517 1024 2537 δ
1042 2527 1049 2544 :
1064 2518 1177 2550 ctenim,
1205 2523 1236 2545 ut
1254 2518 1311 2553 ipse
1336 2526 1385 2553 pro
1407 2517 1494 2545 nttntii
1521 2524 1634 2544 tnunere
1661 2514 1738 2548 dicit,

953 2571 1120 2599 quaecunque
1136 2564 1238 2592 audivit
1251 2572 1266 2591 a
1279 2563 1370 2598 Patre,
1386 2568 1449 2592 nota
1461 2563 1527 2591 fecit
1541 2563 1630 2591 nobis.

754 2704 764 2717 η
780 2697 847 2726 ibid.
888 2698 897 2717 ί

959 2700 1011 2728 ιιΙι.
1026 2707 1057 2726 ιι.
1099 2701 1110 2719 Β
1127 2699 1191 2727 Luc.
1207 2707 1275 2732 χχιι,
1294 2699 1337 2727 45.
1375 2698 1449 2733 hisa,
1467 2707 1504 2732 Ix,
1522 2698 1538 2726 6
1553 2699 1578 2726 ln
1590 2699 1716 2733 Septung.

734 2789 853 2817 νΑῐιιΑς
874 2790 1077 2819 LECTIONES.

141 2889 167 2932 ’ί
182 2890 231 2932 Ci"
248 2891 353 2932 μύστ,ας
371 2901 410 2919 τε·
448 2894 470 2909 ⁹¹
488 2893 536 2921 Cll.
549 2893 578 2920 Ι)-
596 2893 776 2927 ἑξετιαίδευεν.
815 2895 838 2911 ⁹²
856 2895 886 2923 Ι).
906 2895 976 2932 ὑπὲρ
987 2895 1099 2926 ταύτας.
1138 2895 1160 2911 9‘
1179 2894 1194 2920 ὁ
1217 2895 1281 2929 Ἰησ.
1321 2892 1344 2908 ⁵⁸
1361 2891 1411 2920 Ch.
1435 2889 1500 2917 ἀλλὰ
1527 2888 1572 2916 καὶ
1600 2886 1733 2918 εὐπειθῶς

113 2927 133 2942 "
149 2926 179 2953 D.
200 2926 402 2954 ὑπάτυπώσεσι.
