1933 3075
225 174 275 201 I83
804 176 833 204 S.
855 175 1004 205 IlIONYSIl
1032 176 1262 206 ABEOPAGITE
1788 174 1837 202 186

808 253 1070 282 ADNOTATIONES
1090 253 1261 282 CORDERII.

264 308 278 337 ε
293 308 318 346 7|.
336 307 449 335 Deﬁnita
474 309 626 346 hierarchia
645 311 671 338 in
693 311 839 346 communi,
874 311 971 346 transit
987 310 1020 337 ad
1038 310 1188 345 angelicam
1210 310 1411 343 celebrandam,
1430 310 1576 338 secundum
1593 309 1692 346 figuras
1720 311 1745 338 in
1765 312 1840 341 Scri.

226 344 314 381 pluris
325 344 535 381 expressas.Ac
546 346 661 379 primum
681 345 789 374 quidem
813 345 922 379 angelos
937 346 1042 373 caeteris
1063 347 1199 373 creaturis
1223 346 1392 378 antecellere,
1421 354 1454 373 ex
1478 353 1510 373 eo
1536 344 1640 379 probat,
1667 347 1738 381 quod
1755 349 1839 380 magis

228 380 311 418 Deum
326 378 499 414 participant.
516 379 582 418 Cu7m
600 382 672 418 enim
687 381 758 418 Deu7s7
773 378 952 418 vocetotnnia
968 382 1002 408 ad
1025 380 1065 408 sui
1082 382 1310 418 communionem,
1337 381 1392 418 illa7
1405 381 1484 418 flunt7
1497 378 1586 418 eidem
1608 378 1715 408 vocanti
1731 378 1839 418 propin-

228 414 335 450 quiora.
352 421 519 448 quaecunque
536 416 659 449 pluribus
687 416 773 443 modis
797 415 972 450 participant.
991 423 1045 442 non
1066 416 1153 443 solum
1180 416 1339 450 simpliciter
1352 416 1530 444 substantiam
1556 416 1613 449 eius
1635 422 1663 443 et
1682 414 1836 449 vitani.'sed

228 449 310 486 etiam
325 450 458 486 rationem
472 454 500 476 et
511 450 690 486 sapientiam,
703 456 729 478 et
750 449 804 477 alia
826 451 884 484 ejus
906 451 1073 477 charismata
1098 449 1398 485 spiritalia’secnndmn
1425 451 1627 486 proportionem
1648 458 1838 486 supremarttm

227 484 309 511 etiam
329 483 460 522 mentium
484 494 491 512 :
509 483 562 513 illa:
577 486 728 522 enimqua
749 486 832 522 magis
847 486 1027 522 cognitionem
1046 490 1073 522 e7t
1088 483 1264 522 sapientiam
1276 483 1485 522 participaritnt,
1506 486 1591 522 magis
1615 485 1670 513 Deo
1683 483 1837 522 appropin-

228 523 331 555 quant;
348 520 416 546 tales
432 524 522 547 autem
538 525 602 548 aunt
615 521 725 548 ordines
744 521 876 555 angelici;
893 521 968 554 quia,
995 525 1024 547 ut
1044 521 1082 548 ait
1103 525 1216 548 sanctus
1243 520 1386 553 Maximus,
1405 528 1498 547 eorum
1519 520 1676 548 substantia!
1695 520 1757 549 sunt
1776 520 1838 555 v06;

230 553 341 592 {6y,__id
355 556 741 592 est,7m7ens7viuens.7Angelus
755 553 838 592 enim,
853 553 1000 592 secundum
1019 555 1214 592 Damascenum
1228 556 1312 592 btest
1332 556 1488 592 substantia
1510 555 1710 592 intellectualis,
1733 553 1838 592 semper

228 589 350 620 mobilis,
361 589 475 617 arbitrio
499 590 598 623 libera,
613 589 784 625 incorporea,
800 591 855 618 Deo
869 591 1038 624 ministrans,
1054 590 1225 618 immortalis.
1246 590 1403 618 Substantia
1428 591 1537 625 ponitur
1557 591 1584 618 in
1607 591 1658 619 hac
1682 589 1838 620 deﬁnitione

228 631 404 661 progenere,
419 629 445 652 et
457 626 567 659 ponitur
578 627 610 653 ad
623 626 803 654 dillerentiam
818 626 979 661 accidentis.
996 625 1159 659 lntelligitur
1176 626 1258 653 etiam
1286 625 1328 653 hic
1350 625 1502 653 substantia
1527 626 1751 661 qualitercuuque
1765 635 1839 654 com-

229 660 328 697 posita,
344 659 449 697 scilicet
465 667 497 686 ex
511 668 544 688 eo
557 661 628 696 quod
639 667 690 693 est,
702 666 730 688 et
744 669 844 697 coquo
856 665 905 688 est.
924 660 1118 697 Intelleclualis
1127 661 1226 688 dicitur
1248 661 1339 697 potius
1353 667 1433 695 quam
1457 659 1618 697 rationalis;
1633 662 1695 696 quia
1708 659 1782 689 ratio
1796 668 1837 690 est

230 694 317 732 virtus
329 693 457 732 collativa
469 693 600 732 causat'et
610 696 766 732 causatl,7et
781 693 841 732 ideo
850 696 1005 732 composita
1021 704 1029 722 :
1045 695 1198 732 intellectus
1210 693 1276 723 vero
1295 703 1329 732 ex
1350 693 1399 723 sua
1414 696 1520 723 ratione
1535 704 1588 723 non
1608 693 1690 732 habet
1705 699 1838 732 composi-

229 729 373 766 tione7m_et
384 729 570 766 collationem,
590 731 636 758 sed
652 736 694 758 est
709 731 767 758 sine
782 729 956 766 inquisitione
964 731 1214 766 el77c0mpositione,
1231 735 1260 758 et
1284 731 1344 758 ideo
1356 731 1484 765 competit
1499 736 1602 758 natura:
1619 731 1704 766 magis
1723 729 1838 766 siniplici

229 772 278 798 pro
292 764 454 800 differentia,
473 771 501 792 ut
512 771 555 793 est
568 766 696 799 angelus;
711 766 780 793 ratio
792 764 881 793 autem
899 770 939 793 est
953 765 1106 793 differentia
1119 771 1224 793 natura:
1239 766 1327 793 minus
1342 764 1484 800 simplicis,
1500 766 1604 794 scilicet
1621 764 1750 794 hominis.
1764 764 1838 794 Sem-

229 808 274 832 per
287 799 400 837 mobilis,
417 808 469 837 non
483 801 543 828 dico
556 801 589 827 de
602 801 661 828 loco
676 802 709 828 ad
721 801 827 837 locum;
842 801 889 837 sed
903 800 1119 837 mobili7tas7dicit
1131 801 1175 828 hic
1191 801 1324 837 triplicem
1340 799 1541 828 vertibilitatem
1558 802 1584 828 in
1610 802 1715 837 angelo,
1737 803 1839 829 scilicet

230 839 345 870 natura.
360 834 544 869 intelligentia?
555 841 583 863 et
594 837 750 864 voluntatis.
770 835 947 863 Mobilitatcm
959 836 1032 863 enim
1048 836 1130 863 habet
1145 834 1263 868 naturae;
1277 835 1339 870 quia
1364 843 1444 863 omne
1465 841 1586 863 creatttm
1608 834 1731 864 vertibile
1754 843 1795 864 est
1810 838 1837 865 in

230 869 357 907 nihilum,
372 869 425 907 nisi
439 878 520 896 tnanu
536 871 738 905 omnipotentiae
750 870 848 907 divinze
866 870 1046 907 contineatur.
1064 870 1197 907 Similiter
1212 869 1324 907 angelus
1342 870 1422 898 habet
1438 871 1614 907 mobilitatem
1639 872 1837 907 intelligentiae;

229 905 305 940 quia,
322 904 384 931 licet
397 904 423 931 in
441 906 537 939 angelo
552 904 656 940 nnn'sit
669 906 828 933 vicissitudo
841 905 1027 940 intelligentia!
1046 907 1134 940 quoad
1150 906 1218 932 scita
1243 904 1270 933 iit
1290 906 1390 937 Verbo,
1406 913 1468 933 cum
1494 905 1652 934 deiformem
1674 904 1771 935 habeat
1797 904 1839 934 in?

228 939 378 976 tellectum,
390 941 543 976 secundum
558 939 716 976 Dionysium
734 942 742 961 ί
760 951 767 968 :
785 945 873 975 potest
892 939 982 976 tamen
1000 940 1026 976 in
1047 939 1091 973 eo,
1117 941 1205 975 quoad
1231 942 1411 976 cognitionem
1437 947 1538 973 rerum,
1565 942 1591 968 in
1617 943 1727 976 propria
1744 946 1839 969 natura

228 981 291 1001 esse
303 974 464 1011 vicissitudo
480 974 665 1010 intelligentia:
680 978 769 1010 quoad
786 974 938 1003 discenda.
963 974 996 1002 Et
1021 975 1073 1003 hoc
1098 974 1140 1003 est
1155 977 1226 1010 quod
1253 974 1318 1003 dicit
1341 980 1452 1003 sanctus
1479 974 1648 1011 Augustinus
1669 974 1743 1011 quod
1761 984 1840 1004 omne

229 1014 349 1046 creatum
361 1010 467 1046 habens
480 1011 660 1043 intellectum,
675 1011 802 1046 intelligit
817 1018 900 1037 unum
915 1015 975 1044 post
989 1010 1073 1038 aliud.
1089 1011 1154 1038 Item
1172 1011 1197 1038 in
1213 1010 1353 1046 voluntate
1375 1011 1483 1038 mobilis
1498 1010 1539 1038 est
1562 1010 1686 1046 angelus,
1700 1012 1762 1046 quia
1787 1020 1838 1039 non

228 1044 308 1071 simul
322 1044 380 1071 vult
391 1045 442 1072 hoc
453 1051 480 1081 et
493 1046 564 1073 illud.
579 1047 646 1073 ltetu
662 1051 751 1081 potest
764 1044 816 1073 dici
833 1052 942 1081 se7t7nper
955 1046 1083 1079 mobilis;
1099 1051 1173 1072 tnotu
1189 1045 1352 1073 dilectionis.
1368 1046 1484 1072 Arbitrio
1507 1044 1672 1073 liberm—Hoc
1695 1044 1747 1074 n‘ou
1770 1047 1839 1074 dici-

229 1084 274 1106 tur
292 1084 403 1116 propter
415 1079 591 1116 dgilexionem
613 1082 646 1107 ad
662 1079 772 1108 'bouum
800 1080 985 1116 indilferenter
1005 1086 1032 1107 et
1047 1081 1080 1108 ad
1096 1081 1206 1113 malum,
1223 1082 1269 1108 sed
1289 1085 1399 1116 propter
1423 1081 1533 1108 liberam
1561 1081 1721 1110 electionem
1746 1090 1839 1110 eorttm

229 1122 289 1151 qua!
299 1115 426 1151 voluerit.
441 1114 518 1151 Uude
533 1116 649 1151 angelus
658 1116 745 1144 bonus
759 1123 865 1150 semper
876 1115 953 1150 eligit
969 1114 1055 1142 libere
1072 1116 1183 1148 bonum,
1197 1121 1224 1143 et
1246 1114 1357 1151 angelus
1375 1116 1463 1143 malus
1480 1116 1563 1144 libere
1578 1120 1604 1143 et
1617 1117 1676 1144 sine
1698 1118 1840 1144 coactioue

229 1150 306 1185 eligit
318 1150 429 1178 malum.
446 1150 617 1185 htcorporea.
634 1150 702 1184 Quia
718 1151 829 1186 spiritus
838 1155 879 1178 est
900 1155 1004 1186 natura;
1014 1158 1150 1185 corporea:
1164 1159 1270 1186 expers.
1289 1151 1343 1178 Deo
1355 1151 1517 1178 ministram.
1534 1151 1712 1180 Ministerium
1732 1153 1840 1186 ponitur

229 1187 275 1213 hic
301 1193 349 1223 pro
371 1193 541 1223 quocunque
556 1186 710 1223 obsequio:
728 1185 756 1213 et
776 1186 924 1223 secundum
951 1185 1022 1212 Ituuc
1037 1187 1156 1223 modum,
1181 1185 1234 1223 t:i_m
1255 1187 1423 1217 assisteutes,
1439 1194 1519 1221 quam
1543 1185 1746 1223 ministrantes,
1760 1195 1839 1223 quam

228 1223 310 1250 etiam
328 1221 464 1248 da'mones
478 1221 642 1248 ministrant.
658 1221 832 1248 Immortalis.
845 1221 915 1253 Quia
930 1225 1006 1247 caret
1023 1221 1136 1248 materia
1150 1225 1176 1248 et
1200 1221 1300 1254 forma,
1314 1230 1330 1249 e
1342 1229 1456 1255 quarum
1478 1222 1644 1249 resolutione
1659 1230 1732 1249 mors
1753 1221 1841 1256 sequi-

230 1263 283 1285 utr.
298 1256 405 1292 Angeli,
432 1256 579 1292 secundum
608 1256 754 1287 Isidorum,
769 1261 833 1292 sunt
857 1256 1090 1292 spiritus.7natura
1107 1257 1216 1290 quidem
1241 1257 1382 1284 mutabiles
1406 1257 1521 1290 conditi,
1536 1257 1583 1284 sed
1612 1258 1840 1292 contemplatione

229 1291 413 1321 immutabiles
428 1291 503 1322 lacti,
522 1291 613 1318 animo
626 1291 817 1325 impassibiles,
833 1296 922 1318 mente
938 1290 1096 1322 rationales,
1113 1291 1356 1326 felicitatesecuri
1374 1300 1381 1318 :
1400 1291 1470 1326 jussi
1486 1292 1615 1319 mundutn
1640 1290 1747 1325 regunt,
1762 1293 1838 1320 missi

229 1334 343 1362 corpora
368 1333 447 1353 aerea
462 1330 581 1357 sumunt,
597 1327 623 1352 in
635 1325 789 1354 caelestibus
801 1330 1012 1362 commorantur.
1033 1326 1070 1353 De
1087 1327 1182 1354 iisdem
1203 1327 1233 1354 S.
1247 1325 1405 1354 Bernartius
1428 1327 1466 1353 ait
1482 1336 1489 1354 :
1503 1327 1700 1361 Investigemus
1729 1327 1841 1354 investi-

228 1361 340 1397 gabilia.
356 1367 382 1388 et
395 1362 483 1394 primo
499 1361 611 1395 spiritus
626 1368 686 1388 esse
698 1366 834 1396 potentes,
847 1361 988 1395 gloriosos,
1002 1361 1105 1393 beatos,
1118 1362 1262 1389 distinctos
1275 1362 1301 1388 in
1318 1369 1457 1396 personas.
1474 1362 1621 1397 dispositos
1637 1362 1663 1388 in
1682 1362 1838 1396 dignitates,

229 1396 263 1424 ab
282 1397 361 1425 initio
372 1401 477 1425 stantes
492 1397 518 1423 in
534 1397 629 1423 ordine
642 1404 702 1428 suo,
716 1396 921 1423 immortalitate
937 1402 1093 1430 perpetuos,
1111 1402 1199 1424 mente
1213 1404 1306 1431 puros,
1321 1396 1419 1424 affectu
1445 1398 1588 1432 benignos,
1616 1396 1746 1431 religione
1769 1399 1840 1432 pios,

230 1433 410 1460 unanimitate
422 1432 586 1468 individuos,
601 1439 667 1468 paco
680 1438 801 1468 securos,
817 1431 916 1468 tlittiuis
933 1432 1056 1468 laudibus
1068 1437 1096 1460 et
1109 1433 1250 1468 obsequiis
1269 1432 1385 1468 deditos.
1403 1432 1468 1458 Item
1494 1431 1519 1459 ni
1547 1432 1650 1467 angelis
1662 1437 1703 1458 est
1723 1431 1840 1468 dignitas

228 1468 391 1499 creationis,
408 1468 495 1502 gratia
515 1466 741 1498 conﬁrmationis,
757 1473 833 1493 amor
843 1465 992 1496 Creatoris.
1009 1468 1075 1494 visio
1106 1465 1271 1494 Divinitatis.
1294 1466 1342 1494 Est
1366 1467 1448 1494 etiam
1476 1468 1502 1494 in
1529 1465 1632 1501 angélis
1658 1471 1687 1493 ut
1712 1465 1839 1502 superius

230 1503 334 1530 dictum
350 1507 401 1535 est,
422 1503 548 1529 essentia:
570 1502 717 1537 subtilitas,
732 1501 917 1537 intelligentia
939 1502 1146 1537 perspicacitas,
1159 1502 1236 1529 liberi
1261 1502 1366 1529 arbitrii
1393 1502 1517 1535 facultas,
1541 1502 1670 1537 agilitatis
1696 1502 1838 1530 velocitas.

229 1537 358 1572 Prompte
371 1545 467 1564 omnes
480 1537 618 1564 obediuut.
638 1536 753 1570 Maiores
765 1536 824 1564 sine
836 1536 953 1564 elatione
968 1543 1098 1571 praesunt,
1113 1537 1231 1565 minmes
1253 1538 1313 1564 sine
1340 1537 1406 1564 vitio
1432 1537 1549 1564 subsunt
1563 1536 1571 1564 Ξ
1587 1538 1632 1572 qtti
1656 1537 1691 1564 ad
1705 1537 1840 1564 exteriora

232 1578 344 1603 exeunt,
357 1573 391 1599 ab
409 1572 780 1608 interioricontemplatione
792 1579 844 1599 non
862 1573 1016 1608 recedunt;
1031 1580 1138 1599 omnem
1152 1572 1207 1608 ιο
1223 1572 1348 1599 virtutem
1370 1572 1527 1608 inferiorum
1552 1572 1704 1607 superiores
1729 1572 1842 1607 panici-

230 1613 307 1642 pant,
324 1615 377 1635 non
395 1611 517 1643 econtra.
531 1607 581 1641 Qui
597 1607 733 1643 excellunt
745 1607 890 1643 innatura,
907 1607 1062 1640 prtccellunt
1075 1608 1100 1633 lll
1117 1606 1205 1643 graita
1222 1612 1249 1634 et
1270 1607 1296 1634 in
1318 1607 1413 1643 gloria.
1427 1606 1456 1634 1n
1472 1607 1567 1634 eodem
1581 1606 1676 1643 ordine
1693 1606 1841 1643 creduntur

231 1641 314 1670 etiam
329 1643 374 1669 alii
390 1642 450 1669 aliis
461 1650 521 1669 esse
536 1642 681 1676 digniores.
701 1641 840 1676 Duplicem
867 1642 968 1669 habent
981 1643 1108 1670 visionem
1122 1662 1130 1675 ,
1158 1642 1264 1670 scilicet
1278 1641 1435 1670 maiutinam
1450 1648 1477 1670 et
1492 1641 1685 1677 vespertinam.
1704 1641 1842 1669 Illumina-

230 1679 319 1706 tiones
332 1685 402 1712 quas
417 1685 432 1704 a
448 1677 633 1711 superioribus
646 1677 791 1711 recipiunt,
809 1677 870 1704 aliis
882 1677 1013 1704 tribuunt.

267 1715 282 1750 ς
302 1711 426 1741 "(Dicit
441 1720 488 1753 eos
500 1713 611 1752 angelos
622 1719 724 1753 vocant,
738 1713 800 1752 quia
822 1712 950 1752 nimirum
964 1713 1138 1744 annuntiaut,
1157 1717 1185 1753 7et
1205 1712 1294 1753 quoad
1310 1713 1483 1753 ﬁeri7potest,
1501 1713 1631 1753 occultum
1655 1711 1704 1753 Dei
1724 1711 1840 1753 manife-

229 1747 302 1776 sta'ut
316 1758 322 1775 :
336 1754 363 1776 et
377 1748 496 1775 ostendit
523 1748 640 1783 visiones
653 1755 685 1773 ac
701 1747 747 1783 Dei
769 1747 963 1781 apparitioues,
982 1754 1089 1781 semper
1103 1748 1285 1775 mediantibus
1305 1747 1419 1783 angelis,
1439 1748 1630 1782 repraesentari
1655 1747 1754 1774 solere.
1786 1747 1840 1774 Per

230 1785 304 1818 ipsos
324 1784 396 1811 enim
413 1783 475 1808 data
490 1783 543 1814 lex,
557 1782 646 1810 Galat.
661 1790 690 1809 ttt
704 1790 712 1809 :
727 1782 781 1809 Lex
800 1782 922 1818 ordinata
935 1790 981 1816 per
996 1783 1102 1816 angelos
1117 1790 1146 1809 ut
1161 1791 1239 1809 manu
1254 1782 1423 1818 mediatoris;
1437 1788 1465 1810 et
1485 1784 1614 1810 Actorum
1627 1789 1675 1809 Vit:
1691 1783 1742 1814 Qui
1767 1790 1842 1809 acce-

228 1820 306 1854 pistis
321 1819 447 1854 legem7iu
461 1818 633 1854 dispositione
654 1818 818 1854 angelorum.
832 1817 940 1854 Etante
962 1818 1050 1851 legem
1065 1818 1214 1854 Abraham,
1230 1822 1257 1844 et
1279 1817 1384 1850 Mauoe,
1407 1823 1434 1845 et
1461 1818 1599 1852 reliquos;
1620 1823 1655 1854 et
1672 1823 1732 1854 post
1745 1817 1840 1854 legent

228 1852 392 1888 Josepltfet
407 1853 528 1885 Petrum,
545 1858 572 1880 et
594 1852 662 1879 alios
689 1853 817 1887 deinceps
840 1853 873 1880 ad
889 1852 1055 1888 voluntatem
1081 1852 1306 1888 Dei.facieudam
1325 1853 1495 1880 adduxerunt
1519 1855 1618 1887 angeli,
1633 1853 1749 1879 Mttllhtlii
1772 1859 1791 1878 ll
1813 1858 1842 1879 et

232 1887 363 1919 Actorum
377 1897 416 1921 λι,
432 1893 460 1915 et
472 1888 538 1922 quid
554 1889 686 1922 agendum
699 1892 760 1915 erat
771 1888 941 1919 nuntiarunt,
957 1892 986 1914 ut
1000 1887 1063 1915 .lesu
1078 1887 1163 1919 Nave,
1177 1887 1312 1919 Gedeouip
1320 1892 1347 1914 et
1371 1889 1450 1916 aliis:
1468 1892 1496 1914 et
1514 1889 1547 1915 ab
1561 1895 1654 1915 errore
1670 1890 1842 1914 abduxerunt

230 1925 396 1957 Cornelium,
412 1924 541 1950 Actorum
557 1931 596 1955 xt,
623 1927 650 1949 et
675 1923 753 1950 alios.
766 1922 800 1949 Et
812 1930 902 1949 sacros
914 1923 1020 1949 ordine:
1034 1923 1220 1954 manifestam,
1235 1927 1263 1949 ut
1284 1923 1377 1950 Daniel
1392 1931 1417 1950 c.
1435 1930 1492 1955 VII;
1514 1924 1604 1950 decies
1620 1928 1733 1950 centena
1756 1923 1839 1948 millia

232 1967 296 1987 ante
314 1963 492 1994 COllSpeClum
505 1958 553 1985 Dei
566 1958 683 1994 astantis
693 1958 762 1984 vidit
775 1958 900 1985 Ezechiel
913 1957 1090 1994 cherubinos.
1105 1965 1130 1985 c.
1143 1965 1179 1994 ιλ
1193 1957 1277 1994 Isaias
1292 1959 1468 1993 Seraphinos,
1480 1966 1505 1986 c.
1525 1965 1563 1985 v1.
1577 1959 1642 1985 Item
1654 1958 1841 1994 mysteriorum

230 1997 354 2026 uisiones,
371 1992 401 2020 ut
414 1993 499 2021 Exodi
516 2001 558 2025 ut,
575 1994 601 2020 in
616 1993 711 2029 Moyse
724 1997 752 2020 et
774 1994 855 2026 rubo;
872 1997 899 2020 et
913 1993 940 2020 itt
960 1992 1043 2020 Paulo
1057 1998 1145 2028 rapto,
1160 1993 1181 2020 II
1194 1993 1256 2021 Cor.
1284 2000 1334 2026 xu,
1359 1992 1387 2021 et
1409 1994 1436 2020 iu
1463 1994 1622 2028 Apocalypsi
1647 1993 1769 2020 .loantns.
1787 1993 1841 2019 Aut

229 2032 333 2058 divinas
344 2028 538 2063 praedictiones,
554 2033 586 2064 .ut
599 2029 628 2064 in7
640 2028 746 2061 Mauoe,
763 2033 789 2064 et
803 2029 892 2064 aliis.7
918 2063 924 2064 7
945 2063 950 2064 7
1156 2063 1160 2064 7
1194 2063 1198 2064 7
1294 2063 1298 2064 7
1408 2063 1411 2064 7
1603 2058 1637 2064 ,νγ
1653 2057 1674 2060 τ

268 2065 364 2093 Multis
376 2064 460 2090 modi:
473 2062 601 2090 arcanum
616 2063 662 2089 Dei
682 2063 864 2097 manifestam.
877 2062 1021 2090 Pulchram
1037 2063 1143 2091 ratione
1155 2063 1234 2097 hujus
1249 2063 1300 2090 loci
1318 2063 1494 2098 quaestionem
1515 2069 1605 2090 movet
1624 2063 1656 2090 D.
1678 2063 1797 2089 Thomas
1813 2062 1840 2088 in

232 2101 335 2134 Quam.
347 2100 457 2133 disput.,
471 2103 569 2132 quaest.
581 2099 626 2131 ‘II,
639 2099 716 2125 artic.
731 2099 759 2130 5,
780 2103 871 2125 utrum
886 2099 968 2134 homo
980 2098 1014 2125 ab
1027 2099 1123 2133 angelo
1140 2099 1231 2126 doceri
1245 2099 1343 2133 possit.
1359 2099 1394 2125 Et
1409 2099 1520 2126 resolvit
1545 2099 1615 2132 quod
1638 2099 1749 2133 angelus
1765 2098 1840 2134 circa

231 2133 370 2163 hominem
386 2134 532 2167 dupliciter
545 2139 685 2168 operetur,
711 2133 816 2161 scilicet
839 2141 892 2160 uno
908 2133 1000 2165 modo,
1022 2139 1127 2167 nostro,
1146 2139 1174 2160 ut
1194 2135 1302 2168 quando
1330 2134 1433 2160 homini
1461 2133 1628 2160 seusibiliter
1651 2137 1782 2168 apparet,
1799 2133 1840 2159 vel

230 2178 331 2204 corpus
345 2169 519 2201 assumeudo,
530 2167 574 2195 vel
586 2175 749 2204 quocunque
764 2169 816 2195 alio
829 2170 919 2202 modo,
931 2174 958 2195 et
969 2176 1029 2195 eum
1047 2176 1094 2203 per
1106 2167 1267 2196 locutionem
1281 2169 1435 2197 scnsibilem
1456 2169 1576 2201 instruit,
1589 2173 1617 2195 et
1636 2169 1675 2194 sic
1692 2176 1746 2204 non
1760 2167 1841 2204 aliter

231 2203 344 2240 au'gelus
361 2211 442 2239 quam
457 2204 540 2240 homo
553 2203 643 2231 dooet.
660 2205 721 2231 Alio
737 2206 815 2230 modo
828 2204 878 2240 sibi
896 2205 1018 2240 proprio,
1032 2204 1136 2231 scilicet
1161 2204 1344 2234 invisibiliter.
1361 2208 1388 2231 et
1409 2205 1449 2231 sic
1461 2212 1522 2231 cttm
1540 2203 1651 2240 angelus
1674 2203 1711 2240 sit
1736 2203 1841 2240 medius

231 2238 302 2267 inter
314 2238 399 2266 Deum
412 2243 440 2265 et
456 2239 606 2270 h0minem,
621 2241 726 2267 medius
742 2246 849 2274 quoque
861 2239 975 2266 docendi
992 2240 1087 2266 modus
1101 2240 1138 2267 illi
1149 2239 1289 2273 competit,
1311 2239 1423 2266 inferior
1441 2239 1549 2273 quidem
1565 2239 1631 2271 Deo,
1648 2238 1697 2265 sed
1710 2238 1837 2271 superior

231 2276 352 2302 homine.
372 2274 412 2300 Ad
437 2274 514 2307 cujus
540 2275 704 2301 evidentiam
718 2279 858 2301 sciendum
874 2279 916 2301 est
931 2279 1001 2301 inter
1013 2274 1181 2301 intellectum
1196 2279 1224 2301 et.
1246 2275 1416 2308 corporalem
1437 2276 1522 2301 visum
1551 2274 1621 2300 hanc
1638 2280 1699 2301 esse
1714 2274 1842 2299 ditl’ereu-

235 2312 302 2338 tiattt
315 2330 323 2342 ,
339 2310 410 2344 quod
425 2309 492 2335 visui
507 2310 644 2343 corpomli
659 2310 749 2336 omnia
765 2310 824 2343 ejus
835 2309 941 2344 objecta
959 2317 1036 2343 teque
1046 2312 1156 2343 cognitu
1173 2314 1229 2336 Sint
1245 2309 1333 2341 obwa,
1348 2308 1492 2336 intellectui
1516 2314 1605 2336 autem
1624 2317 1691 2341 non;
1709 2309 1755 2334 sed
1766 2315 1841 2342 quae-

234 2347 296 2373 dam
311 2346 404 2372 statim
420 2345 580 2379 conspicere
591 2349 692 2378 potest,
705 2350 827 2378 quaedam
845 2351 909 2371 vero
920 2352 983 2376 non,
997 2344 1049 2371 nisi
1064 2352 1097 2371 ex
1112 2345 1172 2372 aliis
1182 2345 1322 2379 principiis
1335 2345 1474 2378 inspectis.
1493 2344 1540 2371 Sic
1562 2344 1647 2379 igitur
1667 2345 1748 2370 homo
1765 2343 1841 2377 igno-

235 2387 324 2407 torum
351 2380 534 2414 cognitionem
557 2381 656 2413 accipit
681 2386 730 2414 per
745 2380 834 2405 lumen
862 2379 1056 2412 intellectuale,
1070 2385 1096 2407 et
1112 2388 1161 2415 per
1175 2381 1277 2414 primas
1291 2381 1483 2414 conceptioues
1498 2386 1547 2414 per
1568 2386 1598 2406 sc
1620 2385 1710 2411 notas,
1730 2385 1792 2411 qua:
1806 2380 1842 2404 ad

232 2416 324 2443 lutnen
340 2416 494 2442 intellecws
509 2415 614 2448 agentis
627 2420 833 2448 comparantur,
847 2415 916 2442 sicut
931 2415 1116 2443 instrumenta
1135 2417 1170 2442 ad
1183 2415 1328 2441 artilicem.

268 2452 404 2484 Quantum
422 2452 456 2476 ad
467 2454 625 2483 utrumque,
638 2450 708 2476 Deus
722 2450 841 2476 hominis
854 2451 975 2477 scientia:
991 2457 1073 2478 causa
1089 2457 1131 2478 est
1144 2450 1224 2477 modo
1239 2449 1476 2483 excellentissimo,
1493 2448 1556 2484 quia
1571 2453 1599 2476 et
1616 2449 1703 2484 ipsam
1719 2448 1840 2474 animam

230 2485 409 2514 iutellectuali
422 2485 524 2512 lumine
538 2486 686 2518 inStguivit,
704 2490 731 2512 et
745 2485 892 2519 primorunt
907 2485 1102 2519 principiorum
1121 2485 1243 2513 notitiatn
1258 2485 1295 2511 illi
1314 2485 1461 2519 impressit,
1477 2491 1537 2519 quae
1548 2489 1611 2512 sunt
1626 2485 1704 2519 quasi
1715 2484 1841 2518 quaedam

229 2522 377 2550 seminaria
394 2521 591 2557 7sctenti_a_rutu,
607 2522 679 2547 sicut
698 2525 726 2546 et
745 2518 812 2547 aliis
828 2518 1102 2557 rebus’uaturalibus,
1117 2518 1359 2557 producendorunf
1373 2518 1505 2557 omnium
1521 2518 1666 2557 ell'ecluufm
1695 2518 1842 2557 seminales

229 2557 330 2584 indidit
349 2556 480 2583 rati0ues.
497 2555 585 2582 Homo
599 2561 689 2582 autem
716 2562 778 2582 cum
794 2560 890 2583 natura
905 2562 954 2582 sua
974 2556 1052 2582 alteri
1070 2554 1173 2584 homini
1198 2562 1247 2589 par
1263 2556 1299 2581 sit
1325 2556 1350 2581 in
1379 2555 1470 2589 specie
1499 2555 1611 2582 luminis
1636 2554 1840 2586 intellectualis,

227 2592 325 2626 nequit
339 2592 417 2618 alteri
433 2597 491 2617 esse
506 2598 588 2618 causa
601 2592 733 2623 scientiae,
748 2592 838 2617 lumen
858 2590 896 2617 illi
913 2591 1069 2620 iustillando
1085 2593 1127 2620 vel
1141 2590 1275 2624 augendo,
1294 2592 1342 2616 sed
1360 2595 1462 2617 tantum
1481 2596 1615 2624 quatenus
1635 2590 1748 2617 scientia
1761 2589 1842 2626 igno—

228 2625 318 2654 torum
331 2634 380 2661 per
398 2626 530 2659 principia
551 2634 600 2660 per
616 2633 645 2653 se
668 2631 730 2653 uota
746 2631 888 2659 causatur,
905 2626 983 2652 alteri
997 2627 1195 2661 quodammodo
1220 2626 1322 2652 sciendi
1338 2631 1419 2652 causa
1434 2626 1537 2657 existit,
1553 2634 1605 2652 non
1617 2625 1694 2659 quasi
1714 2625 1842 2651 notitiam

226 2660 425 2699 principiorum
442 2665 562 2699 tradens,
576 2663 623 2699 sed
643 2662 716 2689 sicut
731 2662 844 2699 idquod
857 2661 884 2687 iu
897 2662 1038 2699 principiis
1049 2663 1179 2697 implicite
1194 2666 1222 2699 e7t
1240 2663 1439 2699 quodammodo
1457 2661 1483 2687 iu
1501 2662 1619 2695 potentia
1637 2660 1840 2699 continebatur,

226 2694 276 2733 per
290 2694 367 2732 signa
380 2698 504 2729 quaedam
520 2697 629 2733 sensilia
638 2698 768 2733 ettteriori
782 2694 874 2723 sensui
890 2694 1009 2730 ostensa,
1025 2698 1051 2725 in
1066 2694 1155 2725 aetum
1168 2696 1315 2733 reducens:
1329 2697 1446 2729 Angelus
1470 2694 1534 2722 vero
1547 2703 1616 2733 7cum7
1636 2702 1652 2720 a
1675 2701 1770 2733 natura
1788 2694 1841 2719 ba-

225 2730 288 2760 beat
305 2730 394 2758 mue"
407 2732 590 2768 inteltectuale
605 2732 754 2766 perfectius
770 2733 891 2764 homine,
902 2739 937 2758 ex
951 2738 1067 2767 utraque
1078 2737 1155 2768 parte
1166 2735 1258 2768 potest
1278 2730 1316 2768 illi
1338 2738 1404 2768 esse
1413 2738 1495 2768 causa
1514 2731 1627 2762 sciendi,
1653 2731 1733 2768 modo
1745 2734 1842 2768 tatuen

227 2767 362 2804 inferiori
372 2774 454 2800 quam
472 2766 554 2801 Deus,
571 2763 751 2804 tit—superiori
763 2775 843 2804 quam
857 2763 949 2794 homo.
961 2763 1101 2802 Siquidem
1114 2775 1148 2794 ex
1163 2763 1374 2804 partelumiuis,
1389 2767 1452 2792 licet
1466 2767 1531 2793 illud
1553 2773 1609 2804 nott
1635 2766 1721 2799 possit
1745 2763 1839 2804 inlun-

227 2805 292 2831 dere
308 2809 338 2829 ut
353 2799 438 2834 Deus,
449 2799 652 2836 potest‘tatnen‘
664 2804 730 2830 illud
743 2799 799 2837 jalu
815 2803 935 2829 infusum
950 2799 1116 2837 coul'ortare,
1135 2799 1172 2830 ad
1183 2802 1328 2836 perfectius
1338 2803 1568 2836 cognoscendum.
1589 2799 1627 2827 Ex
1653 2805 1732 2836 parte
1755 2800 1842 2826 etiam

264 2886 290 2907 II"
302 2885 362 2913 Lib.
379 2893 412 2920 tt;
429 2893 454 2913 c.
468 2885 493 2913 5.
536 2886 542 2905 ί
569 2885 670 2913 εωιεει.
683 2884 812 2913 hiet-arcti.
824 2890 883 2918 cap.
897 2884 939 2912 I5.
