1933 3075
218 141 270 171 181

801 143 829 172 S.
850 143 1000 172 DlO‘NYSll
1017 141 1247 172 AREOPAGITE

1794 136 1846 164 188

765 222 1008 250 PARAPBRASIS
1024 220 1247 250 ΡΑΟΗΥΜΕΒΑΕ
1263 219 1311 251 (9).

255 276 270 313 §
288 277 308 306 I.
328 277 488 307 Hierarchia
502 279 559 314 ipsa
573 280 646 307 omni
671 284 698 308 et
719 281 858 315 universa,
873 281 930 308 sive
948 288 1004 308 coe-

1092 280 1106 316 §
1137 279 1157 307 I.
1177 279 1232 315 Τῆς
1259 277 1399 318 ίεραρχίας
1421 275 1506 311 αὐτῆς
1536 274 1643 309 ἀπάσης
1667 274 1714 300 καὶ
1738 272 1845 299 καθοΑι-

219 324 313 351 lestem
344 325 456 356 dixeris.
485 326 542 352 sive
569 331 704 359 nostram,
728 331 802 354 recte
823 327 945 361 quidem,
973 331 1004 353 ut

217 372 355 402 existimo,
373 371 438 406 quid
453 371 500 402 sit.
513 379 563 406 pro
576 372 785 407 philosophandi
801 373 911 400 modulo
936 372 1005 400 deli-

218 417 285 448 nita,
299 423 349 450 age
375 424 446 444 nunc
467 417 628 451 angelicam,
643 425 756 452 eamque
780 418 877 448 solam.
891 422 920 444 ut
945 424 1006 445 sese

217 461 311 494 habet,
329 462 511 490 liierarcbiam
537 463 694 498 indagemus
717 468 745 491 et
767 463 916 496 discamus,
934 465 1006 499 quod

217 507 311 542 utique
324 507 351 534 in
368 508 491 535 auctoris
505 516 599 536 eorum
618 509 664 536 Dei
678 509 785 536 laudent
799 510 882 536 cedit.
897 508 963 536 Nam
983 508 1006 535 si

217 553 298 580 etiam
314 560 347 580 ex
362 554 519 581 hominibus
535 555 654 586 cognitio
668 554 714 582 Dei
744 554 917 586 miriﬁcatur.
927 553 1006 589 juxta

217 599 282 625 illud
296 606 304 626 :
320 597 451 625 Mirabilis
463 598 535 633 facta
543 603 581 624 est
591 597 698 623 scientia
710 602 756 624 tua
768 607 800 626 ea:
810 607 850 626 me
858 604 890 631 ll-,-
903 603 1007 634 quanto

217 643 316 677 magis,
331 650 390 677 quae
406 650 487 677 supra
505 642 670 678 principium
685 647 736 676 est,
749 643 879 671 divinitas
899 644 1007 679 magni-

218 688 348 715 ﬁcabitur
363 692 390 715 et
402 687 584 716 celebrabitur
600 688 626 715 in
642 695 676 715 eo
691 688 761 722 quod
775 689 809 716 de
824 689 929 724 angelis
939 697 1006 717 con-

217 734 401 769 templamur?
423 733 522 762 Verum
551 741 605 761 non
627 734 812 769 sensibilibus,
835 736 882 764 sed
910 743 1007 770 super-

217 781 401 808 nnmdialibus
413 785 440 808 et
449 780 654 808 intellectilibus
663 781 761 814 oculis,
773 786 802 808 ut
815 789 864 816 per
877 782 1008 818 mysticas

217 828 351 862 imagines
362 827 388 854 in
402 827 552 862 Scriptnris
570 834 727 862 expressas,
742 828 775 856 ad
789 836 882 856 eorum
900 829 1007 864 simpli-

216 873 328 901 citatem
359 873 536 902 adducamnr.
563 874 704 910 Siquidem
734 875 859 903 audimus
881 876 907 902 in
931 876 1006 903 Scri—

216 920 304 954 pturis
318 920 401 948 boves
413 925 441 947 et
453 920 557 953 leones,
574 921 696 956 aliasque
721 922 854 956 quasdam
869 923 1008 957 composi-

1057 327 1118 362 κῆς,
1133 327 1186 354 κᾶν
1205 326 1254 361 τὴν
1278 323 1405 360 οὐρανίαν
1429 322 1525 354 εἴποις,
1542 320 1593 348 κᾶν
1612 321 1661 355 τὴν
1684 319 1744 347 καθ’
1762 321 1845 355 ἡμᾶς,

1057 371 1221 408 ὁρισθείσης,
1239 369 1330 401 καλῶς
1347 369 1384 400 ὡς
1395 366 1579 402 ὑπολαμϐάνω
1593 366 1663 393 κατὰ
1681 364 1846 402 μετριασμὺν

1059 417 1211 452 φιλόσοφον,
1226 416 1253 442 τί
1276 416 1343 448 ἐστι,
1366 414 1432 450 φέρε
1457 414 1506 449 τὴν
1537 412 1696 448 ἀγγελικὴν,
1713 411 1775 446 τόγε
1798 410 1846 437 νῦν

1057 464 1130 498 ἕχον,
1154 462 1291 498 ἱεραρχίαν
1308 462 1354 488 καὶ
1367 462 1448 497 μόνην
1458 460 1619 497 ζητήσωμεν
1625 459 1671 486 καὶ
1679 459 1817 494 μάθωμεν,
1831 457 1846 484 ὃ

1060 509 1091 544 δὴ
1104 508 1188 543 ὕμνος
1203 508 1260 533 ἐστὶ
1277 506 1345 542 πρὸς
1359 506 1405 533 τὸν
1428 506 1578 541 ποιήσαντα
1601 504 1702 535 ταύτας
1717 503 1791 530 Θεόν.
1813 503 1846 530 El

1059 553 1113 588 γὰρ
1128 554 1175 579 καὶ
1188 553 1220 579 ὲκ
1234 551 1288 578 τῶν
1300 550 1449 587 ἀνθρώπων
1463 550 1666 586 θαυμαστοῦται
1683 551 1700 585 ἡ
1719 549 1764 575 τοῦ
1778 548 1846 575 Θεοῦ

1058 599 1168 633 γνῶσις,
1193 597 1263 625 κατὰ
1271 597 1312 624 τό·
1338 596 1567 631 Ἐθαυμαστώοη
1583 596 1602 630 ή
1615 594 1726 630 γνῶσίς
1741 602 1799 621 σου
1814 592 1848 626 ἐξ

1057 644 1140 679 ἐμοῦ·
1156 644 1231 679 πόσῳ
1247 652 1278 678 γε
1297 643 1395 678 μᾶλλον
1415 641 1645 678 μεγαλυνθήσεται
1658 641 1705 667 καὶ
1730 639 1846 676 ὑμνηθή-

1060 699 1135 717 σεται
1153 690 1169 724 ή
1186 690 1350 725 ὑπεράρχιος
1368 688 1472 723 θεότης,
1488 689 1517 714 ὲν
1531 684 1553 721 ᾧ
1576 688 1640 723 περὶ
1654 687 1709 713 τῶν
1723 685 1846 720 ἀγγέλων

1061 735 1231 771 θεωροῦμεν;
1249 735 1317 761 Ἀλλ’
1327 735 1378 762 οὐκ
1392 732 1742 770 αἱσθητοῖς,ΰπερκοσμίοις
1755 732 1783 758 δὲ
1799 732 1847 758 καὶ

1058 783 1164 816 νοητοῖς
1180 781 1336 817 ὀφθαλμοῖς·
1355 781 1429 812 ὅπως
1455 779 1500 807 διὰ
1522 779 1576 806 τῶν
1602 780 1630 806 ὲν
1644 781 1704 810 ταῖς
1725 779 1847 814 Γραφαῖς

1060 828 1199 865 μυστικῶν
1216 827 1412 863 είκονισμάτων
1444 826 1605 862 ἀναχθῶμεν
1620 826 1660 857 είς
1675 826 1724 862 τὴν
1743 825 1847 852 τούτων

1060 875 1207 910 ἁπλότητα.
1232 874 1379 909 Ἀκούομεν
1397 873 1452 908 γὰρ
1469 874 1497 899 ὲν
1512 874 1572 904 ταῖς
1586 873 1707 908 Γραφαῖς
1721 871 1784 907 βοῦς
1799 871 1845 898 καὶ

1059 921 1179 953 λέοντας,
1203 921 1248 947 καὶ
1271 920 1366 956 ἑτέρας
1390 919 1528 950 συνθέσεις
1541 918 1627 950 τινὰς,
1650 918 1684 950 ἃς
1699 918 1731 953 δὴ
1752 918 1791 953 τῷ
1806 918 1847 944 νοΐ

216 967 317 999 tiones,
344 974 411 1001 quas
437 967 499 994 dum
522 972 612 995 mente
635 968 830 1003 pervolvimus,
855 968 1004 995 secundum

1060 968 1298 1004 παραπέμποντες.
1316 965 1386 992 κατὰ
1398 966 1447 1001 τὴν
1462 965 1565 992 οἰκείαν
1579 964 1635 998 ἓξιν
1654 963 1782 999 ἀξιοῦμεν
1796 965 1846 990 αὺ-

215 1012 355 1047 proprium
383 1012 506 1040 habitum
531 1015 642 1041 easdem
671 1015 900 1041 consideramus:
922 1018 1006 1048 atque

215 1059 253 1086 ita
269 1060 341 1093 quod
361 1065 442 1086 sensu
459 1060 637 1094 compositum
659 1065 711 1093 est,
726 1061 757 1087 ﬁt
771 1065 861 1088 mente
877 1060 1004 1095 simplex,

215 1109 299 1140 atque
316 1105 495 1133 hierarchica:
509 1106 662 1140 disciplina:
677 1111 785 1138 auctor,
797 1106 904 1134 scilicet
922 1107 1003 1140 Deus,

217 1150 370 1187 gratiarum
402 1151 569 1183 actionibus,
606 1154 831 1180 caeremoniarum
864 1153 1005 1180 Conditori

216 1198 446 1234 competentibus,
470 1198 605 1226 mirabilis
627 1199 801 1233 praedicatur.
823 1200 1006 1234 Quemadmo-

217 1245 281 1271 dum
303 1244 374 1272 enim
389 1251 437 1271 rex
458 1244 549 1271 verbis
575 1244 668 1279 regiis,
691 1252 752 1278 qua:
778 1245 908 1272 nimirum
925 1245 1006 1281 regia:

216 1289 342 1321 dignitati
357 1292 524 1323 competunt,
552 1289 758 1325 magniﬁcatur;
774 1290 812 1317 ita
827 1298 935 1325 quoque
959 1299 1007 1318 na-

219 1339 285 1362 tura:
299 1335 348 1368 illi,
364 1342 425 1369 qua:
439 1335 508 1362 rilus
533 1342 626 1363 sacros
651 1335 784 1369 instituit,
804 1338 894 1365 verbis
916 1338 1002 1364 ritua-

216 1379 288 1406 libus
304 1379 354 1414 ipsi
375 1380 596 1415 c0ngruentibus,
614 1381 706 1415 gratiae
731 1382 897 1409 referuntur.

251 1425 373 1453 Primum
390 1432 480 1453 autem
493 1427 613 1453 omnium
637 1427 785 1454 secundum
803 1428 947 1456 veritatem
963 1429 1006 1457 di-

216 1472 366 1505 citnus,-ne
394 1473 455 1507 quis
481 1473 612 1500 virtutum
633 1474 746 1501 audiens
776 1476 1004 1510 magnitudinem,

217 1527 299 1554 supra
324 1524 465 1547 creaturas
498 1527 545 1547 eas
571 1524 690 1555 reputet.
715 1520 851 1554 Dicimus,
880 1521 1004 1557 inquam,

218 1567 269 1594 has
283 1575 378 1595 omnes
393 1567 477 1595 Deum
494 1567 626 1600 bonitate,
645 1576 699 1596 non
713 1569 889 1603 necessitate,
911 1570 1005 1598 condi-

217 1613 292 1641 disse
316 1623 323 1640 :
347 1613 479 1648 siquidem
507 1614 559 1641 hoc
581 1615 704 1642 auctoris
728 1615 849 1642 omnium
872 1619 899 1642 et
924 1622 1007 1650 super

218 1660 309 1687 omnia
332 1659 380 1687 Dei
407 1660 538 1688 bonitatis
551 1662 689 1696 proprium
706 1666 757 1694 est,
772 1661 805 1689 ad
826 1662 866 1689 sui
882 1669 1005 1689 commit.

217 1705 326 1733 nionem
339 1713 371 1733 ea
387 1712 448 1739 quae
459 1707 594 1733 exsistunt
607 1706 818 1741 invitare.juxta
837 1707 1000 1742 capacitatis

218 1752 350 1786 cujusque
367 1752 563 1780 deﬁnitionem.
588 1753 655 1780 Nam
678 1761 711 1780 ea
738 1754 843 1782 ratione
865 1761 919 1788 qua
935 1753 1001 1788 quid

218 1802 271 1831 est,
281 1798 402 1825 divinum
416 1806 522 1834 quoque
532 1798 639 1826 Numen
653 1799 818 1834 participat;
836 1804 865 1826 ut
884 1799 1004 1826 siinani-

218 1849 319 1871 malum
333 1845 378 1877 sit,
389 1845 530 1872 eutitatem
545 1845 630 1872 solam
638 1845 733 1877 habet;
744 1846 785 1872 sin
798 1845 909 1878 animal,
919 1846 1001 1872 etiam

219 1889 303 1924 ipsam
330 1890 430 1922 vitam;
453 1891 495 1917 sin
513 1898 578 1918 vero
600 1891 682 1918 etiam
707 1890 844 1925 particeps
874 1891 1002 1925 rationis,

219 1937 403 1964 ratiocinandi
427 1942 455 1964 et
476 1937 651 1971 intelligendi.
661 1936 836 1969 facultatem;
856 1938 895 1964 uti
914 1938 941 1964 in
960 1938 1006 1966 de-

220 1991 304 2011 cursu
319 1984 427 2011 aslruit.
438 1983 610 2018 Qnawunque
623 1984 706 2018 igitur
724 1983 874 2016 exsistunt,
887 1984 1005 2010 divinam

219 2030 386 2064 participant
396 2030 596 2064 providentiam
609 2037 643 2057 ex
665 2030 886 2064 snperessenliali
901 2029 1006 2057 Deitale

219 2081 436 2110 promaaantem.
465 2075 518 2112 43
547 2076 615 2103 Hinc
637 2076 736 2110 enim,
775 2077 865 2112 inquit
899 2076 1006 2113 Grego-

219 2121 277 2148 rins
289 2121 452 2156 Theologus,
466 2123 566 2149 bonum
576 2122 687 2149 dill'undi
700 2124 862 2157 oportebat:
877 2125 1005 2158 quoniam

219 2167 320 2194 malum
337 2175 424 2201 neque
435 2167 638 2195 subsistentiam
655 2169 748 2201 habet,
761 2177 848 2204 neque
866 2171 1005 2198 exsisten-

219 2213 301 2246 tiam;
315 2214 534 2249 quandoquidem
552 2215 598 2242 Dei
613 2223 666 2242 non
692 2217 729 2242 sit
742 2217 890 2251 particeps,
903 2225 1004 2245 secun-

219 2263 284 2287 dum
302 2260 410 2287 habitus
422 2261 601 2295 privationem
617 2269 765 2296 apparens,
780 2265 826 2290 sed
847 2271 898 2291 nec
913 2271 1006 2290 exem-

1054 1013 1105 1045 τὰς
1130 1014 1241 1039 ὲννοεῖν·
1274 1012 1320 1039 καὶ
1346 1011 1431 1043 οὕτως
1452 1011 1482 1037 τὸ
1508 1010 1632 1037 σύνθετον
1656 1011 1690 1045 τῇ
1711 1009 1847 1045 αἰσθήσει,

1057 1059 1159 1086 ἁπλοῦν
1171 1059 1210 1095 τῷ
1231 1058 1272 1086 νοῒ
1285 1059 1399 1093 γίνεται·
1415 1057 1462 1085 καὶ
1476 1056 1644 1093 θαυμάζεται
1666 1058 1682 1092 ἠ
1700 1057 1774 1083 αίτία
1796 1056 1846 1091 τῆς

1058 1105 1218 1141 ίεραρχικῆς
1235 1105 1398 1140 ἐπιστήμης,
1422 1104 1505 1139 ἤγουν
1520 1105 1534 1130 ὁ
1552 1103 1629 1136 Θεὸς,
1644 1104 1672 1129 έν
1691 1103 1848 1138 τελεταρχι-

1059 1154 1122 1184 καῖς
1136 1152 1183 1179 καὶ
1199 1151 1400 1187 προσηκούσαις
1425 1150 1620 1186 εὐχαριστίαις.
1643 1149 1686 1180 Ὡς
1701 1148 1755 1184 γὰρ
1769 1150 1782 1175 ό
1796 1149 1846 1184 βα-

1057 1198 1145 1229 σιλεὺς
1161 1197 1308 1232 βασιλικοῖς
1326 1196 1425 1231 λόγοις,
1451 1195 1533 1222 οἱονεὶ
1555 1196 1588 1230 τῇ
1613 1194 1734 1229 βασιλεία
1760 1201 1846 1229 προσ-

1056 1245 1162 1279 ήκουσι,
1183 1242 1362 1278 μεγαλύνεται
1374 1251 1381 1257 ·
1398 1241 1468 1268 οὕτω
1482 1242 1529 1268 καὶ
1549 1241 1566 1276 ή
1588 1240 1744 1276 τελετάρχις
1756 1239 1846 1272 οὐσία,

1056 1290 1147 1325 λόγοις
1160 1290 1364 1325 τελεταρχικοῖς
1379 1288 1590 1324 εὐχαριστεῖται.

1094 1423 1208 1460 Πρῶτον
1222 1423 1245 1450 δ’
1258 1422 1386 1450 ἁπάντων
1397 1422 1484 1448 έκεῖνο
1498 1421 1623 1456 λέγομεν,
1637 1421 1695 1447 κατ’
1707 1420 1845 1456 ἀλήθειαν,

1058 1471 1102 1498 ἵνα
1111 1470 1160 1507 μὴ,
1173 1469 1292 1501 ἀκούσας
1302 1478 1344 1501 τις
1353 1469 1384 1496 τὺ
1393 1468 1448 1496 τῶν
1460 1468 1601 1504 δυνάμεων
1614 1468 1763 1503 μεγαλεῖον,
1776 1467 1847 1503 ὑπὲρ

1057 1516 1092 1543 τὰ
1108 1516 1246 1551 κτίσματα
1268 1515 1405 1550 λογίσαιτο
1423 1514 1532 1546 ταύτας.
1547 1515 1669 1550 Λέγομεν
1685 1514 1784 1546 τοίνυν,
1805 1515 1846 1541 δτι

1058 1563 1145 1593 πάσας
1162 1561 1246 1594 αὐτὰς
1262 1560 1606 1596 ἁγαθότητι,καὶοὺχρείᾳ,
1621 1561 1636 1586 ὁ
1646 1559 1712 1591 Θεὸς
1727 1559 1847 1594 ὑπέστη-

1059 1616 1114 1636 σεν·
1136 1607 1257 1643 ἔστιγὰρ
1268 1606 1347 1633 τοῦτο
1366 1606 1416 1641 τῆς
1430 1605 1597 1641 ἀγαϐότητος
1621 1605 1696 1636 ἴδιον,
1711 1605 1757 1631 τοῦ
1778 1605 1846 1631 Θεοῦ

1057 1655 1106 1691 τῆς
1118 1654 1227 1681 πάντων
1240 1652 1328 1685 αἰτίας
1344 1653 1392 1680 καὶ
1405 1653 1476 1689 ὑπὲρ
1488 1653 1586 1684 πάντα,
1599 1652 1630 1678 τὸ
1649 1653 1716 1687 πρὸς
1731 1652 1846 1687 μετοχὴν

1057 1701 1155 1737 ἑαυτῆς
1167 1700 1201 1727 τὰ
1210 1700 1363 1727 ὑποστάντα
1384 1699 1486 1730 καλεῖν,
1502 1698 1573 1725 κατὰ
1583 1698 1628 1724 τὸν
1638 1698 1686 1734 τῆς
1703 1697 1847 1731 ἀναλογίας

1057 1747 1173 1774 ἑκάστου
1185 1745 1333 1782 διορισμόν.
1355 1744 1504 1779 Ἀναλόγως
1518 1744 1572 1780 γὰρ
1586 1743 1676 1775 καθώς
1692 1745 1748 1769 ἐστι
1764 1744 1794 1769 τὸ
1806 1743 1845 1775 ὃν,

1057 1792 1128 1818 κατὰ
1151 1791 1230 1818 τοῦτο
1247 1789 1358 1818 καὶτοῦ
1374 1790 1453 1816 Θείου
1480 1789 1599 1825 μετέχει·
1624 1789 1648 1814 εί
1670 1788 1716 1822 μὲν
1744 1787 1845 1822 ἄψυχόν

1056 1838 1124 1870 ἐστι,
1141 1836 1190 1872 τὴν
1205 1836 1335 1871 ὀντότητα.
1348 1835 1430 1870 μόνην
1445 1834 1511 1870 ἔχει·
1530 1834 1554 1860 εἰ
1569 1833 1597 1860 δὲ
1611 1832 1690 1864 ζῶον,
1706 1832 1752 1858 καὶ
1762 1833 1846 1868 αὐτὴν

1056 1884 1106 1919 τὴν
1118 1882 1202 1919 ζωήνο
1219 1882 1244 1908 εί
1258 1881 1287 1909 δὲ
1309 1882 1356 1908 καὶ
1376 1880 1493 1914 λογικὸν,
1512 1880 1559 1906 καὶ
1574 1878 1639 1905 αὐτὸ
1655 1878 1685 1905 τὸ
1699 1877 1804 1912 λογικόν
1816 1887 1844 1904 τε

1057 1931 1104 1957 καὶ
1133 1930 1236 1965 νοερὸν,
1269 1927 1361 1959 καθὼς
1380 1925 1556 1963 παρακατιὼν
1570 1920 1676 1961 ’τίθησι
1697 1925 1789 1952 Πάντα
1811 1924 1846 1951 τὰ

1057 1978 1122 2004 ὅντα
1142 1977 1233 2003 τοίνυν
1272 1976 1379 2011 μετέχει
1404 1976 1452 2011 τῆς
1476 1974 1550 2006 θείας
1579 1973 1716 2009 προνοίας,
1741 1973 1773 1998 ὲκ
1795 1971 1846 2006 τῆς

1058 2022 1220 2059 ὑπερουσίου
1239 2021 1365 2057 Θεότητος
1389 2020 1562 2056 ἐκχεομένης.
1587 2019 1634 2046 Ἐκ
1658 2018 1752 2045 τούτου
1780 2017 1844 2053 γὰρ,

1057 2069 1131 2103 λέγει
1156 2068 1203 2095 καὶ
1221 2069 1235 2094 ό
1255 2067 1384 2101 Θεολόγος
1407 2066 1566 2102 Γρηγόριος,
1584 2065 1640 2092 ἀλλ’
1655 2064 1709 2091 ἔδει
1734 2063 1845 2098 χεθῆναι

1057 2115 1088 2142 τὸ
1105 2114 1218 2149 ἀγαθόν-
1234 2113 1305 2140 ὥστε
1329 2113 1513 2140 ἀνυπόστατον
1534 2112 1564 2138 τὸ
1581 2111 1664 2138 κακὸν
1681 2111 1727 2137 καὶ
1746 2110 1783 2145 μὴ
1803 2110 1844 2136 ὃν·

1058 2160 1152 2196 ἐπειδὴ
1169 2161 1205 2196 μὴ
1224 2159 1332 2195 μετέχει
1350 2159 1396 2186 τοῦ
1418 2159 1496 2190 Θεοῦ,
1518 2157 1588 2184 κατὰ
1613 2156 1739 2191 στέρησιν
1764 2156 1846 2189 ἕξεως

1059 2207 1229 2241 φαινόμενον,
1246 2204 1303 2231 ἀλλ’
1323 2204 1354 2231 οὐ
1382 2203 1434 2231 κᾶν
1449 2203 1479 2230 τὸ
1500 2201 1694 2238 πρωτοτύπως,
1718 2201 1755 2236 μὴ
1772 2201 1800 2227 ὃν
1817 2201 1846 2227 ὲν

1058 2253 1146 2288 οὐσίᾳ.
1162 2251 1225 2283 Πῶς
1241 2251 1296 2288 γὰρ
1311 2250 1344 2277 ἂν
1359 2248 1393 2286 ἦν
1413 2258 1439 2276 τι
1455 2249 1494 2282 ὃν,
1511 2250 1535 2275 εί
1551 2247 1587 2284 μὴ
1604 2249 1710 2283 μετεῖχε
1729 2247 1778 2282 τῆς
1791 2246 1847 2272 τῶν

219 2306 333 2341 plariter
345 2306 371 2332 in
391 2307 511 2333 essentia
526 2307 669 2334 exsistcns.
687 2307 828 2340 Quomodo
839 2309 911 2335 enim
925 2308 1005 2343 quid-

1060 2299 1144 2325 όντων
1167 2298 1278 2330 οὺσίας;
1297 2297 1380 2324 Ὄντα
1405 2296 1433 2322 δὲ
1456 2295 1571 2322 ἐνταῦθα
1594 2294 1666 2328 λέγει
1691 2294 1740 2329 τὴν
1766 2293 1847 2327 ἁγίαν

220 2360 301 2387 quam
317 2356 388 2385 erat,
414 2353 437 2379 si
462 2360 553 2379 rerum
575 2354 720 2380 essentiam
735 2361 907 2389 nequaquam
924 2355 1009 2390 parti-

219 2398 345 2432 cipabat?
358 2398 537 2426 Exsistentem
548 2403 639 2425 autem
653 2404 734 2426 vocat
749 2400 793 2427 hic
803 2401 1005 2428 sanctissimam

221 2443 400 2477 Trinitatem;
419 2452 479 2479 quae
505 2452 566 2472 cum
593 2449 863 2475 rerunﬁcreatarum
879 2447 914 2474 sit
927 2455 1007 2475 crea-

219 2488 288 2522 trix,
307 2494 334 2517 et
349 2489 525 2524 principium,
541 2494 569 2516 et
586 2497 679 2523 causa,
703 2489 737 2517 ab
752 2490 785 2517 iis
803 2491 871 2525 ipsis
885 2499 945 2525 qua:
963 2499 1010 2526 per

220 2535 307 2569 ipsam
322 2535 349 2562 in
362 2535 449 2562 lucem
464 2535 637 2570 prodierunt,
654 2535 815 2570 participari
831 2536 940 2564 dicitur.

256 2581 322 2615 Qua:
346 2582 437 2615 itaque
452 2581 602 2608 inanimata
619 2586 683 2608 sunt
700 2582 792 2608 omnia
803 2602 811 2614 ,
835 2589 897 2608 cum
916 2582 1004 2609 solum

220 2629 286 2662 sint,
303 2629 473 2662 participant
496 2628 619 2655 divinum
636 2627 740 2656 Numen
764 2630 917 2657 secundum
934 2637 1006 2662 esse,

220 2683 379 2710 quanquam
401 2683 484 2710 supra
507 2676 574 2703 illud
596 2683 658 2703 esse
681 2677 716 2704 sit
739 2677 845 2704 Numen
865 2676 929 2710 Dei;
947 2685 1009 2711 qua:

222 2730 289 2750 vero
305 2721 414 2755 vivunt,
440 2728 624 2758 praeterquam
641 2725 714 2758 quod
729 2724 896 2759 participent
909 2725 1009 2751 entita-

224 2773 277 2796 tem
291 2789 299 2802 ,
319 2769 374 2796 vim
397 2776 507 2803 quoque
529 2769 665 2798 viviﬁcam
693 2777 725 2797 ac
747 2770 867 2798 divinam
893 2771 1010 2806 partici-

275 2832 295 2845 '
310 2828 382 2856 Psal.
404 2836 537 2860 cxxxvm,
562 2829 589 2856 6.

260 2877 298 2911 (9)
318 2876 383 2905 Vide
396 2878 460 2906 Sch.
478 2877 506 2905 S.
525 2877 596 2904 Max.
620 2881 642 2904 t.
656 2877 688 2912 ll,
700 2885 725 2904 c.
741 2877 766 2904 4.

1063 2345 1176 2380 Τριάδα,
1191 2344 1252 2380 ἥτις
1266 2343 1320 2371 τῶν
1331 2341 1447 2370 κτιστῶν
1462 2339 1528 2368 οὖσα
1543 2340 1716 2376 δημιουργὸς,
1731 2340 1777 2366 καὶ
1801 2339 1848 2374 ἀρ-

1060 2393 1106 2427 χὴ,
1122 2392 1169 2418 καὶ
1190 2391 1272 2422 αἰτία,
1291 2389 1320 2422 ἐξ
1336 2388 1425 2416 αὐτῶν
1439 2387 1493 2414 τῶν
1515 2386 1578 2423 παρ’
1595 2385 1679 2422 αὐτῆς
1692 2387 1732 2417 είς
1753 2385 1846 2412 οὐσίαν

1061 2438 1194 2464 ἐλθόντων
1209 2435 1369 2472 μετέχεσθαι
1380 2435 1498 2469 λέγεται.

1100 2589 1142 2616 Τὰ
1160 2589 1207 2624 μὲν
1225 2585 1270 2614 οὖν
1286 2587 1377 2622 ἄψυχα
1403 2585 1507 2617 πάντα,
1527 2583 1588 2610 ἐπεὶ
1605 2582 1683 2618 μόνον
1696 2580 1759 2606 ὄντα
1777 2577 1845 2624 εἰσι,

1065 2621 1172 2671 μετέχεί
1183 2632 1230 2659 τοῦ
1242 2621 1321 2658 Θείου
1341 2630 1412 2658 κατὰ
1432 2631 1462 2656 τὸ
1486 2628 1554 2656 εἶναι
1573 2628 1619 2655 καὶ
1631 2625 1696 2653 καθό
1709 2625 1777 2655 εισι,
1795 2621 1846 2671 κᾷν

1063 2667 1110 2707 καὶ
1121 2667 1191 2714 ὗτεὲρ
1202 2678 1232 2708 τὸ
1252 2675 1322 2703 εἷναί
1335 2677 1391 2702 ἐστι
1407 2676 1438 2702 τὺ
1457 2674 1534 2702 Θεῖον
1544 2683 1550 2689 ·
1565 2673 1599 2700 τὰ
1609 2672 1638 2698 δὲ
1654 2671 1758 2703 ζῶντα,
1780 2667 1848 2714 πρὸς

1062 2725 1101 2760 τῷ
1124 2724 1245 2760 μετέχειν
1257 2723 1303 2749 τοῦ
1321 2720 1389 2749 εἶναι
1399 2742 1406 2754 ,
1429 2721 1571 2757 μετέχουσι
1593 2718 1639 2746 καὶ
1655 2717 1704 2752 τῆς
1717 2713 1848 2747 ζωοποιοῦ

1068 2770 1115 2796 καὶ
1139 2769 1214 2800 Θείας
1231 2768 1372 2804 δυνάμεως
1382 2788 1389 2800 ,
1404 2768 1428 2793 εί
1446 2768 1491 2794 καὶ
1506 2766 1576 2800 ὑπὲρ
1590 2765 1677 2790 πᾶσαν
1690 2761 1761 2796 ζωήν
1779 2760 1846 2786 ἐστι·
