1933 3075
79 195 86 200 -
122 181 174 208 189

368 179 413 207 DE
429 179 590 208 CLELESTI
607 179 827 212 HIERARCHIA,
844 180 919 208 CAP.
940 179 984 208 IV.
1012 196 1046 201 -—
1062 181 1236 208 PARAPHR.
1255 180 1490 208 PACHYMER/E.
1691 181 1743 206 tuo

119 239 156 266 τὰ
167 239 196 266 δὲ
209 238 315 273 λογικὰ,
335 239 407 275 ἅπερ
420 239 504 274 ἐσμὲν
519 239 613 274 ἡμεῖς,
627 239 674 266 καὶ
687 238 777 275 νοερὰ,
793 239 867 275 ἅπερ
883 240 907 265 οἱ

961 243 1043 274 pant,
1070 238 1180 265 tametsi
1210 238 1268 265 haec
1293 245 1401 272 quoque
1425 246 1505 272 supra
1530 246 1638 266 omttem
1661 239 1745 265 vitam

121 286 244 321 ἄγγελοι,
257 285 398 322 μετέχουσι
411 286 460 322 τῆς
471 285 631 317 αὐτοτελοῦς
645 286 753 320 σοφίας·
767 285 846 312 τοῦτο
856 286 910 322 γάρ

122 334 181 360 ἐστι
197 332 275 367 λόγος
294 332 341 359 καὶ
357 331 448 366 νόησις
464 331 510 358 τοῦ
530 332 597 358 Θεοῦ
608 352 615 364 ,
642 333 694 359 κᾶν
710 332 757 359 καὶ
779 332 849 368 ὑπὲρ
864 332 910 359 τὸν

122 378 200 413 λόγον
213 379 260 405 καὶ
272 377 333 405 νοῦν
345 378 403 404 ἐστι
418 378 512 405 ταῦτα.
524 378 695 414 Ποριζόμεθα
710 379 799 405 τοίνυν
810 380 842 405 ὲκ
852 378 911 404 τού-

122 434 186 457 των,
199 425 240 451 ὅτι
251 424 286 451 τὰ
297 424 378 460 νοερὰ
390 423 498 456 πάντως
508 424 546 459 τῷ
561 424 619 460 Θεῷ
631 424 811 459 πλησιάζουσι
820 433 827 439 ·
844 433 909 460 μετ-

124 470 216 505 έχουσι
241 470 296 506 γὰρ
314 469 397 497 αὑτοῦ
414 469 555 505 πολλαχῶς
571 471 617 496 καὶ
634 470 705 496 κατὰ
716 470 747 497 τὺ
760 469 828 497 εἶναι
839 490 846 502 ,
864 471 910 497 καὶ

124 515 194 542 κατὰ
211 514 242 541 τὸ
254 515 319 550 ζῇν,
338 516 385 542 καὶ
403 514 473 542 κατὰ
485 515 515 542 τὸ
527 515 624 550 λογικὰ
643 513 722 549 εἶναι,
740 517 787 543 καὶ
806 516 845 543 ἔτι
863 517 910 544 καὶ

123 562 214 598 νοερά.

159 697 174 734 ς
191 697 224 726 11.·
241 699 273 725 Αἱ
288 698 353 734 γοῦν
366 699 442 733 ἅγιαι
456 699 501 726 καὶ
514 700 638 735 οὐράνιαι
651 698 910 736 διακοσμήσεις,·καὶ

121 745 195 780 ὑπὲρ
210 745 244 772 τὰ
258 745 345 780 μόνως
357 746 421 772 ὅντα
435 746 470 772 τὰ
486 746 593 781 ἄψυχα,
611 747 658 773 καὶ
675 747 744 782 ὑπὲρ
757 746 791 773 τὰ
807 747 911 781 ἀλόγως

122 791 212 824 ζῶντα
224 812 231 824 ,
246 792 292 818 καὶ
305 792 374 828 ὑπὲρ
389 792 425 819 τὰ
442 791 502 819 καθ’
515 792 588 827 ἡμᾶς
609 792 705 826 λογικὰ
719 793 782 824 τοὺς
805 792 910 828 ἀνθρώ-

122 846 192 869 πους
200 846 206 852 ·
218 837 252 864 τὰ
266 838 314 873 μὲν
325 838 379 874 γὰρ
391 838 488 874 μόνως,
500 838 534 865 τὰ
545 838 573 864 δὲ
583 838 690 870 διττῶς,
702 838 737 865 τὰ
747 839 775 865 δὲ
795 838 910 874 τριττῶς

120 883 173 918 τῆς
186 883 262 915 θείας
277 884 419 920 μετέχουσι
439 885 600 917 διαδόσεως·
623 886 651 912 αἱ
674 885 739 920 γοῦν
755 886 846 921 νοεραὶ
865 885 911 912 καὶ

961 286 1089 318 exsistat;
1108 293 1169 320 quae
1182 293 1251 312 vero
1269 285 1411 313 rationalia
1425 290 1500 317 sunt,
1515 286 1554 313 uti
1572 293 1630 319 nos,
1647 291 1674 313 et
1689 286 1746 320 spi-

961 332 1050 358 ritalia
1063 351 1071 363 ,
1093 333 1168 359 sicut
1192 331 1301 366 angeli.,
1317 336 1458 366 compotes
1475 337 1538 359 sunt
1554 332 1638 367 ipsius
1653 340 1701 365 per
1717 340 1746 359 se

960 378 1086 413 perfecta:
1100 378 1259 412 sapientiae,
1277 378 1413 412 siquidem
1442 378 1498 405 hac
1518 379 1588 405 ratio
1603 383 1645 406 est
1659 382 1686 405 et
1704 379 1746 405 in-

962 424 1079 451 tellectio
1101 425 1146 451 Dei
1159 444 1167 456 ,
1185 424 1248 451 licet
1264 424 1344 451 simul
1360 424 1397 451 sit
1417 432 1498 459 supra
1513 426 1645 452 rationem
1660 430 1686 453 et
1701 426 1744 453 in-

962 469 1149 504 telligentiam.
1176 470 1212 497 Ex
1241 471 1285 497 his
1308 471 1400 505 itaque
1426 471 1632 505 prarstantiores
1653 471 1745 498 evadi-

961 524 1034 546 mus,
1052 517 1182 551 quoniam
1207 517 1342 551 spiritalia
1372 516 1428 544 Deo
1455 524 1568 550 prorsus
1595 516 1745 551 appropin-

960 567 1062 597 quant;
1079 563 1214 597 siquidem
1243 563 1333 596 ipsum
1360 562 1547 598 multipliciter
1571 563 1744 597 participant,

960 612 1016 635 tum
1033 609 1104 643 quod
1117 610 1173 636 sint
1190 613 1248 636 tum
1263 609 1334 644 quod
1351 610 1453 642 vivant,
1470 614 1526 636 tum
1541 609 1613 644 quod
1627 610 1746 637 rationa-

961 654 996 681 lia
1012 654 1067 681 sint
1082 659 1164 689 atque
1180 654 1293 689 insuper
1311 655 1456 690 spiritalia.

996 698 1010 734 §
1026 698 1057 725 Π.
1077 700 1182 726 Sanctae
1196 699 1280 734 igitur
1291 700 1472 735 caelestesque
1488 699 1684 735 dispositiones
1698 707 1744 728 su-

962 751 1060 779 perant
1074 752 1104 772 ea
1119 753 1180 780 qua:
1193 746 1283 773 solum
1295 752 1358 773 sunt
1372 747 1530 780 inanimata,
1546 753 1627 780 atque
1640 753 1671 773 ea
1686 754 1746 781 qua:

961 791 1020 818 sine
1036 791 1139 818 ratione
1155 792 1253 819 vivunt
1268 799 1318 819 nec
1343 799 1397 820 non
1414 800 1446 820 ea
1462 800 1522 827 qua:
1539 793 1679 820 nobiscum
1695 793 1746 820 ho-

961 837 1080 865 minibus
1097 838 1205 865 ratione
1227 843 1377 873 reguntur:
1397 839 1444 866 illa
1463 839 1598 874 siquidem
1612 839 1744 874 simplici-

962 888 1014 915 ter.
1028 884 1080 911 ista
1095 884 1253 919 dupliciter,
1273 891 1356 920 atque
1380 885 1438 912 [nec
1457 885 1601 920 tripliciter
1622 885 1745 912 divinum

121 929 247 964 οὐράνιαι
266 930 405 966 τετραχῶς
428 939 458 957 τε
475 931 523 957 καὶ
544 931 685 966 πολλαχῶς
705 931 807 966 ταύτης
829 931 907 966 μετέ-

962 938 1060 957 munus
1075 931 1254 965 participant;
1280 932 1326 958 sed
1342 931 1480 966 spiritales
1496 931 1553 958 ista:
1567 931 1746 965 cmlestesque

110 983 209 1010 ⁴χουιτι.
228 975 303 1007 Τέως
318 985 349 1010 γε
363 976 411 1012 μὴ,
425 976 520 1012 ῶσπερ
533 977 575 1011 ἐφ’
588 977 666 1012 ἡμῶν
678 977 751 1004 ἐστιν
779 978 852 1010 ἰδεῖν,
869 978 910 1005 ὅτι

122 1021 156 1047 ὲκ
171 1020 225 1047 τῶν
239 1021 398 1057 κρειττόνων
416 1022 550 1057 λεγόμεθα
560 1042 567 1054 ,
582 1023 629 1049 καὶ
644 1022 817 1058 κυριωτέρως
835 1023 911 1058 λεγό-

124 1068 195 1102 μεθα
214 1067 317 1102 λογικοὶ
329 1068 393 1104 παρ’
406 1068 420 1094 ὃ
435 1067 509 1100 ζῶα,
526 1068 542 1103 ἢ
556 1069 602 1095 καὶ
618 1069 695 1101 ὄντα,
710 1068 782 1095 οὓτω
800 1070 847 1096 καὶ
864 1069 910 1096 ἐπὶ

122 1112 179 1139 τῶν
192 1112 271 1140 θείων
282 1113 423 1149 δυνάμεων
433 1123 440 1130 ’
455 1115 500 1142 καὶ
510 1115 574 1142 ὄντα
588 1116 642 1151 γάρ
655 1115 723 1142 εἰσιν
735 1116 851 1147 ἐκεῖναι,
865 1116 910 1143 καὶ

122 1158 208 1191 ζῶσι,
221 1159 267 1185 καὶ
279 1159 384 1194 λογικαί
407 1161 477 1187 εἰσιν
486 1181 493 1193 ,
507 1161 563 1187 ἀλλ’
576 1161 650 1196 ὅμως
671 1162 762 1197 νοεραὶ
776 1161 908 1196 λέγονται.

122 1204 178 1230 Καὶ
192 1203 286 1240 ὥσπερ
299 1205 371 1240 ἡμᾶς
394 1205 520 1240 σεμνύνει
534 1205 566 1232 τὺ
579 1205 650 1232 κατὰ
661 1205 739 1241 λόγον
760 1207 908 1239 κινεῖσθαι,

121 1248 194 1275 οὕτω
217 1250 356 1282 κάκείναις
381 1251 430 1286 τὴν
453 1251 634 1287 θεομιμησίαν
654 1253 785 1289 παρέχει,
809 1254 910 1289 νοερῶς

122 1296 305 1330 κινουμέναις,
320 1297 366 1323 καὶ
378 1297 447 1332 πρὸς
462 1298 511 1333 τὴν
524 1297 672 1334 θεαρχικὴν
682 1299 800 1335 ὁρώσαις
810 1299 910 1336 ὁμοίω-

123 1350 182 1373 σιν,
202 1343 326 1369 κάκεῖθεν
350 1344 508 1378 ὲφιεμέναις
526 1345 646 1380 μορφοῠν
665 1346 695 1373 τὸ
708 1347 799 1382 νοερὸν
820 1348 909 1375 αὐτῶν

121 1385 192 1419 εἶδος
202 1396 209 1403 ·
227 1389 273 1415 καὶ
283 1388 327 1415 διὰ
341 1389 420 1416 τοῦτο
437 1390 483 1417 καὶ
495 1391 621 1425 πλείονας
633 1393 745 1426 εἰκότως
757 1394 847 1430 έχουσι
860 1394 910 1426 τὰς

122 1433 193 1467 πρὸς
205 1434 288 1470 αὐτὴν
304 1435 457 1468 κοινωνίας,
471 1436 509 1468 ὡς
520 1435 610 1470 οὖσαι,
623 1439 661 1471 ὡς
674 1439 771 1472 ζῶσαι,
787 1440 825 1472 ὼς
837 1440 910 1474 λογι-

121 1480 179 1511 καὶ,
193 1480 240 1505 καὶ
255 1479 296 1506 ἔτι
312 1480 350 1512 ὼς
363 1482 454 1516 νοεραὶ
474 1483 521 1509 καὶ
538 1486 681 1520 προσεχεῖς
699 1485 845 1519 μένουσαι,
863 1487 910 1513 καὶ

120 1525 152 1551 οὐ
164 1525 386 1562 διεσκεδασμέναι
409 1528 479 1555 κατὰ
491 1529 540 1565 τὴν
555 1529 682 1566 διάφορον
693 1531 806 1568 γνώμην
816 1552 823 1565 ,
840 1532 910 1568 ὅπερ

120 1573 196 1599 ἐστὶν
207 1573 235 1599 ὲν
247 1573 312 1608 ἡμῖν
326 1573 360 1608 (οἱ
372 1574 426 1610 γὰρ
440 1576 469 1602 ὲν
480 1575 540 1611 Θεῷ
555 1576 640 1610 ὄντες,
656 1579 825 1614 συνημμένοι
839 1580 907 1611 εἰσὶ,

121 1618 214 1650 καθὼς
237 1620 283 1646 καὶ
301 1620 376 1655 παρὰ
399 1620 453 1648 τῶν
480 1621 560 1649 θείων
581 1623 698 1658 Γραφῶν
717 1623 906 1660 μανθάνομεν·

119 1664 166 1690 ὅτε
183 1664 237 1700 γὰρ
250 1665 320 1692 κατὰ
331 1666 432 1702 κόσμον
447 1666 542 1703 ἔμελλε
562 1669 695 1696 κινεῖσθαι
706 1670 720 1696 ὁ
733 1669 841 1704 πρῶτος
853 1670 908 1697 τῶν

122 1710 264 1746 μαθητῶν,
279 1712 365 1746 ἑλεγε’
383 1712 500 1748 Ὑπάγω
514 1715 655 1747 ἁλιεύειν,
676 1716 812 1751 δηλονότι,
827 1716 909 1752 χωρί-

120 1756 204 1792 ζομαι
216 1757 245 1791 ἐξ
256 1759 333 1794 ὑμῶν
342 1768 348 1775 ·
362 1760 406 1787 ὅτε
419 1760 448 1787 δὲ
464 1761 605 1788 ἐπίστευον
619 1762 643 1788 οἱ
662 1762 849 1795 πιστεύοντες,
861 1763 908 1790 καὶ

119 1802 192 1829 κατά
205 1803 268 1830 Θεὸν
280 1802 359 1840 ἦσαν’
378 1803 488 1838 Ἦσαν,
506 1807 602 1843 φησὶν,
620 1808 670 1834 ἐπὶ
690 1808 722 1835 τὸ
737 1809 811 1836 αὐτὸ
836 1817 909 1836 συν-

119 1848 264 1885 ηγμένοι),
285 1851 332 1877 καὶ
357 1851 401 1877 ἀεὶ
413 1852 619 1887 ἀνατεινόμεναι
631 1853 699 1889 πρὸς
710 1854 740 1880 τὸ
751 1854 865 1886 ἄναντες
878 1855 908 1880 ἐν

120 1896 244 1932 συντονίᾳ
262 1897 309 1923 τοῦ
327 1897 398 1924 Οείου
412 1898 458 1925 καὶ¹
474 1899 600 1931 ἀκλινοῦς
613 1899 723 1936 ἔρωτος.
736 1900 785 1932 Τίς
804 1900 859 1936 γὰρ
878 1900 907 1933 ὲξ

118 1940 200 1975 ἡμῶν
216 1941 330 1977 ἐζήτησε
344 1942 453 1970 πώποτε
463 1963 470 1976 ,
483 1945 529 1971 καὶ
551 1944 644 1979 ἔφεσιν
656 1945 719 1981 ἔσχε
729 1966 737 1977 ,
755 1946 847 1981 βοείαν
865 1945 908 1973 δέ·

118 1984 219 2018 ξασθαι
237 1987 352 2022 κίνησιν,
367 1988 383 2024 ἢ
397 1989 470 2016 λίθου
484 1991 545 2017 τινὰ
559 1990 694 2026 ἰδιότητας
710 1992 778 2019 ἀλλὰ
797 1993 908 2025 πάντως

118 2031 136 2065 ἠ
151 2030 243 2065 ἔφεσις
253 2033 298 2059 ἐπὶ
310 2033 340 2059 τὸ
354 2033 465 2065 ᾶναντές
480 2036 547 2062 ἐστι.
562 2036 647 2063 Τοῦτό
658 2037 716 2064 ἐστι
729 2038 776 2064 καὶ
788 2038 834 2065 ἐπὶ
846 2040 906 2070 ταῖς

117 2076 277 2110 ἀγγελικαὶς
292 2078 339 2105 καὶ
360 2079 445 2112 θείαις
460 2080 606 2116 δυνάμεσιν
616 2102 624 2114 ,
639 2083 682 2110 ἀεὶ
704 2084 751 2110 καὶ¹
769 2084 901 2118 ἐφίενται,

118 2122 167 2147 καὶ
179 2122 343 2158 εἰσδέχονται
355 2124 403 2156 τὰς
418 2126 535 2161 ἀρχικὰς
545 2128 591 2154 καὶ
603 2127 676 2160 Θείας
689 2128 845 2165 ὲλλάμψεις,
858 2130 906 2157 καὶ

118 2167 188 2201 πρὸς
199 2167 249 2199 τὰς
260 2168 407 2205 ἐλλάμψεις
418 2171 575 2205 τάττονται,
591 2174 638 2200 καὶ
648 2174 698 2210 τὴν
709 2174 781 2211 ζωὴν
796 2175 905 2203 ἅπασαν

118 2211 223 2239 ἑαυτῶν
242 2214 337 2249 νοερὰν
354 2215 476 2250 ἔχουσιν·
496 2218 524 2244 αἱ
546 2217 601 2254 γὰρ
626 2219 715 2246 αὐτῶν
730 2220 819 2247 οὐσίαι
843 2222 906 2254 νοῦς

961 981 1066 1002 natura:
1084 976 1302 1010 quadrnpliciter
1326 984 1358 1005 ac
1384 976 1579 1012 multipliciter
1596 976 1654 1010 ejus
1671 985 1745 1004 com-

960 1027 1039 1056 potes
1066 1022 1214 1050 exsistunt.
1243 1023 1353 1049 lnteritn
1382 1023 1502 1056 minime,
1518 1023 1745 1058 quemadmodum

960 1068 1039 1095 nobis
1066 1075 1116 1095 usu
1139 1069 1212 1096 venit
1239 1073 1268 1096 ut
1290 1077 1322 1096 ex
1347 1070 1471 1104 partibus
1497 1068 1676 1096 nobilioribus
1699 1076 1747 1103 ap-

960 1113 1093 1148 pellemur
1108 1133 1115 1146 ,
1138 1118 1166 1141 et
1183 1115 1269 1148 magis
1289 1115 1397 1149 proprie
1412 1115 1528 1142 rationis
1544 1119 1685 1148 compotes
1702 1114 1745 1141 di-

960 1167 1054 1187 camur
1069 1168 1153 1195 quam
1167 1160 1208 1187 vel
1223 1160 1362 1191 animalia,
1377 1160 1419 1188 vel
1431 1161 1514 1194 entia,
1525 1161 1562 1187 ita
1578 1161 1659 1187 etiam
1673 1161 1747 1188 circa

961 1205 1088 1233 cwlestes
1104 1205 1166 1233 illas
1181 1206 1296 1233 virtutes
1312 1206 1420 1240 agitur;
1444 1210 1507 1233 sunt
1532 1213 1647 1239 namque
1661 1206 1746 1240 entia,

959 1256 986 1279 et
1001 1252 1108 1284 vivunt,
1124 1256 1151 1279 et
1167 1252 1273 1279 ratione
1290 1252 1405 1286 pollent,
1430 1256 1457 1278 et
1473 1251 1650 1278 nihilominus
1665 1250 1746 1277 simul

959 1297 1097 1332 spiritales
1112 1302 1320 1332 nuncupantur.
1338 1297 1373 1324 Et
1396 1297 1469 1325 sicut
1493 1297 1572 1324 nobis
1594 1297 1666 1324 laudi
1692 1301 1745 1328 est.

960 1344 1109 1372 Secundum
1125 1343 1257 1370 rationem
1275 1343 1394 1376 moveri;
1412 1343 1448 1369 ita
1465 1350 1573 1377 quoque
1590 1342 1642 1369 illis
1665 1342 1747 1376 spiri—

963 1389 1054 1416 taliter
1071 1389 1162 1421 motis,
1176 1393 1203 1416 et
1219 1389 1252 1416 ad
1270 1388 1391 1416 divinatn
1408 1389 1594 1423 spectantibus
1618 1387 1748 1415 similitu-

960 1435 1065 1467 dinem,
1079 1435 1197 1470 indeque
1208 1435 1360 1470 spiritalem
1377 1442 1454 1462 suam
1470 1435 1589 1469 speciem
1603 1433 1747 1461 ell'ormare

960 1480 1152 1515 cupientibus,
1179 1481 1300 1508 divinam
1325 1481 1421 1508 tribuit
1449 1480 1648 1511 imitationem;
1678 1487 1747 1514 qua-

960 1531 1070 1561 propter
1084 1527 1167 1554 etiam
1188 1527 1287 1554 merito
1304 1527 1331 1554 in
1347 1526 1471 1561 pluribus
1483 1533 1544 1553 cum
1560 1525 1656 1553 eadem
1670 1532 1745 1552 com-

962 1574 1115 1606 municant,
1129 1578 1263 1609 tanquam
1274 1575 1452 1607 exsistentes,
1468 1579 1596 1608 tanquam
1613 1574 1745 1606 viventes,

962 1624 1088 1654 tanquam
1111 1620 1260 1648 rationales
1276 1626 1359 1655 atque
1383 1621 1495 1655 insuper
1510 1625 1640 1654 tanquam
1664 1620 1746 1655 spiri-

960 1665 1027 1692 tales
1049 1669 1132 1700 atque
1154 1665 1271 1692 assiduae
1287 1669 1442 1698 manentes,
1459 1669 1486 1692 et
1503 1672 1674 1699 nequaquam
1690 1665 1745 1692 dis-

960 1715 1051 1738 tracta:
1078 1718 1126 1745 per
1147 1711 1282 1738 diversam
1296 1711 1460 1738 sententiam
1480 1711 1520 1738 uti
1548 1711 1626 1739 nobis
1645 1711 1744 1739 accidit

959 1757 1014 1792 (qui
1031 1758 1104 1784 enim
1120 1757 1146 1784 in
1163 1757 1219 1785 Deo
1235 1762 1317 1789 sunt,
1333 1758 1440 1785 collecti
1456 1762 1529 1790 sunt,
1545 1758 1617 1785 sicut
1628 1765 1662 1785 ex
1676 1758 1746 1784 divi-

958 1803 1000 1830 nis
1016 1802 1134 1838 Scriptis
1153 1803 1350 1837 intelligimus;
1365 1804 1474 1838 quando
1490 1804 1563 1832 enim
1579 1804 1685 1839 pritnus
1701 1804 1746 1831 ille

958 1848 1215 1885 “discipulorum
1226 1851 1373 1878 secundum
1388 1850 1517 1878 mundum
1533 1850 1744 1878 commovendus

958 1900 1016 1922 erat
1031 1895 1140 1923 dicebat
1156 1905 1163 1923 :
1187 1895 1262 1923 Vada
1276 1897 1407 1931 piscari“,
1425 1897 1450 1924 id
1474 1901 1527 1929 cst,
1542 1897 1653 1924 discedo
1666 1903 1681 1922 a
1696 1903 1744 1922 vo-

957 1941 999 1968 bis
1013 1950 1020 1968 :
1033 1941 1141 1976 quando
1156 1947 1247 1970 autem
1260 1942 1408 1970 credebant
1422 1942 1524 1974 ﬁdeles,
1538 1946 1566 1968 et
1578 1942 1647 1975 apud
1659 1941 1743 1969 Deum

957 1991 1046 2019 erant,
1061 1986 1158 2020 Erant,
1172 1988 1272 2022 inquit,
1288 1988 1316 2014 in
1331 1996 1413 2015 unum
1429 1987 1554 2022 collecti),
1578 1992 1605 2014 et
1620 1987 1652 2014 ad
1668 1991 1745 2013 ante-

958 2033 1030 2061 riora
1050 2040 1160 2068 semper
1176 2040 1283 2060 summo
1298 2033 1383 2060 divini
1399 2037 1427 2060 et
1448 2032 1628 2060 indelicientis
1643 2031 1744 2058 amoris

956 2080 1179 2108 studiointentae.
1195 2079 1261 2112 Quis
1276 2080 1349 2107 enim
1364 2087 1379 2106 e
1395 2079 1472 2106 nobis
1485 2078 1610 2113 quaesivit
1623 2085 1742 2112 unquam

957 2127 998 2154 vel
1016 2126 1186 2154 desideravit
1202 2127 1329 2153 hovinum
1363 2131 1466 2153 motum
1480 2126 1614 2160 accipere,
1632 2124 1673 2151 vel
1693 2123 1742 2150 ali-

956 2179 1035 2207 quam
1054 2173 1151 2207 lapidis
1160 2172 1373 2208 proprietatem?
1384 2172 1431 2199 sed
1444 2179 1528 2199 omne
1539 2171 1651 2199 ovnnino
1666 2170 1741 2197 desi-

955 2220 1059 2247 derium
1075 2220 1107 2246 ad
1122 2221 1265 2254 superiora
1291 2218 1390 2248 tendit.
1407 2217 1465 2245 lloc
1483 2218 1509 2244 in
1523 2218 1654 2253 angelicis
1674 2224 1743 2252 quo—

117 2256 173 2288 ζῶν
189 2259 259 2285 ἐστι·
273 2260 317 2287 διὰ
327 2261 407 2289 τοῦτο
427 2263 483 2295 καὶ,
498 2264 536 2296 ὡς
553 2265 604 2299 μὲν
620 2268 774 2301 προσεχεῖς,
788 2267 904 2303 πρώτως

959 2273 1008 2301 que
1019 2266 1165 2294 virtutibus
1179 2267 1269 2295 locum
1286 2267 1379 2299 habet,
1396 2272 1460 2302 quze
1484 2272 1591 2298 semper
1605 2264 1687 2290 etiam
1701 2271 1745 2290 su-

117 2303 147 2329 ὲν
162 2305 290 2341 μετουσίᾳ
305 2306 424 2341 γίνονται
433 2317 439 2324 ·
454 2309 492 2341 ὡς
510 2309 539 2336 δὲ
553 2310 654 2342 πολλὰς
667 2311 778 2346 ἔχουσαι
788 2312 838 2345 τὰς
852 2313 904 2349 τῆς

119 2350 263 2384 μετουσίας
290 2352 407 2386 φυσικὰς
436 2355 674 2390 ὲπιτηδειότητας,
703 2357 844 2394 πολλαχῶς
873 2359 903 2385 ὲν

118 2395 247 2431 μετουσίᾳ
257 2396 304 2423 τοῦ
317 2397 395 2425 Θείου
402 2399 530 2433 γίνονται,
543 2401 588 2427 καὶ
595 2406 710 2437 πρώτως
718 2403 797 2430 πάλιν
805 2403 903 2431 πολλα-

116 2445 172 2480 χῶς
184 2445 375 2481 ὲξαγγέλλουσι
387 2449 436 2485 τὴν
447 2449 596 2487 θεαρχικὴν
607 2453 786 2489 κρυφιότητα,
800 2453 841 2481 διὸ
856 2456 903 2482 καὶ

115 2490 226 2525 ἄγγελοι
242 2491 376 2526 λέγονται,
387 2494 445 2530 ἤτοι
457 2495 502 2522 διὰ
511 2496 541 2523 τὸ
552 2497 602 2533 τὴν
615 2498 690 2525 θείαν
700 2499 747 2526 τοῦ
759 2499 827 2526 Θεοῦ
839 2509 904 2537 κρυ-

116 2538 231 2572 φιότητα
246 2538 421 2573 ἐκφαίνεσθαι
439 2541 473 2568 δι’
486 2542 586 2574 αὐτῶν,
609 2543 650 2570 ὅτι
662 2544 711 2576 ὢν,
727 2545 768 2571 ὅτι
781 2545 845 2578 ζῶν,
862 2547 903 2573 ὃτι

115 2583 186 2615 νοῦς,
204 2584 229 2610 εἰ
246 2585 292 2611 καὶ
307 2585 377 2621 ὑπὲρ
388 2587 475 2614 ταῦτα
489 2588 661 2624 ἀσυγκρίτως
672 2591 754 2622 ἐστὶν,
768 2591 784 2627 ἤ
798 2592 845 2619 καὶ
856 2591 901 2619 διὰ

115 2627 145 2654 τὸ
161 2629 194 2655 δι’
207 2629 298 2656 αὐτῶν
313 2632 378 2666 ἡμῖν
391 2631 635 2669 διαπορθμεύεσθαι
651 2635 699 2671 τὴν
717 2636 791 2663 Θείαν
807 2637 903 2673 βούλη-

117 2681 173 2700 σιν·
186 2674 258 2702 οὓτω
274 2675 328 2712 γὰρ
341 2677 387 2704 καὶ
397 2679 413 2719 ό
426 2679 504 2715 νόμος
518 2680 551 2707 δι’
563 2681 685 2715 ἀγγέλων
697 2682 814 2719 ἐλαλήθη
831 2683 902 2710 κατὰ

116 2719 160 2746 τὸν
181 2720 268 2755 μέγαν
284 2715 443 2750 Ἀπόστολον
452 2746 459 2758 ,
472 2725 519 2751 καὶ
530 2726 593 2758 τοὺς
610 2726 736 2760 ἐνδόξους
742 2715 796 2764 πρὸ
807 2715 901 2764 νόμου,

116 2764 153 2793 ὡς
175 2766 219 2793 τὸν
239 2766 365 2804 Ἀϐραὰμ
379 2770 483 2797 καὶτὸν
499 2771 617 2805 Μανωὲ,
638 2773 760 2806 καὶτοὺς
775 2774 900 2806 λοιπούς·

116 2811 162 2837 καὶ
175 2811 245 2848 μετὰ
257 2813 349 2850 νόμον,
361 2814 399 2848 ὡς
410 2816 456 2844 τὸν
463 2817 571 2855 Ἰωσὴφ,
579 2818 624 2847 τὸν
638 2818 749 2856 Πέτρον,
758 2820 821 2853 τοὺς
833 2821 901 2849 καθ-

148 2903 251 2931 =Joan.
276 2912 333 2939 KH,
352 2913 378 2942 5.

956 2313 1066 2347 periora
1079 2318 1220 2348 appetunt,
1231 2318 1258 2341 et
1271 2314 1459 2348 pritnordiales
1469 2319 1552 2349 atque
1566 2311 1672 2341 divinas
1682 2318 1742 2340 sus-

956 2358 1061 2394 cipiunt
1075 2358 1278 2393 illustrationes,
1288 2364 1314 2386 et
1336 2360 1484 2387 secundum
1498 2360 1560 2387 illas
1569 2360 1739 2393 ordinantur,

956 2412 1119 2439 omnemque
1136 2405 1218 2431 vitam
1242 2413 1319 2432 suam
1348 2405 1449 2433 habent
1464 2406 1636 2440 spiritalem:
1654 2406 1740 2440 siqui-

957 2451 1018 2477 dem
1033 2458 1128 2477 eorum
1143 2455 1249 2477 natum
1278 2455 1342 2478 sunt
1358 2451 1418 2478 viva
1446 2451 1570 2486 quaedam
1590 2458 1680 2484 mens;
1697 2451 1739 2478 id-

958 2497 1032 2524 circo
1044 2497 1136 2530 etiam,
1157 2501 1282 2530 tanquam
1298 2497 1414 2525 assidua:
1427 2498 1547 2532 quidem,
1564 2498 1676 2532 primam
1690 2498 1740 2524 ha-

956 2541 1021 2568 bent
1047 2543 1283 2577 participationem
1307 2552 1314 2570 :
1337 2543 1364 2570 in
1389 2549 1522 2577 quantum
1546 2551 1612 2571 vero
1640 2544 1740 2572 multas

957 2587 1058 2615 habent
1080 2589 1219 2616 naturales
1236 2590 1455 2617 conununicandi
1470 2589 1631 2622 facultates,
1647 2591 1738 2618 multi<

956 2635 1064 2669 pliciter
1086 2636 1170 2664 divini
1193 2638 1312 2665 numinis
1339 2641 1483 2665 consortes
1507 2637 1594 2670 ﬁunt;
1623 2637 1738 2672 ideoque

955 2681 1067 2715 iterum.
1084 2683 1199 2717 primum
1213 2691 1246 2712 ac
1260 2685 1446 2720 multipliciter
1464 2685 1584 2712 divinum
1602 2683 1667 2711 illud
1691 2692 1738 2710 ar-

956 2735 1053 2755 canum
1071 2730 1223 2761 enuntiant.
1239 2736 1351 2765 propter
1365 2730 1437 2765 quod
1449 2734 1478 2757 et
1492 2730 1582 2765 angeli
1595 2730 1736 2757 dicuntur:

955 2775 1084 2808 quoniam
1099 2783 1146 2811 per
1159 2776 1219 2804 illos
1233 2777 1352 2804 divinum
1368 2776 1434 2804 illud
1457 2776 1505 2803 Dei
1528 2779 1663 2802 secretum
1679 2781 1738 2801 ma-

956 2820 1115 2856 nifestatur,
1131 2827 1171 2858 ut,
1184 2823 1255 2857 quod
1269 2823 1316 2857 sit,
1329 2823 1402 2858 quod
1416 2822 1500 2856 vivat,
1513 2821 1584 2857 quod
1600 2829 1676 2849 mens
1689 2821 1736 2855 sit,
