1933 3075
207 147 256 176 I91

787 149 816 178 S.
836 150 985 181 DIONYSII
1000 152 1234 182 AHEOPAGITIE

1772 155 1825 184 192

208 204 313 232 tametsi
328 211 409 239 supra
423 204 469 233 illa
484 205 543 234 sine
553 207 765 242 comparatione
774 207 825 235 sit:
840 208 883 235 vel
896 209 989 240 etiam,

1045 209 1107 244 εξῆς
1128 209 1249 245 πατέρας
1266 210 1352 246 ἡμῶν,
1366 209 1476 245 ἄγγελοι
1500 210 1567 247 πρὸς
1585 211 1616 238 τὸ
1631 210 1709 239 Θετον
1726 212 1827 248 ἀνῆγον

205 250 277 285 quod
294 257 342 285 per
357 251 419 279 illos
433 251 469 278 ad
493 259 543 279 nos
565 252 657 280 divina
678 253 806 280 voluntas
831 253 991 288 deferatur;

206 295 246 322 sic
271 295 344 322 enim
365 299 393 322 et
415 295 460 323 lex
486 303 535 331 per
554 297 666 332 angelos
686 297 857 332 promulgata
884 302 942 332 est,
960 303 991 326 ut

205 347 319 375 magnus
333 340 480 375 ApOstolus
493 346 610 370 testatur
624 352 631 370 :
647 348 674 371 et
686 343 802 379 inclytos
814 349 877 371 ante
890 344 988 380 legem,

205 390 234 412 ut
248 384 385 413 Abraham
401 391 429 413 et
443 387 540 414 Manue
554 393 738 423 caeterosque;
769 393 797 416 et
818 393 879 424 post
893 389 989 424 legem,

204 430 364 465 Josephum,
382 436 410 459 et
426 426 550 465 Petrum,
568 434 743 469 reliquosque
755 433 851 462 Patres
867 440 987 468 nostros,

205 477 294 513 angeli
318 478 352 505 ad
368 478 490 506 divinam
505 480 671 507 voluntatem
684 481 874 512 deduxerunt,
891 481 990 515 partim

205 524 269 558 quid
286 525 418 559 agendum
437 531 510 553 esset
533 527 689 559 edocentes,
703 531 731 554 et
747 527 781 554 ab
795 535 890 554 errore
903 533 991 554 remo-

205 574 310 602 ventes,
328 569 366 597 uti
383 569 558 605 Cornelium;
581 572 678 606 partim
705 573 738 599 ad
761 579 854 599 sacros
882 572 991 600 ordines

204 615 386 649 adducentes,
404 617 441 643 uti
457 616 606 649 Danielem,
631 617 818 649 Ezechielem,
834 623 861 645 et
876 618 989 651 lsaiant;

1041 254 1172 290 βούλημα,
1185 255 1202 290 ἦ
1216 257 1247 281 τὸ
1268 255 1392 291 ποιητέον
1409 256 1609 293 εἰσηγούμενοι.
1620 258 1667 284 καὶ
1679 258 1712 284 ὲκ
1723 258 1827 293 πλάνης

1038 295 1204 335 ’μετάγοντες
1214 321 1222 333 ,
1236 301 1274 332 ὡς
1289 302 1335 328 ἐπὶ
1346 301 1392 328 τοῦ
1413 302 1579 337 Κορνηλίου·
1596 303 1612 338 ἢ
1633 302 1725 336 τάξεις
1740 301 1826 338 ἱεράς,

1039 345 1076 376 ὡς
1103 346 1148 372 ἐπὶ
1174 345 1221 372 τοῦ
1249 346 1363 382 Δανιὴλ.
1387 348 1434 374 καὶ
1460 347 1507 375 τοῦ
1535 347 1682 384 Ἱεζεκιὴλ,
1709 349 1757 375 καὶ
1778 347 1826 374 τοῦ

1047 390 1171 417 Ἦσαῖου’
1192 388 1230 418 ὦν
1249 393 1263 418 ὁ
1283 393 1331 428 μὲν
1343 393 1464 427 ἀγγέλων
1482 393 1581 429 μυρίας
1595 393 1727 429 μυριάδας
1741 401 1826 427 παρε-

1042 437 1172 472 στηκυίας
1185 438 1329 471 ἐθεάσατο,
1346 439 1360 465 ὁ
1384 439 1413 466 δὲ
1430 440 1523 476 θρόνον
1539 438 1592 467 εἶδε
1606 441 1652 468 καὶ
1664 440 1780 476 ἐχόμενα
1792 439 1828 467 τὰ

1041 481 1191 518 Χερουϐὶμ,
1210 485 1224 510 ὁ
1234 484 1264 511 δὲ
1273 485 1319 511 τὸν
1333 485 1486 521 καθήμενον
1498 486 1544 512 ἐπὶ
1557 485 1662 521 θρόνου,
1675 486 1723 512 καὶ⁴
1735 485 1827 521 κύκλῳ

1039 527 1074 553 τὰ
1091 528 1214 565 Σεραφὶμ
1227 529 1357 557 ἐθεάσατο
1366 540 1372 546 ·
1385 531 1401 566 ἢ
1417 531 1575 567 μυστηρίων
1588 531 1697 567 ὁράσεις
1709 551 1716 563 ,
1728 531 1767 563 ὡς
1779 531 1827 558 ἐπὶ

1041 573 1088 599 τοῦ
1102 574 1241 607 Μωΰσέως
1253 576 1299 602 ἐπὶ
1313 576 1362 611 τῆς
1375 576 1470 612 βάτου·
1483 577 1499 613 ἢ
1511 578 1558 604 καὶ
1572 577 1645 609 θείας
1660 578 1827 614 προρρήσεις

1042 618 1235 653 άναφαίνοντες
1243 641 1250 653 ,
1264 622 1301 654 ὡς
1315 623 1361 649 ἐπὶ
1373 622 1420 649 τοῦ
1431 624 1530 650 Μανωὲ
1542 624 1645 651 καὶτοῦ
1655 624 1763 659 Δανιήλ-

204 668 319 696 quorum
347 661 415 688 alter
439 663 550 697 quidem
575 664 648 691 tnille
671 663 806 699 myriades
831 663 989 698 angelorum
1021 669 1144 693 astantes
1167 668 1328 702 conspexit,
1356 669 1424 696 alter
1453 677 1518 698 vero
1540 670 1666 698 thronum
1695 670 1774 701 vidit,
1799 674 1826 697 et

204 714 263 741 qute
279 707 426 736 Cherubim
451 709 605 742 habebant,
631 710 700 737 alter
717 718 782 737 vero
797 711 936 737 sedentem
955 710 983 736 in
1007 710 1125 744 throno.
1149 718 1178 741 et
1202 715 1228 742 in
1245 716 1362 743 circuitu
1389 716 1533 751 Seraphim
1559 717 1666 751 aspexit

1691 724 1698 743 :
1726 717 1826 752 partitur

204 753 323 782 visiones
342 755 546 790 mysteriorum,
570 761 600 783 ut
624 756 710 792 Moysi
733 757 760 784 in
783 757 865 790 rubo;
890 756 987 792 partim
1005 758 1088 786 etiam
1101 760 1209 789 divinas
1223 763 1413 798 praedictiones
1427 765 1592 796 revelantes,
1615 769 1644 792 ut
1668 763 1765 791 Manoe
1794 771 1826 791 ac

204 797 320 826 Danieli.

239 842 253 879 ᾗ
270 843 314 871 lll.
335 844 422 872 Solvit
444 846 489 874 hic
503 846 698 880 objectionem,
712 848 805 876 dicens
822 857 829 876 :
850 848 878 875 Si
899 853 988 875 autem

202 889 264 922 quis
280 889 378 917 dixerit
393 891 464 924 quod
485 892 567 918 etiam
588 892 646 919 sine
662 892 765 928 angelis
797 893 933 927 aliquibus
947 892 989 919 di-

203 935 272 962 vinae
301 936 380 964 facta:
405 937 462 964 sint
487 939 683 972 apparitiones,
697 938 773 972 juxta
792 939 856 965 illud
874 947 881 964 :
901 938 990 972 Appa-

203 982 255 1008 ruit
275 981 402 1010 Dominus
418 984 562 1016 [lbra/ue”,
573 988 620 1011 et:
635 983 706 1011 Dixit
729 984 798 1012 Deus
823 985 856 1011 ad
868 983 989 1016 JacobP;

201 1026 289 1054 discat
301 1032 328 1055 et
343 1028 395 1055 hoc
406 1029 558 1063 evidenter,
577 1037 630 1056 non
648 1037 681 1057 ex
696 1030 787 1062 nobis,
803 1029 850 1057 sed
867 1037 902 1056 ex
921 1029 988 1063 ipsis

203 1071 362 1106 Scripturis,
376 1075 517 1109 quomodo
532 1076 584 1102 hoc
598 1075 721 1109 quidem,
735 1075 811 1109 quod
824 1080 865 1102 est
881 1074 927 1101 Dei
942 1081 989 1101 oc-

202 1118 322 1150 cultum,
350 1128 430 1148 nemo
459 1120 550 1154 vidit,
578 1128 666 1156 neque
691 1121 809 1153 videbit,
839 1120 989 1147 secundum

203 1165 402 1200 Evangelistam
415 1165 547 1193 Joannem
557 1171 618 1198 tI,e'.
629 1166 700 1201 quod
717 1167 750 1193 ad
767 1166 875 1201 Moysen
888 1166 988 1192 dictum

203 1216 275 1238 estr.
293 1212 396 1239 Divina:
411 1220 475 1239 vero
489 1213 675 1247 apparitiones
689 1213 792 1240 sanctis
821 1212 899 1239 facta:
913 1216 988 1244 sunt,

203 1264 257 1284 non
273 1257 344 1291 quod
360 1258 476 1292 ipsemet
499 1258 580 1291 Deus,
597 1263 626 1284 ut
655 1259 681 1285 in
708 1266 739 1285 se
760 1262 823 1292 est,
846 1261 990 1292 appareret

204 1303 267 1338 (hoc
277 1303 347 1330 enim
363 1304 530 1338 impossibile
542 1305 603 1337 est),
614 1304 668 1340 45
677 1304 725 1332 sed
740 1305 810 1338 quod
823 1305 914 1332 divina
929 1303 989 1330 illu-

206 1349 343 1376 stratione
356 1349 429 1384 digni
442 1349 528 1377 habiti
543 1349 580 1376 illi
595 1351 640 1385 qui
655 1350 820 1384 cernebant},
834 1357 881 1385 per
896 1357 990 1377 sacras

205 1396 335 1429 quasdam
361 1396 490 1429 visiones,
513 1396 580 1432 ipsis
605 1398 838 1432 proportionatas,
869 1396 989 1424 viderint

204 1449 237 1469 ea
252 1449 312 1476 qua:
324 1442 462 1470 viderunt.

240 1508 313 1535 Illam
330 1509 422 1543 itaque
445 1509 587 1539 visionem.
605 1517 666 1545 quae
689 1510 809 1536 divinam
826 1509 990 1537 similitudi-

205 1561 267 1581 nem
283 1553 431 1586 reierebat,
451 1562 484 1581 ex
504 1554 668 1582 intuentium
690 1555 724 1582 ad
740 1555 863 1582 divinum
884 1555 988 1582 Numen

204 1598 369 1626 adductione
385 1604 467 1634 atque
483 1600 674 1633 illustratione,
699 1600 899 1635 sapientissima
912 1600 991 1628 theo—

206 1643 277 1678 logia
296 1643 342 1670 Dei
358 1645 556 1679 apparitionem
570 1651 659 1678 vocat,
683 1650 775 1680 utpote
793 1653 841 1680 per
853 1653 936 1681 quam
950 1646 992 1673 dic

206 1689 277 1716 vina:
289 1689 483 1718 illustratiottis
495 1691 585 1719 insitae
597 1691 740 1724 visionem,
753 1692 889 1720 intuentes
900 1693 990 1720 divina

206 1740 314 1770 quoque
341 1735 395 1763 alia
411 1737 608 1764 edocebantur.
625 1737 679 1765 llas
696 1743 788 1765 autem
804 1739 924 1766 visiones
942 1747 991 1774 pa-

207 1786 263 1808 tres
287 1783 375 1809 nostri
391 1783 573 1810 mediantibus
589 1783 746 1811 caelestibus
761 1785 906 1812 virtutibus
920 1785 991 1812 didi-

180 1836 188 1842 ·
206 1832 313 1856 cerunt.
326 1827 455 1863 Nunquid
472 1830 544 1856 enirn
559 1830 643 1857 etiam
665 1837 770 1857 sacram
790 1830 991 1864 legislationem

207 1874 243 1902 ab
257 1875 371 1909 ipsumet
388 1874 444 1903 Deo
457 1875 539 1911 Moysi
557 1877 660 1910 datam,
674 1883 707 1904 ex
722 1876 809 1903 sacris
822 1875 932 1903 Litteris
946 1876 994 1903 ad-

207 1920 350 1952 discimus,
370 1925 398 1946 ut
411 1928 460 1947 nos
473 1921 570 1949 doceat
589 1921 697 1957 Moyses
719 1921 871 1948 secundum
888 1921 992 1948 verita-

209 1971 276 1999 tem,
294 1967 368 1994 hanc
392 1968 521 1994 nimirum
538 1968 738 2002 legislationem
756 1968 868 1996 ulterius
892 1968 992 1996 divina:

209 2020 347 2047 sacraeque
361 2012 540 2046 Iegislationis
563 2014 777 2049 elligurationem
802 2022 880 2048 esse,
895 2022 994 2049 nempe

208 2059 265 2092 ejus
288 2066 347 2093 quae
363 2066 412 2093 per
428 2059 569 2087 Christum
582 2065 632 2092 est,
649 2065 678 2088 et
691 2061 775 2088 divini
794 2060 875 2088 Verbi
898 2061 992 2088 incar-

209 2105 364 2132 nationem?

243 2162 312 2196 Quin
337 2169 363 2190 et
385 2171 498 2198 magnus
521 2163 564 2191 ille
589 2164 690 2191 Paulus
715 2164 785 2191 hanc
807 2172 855 2198 per
881 2164 993 2198 angelos

1077 847 1090 884 ᾗ
1108 847 1151 876 ΙΙΙ.
1172 849 1236 878 Λύει
1258 851 1376 879 ἐνταῦθα
1393 853 1562 886 ἀντιπίπτον,
1579 854 1665 889 λέγων
1695 855 1727 882 El
1740 856 1768 882 δέ
1783 866 1826 889 τις

1040 893 1132 929 λέγει,
1154 896 1196 922 ὅτι
1218 897 1266 924 καὶ
1285 898 1346 934 δίχα
1357 898 1411 925 τῶν
1424 899 1547 934 ἀγγέλων
1565 901 1686 934 ἐγένοντό
1698 911 1754 930 τισι
1770 902 1828 929 θεο-

1041 940 1160 974 φάνειαι,
1168 942 1205 974 ὼς
1213 942 1243 969 τὸ
1267 944 1361 979 Ὠφθη
1368 945 1475 978 Κύριος
1485 945 1524 978 τῷ
1531 945 1666 982 Ἀϐραὰμ,
1676 947 1828 979 καὶ,Εῑπεν

1040 985 1135 1018 όΘεὸς
1146 986 1220 1020 πρὸς
1226 985 1389 1028 τρκ-,Ἰακώϐ
1396 998 1402 1004 ·
1419 990 1574 1025 μανθανέτω
1586 993 1632 1018 καὶ
1644 992 1722 1019 τοῦτο
1735 993 1828 1028 σαφῶς

1039 1031 1090 1058 οὐκ
1111 1031 1140 1065 ἐξ
1159 1033 1247 1068 ἡμῶν,
1265 1034 1322 1061 ἀλλ’
1341 1035 1371 1067 ἐξ
1387 1035 1476 1062 αὐτῶν
1491 1036 1545 1063 τῶν
1564 1037 1691 1073 ΓραφιῖΝ,
1709 1038 1747 1070 ὡς
1762 1040 1828 1066 αὐτὸ

1042 1077 1091 1112 μὲν
1114 1078 1145 1104 τὸ
1162 1079 1210 1106 τοῦ
1228 1079 1296 1106 Θεοῦ
1319 1080 1434 1116 κρύφιον
1453 1081 1541 1114 οὐδεὶς
1559 1082 1707 1118 ἑώρακεν-ἤ
1722 1084 1827 1119 ὄψεται,

1040 1123 1110 1150 κατὰ
1126 1124 1172 1151 τὸν
1190 1125 1386 1162 εὐαγγελιστὴν
1405 1127 1547 1163 Ἰωάννην,
1574 1129 1622 1156 καὶ
1638 1129 1668 1155 τὸ
1692 1129 1760 1164 πρὸς
1782 1130 1828 1158 τὸν

1039 1169 1160 1205 Μωῦσῆν
1171 1171 1230 1207 είρη
1235 1171 1324 1207 μένον.
1333 1172 1493 1208 Θεοφάνειαι
1501 1174 1529 1200 δὲ
1536 1176 1592 1206 τοῖς
1601 1175 1683 1207 ὁσίοις
1695 1176 1827 1210 ἐγένοντο,

1039 1215 1070 1242 οὐ
1094 1215 1138 1242 διὰ
1162 1216 1192 1243 τὸ
1213 1217 1317 1252 φαίνειν
1335 1219 1381 1246 τὸν
1405 1219 1470 1246 Θεὸν
1491 1220 1596 1253 ἑαυτὸν,
1614 1221 1663 1248 ὅτι
1684 1222 1749 1249 ποτέ
1770 1224 1828 1250 ἐστι

1041 1260 1131 1297 (τοῦτο
1155 1262 1209 1299 γὰρ
1233 1263 1402 1302 ἀμήχανον),
1427 1266 1485 1293 ἀλλ’
1505 1267 1546 1293 ὅτι
1572 1267 1647 1300 θείας
1668 1268 1828 1304 ἑλλάμψεως

1039 1307 1192 1344 ἀξιούμενοι
1210 1309 1234 1336 οί
1254 1309 1416 1344 βλέποντες,
1434 1311 1478 1340 διά
1498 1321 1580 1340 τινων
1600 1313 1720 1348 ὁράσεων
1738 1314 1826 1350 ἱερῶν,

1040 1355 1088 1381 καὶ
1101 1355 1194 1387 αὐτοῖς
1207 1356 1356 1392 άναλόγων,
1368 1357 1480 1385 ἔϐλεπον
1492 1358 1564 1395 άπερ
1576 1358 1695 1386 ἔϐλεπον.

1073 1507 1128 1544 Τὴν
1144 1508 1209 1543 γοῦν
1224 1510 1318 1545 ὅρασιν
1330 1509 1448 1546 ἐκείνην,
1463 1510 1524 1546 ἥτις
1543 1510 1670 1544 ἐνέφαινε
1685 1510 1733 1546 τὴν
1752 1510 1827 1537 θείαν

1038 1554 1167 1590 ὁμοίωσιν
1178 1556 1210 1582 ἐκ
1223 1555 1272 1591 τῆς
1285 1555 1340 1582 τῶν
1356 1554 1480 1590 ὁρώντων
1491 1556 1537 1582 ἐπὶ
1549 1555 1578 1582 τὸ
1594 1555 1671 1582 Θεῖον
1683 1555 1827 1590 ἀναγωγῆς

1039 1601 1086 1628 καὶ
1102 1601 1277 1636 ὲλλάμψεως,
1295 1603 1311 1638 ἡ
1326 1602 1462 1636 πάνσοφος
1486 1601 1607 1636 θεολογία
1631 1602 1709 1628 καλεῖ
1726 1602 1826 1637 θεοφά-

1039 1655 1124 1680 νειαν,
1139 1647 1177 1679 ὡς
1195 1648 1230 1674 δι’
1250 1648 1336 1683 αὐτῆς
1352 1648 1384 1684 δὴ
1396 1648 1445 1683 τῆς
1457 1648 1578 1684 ὁράσεως
1598 1648 1648 1683 τῆς
1662 1648 1734 1679 θείας
1751 1648 1826 1682 ἐγγι-

1039 1694 1154 1730 νομένης
1163 1694 1334 1730 ὲλλάμψεως,
1344 1695 1390 1721 καί
1402 1703 1428 1721 τι
1440 1695 1493 1721 ἀπὸ
1500 1694 1553 1721 τῶν
1561 1694 1638 1721 θείων
1651 1694 1729 1730 ίερῶς
1745 1703 1826 1730 μυου-

1041 1741 1129 1777 μένων
1142 1741 1197 1768 τῶν
1208 1741 1452 1778 ὁρώντων.Ἰ“αύτας
1461 1741 1488 1767 δὲ
1499 1740 1548 1773 τὰς
1556 1741 1664 1777 ὁράσεις
1676 1741 1700 1767 οἱ
1713 1742 1828 1777 πατέρες

1039 1786 1118 1821 ἡμῶν
1138 1786 1181 1813 διὰ
1206 1787 1296 1822 μέσων
1312 1787 1366 1813 τῶν
1384 1786 1515 1822 οὐρανίων
1529 1786 1662 1821 ὲμυοῦντο
1676 1785 1826 1821 δυνάμεων.

1040 1833 1076 1859 Ἦ
1098 1833 1151 1868 γὰρ
1171 1833 1231 1867 οὐχ).
1254 1833 1302 1860 καὶ
1322 1832 1371 1868 τὴν
1394 1832 1468 1869 ἱερὰν
1488 1832 1646 1868 νομοθεσίαν
1663 1831 1775 1858 αὐτόθεν
1796 1832 1828 1858 ἐκ

1037 1878 1107 1905 Θεοῦ
1123 1879 1161 1914 τῷ
1175 1879 1280 1914 Μωῢσῇ
1297 1878 1498 1914 δεδωρημένην,
1512 1878 1544 1904 ἐκ
1560 1876 1610 1912 τῆς
1625 1877 1700 1912 ἱερᾶς
1716 1876 1828 1912 Γραφῆς

1043 1924 1221 1960 μανθάνομεν,
1242 1925 1316 1955 ὅπως
1335 1923 1367 1950 ἂν
1387 1924 1460 1959 ἡμᾶς
1477 1923 1571 1959 μνήσῃ
1594 1924 1608 1949 ὸ
1624 1923 1746 1957 Μωῦσῆς
1767 1923 1827 1949 κατ’

1043 1970 1168 2006 ἀλήθειαν
1181 1970 1210 1996 τὸ
1224 1968 1293 1996 εἶναι
1307 1970 1356 2005 τὴν
1371 1969 1550 2005 θεσμοθεσίαν
1561 1969 1662 2004 ταύτην
1683 1968 1756 2000 θείας
1772 1969 1829 1994 ἐτέ-

1043 2025 1090 2052 ρας
1104 2016 1151 2042 Xa).
1168 2017 1244 2051 ἱερᾶς
1258 2015 1418 2051 νομοθεσίας
1439 2015 1623 2047 ὑποτύπωσιν,
1639 2015 1761 2042 τουτέστι
1778 2014 1828 2048 τῆς

1041 2062 1112 2089 κατὰ
1124 2062 1240 2097 Χριστὸν
1257 2062 1304 2088 καὶ
1319 2062 1371 2098 τὴν
1388 2060 1435 2088 τοῦ
1451 2062 1539 2096 Λόγου
1560 2061 1634 2088 θείαν
1656 2060 1831 2100 ἐνανθρὼπητ

1045 2127 1167 2192 “Vind
1181 2165 1228 2191 καὶ
1242 2166 1255 2191 ὁ
1272 2164 1358 2200 μέγας
1380 2163 1483 2195 Παῦλος
1496 2163 1530 2189 δι’
1548 2162 1669 2197 ἀγγέλων
1685 2160 1832 2197 λαληθῆναι

210 2210 410 2244 promulgatam
436 2211 530 2244 tradit,
547 2215 574 2237 et
590 2215 703 2237 sanctus
725 2210 880 2244 Stephanus
905 2210 991 2238 decla-

1045 2209 1118 2243 λέγει
1134 2208 1236 2244 ταύτην
1246 2228 1253 2240 ,
1278 2209 1323 2235 καὶ
1345 2209 1359 2235 ό
1380 2207 1460 2242 ἅγιος
1475 2207 1608 2242 Στέφανος
1624 2206 1714 2242 δηλοῖ,
1730 2206 1830 2239 λέγων’

210 2259 273 2288 rat,
301 2255 397 2282 dicens
416 2265 423 2283 :
442 2255 494 2287 Qui
517 2256 652 2290 accepistis
672 2256 752 2291 legem
774 2257 802 2282 in
822 2257 994 2290 dispositione

210 2302 373 2336 angelorum,
389 2307 414 2328 et
432 2311 484 2329 non
498 2302 649 2329 custodistis
663 2308 687 2335 I;
703 2302 838 2337 siquidem
864 2303 915 2330 hoc
936 2303 994 2338 ipsa

209 2349 252 2376 lex
269 2354 297 2376 et
309 2350 376 2376 ordo
391 2349 459 2384 legis
476 2350 561 2385 exigit
579 2357 586 2376 :
606 2357 667 2376 nam
682 2349 724 2376 lex
741 2354 852 2384 propter
869 2350 994 2377 ordinem

210 2394 282 2422 facta
302 2399 353 2423 est.
371 2395 462 2430 Exigit
478 2395 571 2430 itaque
584 2400 638 2422 tam
662 2395 704 2422 lcx
729 2402 810 2430 quant
834 2395 902 2422 ordo
925 2395 994 2430 ejus,

211 2447 238 2468 ιιι
254 2442 403 2475 posteriora
418 2449 466 2476 per
480 2442 571 2476 priora
587 2441 620 2468 ad
642 2441 762 2468 divinum
781 2441 885 2468 Numen
907 2443 994 2473 addu-

211 2491 323 2519 cantur,
336 2487 565 2521 quemadmodum
582 2487 672 2521 legutn
685 2487 877 2521 dispositiones
891 2487 994 2522 ferunt,

211 2533 310 2566 quibus
333 2533 491 2560 sacerdotes
512 2534 603 2567 populi
618 2538 791 2561 coercentur.
818 2533 896 2566 Quod
914 2534 996 2561 etiam

212 2578 302 2605 locum
319 2579 406 2606 habet
421 2579 448 2605 in
462 2579 610 2606 virtutibus
627 2579 793 2606 coelestibus.

250 2623 356 2651 Etenim
370 2631 423 2651 non
435 2624 524 2652 solum
539 2625 565 2651 in
582 2625 786 2652 sublimioribus
802 2623 997 2652 inferioribus-

212 2677 266 2705 que
287 2670 454 2705 virtutibus,
474 2671 556 2698 trium
580 2671 684 2698 scilicet
706 2679 898 2706 supremorum
921 2671 996 2698 ordi-

214 2725 292 2750 num,
305 2718 456 2752 seraphim,
478 2718 632 2752 cherubim,
646 2724 674 2747 et
687 2719 860 2752 throuorum,
875 2723 903 2746 et
916 2719 997 2745 trium

1050 2256 1083 2282 ΟΖ
1099 2263 1179 2288 τινες
1193 2255 1316 2282 ἐλάϐετε
1338 2254 1391 2281 τὸν·
1413 2254 1507 2288 νόμον
1527 2254 1570 2285 εἰς
1590 2252 1730 2287 διαταγὰς
1749 2252 1834 2286 ἀγγέ-

1048 2303 1121 2333 λων,
1137 2302 1186 2328 καὶ
1201 2302 1256 2328 οὐκ
1269 2300 1437 2335 ἐφυλάξατε
1447 2308 1453 2314 ·
1471 2299 1548 2325 τοῦτο
1564 2298 1618 2333 γὰρ
1632 2299 1741 2324 ἀπαιτεῖ
1755 2298 1800 2324 καὶ
1817 2298 1834 2333 ἡ

1049 2347 1081 2374 ὲκ
1106 2348 1188 2383 νόμου
1210 2347 1304 2380 τάξις·
1328 2347 1342 2372 ὁ
1364 2345 1418 2381 γὰρ
1439 2345 1520 2380 νόμος
1543 2344 1587 2371 διὰ
1611 2344 1687 2377 τάξιν
1713 2344 1832 2378 γέγονεν.

1056 2393 1179 2419 Ἀπαιτεί
1196 2392 1262 2427 γοῦν
1283 2391 1363 2423 αὐτὸς
1381 2392 1395 2417 ὁ
1412 2391 1491 2425 νόμος
1507 2390 1554 2416 καὶ
1570 2390 1586 2424 ὴ
1604 2389 1679 2422 τάξις
1701 2388 1782 2415 αὑτοῦ
1804 2387 1835 2413 τὺ

1048 2440 1092 2467 διά
1109 2448 1189 2466 τινων
1206 2438 1320 2474 πρώτων
1332 2437 1480 2471 ἀνάγεσθαι
1500 2436 1568 2471 πρὸς
1583 2435 1613 2461 τὸ
1638 2435 1714 2461 Θεῐον
1728 2435 1762 2460 τὰ
1774 2434 1831 2460 δεύ-

1047 2494 1124 2521 τερα,
1143 2485 1181 2516 ὡς
1196 2484 1302 2519 ἔχουσιν
1320 2483 1347 2508 αἱ
1361 2482 1414 2508 τῶν
1430 2481 1521 2517 νόμων
1531 2480 1676 2513 διατάξεις,
1689 2479 1748 2505 καθ’
1762 2478 1794 2510 ἃς
1809 2478 1834 2504 οἱ

1049 2532 1132 2566 ἱερεῖς
1145 2530 1192 2557 τοῦ
1213 2524 1278 2556 λαοῦ
1301 2527 1509 2555 διαστέλλονταί.
1527 2526 1620 2558 Οὕτως
1643 2526 1703 2552 ἐστὶ
1723 2525 1769 2551 καὶ
1789 2525 1835 2551 ἐπὶ

1048 2576 1102 2603 τῶν
1118 2575 1250 2612 οὐρανίων
1265 2575 1417 2609 δυνάμεων.

1087 2628 1142 2654 Καὶ
1165 2626 1219 2662 γὰρ
1242 2626 1272 2652 οὺ
1299 2625 1378 2661 μόνον
1404 2625 1450 2651 ἐπὶ
1472 2624 1525 2651 τῶν
1546 2623 1717 2660 ὑψηλοτέρων
1738 2630 1767 2648 τε
1791 2622 1835 2647 καὶ

1052 2672 1204 2708 ὑφειμένων
1219 2670 1369 2705 δυνάμεων,
1380 2669 1500 2704 δηλονότι
1510 2669 1563 2698 τῶν
1577 2678 1606 2695 τε
1619 2667 1745 2703 ὑπεράνω
1754 2666 1836 2702 τριῶν

1052 2719 1166 2752 τάξεων,
1183 2711 1237 2744 τῶν
1255 2716 1392 2752 σεραφὶμ,
1405 2715 1458 2742 τῶν
1475 2714 1623 2751 χερουϐὶμ,
1643 2714 1689 2741 καὶ
1705 2713 1758 2739 τῶν
1774 2711 1831 2747 θρό-

215 2764 297 2791 hosce
321 2764 559 2798 subsequentium,
583 2773 616 2792 ac
639 2767 724 2793 trium
752 2766 862 2800 insuper
889 2764 991 2792 inferio

1053 2773 1117 2795 νων,
1136 2764 1182 2790 καὶ
1202 2762 1255 2789 τῶν
1271 2762 1399 2788 ὑποκάτω
1423 2761 1524 2788 τούτων
1545 2760 1645 2795 τριῶν,
1666 2759 1713 2785 καὶ
1729 2757 1768 2784 ἔτι
1785 2757 1837 2784 τῶν

216 2818 288 2841 rum.
301 2811 466 2844 ejuscemodi
480 2811 585 2839 ordinis
604 2812 776 2838 sanctionem
793 2812 884 2839 videre
900 2811 998 2844 liceat;

262 2891 274 2906 '
296 2888 363 2917 Gcn.
390 2898 437 2922 xu,
462 2890 487 2917 τ.
537 2895 550 2914 r
566 2889 633 2918 Gen.
655 2897 736 2923 xxxv,
761 2889 787 2916 l.

835 2894 849 2913 ιι
865 2888 944 2916 Joan.
969 2896 989 2921 ι,
1006 2888 1047 2915 l8.

1055 2810 1182 2837 ὑποκάτω
1199 2807 1292 2843 τριῶν,
1309 2807 1382 2834 ἐστιν
1403 2807 1465 2833 ἰδεῖν
1480 2807 1526 2834 τὸν
1542 2805 1661 2832 τοιοῦτον
1680 2803 1778 2838 θεσμὸν
1791 2801 1837 2836 τῆς

1107 2892 1117 2905 τ
1134 2885 1219 2914 Exod.
1244 2892 1340 2912 χχχιιι.
1379 2888 1390 2903 ⁸
1408 2883 1469 2911 Act.
1490 2890 1537 2915 vn,
1562 2882 1606 2909 55.
