1933 3075
212 139 262 167 I95

811 139 838 167 S.
858 139 1008 167 DlONYSll
1024 139 1257 168 AREOPAGszE

1788 145 1837 172 I96

201 187 298 224 ~audiui
312 206 327 224 α
345 196 436 229 Patre,
455 197 510 224 haec
526 197 627 224 locutus
642 205 699 223 sum
712 198 735 229 '~,
753 201 781 224 et.
796 197 862 224 illud
878 206 886 224 :
908 197 987 225 Manil

1049 198 1228 232 ἀνθρώποις,
1261 199 1328 235 πρὸς
1350 199 1396 226 τὸν
1425 199 1535 235 Πατέρα
1556 199 1665 236 λεχθέν·
1687 201 1766 228 τοῦτο
1786 202 1838 238 γάρ

209 242 303 277 fectavi
318 251 411 270 nomen
426 248 500 269 tuum
511 243 659 269 hominibus
671 246 696 275 ιι,
711 243 744 270 ad
758 243 863 271 Patrem
878 244 996 271 dictum:

210 288 263 315 hoc
277 288 412 322 siquidem
426 293 471 315 est
482 288 682 315 manifestatio.

390 451 444 487 47
479 446 668 491 CAPUT
705 449 761 491 V.

229 511 318 544 Quare
341 521 430 540 omnes
448 514 566 540 essentne
588 514 702 540 aetates
725 514 856 540 communi
876 513 980 540 nomine

476 548 572 583 ‘angeli
589 553 724 575 uocentur.

1051 244 1124 271 ἐστιν
1138 246 1154 280 ή
1173 246 1348 281 ὲκφαντορία.

1237 444 1559 486 ΚΕΦΑΛΑΙΟΝ
1586 443 1650 486 Ε’.

1079 512 1130 539 Διὰ
1147 512 1175 538 τί
1190 511 1284 540 πᾶσαι
1301 514 1330 540 al
1348 513 1481 546 οὐράνιοι
1497 514 1598 540 οὺσίιιι
1614 515 1689 541 κατὰ
1706 514 1806 541 κοινοῦ

1295 548 1416 583 ἄγγελοι
1438 549 1588 583 λέγονται.

848 624 1017 653 SYNOPSIS
1033 625 1182 655 CAPlTlS.

207 705 289 738 Docet,
313 709 397 728 nomen
418 701 507 738 qngeli,
525 702 635 737 quamvis
651 701 848 738 proprieultimo
858 701 941 738 ordini
953 701 1085 738 εαξίιςδιὶιιηι
1096 703 1225 737 spirituum
1235 702 1543 738 _conve_qiat.sup_erioribus
1559 706 1638 729 tamen
1649 702 1829 738 ordinibuant

238 733 366 769 iugougrue
378 733 474 768 euripid
486 740 494 763 ;
514 733 570 769 pinu
579 763 584 768 .
592 737 615 769 et
626 733 672 768 ipsi
683 733 846 769 inferiorum”
854 733 953 769 virtutes
964 733 1092 769 obtineant,
1106 733 1128 760 ἐι
1138 734 1278 769 earumdem
1287 734 1354 760 obire
1363 733 1454 769 possint
1469 734 1610 766 functiones,
1621 738 1692 767 atque
1702 736 1763 761 adeo
1775 735 1830 762 inde

236 764 316 790 etiam'
321 764 441 789 nominari
453 764 544 796 possint
556 771 564 790 :
576 764 732 797 inferioribus
746 770 802 789 vero
812 764 846 789 uti
858 764 967 795 virtutes,
979 764 1016 790 sic
1025 771 1068 790 nec
1077 765 1175 790 nomina
1186 765 1339 797 superiorum
1349 764 1483 792 convenire.

240 840 304 869 Haec
325 839 434 876 quidem
447 843 505 870 est,
521 843 655 872 quantum
672 839 804 872 capimus,
825 839 954 873 angelica:
968 840 987 866 ir

1082 840 1156 875 Αὕτη
1173 840 1221 876 μὲν
1238 837 1284 867 οὖν
1302 841 1385 872 ἐστιν,
1402 840 1440 872 ὡς
1451 842 1468 876 ή
1485 840 1547 867 καθ’
1564 841 1636 876 ἡμᾶς
1645 841 1679 872 θ’,
1694 841 1766 867 αἰτία
1779 842 1830 877 τῆς

206 888 324 923 eloquiis
352 886 542 921 appellationis
574 893 675 916 causa;
702 885 880 913 scrutandum
912 886 987 914 modo

1046 886 1194 922 ἀγγελικῆς
1217 886 1308 918 αὐτοῖς
1321 887 1344 903 ⁸⁸
1367 887 1468 921 λογίοις
1489 887 1662 922 ἐπωνυμίας·
1686 887 1829 922 ἐρευνῆσαι

206 939 317 964 censeo,
336 940 385 959 cur
401 931 536 964 theologi,
553 938 648 958 omnes
668 931 772 965 pariter
784 932 918 959 essentias
937 939 993 960 caa-

204 980 288 1007 lestes
302 978 416 1014 angelos
429 978 588 1013 appellent;
605 978 651 1005 ubi
666 983 758 1005 autem
773 977 808 1004 ad
823 978 993 1013 explanatio-

203 1034 265 1054 nem
293 1031 403 1054 ventum
428 1025 510 1052 fuerit
526 1024 789 1059 supermundialium
811 1025 931 1059 ipsarum
947 1032 993 1052 or-

203 1072 396 1104 dinationum,
424 1072 549 1099 ordinem
580 1071 732 1104 angelicum
762 1071 872 1105 proprie
894 1075 992 1098 vocent

201 1127 283 1151 eum.
307 1120 353 1155 qui
383 1119 491 1148 divinos
517 1118 700 1152 caelestesque
724 1118 834 1145 ordines
859 1118 992 1153 explendo

201 1167 311 1194 claudat
325 1175 333 1193 :
351 1166 396 1193 isti
413 1173 477 1192 vero
493 1165 701 1200 archangelicas
715 1169 886 1198 attteponant
903 1165 992 1200 dispo-

201 1213 326 1245 sitiones,
341 1217 373 1246 et.
385 1212 564 1247 principatus,
582 1219 613 1238 ac
632 1215 794 1245 potestates,
811 1211 989 1247 virtutesque,

201 1263 230 1287 et
251 1265 430 1294 quascunque
453 1258 529 1285 hisce
554 1257 685 1284 celsiores
701 1257 814 1292 spiritus
837 1263 990 1292 agnoscunt

199 1305 369 1340 eloquiorum
392 1304 587 1339 explanatoriaa
613 1304 773 1331 traditiones
786 1308 810 1332 ν.
836 1305 990 1331 Assertmus

206 1352 301 1386 igitur,
330 1349 479 1378 secundum
502 1357 610 1377 omnem
635 1357 742 1377 sacram
765 1350 988 1384 dispositionem,

203 1397 361 1431 superiores
395 1403 504 1430 quoque
531 1396 665 1429 ordines,
693 1395 853 1423 inferiorum
881 1404 989 1434 quoque

200 1443 338 1479 agminum
374 1442 622 1469 illuminationibus
644 1442 846 1477 virtutibusque
869 1442 987 1477 pollere,

201 1493 359 1524 postremos
373 1495 437 1515 vero
453 1496 505 1515 llOll
520 1488 583 1515 item
599 1488 773 1524 superiorum
788 1496 898 1516 suorutn
922 1497 990 1516 con-

1043 930 1071 958 δὲ
1084 930 1122 962 ὡς
1133 928 1208 966 οἶμαι
1224 931 1287 966 χρὴ,
1303 931 1337 958 δι’
1349 932 1382 967 ἢν
1396 932 1484 966 αἰτίαν
1501 933 1525 958 οἱ
1540 932 1658 967 θεολόγοι
1677 933 1766 965 πάσας
1781 933 1829 968 μὲν

1043 977 1101 1012 ἅμα
1122 976 1172 1008 τὰς
1188 977 1329 1012 οὐρανίους
1352 977 1445 1009 οὐσίας
1459 978 1590 1012 ἀγγέλους
1607 978 1718 1005 καλοῦσι
1732 987 1739 994 ·
1761 978 1829 1014 πρὸς

1041 1024 1070 1051 δὲ
1096 1024 1146 1060 τὴν
1175 1024 1356 1059 ἑκφαντορίαν
1383 1023 1525 1059 ἐρχόμενοι
1552 1024 1606 1051 τῶν
1638 1024 1828 1060 ὑπερκοσμίων

1044 1069 1067 1085 ⁹⁹
1078 1069 1167 1095 αὐτῶν
1180 1070 1397 1106 διακοσμήσεων,
1416 1070 1492 1103 τάξιν
1513 1070 1660 1106 ἀγγελικὴν
1679 1070 1751 1102 ίδίως
1769 1070 1827 1096 ὀνο-

1043 1115 1176 1152 μάζουσι,
1203 1117 1253 1152 τὴν
1280 1116 1515 1152 συμπληρωτικῶς
1544 1116 1769 1152 ἀποπερατοῦσαν
1794 1117 1828 1144 τὰ

1041 1162 1100 1191 θεῖα
1114 1164 1161 1191 καὶ
1178 1163 1292 1200 οὐράνια
1307 1163 1434 1199 τάγματα
1445 1171 1451 1177 ·
1470 1162 1523 1197 πρὸ
1536 1162 1638 1198 ταύτης
1656 1163 1683 1189 δὲ
1698 1164 1827 1199 ὑπερκει-

1042 1211 1130 1246 μένως
1144 1210 1270 1237 τάττουσι
1292 1210 1355 1242 τοὺς
1372 1209 1587 1245 ἀρχαγγελικοὺς
1597 1209 1633 1225 ¹⁰⁰
1647 1209 1826 1245 διακόσμους,

1039 1256 1089 1288 τάς
1107 1264 1137 1282 τε
1164 1255 1260 1291 ἀρχὰς,
1279 1254 1389 1286 καὶτὰς
1403 1255 1536 1288 ἐξουσίας,
1556 1254 1665 1286 καὶτὰς
1686 1255 1825 1290 δυνάμεις,

1039 1302 1105 1334 ὅσας
1117 1310 1146 1328 τε
1161 1301 1264 1328 τούτων
1279 1301 1497 1337 ὐπερὸεὸηκυίας
1511 1301 1605 1332 οὐσίας
1621 1301 1648 1328 αἱ
1665 1301 1719 1327 τῶν
1730 1301 1826 1336 λογίων

1041 1347 1128 1374 ἴσασιν
1149 1348 1345 1384 ἐκφαντορικαὶ
1370 1348 1544 1384 παραδόσεις.
1568 1348 1660 1383 Φαμὲν
1686 1347 1735 1380 δὲ,
1764 1348 1825 1380 ὅτι,

1039 1395 1111 1422 κατὰ
1133 1396 1225 1423 πᾶσαν
1248 1394 1323 1430 ἱερὰν
1340 1395 1518 1430 διακόσμησιν
1530 1415 1536 1425 ,
1554 1394 1582 1420 αἱ
1605 1395 1653 1429 μὲν
1673 1394 1825 1431 ὑπερϐεϐη-

1039 1445 1114 1470 κυῖαι
1128 1443 1218 1476 τάξεις
1239 1442 1329 1477 ἔχουσι
1343 1441 1390 1468 καὶ
1405 1441 1454 1472 τὰς
1477 1441 1531 1468 τῶν
1553 1440 1705 1476 ὑφειμένων
1735 1441 1824 1467 διακο-

1040 1490 1165 1526 σμήσεων
1176 1488 1322 1524 ὲλλάμψεις
1334 1488 1382 1514 καὶ
1396 1487 1526 1522 δυνάμεις
1536 1487 1556 1518 ¹,
1571 1486 1715 1522 ὰμέθεκτοι
1729 1487 1758 1513 δὲ
1769 1487 1824 1513 τῶν

197 1540 289 1563 sortes
314 1542 386 1564 esse.
411 1534 507 1570 Itaque
529 1535 705 1562 sanctissima
728 1534 773 1561 illa
799 1542 986 1569 supremorum

1039 1535 1122 1567 αὐτὰς
1142 1534 1366 1570 ¹ὐπερκειμένων
1392 1534 1460 1560 είσὶν
1483 1533 1511 1559 αἱ
1533 1533 1695 1559 τελευταῖαι.
1718 1532 1759 1559 Τὰ
1776 1534 1824 1568 μὲν

197 1582 310 1618 εδιῐιὶηο
327 1581 489 1616 spirituum,
505 1580 616 1615 angelos
631 1587 738 1614 quoque
756 1580 874 1614 theologi
891 1580 985 1615 appel-

197 1627 266 1660 lant,
282 1628 354 1663 quod
371 1631 399 1655 et
417 1627 474 1662 ipsa
494 1627 614 1654 divinam
630 1626 808 1654 manifestent
824 1626 985 1654 illustratio-

199 1681 275 1702 nem.
306 1673 391 1701 Porro
419 1673 571 1701 caelestium
598 1673 838 1707 intelligentiarum
861 1672 984 1700 ordinem

200 1720 401 1750 novissimum,
425 1718 469 1745 vel
496 1719 719 1754 principatuum,
745 1719 787 1745 vel
813 1720 983 1750 thronorum,

196 1765 239 1793 vel
255 1766 463 1799 serapltinorum
488 1765 599 1791 nomine
624 1764 805 1800 compcllandi
826 1765 895 1792 ratio
910 1764 984 1791 nulla

196 1811 380 1846 suppetebat:
396 1818 484 1844 neque
497 1810 569 1837 enim
592 1810 879 1844 praestantissimarum
897 1810 983 1837 virtu-

197 1862 252 1885 tum
263 1858 368 1885 illarum
378 1857 515 1892 particeps
526 1857 652 1888 exsistit,
662 1856 708 1883 sed
721 1855 793 1883 sicut
809 1856 864 1891 ipse
876 1855 983 1883 divinos

199 1907 310 1930 nostros
326 1902 500 1930 sacerdotum
516 1901 654 1936 principes
667 1901 778 1929 adducit
792 1901 826 1929 ad
847 1901 983 1936 praestitu-

197 1953 239 1974 tas
263 1947 314 1974 sibi
340 1946 494 1974 divinitatis
516 1946 755 1978 collustrationes;
773 1946 810 1973 ita
825 1945 982 1978 etiamillte,

195 2000 256 2027 quae
274 1994 322 2020 hos
339 1993 453 2027 spiritus
466 1993 626 2028 prmcedunt
644 1992 838 2020 sacratissima:
854 1992 981 2024 virtutes,

195 2040 229 2066 ad
247 2039 368 2066 divinum
386 2038 490 2066 Numen
508 2037 648 2073 subrigunt
670 2038 874 2066 distinctionem
892 2038 981 2070 illam,

195 2093 257 2120 quae
271 2086 414 2121 angelicas
428 2085 559 2120 adimplet
572 2085 752 2112 ltierarchias.
767 2084 824 2111 Nisi
837 2084 907 2111 forte
921 2085 982 2118 quis

1036 1579 1083 1608 οὖν
1101 1580 1240 1615 ἁγιώτατα
1261 1580 1315 1607 τῶν
1331 1579 1489 1615 ὑπερτάτων
1509 1579 1607 1606 οὐσιῶν
1626 1579 1753 1614 τάγματα
1778 1579 1825 1605 καὶ

1036 1628 1168 1664 ἀγγέλους
1181 1627 1308 1663 καλοῦσιν
1325 1628 1349 1654 οί
1368 1627 1498 1662 θεολόγοι,
1511 1627 1624 1663 καὶγὰρ
1641 1628 1709 1654 εἰσιν
1722 1628 1822 1661 ἐκφαν-

1035 1674 1132 1711 τορικὰ
1161 1675 1208 1701 καὶ
1228 1673 1298 1701 αὐτὰ
1326 1674 1376 1709 τῆς
1399 1673 1548 1709 θεαρχικῆς
1573 1673 1741 1708 ὲλλάμψεως.
1768 1673 1823 1707 Τὴν

1034 1719 1110 1752 τάξιν
1124 1719 1154 1746 δὲ
1167 1719 1216 1754 τὴν
1231 1718 1286 1746 τῶν
1301 1719 1434 1754 οὐρανίων
1449 1719 1516 1746 νοῶν
1530 1718 1685 1745 τελευταίαν
1701 1719 1750 1744 οὐκ
1766 1717 1822 1753 ἔχει

1035 1765 1112 1800 λόγον
1126 1765 1223 1801 ἀρχὰς,
1241 1764 1252 1779 ³
1263 1765 1278 1800 ἦ
1291 1764 1412 1800 θρόνους,
1427 1763 1443 1800 ἢ
1457 1766 1577 1800 σεραφὶμ
1587 1764 1728 1799 ὀνομάζειν
1739 1771 1746 1778 ”
1763 1763 1822 1789 οὐδὲ

1034 1812 1091 1848 γάρ
1114 1813 1187 1838 ἐστιν
1208 1812 1236 1838 ὲν
1261 1810 1391 1846 μετουσίᾳ
1413 1809 1466 1836 τῶν
1489 1809 1648 1846 ὑπερτάτων
1669 1808 1820 1844 δυνάμεων,

1034 1858 1091 1886 ἀλλ’
1108 1857 1203 1893 ὥσπερ
1223 1857 1292 1891 αὕτη
1305 1856 1370 1888 τοὺς
1391 1855 1451 1882 καθ’
1467 1855 1540 1890 ἡμᾶς
1561 1854 1669 1885 ἐνθέους
1691 1853 1822 1890 ίεράρχας

1035 1905 1129 1939 ἀνάγει
1155 1904 1224 1939 πρὸς
1244 1902 1294 1934 τὰς
1319 1902 1494 1937 ἐγνωσμένας
1517 1901 1585 1936 αὐτῇ
1605 1900 1655 1935 τῆς
1670 1900 1822 1936 θεαρχίαςδ

1034 1951 1131 1987 αὐγὰς,
1148 1951 1218 1978 οὕτω
1234 1950 1280 1977 καὶ
1295 1949 1349 1976 τῶν
1369 1949 1422 1985 πρὸ
1437 1948 1523 1983 αὐτῆς
1539 1948 1637 1974 οὐσιῶν
1653 1948 1680 1974 αἱ
1695 1948 1820 1983 πανίεροι

1033 1997 1160 2032 δυνάμεις
1177 1994 1346 2029 ἀναγωγικαὶ
1362 1993 1430 2029 πρὸς
1441 1993 1471 2019 τὸ
1487 1992 1562 2019 Θεῖόν
1576 1993 1629 2019 είσι
1641 1992 1691 2027 τῆς
1701 1992 1821 2028 ἀποπλη-

1034 2043 1134 2080 ρούσης
1150 2042 1200 2073 τὰς
1222 2040 1370 2075 ἁγγελικὰς
1391 2039 1532 2076 ἰεραρχίας
1548 2039 1762 2074 διακοσμήσεως.
1786 2038 1819 2064 Εἰ

1035 2088 1072 2124 μὴ
1089 2088 1143 2124 ἄρα
1154 2096 1196 2119 τις
1211 2087 1258 2114 καὶ
1274 2085 1353 2112 τοῦτο
1376 2085 1461 2120 φαίη,
1479 2084 1510 2110 τὸ
1531 2084 1623 2115 κοινὰς
1641 2082 1710 2110 εἶναι
1729 2084 1818 2116 πάσας

196 2137 355 2158 communes
368 2137 428 2158 esse
446 2130 513 2157 velit
524 2128 661 2164 angelicas
672 2136 768 2156 onmes
776 2127 979 2163 appellationes,

1039 2134 1080 2166 ιὰς
1107 2131 1255 2168 ἁγγελικὰς
1281 2130 1441 2167 ὀνομασίας,
1471 2129 1541 2157 κατὰ
1570 2130 1619 2165 τὴν
1648 2130 1742 2156 πασῶν
1763 2130 1818 2157 τῶν

192 2176 270 2210 juxta
283 2176 435 2204 caelestium
449 2176 583 2203 virtutum
597 2175 720 2203 omnium
737 2175 764 2202 in
787 2175 978 2207 deiformitate,

1039 2178 1163 2214 >ὑρανίων
1188 2177 1329 2211 δυνάμεων
1353 2177 1392 2207 είς
1419 2176 1449 2202 τὸ
1476 2175 1609 2206 θεοειδὲς,
1634 2175 1679 2201 καὶ
1708 2175 1757 2210 τὴν
1785 2176 1818 2202 ἐκ

195 2223 297 2257 Deique
313 2222 357 2249 vel
371 2221 524 2249 remissiori
541 2220 585 2249 vel
601 2221 773 2247 eminentiori
791 2221 893 2247 lumine
905 2227 980 2248 com-

1039 2222 1097 2249 )sot'i
1121 2220 1286 2256 φωτοδοσίαν
1315 2219 1462 2255 ὑφειμένην
1491 2219 1539 2246 καὶ
1564 2217 1735 2254 προῦχουσαν
1760 2229 1818 2247 κοι-

195 2268 419 2295 municationem.
446 2266 548 2294 Verum
565 2274 620 2301 quo
638 2266 795 2294 distinctior
811 2266 889 2294 nobis
913 2274 978 2301 pro-

1039 2267 1137 2294 ιωνίαν.
1170 2266 1238 2292 Ἀλλ’
1255 2267 1298 2292 ἵνα
1323 2265 1421 2301 μᾶλλον
1443 2265 1507 2300 ἡμῖν
1530 2266 1544 2291 ὁ
1565 2265 1644 2299 λόγος
1662 2265 1816 2302 διευκρινη-

194 2313 272 2340 cedat
283 2312 382 2344 oratio,
402 2317 591 2339 sacrosanctas
616 2311 749 2346 cujusque
767 2311 886 2339 caelestis
902 2312 977 2339 ordi—

1039 2314 1106 2350 let'q,
1130 2313 1283 2348 κατίδωμεν
1306 2312 1386 2348 ἱερῶς
1410 2312 1460 2343 τὰς
1481 2313 1511 2338 ὲν
1533 2313 1589 2343 τοῖς
1614 2312 1713 2347 λογίοις
1734 2313 1816 2339 ἐκπε-

194 2360 237 2386 nis
257 2359 453 2394 proprietates,
479 2365 539 2392 quae
557 2357 636 2384 nobis
653 2357 678 2384 in
698 2357 814 2392 eloquiis
835 2357 977 2385 elucidatte

1039 2359 1171 2395 ρασμένας
1194 2359 1371 2393 ἁγιοπρεπετς
1394 2358 1525 2393 ἰδιότητας
1547 2359 1666 2394 ἑκάστης
1686 2359 1816 2394 οὐρανίας

195 2409 267 2437 sunt,
284 2411 352 2439 pura
369 2407 459 2431 mente
475 2402 703 2438 contemplemur.

1039 2404 1244 2440 ῖιακοσμήσεως.

749 2531 805 2568 48
821 2532 1085 2562 ADNOTATIONES
1104 2533 1277 2562 CORDERII.

229 2590 347 2625 Angelici
372 2590 489 2618 nominis
513 2595 540 2617 et
563 2588 642 2618 ollicii
668 2590 774 2618 ratione
799 2590 952 2626 assignata,
984 2591 1082 2626 quaerit
1108 2591 1168 2622 hic,
1193 2598 1243 2618 cur
1256 2597 1358 2626 omnes
1376 2589 1503 2617 caelestes
1518 2590 1631 2624 spiritus
1655 2589 1811 2625 angelorum

193 2624 305 2653 nomine
326 2630 465 2658 vocentur,
481 2633 543 2653 cum
566 2625 593 2652 id
615 2626 752 2660 proprium
768 2625 804 2652 sit
818 2625 925 2653 ordinis
941 2624 1082 2660 postremi,
1101 2630 1195 2660 utpote
1207 2625 1252 2660 qui
1265 2633 1298 2652 ex
1317 2624 1405 2653 oﬂicio
1425 2625 1459 2652 ad
1481 2625 1606 2653 homines
1628 2624 1811 2657 destinantur,

761 2687 774 2701 ν
789 2682 862 2710 Psal.
878 2690 927 2716 cn,
948 2688 976 2710 et
994 2683 1089 2710 Matth.
1110 2690 1173 2710 xxv.

846 2738 962 2766 VARUS
982 2738 1180 2768 LECTlONES.

1125 2797 1146 2812 9"
1164 2796 1195 2822 D.
1225 2795 1438 2830 ὑπερκειμένων.
1507 2795 1541 2811 ¹⁶⁰
1558 2803 1603 2830 γρ.
1624 2794 1808 2829 Ἀγγελικοῡς.

1393 2831 1404 2847 ³
1421 2831 1513 2858 Ultart.
1542 2831 1604 2857 and.
1624 2836 1683 2864 post
1707 2831 1809 2866 ἀρχὰς,

231 2684 240 2702 ί
253 2683 330 2711 Joan.
348 2681 438 2715 xv,l5.
475 2686 488 2701 υ
500 2680 578 2710 Joan.
599 2689 666 2715 xvtt,
682 2683 706 2709 6.

225 2800 247 2815 ⁸⁷
265 2799 295 2827 D.
313 2799 343 2826 S.
371 2806 424 2825 non
448 2797 547 2824 habent
571 2796 713 2824 articulum
727 2795 762 2831 ζὴ.
825 2795 848 2812 ⁸⁸
868 2795 925 2828 lege
950 2796 979 2823 ὲν
1001 2798 1065 2827 τοῖς.

193 2834 265 2869 [(211.
281 2834 426 2869 ὲλλάμψεις
441 2841 471 2859 τε
496 2832 558 2869 καίκ
581 2833 671 2867 itaque
694 2830 803 2858 Sarrae.
825 2832 918 2859 vertit.
951 2832 961 2846 ¹
981 2831 1094 2859 Budaeus
1115 2830 1226 2865 corrigit
1248 2831 1352 2862 αὑταῖς.

192 2868 322 2900 ἔξουσίας.
348 2867 378 2884 ⁷⁸⁷
387 2877 432 2904 γρ.
452 2867 599 2903 ἱεραρχίας.
