1933 3075
228 133 281 162 I99

829 136 858 165 S.
876 137 1026 166 DIONYSII
1045 137 1277 167 AREOPAGITIE

1803 145 1858 172 200

227 191 297 226 apud
311 198 361 220 nos
373 190 460 219 divini
475 196 549 224 sunt,
562 191 673 220 adducit
686 192 720 219 ad
735 192 933 222 illustrationes
945 202 1012 230 quas

1064 195 1128 226 τοὺς
1141 195 1202 221 καθ’
1221 196 1293 231 ἡμᾶς
1309 195 1415 228 ἐνθέους
1431 196 1527 231 ἀνάγει
1548 197 1617 233 πρὸς
1635 197 1685 230 τὰς
1707 196 1859 235 ἔλλάμψιις

227 245 241 263 a
258 237 311 264 Deo
331 237 380 272 ipsi
405 242 580 274 acceperunt,
599 239 639 266 sic
652 239 734 266 etiam
752 245 858 267 natura:
872 241 932 268 ista:
946 241 1016 268 hanc

227 283 463 316 distributionem,
479 292 539 318 quae
561 285 689 312 videlicet
712 285 864 320 angelicam
880 286 1014 320 complet.

228 328 377 356 adducunt.
394 329 452 356 Nisi
469 328 540 357 forte
555 331 616 364 quis
635 331 720 357 etiam
745 331 796 358 hoc
813 331 902 364 dicat,
919 338 1016 358 secun-

227 375 292 404 dum
308 376 388 403 aliam
405 377 581 410 solutionem,
604 377 677 412 quod
693 385 791 405 novem
807 378 888 405 etiam
907 378 1016 406 ordines

168 458 172 460 _
227 431 401 452 communem
421 424 541 451 habeant
564 424 784 459 appellationem,
810 425 873 459 quia
895 431 1016 452 commu-

227 476 289 497 nem
302 477 411 504 quoque
423 470 525 498 habent
539 470 760 502 illustrationem,
772 475 799 497 et
815 470 933 497 divinam
946 477 1016 496 com-

227 515 452 548 municationem,
475 517 584 543 tametsi
613 524 665 543 non
681 516 829 551 mqualem,
847 516 894 543 sed
919 515 1016 542 remis-

228 562 328 589 sioretn
351 563 622 595 praestantioremve;
646 562 873 597 quemadmodum
890 562 970 589 etiam
987 562 1014 588 in

228 607 397 635 nostratibus
419 615 505 643 cygno
529 613 558 635 et
583 609 643 635 nivi
664 609 847 636 communiter
868 608 938 635 albis
953 615 1015 635 esse

227 654 453 688 contingit,quod
469 653 621 682 albedinetn
637 654 821 681 communiter
837 653 1012 688 participem,

228 700 294 727 licet
311 700 460 727 secundum
479 701 565 736 magis
580 709 612 728 ac
628 701 727 728 minus.
743 700 874 728 C(nlestes
886 701 958 728 enim
974 707 1016 727 or-

228 746 305 773 dines
329 746 448 773 divinam
470 747 634 773 annnntiant
656 747 868 774 illustrationem
885 754 918 775 eo
934 747 1015 774 modo

227 798 281 825 quo
304 799 363 818 eam
387 792 540 826 accipiunt;
568 793 720 827 suscipiunt
744 798 835 821 autem
853 793 945 826 illam,
967 793 1013 820 alii

226 836 335 871 quidem
352 837 450 872 magis,
465 837 518 869 allii
532 845 597 864 vero
616 838 716 865 minus.
730 837 811 865 Juxta
828 837 894 865 illud
911 837 1013 873 itaque,

226 889 323 910 omnes
337 883 520 910 communiter
540 883 629 919 angeli
646 884 737 911 vocari
763 888 887 919 possunt.
901 883 1012 916 Verum,

226 931 256 954 ut
269 934 359 955 sermo
382 929 469 963 magis
489 929 637 956 distinctus
656 930 707 962 sit,
724 929 960 957 considerabimus
980 936 1012 956 ea

225 980 287 1008 quac
305 974 331 1001 in
347 974 497 1009 Scripturis
510 981 688 1004 sacrosancta
703 980 777 1009 sunt,
793 983 885 1004 sacras
900 977 1011 1012 inquam

224 1021 407 1054 proprietates
421 1022 566 1056 cujuslibet
580 1023 683 1051 ordinis
698 1023 832 1051 cmlestis.

467 1181 658 1226 CAPUT
692 1181 778 1225 VI.

226 1250 351 1280 Quianam
361 1250 395 1276 sit
408 1250 492 1278 prima
507 1250 650 1276 caelestium
670 1250 847 1276 essentiarum
861 1247 1008 1282 distinctio,

410 1293 468 1319 quae
479 1285 576 1317 media,
591 1292 652 1319 qua:
675 1289 817 1319 postrema.

1065 239 1116 269 τὰς
1132 240 1305 275 ὲγνωσμένας
1322 240 1390 276 αὐτῇ
1409 241 1485 276 παρὰ
1496 241 1544 267 τοῦ
1565 242 1644 274 Θεοῦ,
1667 242 1738 269 οὕτω
1757 245 1805 271 καὶ
1828 245 1858 271 αι

1066 285 1119 320 πρὸ
1143 285 1246 321 ταύτης
1270 286 1357 312 οὐσίαι
1379 287 1480 322 ταύτην
1494 287 1641 322 ἀνάγουσι*
1657 289 1706 324 τὴν
1728 290 1858 326 ἀποπλη-

1066 330 1166 366 ροῦσαν
1187 331 1306 367 δηλονότι
1318 333 1367 368 τὴν
1382 333 1531 369 ἀγγελικὴν
1551 334 1741 370 διακόσμησιν.
1762 335 1794 362 El
1818 336 1858 372 μὴ

1065 375 1120 412 ἄρα
1134 385 1176 409 τις
1191 378 1239 404 καὶ
1250 378 1328 404 τοῦτο
1341 378 1415 412 λέγει
1432 379 1492 405 καθ’
1507 380 1602 415 ἑτέραν
1614 380 1700 413 λύσιν,
1711 381 1751 407 ὅτι
1762 381 1858 417 κοινὴν

1065 422 1158 456 ἔχουσι
1176 423 1225 458 τὴν
1238 423 1386 459 ὀνομασίαν
1403 424 1450 451 καὶ
1466 424 1500 450 τὰ
1521 425 1598 451 ἐννέα
1618 425 1746 460 τάγματα
1758 446 1765 458 ,
1787 426 1857 452 διότι

1066 469 1158 505 κοινὴν
1178 469 1226 496 καὶ
1244 470 1294 504 τὴν
1318 470 1483 504 φωτοδοσίαν
1507 470 1614 506 ἔχουσι,
1637 472 1684 498 καὶ
1707 471 1756 507 τὴν
1780 471 1858 499 θείαν

1065 515 1150 550 αὐτὴν
1164 516 1305 542 κοινωνίαν
1315 536 1322 547 ,
1338 516 1362 542 εί
1379 517 1425 542 καὶ
1447 516 1484 551 μὴ
1506 516 1616 551 ὁμοίως,
1633 517 1690 543 ἀλλ’
1704 517 1858 553 ὑφειμένην

1066 563 1112 589 καὶ
1127 561 1315 598 προῦχουςαν·
1340 562 1434 598 ὥσπερ
1450 564 1496 590 καὶ
1515 564 1611 596 κοινῶς
1631 564 1654 590 εί
1675 563 1751 599 τύχοι
1771 564 1859 591 λευκά

1065 610 1112 636 ἐπὶ
1126 611 1182 641 τοῖς
1201 609 1346 646 ἡμετέροις
1359 611 1373 636 ὁ
1391 610 1490 641 κύκνος
1508 609 1555 636 καὶ
1571 610 1588 645 ἡ
1604 609 1670 645 χιὼν
1681 630 1688 642 ,
1712 610 1780 637 διότι
1796 620 1858 637 κοι-

1065 655 1118 688 νῶς
1136 655 1278 690 μετέχουσι
1292 655 1343 690 τῆς
1361 655 1539 692 λευκότητος,
1553 656 1578 682 εἰ
1594 656 1641 682 καὶ
1658 655 1728 682 κατὰ
1740 656 1771 682 τὺ
1787 657 1859 691 μᾶλ-

1065 703 1110 729 λον
1127 703 1174 730 καὶ
1196 702 1227 729 τὸ
1249 700 1346 738 ἥττον’
1362 703 1522 737 ἀγγέλλουσι
1547 703 1601 740 γὰρ
1622 703 1669 730 καὶ
1686 704 1721 730 τὰ
1741 704 1859 740 οὐράνια.

1065 750 1192 785 τάγματα
1231 749 1280 784 τὴν
1316 749 1390 776 θείαν
1419 749 1582 784 φωτοδοσίαν
1599 769 1607 782 ,
1631 749 1720 782 καθὼς
1752 750 1859 787 ταύτην

1065 795 1249 831 λαμϐάνουσι·
1268 795 1434 830 λαμϐάνουσι
1461 795 1508 827 δὲ,
1535 795 1570 822 τὰ
1599 796 1649 831 μὲν
1673 796 1790 831 μᾶλλον,
1820 797 1859 824 τὰ

1065 841 1093 868 δὲ
1120 839 1211 877 ἦττον.
1243 841 1323 868 Κατὰ
1350 841 1429 868 τοῦτο
1453 841 1519 876 γοῦν
1543 841 1641 873 κοινῶς
1669 842 1789 875 ἅπαντες
1809 843 1858 870 λέ-

1066 888 1149 922 γοιντ“
1162 887 1199 915 ’ἂν
1212 887 1331 922 ἄγγελοι.
1352 887 1420 914 Ἀλλ’
1438 889 1480 915 ῖνα
1499 887 1597 923 μᾶλλον
1611 889 1625 914 ὁ
1637 888 1716 922 λόγος
1726 888 1858 925 εὐκρινὴς

1066 934 1178 969 γένηται
1188 953 1196 966 ,
1214 933 1314 970 ἴδωμεν
1334 933 1414 969 ιερῶς
1429 934 1464 961 τὰ
1479 935 1508 960 ὲν
1526 935 1582 966 τοῖς
1596 933 1697 968 λογίοις
1714 935 1790 970 ιερὰ,
1804 935 1858 967 τὰς

1065 980 1244 1015 ἁγιοπρεπεῖς
1265 979 1338 1014 λέγω
1364 980 1498 1016 ἰδιότητας
1519 980 1636 1016 ἑκάστης
1655 980 1783 1015 οὐρανίας
1802 981 1855 1007 τά·

1066 1024 1143 1058 ξεως.

1241 1176 1563 1220 ΚΕΦΑΛΑΙΟΝ
1596 1182 1644 1220 ς’.

1069 1248 1116 1282 Τίς
1128 1248 1148 1282 ἡ
1160 1247 1259 1282 πρώτη
1277 1246 1336 1274 τῶν
1350 1247 1496 1282 οὐρανίων
1510 1246 1623 1273 οὐσιῶν
1639 1246 1853 1282 διακόσμησις,

1230 1283 1277 1316 τίς
1289 1282 1308 1316 ἠ
1319 1281 1411 1316 μέση,
1424 1282 1469 1315 τίς
1483 1283 1502 1316 ὴ
1517 1283 1682 1309 τελευταια.

869 1361 1036 1391 SYNOPSIS
1053 1361 1199 1391 CAPlTlS.

224 1424 243 1449 Ι.
261 1423 339 1454 Ποσει,
351 1422 430 1448 solum
441 1423 516 1448 Deum
525 1425 609 1448 exacte
620 1428 688 1448 nosse
698 1428 753 1454 quin
762 1421 795 1447 ad
808 1428 889 1446 omnes
897 1421 1148 1456 ordineslqngelorunt
1157 1423 1271 1456 specum.
1285 1421 1317 1446 Il.
1331 1419 1428 1451 Tradit,
1439 1426 1523 1445 novem
1545 1418 1644 1446 ordine;
1657 1422 1796 1454 angelorum
1820 1421 1848 1447 in

838 1455 887 1478 tres
896 1451 1048 1478 hieran/riui
1057 1458 1109 1477 esse
1121 1451 1268 1477 distributos.

1014 1507 1070 1544 §l.

257 1591 373 1626 Quantae
392 1590 502 1626 quidem
519 1590 585 1623 sint,
603 1594 632 1617 et.
646 1589 742 1624 quales
768 1587 1007 1624 superccelestinm
1022 1600 1043 1628 ε

222 1637 405 1666 essentiarum
419 1635 624 1670 dispositiones,
644 1639 672 1662 et
685 1641 739 1669 quo
755 1638 836 1669 pacto
848 1635 1007 1662 earumdem

223 1685 299 1712 sacri
316 1683 426 1710 ordines
441 1681 595 1713 initientur,
609 1681 697 1708 solum
709 1686 806 1708 exacte
821 1687 900 1708 nosse
912 1688 1011 1708 censeo

222 1729 344 1755 divinum
367 1727 452 1758 illum,
471 1734 485 1752 a
501 1733 555 1760 quo
572 1726 627 1760 50
645 1729 854 1759 consecrantur,
870 1726 1009 1761 principa-

223 1779 278 1802 tum
291 1779 489 1808 ;pra:terquam
507 1772 580 1806 quod
599 1777 626 1798 et
639 1771 704 1806 ipsis
721 1772 835 1798 virtutes
851 1777 933 1806 atque
950 1772 1012 1799 illu-

221 1820 371 1848 strationes
393 1818 510 1853 propriae
533 1818 589 1845 sint
613 1822 762 1852 perspecta:
777 1826 829 1844 una
855 1825 915 1845 cum
932 1825 1011 1845 sacra

221 1874 270 1894 sna
285 1864 554 1900 supermundialique
567 1863 762 1891 ordinatione:
777 1871 865 1898 neque
880 1864 952 1890 enim
968 1863 1011 1890 in~

222 1913 345 1948 lelligere
358 1911 481 1938 valemus
495 1909 731 1944 supercmlestium
748 1909 859 1937 istarum
878 1910 1010 1937 mentium

221 1959 368 1996 mysteria,
391 1964 420 1985 et
446 1956 636 1984 sanctissimas
663 1954 771 1982 illarum
810 1955 1010 1990 perfectiones.

223 2007 276 2034 nisi
295 2006 341 2034 illa
358 2005 430 2032 forte
442 2012 492 2032 nos
507 2004 577 2031 scire
590 2003 652 2038 quis
674 2007 791 2035 asserat,
805 2011 865 2037 qua:
891 2003 1009 2036 illorum,

222 2060 271 2080 sua
295 2052 400 2079 scilicet
423 2051 477 2078 rite
502 2050 674 2083 callentium,
691 2049 848 2077 ministerio
875 2048 1010 2076 Divinitas

222 2099 281 2134 ipsa
295 2105 346 2126 nos
359 2097 461 2126 docuit.
474 2097 570 2131 itaque
587 2104 636 2124 nos
650 2096 759 2130 quidem
779 2095 846 2122 nihil
860 2100 933 2122 motu
951 2103 1011 2130 pro-

222 2145 282 2180 prio
296 2145 419 2172 dicemus
433 2151 441 2175 ;
458 2143 506 2171 sed
521 2150 581 2176 qua:
599 2142 721 2178 angelica
735 2141 889 2174 spectacula
904 2141 1009 2169 sanctis

224 2187 361 2224 theologis
372 2188 432 2215 visa
450 2186 565 2220 fuerint,
582 2186 684 2220 edocti,
707 2193 756 2221 pro
772 2186 875 2213 viribus
888 2194 1009 2221 expone-

222 2241 293 2261 mus.

1097 1589 1173 1615 Ὅσοι
1190 1589 1239 1625 μέν
1253 1590 1317 1621 εἱσι,
1328 1590 1377 1617 καὶ
1384 1586 1434 1616 οἷοι
1450 1588 1504 1616 τῶν
1516 1588 1720 1625 ὑπερουρανίων
1731 1589 1848 1616 ⁸οὒσιῶν

1062 1636 1087 1661 οἱ
1100 1634 1254 1671 διάκοσμοι,
1270 1635 1317 1662 καὶ
1326 1635 1400 1667 ὅπως
1421 1635 1449 1662 αἱ
1467 1634 1528 1661 κατ’
1540 1634 1638 1666 αὐτοὺς
1657 1634 1852 1670 ἱεραρχίαιοτε-

1062 1680 1181 1712 λοῦνται,
1199 1680 1283 1716 μόνην
1299 1681 1421 1717 ἀκριϐῶς
1434 1680 1533 1707 εἰδέναι
1548 1679 1619 1715 φημὶ
1643 1679 1691 1714 τὴν
1700 1681 1852 1714 θεωτικὴνε

1062 1727 1154 1754 αὐτῶν
1167 1727 1345 1763 τελεταρχίαν
1372 1735 1380 1742 ι
1397 1726 1509 1762 προσέτι
1522 1727 1569 1753 καὶ
1583 1726 1680 1758 αὐτοὺς
1702 1726 1852 1760 ἐγνωκέναι

1061 1773 1111 1805 τὰς
1123 1773 1225 1804 οίκείας
1239 1773 1368 1808 δυνάμεις
1379 1780 1408 1799 τε
1423 1773 1469 1799 καὶ
1481 1771 1638 1807 ὲλλάμψεις,
1647 1772 1692 1798 καὶ
1708 1771 1758 1807 τὴν
1773 1771 1852 1807 ἱερὰν

1062 1818 1170 1845 αὐτῶν⁷
1192 1818 1239 1844 καὶ
1266 1818 1451 1853 ὺπερκόσμιον
1476 1816 1619 1849 εὐταξίαν·
1640 1816 1771 1842 ἀδύνατον
1795 1816 1852 1852 γὰρ

1062 1865 1135 1900 ἡμᾶς
1147 1865 1245 1891 ειδέναι
1272 1863 1307 1890 τὰ
1330 1863 1384 1889 τῶν
1401 1863 1603 1898 ὑπερουρανίων
1617 1862 1684 1888 νοῶν
1701 1863 1850 1897 μυστήρια,

1062 1911 1109 1938 καὶ
1123 1911 1172 1943 τὰς
1184 1911 1337 1946 ἁγιωτάτας
1348 1909 1436 1936 αὐτῶν
1451 1908 1647 1939 τελειώσεις,εί
1663 1908 1698 1943 μή
1712 1916 1764 1933 που
1781 1907 1850 1942 φαίη

1060 1967 1113 1990 τις,
1122 1959 1172 1984 ὅσα
1183 1958 1215 1984 δι’
1227 1957 1317 1984 αὐτῶν
1330 1957 1413 1992 ἡμᾶς,
1425 1956 1464 1987 ὼς
1477 1955 1511 1981 τὰ
1521 1955 1608 1981 οἰκεῖα
1623 1954 1712 1985 καλῶς
1725 1953 1849 1984 εἰδότων,

1061 2005 1078 2040 ὴ
1094 2003 1207 2039 Θεαρχία
1222 2001 1485 2039 μεμυσταγώγηκεν.
1497 2000 1601 2027 Οὐκοῦν
1617 2001 1697 2035 ἡμεῖς
1712 1999 1760 2034 μὲν
1771 1999 1850 2026 οὐδὲν

1060 2048 1245 2083 αὑτοκινὴτως
1259 2047 1374 2083 ἐροῦμεν
1385 2055 1391 2061 ’
1405 2046 1455 2073 ὅσα
1467 2046 1495 2072 δὲ
1512 2045 1566 2072 τῶν
1579 2044 1730 2079 ἁγγελικῶν
1744 2044 1849 2078 θεαμά-

1059 2102 1113 2121 των
1130 2094 1183 2120 ὑπὸ
1195 2094 1249 2120 τῶν
1265 2093 1345 2141 ἱερῶν
1360 2092 1492 2126 θεολόγων
1506 2089 1757 2141 mamma-numici:
1779 2098 1850 2125 μυη-

1060 2139 1152 2171 θέντες
1160 2140 1250 2175 ήμεῐς,
1264 2135 1301 2171 ὼξ
1308 2136 1398 2165 οἶοίτέ
1414 2139 1506 2173 ἐσμεν,
1523 2135 1703 2171 ἐκθησόμεθα.

994 2289 1008 2325 §
1027 2287 1068 2318 ll.

257 2351 432 2380 Snbstantias
464 2350 593 2378 caelestes
627 2355 725 2376 omnes
755 2348 889 2382 theologia
915 2356 1010 2377 novem

1098 2347 1192 2378 Πάσας
1205 2347 1222 2382 ὴ
1234 2345 1358 2379 θεολογία
1370 2342 1420 2374 τὰς
1433 2339 1576 2377 οὐρανίους
1596 2338 1690 2370 οὐσίας
1707 2337 1786 2364 ἐννέα
1799 2337 1848 2364 κέ-

221 2398 418 2432 explanatoriis
453 2395 610 2424 nominibus
645 2393 812 2429 appellavit:
829 2394 878 2421 has
901 2394 1010 2422 divinus

222 2451 315 2472 noster
329 2444 450 2470 initiator
480 2443 506 2469 in
529 2447 586 2469 tres
606 2440 740 2467 ternarias
768 2439 894 2467 distinxit
918 2440 1010 2467 distri-

221 2491 360 2518 butiones.
384 2489 423 2517 Ac
447 2489 563 2523 primam
580 2486 693 2522 quidem
712 2486 752 2513 ait
766 2493 829 2514 esse
845 2487 930 2519 illam,
947 2493 1009 2521 qua

221 2539 294 2566 circa
314 2539 398 2565 Deum
415 2536 526 2563 assiduo
543 2539 680 2566 versatur,
693 2533 789 2568 illique
807 2534 910 2568 iugiter
924 2534 1009 2561 inhae-

221 2593 294 2618 rere,
311 2592 343 2612 ac
365 2591 420 2618 pra:
441 2582 550 2610 ceteris
573 2580 759 2608 itnmediatins
773 2580 846 2608 uniri
861 2580 982 2607 traditur
998 2589 1005 2608 :

221 2629 409 2658 sanctissimos
423 2629 496 2656 enim
517 2628 682 2658 thronosﬂet
705 2626 829 2659 pluribus
841 2627 929 2655 oculis
944 2627 1008 2655 alis-

257 2705 269 2719 ι
311 2698 411 2728 Ezech.
431 2705 450 2724 ι.

1060 2393 1160 2428 κληκεν
1186 2390 1396 2426 ἐκφαντορικαίς
1416 2386 1600 2421 ὲπωνυμίαις’
1615 2384 1715 2415 ταύτας
1736 2384 1750 2409 ὁ
1775 2382 1847 2415 Θεῖος

1059 2440 1138 2476 ἡμῶν
1153 2438 1340 2475 ἱεροτελεστὴς
1354 2437 1393 2467 είς
1404 2436 1477 2471 τρεῖς
1491 2432 1615 2469 ἀφορίζει
1637 2430 1776 2467 τριαδικὰς
1789 2429 1847 2455 δια-

1059 2486 1218 2522 κοσμήσεις.
1240 2485 1296 2511 Καὶ
1323 2481 1434 2518 πρώτην
1460 2481 1509 2516 μὲν
1540 2477 1609 2505 εἶναί
1631 2486 1698 2513 φησι
1720 2476 1769 2512 τὴν
1782 2476 1847 2511 περὶ

1058 2533 1144 2560 ⁸Θεὸν
1159 2530 1241 2559 οὖσαν
1265 2531 1318 2562 ἀεὶ,
1333 2531 1381 2556 καὶ
1401 2526 1543 2564 προσεχῶς
1555 2525 1629 2562 αὐτῷ
1650 2524 1698 2551 καὶ
1717 2523 1770 2559 πρὸ
1790 2522 1847 2548 τῶν

1058 2579 1144 2607 ἄλλων
1156 2578 1266 2613 ἀμέσως
1276 2575 1396 2612 ἡνῶσθαι
1410 2572 1629 2609 παραδεδομένην
1640 2571 1660 2586 ’-
1675 2568 1737 2600 τούς
1749 2576 1779 2594 τε
1791 2567 1848 2603 γὰρ

1059 2625 1228 2660 ἁγιωτάτους
1241 2623 1364 2658 θρόνους,
1380 2620 1428 2647 καὶ
1447 2618 1482 2646 τὰ
1503 2617 1682 2652 πολυόμματα
1700 2614 1748 2642 καὶ
1760 2613 1847 2640 πολύ-

888 2738 1007 2767 νΑιιιίΕ
1024 2736 1171 2766 LECTION
1175 2736 1225 2764 ES.

254 2826 265 2842 ‘
285 2826 319 2853 Il.
336 2825 407 2853 S.l’.
423 2823 598 2859 ἐπουρανίων.
636 2822 647 2837 ⁶
667 2822 697 2849 D.
731 2819 913 2882 ΘεωρητιὬν,
936 2818 1007 2854 quod
1032 2817 1142 2843 verbum
1174 2815 1271 2843 Scotus
1304 2815 1508 2849 interpretatur.

255 2861 325 2888 υτῶν
344 2861 430 2889 ἱεράν,
449 2861 486 2887 ita
500 2859 581 2887 etiam
598 2857 671 2885 Scot.
709 2858 719 2873 '
738 2856 794 2883 τόν.
825 2856 842 2874 -⁹
887 2873 895 2882 .
919 2854 948 2882 S.
961 2851 1193 2889 παραδεχομένην),

218 2861 325 2888 ἑαυτῶν
344 2861 430 2892 ἱεράν,
449 2856 581 2887 ita'etiam
598 2857 671 2885 Scot.
709 2858 719 2873 '
738 2856 794 2883 «iv;
825 2856 842 2874 -²

1576 2810 1586 2826 '
1602 2809 1654 2839 Ch.
1670 2807 1703 2836 D.
1734 2807 1782 2834 aui.
1797 2807 1847 2843 τὴν
