1933 3075
178 166 232 198 203

762 155 790 182 S.
809 148 957 179 DlONYSll
975 142 1206 174 AREOPAGITE

1744 134 1800 162 205

181 227 391 258 subministrant
416 220 568 251 istiusmodi
591 215 785 246 eruditionem.
801 211 855 238 Nos
869 211 961 243 itaque
975 215 982 237 Α

1034 203 1057 229 ἓν
1070 203 1148 238 ἡμεῖς
1172 201 1219 236 μὲν
1232 199 1306 226 οὐδὲν
1323 198 1369 233 ἀφ’
1385 195 1489 224 ἑαυτῶν
1503 195 1629 230 λέγομεν,
1643 193 1693 220 ὅσα
1705 193 1733 220 δὲ
1745 202 1802 219 των

1036 257 1039 258 ,
1053 246 1166 258 ,,,\A_.,~...
1191 245 1335 258 n-_..1.-.
1363 244 1408 258 ..-\
1429 242 1554 258 mnam-Lm
1582 240 1636 258 .·...λ
1649 240 1703 258 "Tm
1720 238 1802 258 ignitu-

180 275 248 304 nihil
263 274 374 302 omnino
383 270 498 306 ‘quidem
512 275 526 294 a
545 265 678 294 nobismet
691 261 743 296 ipsi
767 259 883 286 dicimus
896 264 903 283 ι
916 255 963 282 sed

182 329 242 357 quae
256 322 282 348 in
295 317 425 352 angelicis
437 315 504 342 visis
519 320 550 340 ac
562 309 719 338 uotionibus
746 304 835 333 sacris
861 301 964 329 theolo-

693 354 699 357 ‘
856 356 860 357 ν
869 349 875 357 Ι
911 347 948 357 31ιέ
957 355 963 357 μ

183 347 223 402 iis
239 369 385 400 conspecta
413 366 479 389 sunt
503 363 531 387 et
558 364 633 389 nota,
650 354 745 382 eadem
765 358 826 383 nos,
851 349 885 376 ab
911 347 964 374 illis

184 413 284 443 cdocti,
298 418 404 437 rursum
421 414 471 443 pro
489 404 558 432 virili
571 407 748 439 exponemus.

221 460 236 496 ᾗ
258 458 290 486 ι’1.
312 457 413 485 Omnes
422 440 558 482 essentias
574 449 711 478 caelestes,
725 449 873 478 eorumque
892 440 966 468 ordi-

185 516 245 540 nes,
260 513 357 534 novem
372 501 480 530 vocavit
496 497 630 532 theologia
654 492 862 529 cognominibus
881 488 967 516 mani-

187 537 331 582 festativis,
350 553 377 576 et
400 548 492 575 divina
517 543 646 579 mysteria
668 537 902 568 denuntiantibns,
918 539 967 561 seu

187 581 330 632 angelicis;
358 593 412 621 Has
439 595 528 619 autem
562 588 590 615 in
622 591 677 613 tres
704 583 838 612 ternarios
860 581 968 608 ordines

187 626 286 679 dig-[erit
310 641 426 675 inclytus
452 637 573 664 initiator
606 637 712 663 noster.
739 630 796 657 sive
819 629 842 656 is
865 629 900 655 sit
927 626 970 653 tli-

188 673 267 717 viiius
296 673 468 715 llierotheus.
501 681 560 709 sive
583 679 674 714 potius
691 678 714 704 is
734 676 778 711 qui
802 675 835 702 ad
860 673 968 701 tertiqu

189 735 287 764 caelum
302 735 425 763 evectus,
439 727 540 756 ibidem
566 729 659 760 raptus
681 723 707 750 in
732 721 901 756 paradisum,
915 717 971 744 Ma-

191 787 259 815 gnus
295 778 406 812 inquam
435 773 546 802 Paulus.
575 771 614 798 Ac
649 768 764 804 primum
797 766 907 800 quidem
938 770 971 790 ac

191 827 263 854 circa
279 811 363 852 Deum
374 822 548 851 existentcm,
557 818 635 852 eique
644 814 766 851 proxime
774 817 802 840 et
816 811 972 839 immediate

195 872 313 904 unitum,
330 869 396 896 dicit
412 874 472 895 esse
486 867 598 893 thronos
616 861 816 891 sanctissimos,
831 863 858 885 et
874 856 972 884 multo-

194 925 252 945 rum
265 915 415 947 oculorum,
426 913 525 948 quippe
532 907 695 944 cognitionis
706 906 783 941 copia
795 903 970 939 pollcntium;

194 970 222 991 et
248 961 394 991 multarum
411 959 526 990 alarum.
554 959 647 989 utpote
676 952 925 980 eiiieacissimorum
946 953 973 976 et

195 1010 247 1046 52
272 1009 455 1039 incensorum,
470 1011 538 1039 quos
552 1001 693 1029 cherubim
719 1005 747 1027 et
772 998 908 1030 seraplum
921 995 975 1022 He-

194 1044 267 1083 brara
283 1054 373 1088 lingua
398 1057 497 1079 vocare
515 1049 596 1081 solct,
621 1047 698 1081 cujus
712 1052 792 1073 causa
811 1044 837 1070 in
856 1049 973 1077 sequen-

196 1102 267 1129 tibus
304 1098 468 1134 proferetur.
496 1095 614 1123 Primam
656 1093 725 1120 hanc
755 1088 975 1128 distributionem

195 1143 269 1175 circa
295 1146 378 1173 Deum
398 1142 555 1171 immediate
579 1138 717 1170 collocari,
737 1135 836 1163 asserit
851 1133 977 1161 oraculo-

198 1201 256 1220 rum
275 1191 384 1220 traditio
399 1200 404 1217 :
422 1190 490 1217 hanc
508 1187 590 1215 etiam
608 1184 725 1220 inclytus
738 1181 866 1217 Magister
883 1183 977 1207 noster

198 1247 279 1268 unam
294 1243 321 1266 et
342 1237 464 1272 ejusdem
489 1232 629 1269 dignitatis
641 1237 703 1259 esse
717 1230 837 1260 dicebat.
853 1234 907 1263 qua
924 1234 976 1254 non

198 1291 241 1314 est
262 1286 314 1313 alia
330 1281 486 1312 distributio
502 1278 672 1315 primigeniis
688 1285 720 1304 ac
736 1275 835 1303 divinis
857 1274 978 1302 illustra-

202 1333 321 1362 tionibus
343 1329 481 1358 attentior.
498 1326 624 1355 Secunda
648 1331 714 1352 vero
729 1327 770 1351 est
787 1330 821 1350 ex
836 1320 978 1356 potestati-

201 1383 250 1408 bus
265 1385 292 1408 et
308 1375 540 1407 domlnalionibus
565 1378 648 1406 atque
674 1369 838 1401 virtutibus;
867 1372 895 1395 et
920 1370 981 1402 post

201 1428 271 1454 hanc
288 1425 377 1456 tertia,
396 1430 455 1457 qua:
471 1419 590 1454 complet
602 1416 761 1451 angelorum
786 1418 812 1443 et
827 1414 980 1446 archange—

202 1474 289 1500 lorum
314 1478 347 1498 ac
375 1467 573 1502 principatuum
597 1462 812 1498 dispositionem.
827 1459 981 1487 Notandum

202 1522 292 1546 autem
314 1516 420 1550 aliquos
444 1514 497 1540 hac
519 1509 723 1538 enumeratione
746 1511 921 1543 provocatos,
945 1505 982 1532 ita

203 1565 318 1600 primam
333 1559 554 1589 distributionem
565 1556 693 1585 ordinare
705 1563 712 1582 :
726 1554 842 1589 primum
858 1553 981 1582 thronos.
995 1558 1018 1590 ο

203 1598 301 1637 deinde
328 1605 486 1637 cherubim,
502 1611 534 1631 ae
558 1606 651 1638 postea
678 1600 833 1635 seraphim;
854 1598 982 1633 quocirca

203 1655 286 1682 etiam
302 1652 506 1687 inscriptionem
522 1649 630 1684 septimi
649 1647 758 1682 capitis,
774 1650 857 1680 atque
873 1645 982 1679 insuper

205 1700 286 1727 trium
316 1699 412 1726 horum
436 1696 563 1724 ordinant
589 1694 755 1726 doctrinam,
774 1690 982 1721 c0nterendam,

204 1747 291 1777 aiunt,
307 1752 368 1772 cum
384 1743 489 1771 duobus
512 1742 573 1769 istis
588 1739 716 1768 ternariis
730 1738 854 1766 ordinum
867 1743 984 1771 sequen-

206 1794 271 1820 titnn
283 1798 291 1819 :
304 1792 341 1819 ibi
358 1791 429 1818 enim
445 1789 505 1817 illos
520 1795 628 1816 sursum
645 1786 771 1814 deorsum
787 1787 928 1815 recenset;
941 1781 985 1809 hic

205 1844 295 1866 autern
313 1845 365 1865 non
383 1837 434 1869 sic,
459 1835 508 1863 sed
533 1834 660 1861 deorsum
688 1839 807 1859 sursum.
831 1829 919 1863 Atque
940 1827 985 1854 alii

205 1885 314 1921 quidem
332 1884 384 1911 hcc
407 1882 496 1914 modo,
516 1885 545 1908 ut
569 1879 659 1915 primo
682 1878 740 1905 loco
755 1875 891 1911 seraphim
904 1873 986 1901 collo-

205 1918 278 1963 cent.
297 1929 393 1958 deinde
409 1927 562 1958 cherubim,
580 1929 661 1959 atque
685 1922 784 1950 exinde
804 1921 937 1948 thronos:
954 1918 987 1945 ad

208 1979 259 2007 hoc
274 1976 390 2013 permoti
404 1975 437 2002 ab
450 1973 518 2001 lsaia
531 1972 651 2002 dicente,
669 1971 697 1997 in
713 1968 831 1996 circuitu
847 1966 894 1994 Dei
911 1973 987 1994 sera-

209 2011 283 2061 phini
298 2020 436 2053 collocari,
453 2019 494 2046 vel
508 2018 597 2055 potius
611 2017 646 2045 ab
662 2015 887 2050 inscriptionibus
898 2011 988 2040 octavi

209 2079 241 2098 ac
259 2069 320 2097 uorti
341 2068 450 2103 capitis.
471 2067 605 2096 dicentes,
626 2063 697 2098 quod
716 2067 746 2089 ιιι
768 2066 879 2089 sanctus
893 2066 990 2087 secun-

210 2116 275 2143 dutn
288 2114 411 2141 ordinem
425 2112 545 2143 illorum,
559 2110 599 2138 sic
613 2113 639 2137 et
651 2107 757 2136 titulum
769 2106 877 2142 septimi
893 2105 992 2140 capitis

211 2160 378 2195 inscripserit
394 2159 417 2193 (l
426 2158 462 2193 l).
470 2157 497 2184 Si
510 2157 571 2191 quis
584 2160 675 2183 autem
685 2154 799 2182 voluerit
812 2153 924 2180 thronos
932 2159 992 2179 esse

1015 246 1166 282 ὰγγελικῶν
1191 245 1335 281 θεαμάτων
1363 244 1411 270 καὶ⁵
1429 242 1554 277 γνώσεων
1582 240 1636 268 ὑπὸ
1649 240 1703 266 τῶν
1720 238 1802 275 ιερῶν

1015 293 1146 327 θεολόγων
1171 290 1309 326 ὲθεωρήθη
1323 290 1370 316 καὶ
1394 287 1526 323 ἐγνώσθη,
1540 286 1637 317 ταῦτα,
1654 285 1802 321 μυηθέντες

1015 338 1079 374 παρ’
1092 337 1214 368 ἐκείνων,
1234 336 1312 363 πάλιν
1325 335 1405 370 ἡμεῖς
1420 332 1492 360 κατὰ
1511 331 1541 358 τὸ
1563 331 1674 358 δυνατὸν
1687 329 1803 365 ἐκθησό-

1017 385 1096 421 μεθα.

1054 429 1068 465 §
1088 430 1122 455 ll.
1142 428 1235 459 Πάσας
1246 426 1295 458 τὰς
1309 425 1450 462 οὐρανίους
1471 422 1576 454 οὐσίας,
1590 420 1684 449 καὶτὰ
1701 421 1805 448 τούτων

1017 475 1153 510 τάγματα,
1170 473 1247 500 ὲννέα
1268 472 1401 506 κέκληκεν
1414 471 1431 505 ἡ
1445 469 1568 503 θεολογία
1581 469 1610 495 ὲν
1634 467 1806 502 ἐπωνυμίαις

1018 520 1226 556 ὲκφαντορικαῖς
1237 518 1284 545 καὶ
1299 515 1493 552 ἁγγελλούσαις
1504 514 1540 541 τὰ
1553 514 1600 541 τοῦ
1614 513 1681 540 Θεοῦ
1703 513 1806 548 μυστή-

1021 575 1073 603 ρια,
1089 566 1138 593 εἴτ’
1147 563 1192 592 οὖν
1206 563 1375 598 άγγελικαῖς.
1389 561 1497 592 Ταύτας
1508 560 1536 587 δὲ
1549 560 1588 591 εἰς
1606 560 1680 595 τρεῖς
1702 557 1805 593 τριαδι-

1019 601 1071 645 κὰς
1093 610 1215 647 ἀφορίζει
1231 609 1322 643 τάξεις
1332 610 1345 635 ὸ
1359 607 1462 638 κλεινὸς
1489 604 1672 642 ῑεροτελεστὴς
1685 602 1773 639 ἡμῶν,
1788 601 1805 637 ἢ

1019 659 1034 684 ὁ
1047 658 1118 689 Θεῑος
1137 655 1265 692 Ἰερόθεος
1278 654 1306 689 ἢ,
1321 653 1336 679 ὃ
1353 653 1399 679 καὶ
1414 651 1524 687 μᾶλλον,
1540 651 1554 676 ὁ
1567 650 1609 680 εἰς
1621 648 1711 684 τρίτον
1723 647 1807 682 οὐρα-

1021 705 1066 732 νὸν
1082 702 1212 734 κάνελθὼνς
1233 700 1358 728 κάκεῖθεν
1384 697 1518 734 ἁρπαγεὶς
1543 697 1583 728 είς
1605 694 1779 730 παράδεισον,
1793 694 1808 720 ὁ

1026 751 1112 786 μέγας
1135 747 1235 784 δηλαδὴ
1254 746 1368 777 Παῦλος.
1388 744 1444 771 Καὶ
1469 742 1579 778 πρώτην
1604 741 1652 776 μὲν
1677 740 1725 766 καὶ
1744 738 1809 773 περὶ

1024 796 1089 823 Θεὸν
1106 792 1187 822 οὖσαν
1201 795 1246 820 καὶ
1264 791 1405 828 προσεχῶς
1427 789 1501 824 αὺτῷ
1519 789 1565 815 καὶ
1579 787 1689 823 ὰμέσως
1705 786 1809 822 ἡνωμέ-

1024 850 1072 876 νην
1084 840 1156 874 λὲγει
1169 838 1233 870 τούς
1254 847 1284 864 τε
1308 835 1477 871 ἀγιωτάτους
1490 833 1612 869 θρόνους,
1633 832 1679 858 καὶ
1701 830 1735 857 τὰ
1759 839 1809 856 πο-

987 888 1009 916 Β
1023 874 1169 921 λυόμματα
1186 883 1222 915 ὡς
1245 882 1347 917 πλῆθος
1370 879 1496 914 γνώσεως
1520 878 1634 913 ἔχοντα,
1654 877 1699 903 καὶ
1726 874 1810 901 πολύ-

1023 940 1109 967 πτερα
1123 931 1161 962 ὡς
1171 927 1372 966 δραστικώτατα
1396 925 1527 962 ἐμπόρια,
1544 924 1600 959 ach
1617 921 1748 958 χερουόὶμ
1764 922 1811 948 καὶ

1025 978 1145 1014 σεραφὶμ
1167 978 1184 1012 ἡ
1200 975 1255 1001 τῶν
1274 972 1405 1009 Ἐὅραίων
1417 970 1470 998 οἶδε
1493 970 1601 1005 γλῶσσα
1616 969 1707 995 καλεῖν
1717 976 1723 982 ·
1736 967 1769 994 δι’
1778 968 1812 1002 ἣν

1024 1011 1160 1054 δὲ-αῐτίαν
1185 1025 1213 1051 ὲν
1228 1024 1285 1054 τοῖς
1301 1020 1443 1056 ἑπομένοις
1466 1013 1624 1055 ῥηθήσεται.
1651 1011 1750 1043 Τοῦτον
1766 1014 1812 1041 τὸν

1025 1073 1132 1109 πρῶτον
1149 1071 1295 1104 διάκοσμον
1317 1067 1381 1102 περὶ
1405 1065 1471 1092 Θεὸν
1483 1065 1593 1100 ἀμέσως
1615 1061 1737 1098 ἱδρῦσθαι
1761 1069 1813 1096 φη-

1027 1107 1069 1143 σιν
1094 1116 1111 1151 ἡ
1132 1113 1186 1141 τῶν
1207 1112 1304 1147 λογίων
1323 1109 1489 1146 παράδοσις·
1508 1108 1600 1135 τοῦτον
1617 1107 1664 1133 ἓνα
1687 1107 1734 1133 καὶ
1750 1107 1814 1141 ὁμο-

1026 1150 1127 1196 “ﬁt
1143 1159 1247 1191 κλεινὸς
1272 1157 1350 1193 ἡμῶν
1372 1156 1424 1190 ἔφη
1447 1152 1628 1190 καθηγεμὼν⁸
1648 1152 1742 1179 τούτου
1764 1150 1815 1178 οὐκ

1028 1207 1100 1234 ἐστιν
1113 1205 1191 1237 ἄλλος
1207 1204 1352 1238 διάκοσμος
1367 1200 1579 1237 προσεχέστερος
1601 1200 1660 1230 ταῖς
1676 1206 1817 1238 πρωτουρ-

1028 1253 1086 1286 γοῖς
1102 1251 1149 1278 καὶ
1166 1249 1250 1281 θείαις
1267 1236 1425 1283 ἐλλάμψεσι.
1442 1246 1572 1281 Δεύτερος
1588 1245 1616 1271 δέ
1633 1245 1706 1270 εστιν
1726 1244 1740 1269 ὁ
1761 1236 1818 1269 τῶν

1030 1295 1168 1330 ἐξουσιῶν,
1185 1294 1239 1321 τῶν
1258 1293 1435 1328 κυριοτήτων,
1457 1291 1505 1317 καὶ
1526 1289 1579 1316 τῶν
1599 1289 1755 1324 δυνάμεων·
1770 1288 1818 1314 καῖ

1032 1342 1089 1378 μετ’
1101 1340 1182 1368 αὑτὸν
1203 1339 1294 1375 τρίτος
1309 1339 1323 1364 ὁ
1341 1336 1568 1372 συμπληρωτικὺς
1587 1334 1637 1369 τῆς
1660 1333 1714 1359 τῶν
1734 1332 1816 1368 ἀγγέ-

1031 1388 1084 1415 λων
1100 1396 1140 1419 τε,
1153 1386 1200 1413 καὶ
1218 1383 1408 1421 ἁρχαγγέλων,
1421 1382 1468 1408 καὶ
1490 1381 1582 1416 ἀρχῶν
1598 1380 1817 1415 διακοσμήσεωςδ

1032 1432 1117 1459 Τοῦτο
1140 1431 1168 1458 δὲ
1190 1429 1352 1466 σημείωσαι,
1365 1428 1407 1454 ὅτι
1419 1427 1501 1458 τινὲς,
1519 1425 1674 1461 ὁρμώμενοι
1685 1424 1739 1451 ἀπὸ
1754 1424 1819 1450 ταύ-

1033 1486 1083 1513 της
1097 1477 1146 1512 τῆς
1167 1474 1391 1511 ἀπαριθμήσεως,
1408 1471 1479 1498 οὕτω
1494 1470 1620 1497 τάττουσι
1642 1469 1688 1495 τὸν
1712 1467 1819 1504 πρῶτον

1033 1524 1195 1558 διάκοσμον·
1225 1520 1334 1556 θρόνους
1364 1518 1489 1554 πρῶτον,
1518 1514 1577 1543 εἶτα
1599 1514 1741 1551 χερουθιμ,
1773 1513 1821 1540 καὶ

1035 1570 1182 1606 μετέπειτα
1207 1566 1342 1603 σεραφίμ·
1362 1565 1406 1591 διὰ
1427 1562 1505 1590 τοῦτο
1527 1562 1575 1589 καὶ
1600 1561 1650 1597 τὴν
1665 1559 1821 1595 ἐπιγραφὴν

1032 1605 1079 1643 τοῦ
1102 1615 1124 1648 ζ’
1148 1613 1306 1649 κεφαλαίου,
1329 1611 1370 1638 ἔτι
1385 1610 1413 1637 δὲ
1437 1609 1483 1637 καὶ
1508 1609 1557 1644 τὴν
1581 1606 1752 1634 διδασκαλίαν
1767 1605 1822 1631 τῶν

1034 1661 1117 1698 τριῶν
1143 1660 1245 1687 τούτων
1270 1657 1427 1693 ταγμάτων,
1463 1652 1693 1690 παρηλλαγμένην
1715 1652 1823 1686 λέγουσι

1034 1696 1103 1743 πρὸς
1125 1705 1176 1737 τὰς
1199 1704 1296 1740 ἑτέρας
1314 1702 1360 1729 δύο
1376 1701 1474 1736 ἑφεξῆς
1489 1699 1630 1736 τριαδικὰς
1645 1696 1804 1733 ταξιαρχίας
1814 1704 1822 1711 ·

1036 1741 1125 1780 ἐκεῖσε
1138 1751 1195 1787 γὰρ
1213 1749 1315 1777 ἄνωθεν
1332 1749 1372 1780 εἰς
1388 1747 1463 1774 κάτω
1486 1745 1647 1778 καταλέγειν
1664 1742 1779 1770 ἐνταῦθα
1794 1741 1824 1768 δὲ

1037 1800 1086 1835 οὺχ
1103 1797 1200 1829 οὓτως,
1213 1795 1283 1823 ἀλλὰ
1298 1793 1418 1821 κάτωθεν
1431 1793 1471 1824 εἰς
1480 1792 1545 1819 ἄνω.
1555 1791 1610 1818 Καὶ
1619 1791 1644 1816 ot
1659 1790 1708 1825 μὲν
1721 1789 1805 1820 οὕτως
1815 1797 1822 1804 ·

1036 1833 1105 1872 οἱ
1125 1843 1160 1870 τὰ
1183 1842 1304 1878 σεραφὶμ
1325 1839 1430 1866 τιθέασι
1454 1837 1586 1873 πρότερα,
1607 1833 1666 1862 εἶτα
1681 1834 1715 1861 τὰ
1734 1842 1826 1870 χερου-

1038 1891 1097 1926 σιμ,
1115 1889 1212 1924 ἐφεξῆς
1224 1888 1252 1914 δὲ
1267 1887 1331 1918 τοὺς
1342 1885 1453 1922 θρόνους
1463 1893 1469 1899 ·
1482 1883 1562 1910 τοῦτο
1579 1882 1629 1918 μὲν
1646 1882 1691 1909 καὶ
1708 1881 1761 1908 άπδ
1777 1880 1827 1906 τοῦ

1044 1925 1155 1964 Ἡσαΐου
1184 1933 1349 1970 ὁρμώμενοι,
1375 1931 1499 1965 λέγοντος
1521 1928 1612 1964 κύκλῳ
1630 1928 1677 1954 τοῦ
1701 1926 1769 1953 Θεοῦ
1791 1925 1827 1952 τὰ

1040 1980 1161 2017 σεραφὶμ
1183 1977 1309 2005 ἵστασθαι
1319 1985 1325 1992 ι
1343 1976 1391 2003 καὶ
1407 1975 1461 2002 ἀπὸ
1475 1972 1700 2011 τῶνηὲπιγραφῶν
1715 1972 1743 1999 δὲ
1757 1971 1827 2007 μᾶλ-

1039 2026 1085 2052 λον
1100 2024 1144 2051 τοῦ
1166 2032 1196 2050 τε
1213 2026 1236 2058 η’
1254 2021 1401 2056 κεφαλαίου
1424 2021 1472 2046 καὶ
1493 2018 1540 2045 τοῦ
1563 2018 1595 2050 θ’,
1612 2018 1744 2052 λέγοντες,
1761 2017 1801 2043 ὅτι
1813 2017 1828 2042 ὁ

1042 2071 1118 2104 ἆγιος
1134 2067 1205 2095 κατὰ
1224 2067 1273 2103 τὴν
1293 2066 1369 2099 τάξιν
1394 2065 1514 2096 ἐκείνων,
1532 2063 1603 2090 οὓτω
1627 2063 1673 2090 καῖ
1698 2058 1746 2098 τήν
1767 2062 1829 2088 ἑπι-

1041 2114 1148 2151 γραφὴν
1175 2112 1222 2140 τοῦ
1242 2113 1263 2145 ζ’
1293 2110 1441 2146 κεφαλαίου
1464 2109 1628 2145 ἐπέγραψεν.
1648 2108 1680 2134 Et
1704 2108 1733 2134 δὲ
1753 2106 1828 2141 λέγει

1041 2170 1093 2193 τις,
1111 2161 1152 2187 ὅτι
1170 2160 1195 2186 οἱ
1209 2158 1296 2194 θρόνοι
1314 2156 1508 2193 ὑπερηρμένοι,
1526 2155 1591 2181 [στω
1613 2155 1654 2180 ὅτι
1673 2153 1720 2180 καὶ
1735 2153 1769 2179 τὰ
1782 2161 1830 2178 σε·

211 2206 374 2242 superlatos,
399 2206 468 2231 sciat
493 2203 576 2230 etiam
599 2200 735 2236 scraphim
751 2199 851 2235 ignitos
875 2205 946 2230 esse,
966 2205 981 2224 θ

1046 2206 1132 2242 ραφὶμ
1154 2205 1264 2240 πύρινα,
1291 2203 1339 2230 καὶ
1361 2202 1497 2237 ἀνωφερῆ.
1521 2199 1625 2231 Ἄλλως
1640 2207 1670 2225 τε
1687 2198 1715 2225 δὲ
1733 2199 1779 2225 καὶ
1794 2198 1831 2226 τὰ

212 2262 320 2282 sursum
345 2252 419 2280 ferri.
436 2249 520 2276 Aliter
536 2249 617 2277 etiam
635 2248 661 2274 lti
689 2252 744 2274 tres
770 2246 881 2274 ordines
908 2251 982 2272 unan

1042 2239 1212 2289 τρία-ταῦτα
1232 2250 1359 2285 τάγματα
1387 2249 1451 2284 μίαν
1477 2247 1567 2282 ἔχουσι
1592 2245 1643 2280 τὴν
1667 2243 1831 2279 ὑπερκειμὲ-

214 2302 315 2328 habent
339 2300 503 2328 eminentem
530 2296 770 2332 propinquitatem.
788 2293 838 2321 llic
852 2296 940 2320 autem
955 2291 993 2316 ita

214 2349 339 2372 recenset
350 2351 406 2374 eos.
421 2347 449 2371 et
464 2350 478 2369 a
496 2340 603 2369 thronis
615 2340 723 2374 incipit,
736 2343 764 2366 ut
778 2343 806 2365 et
827 2337 868 2365 sic
893 2337 994 2364 unitati

213 2389 413 2426 qnodatmuodo
428 2387 570 2416 consulat:
586 2386 628 2413 vel
639 2386 721 2412 etiam
735 2384 884 2412 secundum
897 2388 996 2411 nostrae

214 2437 378 2473 cognitionis
392 2440 420 2463 et
434 2433 628 2462 illustrationis
644 2431 778 2458 rationem
789 2430 907 2466 (quoties
922 2430 995 2457 enim

216 2485 251 2512 ab
262 2483 438 2512 inferioribus
450 2482 482 2508 ad
495 2480 636 2516 superiora
650 2477 889 2513 transiinus?),vel
905 2485 999 2505 secun-

216 2531 280 2557 dum
295 2528 465 2557 describendi
481 2535 513 2554 ac
527 2526 675 2554 deﬁniendi
687 2525 796 2552 modum
809 2533 816 2557 ;
827 2523 998 2551 ascendendo

216 2577 290 2604 enim
314 2575 515 2602 multitudinem
549 2573 576 2600 in
600 2580 683 2599 unum
711 2571 908 2602 contrahimus,
930 2569 1000 2597 sicut

217 2621 405 2650 descendendo
420 2628 502 2649 unum
517 2620 543 2647 in
561 2619 644 2647 multa
658 2619 811 2647 dividimus.
828 2617 895 2644 Cum
910 2617 1000 2651 itaque

218 2668 328 2706 adjuvet
345 2673 401 2695 tres
417 2667 444 2694 itt
458 2674 541 2693 unum
559 2666 661 2694 idcirco
677 2664 830 2693 istiusmodi
846 2663 910 2690 facit
931 2670 1000 2689 enu-

254 2735 277 2770 (ἰ
285 2735 295 2762 t
302 2735 310 2769 )
318 2733 473 2770 Tenebrosa
484 2733 681 2770 interpretatio.
690 2731 829 2770 Melinskni
841 2729 930 2770 fallor,
942 2737 1002 2757 ver—

219 2765 322 2797 teretur
338 2779 344 2796 :
360 2769 473 2796 dicente:
492 2765 610 2795 sanctum
624 2766 804 2803 (Dionysium)
823 2765 942 2803 eumdem
958 2774 1003 2803 or-

219 2806 305 2832 dinem
321 2805 438 2839 (sursum
463 2803 602 2838 deorsum)
621 2800 648 2829 in
667 2800 1002 2839 suberutiyionggpitis

220 2835 328 2873 septimi
344 2847 469 2870 servant,
492 2847 568 2873 quem
593 2835 625 2864 't’n
654 2835 872 2873 superscriplione
894 2835 1002 2862 illorth

221 2872 349 2909 (capitum
367 2875 383 2901 8
394 2880 421 2901 et
434 2875 460 2908 9)
474 2872 577 2901 mm...
588 2879 636 2899 est.
649 2873 728 2900 Eutr.
741 2872 860 2898 PnaoL.

257 2905 325 2944 (Μ’)
339 2909 386 2938 llic
409 2905 484 2938 locus
498 2910 572 2938 v.nic
587 2910 680 2937 doctos
704 2909 775 2936 viros
790 2906 922 2936 exercuit.
936 2905 1004 2933 Aliis

1045 2307 1093 2334 νην
1121 2297 1268 2333 ἐγγύτητα.
1294 2296 1376 2330 Λέγει
1393 2295 1422 2322 δὲ
1441 2294 1527 2325 οὕτως
1549 2291 1682 2321 ἐνταῦθα,
1708 2291 1755 2317 καὶ
1777 2291 1832 2316 ἀπο

1045 2343 1099 2370 τῶν
1122 2342 1224 2378 θρόνων
1241 2341 1354 2377 ἄρχεται
1365 2360 1372 2371 ,
1386 2339 1428 2366 ἵνα
1440 2338 1487 2365 καὶ
1498 2336 1575 2364 τοῦτό
1584 2344 1627 2367 τις
1638 2336 1675 2367 ὼς
1688 2335 1747 2361 ἐνὸν
1762 2335 1832 2369 (Μ’)

1047 2387 1219 2424 θεραπεύσῃ·
1242 2387 1259 2422 ἢ
1285 2387 1325 2413 ὅτι
1353 2385 1423 2412 κατὰ
1446 2385 1495 2420 τὴν
1521 2382 1666 2416 ἀναλογίαν
1692 2381 1742 2416 τῆς
1769 2381 1833 2415 ἡμε-

1046 2435 1128 2469 τέρας
1143 2432 1269 2468 γνώσεως
1291 2431 1337 2457 καὶ
1352 2429 1510 2466 ὲλλάμψεως
1527 2427 1591 2463 (ἀπὸ
1616 2426 1671 2463 γὰρ
1685 2426 1739 2453 τῶν
1758 2425 1834 2452 κάτω

1049 2479 1140 2510 ποσῶς
1162 2478 1208 2504 ἐπὶ
1236 2477 1270 2504 τὰ
1293 2476 1417 2512 ἀνώτερα
1439 2472 1697 2511 μεταϐιϐαζόμεθα),
1725 2471 1742 2507 ἢ
1765 2470 1833 2498 κατὰ

1048 2526 1093 2552 τὸν
1110 2525 1187 2559 λόγον
1203 2523 1253 2559 τῆς
1265 2521 1438 2558 περιγραφῆς
1454 2519 1558 2548 καὶτοῦ
1576 2517 1715 2555 διορισμοῦ
1725 2525 1732 2532 ·
1753 2517 1832 2550 άνερ-

1050 2572 1157 2608 χόμενοι
1167 2570 1230 2606 γὰρ,
1246 2569 1274 2596 τὺ
1285 2568 1387 2604 πλῆθος
1397 2569 1436 2599 είς
1446 2567 1475 2594 ἓν
1489 2566 1650 2601 συνάγομεν,
1659 2564 1752 2598 ὣσπερ
1768 2571 1834 2590 κατ-

1051 2618 1202 2654 ἑρχόμενοι,
1220 2616 1250 2642 τὸ
1273 2615 1302 2642 ἒν
1325 2615 1365 2646 εἰς
1385 2613 1470 2640 πολλὰ
1485 2612 1652 2648 διαιροῦμεν.
1677 2610 1752 2636 Ἐπεὶ
1770 2609 1835 2643 γοῦν

1053 2664 1156 2690 συνενοῖ
1176 2662 1224 2693 τὰς
1243 2663 1318 2697 τρεῖς
1334 2661 1374 2692 εἰς
1393 2660 1423 2686 τὸ
1440 2659 1478 2691 ἓν,
1495 2658 1539 2685 διὰ
1562 2657 1640 2684 τοῦτο
1653 2655 1699 2683 καὶ
1709 2655 1837 2690 τοιαύτην

1053 2730 1141 2766 legere
1164 2730 1251 2766 placet
1264 2730 1301 2760 ὡς
1323 2728 1351 2755 ἒν
1367 2728 1404 2766 6v,
1430 2732 1460 2754 ut.
1483 2727 1572 2766 sic_ad
1586 2724 1724 2766 versi-mis
1737 2722 1838 2766 Latina:

1053 2759 1299 2799 se‘usum'proxime
1321 2764 1486 2799 accedatur;
1503 2761 1548 2788 alii
1566 2760 1632 2799 nihil
1651 2764 1766 2799 mutant,
1781 2759 1837 2799 for.

1055 2792 1157 2835 satique
1179 2792 1245 2826 verti
1268 2806 1347 2835 posse
1372 2792 1523 2835 allirmaut:
1540 2800 1568 2822 ut
1588 2796 1680 2835 cuique
1694 2794 1771 2821 licem
1790 2792 1840 2819 hoc

1055 2831 1161 2875 (neu-ipe
1174 2835 1244 2896 Italae
1258 2831 1361 2862 ordinis
1374 2831 1618 2866 contrarietatem),
1633 2838 1682 2865 pro
1694 2835 1769 2864 pom
1778 2835 1837 2862 suo,

1055 2878 1192 2896 corr-aere.
1220 2877 1246 2896 Β.

1055 2878 1192 2905 εστι-ηενρ.
1208 2877 1246 2898 ΙΙ).
