1933 3075
166 156 217 183 201
765 154 794 183 S.
811 152 961 182 DIONYSII
979 151 1212 180 ΑΒΕΟΡΑΟΙΤΛΕΙ

1740 151 1796 182 208

942 223 1011 261 §ll.

206 311 294 345 Atque
307 309 365 337 hzec
379 308 488 344 quidem
508 312 551 336 est
563 308 703 335 nominum
724 307 854 342 ipsorum,
867 314 952 341 quau-

1039 305 1113 341 Δῦτη
1136 305 1215 340 μὲνὴ
1237 304 1291 331 τῶν
1303 304 1442 340 ὀνομάτων
1469 304 1558 332 αὐτῶν
1582 305 1620 336 ὼς
1639 304 1700 331 καθ’
1723 305 1797 341 ἡμᾶς

171 362 228 384 tmn
250 363 349 391 capere
367 361 526 390 possumus,
542 353 746 388 interpretatio;
764 360 846 388 quam
861 357 953 379 autent

169 411 265 430 corum
288 400 472 430 hierarchiam
497 406 557 427 esse
580 404 723 434 putemus,
742 399 886 426 dicendum
901 404 953 426 est.

170 450 265 476 Omnis
290 449 361 474 enim
385 446 545 474 hierarcltiaa
564 453 674 480 scopum
695 452 727 472 ex
743 445 832 472 divina
854 445 956 472 deiter-

172 497 275 524 mitatis
295 496 448 524 imitatione
467 499 627 523 constanter
649 493 817 529 dependere,
834 498 956 518 omnem-

171 551 224 579 que
257 543 423 571 l‘unctionem
448 541 667 572 liierarcliicam.
696 540 722 566 in
753 543 956 566 sacrosanctam

172 589 326 623 purissimae
341 586 526 615 mundationis
540 590 568 613 et
580 585 664 612 divini
689 584 810 616 luminis,
830 582 955 617 perfecti-

171 641 266 668 vmque
277 634 399 661 scientiae
421 631 657 668 participationem
679 635 759 665 atque
783 629 956 656 collationem

171 679 267 711 dividi,
280 679 348 707 satis
359 677 558 713 superquejam
573 685 587 703 a
601 676 679 703 nobis
694 676 793 702 dictum
808 674 935 702 existimo
949 683 956 700 :

173 732 244 752 nunc
251 730 340 752 autem
354 732 402 760 pro
413 731 598 759 supremarum
609 723 722 751 istarum
733 722 861 749 mentium
871 719 959 756 digni-

173 775 228 797 tate
237 771 327 798 dicere
335 770 588 804 desidero.quanam
599 769 703 795 ratione
711 775 788 795 sacer
795 767 960 794 earumordo

172 823 187 842 a
204 815 352 850 Scripturis
368 814 529 849 explicetur.
553 813 652 841 Primis
672 813 733 840 istis
749 812 886 845 essentiis,
900 819 960 846 qua:

174 866 235 897 post
247 861 464 889 substantil‘tcum
477 860 594 894 ipsarum
609 858 831 893 deiprincipatum
843 857 961 885 colloca-

175 914 218 939 tae,
233 911 260 934 et
275 906 350 941 quasi
367 907 393 933 in
409 904 540 932 vestibulo
552 904 610 938 ejus
623 903 692 935 sitae,
705 907 822 930 creatam
834 902 959 930 virtutem

172 961 290 985 onmem,
313 958 367 979 tam
393 951 554 978 invisibilem
573 958 653 984 quam
670 949 803 976 visibilem
824 953 962 976 transcen-

1006 351 1167 387 ὲκφαντιρία
1179 351 1201 366 ¹⁰
1214 359 1220 366 ·
1235 350 1343 376 λεκτέον
1358 350 1397 381 δὲ,
1410 349 1470 377 τίνα
1486 350 1535 386 τὴν
1553 349 1692 385 ίεραρχίαν
1705 351 1796 378 αὐτῶν

1006 395 1127 431 οἰόμεθα.
1153 394 1205 421 Τὸν
1228 394 1277 430 μὲν
1299 394 1352 430 γὰρ
1369 394 1477 430 ἁπάσης
1492 395 1513 409 ¹¹
1534 395 1675 430 ἰεραρχίας
1696 396 1797 423 σκοπὸν

1005 441 1056 476 τῆς
1085 440 1251 476 θεομιμήτου
1285 439 1429 471 θεοειδείας
1460 439 1643 475 ἐξηρτημένον
1668 440 1797 476 ἁῤῥεπῶς

1005 485 1084 519 εἶναι,
1099 486 1146 512 καὶ
1159 486 1190 512 τὸ
1199 485 1362 522 διαιρεῖσθαι
1385 486 1474 512 πᾶσαν
1493 486 1652 521 ίεραρχικὴν
1666 495 1795 522 πραγμα-

1005 532 1092 563 τείαν,
1111 533 1151 563 είς
1172 531 1288 567 μετοχὴν
1310 530 1384 567 ἱερὰν
1405 531 1453 557 καὶ
1477 531 1619 566 μετάδοσιν
1637 531 1796 567 καθάρσεως

1007 577 1134 614 ἀμιγοῦς,
1150 578 1197 604 καὶ
1209 577 1281 604 θείου
1294 577 1392 611 φωτὸς,
1407 577 1454 603 καὶ
1465 576 1623 612 τελεστικῆς
1631 577 1795 612 ἐπιστήμης,

1007 625 1163 660 ἀρκούντως
1181 624 1231 660 ἤδη
1251 623 1319 660 πρὸς
1336 623 1413 659 ἡμῶν
1432 623 1557 659 εἰρῆσθαι
1569 623 1687 658 νομίζω·
1700 623 1746 650 νῦν
1767 624 1796 650 δὲ

1008 672 1094 698 είπείν
1114 670 1198 703 ἀξίως
1218 669 1331 705 εὔχομαι
1352 669 1405 695 τῶν
1427 670 1586 705 ὑπερτάτων
1605 670 1683 701 νοῶν,
1701 670 1760 702 πῶς
1778 671 1795 706 ἡ

1008 715 1069 742 κατ’
1093 715 1192 747 αὐτοὺς
1220 715 1344 751 ίεραρχία
1363 714 1408 741 διὰ
1431 714 1486 740 τῶν
1509 714 1606 748 λογίων
1629 714 1811 750 ἐπιφαίνεται.-

1009 762 1075 794 Ταῖς
1087 761 1209 797 πρώταις
1224 761 1338 792 οὐσίαις,
1354 760 1381 786 αἳ
1397 759 1464 795 μετὰ
1478 760 1526 795 τὴν
1541 760 1694 786 οὑσιοποιὸν
1708 760 1797 787 αὐτῶν

1010 808 1137 844 Θεαρχίαν
1152 808 1303 845 ἱδρυμέναι,
1319 808 1365 834 καὶ
1384 805 1438 834 οἷον
1454 808 1482 834 ὲν
1496 807 1641 843 προθύροις
1657 808 1742 842 αὑτῆς
1751 816 1796 834 τεν

1009 854 1152 890 ταγμέναι,
1169 854 1259 889 πάσης
1271 853 1340 879 είσὶν
1357 853 1473 888 ἀοράτου
1495 853 1541 880 καὶ
1563 853 1662 888 ὁρατῆς
1683 853 1799 888 ὑπερϐε-

1011 898 1120 934 ϐηκυῖαι
1138 899 1282 933 γεγονυίας
1299 898 1455 933 δυνάμεως,
1474 898 1512 930 ὡς
1535 898 1638 924 οἰκείαν
1665 896 1799 932 ²¹οἰητέον

1011 942 1138 971 εἶναικαὶ
1152 943 1222 970 κατὰ
1235 944 1288 970 πᾶν
1300 943 1411 979 ὁμοειδῆ
1432 944 1481 978 τὴν
1498 943 1648 979 ἱεραρχίαν.
1667 942 1799 978 Καθαρὰς

172 1000 248 1029 dunt.
264 998 400 1032 propriam
412 996 557 1032 quamdam
568 994 765 1023 etuuiformem
778 994 958 1020 ltierarcliiam

1014 990 1064 1026 μὲν
1080 988 1126 1017 οὖν
1142 990 1227 1021 αὑτὰς
1242 989 1369 1024 ἡγητέον,
1379 990 1428 1025 οὺχ
1442 989 1480 1021 ὡς
1493 989 1607 1025 ἀνιέρων
1625 989 1739 1024 κηλίδων
1753 990 1799 1016 καὶ

173 1051 234 1070 esse
245 1042 457 1069 existimandum
476 1045 529 1068 est.
556 1040 634 1067 Pura:
658 1039 791 1074 siquidem
806 1039 958 1070 censendus,

174 1098 226 1116 non
239 1089 317 1124 quasi
332 1096 346 1115 a
363 1087 475 1114 maculis
491 1086 645 1121 (duntaxat)
664 1086 778 1120 impuris
798 1084 959 1112 colluvioni—

173 1135 278 1169 busque
292 1135 346 1162 sint
361 1134 463 1166 liberat,
483 1133 524 1161 vel
543 1133 614 1167 quod
629 1133 655 1160 in
671 1139 718 1160 eas
739 1130 889 1159 materialia
901 1130 958 1157 visa

173 1189 225 1208 non
241 1181 358 1208 cadant:
374 1179 420 1207 sed
443 1179 515 1214 quod
535 1179 646 1207 omnino
670 1177 858 1205 imminutione
872 1176 958 1209 omni,

173 1227 304 1262 mnnique
320 1233 348 1253 re
362 1233 441 1254 sacra
465 1225 516 1253 sibi
538 1225 645 1252 subdita
661 1224 801 1256 celsiores,
819 1231 873 1259 prae
885 1231 959 1251 sum-

174 1280 216 1299 ma
230 1273 356 1306 puritate,
373 1271 500 1299 omnibus
513 1270 595 1298 etiam
606 1289 614 1302 ,
628 1269 670 1297 vel
688 1269 804 1297 maxime
819 1269 959 1297 deiformi-

174 1316 225 1343 bus
244 1315 405 1348 virtutibus,
424 1315 480 1341 sint
495 1314 652 1349 anteposita:
666 1314 825 1349 ordinisque
845 1315 885 1342 sui
902 1322 960 1342 mo-

175 1367 230 1388 ltlm
264 1361 402 1395 proprium
434 1359 649 1395 :equabilemque
678 1367 726 1395 per
758 1368 878 1387 amorem
911 1361 958 1388 Dei

173 1411 332 1434 constanter
354 1410 481 1438 teneant,
507 1405 688 1437 iuvariatum,
715 1413 802 1440 neque
825 1406 905 1433 ullam
932 1407 959 1434 in

174 1451 294 1479 deterius
306 1455 456 1486 agnoscant
474 1451 755 1483 immluutionem,sed
772 1452 958 1479 inconcussam

173 1503 279 1530 semper
303 1501 330 1523 et
354 1495 520 1522 immobiletn
543 1495 684 1522 deilormis
705 1502 761 1522 sua:
785 1495 959 1530 proprietatis

174 1541 266 1567 sedem
291 1539 419 1567 habeant.
445 1539 689 1573 Contemplatrices
707 1539 783 1572 item,
806 1548 859 1567 non
881 1540 960 1575 quasi

174 1587 368 1622 symbolortnu,
383 1594 442 1621 qua:
457 1586 497 1613 vel
513 1593 592 1613 sensu
607 1586 648 1613 vel
667 1591 758 1613 mente
777 1586 960 1620 percipiantur

174 1628 368 1668 spectatrices,
397 1639 483 1666 neque
505 1633 638 1659 varietate
661 1632 898 1667 contemplationis
914 1640 955 1659 sa-

175 1687 284 1707 crarum
303 1678 508 1713 Scripturarum
528 1678 563 1705 ad
589 1678 671 1704 Deum
694 1672 817 1711 elevatte,
837 1678 883 1705 sed
900 1683 959 1705 tan-

175 1732 256 1759 quam
286 1724 359 1751 onmi
389 1723 545 1758 cognitione
571 1723 688 1758 simplici
719 1723 824 1751 altioris
850 1725 961 1751 luminis

175 1769 308 1804 expletat.
331 1774 360 1796 et
385 1768 611 1803 contemplatione
640 1768 713 1796 illius
738 1769 959 1804 pulchritudinis,

173 1824 234 1851 qua!
251 1820 293 1843 est
313 1814 433 1843 eﬂectrix
448 1820 475 1842 et
499 1815 578 1851 origo
604 1816 829 1850 pulchritudinis,
850 1821 877 1843 et
900 1824 960 1851 quae

175 1867 259 1895 supra
277 1860 457 1888 substantiam
474 1866 528 1893 est,
547 1866 576 1888 et
593 1860 618 1887 in
634 1861 721 1888 tribus
736 1861 876 1896 splendet,
890 1869 959 1896 qua-

175 1915 255 1936 tenus
283 1908 324 1935 fas
348 1912 402 1940 est,
429 1907 535 1934 rel'crtze
559 1907 782 1935 :connnunionis
807 1915 871 1935 vero
897 1907 959 1935 Jcsu

174 1955 302 1982 similiter
319 1955 467 1989 participes
480 1953 573 1987 factze,
591 1962 643 1981 non
660 1955 739 1988 quasi
758 1955 785 1982 in
797 1955 960 1989 imaginibus

174 2006 270 2028 sancte
293 2001 457 2034 informatis,
485 2008 545 2035 quae
570 1999 654 2027 veluti
676 2000 770 2027 format
791 2001 817 2027 in
829 2001 869 2028 eis
883 2000 960 2027 deill-

174 2053 233 2073 cam
256 2047 464 2074 similitudinem
485 2046 650 2081 exprimant,
670 2047 717 2074 sed
743 2051 869 2081 tanquam
894 2054 959 2074 vero

174 2094 282 2119 adeum
299 2093 550 2126 appropinquantes
565 2092 591 2118 in
617 2092 674 2126 ipsa
700 2093 786 2127 prima
813 2092 959 2128 participa-

177 2138 248 2164 tione
259 2137 432 2172 cogitationis
446 2137 577 2164 luminum
589 2136 647 2171 ejus
658 2138 815 2165 deiﬁcorum
827 2146 893 2171 ;nec
903 2146 957 2165 non

175 2183 246 2217 quod
263 2183 346 2210 Deum
362 2182 486 2210 imitandi
504 2183 584 2213 ratio,
601 2182 654 2218 55
671 2183 868 2210 sublimissimo
891 2183 959 2218 ipsis

175 2229 254 2256 modo
266 2229 301 2255 sit
322 2228 435 2261 indulta,
456 2233 483 2255 et
506 2229 531 2255 in
553 2229 692 2263 pritmeva,
713 2233 845 2264 quantum
866 2229 900 2256 iis
916 2229 958 2256 fas

173 2279 225 2306 est,
251 2274 371 2309 polentia
397 2274 498 2302 divinis
523 2274 580 2308 ejus
606 2275 788 2309 immanisque
811 2275 958 2302 virtutibus

173 2321 385 2348 communicent.
409 2321 542 2348 Similiter
564 2321 691 2356 perfecta:
716 2327 790 2355 sunt,
810 2329 863 2348 non
879 2321 957 2356 quasi
974 2333 996 2360 ι)

176 2366 318 2393 varietates
333 2367 399 2394 istas
422 2373 515 2394 sacras
539 2366 692 2394 resolvendi
718 2367 831 2393 scientia
851 2366 907 2394 sint
924 2366 958 2393 il-

175 2412 313 2446 lustratte;
327 2413 374 2440 sed
385 2413 456 2447 quod
469 2413 555 2447 prima
571 2417 598 2439 et
610 2412 782 2446 prrecellente
793 2412 839 2440 Dei
857 2413 958 2440 unione

174 2458 321 2490 satientur,
341 2457 417 2491 juxta
440 2465 594 2492 supremam
626 2457 698 2485 illam
726 2458 815 2493 (cujus
843 2465 958 2492 capaces

174 2507 238 2530 sunt
251 2503 351 2538 angeli)
363 2504 518 2531 divinorum
529 2510 642 2539 operum
656 2503 829 2538 disciplinam
845 2512 853 2531 :
870 2505 957 2539 siqui-

174 2549 233 2575 dem
247 2556 300 2576 nou
314 2549 348 2576 ab
364 2549 425 2577 aliis
440 2550 604 2584 quibusdam
615 2549 719 2577 sanctis
735 2549 876 2583 spiritibus
887 2569 895 2582 ,
911 2551 959 2577 sed

174 2594 209 2620 ab
233 2594 346 2628 ipsamet
366 2595 511 2623 Divinitate
534 2595 621 2623 sacris
651 2594 810 2628 initiantur,
837 2595 901 2622 dum
923 2596 957 2622 ad

1010 1036 1156 1072 μολυσμῶν
1172 1035 1405 1072 ἡλευθερωμένας,
1421 1036 1475 1063 οὐδ’
1489 1036 1527 1068 ὼς
1549 1035 1691 1071 προσύλων
1704 1035 1799 1062 ἀνεπι-

1008 1082 1119 1113 δέκτους
1134 1081 1299 1117 φαντασιῶν,
1317 1081 1373 1108 ἀλλ’
1387 1082 1425 1114 ὡς
1445 1082 1534 1117 πάσης
1554 1081 1675 1116 ὺφέσεως
1692 1081 1800 1117 ἀμιγῶς

1009 1128 1187 1164 ὑψηλοτέρας,
1208 1128 1255 1155 καὶ
1275 1127 1375 1159 παντὸς
1393 1127 1593 1163 ὑποϐεϐηκότος
1613 1127 1702 1162 ἱεροῦ·
1729 1126 1800 1154 κατὰ

1008 1174 1058 1210 τὴν
1073 1174 1229 1210 ὑπερτάτην
1240 1174 1385 1208 ἁγνότητα,
1406 1174 1506 1205 πάσαις
1516 1174 1574 1206 ταῖς
1588 1172 1800 1205 θεοειδεστάταις

1008 1219 1153 1254 δυνάμεσιν
1167 1219 1396 1255 ὑπεριδρυμένας,
1410 1219 1457 1245 καὶ
1466 1219 1516 1254 τῆς
1533 1219 1635 1251 οἰκείας
1654 1219 1799 1255 αὐτοκινή-

1009 1274 1055 1291 του
1071 1266 1096 1281 ¹³
1112 1265 1159 1292 καὶ
1170 1265 1363 1301 ταὺτοκινήτου
1382 1264 1453 1291 κατὰ
1467 1265 1497 1291 τὸ
1517 1265 1647 1300 φιλοθέως
1665 1265 1800 1300 ἄτρεπτον

1008 1310 1112 1343 τάξεως
1123 1311 1253 1348 ἀρῤεπῶς
1266 1311 1463 1347 ἀντεχομένας,
1483 1311 1530 1337 κα)⁸
1543 1311 1592 1346 τὴν
1603 1311 1650 1338 ἐπὶ
1662 1311 1696 1338 τὰ
1715 1311 1799 1347 χείρω

1010 1356 1079 1383 κατά
1092 1365 1118 1382 τι
1133 1356 1244 1391 μείωσιν
1258 1356 1312 1383 οὐδ’
1326 1357 1394 1388 ὅλως
1411 1357 1522 1388 εἰδυίας,
1541 1356 1597 1383 ἀλλ’
1613 1357 1737 1384 ἄπτωτον
1756 1358 1800 1384 ἀεὶ

1009 1402 1056 1428 καὶ
1071 1401 1268 1437 ἀμετακίνητον
1282 1402 1397 1437 ἐχούσας
1416 1402 1466 1438 τὴν
1481 1402 1531 1437 τῆς
1551 1402 1655 1434 οἰκείας
1668 1401 1800 1434 θεοειὸοὗς

1011 1448 1139 1483 ἰδιότητος
1154 1448 1339 1484 ἀμιγεστάτην
1354 1448 1466 1484 ἵδρυσιν.
1483 1448 1656 1484 Θεωρητικὰς
1668 1449 1695 1475 δὲ
1711 1447 1799 1483 αὖθις,

1009 1494 1058 1529 οὐχ
1071 1494 1108 1525 ὡς
1125 1493 1260 1529 αἰσθητῶν
1274 1493 1414 1529 συμϐόλων
1428 1494 1529 1529 νοερῶν
1549 1494 1572 1510 ’⁸
1589 1494 1719 1530 θεωροὺς,
1738 1495 1799 1522 οὐδὲ

1010 1540 1049 1572 ὡς
1068 1541 1101 1576 τῇ
1125 1539 1247 1576 ποικιλίᾳ
1269 1540 1319 1576 Ιτῆς
1345 1539 1541 1576 ίερογραφικῆς
1564 1539 1680 1576 οεωρίας
1703 1541 1750 1567 ὲπὶ
1769 1541 1800 1567 τὸ

1010 1586 1085 1613 Θείον
1109 1585 1287 1621 ἀναγομένας,
1315 1585 1372 1612 ἁλλ’
1391 1585 1429 1617 ὡς
1454 1585 1544 1621 πάσης
1564 1585 1647 1613 ἁΰλου
1672 1586 1800 1620 γνώσεως

1011 1631 1177 1668 ὑψηλοτέρου
1207 1631 1295 1666 φωτὸς
1322 1631 1585 1667 ἀποπληρουμένας,
1613 1632 1660 1658 καὶ
1684 1632 1734 1667 τῆς
1751 1631 1799 1658 τοῦ

1011 1678 1170 1705 καλλοποιοῦ
1185 1678 1231 1705 καὶ
1252 1677 1366 1714 ἀρχικοῦ
1383 1677 1496 1709 κάλλους
1513 1678 1673 1713 ὑπερουσίου
1684 1678 1730 1704 καὶ
1742 1687 1800 1714 τρι-

1011 1723 1112 1759 φανοῦς
1127 1723 1259 1759 θεωρίας,
1279 1724 1316 1755 ὼς
1337 1723 1456 1759 θεμιτὸν,
1472 1723 1732 1759 ἀναπιμπλαμένας·
1748 1724 1800 1759 τῆς

1009 1774 1038 1800 δὲ
1056 1773 1142 1809 Ἰησοῦ
1157 1774 1298 1806 κοινωνίας
1309 1774 1439 1806 ὡσαύτως
1449 1773 1610 1809 ἠξιωμένας,
1623 1774 1671 1800 οὐκ
1688 1775 1717 1800 ὲν
1728 1774 1800 1800 εῑκὸδ

1011 1827 1053 1845 σιν
1065 1818 1252 1854 ίεροπλάστοις
1269 1818 1448 1854 μορφωτικῶς
1463 1818 1630 1845 άποτυποῦσι
1641 1821 1690 1854 τὴν
1706 1818 1800 1855 0500p-

1009 1865 1089 1901 γικὴν
1103 1865 1242 1901 ὁμοίωσιν,
1259 1865 1316 1891 ἀλλ’
1331 1865 1368 1897 ὼς
1382 1865 1489 1900 ἀληθῶς
1506 1865 1580 1900 αὑτῷ
1598 1864 1799 1900 πλησιαζούσας

1010 1911 1039 1938 ἐν
1063 1910 1159 1947 πρώτῃ
1184 1910 1313 1946 μετουσίᾳ
1335 1911 1385 1946 τῆς
1405 1910 1533 1944 γνώσεως
1554 1909 1609 1937 τῶν
1631 1909 1798 1944 θεουργικὼν

1010 1956 1092 1983 αὐτοῦ
1114 1955 1221 1991 φώτωνι
1248 1956 1296 1982 καὶ
1321 1956 1375 1991 μὴν
1401 1956 1442 1982 ὅτι
1467 1955 1497 1982 τὸ
1523 1954 1686 1991 θεομίμητον
1703 1956 1798 1987 αὑταῖς

1010 2002 1169 2038 ὑπερτάτως
1175 2001 1334 2038 δεδώρηται,
1346 2002 1392 2028 καὶ
1406 2001 1574 2033 κοινωνοῦσι,
1586 2001 1656 2028 κατὰ
1666 2002 1695 2028 τὸ
1703 2002 1799 2033 αὑταῖς

1010 2048 1133 2082 ἐφικτὸν,
1161 2048 1191 2074 ἐν
1219 2047 1387 2084 πρωτουργῷ
1409 2047 1520 2082 δυνάμει
1542 2049 1602 2079 ταῖς
1627 2048 1798 2084 θεουργικαῖς

1009 2092 1092 2120 αὐτοῦ
1116 2093 1163 2120 καὶ
1185 2092 1384 2128 φιλανθρώποις
1409 2094 1529 2129 ἀρεταῖς.
1549 2093 1748 2129 Τετελεσμένας
1768 2094 1798 2120 δὲ

1009 2138 1150 2170 ὡσαύτως,
1164 2139 1214 2174 οὺχ
1228 2138 1266 2170 ὡς
1279 2138 1413 2170 ποικιλίας
1428 2139 1503 2175 ἱερᾶς
1512 2139 1675 2176 ἀναλυτικὴν
1684 2141 1798 2175 ἐπιστή-

1011 2193 1064 2220 μην
1080 2184 1295 2220 ὲλλαμπομένας,
1306 2184 1361 2211 ἀλλ’
1372 2184 1409 2216 ὠς
1424 2184 1535 2220 πρώτης
1549 2185 1596 2212 καὶ
1611 2185 1798 2221 ὑπερεχούσης

1009 2228 1132 2260 θεώσεως
1150 2228 1405 2264 ὰποπληρουμένας,
1429 2229 1500 2256 κατὰ
1518 2229 1567 2265 τὴν
1589 2229 1742 2265 ὑπερτάτην
1759 2229 1798 2261 ὡς

1009 2274 1037 2301 ὲν
1062 2275 1187 2309 ἀγγέλοις
1207 2274 1261 2301 τῶν
1282 2274 1428 2310 Θεουργιῶν
1451 2275 1618 2310 ἐπιστήμην·
1642 2276 1673 2302 οὑ
1695 2275 1749 2311 γὰρ
1762 2274 1798 2301 δι’

1009 2319 1095 2347 ἄλλων
1109 2320 1194 2354 ἁγίων
1208 2319 1316 2351 οὐσιῶν,
1332 2320 1400 2346 ἀλλὰ
1414 2320 1483 2356 πρὸς
1503 2320 1589 2354 αὐτῆς
1600 2320 1650 2355 τῆς
1666 2320 1797 2356 θεαρχίας

1012 2366 1229 2402 ίεραρχούμεναι,
1244 2365 1283 2401 τῷ
1297 2365 1340 2391 ἐπ’
1360 2366 1444 2401 αὐτὴν
1458 2366 1552 2402 άμέσῳ
1561 2366 1584 2381 ’⁵
1599 2365 1795 2398 ἀνατείνεσθαι,

1008 2416 1041 2450 τῇ
1056 2415 1164 2442 πάντων
1185 2414 1355 2451 ὑπερεχοὺσῃ
1377 2408 1488 2450 δυνάμει
1503 2416 1550 2442 καὶ
1564 2415 1651 2447 τάξει,
1666 2416 1713 2442 καὶ
1728 2414 1796 2450 πρὸς

1008 2461 1039 2487 τὸ
1053 2460 1189 2495 πάναγνον
1211 2461 1258 2487 καὶ
1277 2460 1348 2487 κατὰ
1362 2461 1536 2496 παναρρεπὲς
1549 2461 1572 2476 ¹⁶
1588 2460 1733 2496 ἱδρύονται,
1749 2461 1796 2487 κα).

1009 2505 1077 2541 πρὸς
1093 2506 1141 2541 τὴν
1155 2505 1234 2532 άῦλον
1249 2505 1295 2532 καὶ
1311 2504 1409 2541 νοητὴν
1421 2505 1597 2541 εὐπρέπειαν,
1620 2505 1658 2536 ὡς
1676 2505 1794 2540 θεμιτὸν,

1009 2553 1049 2583 είς
1073 2551 1188 2586 θεωρίαν
1207 2551 1401 2587 προσάγονται,
1421 2551 1468 2578 καὶ
1491 2551 1554 2582 τοὺς
1577 2551 1630 2577 τῶν
1650 2550 1795 2586 οεουργιῶν

1011 2597 1237 2633 ὲπιστημονικοὺς
1260 2597 1371 2631 λόγους,
1396 2597 1434 2629 ὠς
1454 2597 1560 2634 πρῶται
1583 2597 1629 2625 καὶ
1648 2597 1711 2633 περὶ
1730 2596 1795 2623 Θεὸν

807 2686 927 2715 ῩΑΒΙᾹΞ
947 2686 1150 2715 LECTIONES.

209 2776 288 2818 ξγρ.
301 2777 478 2818 ξκςξαντορία.
515 2779 536 2794 ²¹
644 2779 675 2807 Ρ.
681 2779 733 2818 911.
746 2779 777 2818 εδ
788 2781 837 2818 μέν
846 2782 1041 2818 γᾲριάπάσης.
1071 2781 1102 2818 _"
1112 2780 1149 2818 ᾡς
1159 2787 1216 2818 non
1224 2779 1305 2807 habet
1317 2779 1366 2807 Cb.
1379 2778 1411 2818 S._
1427 2777 1517 2818 P._Sc.
1535 2776 1595 2818 sa‘r.
1610 2776 1739 2818 έοικυϊαν,

210 2785 233 2793 ”
242 2785 288 2838 Υῦ·
305 2785 478 2813 εκφαντορια·
516 2785 536 2794 ¹¹
555 2785 584 2806 υ.
600 2785 627 2807 δ.
646 2785 733 2807 then.
746 2785 777 2806 το
788 2785 910 2818 μὲνγὰρ,
923 2785 1041 2816 ἁπάσης.
1079 2785 1149 2811 πως
1159 2787 1210 2806 non
1225 2785 1305 2807 hauet
1317 2785 1366 2807 un.
1379 2785 1410 2807 δ.
1428 2785 1517 2819 νηδε.
1535 2785 1595 2818 aa‘r.
1610 2785 1739 2805 εοικυιαν,
1759 2785 1790 2815 tu,

175 2811 198 2851 ΪῘ
212 2811 244 2851 9,-
278 2812 508 2851 λυμάευεινήτρν-
537 2814 598 2851 λ”ή
614 2815 724 2851 νοερῶν,
742 2815 790 2844 Ch.
808 2817 840 2845 D.
858 2817 889 2846 P.
986 2818 1008 2834 ⁸⁵
1021 2816 1052 2844 Ι).
1070 2815 1099 2844 Ρ.
1118 2815 1147 2845 S.
1164 2815 1284 2850 ἁμέσως,
1302 2822 1384 2850 quam
1404 2814 1546 2843 lectionem
1560 2812 1634 2839 bcot.
1648 2816 1790 2846 expressit.

175 2846 199 2863 ”
210 2846 258 2875 Ch.
277 2846 298 2873 Ι)
325 2847 356 2876 D.
371 2849 424 2875 πᾶν
440 2846 568 2887 ἆῤῥεπές.
