1933 3075
183 132 232 160 2ίῦ

726 133 754 160 S.
776 133 923 162 DIONYSII
942 134 1174 163 AREOPAGITAE

1744 136 1798 164 9J6

184 190 297 217 sihiliter
304 189 480 217 eﬂ‘ormantur
494 194 600 225 propter
609 195 727 218 nostram
740 191 963 224 imbecillitatem,

1016 193 1082 219 ἀλλὰ
1089 194 1135 219 καὶ
1143 192 1278 228 αἰσθητῶς
1286 193 1418 227 λέγονται,
1427 193 1486 221 καθ’
1494 194 1555 220 ὅσον
1565 193 1582 230 ή
1590 193 1657 230 ἀκοὴ
1665 196 1758 230 χωρεῖ.
1767 195 1798 221 Εἰ

183 244 276 263 verum
296 236 376 263 etiant
391 235 556 263 sensibiliter
570 237 753 269 nominamur,
769 241 897 270 quantum
912 244 962 264 au-

184 289 257 310 (utus
271 283 353 318 capit.
370 283 398 310 Si
416 283 476 318 quis
498 288 589 310 autent
607 283 689 314 dicat,
705 283 843 310 nominum
858 290 965 318 quoque

185 329 435 363 interpretationem
449 329 481 356 ad
496 333 605 362 captum
621 329 728 356 auditus
741 330 824 357 nostri
839 329 963 364 proferri,

185 382 264 409 atque
273 375 382 409 insuper
390 375 453 409 quid
462 375 643 402 intellectuale
653 383 713 402 esse
722 383 753 402 ae
763 375 817 410 59
825 375 965 402 sublimius

185 421 329 456 (siquidem
344 427 369 448 et
385 429 480 449 nomen
497 421 679 455 intelligimus,
697 422 770 448 verbi
793 421 879 456 gratia
892 421 963 448 cale-

186 466 322 496 facientes,
337 467 484 501 quinetiam
497 466 555 500 ejus
567 466 787 500 explicationem,
802 467 866 501 quid
878 462 964 498 signi-

185 513 247 541 ficet
258 515 458 547 calefacientes,
473 518 545 541 recte
562 513 673 548 scimus)
688 523 695 540 :
711 519 737 540 et
751 514 845 548 si.quis
866 513 966 540 dixerit

185 568 282 588 nomen
300 561 385 594 ipsnnt
413 561 498 595 magis
519 560 683 588 sensibiliter
702 558 802 591 eﬂerri,
819 567 899 594 quam
916 566 965 585 no-

185 606 266 633 utiuis
281 606 545 641 interpretationem;
566 606 682 641 primunt
703 606 810 640 quidem
835 605 904 632 sciat
925 604 965 630 fa-

185 652 264 681 cilius
278 660 374 680 nontcn
387 654 445 686 capi
462 659 543 686 quam
557 652 616 686 ejus
639 652 768 684 rationes,
781 650 869 685 quoad
885 649 964 677 intel-

185 698 323 733 ligentiam
339 718 346 730 ,
367 698 441 725 verbi
462 698 549 733 gratia
563 718 571 730 ,
596 697 702 725 facilius
722 701 765 724 est
790 696 966 730 pronuntiare

186 752 284 772 nomen
309 744 513 776 calefacientcs,
537 751 617 778 quant
638 744 734 770 horum
758 741 964 776 explicationem

185 791 298 822 afferre;
323 796 404 825 atque
432 789 570 817 hominem
596 789 737 816 nomiuare
761 787 871 815 facilius
900 791 964 820 est,

185 844 265 871 quam
280 835 338 870 ejus
353 835 538 862 definitiOnem
564 835 669 861 tradere
684 842 691 860 :
709 833 774 860 illud
796 833 868 860 cuint
884 841 964 860 sensu

1013 238 1042 264 δέ
1048 247 1089 269 τις
1094 238 1165 272 λέγει
1170 259 1176 270 ,
1183 239 1223 265 ὅτι
1231 239 1277 265 καὶ
1305 239 1357 265 τῶν
1363 239 1499 274 ὀνομάτων
1505 240 1634 275 ἑρμηνεία
1640 238 1800 276 χωρητικῶς

1013 285 1046 319 τῇ
1058 284 1124 319 ἀκοῇ
1143 284 1219 319 ήμῶν
1229 284 1344 318 λέγεται,
1367 285 1414 311 καὶ
1432 284 1524 311 λοιπὸν
1539 285 1565 311 τί
1578 285 1635 311 ἐστι
1656 285 1687 311 τὸ
1705 285 1799 320 νοητὸν

1014 330 1061 356 καὶ
1086 329 1247 365 ὑψηλότερον
1263 330 1319 365 (καὶ
1335 329 1389 366 γὰρ
1411 330 1581 365 γινώσκομεν
1596 331 1626 357 τὸ
1650 331 1744 366 ὖνομα,
1758 332 1800 358 ὅτι

1015 374 1204 410 θερμαίνοντες
1216 375 1306 410 τυχὸν,
1320 375 1387 402 ἀλλὰ
1403 376 1449 402 καὶ
1461 376 1509 412 τὴν
1522 376 1652 412 ἐξήγησιν
1665 377 1800 411 γινώσκο-

1016 429 1075 455 μεν,
1094 420 1120 446 τί
1131 420 1205 456 δηλοῖ
1219 421 1249 447 τὸ
1272 420 1470 457 θερμαίνοντες)
1481 430 1488 436 ·
1503 422 1549 448 καὶ
1565 422 1592 448 τί
1615 422 1648 449 ἂν
1665 422 1735 449 εἴποι
1757 431 1801 454 τις

1014 467 1044 493 τὺ
1059 467 1142 503 ὄνομα
1168 467 1303 503 αἰσθητῶς
1324 468 1458 502 λέγεσθαι,
1477 469 1557 496 πλέον
1579 469 1629 504 τῆς
1645 469 1800 505 ἐξηγήσεως

1014 514 1060 540 τοῦ
1077 515 1221 550 ὀνόματος·
1240 515 1404 548 γινωσκέτω,
1422 516 1528 551 πρῶτον
1547 516 1607 552 μὲν,
1622 517 1662 544 ὅτι
1675 517 1802 553 εὐληπτό-

1014 559 1091 595 τερόν
1104 561 1159 586 ἑστι
1172 560 1202 586 τὸ
1214 560 1309 595 ὄνομα,
1322 562 1385 597 παρ’
1396 562 1410 588 ὂ
1422 563 1446 588 οἰ
1459 562 1531 597 λόγοι
1543 563 1603 590 ὅσον
1614 564 1654 595 εἰς
1663 564 1800 600 κατανόη-

1016 614 1056 632 σιν
1069 615 1075 621 ·
1091 606 1173 642 ήγουν
1185 607 1215 633 τὸ
1231 607 1316 633 εἰπεῖν
1339 607 1540 643 θερμαίνοντας,
1558 608 1574 644 ἦ
1597 609 1628 636 ab
1645 610 1730 636 εἰπεῖν
1750 611 1801 646 τὴν

1014 651 1114 678 τούτων
1126 651 1255 687 ἐξήγησιν
1265 653 1313 679 καὶ
1326 653 1356 679 τὸ
1371 654 1457 679 είπεῖν
1474 653 1625 689 ἄνθρωπον,
1643 654 1659 690 ἦ
1674 655 1704 681 τὸ
1714 656 1801 682 εἰπεῖν

1014 697 1060 724 τὸν
1076 697 1187 733 ὁρισμὸν
1203 697 1286 724 αὑτοῦ
1299 706 1305 713 ·
1318 698 1348 724 τὺ
1361 698 1410 733 μὲν
1421 698 1475 733 γὰρ
1487 699 1570 733 ἐγγὺς
1580 700 1628 735 τῆς
1639 700 1798 736 αἰσθήσεως,

1014 743 1045 769 τὸ
1060 742 1088 770 δὲ
1103 743 1180 777 λόγου
1196 744 1242 770 καὶ
1262 744 1408 779 ἑρμηνείας
1431 745 1526 772 δεῖται.
1543 746 1576 772 Τί
1589 745 1654 780 γοῦν
1676 746 1760 779 ξένον,
1775 747 1800 773 εἰ

1015 788 1061 814 καὶ
1073 788 1188 815 ἐνταῦθα
1205 789 1252 816 καὶ
1266 789 1313 816 τοῦ
1330 790 1458 825 ὀνόματος
1468 791 1522 818 τῶν
1532 792 1664 828 οὐρανίων
1676 793 1798 828 αἰσθήσει

1014 834 1047 868 τῇ
1062 833 1129 869 ἀκοῇ
1147 834 1353 867 ὐποπίπτοντος,
1370 835 1438 861 ἀλλὰ
1459 836 1505 862 καὶ
1524 837 1573 872 τῆς
1594 837 1737 872 δηλώσεως
1751 838 1798 864 τοῦ

185 881 306 913 obvium,
329 881 362 907 ad
386 880 437 907 hoc
468 887 532 906 vero
557 879 662 906 ratione
686 886 718 906 ac
740 878 964 912 interpretatione

1015 875 1144 913 ὀνόματος
1159 879 1362 916 ὑποπιπτοΰσης
1377 882 1410 916 τῇ
1428 882 1506 918 ἀκοῇ,
1524 883 1598 917 ὅμως
1621 883 1745 918 λέγομεν,
1760 885 1800 911 ὅτι

185 935 252 961 opus
268 931 318 954 est.
332 926 401 961 Quid
418 926 499 961 igitur
514 933 623 958 novum,
637 925 660 952 si
677 925 760 952 etiam
777 925 831 957 hic,
848 929 901 951 tant
917 932 965 951 tto-

186 973 257 999 mine
274 979 364 998 rcrum
378 971 528 998 caelestium
545 978 625 1005 quam
646 971 763 998 nominis
784 969 965 1005 explicatione

184 1018 235 1045 sub
251 1024 360 1044 sensum
378 1017 485 1044 auditus
501 1017 625 1049 cadente,
647 1016 823 1044 niltilomittus
852 1016 964 1044 dicimus

185 1071 234 1090 nos
250 1065 336 1098 magis
351 1063 517 1090 sensibiliter
531 1063 715 1090 dentonstrarc
729 1062 831 1097 aliquid
851 1069 899 1095 per
917 1070 965 1088 n0-

184 1117 245 1136 men
259 1117 339 1144 quam
355 1116 403 1143 per
426 1108 544 1136 nominis
566 1108 797 1143 explicationem?
810 1108 900 1142 Atque
913 1107 966 1134 hoc

184 1155 293 1190 quidem
306 1156 432 1190 primmn.
458 1155 610 1181 Secundum
628 1162 703 1187 vero,
721 1155 791 1189 quod
807 1154 894 1181 denuo
912 1160 963 1180 non

186 1207 292 1229 tantunt
309 1200 527 1236 interpretationi
544 1201 731 1234 intmoramur,
747 1201 824 1236 quasi
838 1200 903 1227 nihil
919 1207 964 1227 su-

185 1247 304 1279 blimius,
318 1249 388 1281 quod
408 1248 567 1282 cogitemus,
585 1247 749 1279 habeamus;
767 1254 860 1274 verum
882 1246 963 1273 etiattt

185 1293 271 1327 ipsam
288 1298 419 1327 prtetcrea
445 1293 694 1328 interpretationem
722 1298 811 1320 mente
840 1293 965 1321 recondi-

185 1346 256 1372 mus,
273 1343 300 1366 et
313 1339 376 1366 dum
391 1339 516 1367 audimus
532 1339 665 1367 nominari
687 1338 890 1370 calefacientes,
906 1337 964 1365 elli-

185 1386 273 1412 ciendi
288 1391 315 1413 et
328 1385 498 1413 illuminandi
513 1385 682 1418 facultatem,
698 1393 779 1420 quant
797 1389 886 1412 mente
899 1392 965 1412 con-

185 1432 318 1466 cipimus.
342 1432 562 1467 interpretamur,
592 1432 731 1466 ipsamque
757 1432 810 1458 vim
832 1431 963 1459 efliciendi

187 1482 270 1512 atque
286 1477 451 1504 illuutinandi
476 1477 563 1505 denuo
586 1477 618 1504 ad
639 1477 820 1505 sublimiorem
843 1480 965 1503 contem-

186 1524 334 1559 plationem
349 1524 516 1551 adducimus.
536 1525 706 1559 Quapropter
723 1528 795 1551 recte
808 1523 964 1551 dicebamus

185 1571 256 1605 quod
282 1578 333 1597 non
359 1570 445 1597 solum
469 1570 635 1597 sensibiliter
660 1569 846 1601 eﬂ'ormentur,
870 1576 964 1595 verum

185 1616 266 1643 etiam
294 1616 459 1643 scnsibiliter
479 1615 634 1643 eli'erautnr.
651 1615 690 1642 Ac
710 1620 834 1643 sanctum
855 1613 965 1649 quidem

185 1670 283 1690 nomen
307 1662 454 1697 scraphim,
478 1667 506 1689 ut
527 1661 618 1696 lingua
640 1661 693 1688 fert
714 1661 898 1692 llebrteorum,
923 1661 966 1686 vel

185 1709 341 1736 iuceusores
354 1706 499 1742 significat,
513 1707 554 1733 vel
568 1706 772 1738 calefacientes,
788 1713 847 1741 quae
872 1704 966 1739 utique

185 1753 294 1780 numina
318 1758 345 1780 et
367 1754 459 1780 eadem
479 1756 541 1780 sunt
553 1755 580 1779 et
596 1752 700 1779 diversa
715 1761 722 1779 :
738 1752 831 1778 eadem
844 1750 964 1785 quidem,

185 1800 312 1833 quoniattt
339 1804 454 1834 utraque
477 1799 510 1826 ab
539 1800 601 1833 igne
620 1799 779 1833 desumpta,
801 1797 905 1824 Scilicet
924 1796 966 1823 in-

185 1842 312 1876 cendere,
327 1847 355 1870 et
378 1843 456 1877 quasi
477 1848 560 1870 totunt
573 1843 733 1870 comburere
757 1842 819 1876 (hoc
836 1842 907 1869 enim
923 1841 966 1868 de-

185 1888 272 1915 clarat
294 1888 405 1915 verbum
423 1888 546 1923 ὲμπερῶ,
567 1889 593 1915 id
617 1893 658 1915 est
680 1893 806 1923 penetro,
834 1887 964 1919 incendo,

185 1934 262 1969 quasi
275 1939 359 1962 totum
372 1935 532 1970 pervadens)
555 1939 581 1962 et
595 1934 754 1962 calefacere.
766 1935 883 1961 Rursum
899 1941 965 1961 vero

186 1982 293 2008 diversa
313 1985 385 2013 sunt,
398 1981 524 2015 quoniant
540 1981 611 2008 aliud
626 1985 678 2013 est,
697 1986 780 2008 totum
795 1981 964 2014 comburere,

185 2030 212 2054 et
228 2027 300 2054 aliud
320 2032 424 2053 lautum
436 2028 596 2054 calefacere.
609 2026 711 2054 Nomen
722 2031 812 2054 autem
823 2026 964 2054 clteruhim

185 2071 322 2106 significat
345 2073 540 2100 multitudinem
574 2073 741 2108 cognitionis.
775 2072 817 2099 Vel
837 2073 964 2107 fusionem

185 2118 336 2152 sapientiw;
350 2118 420 2152 quod
437 2119 565 2146 nimirum
579 2119 662 2146 multa
685 2123 861 2154 cognoscant,
884 2118 965 2153 idque

186 2163 341 2197 sapienter;
353 2168 381 2191 et
395 2169 562 2195 constanter,
576 2169 602 2191 et
619 2172 672 2191 tton
686 2164 771 2191 solum
787 2163 964 2198 superficiali-

187 2214 237 2241 ter,
254 2216 287 2236 ac
299 2209 320 2235 si
337 2209 397 2242 quis
413 2210 486 2237 dicat
500 2217 560 2244 qua:
573 2210 732 2237 conﬁrmata
747 2215 810 2237 sunt
821 2211 847 2237 iu
864 2213 965 2238 sentct-
982 2211 1003 2238 D

187 2255 262 2288 ipsis.
285 2254 381 2282 Merito
402 2255 485 2290 igitur
503 2256 588 2290 printa
615 2256 753 2283 distinctio
771 2256 804 2282 ab
826 2255 964 2282 excellen-

187 2301 299 2328 tissimis
313 2301 438 2327 esst-.ntiis
454 2307 548 2329 sancte
563 2301 676 2329 eiiicitur
686 2303 747 2334 (hoc
760 2302 831 2328 enim
846 2301 967 2328 insinuat

186 2345 251 2372 illud
268 2346 476 2381 sanctilicatur),
489 2347 618 2382 quoniam
636 2348 759 2375 ordinem
784 2348 885 2375 habent
908 2354 967 2374 om-

186 2393 265 2420 nibus
286 2393 463 2427 superiorem,
482 2399 510 2420 nt
529 2394 574 2428 qui
596 2393 673 2427 juxta
701 2394 783 2420 Deum
811 2393 967 2420 immediate

185 2439 334 2466 collocatur
348 2438 421 2474 (nam
441 2445 504 2467 ante
528 2441 599 2466 hunc
619 2439 710 2467 nullus
736 2439 805 2466 alius
824 2440 891 2466 ordo
912 2443 966 2476 est)

185 2485 403 2512 ctinttnobiliter
428 2490 528 2517 manet,
545 2486 616 2512 unde
639 2486 719 2512 etiant
746 2485 772 2512 in
798 2485 884 2519 ipsum
908 2484 967 2512 tau-

185 2537 266 2565 quam
281 2529 489 2562 viciuissimum,
505 2531 629 2564 primitus
645 2530 760 2557 initiatio
777 2537 823 2557 seu
838 2530 967 2565 perfectio

186 2576 336 2603 derivatur.
359 2575 541 2610 Primigenias
556 2582 646 2603 autem
662 2577 843 2611 apparitioues
859 2577 906 2603 Dei
921 2584 967 2603 vo-

186 2627 241 2653 cat,
255 2623 327 2656 quod
346 2622 372 2649 in
390 2622 429 2649 eis
451 2623 567 2656 primum
584 2623 639 2658 60
659 2623 798 2658 operando
817 2623 870 2650 vim
890 2631 965 2650 suam

186 2673 319 2695 cxerant:
335 2670 568 2702 comprehendunt
593 2670 665 2697 enim
689 2670 810 2696 divinam
846 2670 966 2696 illustra-

187 2713 298 2747 tionent,
313 2719 342 2741 et
363 2715 480 2742 evadunt
503 2716 653 2750 sapientes;
681 2716 796 2751 indeque
817 2716 882 2750 ipsis
906 2716 967 2743 illu-

186 2759 283 2786 stratio
299 2763 341 2786 est
352 2765 434 2794 atque
448 2761 576 2794 cognitio.
596 2761 665 2788 Hinc
683 2762 765 2788 ctiant
785 2770 833 2789 sex
849 2762 906 2789 alas
917 2762 967 2789 ha-

185 2804 250 2831 bere
268 2805 455 2839 perhibentur,
471 2806 544 2840 quod
561 2807 638 2834 valde
659 2806 771 2834 elevata:
791 2809 846 2835 sittt
861 2817 868 2834 :
884 2815 965 2835 sena-

186 2852 242 2878 rius
257 2851 326 2879 enim
342 2861 470 2881 numerus
484 2854 619 2890 perfectus
635 2861 687 2890 cst,
703 2856 773 2891 quod
789 2861 894 2884 constet
907 2855 965 2884 suis

1015 921 1249 958 αἰσθητικωτὲρως
1272 923 1404 960 δηλοῦμεν
1433 925 1472 961 τῷ
1494 926 1622 962 ὀνόματι,
1641 929 1705 964 παρ’
1729 929 1743 956 ὃ
1766 931 1800 965 τῇ

1014 967 1061 993 τοῦ
1077 968 1206 1003 ὀνόματος
1222 970 1367 1006 ἐξηγήσει;
1383 971 1437 998 Καὶ
1450 972 1556 1008 πρῶτον
1570 974 1619 1009 μὲν
1631 974 1709 1001 τοῦτο
1720 984 1727 990 ·
1745 975 1802 1002 δεύ-

1014 1021 1091 1048 τερον
1107 1014 1146 1047 δὲ,
1163 1015 1203 1041 ὅτι
1219 1016 1278 1042 οὐδὲ
1295 1016 1374 1043 πάλιν
1392 1017 1469 1044 τόσον
1488 1020 1521 1054 τῇ
1543 1019 1669 1055 ἐξηγήσει
1686 1021 1801 1056 ἐμμένο-

1017 1068 1075 1095 μεν,
1090 1060 1127 1092 ὼς
1141 1061 1177 1096 μὴ
1194 1060 1266 1095 ἔχειν
1285 1063 1354 1088 νοεῖν
1379 1070 1406 1088 τι
1422 1062 1595 1099 ὑψηλότερον,
1612 1065 1680 1092 ἀλλὰ
1696 1067 1741 1093 καὶ
1759 1067 1799 1093 ἔτι

1013 1106 1053 1142 τῷ
1069 1105 1108 1133 vo?
1126 1107 1344 1142 παραπέμπομεν
1357 1108 1406 1143 τὴν
1420 1108 1558 1144 ἐξήγησιν,
1579 1111 1625 1137 καὶ
1642 1111 1800 1147 θερμαῖνον-π

1014 1162 1064 1185 τας
1077 1153 1228 1186 ἀκούοντες,
1244 1153 1274 1179 τὸ
1285 1154 1428 1188 δραστικόν
1441 1164 1470 1182 τε
1482 1157 1529 1182 καὶ
1541 1157 1668 1191 φωτεινόν
1678 1158 1800 1185 ἐννοοῦν-

1015 1207 1061 1230 τες
1076 1199 1255 1235 ἐξηγούμεθα,
1272 1200 1338 1227 αὐτὸ
1353 1200 1380 1227 δὲ
1397 1200 1477 1228 πάλιν
1496 1201 1527 1228 τὸ
1545 1201 1687 1237 δραστικόν
1709 1212 1739 1230 τε
1753 1205 1800 1232 καὶ

1015 1245 1144 1280 φωτεινδν
1170 1246 1210 1277 εὶς
1232 1245 1398 1282 ὑψηλοτέραν
1423 1247 1558 1282 ἀνάγομεν
1580 1248 1703 1284 θεωρίαν.
1720 1249 1799 1277 Ὅθεν

1015 1289 1104 1321 καλῶς
1119 1289 1256 1325 ἐλέγομεν,
1272 1290 1311 1317 ὅτι
1326 1291 1362 1327 μὴ
1381 1291 1460 1326 μόνον
1473 1291 1608 1326 αἰσθητῶς
1623 1294 1799 1328 μορφοῦνται,

1015 1334 1083 1361 ἀλλὰ
1096 1336 1141 1362 καὶ
1155 1335 1289 1371 αἰσθητῶς
1305 1336 1436 1370 λέγονται.
1451 1337 1506 1364 Καὶ
1520 1339 1535 1373 ἠ
1555 1339 1602 1373 μὲν
1622 1339 1686 1373 ἁγία
1701 1340 1798 1375 ὀνομα-

1016 1381 1060 1407 σία
1073 1381 1126 1408 τῶν
1147 1382 1276 1417 σεραφὶμ,
1298 1382 1335 1414 ὡς
1359 1383 1375 1418 ὴ
1392 1383 1497 1417 γλῶττα
1519 1384 1573 1411 τῶν
1591 1385 1723 1420 Ἐϐραίων
1739 1386 1800 1421 βού-

1015 1426 1128 1463 λεται,ἢ
1153 1427 1184 1454 τὸ
1206 1428 1365 1464 ἑμπρηστὰς
1382 1429 1466 1464 δηλοῖ,
1481 1430 1497 1465 ἣ
1520 1430 1549 1457 τὸ
1565 1430 1768 1466 θερμαίνοντας,
1783 1433 1800 1460 ἂ

1014 1476 1046 1512 δὴ
1069 1477 1154 1504 ταῦτα
1174 1477 1208 1504 τὰ
1232 1478 1359 1513 ὀνόματα,
1378 1479 1423 1505 καὶ
1448 1479 1534 1506 ταὺτά
1554 1481 1617 1513 εἱσι,
1637 1481 1684 1508 καὶ
1707 1482 1799 1518 ἕτερα.

1016 1523 1106 1550 Ταὺτὰ
1121 1524 1179 1559 μὲν,
1196 1524 1236 1550 ὅτι
1252 1525 1393 1561 ἀμφότερα
1415 1526 1447 1552 ἐκ
1469 1527 1554 1562 πυρός
1572 1529 1634 1559 εἰσι,
1651 1529 1681 1554 τό
1696 1537 1725 1555 τε
1748 1530 1799 1563 ἑμ-

1017 1568 1139 1604 πρήθειν,
1155 1570 1235 1596 οἱονεὶ
1246 1569 1407 1596 ὁλοκαυτοῦν
1419 1570 1508 1606 (τοῦτο
1524 1572 1578 1607 γὰρ
1591 1572 1736 1608 δηλοῖ,ἁπὺ
1751 1573 1799 1600 τοῦ

1016 1615 1138 1651 ἐμπερῶ,
1152 1616 1232 1642 οἱονεὶ
1241 1615 1270 1642 τὸ
1279 1615 1364 1642 διόλου
1380 1616 1573 1654 διερχόμενον),
1597 1619 1643 1645 καὶ
1650 1618 1680 1645 τὸ
1688 1619 1800 1654 θερμαί‹

1016 1669 1081 1688 νειν.
1097 1661 1196 1697 Ἕτερα
1209 1662 1237 1688 δὲ
1253 1662 1331 1689 πάλιν
1342 1663 1420 1695 εἰσιν,
1438 1664 1478 1690 ὅτι
1491 1663 1554 1690 ἄλλο
1562 1664 1638 1700 δηλοῖ
1650 1664 1679 1691 τὸ
1694 1665 1726 1691 δι’
1738 1665 1798 1693 ὅλου

1016 1705 1113 1738 καίειν,
1128 1707 1175 1733 καὶ
1189 1707 1251 1733 ἄλλο
1261 1707 1291 1734 τὸ
1309 1708 1387 1743 μόνον
1403 1708 1566 1744 θερμαίνειν.
1583 1711 1613 1736 'H
1629 1711 1657 1736 δὲ
1668 1711 1798 1745 ὀνομασία

1014 1751 1069 1778 τῶν
1085 1751 1258 1787 χερουόὶμπλ
1263 1750 1406 1788 ῆθοςδηλοῖ
1415 1752 1579 1790 γνώσεως,ᾒ
1587 1753 1678 1788 χύσιν
1683 1754 1802 1787 σοφίας.

1014 1796 1092 1823 τοῦτο
1099 1797 1126 1823 δέ
1135 1797 1217 1829 ἐστιν,
1226 1798 1266 1823 ὃτι
1273 1798 1320 1824 καὶ
1329 1798 1414 1824 πολλὰ
1421 1798 1593 1832 γινώσκουσι,
1602 1799 1650 1826 καὶ
1658 1800 1746 1834 σοφῶς
1754 1800 1800 1826 καὶ

1015 1843 1155 1878 ἀραρότως
1167 1843 1253 1870 ταῦτα
1262 1843 1448 1878 γινώσκουσιν,
1458 1845 1506 1871 οὐκ
1514 1845 1679 1877 ἐπιπολαίως
1690 1854 1696 1860 ·
1712 1845 1801 1877 καὶώς

1015 1889 1047 1916 ἄν
1056 1898 1099 1920 τις
1108 1889 1178 1915 εἴποι
1190 1889 1380 1916 διαπιστοῦντα
1394 1889 1462 1916 αὐτὰ
1478 1890 1593 1921 ἑαυτοῖς.
1603 1890 1720 1921 Εἰκότως
1728 1888 1774 1917 οὖν
1782 1891 1799 1926 ἡ

1016 1935 1110 1971 πρώτη
1124 1935 1177 1962 τῶν
1191 1935 1320 1970 διακοσμή
1326 1943 1392 1962 σεων
1409 1936 1440 1961 ἐκ
1453 1935 1507 1961 τῶν
1529 1936 1686 1971 ὑπερτάτων
1702 1935 1800 1963 οὐσιῶν

1016 1982 1096 2018 ῑερῶς
1120 1983 1279 2016 ἐνεργεῖται,
1300 1981 1388 2016 (τοῦτο
1405 1982 1458 2017 γάρ
1474 1982 1530 2008 ἐστι
1546 1982 1576 2008 τὸ
1592 1983 1769 2018 ἱερουργείται

1014 2031 1090 2065 τάξιν
1111 2031 1166 2067 γὰρ
1181 2030 1272 2066 ἔχουσι
1292 2030 1346 2057 τῶν
1367 2031 1460 2069 πασῷν
1478 2030 1655 2066 ὑψηλοτέραν,
1672 2030 1719 2057 τοῦ
1736 2031 1800 2066 περὶ

1015 2077 1080 2105 Θεὸν
1095 2077 1204 2113 ἀμέσως
1219 2076 1339 2112 ἱδρῦσθαι
1353 2077 1393 2112 (οὐ
1409 2077 1463 2112 γάρ
1477 2078 1533 2103 ἐστι
1550 2077 1602 2113 πρὸ
1623 2077 1707 2112 αὐτῆς
1720 2077 1800 2113 ἑτέρα

1014 2123 1160 2158 τάξιςδκαὶ
1167 2123 1371 2159 ἁμετακινήτως
1379 2121 1458 2155 εἶναι,
1468 2123 1592 2150 κάκεῖθεν
1604 2124 1644 2154 εἰς
1657 2123 1740 2159 αὐτὴν
1755 2124 1802 2159 ἁρ-

1014 2171 1169 2206 χικωτέρως
1185 2170 1222 2202 ὡς
1237 2169 1377 2204 ἐγγυτάτω
1395 2169 1621 2204 μεταϐιϐάζεσθαι
1634 2170 1683 2204 τὴν
1697 2169 1802 2195 τελείω-

1017 2225 1068 2243 σιν.
1086 2215 1282 2252 Πρωτουργοὺς
1302 2215 1330 2241 δὲ
1352 2214 1424 2249 λέγει
1444 2214 1610 2249 θεοψανείας,
1633 2215 1674 2241 ὅτι
1695 2216 1734 2246 εἰς
1750 2215 1799 2241 αὺ-

1015 2263 1078 2293 τοὺς
1099 2261 1222 2296 πρώτους
1248 2261 1407 2295 ἐργάζονται
1428 2259 1621 2295 ὲνεργούμεναι
1648 2261 1674 2286 αἱ
1701 2260 1800 2296 θευφά-

1016 2317 1100 2335 νειαι·
1118 2308 1321 2342 ὲπιδράττονται
1337 2306 1391 2342 γὰρ
1409 2306 1459 2341 τῆς
1479 2305 1552 2337 θείας
1569 2306 1736 2341 ὲλλάμψεως,
1754 2308 1802 2334 καὶ

1018 2353 1169 2387 σοφίζονται
1179 2362 1185 2368 ·
1199 2353 1302 2379 ἐκεῖθέν
1316 2354 1388 2379 ἐστιν
1400 2352 1490 2383 αὐτοῖς
1505 2352 1551 2378 καὶ
1561 2351 1591 2377 τὸ
1605 2352 1799 2387 ἐλλάμπεσθαι,

1017 2400 1063 2426 καὶ
1084 2399 1115 2425 το
1139 2398 1290 2433 γινώσκειν.
1312 2397 1390 2424 Ὅθεν
1411 2398 1524 2424 κάκεῖνα
1556 2397 1604 2432 μὲν
1628 2397 1800 2434 ἐξαπτέρυγα

1017 2445 1148 2479 λέγονται,
1172 2445 1210 2476 ὡς
1234 2443 1304 2470 κατὰ
1325 2443 1391 2470 πολὺ
1412 2442 1605 2478 ὑπερηρμένα·
1632 2445 1662 2476 ἒξ
1683 2444 1737 2480 γὰρ
1755 2445 1813 2472 τέ--

1018 2490 1088 2522 λειος
1108 2489 1222 2525 ἀριθμός
1246 2490 1329 2520 ἐστιν,
1355 2489 1397 2515 ὃτι
1421 2489 1560 2523 σύγκειται
1581 2490 1612 2516 ὲκ
1636 2490 1690 2516 τῶν
1711 2490 1801 2526 μερῶν

1015 2535 1109 2577 αὑτοῦ,
1127 2536 1197 2571 ἅπερ
1220 2535 1272 2561 εἰσὶ
1291 2534 1322 2560 τὸ
1332 2534 1426 2569 ἥμισυ,
1444 2535 1525 2569 ἤγουν
1547 2535 1581 2561 τὰ
1592 2535 1672 2569 τρία·
1694 2535 1724 2562 τὸ
1740 2535 1799 2571 τρί-

1016 2590 1072 2612 τον,
1088 2581 1170 2616 ήγουν
1188 2580 1223 2606 τὰ
1236 2580 1281 2606 δύο
1291 2588 1298 2595 ³
1314 2580 1361 2606 καὶ
1376 2579 1407 2606 τὸ
1419 2580 1507 2612 ἕκτον,
1525 2581 1608 2615 ἤγουν
1623 2581 1654 2606 τὸ
1674 2581 1702 2607 ἓν
1713 2589 1720 2595 ⁸
1737 2581 1800 2616 τρία

1016 2629 1044 2656 δὲ
1061 2630 1107 2655 καὶ
1123 2629 1169 2655 δύο
1181 2629 1227 2655 καὶ
1242 2628 1270 2654 ἒν
1287 2628 1367 2655 πάλιν
1381 2627 1419 2660 ἕξ.
1436 2627 1476 2654 Τὰ
1489 2628 1518 2654 δὲ
1540 2628 1671 2663 χερουϐὶμ
1683 2627 1800 2662 πολυόμ-

1019 2684 1101 2711 ματα,
1116 2675 1154 2707 ὡς
1168 2674 1268 2710 πλῆθος
1283 2674 1407 2708 γνώσεως
1425 2673 1528 2709 ἔχοντα.
1546 2674 1587 2700 Τὰ
1604 2674 1668 2708 γοῦν
1689 2674 1800 2701 τοιαῦτα

1017 2722 1134 2757 ὀνόματα
1150 2720 1335 2756 ὀνομάζονται,
1350 2719 1421 2746 κατὰ
1436 2720 1613 2755 ἐκφαντορίαν
1625 2721 1672 2746 καὶ
1685 2720 1800 2755 δήλωσιν

1017 2767 1070 2793 τῶν
1086 2766 1168 2799 ἕξεων
1187 2765 1286 2797 αὐτῶν,
1303 2766 1316 2792 ὅ
1338 2766 1395 2792 ἐστι
1410 2764 1464 2791 τῶν
1492 2764 1615 2800 ὲμμόνων
1643 2765 1799 2793 διαθέσεων.

1017 2813 1049 2838 Αἰ
1064 2811 1118 2846 γὰρ
1134 2811 1203 2838 θεῖαι
1219 2811 1345 2845 δυνάμεις
1356 2810 1415 2837 καθ’
1435 2810 1491 2842 ἕξιν
1513 2810 1602 2844 ἔχουσι
1623 2809 1653 2835 τὺ
1675 2809 1799 2842 θεοειδὲς,

1018 2858 1072 2891 ἕξις
1086 2857 1113 2883 δέ
1130 2857 1187 2883 ἐστι
1211 2857 1319 2892 ποιότης
1332 2856 1466 2892 ἓμμονοςο
1486 2856 1503 2891 ἡ
1519 2855 1548 2882 δὲ
1562 2854 1670 2890 τοιαύτη
1688 2855 1742 2888 ἕξις
1754 2856 1800 2882 οὑ-
1842 2865 1848 2870 ”
