1933 3075
105 171 162 197 217

355 170 399 198 Ι)Ε
416 170 577 199 COELESTI
595 170 818 204 lllERARClllA,
836 171 897 198 (ΖΛΓ

949 171 987 198 11.
1008 187 1041 191 -
1060 170 1232 198 ΡΛΚᾹΡΠΒ.
1251 170 1487 199 PACllYlllEBE.

1680 172 1734 200 218

107 229 230 264 σιωμένη
246 229 304 255 ἐστὶ
319 229 388 256 κατὰ
404 229 479 256 θείαν
494 230 583 264 χάριν,
601 231 634 261 0Q
645 230 698 265 μὴν
713 230 750 261 ὡς
765 230 897 265 συμϐεϐη-

949 230 1089 264 partihus,
1114 237 1174 264 qua:
1194 234 1277 261 sunt,
1299 231 1452 264 ditttidiunt,
1477 238 1572 266 nempe
1596 232 1663 262 tria;
1679 237 1733 259 ter-

107 274 156 306 κὺς
169 274 201 301 ὲὺ
213 275 394 310 ὑποκειμένῳ,
412 274 456 301 διὰ
467 275 498 301 τὸ
518 275 598 302 ἄῦλον
613 275 701 303 αὐτῶν
718 276 765 302 καὶ
787 275 898 310 ἀσώμα-

105 328 154 346 τον
165 328 172 335 ·
184 320 288 346 ἐκεῖθεν
307 320 360 355 γὰρ
378 320 542 355 ἀπελήλαται
551 322 598 347 καὶ
614 322 687 347 πᾶσα
702 321 824 352 σύνθεσις
842 321 898 347 ὑλι-

107 366 156 400 κὴ,
172 365 219 391 καὶ
231 365 260 391 τὺ
269 366 318 401 τῆς
327 365 393 400 ὕλης
402 366 483 391 πάλιν
492 365 614 401 ἄμορφον
627 365 730 392 ἐκεῖθεν
744 365 895 401 ἑξὼρισται.

107 410 178 436 Οὔτε
190 410 254 444 γοῦν
273 410 410 445 δυνάμεθα
432 410 539 445 λέγειν,
564 411 605 437 ὅτι
633 411 748 447 πρώτως
770 409 847 438 οὖσαι
869 411 898 437 ὲν

107 454 191 490 ἑτέρᾳ
215 455 267 481 τινὶ
288 455 462 486 καταστάσει,
493 454 605 490 ὕστερον
627 454 827 491 προσελάϐοντο
848 454 898 485 τὰς

107 501 236 531 τοιαύτας
257 500 366 536 ἀρετὰς,
392 500 480 535 (τοῦτο
501 500 557 536 γὰρ
579 500 634 526 τῶν
656 499 818 534 συνθέτων
836 499 897 526 οὔτε

109 545 267 580 ἁμόρφωτοι
283 542 345 571 ὗλαι
356 544 443 578 οὖσαι,
457 546 568 582 ὕστερον
582 546 785 582 είδοποιήθησαν
796 547 824 572 ἐν
837 547 898 577 ταῖς

108 591 247 622 τοιαύταις
263 591 384 626 ἀρεταῖς
406 591 462 618 ἀλλ’
473 592 502 625 ἐξ
517 593 642 628 ὑπαρχῆς
659 592 730 618 οὕτω
752 592 811 627 θείᾳ
823 591 897 618 ἐκτί-

110 637 216 672 σθησαν
227 638 327 673 χάριτι.
345 637 429 665 Τοῦτο
437 638 465 665 δὲ
483 639 562 674 δῆλον
574 639 605 665 ἔκ
615 647 644 665 τε
656 639 737 665 αὐτοῦ
749 638 796 665 τοῦ
819 639 896 672 ἁγίου

109 684 258 713 Διονυσίου,
276 684 400 718 λέγοντος
414 685 482 720 πρὸς
498 686 539 721 τῷ
551 686 620 712 τέλει
638 685 685 712 τοῦ
706 687 835 722 τετάρτου
850 695 897 712 κε-

109 729 225 763 φαλαίου
245 730 294 764 τῆς
309 732 578 766 Ἐκκλησιαστικῆς
592 731 897 767 ἱερίιρχίαςιοὺσιώδεις

109 773 179 801 εἶναι
199 774 248 806 τὰς
263 775 389 808 τοιαύτας
403 776 490 808 ἕξειςο
508 777 554 804 καὶ
576 778 608 803 ὲκ
623 777 680 809 τοῦ,
698 778 743 804 τὺν
768 778 896 809 πεσόντα,

108 820 279 847 ἀποϐαλόντα
292 821 341 853 τὰς
359 822 459 857 ἀρετὰς
476 823 642 858 μεταχθῆναι
666 824 706 855 είς
725 823 843 855 ἀλλοίαν,
860 823 898 855 ὡς

108 866 142 892 ἄν
160 874 203 897 τις
218 866 299 897 εἴποι,
316 867 481 894 κατάστασιν
499 867 615 902 φύσεως,
642 869 782 904 σκοτεινήν
804 877 834 895 τε
851 869 898 895 καὶ

109 910 252 946 φθονερὰν,
279 913 326 939 καὶ
351 913 447 945 κακίας
468 913 575 949 πλήρη,

109 955 199 982 πάντα
213 958 246 992 τῇ
264 957 323 993 θείᾳ.
339 958 386 984 καὶ
401 958 532 994 ἀγγελικῇ
559 959 699 994 πολιτείᾳ·
717 959 829 995 τοιαύτη
844 959 898 995 γὰρ

108 1001 126 1036 ή
144 1001 199 1028 τῶν
215 1001 336 1036 ἀγγέλων
353 1003 408 1036 ἕξις
423 1003 570 1040 οὺσιώδης,
588 1005 631 1031 οἶα
648 1004 695 1031 καὶ
716 1006 732 1040 ὴ
749 1005 795 1032 τοῦ
813 1005 899 1041 πυρὸς

109 1047 170 1074 καθ’
187 1047 242 1080 ἕξιν
253 1049 358 1080 καῦσις.
375 1050 411 1076 Τὸ
433 1049 497 1083 γοῦν
518 1050 572 1076 τῶν
602 1050 719 1085 σεραφὶμ
735 1050 820 1086 ὄνομα
837 1051 899 1087 ἐξη-

108 1091 240 1128 γούμεθα,
255 1094 294 1120 ὅτι
316 1094 347 1120 τὸ
371 1094 426 1129 πῦρ
443 1094 595 1129 ἀεικίνητόν
619 1096 693 1128 ἐστι,
711 1095 810 1131 θερμόν
827 1097 897 1128 ἐστι,

107 1138 155 1171 ὀξύ
181 1140 248 1170 ἐστι,
271 1139 351 1174 (κατὰ
373 1140 454 1166 αὑτοῦ
474 1140 528 1176 γὰρ
543 1140 590 1167 τοῦ
615 1140 690 1167 λίθου
713 1142 776 1173 τοὺς
799 1141 898 1174 τόπους

108 1183 253 1220 εἰσδύνειι)
269 1185 438 1219 ἀναγωγικόν
461 1186 518 1212 ἐστι
539 1185 593 1212 τῶν
617 1185 833 1221 ὑποϐεϐηκὰτων,
852 1187 899 1212 καὶ

106 1229 188 1264 δῆλον
212 1230 244 1256 ἐκ
268 1229 321 1256 τῶν
355 1230 569 1266 ἀναθυμιάσεων,
598 1232 657 1263 πῶς
686 1233 719 1268 τῇ
747 1231 835 1268 θέρμῃ
850 1231 897 1258 τοῦ

109 1275 184 1309 ἡλίου
203 1275 347 1309 ἀνάγονται
358 1285 364 1292 ·
382 1277 545 1312 δραστήριόν
561 1278 619 1304 ἐστι
635 1277 704 1312 πρὸς
719 1277 768 1312 τὴν
783 1277 837 1304 τῶν
854 1278 899 1311 ἐγ-

107 1319 238 1354 γιζόντων
253 1321 391 1356 ὁμοίωσιν,
410 1321 521 1357 πυρώδη
538 1322 592 1357 γὰρ
608 1323 680 1348 ποιεῖ
694 1321 729 1348 τὰ
744 1321 897 1356 ἐγγίζοντα,

108 1370 260 1403 ὁλοκαυτοῖ,
288 1371 431 1407 καθαίρει·
458 1371 677 1407 ἀπερικάλυπτόν
704 1372 788 1403 ἐστιν,
818 1371 901 1398 ἄσϐε-

109 1425 172 1443 στον
187 1417 243 1452 ἔχει
258 1417 289 1444 τὸ
304 1417 447 1451 φωτοειδὲς
473 1418 518 1444 καὶ
536 1419 709 1451 φωτιστικὺν,
734 1419 781 1445 καὶ
804 1419 899 1455 πόῥρω

107 1465 139 1491 τὸ
157 1465 251 1495 σκότος
266 1463 381 1490 ἐλαύνει.
400 1463 507 1495 Ταύτας
523 1463 614 1498 ἔχουσι
630 1463 680 1495 τὰς
695 1464 765 1497 ἕξεις
782 1465 899 1500 ὑπερκο-

110 1511 198 1546 σμίως
210 1510 245 1536 τὰ
258 1509 380 1546 σεραφίμ
392 1518 398 1525 ·
417 1509 593 1544 ἀκατάληκτά
607 1510 660 1536 εἰσι
677 1510 724 1536 καὶ
748 1510 897 1545 ὑπερζέον-

107 1565 153 1588 τα,
179 1557 226 1583 καὶ
241 1556 366 1582 ἀνένδοτα
392 1556 459 1591 πρὸς
480 1556 530 1589 τὴν
551 1556 614 1591 περὶ
631 1556 696 1582 Θεὸν
716 1556 896 1592 ἀεικινησίαν,
913 1572 934 1600 C

107 1604 156 1630 καὶ
171 1602 221 1634 ’τὰς
237 1602 436 1637 ὑποδεῦηκυίας
463 1601 553 1634 τάξεις
577 1602 718 1636 ἀνάγουσι,
740 1603 786 1628 καὶ
810 1611 900 1638 πρακ-

107 1648 192 1679 τικῶς
223 1647 447 1683 ὰναζωπυροῦσι,
477 1648 523 1674 καὶ
553 1647 716 1682 ἀφομοιοῦσι
745 1647 814 1683 πρὸς
849 1649 900 1684 τὴν

107 1694 204 1730 ὁμοίαν
221 1693 294 1725 ζέσιν
312 1694 358 1720 καὶ
373 1693 419 1719 τδν
437 1693 517 1719 πόθον
534 1693 578 1720 τὸν
596 1693 697 1725 ἔνθεον,
721 1694 767 1720 καὶ
783 1693 816 1720 δι’
839 1693 900 1720 ὅλου

109 1739 285 1776 πρηστηρίως
302 1739 454 1775 καθαρτικὰ
470 1740 532 1771 είσι,
551 1739 597 1765 καὶ
618 1738 648 1765 τὺ
671 1739 815 1773 φωτοειδὲς
831 1739 900 1774 ὅπερ

108 1785 216 1820 ἔχουσιν
231 1786 264 1811 ὲκ
278 1784 356 1817 Θεοῦ,
377 1785 423 1810 καὶ
439 1784 469 1810 τὸ
486 1784 648 1818 φωτιστικον
665 1784 725 1810 καθ’
747 1784 761 1810 ὂ
783 1783 818 1810 τὰ
833 1783 900 1811 ἄλλα

109 1831 282 1866 φωτίζουσιν,
305 1829 523 1865 ἀπερικάλυπτον
548 1830 594 1856 καὶ
619 1829 750 1856 ἄσϐεστον
777 1829 901 1864 ἔχουσιν·

109 1877 168 1904 ἔστι
192 1876 246 1912 γὰρ
265 1876 303 1908 ὡς
329 1875 379 1911 ὕλη
402 1877 416 1902 ὁ
432 1875 503 1906 θεῖος
519 1875 600 1906 πόθος
625 1876 726 1906 αὐτοῖς,
743 1876 790 1902 καὶ
812 1876 902 1909 πάσης

111 1922 283 1953 σκοτοποιίας
303 1922 431 1949 ὲπέκεινά
445 1923 524 1954 εἰσιν,
539 1921 577 1953 ὡς
598 1922 631 1957 τῇ
650 1921 712 1957 θείᾳ
728 1921 900 1956 λαμπρότητι

110 1968 296 2003 ἀναπτόμενα.

111 2068 191 2093 quam
210 2059 356 2092 ferventes,
383 2065 409 2088 et
436 2059 579 2095 adIDeum
606 2057 762 2086 incessabili
794 2064 902 2092 semper

607 914 654 940 καὶ
678 902 802 941 ἐναντίαν
826 915 899 942 κατὰ
915 902 934 929 Β

949 276 1025 308 lium,
1044 283 1140 311 nempe
1159 276 1230 308 duo;
1247 280 1273 302 et
1295 281 1420 308 sextum,
1439 284 1536 312 nempe
1562 286 1666 305 unum:
1683 279 1733 306 tria

947 326 1048 353 autent,
1064 326 1091 349 et
1106 324 1169 353 duo,
1186 326 1214 349 et
1236 329 1318 348 ututm
1340 330 1447 349 rursum
1469 331 1515 350 sex
1540 327 1614 352 sunt.
1629 324 1734 352 Cheru-

947 367 1002 394 bitn
1019 372 1108 395 autem
1131 367 1232 394 multos
1258 367 1361 399 oculos,
1386 372 1513 402 tanquam
1533 369 1732 397 multitudinem

947 414 1120 448 cognitionis.
1139 414 1250 441 habent.
1267 413 1440 448 Ejuscemodi
1459 414 1551 449 itaque
1578 415 1735 442 llOlllllllblIS

948 458 1128 492 appellantur,
1148 458 1297 485 secundum
1314 458 1559 486 ntanifcstatimtem
1586 468 1618 488 ac
1640 460 1735 488 decla-

949 504 1079 530 rationem
1100 505 1239 531 hahitttntn
1266 512 1390 536 suorum,
1406 505 1432 531 id
1447 509 1489 532 est
1512 505 1657 532 affectuum
1685 507 1737 533 im-

948 550 1126 577 manentitnn.
1142 549 1210 576 Nam
1227 549 1341 577 virtutes
1357 550 1456 577 tiivlttﬂ!
1479 551 1628 578 secundum
1655 551 1732 580 habi-

948 599 1003 621 tum
1019 595 1119 622 habent
1133 596 1356 627 deil'ormitatem,
1370 596 1480 622 habitus
1501 601 1590 623 autem
1615 602 1655 624 cst
1669 605 1736 631 qua.

947 640 1009 668 litas
1017 641 1168 668 itnmanens
1178 650 1184 668 :
1195 641 1358 676 cjuscetnodi
1371 647 1462 670 autem
1473 643 1580 670 habitus
1588 644 1734 671 essentiam

947 692 1024 712 suam
1039 685 1122 712 habet
1137 686 1284 712 secundum
1301 687 1416 721 gratiattt
1431 687 1560 718 divinant,
1576 696 1628 714 nott
1641 692 1734 714 autent

947 735 987 757 est
1003 735 1032 757 ιιι
1045 731 1171 758 accidens
1192 731 1218 758 in
1238 732 1370 766 subjecto,
1387 737 1496 767 propter
1521 741 1614 760 eorum
1640 734 1736 760 imma-

949 776 1120 804 terialitatem
1150 782 1178 804 et
1202 777 1453 812 incorporeitatcm,
1474 778 1537 805 inde
1550 779 1623 805 enim
1646 779 1736 806 ontnis

948 828 1003 850 tam
1025 823 1185 857 compositio
1201 823 1359 855 materia-lis,
1376 832 1457 858 quam
1474 825 1629 851 informitas
1645 829 1735 851 mate—

949 868 1008 899 riae,
1034 868 1151 894 exsulat.
1178 869 1361 901 Quamobrem
1386 869 1477 896 dicere
1502 877 1554 896 non
1579 877 1735 904 possumus,

949 911 1019 945 quod
1034 912 1149 946 primum
1166 913 1192 939 in
1203 913 1293 947 aliquo
1308 913 1362 940 alio
1379 918 1450 940 stato
1466 914 1624 945 existentes,
1642 921 1735 949 postea

951 957 1065 983 virtutes
1080 957 1245 991 ejuscetnodi
1262 959 1418 993 acccpcrint
1430 961 1494 993 (hoc
1510 960 1582 986 enim
1602 961 1737 994 composi-

951 1009 1039 1030 tortttn
1059 1003 1128 1037 est);
1145 1011 1232 1037 neque
1249 1005 1319 1038 quod
1341 1004 1471 1031 informes
1495 1009 1586 1032 essent
1603 1006 1734 1036 materiae,

949 1055 1042 1084 postea
1059 1049 1212 1077 istiusmodi
1230 1049 1376 1076 virtutibus
1390 1051 1530 1077 adornatae
1543 1051 1615 1082 sint;
1629 1051 1676 1078 sed
1700 1052 1735 1078 ab

950 1091 1029 1119 initio
1044 1092 1113 1120 tales
1128 1093 1218 1120 divina
1242 1094 1330 1128 gratia
1348 1100 1448 1121 creata:
1471 1099 1545 1121 sunt.
1561 1095 1639 1127 Quod
1662 1095 1736 1122 clare

950 1142 1024 1172 patet
1038 1146 1101 1165 eutn
1120 1146 1151 1165 ex
1172 1139 1230 1173 ipso
1247 1139 1276 1165 S.
1300 1139 1441 1175 Dionysio,
1460 1140 1566 1167 dicente
1579 1141 1628 1167 sttb
1653 1140 1733 1167 finem

949 1184 1039 1218 quarti
1056 1184 1154 1218 capitis
1178 1184 1343 1212 Hieran/tite
1366 1186 1564 1217 ercleainsticw,
1581 1185 1734 1212 istiusmodi

950 1228 1059 1256 habitus
1074 1236 1134 1256 esse
1148 1230 1358 1263 substantiales;
1378 1236 1433 1257 ttttn
1451 1231 1536 1257 etiatn
1551 1238 1582 1257 ex
1608 1238 1640 1258 eo
1664 1231 1736 1265 quod

950 1275 973 1301 is
988 1274 1032 1308 qui
1047 1275 1155 1307 cecidit,
1171 1275 1318 1302 Virtutibus
1341 1275 1467 1310 abjectis,
1484 1277 1516 1302 ad
1533 1276 1628 1308 alium,
1653 1281 1683 1303 ut
1698 1277 1736 1302 ita

949 1319 1010 1353 quis
1024 1319 1137 1351 dixerit,
1159 1324 1263 1346 natura:
1275 1324 1376 1346 statum
1394 1320 1430 1347 sit
1456 1321 1615 1354 translatus,
1638 1321 1738 1349 obsca-

950 1372 1008 1391 rum
1026 1365 1141 1397 scilicet,
1157 1370 1185 1392 et
1201 1365 1311 1392 invidia:
1327 1366 1496 1400 ntalitizeque
1521 1368 1642 1400 plenuttt,
1657 1370 1739 1400 atque

949 1410 1048 1438 divinae
1061 1411 1220 1446 ctangelictc
1228 1411 1418 1440 vitminstituto
1435 1411 1603 1438 contrarium
1618 1419 1626 1438 :
1644 1412 1736 1438 istius-

950 1454 1023 1481 modi
1047 1454 1119 1482 enim
1139 1454 1298 1489 angelorum
1330 1455 1441 1482 habitus
1469 1456 1659 1483 substantialis
1684 1461 1738 1487 est.

950 1505 1004 1525 non
1019 1505 1100 1525 secus
1114 1504 1198 1532 atque
1215 1499 1285 1533 ignis
1308 1499 1457 1527 secundum
1484 1501 1606 1527 habitum
1632 1501 1740 1528 adustio

950 1550 1002 1573 est.
1020 1545 1122 1572 Nomen
1145 1546 1237 1580 itaque
1253 1547 1389 1580 seraphim
1412 1547 1594 1581 expltcatnns,
1611 1548 1683 1582 quod
1702 1548 1740 1575 sit

951 1592 1021 1628 ignis
1043 1599 1150 1626 semper
1174 1592 1302 1624 mobilis,
1327 1592 1442 1622 calidus,
1467 1592 1575 1618 subtilis
1600 1592 1738 1627 (quoniam

951 1639 1034 1665 etiam
1057 1638 1142 1673 ipsius
1164 1637 1261 1672 lapidis
1275 1646 1356 1672 poros
1378 1642 1524 1672 penetrat).
1539 1638 1584 1672 qui
1607 1638 1737 1665 inferiora

951 1691 1059 1711 sursum
1075 1684 1176 1716 elevat,
1191 1684 1228 1710 uti
1251 1683 1425 1717 perspicuum
1450 1685 1479 1710 lit
1502 1691 1534 1710 ex
1559 1683 1739 1710 ex‘ltalationi-

952 1730 1013 1763 bus,
1029 1730 1167 1764 quomodo
1190 1730 1283 1756 calore
1303 1729 1370 1756 solis
1385 1729 1545 1756 attolluntur
1561 1737 1568 1756 :
1588 1729 1632 1764 qui
1647 1730 1686 1756 sui
1702 1728 1739 1756 si-

952 1777 1131 1804 Illlllllltllltt‘m
1154 1775 1436 1810 appropinquantibus
1459 1775 1610 1810 ingenerat,
1627 1776 1739 1810 propin-

955 1831 1009 1857 qua
1024 1823 1096 1849 enim
1110 1823 1201 1849 omnia
1215 1822 1299 1856 ignita
1319 1821 1420 1854 reddit,
1432 1822 1545 1856 penitus
1563 1821 1663 1853 adurit,
1675 1828 1739 1855 pur-

955 1873 1000 1903 gat
1014 1876 1021 1894 :
1035 1869 1080 1902 qui
1103 1868 1232 1895 abscondi
1257 1867 1364 1902 ttequit,
1382 1867 1603 1894 luciforntitatem
1631 1872 1659 1894 et
1676 1867 1737 1893 illu-

954 1915 1075 1942 ntinandi
1092 1915 1144 1941 vim
1164 1915 1355 1941 inexstinctam
1373 1913 1489 1945 obtinet,
1505 1918 1533 1940 et
1555 1913 1647 1948 procul
1664 1918 1739 1940 tene-

952 1961 1017 1988 bras
1048 1960 1182 1994 propellit.
1206 1959 1287 1986 llisce
1322 1959 1460 1986 habilibus
1483 1958 1739 1994 supermundialiter

950 2006 1056 2041 prmditi
1083 2010 1146 2032 sunt
1172 2005 1337 2038 seraphim:
1363 2003 1491 2031 indefessi
1518 2008 1585 2030 sunt
1605 2008 1634 2030 et
1655 2011 1739 2038 supra

937 2058 1010 2082 motu
1038 2053 1145 2080 cientur
1171 2052 1372 2085 inferioresque
1396 2050 1507 2078 ordines
1531 2051 1681 2082 adducunt,
1705 2058 1738 2078 ac

110 2105 200 2140 rcipsa
224 2106 370 2138 suscitant,
393 2111 420 2133 et
445 2107 478 2132 ad
512 2105 682 2132 consimilem
705 2105 758 2139 61
786 2105 919 2131 fervorem
949 2101 1125 2133 divinumque
1140 2099 1304 2126 desiderium
1332 2098 1453 2125 excitant
1475 2103 1503 2124 et
1526 2097 1687 2130 informant,
1710 2101 1738 2124 et

109 2154 222 2181 omnino
238 2153 319 2189 ignita
343 2159 467 2188 purgant,
497 2158 578 2188 atque
602 2153 717 2181 fortnam
741 2152 906 2187 luciswquant
929 2157 962 2176 ex
989 2149 1043 2175 Deo
1068 2148 1179 2180 habent,
1197 2151 1224 2173 ct
1239 2146 1408 2173 illutninatuli
1427 2146 1480 2173 vim
1498 2153 1549 2179 qua
1567 2149 1662 2172 caetera
1676 2145 1741 2172 illu-

109 2200 231 2232 tninant,
260 2201 448 2229 inabsconsam
466 2206 494 2228 et
521 2202 710 2239 incxsliuclam
737 2201 874 2235 possident

899 2198 1045 2226 :dt'viuutn
1072 2195 1144 2222 enim
1170 2195 1333 2221 desiderium
1363 2194 1416 2221 illis
1441 2199 1484 2221 est
1513 2195 1573 2221 vice
1600 2194 1734 2226 materia};

109 2253 138 2274 et
156 2248 230 2273 omni
254 2249 478 2276 obtencbratione
500 2250 654 2282 superiores
677 2254 750 2280 sunt,
770 2252 799 2274 ut
820 2247 865 2281 qtti
882 2246 973 2273 divino
995 2244 1139 2279 splendore
1166 2247 1229 2270 sttttt
1251 2242 1385 2270 succensi.

145 2292 187 2320 Τὰ
201 2293 231 2319 δὲ
252 2293 382 2329 χερουδίμ
401 2295 468 2321 εἰσιν
487 2294 673 2331 ὀνομαζόμενα
691 2293 762 2320 κατὰ
784 2293 828 2320 τὸν
853 2292 897 2319 λό-

984 2290 1130 2318 Chertthim
1150 2294 1242 2316 atttetn
1268 2289 1399 2316 nominati
1427 2293 1500 2320 sttnt,
1523 2289 1671 2316 secundum
1695 2297 1739 2316 ra-

108 2347 159 2373 γον
173 2340 224 2375 τῆς
239 2341 302 2376 παρ’
316 2342 381 2376 ἡμῖν
398 2341 536 2375 γνώσεως·
555 2342 571 2376 ἡ
585 2340 705 2376 ἡμετέρα
716 2339 770 2375 γὰρ
784 2338 894 2373 γνῶσις,

108 2385 158 2412 καὶ
186 2386 322 2422 γνωστικὴ
349 2387 395 2422 ἀφ’
419 2387 518 2422 ἑαυτῆς
541 2388 609 2419 ἐστι,
633 2387 679 2412 καὶ
709 2384 818 2420 δεκτικὴ
847 2384 897 2419 τῆς

107 2431 210 2464 ἔξωθεν
240 2432 392 2468 μαθήσεως.
423 2433 527 2468 Ὥσπερ
557 2433 612 2468 γὰρ
637 2433 654 2468 ἡ
685 2431 805 2466 ἀγνωσία
821 2430 896 2465 διττή

107 2478 194 2509 ἐστιν,
213 2478 229 2512 ἡ
247 2478 295 2512 μὲν
319 2478 390 2504 κατὰ
413 2478 559 2513 ἀπόφασιν,
573 2479 618 2505 ὅτε
645 2478 704 2504 τόδε
720 2486 745 2503 τι
762 2477 792 2503 οὺ
815 2475 898 2510 γινώ-

108 2531 221 2558 σκομεν,
237 2523 406 2559 γινώσκομεν
427 2525 455 2551 δὲ
478 2525 518 2551 ὅτι
540 2525 570 2551 οὺ
593 2523 772 2558 γινώσκομεν,
798 2523 831 2558 ἣν
853 2522 900 2548 καὶ

111 2569 198 2604 ίιπλῆν
215 2569 324 2603 ἄγνοιαν
343 2569 482 2603 λέγουσιν·
501 2571 517 2606 ἠ
534 2570 562 2596 δὲ
579 2569 648 2596 κατὰ
663 2569 790 2600 διάθεσιν,
808 2569 852 2594 ὅτε
869 2567 899 2593 οὐ

111 2614 290 2648 γινώσκοντες
305 2615 484 2650 ἀπατώμεθα,
501 2616 547 2642 καὶ
564 2615 676 2650 οἰόμεθα
687 2613 840 2648 γινώσκειν,
853 2614 900 2640 καὶ

111 2661 168 2688 οὐδὲ
185 2660 252 2688 αὐτὸ
276 2660 355 2687 τοῦτο
371 2661 491 2696 οἴδαμεν,
508 2661 549 2688 ὅτι
563 2662 594 2687 οὺ
620 2660 800 2695 γινώσκομεν,
816 2660 848 2695 ἣν
866 2660 898 2695 δὴ

110 2708 156 2734 καὶ
171 2706 271 2741 διπλῆν
289 2706 417 2733 καλοῦσιν
441 2707 561 2740 ἄγνοιαν,
577 2705 617 2741 τῷ
633 2714 663 2731 τε
686 2705 722 2740 μὴ
743 2704 898 2738 γινώσκειν,

109 2753 156 2779 καὶ
170 2752 210 2788 τῷ
226 2752 264 2787 μὴ
280 2751 423 2786 γινώσκειν
444 2752 485 2778 ὃτι
509 2752 539 2777 οὐ
561 2750 707 2785 γινώσκει·
731 2750 802 2776 οὕτω
823 2750 898 2785 καὶὴ

109 2798 208 2832 γνῶσις
224 2798 313 2832 διττὴ,
327 2798 344 2832 ἡ
365 2797 413 2832 μὲν
433 2798 473 2823 ὅτι
492 2796 630 2831 γινώσκει,
651 2796 711 2822 καθ’
727 2796 742 2822 ὃ
758 2796 804 2822 καὶ
826 2803 898 2829 γνω-

111 2845 189 2878 nixi}
207 2843 316 2878 λέγεται
328 2852 334 2858 ·
352 2844 368 2878 ή
388 2842 415 2869 δὲ
440 2843 479 2869 ὅτι
498 2841 624 2877 μανθάνει
645 2842 689 2867 καὶ
705 2841 810 2876 δέχεται
829 2841 898 2875 γνῶ-

112 2898 163 2922 σιν,
179 2890 225 2917 καὶ
242 2888 372 2924 γινώσκει
388 2889 428 2916 ὅτι
445 2888 592 2924 ὠφέληται,
616 2887 675 2915 καθ’
690 2888 704 2915 ὂ
720 2887 827 2922 λέγεται
849 2889 894 2914 καὶ

951 2337 1050 2364 tionetn
1065 2341 1166 2363 nostrae
1180 2335 1347 2370 cognitionis
1362 2343 1368 2361 :
1387 2335 1519 2370 siquidem
1536 2335 1631 2362 notitia
1645 2340 1739 2362 nostra

949 2382 1031 2408 etiam
1049 2381 1202 2415 intelligens
1229 2385 1271 2407 est
1293 2389 1307 2407 τι
1334 2388 1374 2412 se,
1399 2385 1427 2407 et
1451 2385 1597 2407 externam
1621 2379 1739 2413 suscipit

950 2426 1224 2462 disciplinam-Sicut
1238 2426 1310 2453 enim
1335 2426 1472 2460 ignoratio
1495 2426 1593 2460 duplex
1615 2429 1667 2458 est,
1683 2433 1737 2451 una

951 2473 1081 2501 nimirum
1096 2474 1230 2507 negativa,
1243 2478 1271 2499 ut
1285 2474 1393 2507 quando
1409 2473 1510 2507 aliquid
1525 2481 1577 2499 nott
1593 2471 1736 2506 cognosci-

951 2526 1024 2551 mus,
1047 2518 1148 2545 scinnts
1164 2523 1253 2545 autem
1276 2526 1325 2545 nos
1350 2519 1375 2545 id
1399 2527 1450 2545 non
1472 2526 1562 2551 nosse,
1576 2526 1656 2552 qttatn
1673 2517 1739 2544 sint-

936 2565 1047 2599 .plicem
1059 2568 1158 2591 vocant
1170 2564 1367 2598 ignorantiam;
1382 2564 1433 2591 alia
1446 2571 1510 2591 vero
1524 2567 1566 2590 est
1582 2562 1737 2596 babitualis,

951 2611 1058 2645 quando
1075 2611 1231 2645 ignomutes
1253 2610 1418 2644 decipimur.
1433 2613 1461 2636 et
1484 2613 1609 2643 putamus
1630 2615 1679 2634 ttos
1693 2607 1739 2634 in-

955 2657 1075 2692 telligere
1092 2664 1180 2691 neque
1193 2657 1308 2691 idlpstlln
1326 2655 1500 2690 agnoscimus
1513 2655 1585 2689 quod
1601 2661 1653 2681 non
1668 2654 1735 2679 scia-

955 2710 1119 2736 mtts;qnam
1134 2702 1237 2729 idcirco
1249 2702 1382 2736 duplicent
1396 2701 1576 2735 ignorantiam
1587 2699 1737 2733 appellant,

953 2755 1014 2774 cntn
1030 2748 1102 2782 quod
1121 2748 1238 2782 ignoret,
1263 2752 1320 2774 tum
1344 2747 1415 2781 quod
1440 2747 1556 2781 idipsum
1581 2745 1687 2771 nesciat
1708 2751 1737 2770 se

953 2793 1103 2828 ignorare:
1120 2793 1161 2820 sic
1177 2793 1260 2820 etiam
1283 2793 1403 2826 cognitio
1424 2792 1534 2826 duplex,
1555 2797 1607 2817 ttna
1627 2790 1736 2824 quidem

951 2840 1013 2874 quia
1031 2839 1182 2874 cognoscit,
1200 2838 1351 2866 secundum
1366 2837 1438 2873 quod
1461 2843 1629 2872 cognoscens
1644 2835 1736 2869 appel-

949 2887 1035 2920 latur;
1052 2886 1103 2914 alia
1119 2894 1183 2914 vero
1197 2886 1260 2920 quia
1272 2885 1364 2922 _discit
1386 2889 1468 2920 atque
1486 2883 1583 2918 accipit
1599 2882 1734 2914 notitiam,
