1933 3075
227 149 282 176 219

816 146 847 175 S.
867 146 947 175 DION
952 147 970 174 Υ
976 147 1018 175 Sll
1038 146 1230 174 ABEUI’AGI'I
1236 145 1270 173 ΑΕ

1807 147 1863 173 2211

227 215 256 236 et
272 209 396 244 agnoscit
410 208 475 244 quid
491 209 588 243 prosit,
602 209 752 236 secundum
766 209 838 244 quod
853 209 937 236 etiam
953 201 1015 242 gna-

1067 208 1241 243 γνωριστική.
1260 207 1354 233 Ἔστιν
1378 207 1394 242 ἡ
1418 206 1539 243 ἡμετέρα
1562 206 1663 241 γνῶσις
1688 206 1735 233 καὶ
1757 205 1856 242 θεωρη-

228 263 257 282 ra
273 255 383 282 dicitur.
399 255 448 282 Est
463 255 575 289 insuper
589 255 709 289 cognitio
724 261 817 282 nostra
836 255 1014 289 speculativa.

227 306 256 328 ΙΙΙ
271 308 332 336 qua:
347 307 432 334 super
443 308 492 327 ora
510 307 540 327 se
553 305 711 329 scrutatur:
726 305 769 328 σει
790 299 874 327 etiam
895 307 1017 327 cominu-

227 346 360 380 uicativa,
383 351 414 373 ut
441 347 553 381 quando
579 345 706 377 illarum.
734 346 833 381 quibus
855 345 934 380 plena
958 350 1015 379 est,

227 392 408 419 scientiarum
424 391 596 426 disciplinam
623 392 648 418 itt
670 392 751 423 alios,
769 392 814 427 qui
831 399 862 418 ea
882 392 1016 426 indigent,

228 437 407 468 transl‘tmdit.
431 437 494 467 [hec
520 438 603 465 etiatn
628 438 720 464 omnia
736 438 836 465 habent
850 438 989 466 cherubim
1006 447 1014 465 :

227 483 380 518 intelligunt
402 491 434 510 ac
456 483 680 518 contemplantnr
698 484 818 511 divinam
842 485 1015 518 claritatem,

226 528 383 562 cognitione
398 533 541 555 moventur
560 528 594 555 ad
613 528 639 555 id
655 528 726 562 quod
742 537 806 556 vere
826 535 868 557 est
884 531 1015 563 amabile,

226 581 278 600 nec
291 581 343 600 non
361 573 572 601 illustrationem
585 574 724 608 accipiunt
737 583 752 601 a
772 575 826 602 Deo
839 583 887 610 per
899 577 1016 605 virtutes

227 619 293 653 ipsis
309 620 472 652 anteriores,
492 626 521 647 et
543 620 663 647 divinant
685 626 842 648 scrutantur
864 622 1017 656 pulchritu-

227 666 243 692 d
257 672 329 697 nem.
350 666 376 692 in
392 665 492 693 virtute
513 666 641 693 nimirum
665 667 844 702 primigenia,
866 669 1015 695 secundum

226 720 308 746 quam
325 720 380 747 pra:
397 713 504 740 ceteris
518 713 607 747 primo
623 712 683 740 loco
709 721 760 740 una
778 721 840 740 cum
859 714 967 742 thronis
982 723 1015 742 ac

226 758 364 792 serapltim
379 759 729 794 hauriuntapparitionem.
752 760 784 788 Hi
804 761 877 788 enim
894 765 948 788 tres
967 769 1014 788 or-

225 803 305 830 dines
321 811 371 830 una
384 805 510 839 quaedam
530 809 594 832 sunt
608 805 772 838 ltierarchia,
787 811 814 833 et
825 806 1014 841 primigeniam

227 849 254 876 in
274 849 402 876 mortibus
426 850 554 877 virtutem
577 852 749 878 sortiuntur:
765 852 839 878 omni
867 852 939 878 cttim
959 857 1014 878 tam

227 894 357 921 invidbili
371 902 452 928 quam
470 895 569 922 visibili
591 896 692 923 virtutc
709 896 826 929 majores
849 901 914 924 sunt
935 896 1014 931 primi

227 945 284 968 tres
299 941 343 968 isti
355 941 477 968 ordines.
494 941 564 968 Sunt
580 943 720 970 cherubim
735 944 817 970 etiam
831 944 1017 971 communica.

227 987 288 1021 tivi,
303 995 376 1020 eam,
394 995 446 1022 qua
464 989 560 1023 repleti
576 994 652 1022 sunt.
668 991 867 1026 sapientillcam
883 991 1016 1019 distribu-

227 1035 331 1062 tionem
351 1035 530 1063 inl‘erioribus
553 1036 713 1064 instillando
736 1037 894 1072 prolusione
910 1038 1018 1073 sapien-

225 1081 270 1107 tia:
284 1087 350 1109 8028.

260 1127 394 1161 Agedum,
415 1127 498 1155 etiam
521 1131 680 1155 sanctorum
702 1132 730 1155 et
756 1128 1014 1156 sublimissimorum

225 1179 308 1206 atque
321 1172 491 1200 excelsorum
506 1173 667 1200 tltronornm
684 1181 783 1201 nomen
795 1174 1012 1202 consideremus.

225 1217 352 1245 Throuus
362 1218 487 1246 sublimis
500 1226 515 1245 a
531 1219 646 1245 terrenis
657 1218 754 1252 elatus,
771 1219 886 1246 thronus
902 1227 1011 1247 sursum

225 1262 328 1295 ferens,
350 1267 377 1290 et.
405 1270 527 1290 sessores
549 1271 614 1291 suos
633 1268 792 1292 constanter
817 1272 850 1292 ac
874 1269 1016 1300 compacto

223 1316 332 1338 sursum
349 1308 413 1335 ferri
428 1309 531 1336 faciens
544 1319 551 1336 :
567 1314 682 1337 thronus
695 1315 737 1337 est
751 1318 838 1346 capax
851 1310 923 1338 illius
932 1318 1014 1345 quem

226 1355 289 1387 l'crt,
305 1359 333 1382 et
348 1356 550 1390 receptaculum
569 1357 685 1384 sessoris
699 1357 752 1385 sui.
773 1357 846 1385 Idem
868 1357 895 1384 in
911 1358 1016 1385 sanctis

226 1401 288 1428 istis
310 1401 416 1429 tltronis
440 1403 616 1430 considerare
637 1403 691 1439 62
715 1403 796 1430 liceat
821 1412 828 1430 :
856 1403 1015 1430 eximuntur

225 1449 297 1475 enim
317 1449 352 1476 ab
374 1449 448 1475 omni
477 1448 552 1476 humi
577 1450 741 1483 reptatione,
764 1455 792 1476 et
815 1449 849 1476 ad
875 1449 1014 1477 anteriora

225 1502 334 1522 sursum
350 1493 512 1528 ell'eruntur,
531 1495 567 1522 ita
585 1499 615 1522 ut
629 1495 703 1522 nulla
727 1495 790 1523 illos
805 1500 896 1523 teneat
909 1495 1013 1530 abiecta

225 1541 371 1575 propensio
395 1541 435 1569 vel
458 1541 622 1575 instinctus,
645 1547 674 1570 et
701 1543 735 1570 ad
766 1542 895 1570 inferiora
921 1548 1012 1571 nutus.

228 1587 468 1614 \‘erumenitnvero
485 1593 549 1615 nota
575 1589 648 1624 quod
669 1593 763 1615 noster
776 1589 891 1616 thronus
903 1596 1013 1616 sursum

226 1632 291 1659 ferri
319 1632 402 1660 faciat
427 1640 562 1660 sessorem
587 1641 686 1666 suum;
709 1634 898 1661 sanctissimos
922 1639 1013 1662 autem

226 1679 339 1706 thronos
353 1679 385 1706 ab
406 1685 439 1705 eo
461 1678 532 1713 quod
555 1686 664 1706 sursum
685 1679 810 1706 ferantur
830 1680 1013 1712 denominari,

225 1729 253 1751 et
270 1724 457 1752 indeﬂeienter
473 1725 499 1752 in
516 1726 624 1753 sublimi
649 1726 783 1759 habitare,
798 1731 824 1754 et
835 1727 913 1762 juxta
930 1727 1014 1753 Altis-

224 1772 326 1799 simum
353 1773 516 1801 inconcusse
532 1773 673 1808 collocari,
696 1779 723 1800 et
749 1775 870 1802 divinum
887 1774 1014 1809 illapsum

225 1817 366 1852 excipere.
386 1819 486 1846 Verum
508 1820 613 1854 absque
627 1820 752 1854 passione
765 1820 823 1847 haec
840 1820 968 1854 intellige,
987 1824 1016 1846 et

225 1864 445 1892 immaterialiter
470 1865 509 1900 (id
526 1871 569 1893 est
592 1866 664 1893 enirn
689 1865 964 1900 supermundt'itliter),
981 1873 1015 1893 ne

225 1911 287 1945 quis
304 1911 377 1938 illaut
395 1912 428 1939 ad
446 1913 585 1940 anteriora
602 1913 675 1940 viam
691 1920 751 1941 esse
768 1913 938 1947 corporalem
956 1913 1015 1940 exi-

225 1958 331 1989 stimet.
349 1966 383 1985 ne
401 1958 427 1985 in
446 1958 479 1986 iis
507 1959 578 1987 Deus
601 1959 790 1986 circumscribi
817 1959 952 1986 videatur.
981 1959 1015 1986 Et.

226 2004 323 2032 deifcri
341 2009 415 2036 sunt,
440 2013 493 2031 non
512 2004 676 2037 substantia,
693 2005 739 2032 sed
757 2005 855 2040 gratia,
879 2009 908 2032 et
934 2004 1016 2031 mini-

226 2054 346 2077 strorum
375 2058 451 2079 more
478 2051 598 2086 prompti
625 2051 659 2079 ad
685 2051 794 2079 divinas
816 2052 1014 2086 susceptiones.

227 2095 294 2123 lllttd
312 2104 377 2124 vero
404 2096 538 2124 deiferunt
563 2097 618 2124 dixi
642 2104 695 2124 nun
714 2097 886 2130 substantia,
904 2098 968 2132 quia
989 2101 1016 2125 et

228 2142 324 2170 beatus
341 2142 457 2170 Basilius
473 2150 585 2170 carnem
612 2143 680 2170 dixit
705 2151 766 2171 esse
792 2143 941 2175 deiferam;
966 2143 1015 2170 scd

226 2196 292 2215 caro
310 2188 415 2215 Domini
435 2189 585 2216 secundutn
604 2189 798 2222 subsmntiam,
815 2195 841 2217 et
865 2189 1014 2217 secundum

1067 255 1142 290 τικὴ,
1159 255 1240 280 οίονεὶ
1262 255 1423 290 ἐρευνητικὴ
1447 254 1500 280 τῶν
1517 253 1586 289 ὑπὲρ
1602 254 1696 289 αὐτήν.
1716 253 1794 279 Ἔστι
1815 254 1859 279 κ)

1067 300 1223 335 κοινωνικὴ,
1238 299 1268 333 ἐξ
1283 296 1320 326 ὧν
1334 299 1363 326 ὲν
1383 299 1422 334 τῷ
1439 299 1663 334 ἀναπίμπλασθαι
1682 298 1736 325 τῶν
1756 299 1858 334 νοημά-

1066 355 1120 373 των
1133 346 1190 381 χέει
1202 345 1270 382 πρὸς
1284 346 1346 377 τοὺς
1362 345 1483 377 ὐποδεεῖς
1491 345 1540 380 τὴν
1554 345 1680 380 μάθησιν.
1691 344 1782 371 Ταῦτα
1795 345 1848 371 πάν

1065 401 1100 420 τα
1115 391 1206 427 ἔχουσι
1221 392 1268 418 καὶ
1287 391 1323 418 τὰ
1342 390 1480 426 χερουϐίμ
1490 399 1497 406 ·
1515 390 1654 425 γνωστικά
1669 391 1723 417 εἱσι
1741 391 1788 417 καὶ
1803 390 1858 416 θεο-

1067 438 1154 465 mutii
1167 438 1218 473 τῆς
1234 437 1309 470 θείας
1323 437 1524 473 λαμπρότητος,
1542 437 1648 473 κίνησιν
1671 437 1766 472 ἔχοντα
1788 437 1854 472 γνώ-

1067 493 1136 516 σεως
1152 483 1220 519 πρὸς
1233 483 1263 510 τὸ
1283 483 1368 515 ὅντως
1383 484 1525 520 ἐράσμιον,
1543 483 1590 510 καὶ
1610 483 1722 510 δεκτικὰ
1741 483 1861 517 φωτοδο-

1067 526 1128 558 σίας
1144 527 1176 553 ὲκ
1191 526 1238 553 τοῦ
1254 527 1322 554 Θεοῦ
1340 527 1385 554 διὰ
1399 527 1454 554 τῶν
1471 527 1523 563 πρὸ
1539 527 1627 554 αὐτῶν
1643 527 1794 563 δυνάμεων,
1812 529 1861 555 καὶ

1065 573 1227 606 ἐξεταστικὰ
1239 573 1288 608 τῆς
1306 573 1381 604 Θείας
1396 574 1572 609 εὐπρεπείας,
1583 574 1639 601 ἀλλ’
1650 575 1678 601 ὲν
1688 575 1859 611 πρωτουργῷ

1065 619 1189 655 δυνάμει,
1216 619 1277 646 καθ’
1294 619 1327 655 ἣν
1345 620 1466 654 δηλονότι
1489 619 1605 655 πρόηως
1620 620 1674 646 τῶν
1698 620 1785 646 ἄλλων
1807 621 1858 652 τὰς

1065 664 1215 700 ἐμφανείας
1229 664 1344 700 ἔχουσιν,
1360 664 1397 696 ὡς
1413 664 1459 691 καὶ
1475 665 1500 690 οἱ
1520 664 1619 700 θρόνοι,
1637 664 1682 691 καὶ
1698 664 1738 691 ἔτι
1759 663 1794 690 τὰ
1811 673 1857 691 σε-

1068 709 1164 745 ραφίμ.
1183 708 1276 737 Ταῦτα
1289 708 1343 744 γάρ
1358 708 1392 735 τὰ
1406 709 1468 743 τρία
1484 709 1624 744 τάγματα,
1644 709 1692 744 μία
1707 717 1749 740 τις
1770 710 1859 745 ίεραρ-

1066 755 1111 789 χῑα
1139 754 1210 785 ἐστὶ,
1234 755 1281 781 καὶ
1305 753 1480 790 πρωτουργὺν
1508 753 1554 781 ἐπὶ
1578 754 1645 780 πᾶσι
1670 754 1720 789 τὴν
1744 753 1858 790 δύναμιν

1066 802 1174 837 ἕχουσιτ
1191 801 1282 836 πάσης
1305 800 1360 835 γὰρ
1382 801 1497 835 ἀοράτου
1527 801 1573 827 καὶ
1597 800 1698 836 ὁρατῆς
1718 799 1860 836 δυνάμεως

1069 847 1177 884 μείζους
1190 848 1258 874 εἰσὶν
1275 848 1304 874 αἱ
1317 847 1423 883 πρῶται
1440 849 1514 884 τρεῖς
1531 848 1610 874 αὗται
1620 846 1719 879 τάξεις.
1735 848 1812 875 Ἐστι
1823 847 1858 878 τά

1068 893 1200 929 χερουΰὶμ
1215 893 1262 920 καὶ
1282 892 1426 920 κοινωνικὰ
1449 893 1477 920 ὲν
1498 892 1537 928 τῷ
1551 893 1782 928 ἀναπιμπλάμενα
1803 893 1854 928 τῆς

1068 938 1213 973 σοφοτιοιοῦ
1227 938 1394 974 μεταδόσεως
1410 939 1532 973 ἀφθόνως
1549 939 1716 974 μεταδιδόναι
1727 941 1782 971 τοῖς
1796 940 1859 968 85a—

1066 986 1155 1021 τέροις
1169 985 1239 1012 κατὰ
1249 985 1298 1020 τὴν
1313 984 1391 1020 χύσιν
1404 985 1455 1020 τῆς
1471 984 1566 1020 σοφίας
1582 984 1680 1012 αὐτῶν.

1102 1125 1169 1160 Φέρε
1181 1125 1227 1152 καὶ
1239 1125 1288 1162 τὴν
1299 1126 1353 1153 τῶν
1367 1126 1453 1161 ἁγίων
1465 1129 1512 1154 καὶ
1527 1127 1702 1162 ὑψηλοτάτων
1714 1127 1759 1154 καὶ
1771 1127 1859 1163 ἐπηρ-

1068 1171 1155 1206 μένων
1173 1171 1274 1207 θρόνων
1298 1172 1456 1208 ἐπωνυμίαν
1465 1173 1626 1208 κατίδωμεν.
1645 1173 1672 1199 '0
1685 1173 1777 1209 ϐρόνος
1791 1174 1859 1209 ὑψη-

1065 1217 1110 1249 λὸς
1131 1218 1186 1245 τῶν
1200 1218 1301 1254 γηΐνων
1317 1219 1486 1255 ἐπηρμένος,
1501 1221 1516 1246 ό
1535 1219 1628 1256 θρόνος
1642 1221 1794 1256 ἀνωφερὴς,
1809 1221 1858 1248 καὶ

1066 1263 1152 1290 ποιῶν
1165 1265 1228 1295 τοὺς
1247 1264 1277 1290 ὲν
1301 1264 1374 1300 αὑτῴ
1393 1265 1449 1291 ἀνω
1470 1265 1600 1301 φέρεσθαι
1626 1266 1784 1301 ὶδρυμένως,
1803 1275 1857 1293 πα-

1066 1309 1147 1344 γίως·
1166 1310 1180 1336 ὁ
1192 1309 1284 1345 θρόνος
1293 1310 1416 1342 δεκτικός
1431 1320 1502 1343 τινος
1516 1311 1545 1338 ὃν
1562 1312 1649 1348 φέρει,
1669 1313 1715 1338 καὶ
1731 1313 1778 1339 τοῦ
1791 1313 1858 1340 καθ-

1066 1356 1167 1392 ημένου
1189 1356 1305 1392 ὑποδοχὴ
1325 1357 1409 1384 ἐστιν.
1437 1356 1529 1389 Οὗτως
1549 1357 1623 1384 ἐστιν
1647 1358 1711 1385 ἰδεῖν
1736 1360 1783 1386 καὶ
1808 1360 1860 1386 ἐπὶ

1065 1402 1120 1428 τῶν
1135 1402 1220 1436 ἁγίων
1235 1403 1348 1430 τουτωνὶ
1373 1403 1490 1439 θρόνων·
1517 1403 1668 1439 ὲξαίρονται
1692 1404 1746 1440 γὰρ
1766 1406 1862 1442 ’πάις-ης¹

1065 1447 1207 1483 χθαμαλῆς
1226 1448 1358 1482 ὑφέσεως,
1379 1449 1427 1476 καὶ
1447 1449 1515 1485 πρὸς
1531 1450 1561 1476 τὸ
1576 1451 1687 1482 ἄναντες
1709 1452 1859 1487 ἀναφέρον-

1065 1503 1119 1526 ται.
1136 1495 1173 1526 ὡς
1188 1495 1271 1531 μηδὲν
1286 1496 1385 1528 αὐτοὺς
1398 1496 1469 1531 ἔχειν
1484 1496 1644 1533 περιπεζίας
1660 1498 1781 1533 ὑφέσεως
1797 1499 1858 1535 ἦτοι

1066 1541 1205 1572 ἐνδόσεως,
1219 1541 1265 1568 καὶ
1278 1541 1329 1576 τῆς
1344 1542 1413 1576 πρὸς
1427 1541 1462 1568 τά
1480 1543 1554 1569 κάτω
1569 1543 1696 1575 νεύσεως.
1717 1545 1789 1580 Πλὴν
1808 1553 1859 1580 ση-

1067 1586 1192 1621 μείωσαι,
1208 1587 1248 1613 ὃτι
1262 1587 1309 1613 καὶ
1325 1588 1338 1614 ὸ
1355 1587 1471 1615 ἐνταῦθα
1493 1588 1586 1624 θρόνος
1605 1588 1661 1615 ἄνω
1686 1591 1757 1616 ποιεί
1775 1590 1858 1626 φέρεσ-

1065 1631 1127 1658 σοαι
1141 1632 1204 1663 τοὺς
1223 1633 1253 1658 ὲν
1266 1632 1357 1668 αὐτῷ·
1380 1634 1404 1660 οἱ
1422 1633 1449 1660 δὲ
1470 1633 1616 1668 ἁγιώτατοι
1629 1634 1718 1670 θρόνοι
1736 1656 1743 1668 ,
1768 1637 1796 1662 ὲν
1815 1636 1863 1672 τῷ,

1063 1678 1120 1705 ἄνω
1144 1678 1288 1714 φέρεσθαι,
1313 1678 1399 1710 οὕτως
1424 1679 1655 1714 ὲπονομάζονται,
1685 1681 1733 1708 καὶ
1755 1682 1859 1717 ἀνῳκι-

1065 1723 1158 1758 σμένοι
1178 1724 1247 1750 εἰσὶν
1262 1724 1388 1756 ἀκλινῶς,
1403 1725 1450 1751 καὶ
1471 1726 1535 1760 περὶ
1549 1725 1594 1752 τὸν
1610 1727 1740 1761 Ὕψιστον
1753 1727 1858 1754 ἀκατα-

1065 1768 1178 1800 σείστως
1198 1768 1344 1804 ἱδρυμένοι,
1362 1770 1408 1796 καὶ
1421 1769 1540 1798 δεκτικοὶ
1554 1771 1604 1805 τῆς
1620 1771 1694 1803 θείας
1714 1773 1858 1808 ἐπιφοιτή-

1065 1823 1144 1846 σεως.
1163 1814 1235 1850 Πλὴν
1255 1815 1369 1842 ἀπαθῶς
1385 1815 1440 1841 νόει
1460 1815 1555 1849 ταῦτα,
1573 1817 1619 1843 καὶ
1642 1817 1748 1850 άΰλως,
1769 1818 1859 1853 (τοῦτο

1065 1861 1119 1897 γάρ
1141 1861 1198 1887 ἐστι
1214 1861 1244 1887 τὸ
1267 1860 1502 1897 ὐπερκοσμίως·)
1525 1863 1568 1889 ἵνα
1592 1863 1629 1899 μὴ
1652 1865 1751 1900 νομίσῃ
1769 1874 1810 1897 τις
1824 1866 1859 1894 τὺ

1064 1907 1180 1939 ἄναντες
1193 1907 1252 1935 ὁδὸν
1263 1907 1332 1934 είναι
1345 1908 1514 1944 σωματικὴν,
1528 1909 1571 1935 ἵνα
1595 1909 1632 1945 μὴ
1655 1910 1860 1946 περιορίζεσθαι

1064 1953 1127 1990 δόξῃ
1139 1954 1204 1985 Θεὸς
1220 1954 1249 1980 ὲν
1272 1954 1372 1985 αὐτοῖς.
1393 1955 1448 1981 Καὶ
1462 1954 1585 1991 Θεοφόροι
1600 1956 1669 1982 εἰσὶν
1685 1957 1715 1983 οὺ
1736 1957 1796 1983 κατ’
1812 1957 1860 1983 οὗ·

1065 1999 1136 2032 σίαν,
1159 1999 1227 2026 ἀλλὰ
1250 1999 1321 2026 κατὰ
1349 1999 1447 2035 χάριν,
1468 2002 1515 2028 καὶ
1540 2001 1745 2037 Θεραπευτιχῶς
1764 2002 1860 2030 ὕπτιοι

1065 2046 1134 2082 πρὸς
1147 2045 1196 2077 τὰς
1209 2045 1284 2077 θείας
1297 2046 1440 2080 ὑποδοχάς.
1456 2047 1493 2073 Οὐ
1507 2047 1568 2073 κατ’
1582 2047 1674 2074 οὐσίαν
1686 2047 1714 2074 δὲ
1730 2045 1806 2074 εἷπον
1826 2048 1860 2074 τὺ

1065 2092 1204 2128 θεοφόρον,
1216 2092 1256 2120 ὅτι
1267 2093 1281 2118 ὁ
1292 2092 1424 2127 μακάριος
1433 2093 1572 2125 Βασίλειος
1585 2093 1637 2128 τὴν
1656 2093 1783 2128 θεοφόρον
1796 2091 1859 2120 εἷπε

1065 2138 1155 2174 σάρκα
1165 2147 1171 2153 ·
1189 2138 1246 2165 ἀλλ’
1260 2139 1277 2174 ἡ
1288 2138 1337 2173 μὲν
1355 2138 1422 2174 σὰρξ
1433 2138 1481 2165 τοῦ
1497 2139 1599 2174 Κυρίου
1615 2139 1674 2166 κατ’
1695 2139 1788 2166 οὐσίαν
1809 2140 1858 2166 m1

1065 2183 1126 2210 καθ’
1134 2183 1281 2210 ὑπόστασιν
1297 2184 1385 2219 ἥνωτο
1407 2184 1480 2220 αὑτῷ
1489 2185 1529 2220 τῷ
1539 2185 1598 2220 Θεῷ
1605 2185 1684 2221 Λόγῳ
1692 2185 1730 2216 ὼς
1738 2185 1860 2221 φέρουσα

228 2231 386 2266 Ilypostasitt
401 2233 476 2260 unita
489 2233 538 2268 ipsi
554 2238 614 2261 erat
626 2234 715 2261 Verbo
731 2233 795 2268 Deo,
806 2239 934 2268 tanquam
952 2242 1013 2269 quae

1067 2229 1110 2256 τὸν
1126 2229 1192 2256 Θεὸν
1206 2230 1291 2264 Λόγον
1308 2229 1368 2257 καθ’
1384 2231 1480 2258 ἕνωσιν
1491 2231 1682 2262 ἀδιάσπαστον,
1694 2231 1775 2258 αὑτοῦ
1789 2232 1860 2267 σὰρξ

227 2277 332 2306 terebat
351 2278 434 2305 Deum
452 2278 570 2306 Verbum
588 2280 736 2306 secundum
758 2280 887 2307 unionem
905 2280 1014 2314 insepa~

227 2324 353 2356 rabiletn.
374 2325 482 2359 proprie
506 2332 538 2352 ac
555 2333 620 2353 vere
643 2325 729 2360 ipsius
744 2333 824 2356 caro.
840 2330 868 2352 ct
893 2325 964 2352 dicta
987 2329 1016 2352 ct

226 2371 363 2404 existens;
381 2371 471 2398 throni
489 2379 555 2399 vero
579 2379 632 2399 non
650 2371 800 2399 secundum
822 2371 1014 2403 substantiam.

227 2418 274 2444 sed
300 2417 449 2444 secundum
467 2417 603 2451 gratiam.
624 2422 653 2443 ιιι
678 2416 781 2443 dictum
807 2421 858 2448 est,
884 2417 1016 2444 habentes

229 2463 312 2489 Dcnm
332 2463 357 2489 iu
375 2463 529 2498 semetipsis
547 2461 676 2489 ineffabili
695 2463 812 2495 ratione,
828 2462 924 2490 deiferi
943 2470 1014 2489 tutu-

228 2514 373 2543 cnpautur.

267 2555 280 2589 §
296 2554 327 2581 Il.
344 2553 406 2580 llaec
427 2552 549 2588 quidem,
566 2556 699 2587 quantum
722 2550 798 2578 ell‘ari
817 2558 971 2586 possumus,
991 2555 1021 2580 et

231 2607 280 2633 pro
297 2599 425 2626 facultate
440 2604 544 2630 nostra,
566 2598 707 2625 nominum
727 2598 848 2632 ipsorum
871 2603 913 2625 est
926 2598 1019 2632 expla-

229 2646 304 2673 natio
331 2646 556 2680 deelaratioque:
586 2649 650 2679 post
684 2645 743 2672 tunc
771 2651 837 2671 vero
859 2644 1016 2677 dicendum,

227 2699 310 2728 quam
336 2690 517 2717 ltierarchiam
535 2694 562 2717 et
579 2690 778 2725 tnystagogiam
804 2697 898 2717 eorutn
921 2689 1016 2716 existi-

229 2744 346 2764 memus.
365 2736 430 2762 Illud
449 2743 577 2770 namque.
592 2735 682 2762 omnis
700 2735 830 2762 nimirum
855 2735 1017 2762 hicrarcltize

229 2791 353 2817 st-opnm,
371 2782 428 2810 sive
444 2787 564 2809 nostram
576 2782 639 2816 quis
664 2781 764 2809 dixerit
787 2782 845 2808 sive
865 2781 1016 2812 caelestem,

229 2838 262 2856 ea
283 2829 367 2856 Deum
384 2829 508 2856 imitante
523 2827 709 2856 deiformitatc
723 2826 954 2854 indeclinabiliter
971 2825 1017 2852 de-

231 2876 360 2912 vendere,
393 2881 475 2912 atque
491 2883 599 2905 onmem
626 2874 824 2905 sacerdotalem
849 2873 1016 2903 iunctionem

1068 2277 1115 2303 καὶ
1131 2276 1264 2312 λεγομένη
1282 2278 1329 2304 καὶ
1345 2278 1504 2313 ὑπάρχουσα
1523 2278 1626 2313 κυρίως
1641 2279 1688 2304 καὶ
1703 2278 1774 2305 κατὰ
1790 2278 1858 2314 ἁλή-

1066 2321 1157 2349 θειαν·
1172 2323 1197 2348 οἱ
1214 2323 1242 2349 δὲ
1259 2323 1348 2359 Ορόνοι
1367 2324 1397 2350 οὺ
1414 2324 1474 2351 κατ’
1484 2324 1588 2356 οὐσίαν,
1601 2323 1669 2350 ἀλλὰ
1685 2324 1755 2350 κατὰ
1767 2325 1859 2360 χάριν,

1066 2368 1104 2399 ὡς
1118 2367 1237 2404 εἴρηται,
1254 2368 1361 2403 ἔχοντες
1375 2369 1404 2395 ἐν
1426 2369 1532 2400 ἑαυτοῖς
1543 2368 1588 2396 τὸν
1605 2369 1671 2396 Θεὸν
1687 2369 1800 2405 ἀρρήτῳ
1815 2369 1858 2396 λό-

1066 2421 1117 2448 γῳ,
1134 2413 1258 2449 θεοφόροι
1273 2413 1407 2449 λέγονται.

1103 2553 1117 2590 §
1128 2554 1159 2580 11.
1170 2553 1244 2588 Αὕτη
1261 2553 1309 2588 μὲν
1322 2553 1337 2587 ἡ
1349 2553 1402 2579 σῶν
1411 2552 1550 2588 ὀνομάτων
1569 2551 1735 2589 ἐκφαντορία
1751 2551 1797 2578 καὶ
1809 2552 1856 2588 61]—

1067 2599 1158 2630 λωσις.
1168 2600 1205 2629 ὡς
1215 2599 1275 2626 καθ’
1284 2600 1355 2634 ἡμᾶς
1364 2599 1460 2629 εἰπεῖν,
1472 2599 1519 2625 καί
1525 2598 1573 2632 τὴν
1582 2597 1717 2632 ἡμετέραν
1727 2596 1854 2634 δύναμιν

1066 2639 1175 2665 λεκτέον
1184 2637 1213 2664 δὲ
1231 2633 1300 2672 μετά
1312 2635 1405 2667 ταῦτα,
1421 2635 1481 2661 τίνα
1496 2635 1544 2670 τὴν
1558 2634 1697 2670 ίεραρχίαν
1711 2633 1799 2660 αὐτῶν
1812 2635 1858 2660 καὶ

1067 2687 1117 2721 τὴν
1137 2683 1328 2721 μυσταγωγίαν
1341 2681 1461 2717 οἰόμεθα.
1478 2682 1514 2708 Τὸ
1531 2681 1580 2716 μὲν
1599 2680 1652 2716 γὰρ
1665 2678 1733 2707 εἶναι
1750 2679 1795 2706 τὸν
1809 2681 1859 2715 τῆς

1069 2733 1178 2766 ἀπάσης
1195 2730 1335 2766 ιεραρχίας
1352 2728 1462 2760 σκοπὸν,
1478 2728 1529 2754 κᾶν
1549 2728 1598 2762 τὴν
1617 2726 1676 2753 καθ’
1693 2726 1766 2761 ἡμᾶς
1788 2725 1859 2752 εἴποι

1069 2786 1122 2809 τις,
1135 2777 1186 2803 κᾶν
1196 2776 1246 2811 τὴν
1258 2774 1397 2810 οὐρανίαν,
1415 2772 1600 2808 ἐξηρτημένον
1613 2771 1659 2797 καὶ
1673 2770 1795 2806 ἐκκρεμῆ
1810 2770 1859 2805 τῆς

1070 2823 1235 2858 Θεομιμήτου
1260 2820 1403 2850 θεοειδείας
1429 2817 1555 2849 ἁκλινῶς,
1579 2817 1626 2843 καὶ
1646 2816 1676 2842 τὸ
1697 2814 1859 2851 διαιρείσοιι

1073 2871 1162 2900 πᾶσαν
1178 2867 1368 2904 πραγματείαν
1385 2864 1524 2901 ἱερατικὴν
1539 2864 1579 2894 εἰς
1597 2861 1643 2889 δύο
1655 2861 1750 2893 ταῦτα,
1768 2861 1808 2893 εἰς
1834 2869 1857 2888 :r
