1933 3075
61 156 126 187 221

64 215 198 253 μετοχὴν
215 215 262 242 καὶ
282 214 408 247 διάδοσιν,
424 214 543 250 (πρῶτον
565 213 619 249 γὰρ
644 213 802 249 μετέχομεν,
825 213 873 240 καὶ

62 262 135 291 εἶτα
152 262 330 299 μεταδίδομεν
350 261 396 288 καῖ
413 263 494 297 ήμετς
508 262 555 292 καὶ
576 261 600 289 οἱ
623 260 741 295 ἄγγελοι.
757 260 833 292 Τίνος,
844 260 873 286 δὲ

67 308 243 344 μετέχομεν,
261 308 308 334 καὶ
327 307 399 339 τίνος
424 306 619 342 μεταδίδομεν;
637 307 745 338 πάντως
768 305 873 341 καθάρ-

67 363 148 385 σεως
170 352 287 389 ἀμιγοῦς
301 352 348 380 καὶ
368 353 461 384 ἀΰλου,
479 353 526 379 καὶ
550 351 621 379 θείου
643 351 742 387 φωτὸς,
759 352 807 378 καὶ
829 359 874 378 τε-

66 400 209 435 λεστικῆς
236 399 282 426 καὶ
319 399 452 434 μυστικῆς
481 399 654 434 ὲπιστήμης’
681 397 788 433 πρῶτον
819 397 873 433 γὰρ

68 447 280 484 καθαιρόμεθα,
308 444 367 473 εἶτα
397 445 586 481 φωτιζόμεθα,
615 444 762 480 μετέπειτα
781 444 809 471 δὲ
829 453 874 471 τε-

68 493 148 519 λειού
155 493 224 528 μεθα
243 494 302 528 μετ’
316 494 480 529 ἐπιστήμης,
499 493 546 519 καὶ
560 491 765 528 θεοποιούμεθα,
779 491 873 527 ὥσπερ

67 538 100 565 δὲ
123 538 174 565 καὶ
197 538 304 573 πρῶτον
329 538 505 574 καθαίρομεν,
529 535 590 564 εἶτα
610 537 773 572 φωτίζομεν,
793 537 873 573 μετέ-

68 592 160 610 πειτα
195 583 223 609 δὲ
259 583 390 618 τελοῦμεν
429 581 681 618 ἐπιστημονικῶς),
718 581 873 618 ἀρκούντως

67 629 124 664 ἤδη
157 627 317 663 διελάδομεν
331 637 337 644 ’
367 627 414 655 νῦν
436 628 464 654 δὲ
486 627 600 663 εὖχομαι
625 628 709 662 ἀξίως
727 629 782 655 τῶν
806 636 873 664 προ-

68 674 212 709 κειμένων
228 674 324 705 εἰπεῖν,
339 673 399 705 πῶς
421 674 437 709 ή
456 674 514 700 κατ’
536 673 633 706 αὐτοὺς
651 673 773 710 ίεραρχία
797 674 873 710 παρὰ

67 720 122 756 τῆς
135 720 215 755 ἱερᾶς
223 720 269 746 καὶ
285 719 359 751 θείας
372 720 483 755 Γραφῆς
496 719 623 755 δηλοῦται
640 720 715 756 ἡμῖν.
726 721 792 752 Ταῖς
802 719 874 755 πρώ-

67 774 135 796 ταις
145 765 252 796 οὐσίαις
263 785 271 797 ,
289 765 390 796 αἵτινες
407 764 474 799 μετὰ
494 765 543 799 τὴν
567 763 640 790 θείαν
659 764 809 791 οὖσιοποιδν
825 764 873 790 καὶ

67 811 276 847 δημιουργικὴν
294 810 388 837 οὐσίαν
400 811 532 846 ἵδρυνται,
547 811 594 837 καὶ
613 808 668 837 οἷον
683 812 711 838 ὲν
726 810 873 846 προθύροις

67 857 180 893 ταύτης
198 857 251 883 εἰσὶ
276 857 460 892 τεταγμέναι,
485 858 532 884 καὶ
559 857 762 893 ὑπερϐεὸήκασι
779 857 872 891 πάσης

68 902 190 938 κτιστῆς
214 902 314 937 ὁρατῆς
342 902 389 929 καὶ
417 903 534 938 ἀοράτου
563 902 686 937 φύσεως,
716 902 800 937 ήγουν
830 903 865 937 τῇ

69 947 176 984 πρώτῃ
201 948 379 983 διακοσμήσει
404 947 458 975 τῶν
481 947 561 975 θείων
585 947 740 983 δυνάμεων,
762 947 866 974 οίκείαν

69 993 247 1029 ᾥπολητι-τέον
271 991 340 1020 εἶναι
365 995 411 1021 καὶ
427 994 498 1022 κατὰ
513 995 567 1021 πᾶν
583 994 690 1030 ὁμοφυῆ
706 994 755 1029 τὴν
773 994 866 1030 ίεραρ-

69 1040 147 1076 χίαν.
168 1040 293 1076 Καθεξῆς
309 1041 337 1068 δὲ
351 1041 442 1077 τίθησι
454 1041 488 1068 τὰ
503 1041 552 1077 τῆς
563 1042 704 1078 ἱεραρχίας
722 1041 865 1077 ἰδιώματα,

70 1086 135 1119 πῶς
151 1086 272 1122 καθαραὶ
289 1084 369 1114 αὗται
380 1106 388 1120 ,
410 1086 469 1118 πῶς
488 1086 671 1123 θεωρητικαὶ,
689 1087 748 1120 πῶς
763 1087 868 1114 τετελε-

72 1131 186 1166 σμέναι,
212 1131 388 1168 ὲξῃρημένως
403 1132 512 1163 πάντως
529 1132 576 1159 καὶ
590 1132 621 1159 οὐ
637 1133 697 1159 κατ’
713 1132 865 1169 ἄνθρωπον,

71 1177 120 1204 ἵνα
134 1177 224 1204 οἰκεία
238 1178 299 1209 ταῖς
313 1177 443 1213 οὐσίαιςή
461 1176 621 1214 ίεραρχίαῇ.
638 1178 764 1214 Καθαραὶ
778 1178 867 1206 τοίνυν

71 1223 145 1252 είσὶν
169 1223 200 1249 οὐ
226 1222 298 1250 κατὰ
325 1222 484 1259 ἄνθρωπον·
504 1223 550 1250 ἐπὶ
566 1224 620 1260 γὰρ
645 1224 698 1251 τῶν
715 1223 867 1260 ἀνθρώπων

73 1267 194 1303 καθαροὶ
208 1267 332 1301 λέγονται
356 1267 414 1304 ἢοί
439 1267 494 1295 ἀπὸ
515 1268 631 1303 κηλίδων
648 1269 696 1296 καὶ
723 1269 868 1305 μολυσμῶν

72 1313 260 1349 καθαρθέντες
271 1333 278 1346 ,
295 1313 312 1349 ἢ
329 1314 376 1340 καὶ
392 1314 417 1340 oi
435 1313 576 1349 μείναντες
591 1314 623 1340 ὲκ
636 1314 769 1348 γενέσεως
781 1322 867 1350 προσ-

74 1358 148 1387 ύλων
166 1359 319 1394 φαντασιῶν
343 1359 523 1387 ἀνεπίδεκτοι.
539 1359 576 1386 Οὐ
591 1359 683 1387 τοίνυν
709 1360 738 1386 αἱ
761 1359 868 1395 πρῶται

74 1404 206 1440 δυνάμεις
221 1405 340 1440 καθαραὶ
355 1406 570 1442 τοιουτοτρόπως
586 1406 711 1440 λέγονται
724 1425 732 1438 ,
749 1405 807 1433 ἀλλ’
830 1405 868 1438 ὡς

75 1449 241 1485 ὑψηλότεραι
254 1451 300 1477 καὶ
312 1450 440 1477 ἐπέκεινα
450 1451 541 1486 πάσης
559 1451 721 1486 μολυντικῆς
734 1449 868 1485 ὑφισεως,

74 1496 125 1523 καὶ
153 1496 254 1528 παντὸς
276 1496 477 1533 ὑποϐεϐηκότος
508 1496 629 1533 καθαροῦ
658 1505 688 1523 τι
716 1496 763 1524 καὶ
794 1495 868 1533 Ιεροῦ

75 1542 226 1578 ᾁγιώτεραι
236 1563 244 1575 ,
266 1542 337 1569 κατὰ
353 1543 403 1579 τὴν
418 1543 573 1579 ὑπερτάτην
586 1543 632 1570 καὶ
647 1543 697 1572 οὐκ
711 1544 743 1570 ἑκ
756 1543 870 1578 συγκρί-

76 1597 147 1620 σεως
170 1588 352 1625 καθαρότητα.
369 1589 425 1616 Καὶ
441 1589 535 1625 ὥσπερ
550 1589 581 1616 τὸ
603 1589 660 1625 φῶς
684 1590 713 1616 ὲν
739 1597 868 1624 φωτιστι-

75 1636 140 1671 ταῖς
167 1634 312 1670 δυνάμεσιν
328 1634 449 1671 ἵδρυται,
467 1635 514 1662 καὶ
530 1634 596 1673 ἄλλη
612 1643 654 1667 τις
669 1635 720 1662 οὐκ
737 1635 811 1662 ἐστιν
827 1635 867 1661 ol-

75 1680 202 1715 κειοτέρα
226 1679 341 1715 δύναμις
367 1679 414 1706 τοῦ
431 1680 537 1714 φωτὸς,
562 1680 642 1716 εἰμὴ
665 1679 769 1715 φαίνοι·
795 1679 866 1707 οὕτω

76 1727 125 1754 καὶ
140 1724 219 1754 αὗται
235 1727 265 1753 ὲν
279 1727 411 1762 δυνάμεσι
427 1727 645 1759 θεοειδεστάταις
660 1727 864 1763 ὑπερίδρυνται,

77 1771 126 1806 καὶ
149 1771 304 1807 ἀντέχονται
321 1772 370 1807 μὲν
390 1772 460 1798 κατὰ
479 1771 510 1798 τὸ
525 1771 659 1808 ἄτρεπτον
674 1772 774 1803 αὐτῶν,
798 1772 866 1807 ὅπερ

77 1817 156 1852 ἔσχον
165 1817 212 1843 τοῦ
225 1817 292 1843 Θεοῦ
303 1817 405 1853 χάριτι,
417 1817 504 1843 Τοῦτο
520 1817 548 1843 δὲ
558 1817 664 1852 νόησον,
678 1817 727 1852 οὺχ
743 1817 784 1844 ὅτι
795 1817 866 1843 κατὰ

77 1861 158 1896 φύσιν
174 1856 301 1896 ἆτ’ρεπτοί
318 1863 381 1894 είσι,
394 1861 485 1897 (μόνον
501 1862 555 1898 γὰρ
570 1862 601 1888 τὸ
614 1861 685 1888 κατὰ
698 1861 778 1896 φύσιν
790 1861 866 1896 ἄτρε-

78 1914 145 1932 πτον
160 1905 206 1932 τοῦ
223 1905 290 1933 Θεοῦ
306 1906 402 1941 idem)
413 1906 470 1933 ἀλλ’
481 1907 521 1933 ὃτι
537 1906 581 1938 διὰ
596 1906 648 1943 τῆς
658 1907 705 1934 ἐπὶ
720 1906 751 1933 τὸ
765 1906 865 1940 ἀγαθὸν

78 1952 147 1989 ᾆγαν
162 1951 281 1986 ἐφέσεως
297 1952 343 1979 ἐπὶ
355 1952 386 1978 τὸ
402 1952 480 1979 Θεῖον
498 1952 624 1988 ρέψασαι,
642 1953 752 1988 ἔμειναν
767 1952 863 1983 οὕτως,

78 1996 134 2034 ξξιν
147 1996 242 2033 ὥσπερ
256 1997 365 2032 ἔχουσαι
376 1997 406 2024 τὸ
420 1997 632 2034 ἀμετακίνητον
648 1998 726 2025 τοῦτο
739 1998 793 2034 γάρ
807 1999 865 2024 ἐστι

78 2042 109 2068 τὸ
124 2042 252 2077 φιλοθέως
265 2044 398 2080 ἄτρεπτον
408 2044 522 2076 τούτων.
540 2045 588 2072 Ἕκ
602 2045 668 2079 γοῦν
680 2044 727 2072 τοῦ
744 2045 774 2071 τὸ
788 2045 865 2072 Θεῑον

79 2088 163 2122 φιλεῖν
178 2089 292 2121 ὑλικῶς,
307 2091 356 2125 τῆς
371 2090 475 2122 οἰκείας
497 2091 651 2127 ὰεικινήτου
667 2092 715 2118 καὶ
737 2092 864 2118 ταὺτοκι-

79 2136 158 2171 νήτου
173 2135 275 2169 τάξεως
291 2136 464 2172 ἀντέχονται,
481 2137 532 2172 τῆς
547 2137 629 2164 οἱονεὶ
653 2137 864 2173 ἁπαραλλάκτου

79 2181 126 2215 καὶ
141 2181 309 2216 ἀμεταωλου
322 2182 368 2209 καὶ
389 2181 520 2214 ὡσαύτως
541 2182 672 2218 ἐχούσης·
691 2183 812 2218 κινήσεις
834 2182 863 2209 δέ

80 2227 145 2254 είσιν
159 2227 203 2254 ἐπ’
219 2227 309 2254 αὐτῶν
325 2228 354 2254 αἱ
371 2228 505 2256 ἄπαυστοι
521 2229 585 2264 περὶ
598 2229 648 2261 τὰς
663 2229 770 2265 νοήσεις
788 2229 863 2264 ἐνέρ-

80 2281 164 2307 γειαι,
188 2273 248 2305 νόες
262 2273 317 2309 γάρ
344 2274 413 2301 είσιν
428 2275 563 2309 ἁσίγητοι.
583 2274 621 2301 Τὸ
635 2274 664 2301 δὲ
680 2274 864 2310 ἀπεχομένας

80 2319 210 2355 γράφεται
232 2320 279 2346 καὶ
301 2319 483 2355 ἀνεχομένας·
507 2319 649 2357 ἀνέχονται
677 2320 722 2352 δὲ,
745 2321 787 2347 ὃτι
813 2321 863 2347 οὐκ

80 2366 166 2401 ἔχουσι
181 2365 260 2400 κόρον
276 2365 353 2397 τινὰ,
369 2366 429 2392 οὐδὲ
446 2366 544 2402 βάρος,
563 2367 617 2393 οὐδ’
634 2366 738 2401 ἴλιγγον
749 2386 756 2398 ,
773 2366 818 2393 διὰ
833 2367 863 2393 τὸ

80 2412 121 2438 ἀεὶ
133 2411 262 2438 κινεῖσθαι
279 2411 343 2446 περ).
359 2411 467 2444 ταύτὸν,
484 2413 554 2448 ὅπερ
569 2413 612 2447 ἐφ’
629 2413 693 2451 ἡμῖν
709 2412 861 2448 συμϐαίνει,

80 2457 136 2484 καθ’
151 2456 164 2483 ὃ
178 2456 295 2491 εῐρηται,
304 2457 460 2491 Μεταϐολὴ
475 2457 596 2485 πάντων
609 2458 676 2492 ὴδύ·
688 2457 744 2484 ἀλλ’
761 2459 862 2485 ἐκεῖναι

80 2501 213 2536 ἀνέχονται
231 2502 280 2537 μὲν
297 2502 426 2538 ἀρῤεπῶς
439 2503 490 2538 τῆς
502 2502 606 2535 οἰκείας
621 2503 733 2536 τάξεως,
751 2503 797 2530 καὶ
812 2503 863 2539 τὴν

81 2546 123 2573 ἐπὶ
135 2546 167 2573 τὰ
183 2546 268 2582 χείρω
285 2547 395 2582 μείωσιν
412 2548 552 2580 παντελῶς
567 2550 732 2585 ἠγνοήκασιν
742 2557 749 2564 ·
767 2549 861 2576 ἄπτω-

81 2600 121 2619 τον
135 2592 186 2628 γὰρ
210 2593 258 2619 καὶ
281 2593 480 2628 ἀμετακίνητον
501 2594 592 2629 ἔχουσι
614 2595 664 2630 τὴν
686 2594 738 2629 τῆς
758 2593 862 2621 οἰκείας

82 2637 206 2670 θεοειδοῦς
224 2638 353 2674 ἰδιότητος
369 2639 474 2675 ἵδρυσιν
485 2659 492 2672 ,
518 2640 565 2667 καὶ
590 2640 776 2676 ἁμιγεστάτην
793 2639 862 2675 πρὸς

81 2684 112 2711 τὰ
125 2685 205 2720 χείρω
230 2685 278 2711 καὶ
293 2686 342 2720 τὴν
359 2685 481 2712 ἐναντίαν
500 2686 556 2720 ἕξιν
579 2695 609 2712 τε
634 2687 681 2713 καὶ
710 2686 857 2722 ἐνέργειαν.

82 2729 141 2757 Εἴτε
157 2731 215 2762 πῶς
232 2730 368 2767 καθαραὶ,
385 2731 433 2758 νῦν
457 2731 486 2758 δὲ
501 2732 575 2767 λέγει
600 2732 659 2764 πῶς
675 2732 858 2768 θεωρητικαὶ,

81 2775 117 2803 ὅτι
131 2776 175 2803 καὶ
190 2775 271 2802 τοῦτο
286 2777 317 2803 οὗ
341 2776 412 2803 κατὰ
427 2777 584 2812 ἄνθρωπον·
606 2778 652 2804 ἐπὶ
668 2777 722 2814 γὰρ
737 2779 795 2809 τοῖς
811 2778 858 2805 ἀν-

82 2820 190 2857 θρώποις
207 2821 306 2857 θεωροὶ
321 2821 444 2856 λέγονται
457 2823 482 2848 οἱ
498 2823 552 2849 τῶν
571 2823 726 2858 μυστηρίων
741 2823 859 2850 ἐπόπται

81 2867 118 2895 διὰ
132 2868 182 2895 τῶν
203 2868 375 2903 ωμὸολικῶς
395 2868 566 2904 λεγομένων,
584 2869 600 2905 ἢ
616 2870 752 2906 αἰσθητῶς
767 2870 859 2897 τελου-

84 2915 160 2949 μένων
176 2914 241 2951 περὶ
257 2913 335 2942 Θεοῦ.
355 2915 453 2951 Ἕσχον
469 2915 498 2943 δὲ
520 2915 566 2944 καὶ
587 2917 612 2944 ei
630 2916 699 2951 ἅγιοι
716 2916 791 2949 τινὰς
807 2917 857 2952 ὲμ-

346 156 390 184 DE
407 155 569 186 C(ELESTI
587 153 810 186 illEBARCHIA.
828 154 904 182 CAP.
924 154 980 183 Vll.
996 169 1031 174 —-
1046 152 1219 182 PARAPIIR.
1237 151 1472 182 PACHYMERE.

880 2257 902 2285 Β

1661 153 1715 170 οοο

890 215 908 242 Α
924 213 949 239 in
970 212 1027 240 lucc
1044 213 1108 244 duo,
1130 211 1233 239 scilicet
1249 212 1486 246 participationem
1512 216 1540 240 et
1553 212 1715 240 transfusio-

924 258 1086 291 ηοω,άὶῆῶ
1103 258 1249 293 (siquidem
1259 258 1374 293 primum
1391 258 1714 294 participamusmcdeim

923 305 957 332 de
974 303 1198 338 transfundi-nus,
1213 308 1267 331 tam
1282 312 1332 331 nos
1345 311 1426 338 quam
1443 305 1541 338 angeli.
1559 305 1634 337 Quid
1649 313 1713 332 vero

923 357 956 385 pa
961 350 1126 384 rticipamus.
1135 354 1181 376 aut
1188 350 1252 384 quid
1262 349 1474 376 translundimus
1481 349 1493 376 ἳ
1499 351 1610 377 orliuino
1617 358 1711 385 puram

923 400 951 422 et
963 395 1168 422 immaterlalcm
1190 394 1383 429 expiationem,
1396 394 1454 421 sive
1465 395 1586 421 divinum
1606 395 1711 427 lumen,

923 441 981 467 sive
995 441 1168 475 perfectivam
1190 441 1387 475 rnystieamque
1407 439 1551 466 scientiam
1567 449 1574 467 :
1593 440 1709 473 primum

923 484 994 511 enim
1003 484 1155 518 expiamur.
1163 484 1259 511 deinde
1266 485 1460 515 illuminanmr.
1469 492 1500 511 ac
1508 485 1616 512 tandem
1624 485 1711 512 scien~

925 531 960 556 tia
974 531 1128 565 perlicimur
1137 536 1219 566 alque
1227 531 1403 563 deiliunmur;
1417 531 1512 558 eodem
1530 532 1622 566 utique
1631 532 1710 559 modo

923 577 1039 612 primum
1050 578 1201 612 expiamus,
1219 578 1316 605 deimle
1334 578 1528 610 illuminamus.
1545 579 1710 614 tandemque

923 623 1079 653 scientitice.
1093 623 1248 657 perlicimus
1260 623 1456 657 ).sullicienter
1477 629 1518 650 est
1538 625 1709 652 demenstra-

923 674 979 696 tum
1003 677 1011 696 :
1041 677 1112 697 nunc
1138 675 1228 698 autem
1255 674 1320 704 opto
1335 670 1416 704 digne
1441 670 1474 698 de
1499 671 1579 698 relms
1610 679 1710 706 propo—

923 716 984 744 sitis
1008 715 1164 746 disserere.
1188 717 1323 750 quomodo
1352 717 1478 744 nimirum
1503 717 1610 744 illormn
1636 717 1708 745 hicr-

923 761 1017 788 archia
1042 769 1076 787 ex
1102 762 1189 788 sacris
1213 761 1368 796 divinisque
1395 762 1496 789 litteris
1522 762 1599 790 nobis
1615 763 1707 790 decla-

923 811 1009 834 retur.
1036 807 1136 834 Primis
1160 808 1296 841 esscntiis,
1316 815 1376 842 qum
1401 814 1463 843 post
1487 809 1604 836 divinant
1633 811 1706 837 illam

923 853 1137 880 substantilicam
1156 858 1237 888 atque
1263 860 1400 881 creantem
1422 860 1545 882 naturam
1571 857 1707 883 collocan-

881 898 902 926 B
918 903 972 931 tur,
985 904 1012 926 et
1022 899 1098 933 quasi
1111 900 1137 926 in
1148 899 1287 928 vestibulis
1297 900 1354 934 ejus
1362 901 1489 934 depositas
1500 907 1573 934 sunt,
1584 910 1706 930 onmem-

916 953 970 980 que
981 945 1035 981 63
1057 950 1188 980 superant
1201 951 1323 973 creatam
1337 947 1471 974 visibilem
1498 953 1526 974 et
1540 948 1703 976 invisibilem

917 996 1062 1025 naturam,
1078 992 1186 1027 primae,
1200 992 1308 1027 inquam
1319 1013 1328 1026 ,
1345 993 1496 1021 divinarum
1507 995 1634 1022 virtutum
1646 996 1703 1024 dis-

920 1040 1058 1068 tribution:
1071 1059 1080 1073 ,
1111 1039 1250 1072 propriam
1263 1044 1291 1066 et
1306 1039 1333 1066 in
1354 1040 1484 1067 omnibus
1502 1040 1632 1074 aequalem
1648 1041 1706 1068 hie-

919 1082 1055 1108 rarchiam
1071 1089 1133 1109 esse
1154 1083 1301 1117 putaminum
1326 1088 1378 1110 est.
1404 1084 1507 1112 Deinde
1533 1087 1608 1119 ponit
1625 1086 1705 1120 hujus

918 1127 1080 1155 hieran-hia:
1096 1128 1290 1163 proprietates.
1302 1131 1441 1164 quomodo
1457 1139 1531 1164 pura:
1546 1132 1601 1159 sint
1611 1152 1620 1164 ,
1634 1140 1703 1167 quo-

918 1167 998 1200 modo
1020 1173 1254 1208 contemplativua,
1279 1175 1416 1209 quomodo
1438 1175 1580 1209 perfecta}.
1595 1184 1644 1212 per
1657 1185 1705 1205 ex-

918 1218 1070 1246 cellentiam
1091 1219 1236 1251 videlicet.
1253 1224 1281 1247 et
1306 1228 1359 1247 non
1384 1222 1531 1249 sectmdum
1555 1222 1703 1255 hominem,

919 1269 948 1292 ut
963 1266 1072 1300 propria
1096 1266 1203 1293 naturis
1221 1266 1253 1293 iis
1281 1267 1434 1294 hierarchia
1459 1268 1505 1295 sit.
1522 1267 1599 1295 Pure
1613 1269 1705 1303 itaque

918 1317 995 1344 sunt,
1013 1320 1066 1339 non
1082 1313 1232 1339 secundum
1246 1312 1383 1340 hominem
1395 1321 1402 1341 :
1417 1314 1487 1349 apud
1500 1314 1621 1342 homines
1631 1316 1703 1343 enim

919 1359 978 1394 puri
1004 1358 1144 1390 dicuntur.
1160 1358 1202 1386 vel
1219 1360 1266 1393 qui
1284 1367 1299 1386 a
1316 1360 1432 1386 maculis
1445 1365 1472 1387 et
1489 1360 1705 1395 inquinamentis

919 1403 1019 1438 expiati
1043 1408 1128 1436 Stttll,
1155 1403 1196 1431 vel
1219 1404 1264 1439 qui
1281 1405 1321 1432 sic
1336 1409 1446 1432 manent
1462 1414 1476 1432 a
1494 1407 1648 1439 nativitate,
1675 1412 1704 1434 ut

919 1448 1078 1476 inateriales
1094 1448 1183 1476 nullas
1198 1450 1358 1484 phuntasias
1371 1451 1526 1478 admittant.
1542 1450 1640 1479 Prima:
1652 1452 1704 1479 ita-

919 1499 973 1526 que
987 1492 1102 1519 virtutes
1118 1499 1172 1520 non
1199 1493 1250 1520 hoc
1266 1494 1347 1521 modo
1365 1502 1439 1528 pura:
1456 1496 1639 1530 nominantur,
1655 1497 1703 1524 sed

920 1542 950 1564 ut
971 1537 1143 1565 sublimiores
1156 1541 1185 1565 et
1200 1538 1365 1566 excelsiores
1396 1540 1468 1566 omni
1487 1540 1638 1575 dejectione
1660 1542 1702 1570 in-

881 1582 901 1611 C
917 1582 1059 1617 quinante,
1074 1588 1156 1618 atque
1177 1584 1251 1610 omni
1267 1584 1496 1612 transcendentali
1510 1593 1645 1621 sacraque
1656 1594 1704 1621 puo

917 1628 998 1655 ritate
1017 1628 1180 1661 sanctiores,
1208 1629 1358 1655 secundum
1374 1629 1596 1656 sublimissimam
1614 1635 1641 1657 et
1658 1630 1702 1657 in-

917 1674 1126 1708 comparabilem
1142 1675 1297 1709 puritatem.
1313 1674 1362 1707 Et,
1377 1675 1455 1702 sicuti
1481 1676 1526 1703 lux
1555 1676 1581 1702 in
1598 1677 1700 1704 illumi-

916 1719 1045 1746 nantibus
1057 1719 1205 1747 virtutibus
1218 1719 1380 1751 collocatur.
1391 1725 1417 1747 et
1430 1728 1484 1748 non
1496 1726 1537 1748 est
1549 1722 1601 1748 alia
1617 1722 1702 1757 magis

917 1765 1025 1800 propria
1041 1766 1129 1794 virtus
1147 1767 1226 1799 lucis,
1242 1767 1265 1794 si
1281 1775 1334 1793 non
1350 1773 1481 1802 apparet;
1498 1768 1538 1795 sic
1552 1768 1636 1795 etiam
1660 1768 1702 1795 ha:

917 1811 989 1838 inter
1001 1812 1121 1840 maxime
1137 1813 1286 1841 deiformes
1301 1814 1417 1842 virtutes
1437 1815 1700 1848 supercollocantur,

915 1862 948 1882 ac
963 1861 1136 1890 perseverant
1161 1860 1310 1886 secundum
1337 1859 1586 1887 immutabilitalem
1610 1868 1701 1893 suam.

915 1909 997 1935 quam
1021 1901 1068 1929 Dei
1093 1904 1180 1938 gratia
1198 1904 1389 1933 obtinuerunt.
1411 1906 1487 1939 Quod
1510 1906 1552 1934 sic
1568 1907 1700 1942 intelligo,

915 1954 969 1974 non
983 1948 1061 1983 quasi
1072 1956 1087 1975 a
1103 1954 1198 1978 natura
1212 1951 1267 1978 sint
1283 1952 1466 1981 immutabiles
1480 1953 1553 1989 (nam
1572 1953 1702 1981 immuta-

916 1992 1010 2021 hilitas
1025 1993 1076 2021 soli
1093 1993 1148 2023 Deo
1162 2004 1177 2023 a
1197 2001 1294 2024 natura
1307 1998 1459 2034 competit),
1475 1999 1524 2026 sed
1538 1999 1622 2034 quod.
1645 2006 1702 2034 pm

915 2038 1016 2070 ingenti
1029 2040 1062 2067 ad
1075 2041 1173 2069 bonum
1189 2043 1383 2077 propensiuue.
1401 2043 1433 2070 ad
1451 2051 1550 2071 numen
1576 2044 1699 2071 divinum

914 2089 1071 2118 conversre,
1089 2085 1140 2113 hoc
1155 2087 1234 2114 modo
1260 2088 1471 2121 permanserint,
1491 2089 1701 2117 immutabiliu-

915 2134 968 2155 tem
985 2132 1061 2164 quasi
1077 2132 1200 2159 habitum
1227 2132 1380 2160 obtinentes
1393 2141 1400 2160 :
1414 2133 1471 2161 haec
1493 2134 1566 2162 enim
1591 2134 1700 2162 illarum

914 2181 957 2205 est
974 2177 1001 2204 in
1021 2177 1077 2205 Deo
1103 2178 1220 2205 amando
1244 2178 1460 2208 inunutabilitas.
1488 2179 1528 2208 Ex
1552 2188 1585 2209 eo
1609 2182 1701 2216 itaque

915 2223 986 2258 quod
1006 2223 1088 2251 Deum
1108 2224 1226 2252 totaliter
1239 2230 1353 2258 ament,
1379 2234 1458 2253 suum
1484 2234 1592 2263 semper
1605 2229 1700 2256 eodem

917 2269 997 2296 modo
1011 2276 1042 2296 se
1056 2274 1209 2297 moventem
1225 2271 1348 2298 ordinem
1366 2276 1468 2305 tenent,
1487 2280 1566 2307 quem
1582 2274 1699 2308 quodam

914 2315 996 2342 modo
1010 2314 1220 2348 immutabilem,
1231 2322 1259 2344 et
1272 2322 1454 2351 constantem,
1467 2325 1495 2346 et
1509 2320 1603 2347 eodem
1619 2320 1700 2347 modo

913 2359 1015 2387 habent
1026 2367 1033 2386 :
1046 2361 1183 2389 motiones
1199 2367 1290 2389 autem
1307 2362 1362 2391 illis
1374 2369 1444 2394 sunt.
1460 2366 1644 2395 iudcsinentes
1658 2364 1700 2392 in—

914 2405 1098 2433 tellectionum
1124 2408 1314 2442 operationes;
1333 2414 1438 2436 mentes
1459 2410 1530 2438 cnim
1556 2418 1621 2440 sunt
1640 2423 1699 2449 qua:

913 2461 1052 2488 nunquam
1076 2455 1166 2484 silent.
1197 2454 1255 2483 Vox
1278 2462 1368 2484 autem
1390 2458 1588 2495 ἀντεχομένας,
1611 2462 1636 2489 id
1658 2467 1700 2490 est

911 2506 1102 2533 perseverantes
1115 2522 1124 2535 ,
1160 2502 1293 2530 scribitur
1307 2504 1389 2531 etiam
1411 2505 1578 2541 ἀνεχομένας
1590 2526 1598 2539 ,
1616 2507 1641 2534 id
1657 2513 1699 2536 est

912 2547 1092 2578 sustinentes;
1126 2549 1262 2576 sustinent
1285 2555 1375 2577 autem
1392 2551 1455 2585 quia
1481 2559 1569 2586 neque
1585 2553 1698 2580 satieta-

912 2596 978 2623 tem,
993 2599 1082 2626 neque
1095 2593 1270 2627 gravedinem
1285 2615 1293 2627 ,
1309 2603 1397 2630 neque
1411 2597 1571 2632 vertiginem
1598 2598 1698 2626 habent

911 2644 944 2664 ex
956 2644 990 2664 eo
1002 2639 1074 2672 quod
1089 2645 1197 2673 semper
1210 2640 1284 2667 circa
1298 2641 1368 2668 idem
1385 2648 1554 2676 moveantur,
1568 2645 1605 2671 uti
1619 2645 1698 2672 nobis

910 2683 1029 2715 accidit,
1041 2684 1121 2718 juxta
1144 2685 1236 2712 tritum
1254 2686 1320 2714 illud
1336 2695 1344 2713 :
1362 2687 1486 2716 Omnium
1505 2691 1618 2717 uariatio
1633 2691 1696 2717 dul-

910 2730 947 2757 cis
969 2735 1024 2762 ut;
1049 2738 1145 2758 verum
1175 2732 1241 2766 ipsa:
1265 2737 1426 2762 constanter
1446 2735 1556 2770 quidem
1571 2736 1694 2764 ordinem

909 2783 989 2803 suum
1016 2781 1120 2811 tenent,
1136 2783 1164 2805 et
1180 2779 1206 2806 in
1222 2779 1342 2807 deterius
1357 2781 1572 2809 imminutionem
1584 2784 1696 2810 omnino

909 2830 964 2849 non
977 2828 1147 2857 agnoscunt;
1163 2825 1210 2852 scd
1225 2825 1415 2854 inconcussam
1434 2834 1541 2862 semper
1553 2832 1580 2856 et
1596 2828 1694 2855 immo-

909 2868 992 2896 bilem
1015 2869 1159 2898 deiformis
1181 2878 1238 2898 sua:
1263 2871 1442 2906 proprietatis
1465 2873 1556 2900 sedem
1579 2874 1694 2907 habent.

914 2915 996 2944 rebus
1013 2915 1094 2946 nullis
1113 2916 1254 2946 vilioribus
1272 2917 1416 2947 aduristam
1429 2938 1437 2952 ,
1450 2926 1538 2951 neque
1553 2926 1615 2948 cum
1629 2927 1694 2949 cou-
