1933 3075
58 167 107 194 225

282 164 327 192 DE
343 163 504 192 COELESTl
523 162 746 194 lllEﬂARClllA.
761 161 838 190 CAP.
859 161 913 189 Vll.
928 177 961 182 —
973 160 1148 189 PAR.\I‘I|R.
1168 160 1405 188 PACHYMERAE.

1620 160 1673 188 226

55 226 97 253 τοῦ
112 225 210 252 οἰκείου
227 223 323 259 φωτὸς,
338 223 409 249 οὕτω
425 222 472 249 καὶ
489 219 567 248 αὗται
585 221 653 256 πρὸς
667 222 730 252 τοὺς
746 220 837 253 ἀξίους

891 219 1147 254 contemplationem
1162 240 1169 251 ,
1187 224 1216 246 et
1236 219 1364 246 achetum
1390 219 1427 246 ita
1447 219 1583 254 dirigunt,
1600 227 1633 247 ac
1651 220 1675 247 sl

59 271 219 308 μεταδιδόασι
229 271 278 305 τῆς
290 269 448 304 stupeam;
468 267 590 302 ἀφθόνως
601 267 688 303 ταύτῃ
704 267 750 293 καὶ
769 266 836 301 πλη-

61 317 198 354 ρεστάτως.
213 316 282 350 Ἤδη
299 316 365 350 φησὶ
388 314 435 341 καὶ
453 313 510 345 πῶς
528 314 652 347 λέγονται
677 313 837 348 τετελεσμέ-

57 373 94 390 ναι
112 364 138 389 αἱ
157 362 225 388 θεῖαι
242 361 377 396 δυνάμεις.
398 360 474 386 Ἐπεὶ
488 360 578 386 τοίνυν
595 360 676 394 ἡμεῖς
687 358 836 394 τελούμεθα

57 410 95 436 διὰ
109 409 156 444 τῆς
172 407 334 442 ἀναλυτικῆς
347 407 510 441 ἐπιστήμης,
523 406 572 441 τῆς
589 405 775 440 ὲξαπλωτικῆς
787 405 836 440 δη-

58 456 134 482 λονότι
153 454 198 481 καὶ
217 453 382 488 ὲξηγητικῆς
398 453 444 479 καὶ
467 452 641 487 ἀναγωγικῆς
653 471 660 483 ,
687 452 737 487 τῆς
761 452 836 487 ἱερᾶς

60 501 183 531 ποικιλίας
203 500 252 535 τῆς
277 498 332 525 τῶν
360 498 531 533 συμϐολικῶν
553 498 675 533 δηλονότι
692 497 836 533 Θεαμάτων

61 548 190 582 μυήσεως,
208 546 237 572 αἱ
257 544 326 572 θεῖαι
350 544 479 580 δυνάμεις
503 544 552 579 οὐχ
574 544 660 576 οὕτως
685 544 835 575 τελοῦνται,

60 594 109 620 ἀλλ’
121 593 156 625 ὡς
173 592 416 627 ἀποπληρούμεναι
432 592 483 626 τῆς
499 591 610 627 πρώτης
624 591 671 618 καὶ
685 591 716 617 οὐ
732 591 782 627 τῆς
792 591 838 618 διὰ

60 638 140 673 μέσων
166 636 307 672 συμϐόλων
333 636 520 672 ὑπερεχούσης
545 636 669 668 θεώσεως
693 637 764 663 κατὰ
786 637 836 672 τὴν

59 684 202 719 ὑπερτάτην
218 682 273 709 τῶν
296 682 384 718 ἔργων
408 682 455 709 τοῦ
479 682 546 709 Θεοῦ
563 683 736 718 ἐπιστήμην,
760 683 789 709 ὃν
805 683 836 718 δὴ

58 730 97 756 καὶ
119 730 190 755 πᾶσι
209 729 335 764 ἱεραρχία
359 728 535 764 καθηγεμόνα
550 728 600 763 τῆς
617 729 773 764 ἐπιστήμης
789 730 837 756 καὶ

57 775 100 810 τῆς
114 774 252 810 ἐνεργείας
268 774 334 809 ἔχει.
359 775 437 801 notat
453 774 481 800 δέ
500 775 568 801 εἰσιν
589 775 616 801 αἱ
636 774 703 801 θεῖαι
726 775 839 811 ἐπιστῆ-

59 829 116 854 μαι,
141 821 186 846 καὶ
202 821 230 846 αὶ
249 820 388 855 Θεουργίαι
402 828 409 852 ;
424 820 457 846 τὸ
472 819 614 855 καθαίρειν
626 840 633 851 ,
650 820 680 846 τὸ
697 819 836 854 φωτίζειν,

57 865 82 891 τὸ
96 865 188 895 τελεῖν,
204 865 243 896 ὡς
260 866 289 891 ὲν
305 864 432 898 ἀγγέλοις
444 864 472 891 δὲ
485 863 561 891 εἶπεν
574 885 581 897 ,
601 865 694 901 ἐπειδὴ
707 866 734 891 αἱ
747 865 838 892 rotavi;

56 919 94 936 ται
105 911 238 946 θεουργίαι
252 911 298 938 καὶ
311 911 339 937 ἐν
350 910 501 946 ἀνθρώποις
511 910 641 945 γίνονται,
653 911 720 937 ἀλλὰ
730 911 763 937 δι’
777 911 836 938 ἐτέ-

59 966 100 992 ρας
114 958 268 992 ἐπιστήμης
282 957 296 982 ὁ
314 957 453 992 φωτισμὸς
466 956 565 983 δίδοται
581 956 685 988 τούτοις
700 957 746 983 καὶ
758 958 774 992 ἡ
793 965 837 983 τε-

57 1001 162 1033 λείωσις.
171 1000 256 1028 Αὖται
264 1001 292 1028 δὲ
299 1002 326 1028 αἱ
339 1001 553 1036 ὑπερϐεϐηκυῖαι
562 1002 690 1037 δυνάμεις
704 1002 734 1028 οὒ
743 1002 777 1028 δι’
789 1001 837 1028 ἂλ-

56 1048 103 1074 λων
121 1048 203 1083 ἁγίων
220 1048 331 1078 οὐσιῶν,
353 1047 421 1074 ἀλλὰ
439 1047 502 1081 παρ’
526 1048 612 1082 αὐτῆς
637 1048 687 1083 τῆς
711 1048 839 1084 θεαρχὶας

59 1094 290 1129 μυπαγωγοῦνται
309 1094 338 1119 ὲν
353 1093 392 1128 τῷ
411 1092 454 1120 ὲπ¹
469 1092 553 1128 αὐτὴν
574 1093 684 1128 ὰμέσως
703 1094 840 1120 ἀνατείνε-

57 1140 111 1166 σθαι
123 1141 149 1166 ὲν
160 1141 192 1175 τῇ
201 1140 315 1175 δυνάμει
327 1138 429 1166 τούτων
445 1139 492 1165 καὶ
503 1138 588 1172 τάξει·
605 1139 666 1166 οὐδὲ
679 1139 733 1175 γὰρ
747 1140 778 1166 ὲκ
789 1139 839 1166 τά-

57 1186 118 1218 ξεως
135 1185 211 1220 μόνον
226 1185 319 1220 ἔχουσι
338 1184 369 1211 τὸ
382 1185 450 1219 πρὸς
471 1184 536 1210 Θεὸν
556 1184 751 1217 ἀνατείνεσθαι,
772 1185 840 1212 ἀλλὰ

56 1232 97 1258 καὶ
110 1232 140 1258 ἐκ
150 1232 300 1267 δυνάμεως.
313 1231 397 1258 Τοῦτο
410 1231 438 1258 δέ
448 1232 521 1258 ἐστιν
536 1231 605 1267 ὅπερ
612 1230 685 1265 λέγει
696 1231 742 1258 καὶ
753 1232 767 1258 ὁ
777 1231 840 1258 Θεο-

55 1276 126 1311 λόγος
137 1277 295 1313 Γρηγόριος·
312 1277 369 1304 Οὐκ
385 1275 442 1303 οἶδα
462 1277 519 1304 εἴτε
533 1278 565 1303 ὲκ
583 1277 633 1313 τῆς
648 1277 840 1313 λαμπρότητος

56 1322 153 1356 ἔχουσιν
161 1323 210 1358 τὴν
217 1322 306 1355 τάξιν,
315 1322 370 1349 εἴτε
383 1322 469 1357 ὲκτῆς
480 1322 583 1355 τάξεως
594 1321 643 1358 τὴν
648 1321 681 1348 λα
685 1322 837 1359 μπρότητα⁸

57 1367 156 1402 καὶγὰρ
164 1367 280 1403 δύναμιν
290 1366 398 1402 ἔχουσιν
408 1366 605 1402 ὑπερέχουσαν,
617 1367 665 1393 καὶ
674 1366 751 1399 τάξιν
759 1368 841 1402 ὑπερ-

57 1412 194 1448 ϐεϐηκυῖαν
213 1413 261 1439 καὶ
274 1413 428 1448 ἀνωτάτην.
445 1413 500 1439 Καὶ
513 1412 558 1439 διὰ
572 1412 661 1444 τοῦτο,
674 1413 711 1444 ὡς
728 1413 776 1448 μὲν
793 1413 840 1439 δύ-

56 1466 129 1492 ναμιν
138 1458 258 1493 ἔχουσαι,
268 1458 336 1493 πρὸς
342 1457 372 1484 τὸ
381 1458 516 1491 πάναγνον
525 1458 571 1484 καὶ
579 1457 699 1494 ἀρρεπὲς
707 1457 841 1493 ἐδραιοῦν-

56 1511 105 1534 ται,
119 1503 163 1530 καὶ
176 1503 206 1530 οὺ
221 1503 394 1530 διασείονται·
415 1501 494 1529 τοῦτο
508 1503 563 1538 γάρ
576 1503 636 1529 ὲστι
656 1500 688 1529 τὸ
706 1503 837 1539 ἀρρεπὲς·

887 272 981 292 omues
1001 269 1094 292 essent
1120 265 1226 299 prima}.
1247 265 1291 291 vel
1315 265 1342 291 in
1370 265 1501 298 primaevo
1526 272 1559 291 ac
1588 265 1677 300 primo

887 311 965 345 quasi
986 311 1130 343 ordinato;
1164 311 1261 345 prima:
1277 311 1351 337 enim
1369 310 1435 344 ipsa:
1452 310 1585 337 ordinata:
1601 315 1674 337 sunt.

888 357 1020 385 Similiter
1037 357 1152 388 iterum.
1167 356 1250 384 etiam
1275 364 1374 384 munus
1391 356 1601 383 transiuudendi
1617 356 1677 383 illu-

889 403 1047 431 strationem
1069 403 1095 430 in
1124 402 1287 434 inferiores.
1312 408 1339 429 et
1364 403 1390 430 in
1418 403 1541 429 homines
1564 403 1676 430 minime

889 456 949 475 cum
977 448 1079 475 invidia
1094 447 1136 474 vel
1152 448 1243 482 aliqua
1262 448 1410 475 tenacitate
1426 448 1540 480 faciunt,
1555 449 1601 475 sed
1617 449 1676 475 sine

889 493 974 521 livore
987 499 1014 521 et
1029 494 1256 525 luculentissime.
1272 501 1303 520 ac
1320 494 1343 521 si
1359 501 1456 520 omnes
1470 498 1564 520 essent
1582 494 1677 527 primae

888 547 949 574 quae
973 539 1184 566 illustrationem
1199 539 1344 574 exrcipiunt
1359 547 1366 565 :
1382 538 1535 565 istiusmodi
1561 547 1676 573 namque

890 585 916 611 in
939 591 1041 618 egenos
1061 589 1089 610 et
1113 584 1209 619 dignos
1230 583 1406 615 distributio,
1432 583 1524 610 divina
1540 583 1676 617 quondam

890 630 1031 658 dicebatur
1047 630 1183 661 imitatio;
1199 630 1237 656 ttti
1254 629 1405 656 etiamnum
1419 629 1531 660 dicitur,
1546 629 1618 663 quod
1633 636 1677 656 sc-

892 676 1010 703 cundutn
1025 675 1076 703 ltoc
1091 676 1189 702 amicis
1216 675 1261 702 Dei
1289 674 1436 701 virtutibus
1460 674 1675 701 communicent.

890 720 1124 755 Quemadmodum
1141 721 1214 748 enim
1228 729 1259 748 ea
1277 728 1337 755 quze
1352 720 1436 747 Deum
1459 721 1537 747 decet
1557 720 1678 755 pulchri-

893 767 960 794 tudo
991 767 1180 794 comntuuicat
1211 768 1359 794 secundum
1389 766 1550 801 dignitatem
1586 766 1676 793 lumen

891 820 991 846 suum;
1005 813 1042 839 ita
1058 813 1140 839 etiam
1159 812 1201 839 hae
1225 813 1283 840 sine
1299 813 1398 840 invidia
1415 813 1631 848 plcnissimeque
1649 812 1676 839 in

890 866 937 886 eos
957 858 1002 893 qtti
1027 863 1167 886 tuerentur
1187 859 1355 885 distribuunt
1378 859 1600 885 illustrationem.
1626 857 1678 884 De-

891 912 965 931 mum
977 903 1053 935 dicit,
1069 904 1207 938 quomodo
1222 903 1323 931 divina}
1342 904 1458 932 virtutes
1477 904 1606 939 perfecta:
1627 911 1679 930 nu-

891 951 1041 978 minentur.
1048 951 1114 978 Cum
1125 949 1217 984 itaque
1234 957 1283 976 nos
1293 949 1471 983 perﬁciantur
1485 958 1533 984 per
1547 950 1677 984 peritiam

890 997 1054 1029 resolvendi,
1067 996 1230 1032 explanandi
1245 997 1350 1024 scilicet
1363 1001 1391 1023 ct
1405 996 1572 1030 explicandi.
1588 1000 1615 1023 et
1626 995 1672 1023 ad-

891 1043 1007 1070 ducendi
1029 1051 1139 1071 sacratn
1164 1044 1345 1075 varietatem,
1368 1043 1581 1078 symbolieorum
1598 1043 1678 1070 vide-

891 1089 954 1118 licet
969 1090 1186 1124 spectaculorum
1198 1110 1206 1122 ,
1222 1090 1415 1122 institutionis,
1440 1090 1540 1117 divina:
1564 1090 1680 1118 virtutes

892 1144 1062 1170 nequaquam
1076 1137 1128 1163 hoc
1140 1137 1219 1164 modo
1232 1137 1387 1168 initiantur,
1399 1137 1445 1163 sed
1457 1137 1533 1169 quasi
1548 1144 1562 1162 a
1579 1138 1677 1170 prima.

890 1187 918 1209 et
930 1189 1103 1218 nequaquam
1117 1183 1216 1210 mediis
1226 1183 1324 1216 signis.
1340 1182 1563 1217 snpercminente
1579 1182 1680 1209 deitate

891 1228 1049 1262 replentur,
1086 1229 1238 1256 secundum
1263 1228 1335 1255 illam
1375 1235 1508 1254 smnmam
1537 1228 1678 1255 scientiam

890 1281 1001 1308 operum
1020 1274 1066 1300 Dei
1082 1294 1089 1306 ,
1109 1282 1190 1308 quem
1211 1279 1238 1302 et
1253 1274 1342 1301 omnis
1359 1273 1516 1301 hierarchia
1532 1278 1680 1308 prmceplo-

892 1328 950 1347 rem
964 1321 1085 1348 scientiae
1099 1324 1180 1355 atque
1194 1321 1363 1355 operationis
1379 1321 1470 1347 habet.
1482 1319 1582 1353 Quales
1596 1327 1680 1353 porro

891 1369 956 1392 sunt
971 1366 1068 1392 divina:
1090 1365 1213 1392 scientia:
1228 1370 1255 1392 et
1268 1364 1459 1399 operationes?
1475 1365 1598 1398 expiare,
1617 1364 1680 1390 illit-

891 1411 1010 1443 minare,
1027 1411 1160 1446 perlicere
1170 1431 1178 1444 ,
1194 1411 1423 1445 quemadmodum
1438 1411 1465 1438 in
1479 1410 1583 1445 angelis
1597 1410 1680 1442 dixit,

891 1458 1021 1492 quoniam
1037 1457 1120 1485 etiam
1140 1458 1166 1484 in
1186 1457 1342 1484 hominibus
1357 1457 1408 1485 ista
1436 1457 1520 1489 tiunt;
1541 1463 1633 1483 verum
1654 1456 1680 1482 in

892 1503 936 1530 his
953 1511 1001 1537 per
1018 1503 1100 1530 aliam
1116 1503 1289 1538 disciplinam
1312 1503 1431 1530 traditur
1460 1502 1624 1529 illuminatio
1639 1508 1680 1528 at-

57 1548 124 1579 ὡςδὲ
137 1549 212 1582 τάξιν
227 1549 398 1584 ὑψηλοτάτην
411 1548 479 1584 πρὸς
493 1548 542 1583 τὴν
558 1548 656 1584 νοητὴν
672 1548 838 1584 εὐπρέπειαν

895 1557 949 1584 que
963 1549 1105 1584 perfectio.
1132 1549 1179 1577 Ha:
1206 1558 1270 1577 vero
1285 1551 1400 1577 virtutes
1418 1556 1553 1584 suprema;
1576 1556 1630 1576 non
1647 1549 1682 1575 ab

57 1595 97 1620 καὶ
109 1594 221 1630 θεωρίαν
236 1595 430 1630 προσάγονται.
449 1594 547 1626 Καθὼς
560 1594 589 1621 δέ
605 1595 663 1621 ἐστι
684 1594 792 1630 θεμιτόν
808 1604 839 1622 τε

58 1641 100 1667 καὶ
119 1642 246 1675 δυνατὸν,
269 1642 315 1669 καὶ
334 1642 398 1673 τοὺς
419 1642 650 1677 ἐπιστημονικοὺς
672 1641 768 1676 λόγους
785 1642 840 1669 τῶν

57 1687 205 1723 θεονργιῶν,
217 1689 257 1720 ὼς
267 1688 374 1724 πρῶται
386 1688 432 1714 καὶ
440 1688 503 1723 περὶ
510 1687 575 1714 Θεὸν
582 1685 669 1719 οὖσαι,
681 1689 746 1724 παρ’
754 1688 841 1724 αὐτῆς

56 1734 100 1768 τῆς
117 1734 302 1770 τελεταρχίας,
311 1733 432 1769 δηλονότι
442 1733 488 1760 τοῦ
499 1732 577 1765 Θεοῦ,
588 1732 840 1769 μυπαγωγοῦνται.

891 1596 952 1624 aliis
966 1597 1128 1631 quibusdatn
1152 1597 1257 1624 sanctis
1279 1597 1431 1632 spiritibus,
1454 1596 1501 1624 sed
1515 1596 1549 1622 ab
1567 1596 1682 1629 ipsatnet

891 1643 1033 1670 divinitate
1047 1642 1133 1670 sacris
1144 1642 1298 1675 initiantur,
1310 1643 1372 1669 dum
1385 1642 1410 1672 iu
1426 1642 1569 1676 ipsammet
1582 1642 1680 1668 imme-

893 1689 967 1716 diate
983 1689 1010 1716 in
1035 1689 1137 1716 virtute
1159 1689 1310 1723 ordineque
1330 1696 1379 1716 suo
1402 1689 1604 1720 extenduntur;
1625 1695 1679 1713 non

893 1735 968 1762 enitn
992 1743 1024 1762 ex
1050 1735 1147 1763 ordine
1167 1736 1254 1763 solum
1280 1735 1380 1762 habent
1393 1735 1463 1770 quod
1480 1735 1513 1761 ad
1530 1734 1614 1761 Deum
1631 1740 1683 1760 est:

59 1780 205 1812 tendantur,
226 1788 321 1807 rerum
338 1782 421 1808 etiam
445 1787 478 1806 ex
495 1780 604 1807 virtute.
626 1779 684 1807 Hoc
708 1781 780 1808 enim
795 1785 837 1808 est
850 1782 921 1816 quod
941 1782 1023 1809 etiam
1039 1781 1187 1817 Gregorius
1198 1782 1353 1817 Theologus
1378 1782 1435 1809 ait:
1459 1780 1558 1808 Nescio
1589 1785 1681 1806 utrum

57 1831 86 1851 ex
100 1825 516 1860 splendorehabeantordinem,
545 1834 578 1852 au
605 1832 638 1853 ex
664 1826 761 1853 ordine
783 1827 974 1861 splendorem;
998 1828 1100 1855 etenim
1123 1829 1252 1856 virtutem
1278 1828 1379 1856 habent
1409 1824 1680 1862 superontineutetn,

57 1878 80 1898 et
93 1873 214 1900 ordinem
235 1873 483 1900 eminentissimum
503 1877 530 1899 et
547 1872 783 1900 sublimissinmm.
803 1874 838 1901 Et
863 1875 981 1908 idcirco,
1012 1880 1147 1909 quatenus
1170 1876 1279 1910 quidem
1309 1877 1435 1903 virtutem
1459 1875 1577 1906 habent,
1600 1874 1626 1901 in
1648 1882 1682 1902 eo

58 1920 122 1952 quod
144 1922 256 1948 omnino
284 1928 381 1954 purum
409 1924 436 1947 et
452 1921 641 1947 inconcussum
667 1925 709 1948 est
727 1921 912 1955 stabiliuntur,
943 1927 970 1950 et
999 1930 1053 1950 non
1078 1927 1311 1957 conquassautur;
1339 1923 1390 1950 hoc
1409 1921 1482 1948 enim
1499 1926 1545 1948 est
1559 1919 1682 1955 ἀρρεπὲς

59 1973 100 1992 seu
125 1971 245 1994 constans
259 1988 266 1999 ,
300 1972 435 2001 quatenus
464 1974 529 1994 vero
550 1967 674 1994 ordinem
704 1968 804 1995 habent
823 1969 1067 2002 sublimissimum,
1091 1970 1126 1996 ad
1146 1968 1332 1996 intellectilem
1354 1969 1533 2002 decorem,ac
1557 1971 1682 1994 conteru-

58 2012 193 2044 plationcm
214 2014 398 2041 adducuntur.
422 2013 558 2047 Quantum
585 2014 641 2049 66
670 2019 761 2042 autem
779 2014 820 2042 fas
837 2021 864 2043 et
883 2017 1014 2051 possibile
1032 2021 1074 2044 est
1089 2015 1260 2044 scientiﬁcas
1277 2016 1359 2042 etiam
1389 2015 1544 2042 divinorum
1569 2020 1681 2048 operum

59 2059 182 2091 rationes,
196 2065 328 2095 tanquam
354 2061 449 2095 primm
461 2065 488 2088 et
503 2068 563 2095 quze
588 2060 667 2094 juxta
695 2061 782 2089 Deum
798 2068 873 2095 sunt.
893 2063 928 2091 ab
953 2065 1071 2099 ipsemet
1095 2062 1221 2091 initiandi
1244 2061 1396 2097 principio,
1422 2061 1449 2089 id
1464 2066 1506 2089 est
1522 2061 1681 2098 Deo,.eru—

59 2105 172 2134 diuntur.

91 2183 104 2219 ἐ
129 2184 173 2211 ill.
196 2185 284 2211 Τοῦτο
311 2185 420 2220 δηλοῦσι
447 2186 493 2212 καὶ
520 2186 545 2212 οἱ
574 2186 710 2221 προφῆται
739 2186 838 2222 σαφῶς.

933 2184 1006 2221 §l|l.
1027 2184 1084 2211 Hoc
1097 2184 1179 2211 etiam
1203 2183 1342 2219 prophetae
1362 2184 1506 2220 perspicue
1530 2186 1681 2216 declarant.

59 2226 144 2260 Τοῦτο,
158 2231 251 2262 ποῖον;
267 2230 308 2256 ὅτι
319 2230 347 2256 αἱ
369 2230 419 2265 μὲν
432 2230 538 2264 πρῶται
558 2231 648 2264 τάξεις
663 2232 695 2258 ἐκ
713 2232 760 2258 τοῦ
773 2232 840 2259 Θεοῦ

58 2275 158 2309 huicut;
171 2275 366 2310 ἐλλάμπονται,
381 2276 447 2302 αἰδὲ
458 2276 599 2311 ὑφειμέναι
608 2277 651 2303 διὰ
663 2277 717 2304 τῶν
728 2278 842 2314 ὑπερδε-

57 2319 180 2354 6ηκυιῶν.
204 2320 370 2352 Ἀποδείξεις
390 2320 479 2347 τοίνυν
501 2320 555 2348 τῶν
575 2322 726 2357 εἰρημένων
750 2322 840 2358 τίθησι

56 2364 197 2398 τραφικὰς,
213 2365 256 2392 ὃτι
269 2365 342 2396 τινὲς
356 2365 404 2400 μὲν
417 2364 472 2391 τῶν
483 2365 614 2400 θεολόγων
630 2366 777 2402 προφητῶν
791 2367 840 2398 τὰς

56 2409 253 2445 ὑποϐεϐηκυίας
264 2412 404 2445 εἰσάγουσι
421 2412 574 2447 μυουμένοις
589 2412 664 2448 παρὰ
673 2413 727 2439 τῶν
741 2412 840 2449 προτέ-

57 2460 116 2487 ρων,
131 2453 176 2479 τὸν
188 2453 432 2490 ἀνθρωποτιρεπῶς
451 2455 492 2486 εἰς
507 2456 638 2491 οὐρανοὺς
658 2457 841 2493 ἀναλαμϐανό-

58 2507 140 2532 μενον,
155 2500 293 2534 λεγουσῶν
306 2501 335 2526 ἐν
353 2501 393 2536 τῷ
408 2501 577 2537 ἐρωτᾶσθαι·
593 2502 640 2535 Τίς
652 2502 737 2530 ἐστιν
753 2503 841 2536 οὗτος

57 2544 72 2569 d
83 2544 231 2579 βασιλεὺς
253 2545 309 2580 τῆς
323 2546 431 2580 δόξης;
450 2547 540 2579 καθὼς
557 2548 585 2574 ὲν
601 2547 640 2583 τῷ
659 2548 773 2584 εἰκοστῷ
786 2550 842 2584 τρι-

57 2588 92 2622 τῷ
108 2589 206 2626 ψαλμῷ
225 2591 240 2617 ὁ
261 2592 343 2618 Δανὶδ
356 2591 439 2625 λέγει,
467 2593 576 2627 Κύριος
594 2593 654 2620 τῶν
669 2593 823 2629 δυνάμεων
833 2614 840 2627 ,

58 2635 140 2669 αὑτός
158 2636 246 2663 ἐστιν
260 2638 276 2663 ό
290 2637 440 2670 ,ϐασιλεὺς
454 2638 509 2673 τῆς
523 2638 624 2673 δόξης·
643 2639 715 2666 ἄλλοι
735 2640 840 2676 δραμα-

58 2681 210 2715 τουργοῦσιν
223 2682 308 2714 αὐτὰς
317 2683 385 2719 πρὸς
397 2684 477 2710 αὑτὸν
485 2684 665 2720 διαπορούσας
676 2686 720 2712 τὸν
727 2686 840 2722 Κύριον,

59 2724 101 2750 καὶ
113 2725 274 2762 γλιχομένας
291 2727 386 2762 μαθεῖν
399 2728 429 2754 τὸ
444 2729 494 2764 τῆς
508 2729 577 2764 ὑπὲρ
592 2729 670 2764 ἡμῶν
686 2730 841 2767 οἰκονομίας

61 2772 210 2807 μυστήριον,
221 2773 254 2799 τὸ
266 2772 345 2808 ἔργον
352 2773 382 2799 τὸ
391 2774 528 2810 προσῆκον
536 2773 605 2811 Θεῷσ
613 2774 692 2802 τοῦτο
703 2775 757 2813 γάρ
764 2777 838 2805 ἐστιν

93 2867 104 2888 ¹
119 2869 185 2898 l‘sal.
212 2878 292 2906 mn,
318 2871 362 2900 10.

896 2232 980 2265 Quale
994 2231 1062 2258 hoc?
1085 2231 1157 2265 qttod
1176 2231 1303 2257 nimirum
1330 2231 1410 2264 primi
1436 2232 1546 2259 ordines
1567 2241 1601 2260 ex
1626 2233 1682 2261 Deo

896 2278 1052 2305 immediate
1071 2276 1275 2308 collustrentur,
1293 2276 1437 2304 inferiores
1453 2285 1518 2305 vero
1534 2286 1583 2313 per
1602 2287 1682 2314 snpe-

895 2325 994 2351 riores.
1020 2323 1243 2356 Scripturislicas
1269 2322 1361 2357 itaque
1379 2323 1516 2351 dictorum
1538 2325 1616 2353 atl‘ert
1632 2327 1682 2353 dc-

895 2370 1127 2402 monstrationes;
1151 2370 1224 2403 quod
1251 2369 1333 2403 aliqui
1359 2370 1469 2404 quidem
1495 2371 1680 2406 theologorum

895 2415 1088 2450 prophetarum
1116 2413 1262 2442 inferiores
1294 2415 1470 2442 introducam
1500 2423 1514 2441 a
1542 2417 1681 2450 prioribus

895 2461 1016 2492 edoctus,
1033 2467 1094 2487 eum
1108 2462 1153 2496 qui
1172 2461 1292 2488 humana
1307 2462 1401 2496 specie
1413 2463 1446 2488 ad
1463 2462 1547 2490 caelos
1562 2470 1682 2490 assume-

894 2505 987 2538 batur.
1003 2506 1159 2534 dicentibus
1181 2514 1243 2533 cum
1258 2507 1461 2542 interrogarent
1475 2515 1482 2533 :
1501 2507 1567 2540 Qui;
1579 2515 1616 2535 est
1631 2510 1681 2536 iste

895 2559 941 2579 rex
980 2552 1071 2586 gloria:
1086 2550 1121 2578 τι
1137 2552 1207 2579 sicut
1224 2552 1250 2578 in
1268 2552 1397 2579 vicesimo
1415 2552 1494 2579 tertio
1509 2553 1612 2588 psalmo
1629 2554 1680 2581 Da-

895 2597 938 2623 vid
954 2597 1011 2624 ait:
1026 2597 1153 2625 Dominus
1165 2599 1289 2625 virtutum
1306 2599 1360 2633 ipse
1381 2603 1419 2625 est
1443 2607 1490 2626 rex
1507 2599 1614 2634 gloriw;
1633 2601 1678 2628 alii

894 2650 1025 2677 personas
1040 2651 1133 2671 earum
1156 2645 1288 2672 indttcunt
1318 2646 1391 2672 circa
1423 2646 1510 2680 ipsum
1533 2646 1677 2674 Dominum

893 2689 1058 2721 dubitantes,
1072 2698 1104 2717 ac
1113 2690 1220 2718 discere
1234 2691 1377 2725 cupientes
1392 2692 1550 2726 mysterium
1569 2692 1680 2726 dispert-

891 2734 1006 2762 sationis
1022 2740 1133 2768 nostrae,
1149 2736 1219 2771 quod
1235 2745 1302 2771 opus
1316 2736 1371 2764 Deo
1384 2738 1531 2772 competit;
1546 2738 1676 2772 quoniam

892 2784 986 2808 nostra
1013 2781 1193 2818 dispensatio,
1219 2782 1269 2810 Dei
1294 2783 1419 2818 operatio
1444 2789 1583 2812 est:vere
1605 2784 1676 2811 enim
