1933 3075
96 159 142 189 ξεί)

336 157 381 186 DE
398 157 559 187 C(ELESTI
579 157 801 192 lllEflAllClllA,
816 158 893 186 CAP.
911 157 966 186 Vll.
986 174 1019 178 —
1038 157 1212 185 PARAPIIR.
1227 157 1463 188 PACIIYLIERE.
1512 163 1515 166 '

1657 150 1713 190 εει)

93 217 137 252 τὴν
151 216 291 253 ίεραρχίαν
306 215 488 252 προεθέμεθα,
501 214 645 251 κάθαρσιν,
662 216 811 251 φωτισμὸν.
828 216 876 242 καὶ

929 215 1057 243 cabulnus
1066 217 1262 250 expiationem,
1274 217 1514 252 illutninationcm,
1527 225 1555 248 et
1565 222 1713 255 perit-ctio-

93 263 235 289 τελείωσιν.
254 262 330 288 Ἐστι
345 261 373 288 δὲ
386 262 402 296 ὴ
419 261 531 297 τοιαύτη
549 263 673 298 ἱεραρχία
688 263 743 289 τῶν
759 262 874 298 πρώτων

93 307 220 344 οὐρανίων
233 307 310 340 νοῶν,
326 308 374 334 καὶ
388 308 479 343 πάσης
492 307 614 342 ὑφέσεως
628 308 673 334 καὶ
687 307 875 343 ὑποὸιόασμοῦ

94 355 191 390 ἀμιγὴς
207 355 241 390 (οἱ
253 355 307 391 γὰρ
322 355 412 390 θρόνοι
423 354 593 391 ὲξαίρονται)
606 356 653 382 καὶ
667 355 775 391 πρώτου
787 355 876 390 φωτὸς

95 401 206 437 πλήρης.
232 401 405 437 Ἐμπρησταὶ
424 401 479 438 γὰρ
490 401 524 428 τὰ
545 403 666 437 σεραφὶμ
678 402 812 436 λέγονται,
829 402 876 428 καὶ

94 448 257 483 πρωτοδὸτου
268 448 423 484 ἐπιστήμης
433 449 480 475 καὶ
493 448 619 482 γνώσεως
632 449 754 484 μέτοχος,
766 449 877 475 τοιαῦτα

94 494 144 530 γὰρ
158 494 192 520 τά
213 493 356 530 χερουὸίμ.
369 493 442 529 Πλὴν
455 494 505 521 οὐκ
520 495 591 526 ἰδίως
608 495 647 521 ἐνὶ
658 495 765 530 ἑκάστῳ
778 495 875 527 ταῦτα,

94 539 157 567 ἀλλὰ
180 540 269 567 πάντα
292 541 359 567 πᾶσι
384 540 456 567 κατὰ
476 541 523 576 τὴν
539 540 595 567 άπὸ
615 540 683 567 Θεοῦ
705 541 774 577 πρὸς
792 541 877 573 αὑτὰς

94 581 178 622 χάρινζ
187 586 236 613 Διὰ
244 586 323 614 τοῦτο
330 587 377 614 καὶ
389 586 505 623 πρώτως
515 587 565 623 τὴν
579 587 633 614 τῶν
641 587 743 624 θρόνων
758 587 876 622 ἰδιότητα

94 631 159 665 εἷπε,
177 633 305 669 δευτέραν
327 633 356 660 δὲ
379 634 429 669 τὴν
447 634 502 660 τῶν
522 634 653 670 σεραφὶμ,
673 635 720 661 καὶ
739 632 788 661 εἷθ’
806 635 878 661 οὕτω

93 679 138 713 τὴν
152 678 206 705 τῶν
228 678 316 714 μέσων
331 679 419 706 αὐτῶν
441 679 584 715 χερουεὶμ,
603 679 698 713 ὥσπερ
712 679 876 715 εἰλημμένου

93 723 136 749 τοῦ
149 723 231 758 μέσου
242 723 285 749 διὰ
291 723 346 749 τῶν
354 723 456 760 ἄκρων,
470 724 516 751 καὶ
531 725 595 759 μιᾶς
606 725 754 760 γενομένης
762 725 874 758 τάξεως.

92 768 139 795 Διὰ
148 769 227 796 τοῦτο
240 769 347 803 λέγεται
359 770 406 796 καὶ
417 770 446 796 τὸ
457 769 523 805 ὖψος
536 770 641 796 τούτων
653 769 743 805 πάσης
756 770 877 804 ὑφέσεως

92 815 197 850 ἀμιγὲς,
214 815 260 842 καὶ
273 816 304 841 τὸ
319 815 376 850 φῶς
391 816 509 852 πρῶτον,
527 817 573 843 καὶ
587 817 603 851 ή
625 816 725 850 γνῶσις
739 815 877 852 πρωτόδο-

91 870 143 893 τος,
157 862 198 888 ὅτι
221 861 319 888 καὶτὰ
339 862 401 898 τρία
425 862 553 897 τάγματα
567 863 607 894 εἱς
629 862 692 898 μίαν
716 863 875 896 συνάγονται

929 270 990 289 nem
1017 270 1064 289 seu
1092 264 1341 291 consecrationem.
1368 264 1417 292 Est.
1440 270 1534 293 autem
1559 267 1712 294 istiusmodi

927 308 1076 342 primarum
1101 309 1233 335 mentium
1257 309 1409 337 cmlestinm
1432 310 1601 344 hierarchia,
1624 313 1713 339 omnis

928 361 991 380 cum
1019 353 1131 381 vilitatis
1157 359 1213 381 tum
1234 355 1414 389 subiectionis
1439 364 1539 391 expers
1563 358 1710 393 (siquidem

930 398 1019 425 throni
1033 399 1166 434 eminent)
1182 403 1210 426 et
1222 400 1317 434 primae
1337 400 1406 428 lucis
1420 401 1511 436 plena,
1530 403 1655 436 quoniam
1672 405 1713 430 in-

927 452 1057 473 eensores
1080 446 1254 480 appellantur
1279 447 1437 482 seraphim;
1464 454 1514 474 nec
1537 455 1592 474 non
1618 450 1714 482 primm

927 491 1050 519 scit-utile
1072 493 1292 527 cognitionisque
1314 494 1461 528 particeps,
1491 498 1519 521 ut
1544 503 1576 522 ex
1603 496 1714 522 nomine

927 541 1002 571 patet
1028 537 1183 566 cherubini.
1212 538 1313 566 Verum
1332 540 1473 567 enimvero
1502 540 1575 568 haud
1604 541 1714 575 proprie

928 583 987 611 lucc
998 583 1110 611 cuilibet
1121 585 1300 615 conveniunt.
1317 586 1363 613 sed
1379 587 1470 613 omnia
1487 587 1600 621 singulis
1616 594 1714 613 secun-

928 630 990 657 dum
1007 630 1074 665 ipsis
1090 638 1104 656 tl
1121 631 1174 658 Deo
1191 631 1283 658 datam
1296 632 1424 667 gratiam.
1443 632 1475 659 Et
1496 637 1639 667 propterea
1656 633 1713 665 pri-

929 684 1002 703 mum
1028 676 1189 703 throuorum
1213 678 1406 712 proprietatem
1432 679 1571 711 exposuit,
1593 683 1713 705 sccouuu

927 721 988 749 loco
1002 723 1222 756 seraphinorum,
1244 729 1271 750 et
1287 728 1379 758 postea
1403 724 1492 751 medio
1507 724 1566 752 loco
1585 724 1714 752 cherubi-

928 776 1035 802 norum,
1056 769 1093 796 ita
1116 773 1146 796 ut
1170 770 1277 797 medius
1298 770 1498 804 quodammodo
1523 771 1557 798 ab
1579 772 1713 798 extremis

927 814 1120 848 concludatur,
1137 822 1260 849 unusque
1273 816 1341 843 ordo
1358 816 1414 843 liat.
1430 815 1563 849 Quocirca
1577 817 1659 844 etiam
1672 817 1713 844 di«

928 860 998 887 citur
1009 860 1163 888 sublimitas
1175 868 1271 888 eorum
1284 862 1374 889 onmis
1387 863 1548 897 dejectionis
1561 870 1670 897 expers,
1685 869 1713 890 et

91 908 174 941 τάξιν,
191 910 238 935 καὶ
257 908 304 944 μία
321 917 363 940 τις
382 909 552 936 ἀποτελεῖται
566 909 656 945 τριὰς,
675 909 764 936 κοινὸν
779 909 825 935 καὶ
845 908 876 934 τὸ

929 906 1017 933 lumen
1035 906 1162 941 primum,
1175 911 1203 934 et
1219 907 1334 935 scientia
1351 908 1478 943 primitus
1491 909 1570 940 data;
1583 910 1711 944 quoniam

91 955 215 991 ὑπερῃρη
219 954 308 989 μένον,
317 955 365 981 καὶ
373 955 463 990 πάσης
471 955 592 990 ὑφέσεως
603 954 777 990 ὑψηλότερον,
787 953 875 980 κοινὸν

91 1001 136 1028 καὶ
159 1001 190 1027 τὺ
213 1001 320 1037 πρῶτον
344 1001 418 1036 φῶς,
444 1002 536 1038 κοινὴν
560 1002 607 1029 καὶ
631 1001 682 1037 τὴν
708 1001 876 1038 πρωτόδοτον

95 1044 188 1080 (νῶσιν
210 1044 318 1080 ἔχουσα.
340 1045 390 1072 Διὰ
409 1046 487 1073 τοῦτο
511 1046 600 1073 τοίνυν
623 1046 708 1077 οὕτως
730 1045 786 1081 ἔχει
807 1047 876 1072 νοεῖν

90 1091 135 1117 ἐπὶ
149 1092 183 1126 τῇ
199 1090 294 1128 πρώτῃ
310 1091 497 1128 διακοσμήσει,
514 1092 555 1119 ᾶτι
567 1091 602 1119 τὰ
618 1092 681 1128 τρία
695 1092 822 1128 τάγματα
836 1093 876 1124 είς

92 1138 155 1173 μίαν
165 1137 243 1170 τάξιν
263 1139 433 1173 συνάγονται,
446 1139 493 1166 καὶ
509 1138 545 1165 τὰ
560 1138 632 1170 ἰδίως
650 1138 876 1174 ἁπονενεμημένα

90 1183 193 1215 τούτοις
206 1183 282 1220 παρὰ
292 1183 342 1219 τῆς
356 1184 466 1220 χάριτος
476 1184 572 1216 κοινῶς
583 1185 631 1211 καὶ
641 1185 756 1220 πρώτως
773 1184 874 1219 ἔχουσι.

91 1230 145 1256 Καὶ
158 1229 228 1265 αὕτη
239 1231 255 1266 ἡ
266 1229 343 1262 τάξις
357 1229 452 1266 πρώτη
463 1229 581 1264 λέγεται,
595 1229 687 1262 καθὼς
701 1230 748 1257 καὶ
760 1230 816 1256 ἀπὸ
828 1230 877 1265 τῆς

90 1274 246 1311 ἐπιγραφῆς
266 1275 314 1302 τοῦ
336 1276 471 1311 παρόντος
494 1276 608 1311 ἑϐδόμου
633 1274 781 1311 κεφαλαίου
803 1275 876 1302 ἐστιν

92 1323 173 1349 ἰδεῖν·
194 1321 307 1359 πρώτην
326 1322 380 1359 γὰρ
396 1323 537 1359 ίεραρχίαν
555 1322 604 1358 τὴν
625 1323 679 1350 τῶν
700 1322 783 1358 τριῶν
807 1321 876 1358 ὁμοῦ

89 1368 191 1404 τίθησι.
208 1368 263 1395 Καὶ
273 1368 300 1394 τί
314 1368 397 1403 λέγω,
413 1368 505 1405 φησὶν,
523 1368 564 1395 ὅτι
581 1367 756 1404 πληρουμένη
772 1368 876 1404 καθάρ-

90 1421 171 1445 σεως,
195 1413 371 1450 καθαίρεται·
401 1415 448 1441 xal.
473 1413 612 1450 φωτισμοῦ
639 1413 800 1448 φωτίζεται·
830 1414 877 1440 καὶ

88 1459 302 1495 τελεσιουργίας,
314 1460 544 1497 τελεσιουργεῖται
554 1469 561 1493 ;
572 1461 650 1488 τοῦτο
662 1461 717 1497 γὰρ
726 1462 774 1488 καὶ
788 1470 878 1497 παρα-

88 1505 241 1541 τεταμένην
261 1505 318 1540 εχει
336 1504 385 1541 τὴν
408 1504 518 1541 πρᾶξιν,
535 1506 582 1532 καὶ
602 1503 657 1532 οἷον
681 1505 792 1538 ἀτελοῦς
805 1515 877 1538 τινος

927 956 983 979 tres
998 952 1040 979 isti
1057 952 1168 980 ordines
1183 953 1208 979 in
1224 961 1308 980 unum
1333 959 1442 985 coeunt,
1466 959 1494 981 et
1512 962 1582 981 unus
1600 955 1710 988 quidam

926 999 1068 1034 perficitur
1084 999 1239 1032 ternarias,
1257 999 1302 1034 qui
1319 1000 1345 1026 in
1365 1000 1502 1026 communi
1519 1000 1638 1034 possidet
1653 1000 1711 1026 elc-

927 1045 1075 1076 vationent,
1096 1052 1176 1079 supra
1199 1052 1307 1071 onmem
1332 1044 1543 1072 submissioneiu
1560 1044 1712 1072 sublimita-

927 1095 993 1123 tem,
1010 1090 1170 1125 primarium
1196 1090 1299 1123 lumen,
1319 1095 1348 1117 et
1368 1090 1495 1125 primitus
1513 1091 1603 1117 datam
1618 1088 1713 1122 conui-

928 1137 1041 1164 tionem.
1060 1136 1115 1164 Hoe-
1128 1137 1184 1172 68
1198 1136 1281 1172 igitur
1296 1136 1375 1164 modo
1388 1137 1420 1163 de
1432 1137 1518 1171 prima
1534 1137 1712 1171 dispositione

927 1182 1098 1210 sentiendum
1123 1188 1177 1216 est,
1198 1182 1261 1217 quia
1288 1187 1345 1210 tres
1373 1183 1416 1210 isti
1438 1183 1550 1210 ordines
1576 1183 1603 1209 in
1628 1191 1710 1209 unum

927 1229 1127 1261 coadnnantnr,
1147 1235 1175 1256 et
1191 1237 1250 1263 qua:
1272 1229 1382 1264 proprie
1402 1237 1451 1264 per
1475 1230 1591 1263 gratiam
1608 1230 1710 1257 indulta

927 1280 1002 1307 sunt,
1029 1275 1056 1302 in
1081 1275 1221 1302 communi
1247 1275 1434 1310 primarioque
1451 1275 1600 1310 possident.
1622 1275 1712 1309 Atque

927 1321 973 1349 hic
987 1322 1054 1348 ordo
1070 1322 1176 1356 primus
1192 1326 1378 1356 nuncupatur,
1398 1321 1436 1348 uti
1454 1328 1487 1348 ex
1508 1320 1588 1354 hujus
1602 1321 1710 1356 septimi

928 1367 1028 1401 capitis
1056 1367 1237 1402 inscriptione
1264 1366 1358 1394 videre
1381 1366 1446 1394 licet
1468 1374 1476 1393 :
1503 1366 1618 1401 primum
1638 1367 1712 1394 enim

927 1414 1114 1442 hierarchiam
1132 1415 1213 1442 trium
1230 1415 1327 1442 horum
1344 1413 1426 1441 simul
1443 1414 1528 1449 ponit.
1544 1413 1657 1448 Ecquid,
1671 1413 1714 1440 ιιι-ι

928 1461 996 1495 quit,
1012 1460 1084 1492 dico,
1099 1461 1171 1495 quod
1183 1460 1338 1495 expiatione
1352 1460 1429 1494 plena
1444 1460 1586 1494 expietur,
1601 1464 1628 1486 et
1650 1459 1712 1486 illu-

928 1507 1062 1534 stratione
1075 1507 1153 1541 plena
1170 1507 1350 1537 illutninctnr,
1363 1506 1623 1540 conscrrationeqne
1634 1505 1713 1540 plena

89 1553 224 1587 κινήσεως
237 1551 340 1579 ἔννοιαν
358 1552 475 1579 δίδωσιν.
502 1551 582 1579 Ἀλλὰ
600 1551 716 1579 συνελὼν
730 1551 813 1587 λέγω,
830 1553 877 1580 καὶ

929 1552 1104 1587 perﬁciatur?
1115 1551 1171 1579 Hoc
1182 1553 1254 1580 enim
1268 1557 1408 1580 extensum
1422 1552 1505 1580 habet
1515 1553 1712 1587 operationem,

87 1598 160 1633 τάχα
175 1598 225 1624 οὐκ
244 1597 406 1630 ἀπεικότως,
424 1598 491 1625 αὐτὸ
504 1598 536 1625 τὸ
560 1598 740 1634 προσεγγίσαι
761 1598 809 1625 καὶ¹
828 1607 877 1634 με-

87 1643 218 1672 calatde
235 1643 286 1678 τῆς
303 1643 451 1680 θεαρχικῆς
472 1644 635 1680 ἐπιστήμης.
666 1644 835 1680 Ἐπιστήμην
849 1643 878 1670 δὲ

87 1689 169 1716 καλεῖ
188 1688 223 1715 τά
236 1687 300 1725 τρία
319 1689 416 1721 ταῦτα,
438 1689 488 1725 τὴν
506 1688 650 1724 κάθαρσιν,
667 1688 713 1715 τὸν
727 1689 876 1724 φωτισμὸν,

87 1735 139 1771 τὴν
158 1734 316 1761 τελείωσιν·
339 1735 381 1762 ὅτι
398 1734 459 1762 καθ’
480 1735 547 1768 ἕξιν,
571 1735 670 1771 μᾶλλον
691 1735 719 1762 δὲ
739 1735 786 1762 καὶ
809 1735 879 1770 ὑπὲρ

86 1780 147 1814 egw
161 1780 291 1817 ἀρρήτως
303 1779 391 1808 ταῦτα
407 1779 533 1816 πρόσεισι
547 1780 586 1816 τῷ
601 1780 670 1816 Θεῷ.
687 1780 757 1807 Δὺτδ
771 1780 836 1816 γοῦν
849 1781 879 1807 τὸ

89 1826 255 1861 μεταλαϐεῖν
270 1826 321 1861 τῆς
336 1826 412 1858 θείας
426 1827 580 1862 ἐπιστήμης
595 1826 729 1862 κάθαρσις
745 1827 813 1858 ἐστι,
832 1827 879 1853 καὶ

88 1872 242 1908 φωτισμὸς,
256 1873 302 1899 καὶ
317 1872 465 1904 τελείωσις,
478 1873 587 1907 ἀγνοίας
599 1873 647 1908 μὲν
658 1873 879 1909 ἀποκαθαίρουσα

87 1920 117 1945 ἐν
133 1920 169 1954 τῇ
191 1917 291 1952 γνώσει
314 1918 369 1945 τῶν
391 1918 564 1954 τελειοτέρων
590 1921 715 1956 μυήσεων
739 1919 810 1946 κατὰ
830 1919 879 1954 τὴν

85 1963 166 1995 τάξιν
173 1963 225 1998 τῆς
242 1963 370 1994 στάσεως
383 1962 477 1998 (ἄλλας
490 1963 544 1998 γὰρ
557 1963 613 1998 ἔχει
627 1963 795 1998 τελειοτέρας
811 1963 881 1998 μυή-

88 2018 150 2041 σεις
173 2009 209 2036 τά
224 2011 355 2046 σεραφὶμ,
371 2011 418 2037 καὶ
440 2009 522 2041 ἄλλας
540 2010 564 2036 οἱ
579 2009 705 2044 ἄγγελοι·
726 2009 806 2044 τυχὸν
826 2008 880 2044 γὰρ

87 2055 121 2088 ἃς
140 2055 234 2090 ἔχουσι
249 2055 419 2092 τελειοτέρας
436 2056 482 2082 καὶ
501 2055 669 2091 ὑψηλοτέρας
689 2054 835 2090 ἐλλάμψεις
855 2055 879 2081 οἱ

87 2100 213 2134 ἄγγελοι,
226 2100 328 2132 ταύτας
348 2100 384 2127 τὰ
404 2101 523 2136 σεραφὶμ
542 2100 657 2131 ἑκτικῶς
676 2092 785 2135 κατέχει
804 2099 881 2135 παρὰ

85 2145 140 2181 τῆς
156 2145 232 2177 θείας
244 2145 382 2182 χάριτος·)
402 2146 556 2180 φωτίζουσα
570 2146 599 2172 δὲ
619 2147 648 2172 ὲν
665 2146 732 2182 αὐτῇ
747 2145 834 2182 ταύτῃ
846 2146 880 2181 τῇ

85 2192 203 2226 γνώσει,
218 2192 252 2218 δι’
266 2189 300 2228 ἧς
319 2193 366 2218 καὶ
387 2192 512 2228 καθαίρει
532 2193 582 2229 τὴν
599 2193 629 2219 οὐ
647 2192 779 2229 πρότερον
794 2200 880 2219 κατα-

928 1601 955 1624 et
970 1597 1047 1632 quasi
1070 1597 1222 1632 imperfecti
1242 1597 1385 1632 cujusdam
1402 1603 1492 1625 motus
1507 1605 1618 1625 sensum
1635 1597 1712 1632 iugc—

929 1642 976 1670 rit.
993 1642 1092 1670 Verum
1108 1644 1266 1670 summatim
1281 1644 1353 1676 dico,
1369 1648 1397 1671 et
1412 1643 1483 1670 forte
1498 1651 1551 1670 non
1565 1644 1712 1673 innuerim,

929 1688 955 1715 id
970 1688 1056 1723 ipsum
1080 1696 1141 1716 esse
1155 1689 1376 1724 appropinquare
1399 1693 1428 1717 et
1447 1690 1653 1716 communicare
1670 1689 1712 1715 ιΙί-

928 1735 998 1762 vintn
1020 1735 1150 1762 scientia.
1177 1734 1326 1762 Scientiam
1346 1739 1437 1762 autem
1461 1739 1542 1762 vocat
1567 1735 1626 1762 haec
1648 1734 1712 1766 tria,

928 1780 1033 1808 scilicet
1064 1781 1268 1815 expiationem,
1295 1780 1538 1813 illuminationeln,
1563 1781 1714 1815 perfectio-

929 1834 1006 1859 nem;
1019 1827 1146 1861 quoniam
1161 1827 1309 1854 secundum
1324 1827 1458 1859 habitum,
1473 1827 1513 1854 vel
1527 1828 1618 1862 potius
1630 1835 1712 1862 supra

930 1873 1062 1905 habitum,
1079 1872 1254 1900 inel'l‘abiliter
1269 1873 1320 1900 ista
1333 1877 1397 1900 sllnt
1415 1873 1442 1899 in
1457 1873 1523 1901 Deo.
1536 1874 1651 1906 Ipsamet
1664 1872 1714 1900 ita-

929 1927 982 1954 que
1005 1919 1182 1954 participatio
1199 1919 1297 1946 divina:
1312 1919 1446 1950 scientia,
1472 1917 1591 1953 expiatio
1605 1923 1668 1951 ,est,
1685 1923 1713 1944 et

930 1965 1091 1993 illuminatio
1116 1970 1200 1999 atque
1223 1964 1368 2000 perfectio,
1394 1964 1578 2000 ignorantiam
1603 1965 1712 1999 quidem

929 2011 1045 2046 expians
1063 2011 1159 2038 notitia
1179 2010 1375 2046 perfectiorum
1392 2011 1598 2038 institutionum
1618 2018 1715 2038 secun-

929 2057 993 2084 dum
1009 2057 1133 2084 urdinem
1152 2061 1241 2084 status
1267 2056 1341 2091 (nam
1358 2057 1426 2083 alias
1441 2056 1621 2092 perfectiores
1637 2056 1715 2084 insti-

932 2104 1048 2130 tutiones
1060 2103 1161 2130 habent
1174 2102 1326 2137 seraphim,
1339 2107 1367 2129 et
1381 2103 1450 2130 alias
1462 2103 1551 2138 angeli
1564 2111 1572 2136 ;
1590 2102 1714 2130 fortassis

930 2150 1003 2178 enim
1017 2149 1194 2184 perfectiores
1206 2156 1238 2176 ac.
1249 2148 1423 2176 sublimiores
1436 2149 1635 2176 illustratioues
1647 2157 1715 2184 quas

931 2195 1018 2231 angeli
1031 2195 1142 2228 habent,
1156 2198 1265 2222 easdem
1281 2195 1416 2230 seraphim
1430 2195 1519 2222 divina
1533 2195 1624 2230 gratia
1638 2195 1715 2223 liabl-

84 2238 230 2273 νοήσασαν
251 2238 376 2274 δύναμιν,
396 2239 504 2270 ἐκεῖνα,
529 2238 601 2274 άπερ
618 2237 666 2265 νῦν
684 2237 812 2272 γινώσκει
836 2237 877 2264 διὰ

932 2241 1042 2270 tualiter
1057 2241 1219 2275 continent),
1237 2241 1394 2269 illuminans
1411 2249 1476 2269 vero
1488 2248 1520 2268 ea
1536 2241 1595 2276 ipsa
1609 2241 1714 2272 notitia,

82 2284 141 2319 τῆς
161 2283 332 2319 ὑψηλοτέρας
345 2283 520 2319 ὲλλάμψεως·
533 2283 580 2310 καὶ
593 2283 734 2311 τελειοῦσα
752 2283 831 2310 πάλιν
851 2285 880 2311 ἐν

82 2330 167 2365 αὐτῷ
178 2330 218 2365 τῷ
234 2331 302 2365 φωτὶ
318 2331 347 2357 ὲν
367 2332 402 2366 τῇ
425 2330 485 2356 καθ’
502 2330 558 2363 ἕξιν
575 2330 676 2365 γνώσει
691 2329 746 2357 τῶν
771 2330 880 2366 ὑψηλῶν

83 2375 136 2402 καὶ
165 2374 366 2410 λαμπροτάτων
390 2376 521 2411 νοήσεων.
540 2376 576 2402 Σὺ
597 2375 626 2401 δὲ
651 2375 711 2410 ὅρα,
732 2375 772 2401 ὅτι
793 2376 821 2402 έν
845 2376 880 2411 τῇ

84 2421 190 2457 γνώσει
208 2422 255 2448 καὶ
265 2421 424 2457 καθαίρεται
443 2422 490 2448 καὶ
511 2421 657 2457 φωτίζεται
672 2422 689 2457 ἡ
703 2421 816 2457 οὐρανία
834 2421 881 2448 δύ-

80 2475 190 2503 ναμις*
206 2467 234 2493 ἐν
249 2467 328 2502 δὲτῷ
339 2467 481 2503 φωτισμῷ,
500 2468 565 2494 ὅταν
584 2467 645 2494 καθ’
669 2466 725 2500 ἕξιν
747 2466 880 2502 φωτισθῇ,

81 2513 134 2540 καὶ
151 2512 341 2548 ἀμετάϐλητος
360 2513 407 2539 καὶ
422 2512 620 2548 ἀμετακίνητος
634 2513 663 2538 εν
677 2511 773 2548 ἐκείνῳ
790 2512 880 2549 μείνῃ,

80 2559 149 2585 τότε
162 2559 195 2595 δὴ
208 2558 369 2586 τελειοῦται.
385 2558 437 2586 Διὰ
449 2558 476 2585 τί
490 2559 518 2586 δὲ
533 2559 581 2585 καὶ
594 2559 623 2585 έν
635 2559 668 2594 τῇ
682 2558 743 2585 καθ’
758 2558 814 2591 ἕξιν
830 2567 880 2585 κα-

80 2604 184 2641 θάρσει
195 2605 227 2631 οὺ
240 2605 400 2636 τελειοῦται,
409 2606 434 2631 εί
449 2605 486 2640 μὴ
497 2606 526 2631 ἐν
537 2604 576 2640 τῷ
587 2604 648 2632 καθ’
661 2604 718 2636 ἕξιν
731 2604 880 2639 φωτισμῷ;

77 2655 155 2683 διότι
175 2656 192 2691 ἠ
209 2655 260 2691 μὲν
281 2655 415 2691 κάθαρσις
428 2655 478 2687 τὰς
495 2655 608 2690 ἀγνοίας
627 2653 818 2690 ἀποκαθαίρει,
835 2654 882 2680 καὶ

77 2701 115 2730 οὐ
131 2704 188 2736 πᾶς
201 2702 352 2738 καθαρθεὶς
364 2702 415 2738 ήδη
432 2702 480 2730 καὶ
492 2703 532 2734 είς
543 2700 574 2729 τὸ
587 2702 672 2738 ἄκρον
689 2700 813 2736 πέφθακε
824 2710 829 2715 ·
841 2700 881 2737 τῷ

77 2749 111 2776 δὲ
141 2749 312 2786 καθαρθέντι
337 2750 352 2776 ὁ
367 2749 508 2785 φωτισμὸς
529 2748 758 2784 ὲπεισερχόμενης
771 2747 879 2780 τελειοῖ,

76 2794 156 2829 ὅπερ
175 2795 233 2822 ἐστὶ
255 2794 424 2830 τελειότερος
448 2794 589 2830 φωτισμός
614 2803 644 2820 τε
669 2793 717 2820 καὶ
738 2793 879 2829 ἕλλαμψις.

77 2843 214 2872 Τοιοῦτον
226 2845 282 2882 γάρ
293 2846 354 2872 ὲστι
364 2846 412 2872 καὶ
426 2845 467 2872 τό·
484 2846 535 2872 Ἑν
545 2844 584 2878 τῷ
595 2845 670 2880 φωτί
680 2852 738 2872 σου
749 2843 881 2879 ὀψόμεθα

77 2890 160 2925 φῶς,
175 2891 302 2927 δηλονάτι
315 2892 344 2919 ὲν
357 2891 398 2927 τῷ
411 2891 542 2927 φωτισμῷ
557 2891 607 2926 τὴν
621 2889 772 2918 τελείωσιν.

931 2296 983 2323 qua
998 2288 1101 2322 expiat,
1118 2287 1245 2315 virtutem
1262 2287 1348 2321 illam,
1366 2296 1427 2323 quae
1447 2288 1522 2323 prius
1545 2296 1598 2317 non
1616 2296 1716 2324 cogno-

930 2334 1026 2363 SCebat
1044 2342 1076 2362 ea
1090 2343 1151 2371 quae
1171 2343 1243 2363 nunc
1258 2336 1398 2370 cognoscit
1413 2343 1461 2370 per
1474 2335 1660 2363 sublimiorem
1683 2336 1716 2362 il-

931 2380 1138 2414 lustrationem;
1165 2386 1246 2415 atque
1268 2381 1412 2416 perliciens
1429 2389 1537 2409 rursum
1558 2383 1653 2410 eodem
1675 2381 1716 2408 lu-

932 2427 1005 2454 mine
1020 2426 1174 2454 inscientia
1191 2427 1323 2454 habitnali
1340 2426 1527 2454 sublimiornm
1543 2432 1570 2454 et
1586 2427 1716 2454 illustris-

931 2474 1061 2501 simarnm
1097 2473 1352 2508 intelligentiarum.
1395 2473 1435 2501 Tu
1475 2481 1542 2501 vero
1571 2473 1715 2501 considera

931 2519 1069 2554 quomodo
1092 2519 1213 2547 caelestis
1228 2519 1316 2547 virtus
1333 2519 1487 2554 cognitione
1510 2523 1538 2546 et
1550 2519 1674 2554 expietur
1688 2522 1716 2545 et

933 2564 1110 2597 illuminetur,
1125 2565 1151 2591 in
1165 2564 1367 2592 illuminatione
1382 2569 1487 2597 autem,
1500 2565 1609 2600 quando
1621 2571 1717 2592 secun-

932 2610 995 2638 dum
1015 2611 1137 2638 habitum
1157 2610 1311 2638 illuminala
1328 2610 1422 2644 fuerit,
1445 2610 1676 2645 immutabilisque
1689 2615 1717 2637 et

932 2657 1104 2685 invariabilis
1118 2657 1145 2685 in
1159 2665 1191 2685 ea
1206 2657 1401 2692 permanserit,
1417 2656 1586 2691 perﬁciatur.
1617 2655 1718 2690 utquid

932 2708 1022 2731 autem
1040 2703 1175 2731 habituali
1190 2703 1348 2738 expiatione
1365 2710 1476 2737 quoque
1491 2709 1544 2730 non
1562 2702 1715 2737 perﬁcitur,

932 2750 980 2777 sed
1002 2754 1105 2777 tantum
1128 2750 1156 2777 iu
1182 2750 1313 2778 habiluali
1341 2748 1566 2776 illuminatione!
1589 2748 1716 2783 quoniam

932 2796 1052 2831 expiatio
1074 2797 1184 2831 quidem
1205 2801 1302 2831 purgat
1319 2795 1492 2831 ignorantia:
1509 2800 1603 2823 etnon
1627 2793 1717 2821 omnis

931 2842 1057 2876 expiatus
1070 2842 1162 2868 statim
1175 2841 1208 2868 ad
1217 2849 1353 2869 summum
1366 2840 1502 2875 pervenit,
1515 2841 1563 2867 sed
1574 2839 1716 2874 expiatum

933 2887 1095 2916 illuminatio
1110 2888 1310 2924 superveniens
1324 2887 1441 2923 perﬁcit,
1458 2895 1490 2915 ca
1507 2886 1633 2914 nimirum
1655 2891 1716 2920 quae
