1933 3075
248 147 298 174 27.1

837 147 865 175 S.
886 146 1034 175 DIONYSH
1052 147 1284 176 ΛΒΕΟΡᾹΟῘΤᾹΞ

1827 152 1878 178 ⁸252

250 205 399 238 perfectior
411 209 452 231 est
467 203 630 232 ittuminatio
646 210 672 231 et
691 204 848 232 illustratio.
872 204 1024 232 Istiusmodi
1043 206 1115 233 enim
1128 211 1169 234 est
1183 212 1210 234 et
1234 207 1321 234 illud:
1340 207 1373 234 1η
1392 207 1491 234 lumine
1507 211 1552 234 tuo
1579 207 1724 235 videbimus
1751 207 1836 234 lumen
1850 206 1874 240 ι,

251 259 349 287 nempe
364 253 391 279 iu
408 251 613 279 iilumiuatione
630 252 836 286 perfectionem.

287 300 300 335 ἐ
317 301 359 328 IV.
378 301 440 328 llaec
456 302 558 335 itaque,
578 301 729 327 secundum
744 308 831 326 meam
848 301 957 335 quidem
974 307 1027 335 spe-

1123 299 1137 335 ς
1154 298 1197 326 IV.
1218 299 1290 335 Αὕτη
1315 300 1363 334 μὲν
1380 297 1425 326 οὖν
1438 300 1520 332 ἐστιν,
1543 300 1581 332 ὡς
1595 300 1656 327 κατ’
1674 301 1742 336 ἐμὴν
1763 301 1875 338 θεωρίαν

250 345 413 372 culationem
437 352 469 371 ac
485 345 609 371 notitiam
628 344 777 378 loquendo,
796 348 837 370 est
857 351 889 370 ea
910 352 991 378 quam
1011 348 1039 371 et

249 391 392 418 scientiam
407 391 526 426 appellat
543 398 556 416 ο
573 390 722 424 propositis
736 389 808 416 circa
831 390 959 417 caelestes
980 390 1037 416 vir-

251 441 322 463 tutes
347 437 519 468 rationibus;
541 437 670 469 quoniam
697 436 831 463 babituali
859 436 972 463 srientia
994 443 1038 463 res

251 482 477 515 praeclarissimas
493 483 622 508 edocetur
643 482 686 509 illa
709 482 796 516 prima
812 481 964 509 coilestium
991 489 1037 508 es-

250 527 400 553 sentiartun
415 527 584 559 distributio,
604 535 665 561 qua:
680 528 705 553 in
725 527 780 562 69
804 527 919 554 circuitu
937 527 982 554 Dei
1005 535 1038 554 ac

250 573 324 598 circa
343 572 426 598 Deum
444 572 600 598 immediate
620 573 756 599 consistit.
775 573 866 607 Atque
887 572 1035 599 notandum

251 619 323 652 quod
347 618 483 652 theologia
506 618 607 644 divinis
636 618 782 644 virtutibus
802 619 901 644 tribuat
923 625 975 644 non
996 625 1037 644 re-

249 667 333 695 ctam,
354 663 401 690 sed
416 663 442 689 in
462 663 578 690 circuitu
601 665 747 690 stationem
760 684 767 694 .
788 663 865 698 juxta
890 663 954 690 illud
975 673 982 691 :
1003 662 1036 690 In

249 708 361 734 cirtuitu
374 708 432 742 ejus
450 708 647 735 tabernaculum
669 709 752 742 ipsius
773 707 793 737 ι,
820 708 920 736 Motum
944 713 1035 735 autem

249 754 331 780 etiam
345 754 526 781 orbicularem
543 754 648 784 tribuit.
665 759 693 780 et
707 750 867 785 rectum.‘ei
883 754 1034 788 obliquum,

226 827 230 830 ,
250 804 278 824 ut
294 799 320 826 in
338 800 425 833 capite
440 805 540 833 quarto
557 799 618 826 libri
635 799 672 826 De
695 800 792 827 diuinis
810 800 962 827 nominibus
980 805 1036 826 tra-

249 846 289 872 dit
304 853 312 872 :
327 846 511 873 orhicularem
528 846 647 880 quidem,
660 846 769 880 quando
785 846 918 880 principio
934 853 1033 873 caren-

250 892 323 919 tibus
336 892 441 926 pulchri
457 891 574 926 bouique
590 891 780 925 splendoribus
795 892 937 925 uniuntur,
954 897 983 919 et
1000 897 1033 920 ad

249 938 332 964 Deum
347 942 463 972 vergunt
478 946 484 964 :
505 942 608 964 rectum
626 943 730 970 autem,
746 938 855 972 quando
873 938 905 964 ad
920 938 1032 965 inferio-

1089 345 1136 371 καὶ
1149 344 1250 379 γνῶσιν
1264 345 1362 376 εἰπεῖν,
1375 345 1408 380 ἢν
1421 345 1468 371 κα)¹
1481 345 1577 380 ὲπιστή
1583 354 1636 381 μην
1654 345 1738 380 λέγει,
1755 346 1808 373 ἀπὸ
1821 346 1875 373 τῶν

1089 389 1275 424 προκειμένων
1293 389 1389 424 λόγων,
1409 391 1474 425 περὶ
1493 390 1546 416 τῶν
1568 391 1702 426 οὐρανίων
1716 391 1874 427 δυνάμεων·

1088 435 1128 462 ὃτι
1150 437 1184 471 τῇ
1209 436 1270 462 καθ’
1292 436 1348 468 ’ἐξιν
1364 436 1503 472 ἐπιστήμῃ
1527 436 1640 471 μυοῦται
1655 436 1690 463 τὰ
1709 437 1843 471 φανότατα
1859 438 1874 473 ἠ

1088 480 1184 516 πρώτη
1200 480 1255 506 τῶν
1268 481 1401 516 οὐρανίων
1421 481 1520 508 οὐσιῶν
1538 481 1727 517 διακόσμησις,
1751 483 1767 518 ὴ
1783 482 1874 518 κύκλῳ

1087 526 1154 552 Θεοῦ
1165 527 1212 552 καὶ
1225 527 1289 562 περὶ
1299 527 1363 552 Θεὸν
1373 526 1482 561 ἀμέσως
1492 528 1633 563 ἑστηκυῖα.
1644 529 1698 554 Καὶ
1709 529 1873 563 σημειωτέον

1087 572 1128 599 ὅτι
1148 573 1178 598 οὐ
1191 572 1326 608 δίδωσινὴ
1342 573 1466 608 θεολογία
1486 575 1547 605 ταῖς
1568 573 1653 606 θείαις
1675 574 1805 609 δυνάμεσι
1824 575 1874 610 τὴν

1087 617 1129 643 ἐπ’
1143 617 1259 649 εὐθείας,
1272 617 1339 644 ἀλλὰ
1351 619 1400 654 τὴν
1410 618 1502 654 κύκλῳ
1514 618 1618 650 στάσιν,
1631 618 1702 645 κατὰ
1712 619 1751 645 τό·
1766 620 1874 650 mimici

1086 663 1178 690 αὐτοῦ
1195 664 1214 697 ἡ
1226 664 1326 697 σκηνὴ
1339 665 1441 691 αὑτοῦ.
1461 664 1514 700 Τὴν
1526 665 1553 690 δὲ
1566 665 1672 700 κίνησιν
1683 665 1730 691 καὶ
1742 665 1873 700 κυκλικὴν

1085 707 1185 739 δίδωσι,
1204 707 1252 734 καὶ
1274 709 1333 734 κατ’
1360 709 1477 741 εὐθεῖαν,
1497 709 1544 736 καὶ
1568 709 1712 744 ἑλικοειδῆ,
1733 709 1770 741 ὡς
1792 710 1873 741 αὐτὸς

1086 762 1168 789 φησιν
1184 755 1212 780 ἐν
1225 754 1264 789 τῷ
1274 754 1396 790 τετάρτῳ
1409 755 1547 790 κεφαλαίῳ
1557 755 1605 781 τοῦ
1618 755 1688 789 Περὶ
1703 755 1790 782 θείων
1803 756 1871 783 dro-

1081 798 1185 832 μάτων
1211 798 1331 833 βιϐλίου*
1358 799 1489 835 κυκλικὴν
1514 801 1573 835 μὲν,
1601 801 1645 827 ὅτε
1663 802 1725 832 ταῖς
1744 800 1874 836 ἀνάρχοις

1084 843 1206 870 ὲνοῦνται
1223 843 1270 870 τοῦ
1289 843 1372 870 καλοῦ
1395 845 1442 870 καὶ
1461 844 1564 878 ἀγαθοῦ
1582 844 1742 880 ἐλλάμψεσι,
1765 847 1812 872 καὶ
1833 847 1874 876 εἰς

1083 889 1147 915 Θεὸν
1162 890 1290 925 ῥέπουσι·
1305 890 1355 924 τὴν
1376 890 1419 915 ἐπ’
1443 890 1550 922 εὐθείας
1570 891 1608 922 δὲ,
1629 891 1729 917 ὁπόταν
1742 892 1873 927 προΐωσιν

1083 935 1123 966 εἰς
1135 935 1183 971 τὴν
1202 935 1256 962 τῶν
1280 936 1433 971 ὑφειμένων
1452 935 1590 971 πρόνοιαν,
1609 936 1669 962 τότε
1689 936 1753 972 γὰρ,
1770 936 1873 968 εὐθέως

249 991 308 1010 rttm
330 983 528 1018 providentiam
555 984 716 1017 procedunt.
738 988 800 1010 tunc
818 983 890 1010 enim
909 989 982 1011 recte
998 984 1027 1011 ad

1085 980 1152 1016 πρὸς
1175 981 1267 1008 ἐκεῖνα
1298 982 1486 1017 περαίνονται·
1505 981 1637 1017 ἑλικοειδῆ
1663 983 1691 1009 δὲ
1734 984 1798 1010 ὅταν
1823 983 1872 1010 καὶ.

249 1037 280 1056 ea
300 1030 431 1061 tendunt;
447 1029 586 1063 obliquutn
602 1037 677 1060 vero,
695 1032 756 1056 dum
775 1029 952 1057 inferioribus
967 1037 1033 1057 con-

246 1075 378 1108 sulentes,
399 1075 541 1102 indivulsre
556 1083 612 1102 sua:
628 1075 779 1102 immanent
795 1076 939 1107 identitatl,
959 1076 1032 1104 circa

246 1130 358 1149 causam
375 1122 525 1149 idenlilatis
543 1122 685 1156 pulchrum
700 1127 727 1149 et
745 1122 844 1149 bonum
863 1122 1033 1150 incessanter

247 1169 492 1203 rircumgyrantes.
512 1167 557 1194 Ille
572 1168 643 1194 enitn
658 1169 813 1202 angelorum
831 1169 973 1201 circuitus,
989 1174 1032 1197 est

247 1218 378 1247 perpetua
398 1212 443 1238 Dei
463 1212 597 1246 cognitio,
619 1221 679 1246 qum
696 1219 828 1247 perpetuo
847 1220 920 1240 motu
939 1215 1031 1242 circu-

246 1257 338 1283 lariter
358 1257 384 1283 in
403 1256 496 1283 eodem
516 1257 634 1283 stabilita
652 1262 703 1291 est,
720 1258 796 1290 juxta
815 1258 879 1285 illttd
895 1258 1030 1286 Isaiszt

245 1302 377 1337 semp/tim
399 1304 502 1329 stabant
526 1303 553 1329 in
570 1303 682 1329 circuitu
697 1304 773 1338 ejus;
788 1308 813 1330 et
838 1305 1030 1339 prosequendo

245 1349 302 1376 ait:
328 1348 363 1374 E-l
383 1348 484 1375 duabus
510 1349 560 1375 ali:
582 1349 703 1375 volabunt
719 1354 749 1376 ει.
771 1349 912 1382 Quomodo
939 1352 1031 1386 itaque

245 1399 318 1421 stant
333 1395 415 1421 simul
427 1400 454 1421 et
471 1395 632 1422 moventur?
648 1395 823 1423 manifestum
838 1397 942 1431 utique,
957 1398 1029 1433 quod

246 1440 272 1467 in
290 1441 384 1467 eodem
409 1441 519 1475 quidem
545 1441 706 1473 consistant.
736 1449 896 1470 moveantur
914 1451 979 1471 vero
996 1444 1030 1471 ad

245 1486 319 1513 illam
340 1486 561 1515 illustrationem.
581 1487 814 1519 Quemadmodum
830 1490 902 1516 enim
920 1489 1030 1517 univer-

245 1539 304 1558 sutn
318 1532 380 1564 hoc,
392 1532 473 1559 utsic
487 1533 586 1563 dicam.
595 1540 627 1560 eo
641 1533 701 1567 ipso
713 1534 775 1561 dum
788 1535 959 1562 circulariter
972 1544 1029 1563 mo-

243 1582 333 1608 vetur,
351 1577 453 1611 pariter
471 1583 604 1612 perpetuo
620 1579 720 1606 mobile
737 1583 789 1613 est,
815 1585 841 1607 et
866 1581 1026 1614 immobile;

245 1622 383 1649 immobile
402 1623 522 1657 quidem,
540 1624 690 1650 secundum
715 1629 812 1658 totmn,
828 1635 880 1653 non
899 1627 970 1654 enim
995 1628 1029 1654 de

245 1668 302 1696 loco
320 1669 352 1696 ad
372 1669 460 1696 locum
483 1672 595 1706 migrat;
622 1676 754 1706 perpetuo
769 1680 833 1700 vero
852 1673 961 1705 mobile,
977 1681 1022 1700 se-

243 1717 361 1742 cundum
385 1722 478 1751 partes
495 1738 502 1744 .
534 1719 571 1745 ita
593 1719 735 1746 cmlcslem
753 1727 863 1754 quoque
879 1720 1026 1748 circuitum

243 1761 387 1796 intelligit;
411 1770 473 1789 nam
490 1768 517 1790 et
533 1763 591 1798 ipse
605 1771 713 1799 quoque
732 1771 863 1799 perpetuo
881 1771 954 1793 motu
972 1771 1027 1793 sta-

244 1807 348 1840 bilitur,
364 1815 395 1835 ac
409 1809 430 1835 si
445 1809 514 1836 ﬁxus
528 1816 654 1838 maneret
667 1811 740 1837 circa
755 1812 826 1838 idem
842 1820 950 1847 semper
962 1821 1026 1840 cou-

243 1862 349 1887 versus,
361 1863 448 1889 eoque
471 1863 598 1890 vergens.
617 1858 686 1890 quod
704 1865 843 1891 unuquam
866 1858 894 1884 iit
910 1858 935 1884 in
951 1864 1024 1886 motu

243 1905 328 1926 recto.
346 1900 412 1927 Cum
435 1901 527 1935 itaque
553 1901 586 1928 ad
604 1903 725 1929 divinum
748 1902 853 1930 Numen
869 1903 922 1930 hoc
946 1905 1025 1931 modo

242 1952 351 1980 semper
372 1952 485 1981 vergat,
516 1948 613 1975 multas
642 1949 752 1983 quidem
779 1954 806 1976 et
830 1950 924 1977 beatas
951 1951 1025 1978 videt

241 1992 499 2026 cantetuplatioues,
528 1993 610 2028 idque
639 2002 706 2028 pure
723 1995 873 2021 secundum
902 1995 1023 2022 habitum

241 2045 334 2069 suum,
359 2046 411 2065 non
428 2041 575 2066 secundum
595 2040 748 2066 divinorum
766 2041 901 2068 radiorum
918 2042 1025 2068 evibra-

243 2085 354 2116 tionem,
377 2092 406 2112 ut
425 2085 453 2112 in
478 2093 506 2113 se
524 2090 599 2117 sunt,
620 2087 838 2120 quandoquidem
866 2087 891 2113 hi
917 2095 1024 2122 qu0que

239 2130 411 2163 obveleutur,
422 2132 572 2158 secundum
587 2131 694 2165 Scriptu
700 2139 743 2158 ras
754 2133 959 2166 prophetarum.
969 2134 1022 2160 Sed

241 2176 312 2202 sicut
333 2177 355 2202 is
377 2176 424 2210 qui
449 2185 530 2204 sanos
546 2178 627 2204 habet
643 2177 748 2209 oculos,
764 2178 848 2205 solem
872 2186 938 2213 pure
951 2179 1023 2206 videt

239 2221 351 2249 omnino
365 2223 514 2249 secundum
535 2231 613 2250 suum
638 2224 779 2254 habitum,
798 2224 872 2252 nullo
889 2230 1021 2259 quantum

239 2270 327 2293 estex
346 2271 423 2299 parte
443 2267 584 2294 oculorum
607 2267 664 2301 ejus
691 2268 885 2302 impedimento
902 2270 1021 2296 interve-

1086 1026 1259 1060 προνοοῦντες
1266 1027 1320 1054 τῶν
1325 1028 1539 1063 καταδεεστέρων
1547 1029 1747 1064 ἁνεκφοιτήτως
1755 1029 1873 1064 μένωσιν

1084 1073 1114 1099 ἐν
1133 1073 1287 1108 ταύτότητι,
1304 1074 1368 1110 περὶ
1382 1074 1412 1100 τὸ
1430 1074 1480 1109 τῆς
1497 1074 1660 1110 ταύτότητος
1681 1075 1767 1101 αἴτιον
1788 1075 1872 1101 καλὸν

1083 1118 1130 1144 καὶ
1145 1118 1245 1151 ἀγαθὸν
1258 1119 1453 1154 ἀκαταλήκτως
1468 1120 1700 1155 περιχορεύοντες.
1717 1119 1801 1147 Τοῦτο
1816 1121 1873 1156 γάρ

1082 1165 1139 1191 ἐστι
1160 1165 1207 1191 καὶ¹
1227 1164 1258 1191 τὸ
1278 1165 1331 1191 τῶν
1355 1165 1477 1200 ἀγγέλων
1500 1166 1697 1202 περιχάρευμα,
1719 1168 1736 1202 ἡ
1761 1166 1873 1199 αἰώνιος

1082 1211 1146 1247 περὶ
1160 1210 1228 1238 Θεοῦ
1242 1211 1352 1245 γνῶσις,
1371 1213 1387 1248 ἡ
1410 1211 1481 1238 κατὰ
1501 1211 1599 1238 κύκλον
1617 1213 1778 1249 ἀεικινήτως
1798 1213 1873 1249 ἱδρυ-

1084 1257 1151 1293 μένη
1175 1259 1214 1289 είς
1233 1258 1264 1284 τὸ
1281 1259 1357 1289 αὐτὸ,
1379 1258 1425 1284 καὶ
1444 1257 1522 1285 τοῦτο
1542 1259 1574 1284 ἐκ
1594 1259 1640 1285 τοῦ
1666 1259 1786 1286 Ἡσαΐου·
1813 1260 1870 1286 Καὶ

1081 1303 1211 1338 Σεραφὶμ
1227 1303 1419 1336 εἰστήκεισαν
1433 1305 1534 1336 κύκλῳ
1546 1305 1637 1332 αὐτοῦ
1649 1313 1654 1320 ·
1668 1306 1714 1332 καὶ
1727 1314 1872 1342 παρακατ-

1081 1347 1139 1374 ιών·
1179 1347 1244 1380 Ταῖς
1272 1347 1363 1374 δυσὶν
1392 1347 1552 1379 ἑπέταντο,
1582 1349 1658 1384 φησί.
1687 1349 1749 1380 Πῶς
1777 1349 1870 1375 τοίνυν

1080 1393 1202 1419 ἵστανται
1215 1393 1274 1428 ἃμα
1294 1393 1341 1419 καὶ
1358 1392 1494 1419 κινοῦνται
1505 1401 1511 1425 ;
1524 1393 1604 1428 δῆλον
1634 1391 1679 1420 οὖν
1692 1395 1732 1420 ὅτι
1744 1394 1871 1422 ἵστανται

1082 1438 1131 1473 μὲν
1146 1439 1210 1474 περὶ
1223 1438 1253 1464 τὸ
1273 1438 1349 1470 αὐτὸ,
1366 1438 1501 1464 κινοῦνται
1515 1438 1543 1464 δὲ
1557 1441 1625 1474 προς
1637 1439 1745 1473 ἐκείνην
1758 1438 1807 1474 τὴν
1824 1439 1871 1465 ἔλ-

1079 1483 1192 1519 λαμψιν.
1219 1484 1263 1516 Ὠς
1282 1483 1336 1519 γὰρ
1355 1484 1386 1510 τὸ
1402 1484 1455 1510 πᾶν
1470 1483 1558 1516 τοῦτο,
1581 1483 1646 1519 φέρε
1670 1485 1767 1517 εἰπεῖν,
1787 1485 1816 1510 ὲν
1829 1484 1871 1520 τῷ

1080 1529 1171 1564 κύκλῳ
1186 1529 1328 1560 κινεῖσθαι,
1343 1530 1390 1556 καὶ
1402 1530 1553 1565 ἀεικίνητόν
1570 1531 1638 1560 ἐστι,
1657 1531 1704 1557 καὶ
1722 1531 1851 1565 ἀκίνητον

1079 1575 1207 1610 ἀκίνητον
1220 1575 1268 1610 μὲν
1281 1575 1352 1601 κατὰ
1363 1575 1393 1601 τὺ
1404 1575 1474 1606 ὅλον,
1485 1575 1515 1601 οὺ
1528 1575 1581 1611 γὰρ
1594 1577 1626 1601 ἐκ
1637 1576 1719 1602 τόπου
1734 1577 1774 1608 είς
1784 1576 1871 1603 τόπον

1082 1618 1248 1653 μεταϐαίνει,
1265 1619 1417 1654 ἀεικίνητον
1434 1619 1461 1645 δὲ
1477 1620 1547 1646 κατὰ
1566 1619 1599 1646 τὰ
1615 1620 1683 1656 μέρη
1695 1629 1701 1635 ·
1717 1620 1787 1646 οὕτω
1809 1630 1870 1653 πως

1084 1664 1136 1690 νόει
1160 1665 1207 1690 καὶ
1229 1664 1278 1699 τὴν
1300 1665 1429 1700 οὐρανίαν
1451 1665 1655 1701 περιχάρευσιν·
1681 1667 1729 1693 καὶ
1749 1667 1805 1703 γὰρ
1818 1669 1869 1694 καὶ

1079 1709 1149 1744 αὕτη
1168 1710 1329 1745 ἀεικινήτως
1350 1711 1463 1746 ἵδρυται,
1486 1711 1567 1737 οἱονεὶ
1583 1711 1669 1745 παγία
1694 1712 1780 1747 μένει,
1802 1713 1866 1748 περὶ

1077 1755 1107 1781 τὸ
1125 1755 1190 1781 αὐτὸ
1213 1756 1256 1781 ἀεὶ
1271 1756 1449 1791 στρεφομένη,
1463 1757 1573 1783 κάκεῖσε
1591 1757 1714 1790 νεύουσα,
1730 1758 1799 1793 ὅπερ
1816 1759 1868 1785 οὐκ

1078 1801 1111 1828 ἂν
1137 1801 1243 1829 γένοιτο
1267 1801 1376 1828 πὼποτε
1395 1803 1442 1828 ἐπὶ
1461 1803 1509 1837 τῆς
1531 1803 1574 1829 ἐπ’
1595 1803 1702 1835 εὐθείας
1721 1804 1866 1839 κινήσεως.

1077 1851 1171 1878 Τοίνυν
1193 1851 1240 1878 καὶ
1261 1852 1322 1878 ἐπεὶ
1340 1853 1553 1888 τοιουτοτρόπως
1576 1853 1644 1888 πρὸς
1666 1853 1695 1879 τὺ
1718 1854 1796 1881 Θεῖον
1819 1856 1864 1882 ἀεὶ

1076 1897 1160 1929 νεύει,
1186 1897 1288 1929 πολλὰς
1309 1898 1357 1933 μὲν
1375 1898 1422 1924 καὶ
1445 1900 1582 1934 μακαρίας
1599 1900 1649 1935 ὁρᾷ
1669 1899 1794 1934 θεωρίας,
1813 1909 1866 1927 κα-

1076 1942 1166 1978 θαρῶς
1178 1943 1249 1970 κατὰ
1259 1944 1309 1979 τὴν
1322 1944 1419 1979 ὲαυτῆς
1434 1944 1499 1976 ἕξιν,
1513 1945 1543 1970 οὐ
1555 1945 1626 1971 κατὰ
1637 1945 1685 1980 τὴν
1698 1945 1772 1971 θείαν
1785 1946 1867 1973 ἀκτι-

1074 1989 1207 2022 νοϐολίαν,
1220 1989 1311 2021 καθὼς
1324 1990 1391 2024 ἔχει,
1405 1990 1466 2016 ἐπεὶ
1477 1991 1523 2016 καὶ
1533 1999 1566 2016 πε
1572 1990 1780 2025 ρικαλύπτονται
1793 1992 1866 2019 κατά

1074 2034 1123 2065 τὰς
1135 2033 1189 2060 τῶν
1202 2033 1348 2069 προφητῶν
1360 2033 1506 2067 θεολογίας.
1530 2033 1597 2058 Ἀλλ’
1612 2033 1649 2064 ὡς
1666 2033 1758 2068 βλέπει
1772 2034 1786 2059 ὁ
1799 2035 1865 2062 τοὺς

1074 2084 1229 2119 ὀφθαλμοὺς
1239 2084 1367 2117 ὑγιαίνων
1381 2083 1425 2109 τὸν
1439 2083 1512 2118 ἥλιον
1523 2083 1660 2115 καθαρῶς,
1672 2083 1779 2114 πάντως
1791 2083 1865 2110 κατὰ

1073 2131 1122 2166 τὴν
1137 2129 1235 2156 ἑαυτοῦ
1249 2130 1316 2161 ἕξιν,
1331 2129 1435 2161 οὺδενὺς
1456 2129 1579 2165 ἐμποδὼν
1593 2130 1738 2164 γενομένου
1753 2130 1815 2156 ὅσον
1830 2131 1862 2156 ἐκ

1073 2176 1126 2202 τῶν
1147 2175 1293 2211 ὀφθαλμῶν
1308 2175 1401 2207 αὑτοῦ,
1417 2175 1473 2201 ἀλλ’
1488 2174 1514 2201 εἰ
1529 2184 1554 2201 τι
1574 2174 1606 2201 ἂν
1621 2175 1662 2210 εἴη
1677 2174 1706 2200 τὸ
1721 2175 1862 2209 ἐμπόδιον,

1072 2221 1123 2256 τῆς
1134 2220 1181 2247 τοῦ
1195 2221 1271 2256 ἡλίου
1285 2220 1472 2252 ἀκτινοόολίας
1486 2221 1570 2251 ἐστὶν,
1585 2220 1623 2251 ὡς
1640 2220 1677 2255 μὴ
1692 2220 1772 2255 φύσιν
1783 2222 1864 2256 ἐχου-

1073 2275 1123 2302 σης
1137 2266 1330 2302 πληρεστάτως
1345 2266 1518 2298 ἐπιπολάζειν
1532 2268 1588 2297 τοῖς
1602 2267 1749 2302 ὀφθαλμοῖς
1759 2275 1766 2282 ·
1782 2268 1864 2294 τοῦτο

239 2313 350 2345 niente;
375 2313 421 2340 sed
444 2313 466 2340 si
493 2314 563 2347 quod
590 2315 763 2341 obstaculum
790 2316 837 2347 sit,
870 2316 895 2342 id
920 2317 1021 2344 accidit

1078 2313 1127 2340 σόει
1151 2313 1197 2340 καὶ
1220 2314 1266 2339 ἐπὶ
1287 2313 1341 2340 τῶν
1365 2314 1443 2339 θείων
1462 2313 1610 2348 δυνάμεων.
1631 2313 1687 2339 Καὶ
1708 2313 1779 2339 οὕτω
1811 2315 1862 2349 μὲν

237 2357 376 2384 emissioni
400 2357 537 2384 radiorum
562 2357 639 2390 solis,
665 2364 693 2385 ut
715 2367 776 2393 qua:
802 2366 919 2394 nequeat
943 2362 1021 2395 plene

237 2402 324 2429 oetilis
341 2410 371 2429 se
388 2403 535 2431 immittere
555 2415 560 2432 :
581 2403 651 2431 idem
669 2405 758 2438 cogita
775 2405 857 2432 etiam
871 2406 897 2432 in
914 2407 1022 2434 virtuti-

237 2447 287 2474 bus
299 2448 409 2475 divinis.
420 2449 508 2483 Atque
519 2450 555 2476 ita
570 2451 679 2484 quidem
692 2458 761 2485 pure
775 2452 1020 2486 contemplationes

237 2492 378 2527 intuetur,
398 2494 552 2522 illustratur
568 2501 658 2522 autem
682 2495 853 2530 simplicibus
874 2502 902 2524 et
920 2498 1019 2525 imme-

236 2539 318 2566 diatis
332 2541 577 2573 coruscationibus,
596 2547 623 2568 et
639 2549 816 2577 nequaquam
834 2543 1020 2571 mediantibus

235 2585 367 2620 symbolis
378 2594 438 2620 quae
453 2587 528 2621 prius
547 2588 881 2623 voeavitcompositiones.
896 2588 1017 2616 Satiatur

235 2637 316 2665 porro
337 2632 427 2660 divino
444 2633 522 2665 cibo,
549 2633 632 2660 multo
655 2634 746 2667 simul,
768 2639 796 2661 et
820 2641 897 2661 uno:
921 2634 1016 2668 inulto,

235 2675 289 2710 70
303 2677 450 2704 secundum
466 2676 656 2709 dimisionem;
680 2686 746 2711 uno,
763 2678 826 2712 quia
846 2678 956 2706 minime
970 2687 1017 2705 va-

235 2721 274 2747 ria
291 2725 334 2748 est
348 2725 376 2748 et
391 2722 489 2749 unilica
504 2724 645 2750 comestio.
665 2723 802 2750 Comestio
817 2728 906 2750 autem
923 2724 1013 2750 cibus-

233 2773 286 2800 quc
302 2767 472 2802 angelorum,
492 2772 535 2796 est
549 2768 693 2797 illustratio
707 2774 735 2798 et
752 2769 888 2803 eruditio;
907 2770 928 2797 si
941 2770 1013 2797 enim

269 2853 280 2872 ¹ί
300 2853 372 2883 Psal.
397 2862 478 2890 xxxv,
495 2855 538 2884 10.
579 2855 588 2876 ι
607 2856 679 2885 Psal.
704 2864 770 2889 xvu.
793 2857 835 2886 12.

887 2861 905 2873 "
919 2857 969 2885 lsa.
984 2865 1022 2890 vt.
1034 2857 1062 2886 Ξ.

1072 2359 1199 2395 καθαρῶς
1215 2359 1265 2390 τὰς
1280 2358 1395 2394 θεωρίας
1409 2359 1469 2394 ὁρᾷ,
1485 2358 1650 2393 ἑλλάμπεται
1665 2359 1693 2385 δὲ
1707 2358 1755 2390 τὰς
1770 2360 1862 2392 ἁπλᾶς

1071 2405 1118 2432 καὶ
1130 2405 1250 2440 ἁμέσους
1266 2405 1458 2440 μαρμαρυγὰς,
1479 2405 1509 2431 οὺ
1526 2405 1574 2436 τὰς
1593 2405 1636 2431 διὰ
1652 2405 1741 2440 μέσων
1759 2407 1862 2440 συμϐό-

1071 2449 1134 2482 λων,
1149 2450 1182 2482 ἃς
1195 2450 1227 2486 δὴ
1238 2451 1284 2478 καὶ
1300 2450 1436 2481 συνθέσεις
1451 2450 1547 2486 πρῲ-ην
1563 2450 1699 2477 ἐκάλεσεν.
1722 2451 1861 2488 Ἀποπλη-

1071 2495 1165 2531 ροῦται
1177 2496 1205 2522 δὲ
1223 2496 1272 2531 τῆς
1296 2495 1371 2527 θείας
1383 2496 1496 2531 τροφῆς,
1512 2496 1611 2531 πολλῆς
1626 2497 1693 2531 ἅμα,
1710 2497 1756 2523 καὶ
1772 2499 1837 2532 μιᾶς
1852 2507 1857 2513 ·

1070 2542 1170 2577 πολλῆς
1198 2542 1267 2569 κατὰ
1289 2542 1339 2577 τὴν
1369 2542 1457 2577 χύσιν,
1483 2543 1546 2577 μιᾶς
1572 2542 1613 2568 ὅτι
1635 2543 1789 2574 ἀποίκιλτος
1809 2544 1859 2570 καὶ

1067 2587 1188 2619 ἑνοποιὸς
1211 2589 1227 2622 ἡ
1258 2588 1388 2619 ἑστίασις,
1418 2588 1554 2620 Ἐστίασις
1570 2588 1598 2614 δὲ
1621 2588 1668 2617 καὶ
1690 2588 1776 2624 τροφὴ
1801 2590 1856 2616 τῶν

1067 2633 1190 2666 ἀγγέλων
1207 2633 1342 2669 πάντωςή
1358 2634 1488 2669 ἕλλαμψις
1505 2634 1552 2661 καὶ
1568 2635 1583 2670 ἡ
1606 2633 1722 2669 μάθησις
1734 2643 1740 2649 ’
1758 2636 1783 2661 εί
1801 2636 1854 2669 γὰρ

1066 2679 1112 2705 καὶ
1124 2679 1140 2713 ὴ
1159 2679 1275 2714 μάθησις
1286 2680 1372 2716 τροφὴ
1385 2680 1431 2707 τοῦ
1443 2681 1588 2716 τρέφοντος
1603 2680 1709 2714 λέγεται
1722 2680 1792 2706 κατὰ
1808 2681 1853 2707 τὸν

1065 2724 1194 2758 Θεολόγον
1206 2726 1253 2751 καὶ
1269 2726 1355 2761 μέγαν
1368 2727 1527 2762 Γρηγόριον,
1546 2725 1633 2760 πολλῷ
1646 2734 1676 2760 γε
1691 2726 1789 2761 μᾶλλον
1806 2727 1852 2752 καὶ

1065 2770 1080 2804 ἡ
1101 2769 1219 2806 μάθησις
1230 2772 1317 2808 τροφὴ
1330 2772 1362 2799 ἂν
1379 2771 1424 2798 τοῦ
1438 2772 1602 2808 τρεφομένου
1618 2771 1731 2806 λέγοιτο.
1750 2771 1812 2804 Πῶς
1823 2771 1851 2798 δὲ
