1933 3075
40 126 104 158 S33

301 126 345 156 DE
361 128 523 157 COELESTI
540 129 763 163 HlERARCHlA,
781 131 855 160 CAP.
878 131 933 160 γη.
949 147 984 152 -
997 132 1173 162 PARAPHR.
1193 134 1426 164 PACHYMEIUE.

1634 140 1687 169 εει

41 192 59 223 ἡ
80 190 212 221 ἑστίασις
227 189 383 221 ἁποίκιλτος
399 191 446 217 καὶ
468 190 609 224 ἑνοποώς;
634 192 675 218 ὃτι
692 192 776 227 ἁπλῆ,
802 193 840 219 καὶ

899 192 980 219 etiam
1003 193 1120 220 eruditio
1145 194 1221 221 cibus
1238 195 1386 224 nutrientis
1417 188 1685 233 appellaturjuxta

42 237 98 262 οὐκ
117 235 151 269 ἐξ
168 235 256 263 ἄλλων
270 236 316 262 καὶ
331 235 418 262 ἄλλων
438 237 615 272 συγκειμένη,
636 236 683 264 νῦν
702 238 750 273 μὲν
766 238 848 273 τυχὸν

42 282 201 318 νοστίμων,
219 281 267 309 νῦν
281 281 310 309 δὲ
320 282 351 308 οὐ
367 282 504 314 τοιούτων,
522 282 578 309 ἀλλ’
591 283 638 318 ὅλη
651 283 787 319 νόστιμος,
801 284 848 311 καὶ

43 329 157 365 ἀγαθὴ,
175 328 222 356 καὶ
238 328 370 361 θεοποιὺς,
384 329 431 356 καὶ
446 329 583 363 ἀγνοοῦσα
596 329 710 357 καθόλου
722 330 767 357 τὸν
780 330 848 364 ἴλιγ-

43 384 111 410 γον,
136 375 229 407 καθὼς
245 376 292 403 καὶ
309 375 404 412 ’πρώην
420 376 560 412 ἐλέγομεν.
580 377 617 404 Οὐ
641 378 731 412 χεῖρον
755 377 782 404 δὲ
799 378 846 404 καὶ

43 422 99 458 τὴν
117 422 168 449 τοῦ
192 421 238 449 νοῦ
255 422 386 458 κυκλικὴν
402 422 508 458 κίνησιν
526 422 705 458 καταμαθεῖν.
723 422 847 458 Λέγομεν

43 468 155 500 τοίνυν,
173 469 214 495 ὅτι
231 469 285 495 πᾶν
300 468 331 494 τὸ
346 467 404 500 νοῦ,
422 468 438 504 ἢ
455 467 517 500 νοῦς
532 468 561 495 ὃν
577 471 643 500 νοεῖ,
657 468 673 504 ἢ
690 468 751 495 νοῦν
768 468 843 504 ἕχον·

43 516 59 541 ὁ
78 514 133 549 μὲν
151 514 213 546 νοῦς
230 514 267 541 ὢν
286 513 402 550 πρώτως
418 515 487 541 νοεῖ¹
505 514 535 541 τὸ
551 514 579 541 δὲ
594 514 656 541 νοῦν
679 514 741 550 ῑχον
757 514 847 541 δευτέ-

43 569 104 596 ρως
117 561 187 587 νοεῖ.
203 559 279 587 Καθὸ
294 559 360 595 γοῦν
376 559 438 591 νοῦς
454 559 491 586 ὢν
504 561 569 593 νοεῖ,
586 560 719 587 κινεῖσθαι
735 559 844 594 λέγοιτο

43 606 78 633 ἄν
91 615 98 621 ·
119 605 192 632 καθὸ
207 605 235 632 δὲ
249 605 436 641 ἀνακάμπτων
451 605 498 632 καὶ
515 605 580 640 περὶ
597 603 677 632 αὐτὸν
691 605 843 640 γινόμενος,

43 651 149 678 ἑαυτὸν
158 653 222 683 νοεῖ,
231 650 333 678 καὶτὸν
344 649 398 686 πρὸ
410 650 492 676 αὑτοῦ
506 650 535 682 ἐξ
543 646 574 679 οὗ
589 650 714 686 συνέστη,
728 650 844 686 κυκλικὴ

43 699 200 725 ἐπινοεῖται
223 698 240 733 ἡ
256 697 374 733 κίνησις.
402 697 445 728 Ὠς
461 695 509 723 οὖν
524 697 556 723 ὲκ
579 696 648 723 Θεοῦ
670 696 845 732 βουληθέντος

43 744 227 780 προϐληθεὶς,
251 744 316 780 περὶ
331 744 380 778 τὴν
402 742 449 770 τοῦ
467 742 534 769 Θεοῦ
550 742 643 777 ἔφεσιν
660 743 706 770 καὶ
723 744 843 778 ἀγάπην,

43 792 84 823 ὡς
102 792 171 828 περὶ
187 792 310 826 κέντρον,
327 791 403 818 ἔσται
415 799 422 805 ·
441 791 471 817 οὐ
487 790 541 826 γὰρ
558 790 666 818 ἑνοῦται
681 790 716 817 τὰ
733 790 845 826 δεύτερα

43 841 104 871 τοῖς
119 838 174 874 πρὸ
186 838 285 869 αὐτῶν,
299 837 367 864 ἀλλὰ
378 836 473 873 χορείᾳ
483 837 539 863 τινὶ
549 836 580 863 τὸ
595 836 736 872 γινόμενον
753 837 825 864 ἔοικε
835 845 842 853 ”

45 884 190 915 κυκλικῶς
200 883 255 919 γὰρ
271 883 325 910 τῶν
343 883 531 918 γεννωμένων,
546 883 599 910 τῶν
611 883 766 917 γεννώντων
782 885 843 911 ἑπι-

44 931 212 966 δράττεσθαι
229 930 379 965 ἐφιεμένων
391 938 397 944 ·
414 929 493 964 μόνον
510 930 538 956 δὲ
551 929 781 966 περιαθρούντων,
795 932 842 957 καὶ

44 977 94 1003 τοῦ
112 976 219 1003 ἐκεῖθεν
240 976 354 1007 κάλλους
370 974 630 1011 ἀποπληρουμένων.
650 975 686 1002 Τὸ
701 973 747 1002 οὖν
764 977 793 1003 έν
809 978 841 1013 τῇ

45 1023 141 1058 νοήσει
154 1022 223 1058 πρὸς
235 1021 266 1048 τὸ
282 1021 335 1058 πρὸ
350 1020 446 1048 ἑαυτοῦ
461 1020 696 1056 ὲπεστραμμένον,
711 1021 843 1057 κυκλικῆς

45 1069 185 1103 κινήσεως
209 1067 312 1095 ἔννοιαν
333 1068 448 1102 εἰσάγει.
482 1067 558 1094 Ἐπεὶ
580 1065 627 1094 οὖν
650 1067 788 1102 πανταχοῦ
812 1067 843 1094 τὸ

45 1115 140 1146 Θείθν,
153 1115 188 1141 τὰ
204 1113 342 1150 πανταχοῦ
355 1113 431 1148 αὐτῷ
444 1112 702 1146 συνακολουθοῦντα,
716 1114 763 1140 καὶ
776 1113 842 1140 αὐτὸ

47 1162 119 1188 νοεῖν
138 1161 183 1187 ἀεὶ
199 1159 336 1192 ἐθέλοντα,
354 1159 400 1185 ἐπὶ
415 1159 502 1194 τούτῳ
519 1159 682 1192 ἀγάλλονται
701 1158 749 1186 καὶ
765 1167 843 1195 περι-

46 1207 219 1244 χορεύουσιν,
238 1206 332 1242 ὥσπερ
354 1207 388 1242 τῇ
410 1206 501 1242 νοήσει
524 1205 704 1241 κυκλούμενα.
728 1205 842 1240 Λέγεται

47 1254 113 1289 γοῦν
130 1253 194 1286 νοῦς
208 1254 237 1280 ἐν
249 1253 338 1288 ἑαυτῷ
351 1250 433 1284 εἶναι,
449 1252 496 1279 καὶ
511 1252 579 1287 πρὸς
590 1252 686 1279 ἑαυτὸν
699 1251 824 1278 σπεύδειν
836 1260 840 1265 ·

48 1297 68 1334 ᾧ
85 1300 134 1335 μὲν
152 1297 198 1326 οὖν
216 1300 245 1325 ὲν
261 1297 349 1333 ἑαυτῷ
372 1298 442 1329 ἐστι,
461 1297 555 1324 στάσιν
578 1297 651 1332 έχει-
676 1296 747 1324 κατὰ
763 1297 790 1324 δὲ
812 1297 842 1324 τὸ

48 1346 118 1382 πρὸς
134 1346 230 1373 ἑαυτὸν
248 1345 383 1377 σπεύδειν,
401 1345 526 1376 κινεῖται,
547 1345 584 1380 μὴ
603 1344 764 1380 βουλόμενος
783 1344 842 1371 δια-

48 1392 155 1428 χεῖσθαι
189 1393 229 1423 εἰς
255 1391 304 1423 τὰς
336 1390 489 1427 προσύλους
512 1391 557 1418 καὶ
585 1391 728 1427 ἀλλοτρίας
760 1391 842 1418 αὐτοῦ

49 1439 169 1472 νοήσεις·
195 1438 266 1464 κατὰ
291 1437 339 1473 μὲν
359 1435 406 1465 οὖν
421 1436 452 1464 τὸ
473 1436 678 1471 ταύτοκίνητον,
705 1438 840 1464 κινεῖται·

48 1484 120 1512 κατὰ
132 1484 161 1510 δὲ
173 1484 222 1519 τὴν
235 1483 328 1510 οὐσίαν
340 1483 433 1510 στάσιν
444 1483 501 1510 ἀλλ’
517 1483 547 1509 οὺ
559 1482 665 1518 κίνησιν
680 1482 745 1518 ἔχει.
765 1482 842 1509 Ἔστι

49 1529 138 1556 τοίνυν
153 1530 200 1556 καὶ
215 1530 261 1556 ἐπὶ
283 1528 337 1555 τῶν
356 1529 435 1556 θείων
458 1529 505 1556 καὶ
520 1529 654 1566 οὐρανίων
677 1529 745 1556 νόων
769 1529 842 1565 ὁρμὴ
857 1542 877 1571 c

50 1577 95 1603 καὶ
107 1576 223 1611 κίνησις,
238 1577 254 1611 ἡ
270 1575 338 1611 πρὸς
352 1575 383 1601 τὸ
394 1575 470 1601 Θεῖον
483 1574 584 1610 ἔφεσις,
599 1575 646 1602 καὶ
667 1576 684 1610 ἡ
699 1575 761 1610 περὶ
775 1575 841 1601 αὐτὸ

50 1622 85 1654 ὡς
110 1622 175 1657 περὶ
202 1622 314 1657 κέντρον
343 1621 460 1656 κυκλικὴ
486 1621 580 1656 χορεία
596 1641 603 1654 ,
625 1621 664 1653 ὼς
690 1622 706 1656 ἠ
728 1621 775 1647 τοῦ
794 1622 842 1648 κύ-

51 1669 113 1696 κλου
130 1669 195 1704 περὶ
209 1669 240 1695 τὺ
254 1668 366 1704 σημεῖον
383 1668 443 1703 ἦτοι
461 1667 583 1704 κέντρον,
601 1668 648 1703 ἀφ’
663 1665 694 1695 οὗ
711 1668 840 1703 συνέστη.

52 1715 105 1741 Καὶ
120 1714 175 1750 γὰρ
191 1714 239 1741 καὶ
263 1713 334 1741 κατὰ
358 1714 475 1749 φυσικὴν
494 1715 617 1750 ἀνάγκην
646 1714 760 1742 ἕκαστον
787 1715 842 1741 τῶν

51 1761 134 1787 ὑντων
154 1761 203 1796 τὴν
225 1760 290 1796 περὶ
305 1761 351 1787 τὸν
375 1760 441 1787 Θεὸν
462 1761 570 1796 χορεύει
585 1761 705 1797 χορείαν,
733 1761 843 1796 ἐφιέμε-

52 1814 94 1833 νον
122 1806 170 1832 τοῦ
192 1806 280 1834 αἰτίου
299 1806 369 1833 κατὰ
383 1806 414 1833 τὸ
436 1804 515 1833 εἶναι.
538 1806 632 1838 Οὕτως
649 1804 694 1834 οὖν
716 1806 780 1842 περὶ
795 1806 841 1832 τὸν

53 1852 158 1879 πάντων
176 1851 286 1887 βασιλέα
302 1852 390 1879 πάντα
408 1852 476 1884 ἐστὶ,
493 1852 540 1879 καὶ
555 1852 659 1879 ἐκείνου
676 1853 756 1879 ἕνεκα
773 1852 843 1879 πάν-

52 1907 93 1932 τα,
111 1899 158 1926 καὶ
181 1899 269 1925 ἐκεῖνο
292 1897 422 1925 ἁπάντων
445 1897 535 1924 καλῶν
559 1898 645 1924 αἴτιον
672 1899 747 1925 Ἐπεὶ
771 1898 842 1926 νεύει

53 1946 118 1982 πρὸς
130 1945 207 1976 Θεὸν,
222 1944 321 1979 πολλῆς
336 1943 481 1975 κοινωνίας
491 1946 538 1973 καὶ
545 1944 703 1981 συνεργείας
716 1943 841 1978 ἠξίωται,

54 1991 78 2018 ὲν
94 1994 127 2028 τῇ
143 1991 211 2027 πρὸς
223 1990 314 2022 αὐτὸν,
326 1990 364 2022 ὡς
378 1990 498 2025 ἐφικτὸν,
515 1989 681 2024 ἀφομοιώσει
691 1998 698 2004 ⁸
713 1989 774 2016 ἐπεὶ
788 1989 842 2025 γὰρ

54 2037 77 2063 ὲν
95 2037 153 2072 Θεῷ
172 2036 228 2068 ἕξις
246 2036 305 2062 ἐστὶ
322 2036 369 2062 καὶ
387 2035 523 2071 ἐνέργεια,
538 2035 657 2070 δηλονότι
674 2035 705 2061 τὸ
721 2034 841 2070 καθαρὸν

55 2084 96 2110 καὶ
112 2084 128 2119 ἡ
146 2082 289 2118 κάθαρσις,
309 2080 339 2108 τὸ
356 2082 413 2116 φῶς
431 2083 478 2109 καὶ⁴
499 2083 513 2108 ὁ
531 2082 679 2118 φωτισμὸς,
695 2082 726 2109 τὸ
740 2082 842 2109 τέλειον

56 2131 97 2156 καὶ
109 2130 138 2155 τὸ
151 2128 313 2155 τελειοποιὺν
331 2128 443 2164 (τούτων
458 2128 512 2164 γὰρ
529 2128 559 2154 τὸ
575 2128 624 2164 μέν
641 2129 714 2154 ἐστιν
728 2128 794 2160 ἕξις,
810 2127 841 2154 τὸ

90 2174 236 2210 ἐνέργεια),
249 2173 362 2209 ἠξίωται
379 2174 426 2201 καὶ
441 2174 511 2209 αὕτη
524 2174 667 2205 κοινωνίας
681 2173 734 2200 τῶν
751 2174 840 2200 καλῶν

57 2221 141 2254 ἕξεων,
161 2221 198 2252 ὡς
218 2218 286 2247 εἶναι
307 2221 354 2247 καὶ
376 2219 488 2256 ταύτην,
509 2220 579 2247 κατὰ
599 2219 690 2255 χάριν,
705 2219 839 2255 καθαρὰν,
857 2221 879 2250 1)

59 2268 98 2294 καὶ
119 2267 185 2302 φῶς,
203 2267 250 2294 καὶ
272 2267 391 2294 τελείαν
408 2266 522 2302 ἠξίωται
545 2267 592 2293 καὶ
612 2266 780 2302 συνεργείας,
799 2267 837 2298 ὡς

59 2313 189 2348 καθαίρειν
212 2313 259 2339 καὶ
283 2312 396 2348 ταύτην,
413 2313 460 2339 καὶ
484 2311 620 2346 φωτίζειν,
636 2312 682 2338 καὶ
699 2311 817 2338 τελειοῦν
828 2320 835 2326 ·

60 2358 134 2384 πολλὰ
149 2358 175 2384 δὲ
191 2358 329 2391 γινώσκει,
344 2358 401 2385 ἀλλ’
416 2357 630 2394 ὑπερκειμένως,
645 2358 692 2384 καὶ
714 2358 745 2384 οὺ
768 2357 839 2384 κατὰ

61 2402 199 2438 ἄνθρωπον,
217 2404 263 2430 καὶ
279 2404 308 2430 ὲν
324 2403 454 2439 μετουσίᾳ.
466 2403 516 2438 τῆς
529 2402 603 2434 θείας
616 2403 773 2438 ἐπιστήμης
791 2403 839 2430 καὶ

61 2449 183 2481 γνώσεως,
201 2449 261 2476 καθ’
276 2450 337 2476 ὅσον
358 2450 426 2480 ἐστὶ,
439 2450 553 2484 γίνεται.
571 2449 627 2481 Διὸ,
640 2448 678 2480 ὡς
696 2448 781 2475 πολλὰ
797 2457 840 2483 γι-

61 2494 204 2530 νωσκούσης
228 2495 322 2530 αὐτῆς,
337 2495 385 2521 καὶ
411 2494 511 2530 ὕμνους
533 2496 549 2530 ἡ
572 2494 696 2528 θεολογία
718 2496 773 2526 τοῖς
793 2495 840 2521 ἐπὶ

61 2539 102 2574 γῆς
124 2540 297 2576 παραδέδωκε
308 2549 316 2555 ~
333 2542 357 2567 εἰ
373 2540 409 2576 μὴ
427 2540 480 2576 γὰρ
497 2540 658 2577 ἠπίσταντο,
673 2541 723 2567 οὐκ
738 2540 771 2567 ἂν
785 2540 838 2576 ύμ-

62 2592 111 2613 νουν
125 2596 131 2601 -
144 2587 190 2613 καὶ
207 2588 231 2612 εὶ
246 2586 282 2622 μὴ
302 2587 485 2622 ὲνελάμποντο
503 2587 572 2613 κατὰ
587 2587 618 2613 τὸ
632 2587 774 2622 ὑπερέχον,
789 2589 838 2614 οὐκ

63 2631 88 2658 ἂν
99 2634 114 2669 ἡ
126 2634 198 2669 φωνὴ
212 2633 314 2660 τούτων
329 2632 374 2670 ἦν,
385 2634 521 2669 αἰσθητῶς
532 2635 630 2666 εἰπεῖν,
642 2634 680 2666 ὡς
691 2634 765 2670 φωνὴ
778 2635 839 2661 ὑδά-

63 2684 103 2705 των
115 2679 226 2706 πολλῶν.
237 2680 384 2707 Ἀναϐοὼσι
397 2680 463 2716 γὰρ,
475 2680 546 2707 κατὰ
557 2681 602 2707 τὸν
620 2680 837 2716 θεοληπτικώτα-

63 2731 97 2751 τον
113 2725 253 2761 Ἰεζεκιὴλ,
271 2726 465 2760 Εὐλογημένη
486 2727 506 2761 ἠ
525 2725 600 2758 δόξα
615 2727 726 2760 Κυρίου
740 2726 774 2753 ἑκ
787 2727 839 2754 eat";

859 869 880 896 Β

63 2772 139 2799 τόπου
156 2772 249 2800 αὐτοῦ
259 2781 265 2788 ·
279 2773 326 2799 καὶ
346 2773 419 2800 ἄλλοι
437 2773 486 2809 τὴν
499 2773 686 2809 πολυύμνητον
700 2772 838 2807 θεολογίαν

64 2815 226 2853 ἁνικράζουσι
237 2819 276 2850 τὸ,
281 2819 386 2853 Ἄγιος,
393 2819 485 2854 ἅγιος,
496 2819 580 2853 ἅγιος
590 2819 696 2852 Κύριος
703 2820 835 2849 Σαϐαὼθ,

65 2864 160 2898 πλήρης
173 2864 257 2891 πᾶσα
267 2865 285 2899 ὴ
294 2864 332 2899 γῆ
346 2865 400 2899 τῆς
411 2865 503 2900 δόξης
513 2864 727 2897 αὺτοῦ.Ταύτα-ς
739 2865 766 2892 δὲ
785 2865 836 2896 τὰς

125 2912 258 2941 Parnm.
274 2910 333 2942 Gtt.
353 2911 408 2941 ΙΙΙ.

900 238 1055 274 theologum
1078 247 1259 274 magnumque
1276 241 1438 277 Gregorium
1454 263 1461 275 ,
1491 245 1576 271 multo
1599 246 1687 279 magis

898 283 981 311 etiam
995 283 1114 312 eruditio
1136 285 1214 312 cilms
1229 287 1328 313 eruditi
1351 287 1404 314 dici
1429 289 1525 323 possit.
1545 289 1688 322 Quomodo

898 335 989 357 autem
1006 329 1064 358 hmc
1078 331 1212 358 comestio
1230 332 1343 361 minime
1357 334 1432 362 varia
1443 339 1470 362 et
1483 335 1608 363 uniﬁca?
1624 338 1687 371 quia

898 376 1012 409 simplex
1032 381 1086 408 est.
1102 381 1130 404 et
1145 385 1198 405 non
1223 386 1256 406 ex
1273 379 1334 406 aliis
1349 384 1432 415 alque
1449 381 1509 409 aliis
1523 383 1687 417 composita,

897 422 978 449 modo
994 422 1102 456 quidem
1126 422 1197 450 forte
1213 423 1349 458 dulcibus,
1366 426 1447 453 modo
1463 434 1528 454 vero
1545 436 1598 455 non
1622 429 1686 456 tali—

898 466 960 498 bus,
975 466 1022 494 sed
1039 471 1095 494 tota
1111 467 1198 496 dulcis
1211 473 1264 501 est,
1277 473 1304 497 et
1318 471 1401 502 bona,
1417 475 1444 499 et
1463 472 1572 506 deiﬁca,
1588 479 1615 502 et
1628 482 1688 501 om-

898 512 963 540 nino
980 513 1103 541 nescicns
1123 514 1296 549 vertiginem,
1315 516 1386 544 sicut
1401 517 1483 544 etiam
1500 524 1564 546 ante
1575 519 1688 548 diceba-

897 564 968 585 mus.
986 557 1077 592 Neque
1092 566 1158 586 vero
1171 560 1286 588 ntinoris
1304 563 1432 590 momenti
1450 567 1502 594 est.
1522 564 1687 594 circularem

898 608 1001 630 motum
1017 610 1194 638 cognosccre.
1225 605 1345 634 Dicimus
1364 607 1456 642 itaque
1469 610 1559 644 quoad
1574 611 1682 640 intelle-

897 653 980 679 ctum,
995 649 1284 686 quidlibetiutclligere
1300 652 1343 680 vel
1357 659 1386 680 ut
1403 654 1558 683 intellectus
1573 662 1625 690 est,
1643 658 1686 685 vel

896 694 923 721 in
945 699 1076 730 quantum
1100 696 1182 723 habet
1204 697 1385 726 intellectum.
1410 699 1461 733 Qui
1479 701 1588 735 quidem
1606 703 1688 732 intel-

897 740 986 769 lectus
1002 748 1056 775 est,
1070 742 1203 777 primario
1217 744 1358 781 intelligit;
1375 747 1421 781 qui
1435 755 1501 775 vero
1517 748 1687 778 intellectum

895 786 998 820 habet,
1025 788 1188 817 secundario
1216 789 1357 826 intelligit.
1376 792 1405 820 In
1433 797 1567 827 quantum
1593 795 1687 830 itaque

895 832 1025 869 intelligit
1043 839 1073 861 tit
1091 835 1249 863 intellectus
1262 841 1315 870 est,
1332 838 1384 866 dici
1402 845 1495 874 posset
1514 843 1641 875 moveri;
1658 843 1686 870 in

894 881 1026 911 quantum
1042 885 1107 907 vero
1122 885 1186 907 actu
1204 881 1304 908 reﬂexo
1322 890 1353 910 se
1379 885 1544 921 recolligens
1558 888 1687 923 semetip-

894 929 953 950 sum
972 923 1111 959 intelligit,
1128 930 1155 952 ct
1171 926 1198 953 id
1215 934 1229 953 a
1250 934 1304 962 quo
1327 928 1521 964 proﬁciscitur,
1537 933 1686 961 circularis

894 973 985 998 motus
999 970 1175 1006 intelligitur.
1193 972 1288 1008 Itaque
1301 982 1363 1002 cum
1378 983 1410 1003 ex
1426 976 1481 1004 Deo
1498 978 1607 1006 volente
1621 988 1685 1015 pro-

894 1016 981 1044 fectus
996 1016 1042 1049 sit,
1055 1017 1128 1045 circa
1143 1018 1190 1046 Dei
1203 1019 1367 1047 desiderium
1381 1025 1408 1049 et
1423 1022 1609 1057 dilectionem.
1625 1031 1686 1053 tan-

893 1069 974 1096 quam
988 1062 1063 1090 circa
1076 1066 1213 1096 centrum,
1230 1065 1386 1092 versabitur
1400 1075 1407 1092 :
1424 1074 1478 1094 non
1493 1069 1568 1096 enim
1585 1071 1685 1097 uniun-

894 1112 939 1134 tur
954 1109 1077 1136 secunda
1095 1109 1242 1144 prioribus,
1253 1110 1301 1138 sed
1315 1112 1387 1146 quod
1401 1112 1502 1141 factum
1515 1120 1566 1149 est,
1576 1117 1684 1144 cuidam

894 1153 1000 1182 chorea:
1012 1159 1200 1189 comparatur,
1215 1155 1278 1183 dum
1292 1157 1421 1184 nimirum
1435 1166 1468 1186 ea
1480 1168 1539 1194 quae
1550 1162 1684 1196 producta

893 1204 966 1231 sunt,
984 1200 1164 1234 productores
1188 1208 1253 1228 suos
1276 1202 1420 1236 complecti
1438 1206 1570 1240 cupiunt;
1595 1207 1685 1236 solum

893 1250 983 1272 autem
1001 1245 1028 1272 iit
1046 1246 1165 1273 circuitu
1187 1253 1400 1283 congregantur,
1426 1255 1510 1285 atque
1532 1252 1597 1280 inde
1622 1254 1684 1288 pul-

893 1291 1050 1319 chritudine
1074 1291 1225 1327 replentur.
1253 1295 1331 1328 Quod
1349 1296 1441 1331 itaque
1457 1297 1634 1334 intelligendo
1648 1300 1684 1327 ad

894 1336 933 1370 id,
956 1344 971 1364 a
986 1345 1040 1372 quo
1059 1339 1204 1372 processit,
1219 1342 1401 1376 convertitur,
1425 1343 1571 1373 circularis
1593 1351 1684 1374 motus

894 1382 1102 1418 intelligentiam
1124 1386 1287 1414 introducit.
1310 1388 1377 1415 Cum
1399 1389 1481 1424 igitur
1495 1390 1617 1419 divinum
1631 1392 1685 1419 Nu-

894 1437 955 1456 mett
971 1431 1008 1457 sit
1021 1431 1133 1466 ubique,
1150 1439 1180 1459 ea
1195 1439 1256 1467 quae
1271 1434 1371 1468 ubique
1385 1435 1474 1469 ipsum
1486 1437 1682 1472 insequuntur,

894 1475 1037 1512 ipsttmque
1055 1484 1163 1513 semper
1178 1479 1335 1513 intelligere
1349 1480 1514 1515 desiderant,
1533 1484 1557 1510 in
1573 1484 1622 1513 hoc
1636 1493 1684 1513 ox-

898 1520 1022 1554 sultaut,
1050 1526 1079 1549 et
1106 1523 1224 1550 choreas
1246 1523 1360 1557 ducunt,
1387 1529 1480 1560 utpote
1506 1527 1683 1563 intelligendo

896 1565 1139 1602 circumgyrantia.
1165 1568 1273 1596 Dicitur
1291 1569 1384 1605 itaque
1401 1579 1478 1599 mens
1492 1572 1518 1598 itt
1536 1575 1682 1609 semetipsa

892 1619 963 1646 esse,
979 1617 1008 1641 et
1025 1614 1058 1641 ad
1074 1622 1104 1641 se
1121 1615 1208 1649 ipsam
1230 1623 1382 1651 properare
1397 1626 1403 1644 :
1419 1623 1502 1653 atque
1524 1627 1557 1647 eo
1571 1621 1682 1654 quidem

892 1659 963 1694 quod
982 1659 1009 1687 in
1035 1668 1064 1688 se
1085 1661 1143 1695 ipsa
1166 1667 1219 1696 est,
1244 1667 1349 1690 statum
1371 1664 1470 1698 habet;
1497 1666 1523 1692 in
1550 1672 1682 1701 quantum

893 1711 960 1732 vero
983 1705 1018 1732 ad
1041 1707 1216 1741 semetipsum
1242 1713 1394 1743 properat,
1418 1715 1555 1744 movetur,
1585 1712 1683 1740 nolens

893 1751 995 1779 ellundi
1013 1752 1040 1779 in
1059 1757 1184 1781 terrenas
1206 1759 1234 1781 et
1250 1755 1354 1783 alienas
1377 1763 1393 1783 a
1411 1763 1442 1784 se
1459 1757 1680 1792 intelligentias;

893 1798 986 1833 itaque
1004 1799 1152 1825 secundum
1170 1799 1195 1826 id
1211 1800 1321 1834 quidem
1337 1800 1410 1835 quod
1425 1808 1455 1829 se
1470 1807 1572 1834 movet.
1586 1810 1681 1830 move-

894 1848 949 1876 tur,
964 1845 1114 1871 secundum
1132 1845 1314 1873 substantiam
1330 1852 1421 1874 autem
1432 1852 1546 1881 statum.
1563 1849 1610 1877 sed
1626 1857 1680 1877 non

893 1894 996 1917 motum
1010 1891 1104 1919 habet.
1126 1892 1176 1919 Est
1199 1892 1282 1927 igitur
1300 1893 1382 1920 etiam
1398 1894 1426 1921 in
1441 1895 1544 1922 divinis
1564 1896 1682 1924 ctelesti-

893 1937 998 1971 busqtte
1011 1938 1149 1965 mentibus
1165 1938 1284 1973 impetus
1309 1940 1421 1974 quidam
1437 1948 1469 1968 ac
1485 1946 1587 1975 motus,
1613 1942 1681 1970 illud

893 1983 926 2009 ad
942 1983 1063 2010 divinum
1083 1983 1188 2012 Numen
1203 1985 1382 2020 desiderium,
1401 1991 1483 2022 atque
1505 1988 1549 2015 illa
1575 1988 1680 2016 circum

894 2028 992 2063 ipsum,
1012 2034 1142 2065 tanquam
1155 2031 1337 2060 circumcirca
1351 2037 1489 2065 centrum,
1502 2035 1614 2067 chorea,
1627 2042 1680 2062 non

892 2082 972 2102 sucus
995 2083 1028 2103 ac
1052 2076 1148 2104 circuli
1167 2078 1271 2105 circum
1290 2083 1423 2113 punctum
1442 2086 1490 2106 seu
1515 2085 1641 2108 centrum
1663 2089 1679 2108 a

893 2129 947 2155 quo
981 2122 1115 2150 deductus
1149 2127 1202 2151 est.
1232 2124 1379 2152 Enimvero
1416 2126 1498 2153 etiam
1528 2127 1679 2156 secundum

893 2168 944 2203 71
980 2169 1171 2197 necessitatem
1197 2171 1349 2198 naturalem
1379 2179 1422 2198 res
1450 2171 1581 2207 quaalibet
1604 2173 1679 2201 circa

894 2214 977 2242 Deum
994 2215 1124 2243 cltoream
1139 2216 1226 2249 ducit,
1243 2218 1305 2245 dum
1323 2225 1433 2246 causam
1445 2226 1523 2246 suam
1538 2219 1623 2246 ambit
1635 2227 1680 2247 se-

889 2262 1007 2290 cundum
1020 2270 1091 2291 esse.
1109 2262 1166 2291 ΙΙοο
1184 2264 1278 2298 utique
1293 2265 1373 2292 modo
1387 2265 1491 2293 circum
1506 2265 1606 2300 Regem
1618 2274 1663 2293 om
1676 2285 1682 2289 .

889 2309 964 2335 nium
983 2313 1047 2335 sunt
1062 2309 1167 2342 omnia,
1186 2314 1214 2337 et
1232 2315 1342 2345 propter
1359 2312 1445 2346 ipsum
1462 2317 1525 2340 sunt
1540 2314 1679 2346 univers:i,

890 2355 1002 2390 ipseque
1021 2361 1116 2383 auctor
1136 2361 1177 2384 est
1193 2357 1315 2384 omnium
1333 2358 1479 2387 bonorum.
1498 2359 1614 2393 Quando
1629 2361 1681 2388 ali-

889 2402 951 2436 quis
969 2402 1003 2429 ad
1020 2402 1104 2430 Deum
1119 2402 1218 2437 vergit,
1238 2403 1321 2430 multa
1337 2404 1396 2439 ejus
1411 2406 1601 2434 communione
1616 2414 1681 2434 coo-

890 2448 1087 2482 pcrationeque
1107 2448 1205 2483 dignus
1223 2449 1349 2482 efﬁcitur,
1374 2459 1422 2486 per
1442 2459 1501 2479 eam
1529 2460 1590 2486 quae
1616 2459 1679 2481 cum

891 2494 948 2529 ipso
964 2495 1022 2522 fieri
1039 2499 1129 2530 potest
1145 2496 1372 2523 assimilatiouem
1390 2504 1398 2524 :
1414 2505 1476 2525 cum
1487 2498 1559 2525 enim
1577 2499 1603 2525 in
1620 2498 1678 2526 Deo

892 2540 1005 2568 habitus
1016 2545 1058 2568 est
1071 2547 1098 2569 et
1112 2542 1246 2577 operatio,
1261 2543 1367 2570 scilicet
1382 2543 1487 2578 puritas
1504 2549 1532 2571 et
1546 2545 1678 2579 expiatio,

891 2586 983 2614 lumen
1007 2591 1034 2614 et
1049 2587 1211 2615 illuminatio
1224 2608 1232 2617 .
1248 2589 1380 2623 perfectio
1395 2595 1423 2617 et
1438 2590 1465 2618 id
1481 2590 1552 2624 quod
1570 2591 1680 2625 perlicit

891 2635 1015 2668 (quorum
1032 2634 1147 2662 alterum
1169 2636 1278 2667 quidem
1295 2636 1406 2663 habitus
1422 2641 1475 2669 est,
1492 2638 1608 2665 alterum
1627 2645 1678 2664 au-

891 2684 944 2708 tetu
969 2681 1123 2715 operatio),
1136 2689 1213 2708 metis
1240 2689 1348 2717 quoque
1372 2682 1504 2710 bonortttn
1536 2684 1678 2710 hahituum

889 2727 1082 2755 communione
1095 2728 1174 2763 digna
1188 2729 1322 2762 redditur,
1339 2734 1369 2756 ut
1383 2734 1411 2757 et
1427 2730 1483 2765 ipsa
1495 2737 1543 2764 per
1559 2730 1677 2765 gratiam

890 2781 969 2808 pura,
986 2775 1044 2805 lux,
1060 2777 1088 2800 et
1102 2773 1223 2808 perfecta
1239 2774 1291 2808 sit;
1315 2775 1380 2810 quin
1395 2781 1423 2803 et
1439 2776 1466 2803 in
1481 2782 1585 2810 portent
1604 2777 1678 2803 venit

890 2819 1104 2853 cooperationis.
1124 2819 1188 2846 dum
1203 2825 1229 2848 et
1245 2821 1302 2855 ipsa
1320 2826 1428 2856 purgat,
1446 2826 1473 2848 et
1488 2821 1634 2854 illuminat,
1649 2825 1678 2848 et

889 2865 1013 2900 perﬁcit;
1032 2865 1114 2892 multa
1139 2873 1248 2901 quoque
1271 2867 1424 2903 cognoscit,
1443 2868 1490 2896 scd
1510 2868 1674 2900 emineutcr,

1495 2912 1517 2946 8
