1933 3075
223 154 277 186 ras

792 158 819 185 S.
837 157 987 186 DlONYSll
1007 156 1237 186 AREOPAGITAS

1799 160 1853 189 236

222 217 250 240 et
265 219 317 239 non
331 212 479 239 secundum
495 212 645 245 hominem,
665 217 703 245 ct,
719 214 814 254 quoad,
825 214 882 240 ﬁeri
903 218 1000 248 potest,

1058 214 1162 249 ὑψηλὰς
1177 214 1339 250 ὑμνολογίας
1354 215 1407 241 τῶν
1428 216 1632 251 ὑπερουρανίων
1646 216 1785 252 δυνάμεων
1801 217 1852 254 ἤδη

222 259 321 286 divina:
344 259 467 286 scientia:
490 260 710 294 cognitionisque
734 261 870 295 particeps
884 260 1008 288 efﬁcitur.

222 305 404 339 Quamobrem
430 306 501 340 quod
526 305 609 332 multa
626 311 783 340 cognoscat.
803 307 919 341 hymnos
939 314 1009 341 quo-

221 359 276 386 que
290 351 427 386 theologia
443 351 588 386 terrigenis
606 351 718 378 tradidit
734 360 740 378 :
761 351 813 378 nisi
829 352 902 379 enim
919 353 1009 380 credi-

221 397 338 428 dissent.
353 402 524 431 nequaquam
544 397 637 424 laudes
658 398 833 428 cecinissent.
852 403 878 426 et
899 399 950 427 nisi
964 406 1008 426 se—

221 443 339 468 cundum
353 442 521 476 superiorem
539 447 643 476 partem
664 442 794 470 illustrati
819 443 945 477 fuissent,
962 452 1009 471 nc-

220 496 356 522 quaquam
373 495 425 514 vox
447 496 540 515 corum
563 489 729 516 sensibiliter
749 490 896 524 loquendo,
913 491 1008 518 fuisset

220 535 298 568 quasi
316 542 366 562 vox
382 542 514 568 aquarum
533 535 689 567 multarum,
703 536 823 563 clamant
839 537 910 563 enim
930 536 1006 570 juxta

219 580 421 607 divinissimum
439 580 623 612 Ezechielem,
638 581 785 608 Benedicta
800 582 885 616 gloria
899 581 1006 609 Domini

219 627 252 653 de
266 626 322 653 loco
338 634 386 653 suo
398 631 412 644 η
429 635 436 653 :
459 631 540 660 atque
556 627 601 654 alii
615 627 822 654 celeberrimum
842 629 905 655 illud
926 637 1007 656 vene-

217 672 383 707 rationeque
410 672 598 706 plenissimum
628 674 727 701 divina:
755 675 842 702 laudis
868 676 1004 704 canticum

216 718 388 752 proclamant
402 726 408 744 :
423 717 548 751 Sanctus,
560 724 678 749 sanctus.
689 725 796 747 sanctus
813 721 940 748 Dominus
953 722 1005 749 Sa-

218 764 312 797 baoth,
324 764 401 798 plena
415 769 452 791 est
465 765 549 791 omnis
566 769 637 791 terra
650 766 735 799 gloria
753 770 799 793 tua
808 771 831 794 ο.
846 767 899 795 llas
915 773 1005 795 autem

215 810 428 837 sublimissimas
465 810 619 838 caelestium
648 812 782 839 virtutum
816 814 1005 849 bymnologias

213 856 377 891 jampridem
392 857 418 883 in
436 861 551 883 tractatu
567 856 606 883 De
617 857 712 885 divinis
728 858 831 892 hymnis
843 862 851 870 '
864 861 1005 886 examina-

215 903 305 930 vimus
319 907 347 930 et
361 903 554 937 explicuimus,
569 904 728 939 ibidemque
744 906 776 932 de
789 905 822 932 iis
832 906 898 933 satis
910 914 1005 941 supcr-

214 957 268 984 que
293 957 343 984 pro
361 949 470 976 modulo
493 953 588 976 nostro
604 950 704 976 dictum
719 956 761 977 est
777 958 784 977 :
801 959 816 978 e
831 951 930 985 quibus
946 959 1005 979 ser-

213 995 340 1022 monibus
367 994 484 1021 suﬂiciat
512 995 538 1022 in
571 996 781 1029 praiscutiarum
811 997 862 1024 hoc
887 997 1002 1029 dixisse,

213 1044 286 1077 quod
304 1044 391 1078 prima
412 1045 568 1072 distributio
581 1044 703 1071 divinum
718 1045 768 1072 boc
782 1044 893 1072 laudum
910 1046 1002 1073 canti-

213 1099 286 1122 cum,
296 1091 387 1125 quoad
402 1090 442 1117 fas
455 1095 525 1123 erat,
535 1098 584 1125 per
601 1091 810 1117 illustrationem
822 1098 836 1116 a
846 1091 937 1118 divina
952 1091 1002 1119 bo-

213 1137 301 1163 nitate
314 1137 461 1171 acceperit,
472 1137 506 1164 ab
518 1144 561 1170 ea,
573 1137 694 1171 inquam,
707 1136 840 1170 theologia
853 1145 898 1164 seu
913 1138 1002 1165 divina

212 1181 346 1213 bonitate,
364 1189 424 1216 qme
445 1182 525 1208 etiam
544 1181 704 1209 bouiformis
721 1181 876 1208 bierarcbia
892 1187 918 1208 et
934 1182 1001 1209 ordo

211 1228 337 1254 exsistit.
351 1228 454 1255 Dicitur
468 1227 540 1254 enim
558 1227 714 1254 hierarcbia
733 1236 785 1254 non
803 1232 906 1254 tantum
930 1228 1000 1262 ipse-

211 1280 269 1303 met
292 1283 386 1302 eorum
417 1275 536 1307 habitus,
554 1279 581 1302 et
606 1275 732 1307 scicntia,
752 1281 779 1301 et
805 1276 999 1310 operatio,sed

213 1321 296 1348 etiam
313 1320 430 1355 ipsamet
443 1320 600 1348 distributio
617 1327 624 1347 :
643 1321 713 1347 sicut
725 1320 909 1348 sacerdotium
926 1321 999 1355 ipsa-

210 1371 269 1395 met
288 1367 419 1402 dignitas,
435 1372 463 1394 et
481 1367 527 1402 qui
542 1374 602 1394 eam
618 1368 799 1403 participant;
821 1367 857 1394 ita
871 1366 997 1401 dicimus,

210 1414 398 1442 sacerdotium
417 1414 467 1440 hoc
483 1419 507 1440 et
523 1413 587 1440 illud
600 1414 762 1440 beneﬁcium
777 1414 892 1448 accepit,
905 1419 931 1441 et
947 1414 998 1442 hoc

209 1466 239 1488 et
255 1461 318 1487 illud
336 1468 444 1495 passum
460 1464 512 1487 est.
525 1460 619 1494 ltaque
633 1460 701 1486 ordo
724 1459 876 1486 istiusmodi
893 1467 924 1486 ac
939 1459 996 1487 dis--

211 1507 338 1538 tributio,
377 1510 508 1540 tanquam
532 1505 706 1536 boniformis,
734 1505 897 1540 theologiam
925 1506 996 1533 hanc

1063 261 1111 295 μὲν
1126 261 1155 286 ὲν
1167 260 1206 295 τῷ
1219 260 1282 295 περὶ
1293 259 1371 287 θείων
1387 260 1478 296 ὕμνων
1491 262 1668 297 συντάγματι,
1681 263 1719 294 ὡς
1728 263 1853 296 δυνατὸν,

1059 306 1276 341 διηρευνήσαμεν
1300 307 1346 333 καὶ
1368 306 1572 343 ὲξηγησάμεθα,
1594 309 1641 335 καὶ
1662 308 1769 345 εἴρηται
1788 310 1855 346 περὶ

1059 352 1161 378 τούτων
1177 352 1280 383 ἐκεῖσε,
1293 351 1331 383 ὡς
1345 352 1417 378 κατὰ
1436 352 1484 388 τὴν
1504 354 1641 390 ἡμετέραν
1653 354 1777 391 δύναμιν,
1791 356 1857 383 ἱκα-

1059 397 1125 429 νῶς·
1142 398 1187 431 ἀφ’
1199 394 1236 424 ὧν
1255 397 1341 431 λόγων
1362 398 1450 433 ἀρκεῖ,
1469 398 1540 424 κατὰ
1559 399 1589 425 τὸ
1610 399 1707 436 παρὸν,
1724 400 1855 428 τοσοῦτον

1059 445 1155 474 εἰπεῖν,
1168 445 1209 471 ὅτι
1223 445 1240 480 ἡ
1255 444 1351 480 πρώτη
1364 444 1542 480 διακόσμησις
1554 445 1736 482 έλλαμφοεῖσα
1750 446 1856 484 ταύτην

1058 491 1089 526 δὴ
1115 491 1165 527 τὴν
1186 491 1239 518 τῶν
1265 492 1356 527 ὕμνων
1383 492 1532 527 θεολογίαν,
1554 493 1615 520 καθ’
1628 494 1690 520 ὅσον
1712 494 1853 530 ἐνεχώρει,

1059 537 1137 573 παρὰ
1149 538 1198 573 τῆς
1212 538 1260 565 τοῦ
1274 538 1340 565 Θεοῦ
1353 539 1530 574 ἀγαθότητος,
1545 540 1648 575 ταύτης
1667 540 1698 575 δὴ
1719 540 1769 576 τῆς
1791 541 1855 568 θεο-

1057 583 1161 617 λογίας,
1179 584 1216 616 ὠς
1236 585 1396 620 ἀγαθοειδὴς
1419 585 1543 620 ἱεραρχία
1564 585 1610 612 καὶ
1629 586 1714 619 τάξις.
1734 587 1853 621 Λέγεται

1057 629 1111 666 γὰρ
1125 631 1260 666 ἱεραρχία,
1279 632 1315 667 μὴ
1330 631 1409 666 μόνον
1421 633 1437 667 ἡ
1449 632 1550 659 τούτων
1562 631 1628 664 ἕξις,
1641 633 1686 658 καὶ
1698 633 1851 669 ἐπιστήμη,

1057 677 1104 703 καὶ
1115 677 1248 713 ἐνέργεια,
1261 677 1329 704 ἀλλὰ
1339 677 1386 704 καὶ
1397 678 1508 714 αὐτὴδὴ
1520 679 1536 713 ἡ
1549 678 1728 714 διακόσμησις
1736 687 1743 694 ·
1755 679 1854 714 ὥσπερ

1055 722 1072 757 ἡ
1092 723 1224 758 ἱερωσύνη
1249 724 1296 749 καὶ
1320 723 1388 758 αὐτὴ
1405 723 1422 759 ἡ
1436 723 1509 756 ἀξία,
1526 723 1573 749 καὶ
1587 724 1612 749 οἱ
1627 723 1785 759 μετέχοντες
1801 725 1853 751 αὑ-

1056 771 1116 805 τῆς,
1132 770 1169 802 ὥς
1191 779 1289 805 φαμεν,
1308 770 1387 797 Πᾶσα
1403 771 1419 806 ἡ
1438 770 1569 806 ἱερωσύνη
1583 769 1612 796 τὸ
1629 771 1675 797 καὶ
1693 771 1723 797 τὸ
1734 771 1852 807 εὐηργε-

1055 816 1134 852 τήθη,
1152 816 1199 843 καὶ
1211 816 1242 842 τὸ
1256 817 1302 842 καὶ
1315 816 1345 842 τὸ
1357 816 1485 842 πέπονθε.
1500 816 1594 842 Τοίνυν
1611 817 1628 852 ἡ
1642 816 1754 852 τοιαύτη
1772 817 1852 851 τάξις

1056 863 1103 889 καὶ
1115 862 1293 897 διακόσμησις
1303 862 1340 893 ὡς
1354 862 1523 898 ἁγαθοειδὴς.
1536 863 1637 898 ταύτης
1649 862 1699 898 τῆς
1710 863 1852 898 θεολογίας

1057 911 1114 941 τοῖς
1131 909 1188 944 μετ’
1210 908 1293 944 αὐτὴν
1309 907 1467 943 μεταδίδωσι
1478 916 1485 922 ·
1503 907 1582 935 τοῦτο
1598 909 1651 944 γάρ
1663 910 1720 935 ἐστι
1733 909 1763 935 τὸ
1778 909 1850 944 ἀγα-

1057 955 1166 987 θοειδὲς,
1178 955 1208 981 τὺ
1221 955 1365 985 κοινωνοὺς
1377 954 1510 980 ποιεῖσθαι
1527 954 1573 980 καὶ
1586 955 1710 990 ἑταίρους
1721 955 1767 981 τοῦ
1781 955 1851 983 ἰδίου

1055 1001 1148 1029 καλοῦ.
1168 1000 1342 1028 Μεταδέδωκε
1364 1000 1429 1034 γοῦν
1451 1001 1538 1027 έκεῖνο
1557 1000 1742 1036 ὑφηγουμένη,
1755 1000 1793 1032 ὡς
1814 1001 1851 1028 ἂν

1055 1049 1134 1079 εἴπω,
1153 1049 1213 1074 κατ’
1225 1047 1357 1082 ἐπιτομὴν
1376 1047 1423 1073 καὶ
1446 1047 1600 1082 συντόμως·
1617 1047 1656 1073 ὅτι
1672 1046 1781 1079 πάντως
1804 1047 1851 1074 θε-

1056 1094 1132 1128 μιτὸν
1156 1094 1204 1120 καὶ
1227 1093 1331 1120 δίκαιόν
1355 1093 1423 1124 ἐστι,
1437 1092 1512 1128 παρὰ
1531 1092 1624 1118 πασῶν
1642 1092 1696 1118 τῶν
1717 1092 1850 1128 θεοδόχων

1053 1139 1202 1174 δυνάμεων,
1218 1140 1265 1166 καὶ
1285 1138 1477 1173 γινώσκεσθαι,
1495 1140 1542 1165 καὶ
1555 1139 1706 1174 ὑμνεῖσθαι,
1721 1139 1790 1175 πλὴν
1809 1139 1850 1172 ὡς

1052 1184 1171 1218 ἐφικτὸν,
1186 1184 1270 1219 αὐτὴν
1288 1184 1321 1218 δὴ
1340 1183 1389 1219 τὴν
1411 1183 1560 1219 σεϐασμίαν
1584 1184 1630 1210 καὶ
1653 1184 1850 1219 ὑπερεύφημον

1052 1230 1098 1257 καὶ
1115 1231 1292 1266 πανεύφημον
1311 1230 1440 1266 θεότητα,
1456 1230 1493 1261 ὡς
1515 1230 1548 1257 ἂν
1570 1231 1598 1257 ὲν
1620 1231 1670 1265 μιᾷ
1687 1231 1790 1266 κινήσει
1803 1229 1850 1257 διὰ

1052 1276 1159 1303 πάντων
1176 1277 1319 1312 δοξάζηται
1329 1285 1335 1291 ι
1349 1274 1422 1303 οὗτοι
1439 1276 1493 1312 γάρ
1510 1277 1587 1309 εἰσιν,
1603 1277 1641 1308 ὡς
1655 1277 1713 1311 Θεῷ
1727 1277 1851 1312 πρέπον-

1050 1332 1104 1355 τες,
1112 1324 1135 1349 οἱ
1147 1322 1210 1349 Θεῖοι
1222 1323 1298 1350 τόποι
1307 1323 1357 1358 τῆς
1367 1322 1448 1349 αὐτοῦ
1461 1322 1762 1355 καταπαύσεως,καθὼς
1773 1323 1803 1349 ἐν
1811 1324 1848 1359 τῇ

1051 1370 1112 1406 ἱερᾷ
1128 1370 1222 1406 Γραφῇ
1231 1370 1348 1404 λέγεται·
1361 1369 1451 1396 Ποῖον
1466 1369 1549 1396 οἶκον
1561 1369 1773 1403 οἰκοδομήσετέ
1778 1377 1847 1404 μοι,

1049 1416 1130 1450 λέγει
1159 1417 1276 1449 Κύριος·
1309 1415 1329 1449 ἢ
1347 1415 1392 1448 τίς
1426 1415 1517 1446 τόπος
1543 1414 1599 1448 τῆς
1631 1413 1848 1448 καταπαύσεώς

1046 1468 1124 1494 μου;
1137 1459 1223 1486 Αὑτοῦ
1236 1459 1282 1486 τοῦ
1296 1459 1403 1494 ἔχοντος
1416 1458 1535 1494 δηλονότι
1546 1459 1594 1490 τὰς
1605 1459 1686 1493 ἁγίας
1696 1460 1742 1486 καὶ
1755 1468 1847 1495 tuttur

1050 1507 1109 1540 ρὶας
1127 1507 1221 1538 οὐσίας
1237 1506 1345 1537 τόπους,
1360 1506 1440 1532 οἱονεὶ
1452 1505 1591 1537 δεκτικοὺς
1603 1505 1653 1540 τῆς
1666 1505 1749 1531 αὐτοῦ
1768 1505 1845 1541 λαμ.

210 1553 388 1581 inferioribus
407 1552 568 1580 transmittit
584 1551 738 1586 :siquidem
753 1552 811 1579 haac
823 1557 865 1579 est
881 1552 1000 1579 horrifer-

1053 1552 1203 1588 πρότητοςσ
1223 1551 1261 1583 ὡς
1283 1551 1336 1587 γὰρ
1358 1552 1372 1578 ὁ
1394 1551 1476 1582 τόπος
1488 1550 1610 1582 δεκτικὸς
1628 1551 1686 1577 ἐστι
1706 1551 1846 1586 σώματος,

209 1599 301 1632 mitas,
317 1600 370 1635 72
385 1604 414 1626 ut
430 1599 492 1633 quis
509 1598 578 1626 alios
593 1598 656 1625 boni
672 1598 713 1625 sui
729 1598 877 1633 participes
890 1599 1000 1626 eﬂiciat.

211 1647 412 1680 Transcripsit,
429 1646 553 1680 inquam,
576 1645 641 1672 illud
657 1644 832 1679 explicando,
849 1650 877 1672 ut
898 1645 939 1673 sic
957 1646 1000 1673 di-

210 1700 350 1728 cam,per
377 1693 516 1726 epitomen
547 1695 574 1718 et
600 1691 775 1724 summatim;
793 1692 863 1726 quod
890 1692 1000 1720 omnino

211 1747 320 1774 :cquum
340 1744 367 1766 et
387 1738 491 1772 justum
508 1738 555 1770 sit,
571 1739 605 1766 ab
629 1738 756 1765 omnibus
781 1739 828 1766 Dei
853 1740 999 1773 capacibus

210 1785 361 1812 virtutibus
387 1792 447 1812 cum
475 1785 550 1817 sciri,
574 1789 630 1811 tum
654 1785 806 1817 decantari,
822 1785 912 1820 quoad
940 1786 998 1813 ﬁeri

210 1835 310 1865 petest,
325 1831 412 1865 ipsam
435 1830 631 1861 venerandam,
648 1835 676 1856 et
691 1837 773 1864 supra
788 1838 869 1865 quam
884 1832 997 1858 laudan-

209 1877 285 1908 dam,
302 1876 430 1910 onmiquc
442 1875 523 1902 laude
538 1875 648 1910 dignam
666 1876 814 1907 Dcitatem.
827 1881 857 1903 ut
873 1885 926 1904 uno
941 1885 999 1904 mo-

211 1927 240 1948 tu
262 1930 309 1957 per
323 1922 415 1949 omnia
430 1921 600 1956 glorilicctut‘
616 1930 622 1948 :
642 1923 777 1956 siquidem
793 1923 820 1950 hi
836 1928 899 1950 sunt
913 1923 997 1950 divini

211 1968 263 1994 loei
280 1969 333 1995 Deo
353 1968 559 1999 convenientes,
580 1967 606 1994 in
620 1968 719 2002 quibus
736 1969 892 2002 requiescit,
906 1976 998 2003 quent-

210 2016 356 2042 admodum
372 2015 398 2042 in
420 2023 497 2042 sacra
522 2014 664 2049 Scriptura
679 2014 800 2042 dicitur:
817 2015 928 2048 Qualem
947 2018 996 2042 do-

208 2069 281 2088 mum
295 2061 463 2095 wdiﬁcabitis
476 2061 563 2088 mihi?
593 2061 656 2088 dicit
673 2061 818 2094 Dominus;
834 2062 871 2089 vel
885 2071 943 2097 quia
956 2062 996 2089 lo-

209 2116 256 2134 cus
271 2108 440 2142 requietionis
456 2116 519 2134 mea:
531 2107 566 2133 P7
583 2107 621 2134 lla
639 2107 766 2134 nimirum
789 2113 818 2134 ut
839 2109 895 2142 ipse
910 2108 997 2142 possi-

210 2156 274 2181 deat
288 2159 401 2181 sanctas
413 2154 478 2181 istas
492 2154 640 2188 beatasque
654 2159 767 2181 naturas
779 2158 906 2189 tanquam
923 2154 996 2182 locos

209 2207 326 2235 capaces
343 2199 500 2234 splendoris
515 2201 559 2227 sui
576 2209 583 2227 :
597 2200 667 2227 sicut
682 2200 753 2226 cnim
771 2200 843 2227 locus
858 2208 943 2234 capax
955 2204 996 2227 est
1012 2217 1034 2244 Ι)

209 2246 344 2280 corporis,
367 2246 407 2273 sic
427 2251 454 2273 et
478 2246 543 2279 ipsa;
564 2246 649 2272 divini
673 2245 836 2279 splendoris.
855 2246 996 2279 Quomodo

209 2297 314 2324 autem,
331 2292 439 2319 dicente
455 2291 597 2324 Scriptura
611 2292 711 2326 ubique
732 2292 815 2318 Deum
832 2298 892 2319 esse
916 2292 997 2319 incir-

210 2338 407 2373 cumscriptum
422 2341 430 2373 (
444 2344 473 2364 ut
488 2346 550 2364 cum
566 2339 614 2369 ait.
634 2339 734 2365 coelum
749 2346 809 2365 esse
823 2339 913 2366 sedem
928 2339 996 2373 ejus,

209 2390 310 2412 terram
325 2389 416 2412 atttem
431 2384 620 2417 scabellumq;
638 2389 665 2411 et
684 2385 783 2411 iterum
802 2394 808 2411 :
827 2384 927 2411 Statuit
943 2386 997 2412 col-

209 2432 246 2458 les
266 2435 377 2462 statera,
392 2436 415 2457 et
436 2436 533 2457 terram
548 2438 635 2465 pugno
645 2435 667 2463 r;
692 2435 720 2457 et
739 2437 844 2462 rursus,
858 2430 889 2458 Si
904 2439 995 2458 ascen-

209 2477 271 2504 dero
285 2478 313 2504 in
326 2477 430 2509 cwlum,
452 2480 532 2508 artes;
548 2478 570 2503 si
590 2477 747 2503 descendero
763 2477 790 2503 in
805 2477 946 2511 infernum,
963 2478 995 2504 il-

210 2523 253 2550 luc
267 2531 360 2550 manus
374 2528 420 2549 tua
438 2523 590 2557 '),qua|em
605 2522 695 2549 locum
711 2521 834 2550 Ezechiel
848 2523 902 2549 Deo
916 2530 994 2550 exco-

210 2569 324 2604 gitavit?
351 2569 405 2596 Deo
429 2569 509 2603 digne
537 2569 587 2596 boc
613 2569 776 2603 intelligitur
797 2577 804 2595 :
831 2569 897 2596 dicit
923 2570 994 2596 enim

209 2615 291 2642 etiam
308 2615 334 2641 in
349 2614 503 2650 Evangeliis
520 2615 649 2642 Domina:
664 2610 674 2641 .’
688 2615 756 2649 (Ego
766 2619 793 2641 et
806 2614 895 2648 Pater)
907 2615 994 2641 venie-

206 2669 278 2692 mus,
303 2665 327 2687 et
352 2661 514 2688 mansionem
541 2661 611 2695 apud
637 2669 697 2687 eum
718 2661 846 2695 faciemus
861 2662 868 2679 ι
886 2670 892 2687 :
908 2661 943 2695 ita
966 2665 1000 2688 ut-

209 2709 292 2735 etiam
306 2706 426 2734 Virtutes
443 2707 602 2742 spirituales
615 2711 697 2742 atque
712 2707 810 2734 anima:
825 2712 992 2741 sanctorum,

1051 1599 1121 1626 οὕτω
1141 1599 1187 1625 καὶ
1199 1595 1278 1625 αὗται
1295 1598 1345 1632 τῆς
1360 1597 1434 1628 Θείας
1450 1596 1651 1632 λαμπρότητος.
1665 1596 1727 1628 Πῶς
1738 1596 1776 1628 δὲ,
1793 1597 1847 1632 τῆς

1050 1645 1162 1682 Γραφῆς
1185 1644 1341 1680 ἁπανταχοῦ
1364 1643 1494 1679 λεγούσης
1515 1644 1703 1679 ἀπεριόριπον
1719 1643 1750 1669 τὸ
1766 1643 1846 1671 Θεῖον

1052 1693 1099 1729 (ὡς
1111 1694 1151 1720 ea"
1168 1694 1193 1719 Ὀ
1204 1692 1453 1727 οὐρανὺςξθρόνος
1468 1692 1572 1724 αὐτοῦ,
1589 1692 1608 1726 ἡ
1624 1690 1658 1718 δὲ
1672 1691 1710 1726 γῆ
1726 1692 1847 1718 ’ὑποπό-

1049 1739 1115 1765 διον
1126 1747 1133 1754 ο
1147 1739 1194 1765 καὶ
1207 1738 1433 1783 πάλιν,Ἕσξησε
1443 1738 1496 1771 τὰς
1508 1737 1606 1771 νάπας
1618 1737 1704 1772 ζυγῷ,
1721 1737 1770 1763 καὶ
1785 1737 1846 1772 τὴν

1049 1785 1108 1819 γῆν
1122 1783 1218 1818 ὃρακί·
1235 1785 1282 1810 καὶ
1301 1782 1388 1815 αὖθις,
1401 1782 1469 1810 Ἐὰν
1482 1782 1615 1817 πορευθῶ
1628 1783 1671 1815 είς
1687 1783 1740 1809 τὸν
1755 1784 1845 1817 οὐρα-

1049 1831 1114 1863 νὸν,
1126 1829 1221 1865 πάρει·
1233 1830 1288 1857 ἐὰν
1300 1829 1415 1856 καταϐῶ
1430 1830 1473 1862 εὶς
1489 1829 1542 1855 τὸν
1557 1829 1643 1863 ᾅδην,
1661 1829 1724 1856 ἐκεῖ
1738 1830 1756 1863 ἡ
1774 1830 1842 1863 χείρ

1049 1877 1128 1913 σου),
1140 1879 1215 1904 ποῖον
1228 1875 1309 1903 τόπον
1327 1877 1341 1903 ὁ
1355 1875 1482 1911 Ἰεζεκιὴλ
1493 1876 1623 1911 ἐπενόησε
1637 1875 1676 1911 τῷ
1690 1875 1764 1911 Θεῴ;
1777 1876 1844 1903 Θεο-

1049 1922 1163 1958 πρεπῶς
1176 1923 1276 1948 νοεῖται
1290 1919 1369 1947 τοῦτο
1380 1929 1387 1935 ·
1402 1920 1476 1954 λέγει
1489 1919 1543 1955 γὰρ
1555 1921 1602 1947 καὶ
1615 1920 1644 1947 ὲν
1662 1920 1842 1961 Ευαγγελίοις

1048 1969 1063 1995 ὁ
1070 1967 1194 2003 Κύριος,(
1203 1966 1272 2002 Ἐγὼ
1279 1967 1326 1993 καὶ
1335 1968 1349 1993 ὁ
1359 1966 1464 2002 Πατὴρ)
1476 1965 1671 2001 ἐλευσόμεθα,
1684 1966 1731 1992 καὶ
1739 1965 1843 1999 μονὴν

1048 2014 1116 2048 παρ’
1123 2014 1203 2047 αὐτῷ
1211 2013 1406 2047 ποιησόμεθα,
1419 2012 1489 2039 ὥστε
1497 2012 1544 2039 καὶ
1555 2013 1583 2039 αἱ
1595 2013 1685 2048 νοηταὶ
1699 2012 1840 2047 δυνάμεις,

1048 2061 1094 2088 καὶ
1109 2061 1162 2087 τῶν
1180 2061 1264 2094 ἁγίων
1280 2060 1308 2086 αἱ
1327 2059 1420 2094 ψυχαὶ,
1435 2059 1516 2090 τόπος
1537 2059 1648 2090 εἰκότως
1663 2058 1786 2094 κληθεῖεν
1802 2059 1838 2085 ἂν

1047 2107 1094 2134 καὶ
1110 2107 1261 2138 ἀνάπαυσις
1271 2105 1318 2132 τοῦ
1332 2105 1409 2132 Θεοῦ.
1419 2105 1484 2131 Ἀπὸ
1498 2105 1588 2131 κοινοῦ
1606 2106 1621 2140 ἡ
1636 2104 1769 2137 σύνταξις,
1778 2105 1839 2131 Κά-

1047 2155 1119 2180 κεῖνο
1143 2153 1224 2180 πάλιν
1248 2152 1423 2188 ὑφηγουμένη
1450 2153 1466 2187 ἡ
1492 2151 1586 2187 πρώτη
1612 2151 1789 2186 διακόσμησις
1803 2149 1839 2186 τῇ

1051 2201 1108 2236 μετ’
1129 2199 1213 2234 αὐτὴν
1229 2198 1404 2233 ἀγαθοειδῶς,
1417 2197 1447 2224 τὸ
1466 2198 1506 2224 ὅτι
1528 2197 1610 2232 μονάς
1629 2197 1687 2223 ἐστι
1704 2197 1751 2224 καὶ
1771 2197 1838 2229 ένὰς

1049 2246 1263 2282 τρισυπόστατος
1283 2246 1299 2281 ἡ
1322 2245 1444 2281 μακαρία
1467 2245 1514 2271 καὶ
1534 2244 1654 2278 παναγία
1683 2244 1767 2279 Τριὰς
1789 2243 1840 2271 καὶ

1052 2292 1145 2328 μονὰς,
1159 2292 1255 2318 διιεῖσα
1272 2291 1318 2318 καὶ
1332 2291 1522 2326 διαπέμπουσα
1534 2290 1582 2325 τὴν
1595 2290 1679 2325 αὐτῆς
1692 2289 1838 2324 άγαθωτά-

1047 2347 1098 2373 την
1121 2338 1247 2373 πρόνοιαν
1269 2338 1315 2363 ἀπ’
1328 2337 1416 2363 αὐτῶν
1431 2337 1485 2363 τῶν
1504 2335 1617 2371 πρώτων
1637 2336 1770 2372 οὐρανίων
1788 2337 1838 2363 οὐκ

1048 2384 1113 2411 σιῶν
1129 2385 1175 2410 ἐπὶ
1187 2384 1276 2410 πάντα
1287 2382 1321 2409 τὰ
1335 2383 1408 2414 ὅντα,
1426 2383 1505 2418 μέχρι
1514 2382 1561 2409 τοῦ
1575 2381 1750 2414 λεπτοτάτου,
1765 2382 1838 2409 κατὰ

1045 2428 1076 2455 τό
1086 2437 1092 2443 ·
1112 2429 1145 2455 Τὸ
1162 2428 1384 2462 ἀκατέργαστόν
1396 2437 1456 2462 μου
1471 2427 1551 2454 εἶδον
1565 2429 1591 2454 οἱ
1608 2428 1755 2462 ὀφθαλμοί
1766 2436 1836 2454 σου’

1049 2474 1087 2506 ὼς
1110 2475 1200 2510 πάσης
1219 2475 1313 2506 οὐσίας
1331 2474 1402 2509 ἀρχὴ
1415 2474 1589 2509 ὑπεράρχιος,
1601 2473 1648 2500 καὶ
1661 2473 1731 2509 ὑπὲρ
1747 2474 1839 2500 πᾶσαν

1048 2521 1135 2556 ἀρχὴν
1148 2519 1213 2548 οὖσα
1226 2521 1309 2552 αίτία,
1321 2521 1367 2547 καὶ
1378 2520 1485 2546 πάντων
1498 2520 1551 2546 τῶν
1564 2520 1649 2546 ὄντων
1660 2519 1838 2555 περιδεδραγ-

1049 2567 1115 2602 μένη
1130 2567 1306 2602 ὑπερουσὶως,
1321 2567 1348 2593 ὲν
1361 2566 1467 2601 ἀσχέτῳ
1483 2566 1724 2601 συνοχῇ.”Ασχετον
1739 2565 1766 2592 δὲ
1779 2574 1839 2592 συν-

1047 2614 1112 2649 οχὴν
1129 2613 1201 2646 λέγει
1214 2613 1263 2647 τὴν
1278 2612 1448 2648 έξῃρημένην
1465 2611 1552 2647 πάντη
1572 2611 1619 2638 καὶ
1632 2611 1757 2646 ἀσυναφῆ
1768 2611 1838 2647 πρὸς

1046 2660 1081 2687 τὰ
1088 2661 1253 2696 συνεχόμενα
1265 2659 1416 2696 περικράτη
1421 2668 1461 2686 σιν
1470 2668 1477 2675 ·
1491 2661 1514 2686 εἰ
1527 2659 1581 2694 γὰρ
1592 2658 1639 2685 καὶ
1647 2658 1754 2685 πάντων
1761 2667 1839 2694 περι-

1045 2707 1224 2743 δεδραγμένον
1245 2707 1303 2733 ἐστὶ
1321 2706 1351 2734 τὸ
1371 2706 1457 2739 Θεῖον,
1475 2706 1521 2733 καὶ
1544 2706 1631 2732 πάντα
1653 2703 1840 2740 περικρατοῦν

245 2785 369 2812 ιιΕιοθιι.
388 2792 430 2814 ιιι,
448 2785 490 2812 12.
530 2789 542 2802 ο
566 2785 618 2813 lsa.
638 2792 675 2819 vr,
691 2784 718 2812 5.
758 2789 772 2811 ρ
786 2785 846 2812 Act.
872 2793 920 2819 vn,
937 2785 981 2815 49.

1058 2786 1118 2814 lsai.
1135 2793 1207 2818 tim,
1233 2786 1259 2813 l.
1299 2791 1309 2804 τ
1324 2785 1376 2813 lsa.
1393 2793 1439 2818 XL,
1457 2785 1502 2812 t2.
1540 2788 1552 2803 ι
1566 2783 1635 2812 PSal.
1653 2790 1791 2816 cxxxvtn,
1806 2783 1836 2811 8.

212 2821 222 2839 ¹
237 2820 315 2848 Joan.
329 2828 386 2852 xtv,
411 2820 456 2846 25.

246 2881 254 2890 '
270 2878 455 2906 Dcsidcratur.
