1933 3075
98 213 144 240 257
518 207 562 234 DE
581 205 743 236 CCELESTI
761 203 989 235 IIIERARCIIIA,
1007 201 1085 230 CAP.
1102 201 1171 229 VIII.
1662 201 1716 230 εδδ

98 270 162 298 κατὰ
180 269 230 304 τὴν
251 268 318 294 ἰδίαν
333 265 511 301 ἀγαθοηάτην
526 265 663 300 πρόνοιαν,
679 263 747 290 ἀλλὰ
768 264 814 289 καὶ
839 262 879 295 ἐξ·

953 259 1028 287 νει-ἰιο
1052 247 1128 286 locus
1148 266 1180 284 ac
1201 256 1333 291 requietio
1358 257 1403 284 Dei
1426 257 1575 291 nuncupari
1599 259 1715 292 possint.

97 327 144 354 ῃρη
149 316 228 352 μένον
234 316 292 342 ἐστὶ
305 314 413 341 πάντων
425 312 593 348 ὑπερουσίως
599 312 669 338 κατὰ
681 312 730 346 τὴν
741 311 821 346 φύσιν
833 311 880 337 αὺ-

953 305 975 332 Lx
994 311 1070 331 more
1081 303 1218 331 communi
1233 303 1373 338 desumpta
1390 303 1447 330 haec
1465 307 1507 329 cst
1523 303 1634 331 locutio.
1646 304 1717 338 Quin

98 344 149 393 τοῦ,
161 362 201 388 ὅτι
220 360 296 387 οὐδὲν
307 360 360 386 τῶν
378 359 462 385 ὅντων
479 358 562 388 ἐστὶν,
581 357 649 384 ἀλλὰ
667 357 773 383 πάντων
793 355 882 383 αὐτῶν

954 356 963 378 t
978 351 1042 378 illud
1053 357 1160 385 quoque
1174 350 1262 384 prima
1281 349 1438 377 distributio
1452 351 1577 385 sequenti
1595 358 1624 378 se
1640 351 1719 378 boni—

98 407 263 442 ἀσυγιρίτως
279 405 417 432 ἐπέκεινα.
432 402 523 435 Μονὰς
531 403 559 430 δέ
573 404 630 429 ἐστι
643 403 689 429 καὶ
706 402 768 433 ένάς
787 403 803 436 ἡ
818 401 881 436 ἁγία

953 398 1058 425 irmiter
1069 397 1238 431 manifestat,
1253 398 1326 432 quod
1349 397 1478 424 nimirum
1501 405 1596 424 monas
1616 399 1721 425 unitas-

99 455 140 481 καὶ
149 453 270 489 μακαρία
281 452 380 488 Τριάς·
400 450 483 487 μονὰς
501 450 560 485 μὲν,
576 449 614 481 ὡς
633 449 706 483 ἁπλῆ
716 449 762 475 καὶ
770 447 882 475 ἀσύνθε-

953 451 986 471 ue
1009 451 1069 478 quae
1090 444 1179 471 tribus
1193 444 1263 471 inest
1276 444 1414 478 Personis,
1428 443 1464 470 sit
1477 444 1556 470 beata
1572 445 1718 472 sanctissi-

97 509 147 532 τος,
156 499 219 531 ἑνὰς
235 499 272 530 δὲ,
282 498 374 533 ἐπειδὴ
388 498 435 524 καὶ
447 497 515 533 πρὸς
525 496 624 530 ἑαυτὴν
633 496 734 531 ἥνωται
748 495 880 530 φυσικῶς,

953 496 1031 524 taque
1046 488 1178 521 Trinitas,
1194 494 1222 516 et
1236 490 1336 521 unitas,
1351 497 1411 525 qua:
1422 490 1551 524 optimam
1567 497 1643 516 suam
1658 497 1722 524 pro.

99 546 140 572 καὶ
152 546 209 571 ἑνοῖ
221 544 325 575 πάντας
333 543 396 575 τοὺς
409 543 477 577 αὐτῇ
489 542 695 577 πλησιάζοντας,
707 541 777 568 κατὰ
791 541 821 567 τὸ
840 541 880 567 εί-

953 535 1093 567 identiam,
1106 535 1140 562 ab
1155 535 1222 570 ipsis
1237 535 1333 570 primis
1348 535 1453 562 naturis
1465 535 1623 563 ctelestibus
1636 535 1662 562 in
1678 543 1722 563 res

99 590 213 626 ρημένον
230 591 257 616 ὲν
270 592 326 621 τοῖς
337 589 529 623 Εὐαγγελίοις·
544 589 610 616 Ἵνα
625 588 702 615 ὦσιν
723 588 767 620 ἓν,
785 589 882 622 καθὼς

954 587 1030 607 mnes
1045 587 1133 615 usque
1150 581 1184 608 ad
1200 580 1340 608 minimam
1359 579 1485 607 diﬂ‘umlit
1497 588 1529 607 ac
1544 581 1722 614 transmittit,

99 625 143 663 imi
159 636 245 671 ἡμεῖς
259 636 294 663 ἐν
308 636 412 670 ἐσμεν.

955 631 1012 653 ixta
1026 625 1093 653 illud
1107 635 1114 653 :
1129 626 1314 661 Imperfectum
1332 635 1418 653 meum
1434 628 1553 654 viderunt
1566 627 1635 654 oculi
1647 627 1720 660 tui",

937 677 1066 706 tanquam
1083 673 1172 701 omnis
1191 673 1348 700 substantiae
1362 673 1523 708 principium
1539 673 1724 708 superprinci-

98 717 176 753 piale,
205 719 234 742 et
261 722 343 750 super
367 722 449 742 omne
467 713 632 749 principium
652 714 788 742 exsistens
819 723 912 748 causa,
937 721 1018 752 atque
1045 726 1089 746 res
1104 726 1201 746 omnes
1229 719 1497 753 superessentialiter
1517 719 1660 746 continens
1678 719 1707 746 in

98 763 336 798 comprehensibili
357 763 510 798 complexu.
539 761 844 797 Incmnprebensibilem
877 769 969 793 autem
1002 767 1175 801 complexum
1213 771 1316 799 vocat,
1343 767 1508 795 eminentem
1532 767 1642 794 omnino
1657 775 1726 795 con-

100 811 255 844 tinentiam,
291 815 318 838 et
355 819 416 846 qum
445 819 461 838 a
492 810 575 838 rebus
605 812 743 838 contentis
774 811 871 847 attingi
901 818 1021 848 nequeat
1051 821 1059 840 :
1093 814 1230 849 siquidem
1263 814 1384 841 divinum
1409 814 1514 842 Numen
1547 822 1608 842 cum
1632 815 1724 842 omnia

98 857 271 891 circumdet,
295 864 322 886 et
348 859 451 894 optima
482 866 531 886 sua
559 858 731 894 providentia
759 860 910 893 contineat,
934 862 1046 896 insuper
1075 862 1109 890 ab
1136 862 1274 894 omnibus,
1303 862 1454 890 secundum
1483 867 1607 889 naturam
1634 869 1724 889 suam.

98 905 364 939 superessentialiter
389 910 545 940 exemptum
573 910 630 938 est;
661 906 725 940 quia
754 907 822 934 nihil
851 913 895 934 est
918 915 1013 936 eorum
1045 917 1105 943 qua:
1131 913 1208 941 sunt,
1235 909 1283 936 sed
1309 909 1436 936 omnibus
1463 909 1522 936 istis
1547 909 1724 943 incompara<

98 953 192 980 biliter
219 953 371 981 sublimius.
400 953 485 981 Porro
506 958 599 982 sancta
626 953 761 988 beataque
787 953 908 983 Trinitas
921 964 1016 984 inonas
1033 957 1115 984 etiam
1137 962 1179 984 est
1201 962 1228 985 et
1252 957 1356 984 unitas:
1372 965 1467 985 monas
1485 957 1607 992 quidem,
1630 962 1724 992 utpote

97 998 217 1034 simplex
239 999 292 1035 ’13
314 1005 341 1027 et
366 1000 563 1035 incomposita;
593 1001 685 1028 unitas
709 1006 812 1034 autem,
825 1003 953 1036 quoniam
965 1004 1049 1031 etiam
1073 1004 1106 1031 ad
1134 1004 1251 1038 seipsam
1286 1004 1449 1032 naturaliter
1471 1005 1585 1036 unitur,
1610 1005 1722 1038 unitqnc

97 1053 194 1074 omnes
219 1046 271 1074 sibi
297 1046 521 1082 propinquantes,
542 1047 620 1081 juxta
646 1047 719 1083 quod
744 1048 848 1076 dictum
873 1054 916 1077 est
947 1050 973 1077 in
997 1049 1153 1085 Evangeliis
1181 1058 1189 1077 :
1221 1047 1255 1077 Ut
1282 1051 1335 1077 sint
1349 1059 1439 1082 unum,
1460 1051 1528 1077 sicut
1542 1054 1566 1076 et
1582 1057 1628 1076 nos
1643 1057 1724 1076 unum

97 1100 192 1120 nimus
202 1097 227 1120 ν.

278 1239 597 1285 ΚΕΦΑΛΑΙΟΝ
626 1240 694 1285 H'.

93 1310 168 1346 Napi
194 1310 255 1346 τῶν
279 1310 471 1346 κυριοτήτων,
496 1311 546 1338 καὶ
570 1311 630 1338 τῶν
653 1311 817 1346 δυνάμεων,
840 1311 890 1338 καὶ

130 1345 195 1372 τῶν
213 1345 370 1407 ἷξουσιῶν,
387 1346 436 1373 καὶ
458 1346 525 1381 περὶ
548 1346 603 1381 τῆς
623 1346 720 1382 μέσης
728 1345 834 1374 αὐτῶν
850 1348 890 1373 te—

127 1389 213 1415 ραρχ
226 1389 270 1414 ας.
393 1392 396 1395 ’

908 1241 929 1269 Β

1161 1247 1352 1292 CAPUT
1385 1246 1526 1290 VIII.

945 1313 982 1340 De
995 1313 1228 1344 dominationibus,
1241 1313 1380 1339 uirtutibus
1407 1317 1431 1339 et
1455 1312 1640 1347 potestatibus,
1655 1315 1679 1339 et
1695 1311 1730 1338 (is

1155 1349 1239 1375 media
1251 1356 1341 1375 earum
1356 1348 1515 1374 hierarcltia.

753 1439 922 1468 SYNOPSIS
942 1438 1087 1468 CAPITIS.

128 1492 281 1530 iulg-plicat
290 1493 349 1530 quid
364 1492 500 1530 significent
509 1493 701 1530 dominationes.
720 1495 820 1530 virtutes
839 1503 869 1530 ac
881 1498 1022 1530 potestates;
1045 1499 1067 1530 et
1079 1494 1290 1530 quartaniuralione
1303 1494 1384 1530 media
1405 1494 1462 1530 isla_
1473 1494 1610 1529 hierardtia
1623 1495 1732 1524 inﬂictu!

89 1531 138 1551 aea
152 1525 300 1550 illustratur.
313 1525 344 1550 Il.
361 1525 477 1558 Ειεριήριο
497 1526 614 1557 declarat,
625 1526 744 1558 quomodo
756 1525 885 1553 illustratio
900 1534 915 1552 a
931 1525 1096 1559 superioribus
1107 1525 1232 1559 spiritibus
1249 1526 1282 1551 ad
1301 1525 1427 1555 inferiores
1446 1526 1576 1552 derivetur.

904 1592 959 1629 ξι.

126 1649 268 1677 Μετιτέον
280 1649 308 1676 δὲ
318 1648 365 1676 νῦν
382 1650 446 1685 ἡμῖν
462 1649 508 1676 ἐπὶ
523 1650 572 1685 τὴν
590 1650 675 1686 μέσην
691 1651 744 1678 τῶν
760 1652 893 1687 οὐρανίων

86 1696 164 1723 νοῶν
184 1695 376 1731 διακόσμησιν,
392 1695 441 1727 τὰς
460 1695 623 1731 κυριότητας
646 1696 753 1728 ὲκείνας
776 1697 894 1732 ὑπερκο-

86 1744 193 1779 σμίοις
221 1742 377 1778 ὀφθαλμοῖς,
393 1741 431 1774 ὡς
456 1742 574 1776 ἐφικτὸν,
592 1743 781 1777 ἐποπτεύουσι,
799 1744 846 1771 καὶ
861 1745 896 1772 τὰ

85 1791 186 1821 ὄντως
215 1788 314 1815 δυνατὰ
337 1788 461 1824 Οεάματα
477 1789 530 1816 τῶν
547 1789 625 1816 θείων
641 1790 771 1823 ἐξουσιῶν
788 1791 834 1818 καὶ
850 1791 896 1818 δυ-

84 1837 234 1871 νάμεων·
252 1835 299 1861 καὶ
322 1834 377 1870 γὰρ
402 1835 504 1870 ἑκάστη
528 1835 581 1861 τῶν
606 1836 676 1871 ὑπὲρ
701 1837 774 1872 ἡμᾶς
797 1836 896 1864 οὐσιῶν

83 1880 260 1917 ἐπωνυμία,
284 1880 333 1912 τὰς
358 1880 541 1917 Θεομιμήτους
565 1881 653 1909 αὐτῶν
677 1882 830 1917 έκφαίνει³¹⁶
851 1883 898 1910 τοῦ

82 1925 241 1958 θεοειδοῦς
259 1926 402 1962 ἰδιότητας.
420 1926 480 1953 Τῶν
498 1926 546 1962 μὲν
562 1925 608 1954 οὖν
624 1928 708 1962 ἁγίων
731 1928 899 1964 κυριοτήτων

81 1974 142 2010 τὴν
162 1973 372 2009 ὲκφαντορικὴν
388 1973 536 2008 ὀνομασίαν
553 1971 629 2009 οἶμαι
645 1973 740 2010 δηλοῦν
751 1974 900 2001 ἀδούλωτόν

79 2029 154 2047 τινα
174 2020 231 2047 καὶ
247 2019 338 2054 πάσης
355 2018 533 2051 ὐποπεζίας²⁵
544 2020 665 2054 ὑφέσεως
676 2020 821 2056 ἐλευθέραν
834 2021 900 2048 ἀνα-

80 2066 197 2102 γωγὴν
208 2085 217 2097 ,
241 2065 302 2092 οὐδὲ
320 2066 370 2100 μιᾷ
385 2065 439 2091 τῶν
454 2065 621 2101 τυραννικῶν
636 2066 900 2101 ἀνομοιοτήτων,οὐ-

78 2114 148 2141 δενὶ
167 2113 274 2148 τρόπῳ
290 2112 404 2139 καθόλου
421 2113 649 2149 κατακλινομένην
662 2113 746 2149 αὐτὴν
763 2112 902 2148 ἐλευθερο-

79 2158 223 2196 πρεπῶς
240 2155 278 2190 ὡς
294 2158 450 2194 ἀμείλικτον
467 2159 622 2194 κυριότητα,
640 2159 731 2195 πάσης
754 2159 902 2196 μειωτικῆς

79 2204 311 2236 ὃουλοποιίας⁸δ
343 2204 553 2240 ὑπερκειμένην,
571 2205 709 2232 ἀνένδοτον
735 2205 829 2240 ὑφέσει
850 2205 902 2232 πά-

82 2261 138 2290 σῃ,
159 2252 221 2279 καὶ
247 2250 419 2286 ἐξῃρημένην
441 2251 550 2286 ἁπάσης
565 2252 763 2288 ἀνομοιότητος,
779 2253 830 2288 τῆς
860 2252 903 2278 ὅν-

81 2308 148 2331 τως
168 2296 344 2333 κυριότητος
360 2297 407 2323 καὶ
423 2296 584 2332 κυριαρχίας
612 2297 807 2333 ὰκαταλήκτως
829 2299 902 2332 ἐφιε-

85 2346 204 2382 μένην,
227 2343 277 2369 καὶ
299 2342 367 2378 πρὸς
391 2341 439 2377 τὴν
462 2342 547 2377 αὐτῆς
578 2344 675 2378 κυρίαν
691 2344 849 2379 ἐμφέρειαν,
865 2344 903 2375 ὼς

80 2391 234 2427 ἐφικτὸν,
253 2389 353 2424 ἑαυτήν
375 2397 405 2414 τε
425 2389 471 2415 καὶ
486 2388 521 2415 τὰ
538 2390 595 2424 μετ’
611 2389 725 2425 αὑτὴν³⁷
741 2389 903 2423 ἀγαθοειδῶς

78 2437 328 2466 διαπλάττουσαν
345 2434 412 2470 πρὸς
423 2434 498 2461 οὐδὲν
506 2435 586 2462 ³⁸τῶν
597 2436 659 2471 εικῆ
670 2435 828 2467 δοκούντων,
837 2436 904 2463 ἀλλὰ

77 2486 164 2522 πρὸς
192 2483 234 2509 τὸ
258 2481 361 2517 κυρίως
384 2481 414 2508 ὃν
436 2481 533 2513 ὁλικῶς
545 2482 783 2518 ἐπιτετραμμένην
793 2482 826 2514 ³⁸,
858 2483 905 2509 καὶ

79 2527 300 2566 κυριαρχικῆς
324 2527 367 2553 ἀεὶ
389 2526 533 2558 θεοειδείας
541 2526 563 2542 ⁸⁰
580 2528 609 2553 ἐν
627 2527 771 2561 μετουσίᾳ,
789 2527 860 2553 κατὰ
875 2527 906 2553 τὸ

77 2576 221 2606 δυνατὸν
235 2574 319 2609 αὐτῇ,
330 2573 482 2608 γινομένην·
496 2573 545 2608 τὴν
553 2572 581 2599 δὲ
591 2573 644 2599 τῶν
656 2573 740 2607 ἁγίων
751 2573 901 2608 δυνάμεων,

76 2619 276 2660 ἀρρενωπόν
291 2627 352 2644 τινα
375 2619 422 2645 καὶ
447 2617 642 2644 ἀκατὰσειστον
659 2617 779 2652 ἀνδρίαν,
795 2618 835 2647 εἰς
851 2616 904 2643 πά-

75 2678 138 2701 ca;
158 2667 223 2698 τὰς
245 2665 307 2691 κατ’
324 2664 412 2691 αὐτῶν
421 2664 441 2680 ⁸¹
460 2663 585 2695 Θεοειδεῖς
601 2663 749 2699 ἐνεργείας,
767 2664 834 2699 πρὸς
852 2672 905 2698 μη-

121 2752 138 2766 υ
159 2743 252 2773 Paul.
280 2751 412 2776 cxxxvnl,
439 2744 480 2772 l6.
518 2743 621 2771 ‘Joan.
645 2751 711 2775 xvn,
730 2742 778 2770 2‘2.

771 2824 885 2852 VARle
902 2824 922 2851 L

118 2914 150 2931 ³⁸
174 2911 241 2938 Ch.
272 2908 301 2935 Ι).
317 2907 344 2934 S.
361 2908 390 2936 P.
405 2907 540 2943 ἐμφαίνει.

75 2952 135 2981 καὶ
157 2945 249 2983 πρὸς
267 2943 356 2971 οὐδέν.

589 2906 610 2921 ³⁵
630 2905 668 2932 Clt
696 2904 865 2940 περιπεζίας.

904 2904 925 2920 ³⁸
939 2904 989 2931 Cll.
1005 2903 1228 2939 Soulortpanstat;

401 2940 427 2960 ³³⁷
440 2940 470 2972 Il.
485 2943 514 2970 P.
530 2942 559 2970 5.
575 2940 811 2978 ὲπεστραμμένην.
850 2940 872 2956 ⁵⁰
897 2940 928 2967 D.

984 1651 1062 1680 Modo
1086 1652 1164 1679 nobis
1186 1652 1382 1679 transeundum
1403 1656 1445 1679 est
1465 1652 1498 1679 ad
1521 1652 1635 1680 mediam
1652 1654 1735 1683 coale-

949 1698 1030 1726 stium
1047 1699 1194 1733 spirituum
1211 1698 1429 1731 distinctionem,
1454 1699 1652 1726 dominationes
1667 1700 1735 1728 istas

949 1744 1176 1779 supermundanis
1203 1744 1300 1776 oculis,
1325 1749 1405 1779 prout
1427 1752 1584 1779 possumus,
1611 1750 1736 1773 contem-

950 1789 1060 1824 plando,
1075 1798 1128 1817 una
1145 1798 1206 1818 cum
1222 1790 1380 1824 potentibus
1404 1798 1499 1818 revera
1515 1792 1680 1826 spectaculis
1693 1792 1736 1820 di-

951 1836 1076 1862 vinarum
1109 1840 1276 1870 potestatum
1303 1841 1384 1870 atque
1409 1837 1542 1864 virtutum
1571 1846 1578 1864 :
1608 1837 1737 1872 quaelibet

950 1881 1022 1908 enim
1033 1885 1190 1907 naturarum
1206 1880 1352 1915 appellatio
1367 1888 1559 1916 supernarum,
1577 1881 1736 1911 Divinitatis

951 1926 1114 1954 imitatrices
1142 1926 1299 1953 earumdem
1323 1925 1469 1953 deiIormes
1485 1926 1598 1954 denotat
1611 1928 1736 1962 proprie-

953 1976 1033 1999 tates.
1049 1971 1152 2001 Nomen
1167 1972 1260 2006 itaque
1281 1972 1354 2006 quod
1381 1976 1493 2000 sanctas
1509 1973 1633 2008 designat
1649 1973 1738 2001 domi-

952 2018 1086 2051 nationes,
1105 2018 1234 2045 existimo
1251 2017 1392 2045 declarare
1406 2018 1558 2046 absolutum
1573 2018 1690 2054 aliquem
1710 2024 1738 2047 et

952 2064 986 2091 ab
998 2063 1072 2091 omni
1087 2068 1195 2091 terrena
1205 2063 1321 2091 utilitate
1337 2063 1454 2091 liberum
1467 2065 1501 2092 ad
1516 2072 1634 2100 superna
1649 2070 1738 2094 trans—
1779 2087 1784 2090 .

953 2109 1031 2141 itum,
1057 2108 1184 2143 nullaque
1213 2109 1322 2143 penitus
1347 2110 1489 2145 tyrannica
1517 2110 1739 2140 dissimilitudine

953 2155 1007 2182 ullo
1024 2154 1105 2182 modo
1125 2154 1294 2187 inclinatam,
1311 2156 1357 2182 sed
1378 2155 1526 2183 liberaliter
1547 2163 1669 2184 severam
1690 2158 1740 2186 do:

954 2201 1142 2233 minationem,
1165 2208 1224 2234 qua:
1248 2201 1322 2227 onmi
1344 2201 1451 2236 abjecta
1472 2202 1605 2229 servitute
1628 2203 1738 2236 celsior,

953 2247 1026 2273 omni
1043 2246 1195 2281 dejeclione
1211 2247 1348 2281 superior,
1363 2252 1389 2273 et
1414 2247 1447 2274 ab
1470 2248 1543 2274 omni
1567 2248 1739 2275 dissimilitu-

954 2292 1018 2319 dine
1034 2297 1149 2326 remola,
1164 2292 1276 2327 verique
1291 2292 1459 2326 dominatus,
1483 2301 1590 2321 necnon
1612 2294 1740 2329 principii

955 2339 1147 2366 dominationis
1169 2339 1268 2374 iugiter
1292 2339 1383 2371 avida,
1399 2347 1462 2366 cum
1478 2340 1536 2374 ipsa
1552 2347 1592 2373 se,
1610 2345 1666 2367 tum
1686 2340 1740 2368 sibi

955 2385 1063 2413 subdita
1075 2385 1108 2412 ad
1122 2386 1266 2420 genuinam
1280 2385 1340 2420 ejus
1353 2384 1572 2419 similitudinem,
1587 2387 1676 2420 quoad
1690 2394 1740 2420 vo-

956 2437 1020 2465 test,
1042 2431 1164 2460 beneﬁce
1180 2431 1375 2465 transformat;
1392 2435 1419 2459 et
1435 2431 1467 2459 ad
1486 2432 1554 2459 nihil
1569 2440 1662 2459 eorum
1680 2440 1741 2467 qua:

956 2479 1075 2507 inaniter
1090 2484 1231 2514 apparent,
1247 2479 1293 2507 sed
1310 2479 1343 2506 ad
1354 2479 1379 2506 id
1395 2479 1465 2514 quod
1487 2486 1552 2507 vere
1566 2483 1608 2506 est
1621 2480 1742 2507 totaliler

921 2545 943 2572 Β
957 2533 1102 2559 conversa,
1116 2525 1264 2552 Dominiczc
1281 2532 1388 2559 semper
1398 2525 1590 2552 deiformitatis
1605 2525 1742 2560 particeps

957 2572 1076 2599 exsistit.
1086 2572 1250 2598 Sanctarum
1265 2575 1354 2597 autem
1371 2571 1515 2606 appellatio
1530 2571 1669 2603 virtutum,
1684 2571 1743 2598 lor-

960 2622 1013 2644 teni
1028 2617 1174 2652 quamdam
1198 2621 1225 2643 et
1237 2616 1428 2643 inconcussam
1443 2616 1553 2643 denotat
1568 2615 1741 2647 virilitatem,

962 2664 988 2690 in
1004 2671 1100 2701 omnes
1114 2663 1261 2690 deiformes
1282 2668 1375 2688 enrqu
1398 2662 1519 2689 actiones
1535 2661 1742 2692 redundantem,

924 2822 1105 2852 ECTlONES.

1268 2902 1289 2917 ³⁷
1311 2902 1361 2929 Ch.
1384 2902 1415 2928 υ.
1433 2901 1490 2936 μεθ’
1507 2901 1616 2936 ἑαυτήν.
1655 2901 1677 2916 ⁸³
1690 2901 1741 2930 illi.

948 2940 976 2968 ὃ.
1004 2935 1251 2978 Ρκὰγοίοοειδείας.
1293 2937 1314 2953 δι
1336 2937 1387 2965 Cb.
1417 2935 1447 2964 υ.
1475 2936 1504 2964 Ρ.
1525 2935 1589 2963 κατί
1610 2935 1706 2971 αὑτήν.
1736 2962 1744 2966 ,
