1933 3075
220 174 279 210 ἐἶθ

791 183 820 212 S.
837 183 987 212 DlONYSll
1006 184 1239 215 AREOI’AGITE

1796 189 1850 220 240

225 247 260 267 ne
273 237 419 274 quidquam
442 238 598 272 admittant,
612 247 667 274 quo
685 240 750 275 ipsis
768 241 856 268 insita;
878 242 1006 269 divinitus

1061 243 1157 278 δεμίαν
1180 245 1312 280 ὑποδοχὴν
1339 245 1392 272 τῶν
1408 245 1582 282 ἐνδιδομένων
1605 247 1673 284 αὐτῇ
1698 247 1851 285 θεαρχικῶν

224 285 424 311 illustrationes
439 284 589 312 imminuta
604 285 750 319 deﬁciant;
773 294 832 321 qua!
852 287 957 322 magnis
971 289 1010 315 vi-

224 331 301 358 ribus
324 331 357 358 ad
380 330 427 358 Dei
451 331 549 358 nititur
566 331 758 366 imitationem,
771 341 858 368 neque
872 334 955 361 motui
971 335 1011 362 di-

225 377 290 404 vino
307 377 413 412 ignavia
430 385 478 404 sua
493 378 581 410 deest,
604 378 650 406 sed
664 383 822 406 constanter
837 380 869 406 ad
886 387 1011 415 superes-

224 422 365 450 sentialem
394 429 427 449 ac
456 423 639 457 potentiticam
656 424 786 451 virtutem
810 425 930 458 intuens,
959 434 1011 453 nec

224 475 277 495 n0u
292 468 435 502 ipsiusmet
449 468 570 500 virtutis,
587 474 717 503 quantum
734 469 775 496 fas
792 474 844 503 est,
859 470 956 498 cﬂ'ecta
973 471 1011 498 si-

224 513 388 545 mulacrum,
411 513 444 540 ad
460 514 583 540 eamdem
600 514 710 548 quidem
726 522 776 542 ceu
792 516 920 543 virtutem
937 516 1011 551 prin-

224 560 352 594 cipalem,
376 559 465 587 valide
487 561 666 592 convertitur,
680 561 713 588 ad
731 560 785 596 74
805 569 836 588 ea
862 569 927 589 vero
950 569 1011 597 qua:

223 606 377 640 posteriora
393 610 466 638 sunt,
483 606 612 633 virtutem
629 606 662 634 iis
676 607 884 641 suppeditando,
905 607 1008 635 deifor-

224 652 304 679 miter
317 652 447 679 dimanat.
468 652 553 679 Porro
578 656 735 679 sanctarum
767 660 864 680 nomen
889 658 1009 688 potesta-

224 703 293 730 tum,
305 697 472 733 coaequalem
487 698 587 725 divinis
603 698 836 726 dominationibus
851 700 1010 728 virtutibus-

223 751 276 778 que
299 743 519 771 distributionem
542 745 644 780 signat,
665 749 692 772 et
720 745 893 772 inconfusum
910 746 1010 774 divinis

223 789 306 817 rebus
325 790 495 822 excipiendis
520 791 658 823 ordinem,
679 798 729 818 nec
745 798 798 818 non
816 791 1010 820 intellectualis

223 842 257 862 ac
283 835 515 870 supermundialis
539 835 683 869 potestatis
706 835 923 871 dispositionem,
949 843 1010 870 quae

223 885 394 913 nequaquam
413 879 552 914 tyrannice
567 880 593 906 in
609 879 687 914 pejus
700 881 828 915 potentiae
841 888 896 909 suae
907 881 1010 909 viribus

222 925 362 957 abutatur,
376 926 424 952 sed
437 929 464 953 et
478 926 595 960 ipsamet
609 926 701 954 animo
720 927 823 954 invicto
838 932 899 962 apte
915 928 948 954 ad
964 928 1007 955 di—
1023 925 1044 952 Β

221 970 284 997 vina
310 970 455 1005 dirigatur,
478 976 560 1006 atque
583 979 612 1000 se
636 973 779 1007 sequentia
811 973 1007 1008 benignissime

221 1021 390 1051 promoveat,
410 1020 438 1044 et
460 1018 493 1044 ad
517 1018 682 1052 potentiiica:
701 1019 846 1052 potestatis
869 1019 1008 1054 principa-

221 1067 289 1094 tum,
306 1067 438 1097 quantum
454 1063 495 1091 l'as
509 1068 562 1097 est,
581 1064 702 1098 accedat,
717 1066 908 1099 eamdemque,
925 1069 1007 1100 prout

220 1109 312 1135 valent
336 1109 435 1143 angeli,
459 1110 679 1144 praeclarissimis
702 1110 873 1144 potestativae
898 1111 1007 1139 virtutis

220 1164 276 1184 sua:
292 1156 480 1184 functionibus
503 1156 630 1184 illustret.
649 1157 833 1184 Dviformibus
849 1157 924 1185 hisce
937 1157 1005 1185 freta

222 1203 450 1237 proprietatibus,
475 1203 563 1230 media
582 1203 626 1230 illa
644 1204 796 1230 caelestium
815 1203 1006 1239 intelligentia-

220 1255 281 1274 rum
295 1248 438 1283 dispositio
457 1253 598 1284 purgatur,
617 1255 644 1277 et
660 1250 830 1277 illuminatur
842 1255 924 1284 atque
943 1258 1006 1285 per-

221 1293 320 1325 ﬁcitur,
338 1301 370 1320 eo
385 1293 466 1321 modo
481 1302 537 1329 quo
550 1295 652 1322 dictum
666 1299 719 1326 est,
732 1295 833 1322 divinis
849 1295 1006 1322 illustratio-

220 1339 311 1370 nibus,
325 1345 372 1372 per
393 1339 512 1374 primunt
528 1340 652 1367 ordinem
671 1339 871 1367 hierarchicum
885 1340 1006 1367 secundo

219 1385 270 1412 sibi
300 1385 359 1412 loco
381 1385 483 1418 inditis,
497 1393 599 1421 perque
624 1386 712 1421 ipsum
736 1386 864 1419 medium,
886 1387 1003 1414 secunda

220 1430 441 1459 mattil‘estatioue
456 1431 575 1458 diﬂ'usis.

1061 289 1218 325 ἐλλάμψεων
1234 291 1357 327 ἀδρανῶς
1373 292 1578 324 ὲξασθενοῦσαν,
1595 293 1744 326 δυνατῶς⁵⁸
1760 296 1806 323 ἐπὶ
1821 296 1851 324 τὸ

1061 334 1225 371 θεομίμητον
1256 337 1438 373 ἀναγομένην,
1455 339 1505 365 οὐκ
1527 334 1727 368 ἀπολείπουσαν
1749 342 1850 377 ἑαυτῆς

1060 380 1189 416 ἀνανδρίᾳ
1204 382 1254 418 τὴν
1271 383 1375 418 θεοειδῆ
1392 383 1510 419 κίνησιν,
1523 384 1580 411 ἀλλ’
1597 385 1727 421 ἀρρεπῶς
1742 387 1852 423 ἀφορῶ-

1062 434 1112 452 σαν
1135 427 1176 458 ei;
1198 427 1248 463 τὴν
1274 428 1436 464 ὑπερούσιον
1461 429 1508 456 καὶ
1530 430 1709 465 δυναμοποιὸν
1725 431 1850 467 δύναμιν,

1061 472 1108 498 καὶ
1123 472 1225 508 ταύτης
1240 474 1331 500 είκόνα
1346 475 1506 510 δυναμοειδῆ
1523 476 1593 502 κατὰ
1609 476 1639 502 τὸ
1654 477 1764 511 ἐφικτὸν
1780 486 1852 512 γινο-

1062 517 1156 553 μένην,
1166 519 1214 545 καὶ
1231 519 1299 554 πρὸς
1316 519 1365 555 μὲν
1381 520 1466 556 αὐτὴν
1481 521 1519 552 ὡς
1534 521 1714 557 ἀρχιδύναμον
1731 522 1851 556 δυνατῶς

1059 564 1300 600 ὲπεστραμμένην,
1329 566 1397 601 πρὸς
1412 566 1441 592 δὲ
1457 566 1492 593 τὰ
1506 566 1619 603 δεύτερα
1635 568 1851 603 δυναμοδότως⁸³

1061 610 1107 636 καὶ
1123 609 1246 642 θεοειδῶς
1260 611 1392 646 προϊοῦσα
1401 612 1433 627 ⁸⁸·
1446 612 1496 647 τὴν
1503 613 1530 639 δὲ
1542 613 1597 639 τῶν
1613 614 1697 648 ἁγίων
1710 614 1848 647 ἐξουσιῶν,

1059 656 1109 691 τὴν
1130 656 1252 692 ὁμοταγῆ
1277 657 1331 684 τῶν
1355 657 1434 686 θείων
1452 660 1620 695 κυριοτήτων
1635 661 1682 686 καὶ
1697 661 1848 697 δυνάμεων,

1059 702 1109 737 τὴν
1129 702 1264 738 εὔκοσμον
1286 704 1333 730 καὶ
1355 703 1532 740 ἀσύμφυρτον
1547 706 1612 740 περὶ
1627 705 1677 738 τὰς
1693 706 1768 738 θείας
1784 707 1850 733 ὐπο-

1059 748 1139 783 δοχὰς
1155 748 1289 781 εὐταξίαν,
1308 750 1355 775 καὶ
1374 749 1405 776 τὸ
1419 750 1584 785 τεταγμένον
1598 751 1648 786 τῆς
1664 751 1850 787 ὑπερκοσμίου

1060 794 1107 820 καὶ
1122 794 1217 828 νοερᾶς
1233 793 1427 829 ἐξουσιότητος,
1444 795 1475 821 οὐ
1499 796 1666 831 τυραννικῶς
1682 796 1729 822 ἐπὶ
1744 796 1778 823 τὰ
1794 797 1851 831 χεί-

1061 847 1100 874 ρω
1122 841 1183 871 ταῖς
1208 839 1423 872 έξουσιαστικαῖς
1447 841 1593 876 δυνάμεσιν
1609 842 1849 878 ἀποκεχρημένης,

1059 886 1116 912 ἀλλ’
1133 888 1292 923 ἀκρατήτως
1310 889 1356 915 ἐπὶ
1371 887 1406 915 τὰ
1422 888 1481 916 θεῖα
1499 890 1557 924 μετ’
1573 889 1699 923 εὐταξίας
1715 890 1850 925 ἀναγομέ-

1058 941 1107 968 νης
1127 941 1166 963 τε,
1185 933 1231 960 καὶ
1246 934 1280 960 τὰ
1298 935 1356 969 μετ’
1373 935 1457 971 αὐτὴν
1465 935 1486 951 ⁵⁸
1504 934 1668 969 ἀγαθοειδῶς
1684 935 1848 971 ἀνοιγούσης,

1059 977 1106 1003 καὶ
1122 978 1191 1013 πρὸς
1205 978 1255 1013 τὴν
1278 978 1460 1010 ἐξουσιοποιὺν
1481 979 1669 1015 ὲξουσιαρχίαν
1685 980 1722 1011 ὡς
1738 979 1850 1014 θεμιτὸν

1058 1024 1286 1060 ἀφομοιουμένης,
1311 1026 1358 1053 καὶ
1381 1026 1493 1061 ταύτην,
1516 1026 1554 1057 ὡς
1577 1025 1698 1057 δυνατόν,
1721 1026 1850 1060 ἀγγέλοις

1058 1071 1279 1107 ἀναλαμπούσης,
1297 1073 1325 1098 ὲν
1341 1073 1400 1104 ταῖς
1420 1072 1479 1099 κατ’
1496 1072 1581 1108 αὐτὴν
1596 1072 1740 1107 εὐκόσμοις
1754 1071 1850 1105 τάξεσι

1052 1116 1107 1151 ’τῆς
1133 1116 1340 1153 έξουσιαστιχῆς
1363 1118 1512 1154 δυνάμεως.
1537 1117 1643 1150 Ταύτας
1672 1118 1770 1153 ἔχουσα
1799 1117 1851 1150 τὰς

1058 1162 1183 1194 θεοειδεῖς
1201 1163 1333 1198 ἰδιότητας
1350 1164 1366 1199 ἡ
1385 1163 1454 1198 μέση
1475 1163 1529 1190 τῶν
1550 1162 1682 1199 οὐρανίων
1706 1162 1773 1189 νοῶν
1789 1163 1851 1189 δια-

1057 1207 1200 1243 κόσμησις,
1219 1207 1376 1244 καθαίρεται
1402 1208 1451 1244 μὲν
1476 1209 1522 1236 καὶ
1546 1208 1691 1243 φωτίζεται
1708 1209 1755 1234 καὶ
1771 1209 1849 1235 τελε-

1058 1255 1223 1288 σιουργεῖται
1246 1253 1307 1280 καθ’
1323 1254 1353 1280 ὃν
1374 1254 1482 1289 εἴρηται
1502 1254 1611 1289 τρόπον,
1628 1254 1681 1280 ὑπὸ
1696 1254 1749 1280 τῶν
1767 1254 1851 1290 θεαρ-

1056 1299 1141 1334 χικῶν
1163 1299 1331 1334 ἐλλάμψεων,
1356 1299 1530 1336 ὲνδιδομένων
1555 1301 1624 1336 αὐτῇ
1646 1300 1778 1336 δευτέρως
1803 1300 1850 1327 διὰ

1055 1345 1106 1380 τῆς
1128 1345 1238 1381 πρώτης
1263 1346 1421 1381 ἱεραρχικῆς
1444 1346 1657 1382 διακοσμήσεως,
1675 1347 1722 1372 καὶ
1737 1345 1781 1373 διὰ
1799 1346 1850 1381 μέ-

1059 1399 1108 1427 σης
1124 1392 1230 1427 ἐκείνης
1245 1391 1445 1428 δευτεροφανῶς
1460 1391 1745 1427 διαπορθμευομένων,

994 1511 1008 1547 §
1035 1510 1073 1541 ll.

257 1600 360 1628 Dictum
393 1601 484 1636 itaque
512 1600 648 1634 notitiam,
683 1608 744 1636 qua:
769 1602 802 1628 ab
827 1609 882 1629 uno
908 1601 1039 1636 angeloc

219 1649 246 1676 iu
265 1648 379 1675 alterum
394 1648 544 1682 derivatur,
562 1649 691 1676 indicium
705 1648 838 1676 faciamus
862 1649 1005 1684 perfectio—

218 1694 262 1721 nis
277 1693 337 1727 ejus
351 1701 411 1728 qua:
425 1695 534 1722 eminus
557 1700 716 1730 procurata,
734 1701 880 1730 progressu
896 1703 927 1722 ac
943 1701 1005 1728 pro-

218 1740 325 1768 fusione
346 1740 516 1768 subobscure
541 1741 575 1767 ad
601 1733 743 1768 inferiores
759 1740 892 1774 pervenit.
906 1740 1005 1774 Quem-

217 1786 363 1813 admodum
381 1786 453 1812 euim
475 1793 616 1813 sacrorqu
637 1791 793 1813 nostrorum
812 1786 1003 1820 mysteriorum

216 1833 307 1868 periti,
328 1832 425 1867 scipsis
452 1837 614 1867 apparentes
637 1832 792 1859 divinorum
809 1832 941 1859 lutninum
956 1840 1004 1859 ex-

216 1878 350 1914 pletioues
363 1882 492 1912 prtestare
508 1883 621 1906 censent
636 1878 669 1906 iis
680 1898 688 1912 ,
700 1886 816 1914 quarum
837 1878 920 1913 aliqui
938 1878 1004 1906 alio-

215 1932 276 1952 rum
302 1925 446 1960 interiectu
463 1926 611 1960 participes
629 1926 769 1953 exsistunt
784 1934 791 1952 :
806 1926 932 1953 similiter
946 1925 1004 1953 exi-

216 1971 308 2005 stimo,
327 1973 512 2007 angelicorum
538 1973 677 2005 ordinum,
689 1974 735 2007 qui
759 1973 838 2007 primi
865 1973 891 2000 iu
918 1973 1002 2000 Deum

215 2018 412 2050 extenduntur,
429 2018 616 2046 immediatam
639 2019 849 2046 illustratiouem
863 2019 1003 2054 perspica-

215 2065 316 2092 ciorem
335 2072 396 2092 esse
411 2066 619 2100 participatione
634 2066 741 2093 illorum
756 2066 803 2100 qui
822 2073 870 2100 per
885 2066 1002 2092 medium

215 2110 405 2144 perﬁciuntur.
421 2110 496 2138 lianc
509 2111 544 2138 ob
559 2118 671 2138 causam
694 2119 801 2146 quoque
814 2111 909 2146 prima:
923 2110 1004 2138 intel-

215 2156 335 2190 ligentia:
350 2156 376 2182 in
392 2157 553 2184 sacerdotali
568 2162 660 2184 nostra
677 2157 835 2188 traditione,
849 2156 1002 2190 perl’ectiva:

215 2209 248 2228 ac
263 2201 387 2233 luciticaa,
403 2203 614 2237 cxpiatoriazque
632 2203 745 2229 virtutes
767 2203 942 2229 nominantur
956 2209 1003 2228 ea-

215 2254 274 2274 rum
285 2255 344 2283 qua:
353 2247 488 2275 inferioris
499 2248 605 2276 ordinis
613 2248 763 2280 exsistunt;
775 2248 874 2282 quippe
881 2254 941 2281 qua:
955 2253 1002 2281 per

1099 1601 1204 1637 Ἀμέλει
1242 1602 1292 1638 τὴν
1327 1602 1362 1629 δι’
1395 1601 1474 1629 ἄλλου
1508 1601 1656 1637 λεγομένην
1684 1603 1778 1638 φοιτᾷν
1804 1603 1849 1635 είς

1056 1648 1134 1676 ἄλλον
1156 1648 1269 1683 ἄγγελον
1295 1648 1389 1684 ἀκοὴν,
1413 1647 1545 1683 σύμϐολον
1568 1648 1744 1683 ποιησώμεθα
1752 1649 1775 1664 ⁸⁸
1797 1650 1851 1685 τῆς

1056 1694 1196 1730 πόρρωθεν
1212 1694 1432 1729 ἐπιτελουμένης,
1457 1694 1504 1720 καὶ
1524 1693 1568 1719 διὰ
1583 1693 1631 1728 τὴν
1649 1694 1759 1729 πρόοδον
1775 1695 1852 1730 ἀμυ-

1054 1741 1207 1776 δρουμὲνης
1223 1742 1263 1772 εἰς
1278 1741 1440 1776 δευτέρωσιν
1455 1740 1629 1772 τελειώσεως.
1639 1741 1681 1772 Ὠς
1692 1740 1746 1775 γὰρ
1758 1743 1783 1768 οἱ
1797 1743 1853 1770 δει-

1055 1787 1096 1814 νοὶ
1113 1787 1176 1822 περί¹
1192 1786 1241 1818 τὰς
1259 1786 1334 1823 ἱερὰς
1349 1787 1427 1822 ἡμῶν
1442 1787 1553 1818 τελετάς
1568 1795 1643 1821 φασι,
1660 1787 1709 1818 τὰς
1728 1788 1852 1822 αὑτοφα..

1055 1834 1110 1864 νεῖς
1130 1833 1184 1859 τῶν
1206 1833 1284 1860 θείων
1306 1832 1525 1868 ἀποπληρώσεις,
1542 1832 1596 1859 τῶν
1612 1833 1646 1859 δι’
1663 1833 1764 1869 ἐτέρων
1787 1833 1851 1862 θεο-

1055 1880 1160 1907 πτικῶν
1186 1878 1320 1915 μεθέξεων
1341 1877 1410 1907 εἶναι
1432 1878 1601 1913 τελειοτέρας
1610 1878 1631 1895 ⁸⁷
1642 1887 1648 1894 ’
1665 1879 1751 1911 οὕτως
1766 1878 1849 1915 οἶμαι

1055 1927 1101 1953 καὶ
1122 1925 1176 1953 τῶν
1201 1924 1354 1960 ἀγγελικὼν
1376 1924 1479 1957 τάξεων
1502 1924 1551 1960 τὴν
1574 1924 1674 1961 ἄμεσον
1700 1926 1850 1960 μετουσίαν

1054 1972 1108 1999 τῶν
1125 1971 1240 2006 πρώτως
1256 1971 1302 1998 ἐπὶ
1318 1970 1384 1997 Θεὸν
1406 1970 1628 2005 ἁνατεινομένων,
1645 1971 1850 2007 ἐναργεστέραν

1054 2017 1123 2045 εἶναι
1146 2017 1200 2044 τῶν
1226 2017 1269 2043 διὰ
1294 2017 1439 2052 μεσότητος
1467 2016 1698 2051 ἀποτελουμένων.
1724 2016 1769 2042 Διὸ
1797 2019 1850 2045 καὶ

1055 2064 1123 2099 πρὸς
1145 2063 1196 2098 τῆς
1219 2062 1297 2098 ἡμῶν
1321 2062 1486 2098 ἱερατικῆς⁸⁸
1502 2062 1675 2097 παραδόσεως
1690 2062 1850 2091 τελεστικαὶ

1053 2112 1100 2138 καὶ
1117 2110 1267 2146 φωτουργοὶ
1294 2109 1341 2136 καὶ
1361 2109 1523 2144 καθαρτικαὶ
1545 2108 1681 2144 δυνάμεις,
1699 2109 1722 2135 οξ
1740 2109 1849 2144 πρῶτοι

1053 2157 1112 2189 νόες
1127 2155 1304 2192 ὀνομάζονται
1319 2155 1373 2182 τῶν
1390 2154 1551 2190 ὑφειμένων,
1569 2154 1606 2185 ὡς
1621 2155 1654 2181 δι’
1671 2154 1785 2181 αὑτῶν⁵⁹
1798 2155 1849 2184 ἐπὶ

1053 2201 1101 2237 τὴν
1119 2202 1226 2228 πάντων
1243 2201 1405 2236 ὑπερούσιον
1421 2199 1507 2236 ἀρχὴν
1523 2200 1707 2235 ἀναγομένων,
1726 2201 1773 2228 καὶ
1788 2201 1849 2229 τῶν

1052 2247 1251 2282 τελεταρχικῶν
1275 2247 1445 2282 καθάρσεων,
1470 2246 1517 2272 καὶ
1550 2245 1704 2281 φωτισμῶν,
1729 2247 1777 2273 καὶ
1800 2256 1850 2274 τε-

215 2293 275 2320 illas
291 2294 323 2320 ad
338 2294 570 2328 superessentiale
584 2295 705 2322 omnium
722 2294 884 2328 principium
899 2292 998 2319 subve-

1057 2291 1184 2318 \eubcawv
1207 2292 1235 2318 ὲν
1261 2291 1390 2327 μετουσίᾳ
1405 2290 1476 2317 κατὰ
1491 2290 1522 2316 τὸ
1538 2291 1629 2322 αὐτοῖς
1645 2291 1754 2327 θεμιτὸν
1769 2301 1848 2326 γινο-

215 2339 327 2372 bantur,
344 2345 426 2375 atque
449 2341 629 2375 mysticarum
646 2339 843 2374 expiationum,
857 2344 886 2365 et
902 2338 1002 2367 illumi-

214 2385 366 2416 natiouum,
381 2384 645 2419 perfectionumque,
662 2384 750 2418 quoad
768 2384 800 2410 iis
815 2383 855 2410 fas
870 2388 921 2416 est,
940 2390 1003 2417 par-

215 2432 311 2466 ticipes
325 2431 483 2458 reddantur.
501 2430 556 2457 lioc
572 2431 644 2457 enim
666 2430 814 2456 universim
829 2430 918 2456 divina
929 2429 1004 2456 ordi-

213 2477 325 2504 natione
350 2476 483 2504 diviuitus
510 2480 655 2509 statutum,
670 2481 700 2503 ut
716 2484 776 2508 qua:
789 2476 907 2503 secunda
926 2479 1000 2508 sunt,

212 2529 263 2556 per
274 2523 362 2557 prima
377 2523 484 2549 divinas
497 2522 662 2557 participem
684 2521 909 2549 illuminationes.
925 2519 1002 2552 Quod

214 2569 309 2603 utique
325 2567 465 2595 multoties
487 2575 501 2595 a
524 2568 659 2603 theologis
673 2575 835 2602 expressum
858 2567 976 2601 reperias
993 2575 1000 2593 :

213 2620 364 2644 uam,cum
394 2613 484 2640 divina
513 2618 681 2647 pateruaque
703 2612 847 2639 clementia
873 2612 1000 2646 pupulum

214 2658 402 2692 lsraeliticum,
414 2660 604 2688 conversionis
616 2660 673 2695 ejus
683 2667 715 2687 ac
723 2660 819 2688 salutis
827 2667 903 2694 ergo,
913 2658 1000 2686 corri-
1022 2663 1023 2666 ‘

1055 2338 1153 2373 μένων.
1171 2337 1256 2363 Τοῦτο
1278 2337 1332 2373 γάρ
1355 2338 1413 2363 ἐστι
1435 2336 1549 2363 καθόλου
1566 2338 1598 2372 τῇ
1616 2336 1676 2372 Θείᾳ
1698 2337 1849 2374 ταξιαρχίᾳ

1053 2383 1214 2419 θεοπρεπῶς
1229 2383 1483 2418 νενομοθετημένον,
1501 2383 1531 2409 τὸ
1546 2383 1591 2409 διὰ
1606 2383 1660 2409 τῶν
1677 2383 1792 2419 πρώτων
1810 2384 1848 2410 τὰ

1052 2428 1166 2465 δεύτερα
1181 2428 1235 2455 τῶν
1253 2428 1405 2464 θεαρχικῶν
1429 2429 1552 2464 μετέχειν
1569 2429 1735 2464 ὲλλάμψεων.
1754 2429 1848 2465 Εὑρή-

1054 2483 1111 2506 σεις
1133 2475 1161 2501 δὲ
1182 2474 1262 2501 τοῦτο
1285 2475 1332 2501 καὶ
1355 2474 1487 2509 πολλαχοῦ
1503 2477 1559 2506 τοῖς
1574 2475 1708 2510 θεολόγοις
1722 2476 1848 2510 ἐκπεφασ-

1053 2520 1161 2556 σμένον.
1175 2520 1270 2546 Ἣνίκα
1292 2521 1346 2556 γὰρ
1370 2521 1386 2556 ἡ
1411 2520 1469 2547 θεία
1486 2522 1532 2547 καὶ
1548 2522 1667 2557 πατρικὴ
1690 2520 1846 2557 φιλανθρω-

1053 2567 1112 2598 πία,
1129 2567 1174 2594 τὸν
1198 2567 1304 2603 Ἰσραὴλ
1321 2567 1535 2602 ὲπιστρεπτικῶς
1553 2568 1622 2603 ὑπὲρ
1638 2568 1687 2602 τῆς
1704 2568 1779 2602 ἱερᾶς
1795 2569 1847 2594 αὺ-

1052 2613 1098 2639 τοῦ
1117 2613 1252 2649 σωτηρίας
1270 2613 1448 2644 παιδεύσασα,
1459 2613 1506 2640 καὶ
1522 2615 1651 2649 τιμωροῖς
1668 2613 1714 2640 καὶ
1729 2613 1847 2639 ἀτιθάσ-

1054 2666 1111 2690 σοις
1127 2658 1230 2685 ἔθνεσιν
1246 2659 1285 2690 είς
1301 2658 1485 2694 ἐπανόρθωσιν
1502 2658 1674 2692 ὲκδεδωκυῖα,
1684 2660 1717 2695 τῇ
1727 2661 1846 2696 παντοίᾳ

861 2762 980 2790 VARle
998 2760 1204 2789 LECTIONES.

250 2828 272 2845 δ’
289 2829 337 2867 (Ili.
352 2829 419 2867 ἀλλὰ
440 2830 582 2867 δυνατῶςη
605 2829 629 2848 ⁸³
655 2840 700 2867 γρ.
723 2831 920 2867 δυναμοποιῶς.
958 2831 981 2847 ⁸⁵
996 2832 1047 2860 CII.
1076 2831 1234 2867 προϊοῦσανι
1255 2831 1300 2859 Sc.
1316 2835 1343 2859 et
1367 2831 1429 2859 Sar.
1456 2829 1653 2867 assentiuntur.
1690 2830 1713 2867 ξ’
1730 2830 1772 2867 ι),
1791 2832 1842 2858 ’καὶ

212 2864 246 2902 fit
259 2864 327 2902 μετᾲ
342 2865 452 2900 ταύτην.
475 2866 513 2902 7⁸⁸
525 2867 553 2893 S.
574 2866 602 2893 Ρ.
620 2864 910 2902 Β.Ἲί;ὴ.ποιησόμεοα,
940 2867 1022 2894 veluti
1047 2864 1104 2895 Sc:
1121 2869 1202 2895 etiam
1231 2868 1437 2900 intcrtvrelalur-

1489 2865 1511 2881 "
1527 2865 1577 2892 Cb.
1603 2865 1635 2894 υ.
1658 2864 1839 2903 τελειοτέρας.

213 2900 236 2915 "
252 2909 278 2927 ηρ
299 2901 390 2928 Quart.
407 2901 554 2930 alialectio
568 2906 688 2936 notatur,
705 2900 877 2940 ίεραρχικῆς.
914 2902 935 2919 δν
949 2902 986 2931 Μ,
1005 2910 1059 2931 non
1071 2902 1164 2930 habet.
