1933 3075
107 121 164 151 ΞΗ

420 123 464 150 DE
481 123 644 151 C(ELESTI
662 121 873 150 HIERARCIIIA
886 141 893 150 .
910 120 987 148 CAP.
1005 119 1072 147 VIII.
1090 134 1125 140 -
1141 118 1302 147 CORDEBII
1327 117 1444 146 ΝΟΤᾹέ.

1690 115 1749 142 243*

104 181 166 208 τῶν
184 179 392 216 προνοουμένων
420 181 467 206 ἐπὶ
491 181 522 207 τὸ
546 181 669 215 κρεῖττον
691 179 847 214 μεταγωγῇ,
864 185 898 203 κα

961 176 1074 211 puisset,
1087 175 1286 210 ultricibusque
1300 183 1333 201 ac
1346 174 1500 202 crudelibus
1515 175 1671 204 nationibus
1682 183 1744 204 cor-

105 226 162 262 τῆς
196 225 387 261 αἰχμαλωσίας
403 226 478 261 ἠφίει
510 226 556 252 καὶ
587 225 655 260 πρὸς
690 225 740 259 τὴν
773 223 908 259 προτέραν

105 271 249 303 ἐπιεικῶς
259 272 430 306 ἐπανήγαγεν
436 272 459 287 ⁵ο
469 272 625 298 εὐπάθειαν.
641 271 706 306 ’0ρᾷ
715 268 768 296 τῶν
779 269 908 302 θεολόγων

105 314 162 349 εἷς,
195 319 212 344 ὁ
237 317 372 353 Ζαχαρίας
391 317 424 350 ",
453 317 501 345 ἕνα
526 317 582 344 τῶν
604 316 735 352 πρώτων,
761 315 798 347 ὡς
821 313 907 351 οἶμαι,

105 364 157 390 καὶ
177 365 246 400 περὶ
262 364 327 391 Θεὸν
344 364 466 399 ἀγγέλων
488 364 587 400 (κοινὸν
609 363 680 399 γὰρ,
700 363 739 394 ὡς
756 363 834 398 ἔφην,
850 362 908 388 ἐστὶ

105 412 179 438 πᾶσι
196 412 229 438 τὸ
242 412 293 447 τῆς
308 411 455 447 ἀγγελικῆς
466 410 632 446 ἐπωνυμίας)
649 410 717 446 πρὸς
731 409 813 436 αὐτοῦ
840 408 907 438 θεοῦ

107 457 237 492 μαθόντα
258 458 322 489 τοὺς
344 458 407 493 περὶ
420 457 515 484 τούτου
536 458 766 494 παρακλητικοὺς,
778 458 817 490 ὡς
832 457 908 494 εἴρη-

104 511 166 534 ται,
179 503 296 537 λόγουςε
310 503 402 539 ἕτερον
414 503 443 530 δὲ
455 503 509 530 τῶν
525 504 679 540 ὑφειμένων
694 505 827 539 ἀγγέλων,
840 505 908 540 πρὸς

105 550 269 585 ὑπάντησιν
280 549 303 565 ⁵⁵
315 548 363 576 τοῦ
383 549 491 585 πρώτου
512 549 758 585 προπορευόμενον,
779 550 817 582 ὼς
838 550 906 585 πρὸς

105 595 275 630 ἐλλάμψεως
290 596 423 632 ὑποδοχὴν
437 596 484 622 καὶ
497 595 657 632 μετάληψιν,
669 594 727 622 εἷτα
742 596 812 632 πρὸς
823 596 906 622 αὐτοῦ

103 643 158 677 τὴν
179 641 259 668 Θείαν
277 641 375 677 βουλὴν
394 642 432 673 ὡς
449 642 516 677 πρὸς
536 642 663 678 ῐεράρχου
679 642 839 678 μυούμενον,
859 642 906 669 καὶ

103 689 137 716 τὸ
155 689 264 724 μυῆσαι
278 689 323 715 τὸν
339 688 461 723 θεολόγον
477 690 699 725 ἐπιτρεπόμενον,
714 690 754 716 ὃτι
767 689 906 724 κατακάρ-

105 743 170 767 πως
196 735 427 771 κατοικηθήσεται
454 736 630 772 Ἰερουσαλὴμ
646 736 700 763 ἀπὸ
724 737 844 773 πλήθους
859 737 905 763 ἀν⁴

105 781 243 817 θρώπων.
266 783 380 818 ’Έτερος
402 782 431 809 δὲ
451 783 507 809 τῶν
534 783 665 818 θεολόγων
693 783 832 819 Ἱεζεκιὴλ,
858 783 905 810 καὶ

106 828 181 863 πρὸς
209 828 295 863 αὐτῆς
320 837 384 864 φησι
406 827 485 855 τοῦτο
506 829 642 865 πανιέρως
676 829 903 865 νομοθετηθῆναι,

105 873 159 907 τῆς
167 873 194 889 ⁵³
211 876 269 905 τοῖς
287 874 425 910 Χερουϐὶμ
438 873 632 908 ὲπιϐεόηκυίας
645 875 822 911 ὑπερενδόξου
839 875 903 902 Θεό-

105 927 209 955 τητος·
222 919 268 946 τὸν
279 920 457 957 γὰρΊσραὴλ,
470 920 508 952 ὡς
519 921 634 957 εἴρηται,
649 922 768 958 πατρικὴ
781 922 902 957 ’δφιλαν-

107 963 224 999 θρωπία
239 964 284 991 διὰ
299 965 419 997 παιδείας
435 966 481 992 ἐπὶ
492 966 522 992 τὸ
541 967 663 1001 κρεῖττον
677 967 844 1002 μετάγουσα,
860 967 900 993 δι-

107 1009 245 1046 καιοσύνῃ
274 1009 420 1046 Θεοπρεπεῖ
441 1011 496 1037 τῶν
524 1011 681 1039 ὑπευθύνων
705 1012 901 1047 ἀποκρίνεσθαι

106 1055 173 1086 τοὺς
196 1055 358 1087 ἀνευθύνους
382 1055 532 1084 ἐδικαίωσε.
560 1057 645 1084 Τοῦτο
665 1058 771 1093 μυεῖται
794 1057 901 1093 πρῶτος

108 1099 183 1134 μετὰ
200 1099 237 1126 τὰ
252 1101 400 1137 Χερουϐὶμ,
415 1102 429 1128 ὁ
440 1102 488 1137 τὴν
500 1102 584 1136 ὀσφῦν
602 1102 744 1138 σαπφείρῳ
754 1102 902 1138 διεζωσμέ-

107 1152 164 1177 νος,
187 1145 218 1177 ὃς
231 1146 276 1174 τὸν
294 1147 399 1182 ποδήρη
414 1147 485 1174 κατὰ
497 1147 629 1183 σύμϐολον
651 1148 806 1184 ἱεραρχικὸν
827 1149 901 1175 ἐνδε-

106 1190 196 1218 δύχει.
220 1192 290 1224 Τοὺς
309 1193 338 1220 δὲ
359 1193 468 1225 λοιποὺς
488 1194 662 1228 ἀγγέλους,οἲ
675 1196 737 1227 τοὺς
747 1194 900 1227 ⁵¹πελέκεις

107 1234 195 1271 εἶχον,
231 1239 247 1274 ἠ
279 1238 337 1265 θεία
350 1239 494 1275 ταξιαρχία
509 1240 613 1267 κελεύει
627 1241 693 1276 πρὸς
704 1240 751 1267 τοῦ
766 1240 899 1276 προτέρου

110 1283 242 1319 μυεῖσθαι
265 1285 315 1320 τὴν
337 1286 401 1321 περὶ
421 1286 514 1312 τούτου
527 1285 692 1322 θεοκρισίαν·
713 1285 752 1321 τῷ
776 1285 825 1321 μὲν
845 1285 900 1320 γὰρ

107 1328 161 1364 ἔφη
183 1329 270 1365 μέσην
284 1330 396 1358 διελθεῖν
410 1331 459 1367 τὴν
479 1331 663 1367 Ἰερουσαλὴμ,
680 1332 726 1358 καὶ
734 1331 824 1358 δοῦναι
837 1331 899 1358 τδ⁵⁶

110 1376 226 1410 σημεῖον
246 1377 286 1407 εἰς
304 1376 340 1402 τὰ
356 1377 466 1412 μέτωπα
478 1377 532 1403 τῶν
547 1377 698 1404 ἀνευθύνων
714 1377 830 1413 ἀνδρῶν·
843 1379 899 1410 τοῖς

108 1418 204 1452 ἄλλοις
214 1420 242 1446 δέ
252 1428 259 1434 ·
273 1422 439 1455 Πορεύεσθε
453 1423 496 1454 εὶς
510 1421 568 1455 τὴν
582 1422 673 1448 πόλιν
687 1421 782 1448 ὀπίσω
793 1421 897 1454 αὐτοῦ,

108 1465 159 1492 καὶ
184 1467 326 1499 κόπτετε,
352 1467 402 1493 καὶ
424 1467 466 1502 μὴ
488 1467 626 1502 φείδεσθε
653 1467 715 1500 τοῖς
734 1468 898 1502 ὀφθαλμοῖς

961 223 1102 257 rigendum
1122 222 1293 253 tradidisset;
1309 226 1338 247 ut
1352 228 1420 256 quos
1435 221 1547 255 provide
1562 222 1741 257 gubernabat,

959 269 1032 296 omni
1056 269 1136 295 modo
1156 268 1189 295 ad
1210 267 1348 294 meliorem
1371 266 1476 301 frugem
1494 267 1651 300 adduceret,
1664 275 1679 295 a
1695 275 1743 296 ca-

959 314 1080 349 ptivitate
1092 312 1145 348 75
1159 319 1266 348 quoque
1279 311 1379 338 liberos
1393 311 1426 338 ad
1444 311 1585 346 pristinam
1603 312 1740 339 fortunam

959 360 1072 394 benigne
1089 359 1235 387 revocavit.
1258 358 1412 392 Theologns
1429 358 1538 391 quidam
1555 358 1664 385 nomine
1689 357 1743 385 Za-

958 407 1067 434 charias
1078 407 1136 434 visu
1152 406 1282 441 percepit,
1301 406 1450 440 primorum
1465 405 1621 440 quemdam,
1638 411 1666 432 ut
1684 406 1743 439 opi-

959 461 1020 485 nor,
1032 460 1064 480 ex
1081 452 1114 479 iis
1133 452 1178 486 qui
1202 451 1256 478 Deo
1272 451 1387 484 proximi
1405 455 1468 477 sunt
1484 449 1640 484 angelorum
1656 451 1743 485 (com-

958 498 1048 526 munis
1066 497 1150 530 cnim,
1169 496 1209 523 uti
1224 495 1299 529 dixi,
1319 495 1444 523 omnibus
1465 494 1588 530 angelica
1602 495 1743 529 cognomi-

957 544 1031 572 natio
1045 545 1096 578 est)
1117 544 1151 571 ab
1167 542 1237 577 ipso,
1251 542 1322 569 sicut
1345 542 1447 568 dictum
1469 546 1521 573 est,
1542 541 1597 568 Deo
1616 541 1668 568 hac
1682 541 1742 576 ipsa

957 586 991 617 de
1006 597 1035 617 re
1051 589 1133 617 verba
1155 587 1351 616 consolationis
1366 588 1537 622 percepisse:
1554 587 1670 614 alterum
1693 594 1743 614 au-

956 641 1010 665 tem
1021 635 1126 664 ordinis
1139 634 1273 662 inferioris
1286 633 1424 668 angelum,
1438 634 1553 660 obviam.
1563 633 1659 668 priori,
1674 633 1741 661 lucis

956 681 1094 717 capienda:
1105 689 1137 708 ac
1148 680 1340 715 participanda:
1352 686 1444 712 causa,
1457 680 1666 713 praecedentem,
1679 687 1740 706 cum

955 728 990 755 ab
1007 727 1100 754 eodem
1124 726 1221 754 deinde
1242 726 1363 752 divinum
1390 725 1549 758 consilium,
1574 729 1703 759 tanquam
1725 732 1742 753 a

955 774 1096 801 sacerdote
1110 780 1225 803 summo.
1240 772 1418 807 percepisset,
1439 771 1504 798 illud
1528 772 1616 805 ipsum
1635 780 1668 798 ex
1687 773 1742 799 im-

955 819 1043 851 posito
1065 826 1176 846 munere
1197 817 1349 852 theologum
1369 817 1503 849 docuisse,
1529 819 1588 844 fore
1611 823 1640 844 ut
1660 817 1741 845 Jeru-

955 865 1038 892 salem
1055 863 1186 900 frugifere
1198 871 1214 891 a
1228 869 1324 897 magna
1346 863 1487 890 hominum
1511 863 1681 890 multitudine
1697 863 1738 890 in-

953 911 1098 939 coleretur.
1119 910 1234 943 Quidam
1261 909 1330 936 alius
1350 909 1413 935 item
1437 909 1579 943 theologus
1596 908 1739 942 Ezechiel,

953 957 1004 984 hoc
1027 964 1042 984 a
1063 956 1168 984 Deitate
1193 956 1250 990 ipsa
1277 955 1492 990 supergloriosa,
1514 963 1575 989 qua:
1596 955 1738 983 cherubim

954 1003 1122 1031 transcendit
1134 1010 1159 1036 ι,
1170 1007 1345 1030 sacrosancte
1365 1001 1501 1028 sancitum
1516 1001 1634 1028 asserit:
1651 1001 1737 1028 Israe-

952 1050 1055 1077 liticum
1079 1049 1151 1077 cuitu
1179 1049 1308 1084 populum
1331 1055 1411 1080 cum,
1433 1051 1462 1073 ut
1482 1047 1583 1074 dictum
1601 1052 1658 1078 est,
1683 1047 1738 1075 cle-

952 1096 1053 1124 mentia
1076 1100 1187 1130 paterna
1210 1102 1258 1129 per
1275 1093 1447 1128 disciplinam
1472 1093 1506 1119 ad
1522 1091 1626 1126 frugem
1646 1093 1738 1119 tradu-

951 1147 1026 1170 ceret
1042 1142 1192 1173 meliorem,
1206 1141 1333 1176 aaquitate
1348 1139 1402 1166 Deo
1417 1138 1495 1173 digna
1514 1146 1574 1166 reos
1591 1139 1624 1166 ab
1641 1138 1736 1166 inson-

952 1190 1023 1216 tibus
1045 1189 1226 1216 secernendos
1254 1186 1372 1214 censuit.
1397 1185 1455 1212 Hoc
1471 1186 1573 1218 primus
1589 1184 1737 1212 secundum

951 1235 1091 1262 cherubim
1115 1234 1227 1260 docetur
1242 1233 1299 1266 ille,
1320 1233 1398 1268 cujus
1414 1241 1493 1261 renes
1513 1232 1642 1266 sapphiro
1664 1237 1736 1265 pra:-

950 1280 1032 1308 cincti
1057 1283 1148 1312 erant,
1170 1279 1271 1314 quique
1292 1278 1372 1306 talari
1389 1284 1476 1311 veste,
1499 1277 1672 1313 pontificatus
1694 1277 1736 1304 iti-

950 1326 1037 1362 signi,
1061 1325 1251 1352 amiciebatur.
1273 1324 1393 1352 Ceteros
1410 1325 1509 1352 exinde
1524 1323 1633 1358 angelos
1654 1329 1735 1349 secu-

950 1372 1025 1399 ribus
1039 1375 1172 1403 armatos,
1194 1378 1208 1396 a
1226 1370 1309 1406 priori
1327 1370 1374 1397 illo
1395 1369 1486 1396 divina
1500 1368 1578 1403 jubet
1599 1367 1736 1395 ordinatio

950 1418 1070 1446 divinum
1091 1418 1142 1445 hac
1162 1419 1195 1444 de
1214 1424 1243 1444 re
1260 1417 1392 1452 judicium
1416 1416 1524 1444 edoceri
1541 1425 1548 1443 :
1566 1415 1629 1442 huic
1650 1414 1736 1449 siqui-

950 1465 1009 1492 dem
1025 1464 1165 1500 prtecepit,
1182 1469 1210 1491 ut
1226 1472 1274 1498 per
1289 1464 1404 1491 mediam
1428 1463 1579 1491 Jerusalem
1596 1462 1734 1495 transiret,

107 1512 205 1547 ὑμῶν,
218 1513 267 1539 ἐπὶ
280 1512 314 1539 δὲ
328 1513 442 1546 πάντας
455 1514 500 1548 ἐφ’
516 1514 561 1547 οἷς
577 1514 643 1541 ἐστι
657 1514 689 1542 τὸ
705 1515 840 1549 σημεῖον,
853 1514 897 1549 μὴ

951 1516 1031 1546 atque
1052 1511 1158 1545 signum
1183 1510 1330 1538 insontium
1350 1509 1470 1536 virorum
1491 1509 1625 1536 frontibus
1640 1509 1735 1543 impri-

106 1556 259 1592 ἐγγίσητε.
275 1558 308 1584 Τί
324 1559 357 1586 ἄν
376 1567 417 1590 τις
431 1557 502 1585 εἴποι
518 1559 582 1595 περὶ
601 1559 648 1585 τοῦ
665 1560 798 1594 φήσαντος
813 1560 896 1594 ἀγγέ-

107 1602 155 1629 λου
175 1603 216 1638 τῷ
232 1603 346 1639 Δανιήλ·
367 1603 511 1637 Ἐξῆλθεν
529 1606 545 1631 ό
565 1605 673 1639 λόγου
692 1605 707 1640 ἢ
727 1605 790 1640 περὶ
813 1604 896 1631 αὑτοῦ

107 1648 154 1674 τοῦ
168 1649 276 1684 πρώτου
298 1650 328 1676 τὸ
338 1650 393 1685 πῦρ
403 1651 435 1677 ἐκ
446 1650 528 1685 μέσου
542 1650 597 1676 τῶν
610 1650 749 1686 Χερουϐὶμ
759 1650 896 1685 ἀνειληφὸα

107 1703 168 1727 τος;
180 1695 197 1731 ἦ
208 1696 238 1722 τὴ
249 1695 342 1722 τούτου
356 1696 546 1731 περισσότερον
559 1696 599 1727 εἰς
610 1696 735 1728 εὐταξίας
747 1696 895 1731 ἁγγελικῆς

107 1741 260 1774 ἀπόδειξιν,
280 1742 320 1768 ὅτι
341 1741 374 1768 τὰ
394 1742 533 1777 Χερουϐὶμ
556 1740 716 1777 Apama“
730 1741 760 1767 τὸ
783 1741 838 1777 πῦρ
856 1742 896 1773 είς

107 1786 156 1818 τὰς
168 1788 261 1823 χεῖρας
275 1787 320 1813 τοῦ
331 1788 380 1822 τὴν
391 1788 473 1821 ἁγίαν
489 1786 584 1822 στολὴν
598 1786 783 1819 ὲνδεδυκότος;
800 1787 817 1822 ἢ
832 1788 896 1822 περὶ

107 1830 155 1858 τοῦ
166 1832 332 1867 κεκληκότος
342 1833 387 1859 τὸν
399 1832 534 1859 Θειὸτατον
550 1832 680 1868 Γαΰριὴλ,
699 1833 746 1859 καὶ
760 1833 895 1868 φήσαντος

107 1877 196 1913 αὐτῷ,
219 1878 383 1905 Συνέτισον
407 1878 523 1905 ἐκεῖνον
544 1877 601 1912 τὴν
623 1877 744 1912 ὅρασ(ν;
763 1877 779 1913 ἢ
810 1878 860 1905 ὅσα
871 1878 894 1894 ⁸⁵

106 1921 175 1949 ἄλλα
200 1923 268 1958 πρὸς
291 1923 345 1950 τῶν
367 1923 448 1959 ἱερῶν
475 1922 606 1958 θεολόγων
632 1923 738 1959 εἴρηται
758 1924 822 1959 περὶ
846 1924 895 1955 τῆς

106 1966 160 1992 τῶν
179 1967 311 2002 οὐρανίων
333 1968 475 2004 ἰεραρχιῶν
495 1968 627 2000 θεοειδοῦς
646 1968 895 2004 εὐκοσμίας;πρὸς

106 2013 140 2047 ἢν
153 2013 169 2048 ἡ
185 2014 236 2048 τῆς
251 2015 316 2050 παρ’
331 2015 396 2050 ἡμῖν
411 2015 549 2051 ὶεραρχίας
560 2014 679 2050 εὐταξία,
692 2015 761 2041 κατὰ
775 2015 806 2041 τὸ
818 2006 895 2041 δυνα-

107 2058 150 2085 τὸν
164 2059 379 2096 ἀφομοιουμένη,
397 2061 446 2096 τὴν
461 2061 606 2096 ἀγγελικὴν
628 2061 793 2096 εὐπρέπειαν
807 2061 844 2093 ὡς
865 2062 893 2088 ὲν

107 2104 207 2131 εἰκόσιν
230 2105 295 2138 ἕξει,
322 2107 477 2142 τυπουμένη
502 2107 534 2133 δι’
550 2107 649 2141 αὐτῆς,
672 2107 720 2133 καὶ
739 2106 893 2143 ἀναγομένη

109 2149 173 2184 πρὸς
200 2151 251 2187 τὴν
279 2152 439 2188 ὑπεροὺσιον
472 2153 581 2189 ἁπάσης
613 2152 752 2189 ἱεραρχίας
781 2152 893 2189 ταξιαρ-

108 2201 175 2236 χίαν.

948 1562 1047 1589 meret;
1064 1557 1123 1583 aliis
1135 1560 1224 1583 autem
1239 1556 1296 1584 ait:
1312 1556 1390 1582 Esite
1404 1556 1430 1582 in
1446 1555 1575 1582 civitatem
1589 1560 1647 1590 post
1662 1563 1732 1590 eum,

946 1609 969 1632 et
984 1604 1120 1638 perrutite,
1134 1608 1158 1629 et
1173 1603 1252 1629 nolile
1266 1610 1372 1636 parcere
1384 1601 1466 1629 oculis
1477 1601 1581 1633 vestris;
1597 1601 1631 1627 ad
1645 1609 1732 1628 omnes

947 1655 1033 1676 autent
1057 1657 1135 1684 super
1148 1656 1213 1684 quos
1234 1652 1271 1675 est
1289 1648 1405 1682 signum,
1421 1655 1452 1674 ne
1477 1647 1691 1682 appropinquetis
1706 1651 1731 1674 Υ.

946 1695 1015 1729 Quid
1038 1700 1128 1722 autem
1149 1695 1183 1721 de
1205 1693 1251 1721 illo
1265 1693 1338 1721 dicat
1353 1693 1414 1727 quis
1434 1692 1540 1726 angelo,
1556 1693 1602 1727 qui
1629 1692 1732 1719 Danicli

946 1742 1003 1769 ait:
1022 1741 1148 1776 Egressus
1168 1746 1206 1768 est
1231 1739 1338 1766 sermo?
1352 1743 1363 1757 ι
1381 1743 1428 1766 aut
1450 1739 1484 1765 de
1503 1738 1588 1772 primo
1611 1737 1666 1770 illo,
1687 1738 1732 1773 qui

946 1789 1036 1822 ignem
1053 1788 1084 1815 de
1102 1786 1190 1814 medio
1207 1785 1348 1814 cherubim
1370 1783 1494 1819 accepit?
1518 1784 1571 1818 vel,
1593 1785 1665 1819 quod
1681 1792 1732 1810 an-

945 1835 1060 1869 gelicam
1091 1833 1256 1860 luculentins
1280 1832 1426 1860 confirmat
1451 1831 1674 1863 distinctionem,
1699 1831 1734 1858 de

946 1881 1085 1908 cherubim
1102 1880 1190 1914 ignem
1207 1879 1347 1913 ingerente
1368 1879 1394 1905 in
1419 1885 1514 1905 manus
1530 1877 1588 1912 ejus
1605 1877 1651 1911 qui
1674 1881 1732 1904 sto-

947 1926 999 1952 lam
1020 1930 1141 1952 sanctam
1157 1925 1265 1951 indutus
1281 1924 1358 1951 erat?
1374 1927 1419 1950 aut
1434 1923 1468 1950 de
1486 1922 1532 1949 illo
1545 1922 1591 1956 qui
1608 1922 1729 1948 Gabrieli

946 1971 1126 2002 divitiisSilllO.
1141 1977 1202 1997 cum
1218 1977 1279 1997 eum
1293 1970 1464 2002 accersisset,
1480 1968 1566 1995 dixit:
1584 1966 1642 1994 Fac
1655 1967 1731 1994 illum

945 2017 1089 2051 intelligere
1103 2015 1225 2043 visionem
1237 2016 1270 2042 ﬂ?
1289 2019 1336 2042 aut
1351 2016 1384 2042 de
1399 2015 1524 2042 omnibus
1540 2014 1610 2046 aliis,
1625 2021 1684 2047 qua:
1698 2013 1732 2040 de

945 2062 1099 2089 ewlestium
1118 2061 1212 2088 ordine
1234 2059 1451 2088 hierarchiarum
1473 2067 1587 2094 prorsus
1606 2059 1730 2087 deil'ornii

945 2118 959 2136 a
985 2111 1071 2137 sacris
1094 2113 1156 2136 sunt
1184 2108 1318 2142 theologis
1340 2108 1573 2135 commemorata?
1597 2108 1631 2134 ad
1654 2107 1731 2141 cujus

945 2155 1039 2189 utique
1054 2154 1198 2189 imaginem
1214 2154 1237 2181 si
1254 2161 1331 2181 sacer
1349 2153 1394 2181 hic
1412 2153 1480 2180 ordo
1500 2158 1592 2180 noster
1606 2160 1635 2180 se
1657 2161 1731 2180 coni-

909 2199 935 2229 D
949 2206 1042 2237 ponat,
1062 2202 1152 2235 eique,
1174 2205 1305 2235 quantum
1321 2204 1421 2235 potest,
1437 2199 1613 2233 assiiniletnr,
1629 2199 1730 2232 angeli—

108 2254 166 2274 cuin
182 2249 304 2282 profecto
328 2251 453 2279 decorem
478 2251 553 2278 illum
579 2250 651 2277 velut
673 2249 700 2276 in
725 2250 818 2283 ﬁguris
841 2250 986 2285 exprimet,
1005 2248 1120 2275 formam
1140 2248 1203 2275 inde
1217 2248 1346 2283 capiens;
1363 2255 1396 2276 ac
1412 2254 1459 2283 per
1471 2254 1532 2274 cum
1547 2247 1580 2273 ad
1601 2253 1730 2280 superes-

109 2297 247 2324 senlialem
268 2298 358 2326 omnis
378 2299 449 2326 sacri
475 2299 578 2327 ordinis
597 2297 733 2331 originem
767 2300 920 2327 attolletur.

655 2453 709 2489 76
723 2452 988 2482 ADNOTATIONES
1008 2452 1186 2482 CORDERH.

141 2527 154 2569 ᾖ
167 2528 185 2555 1.
208 2529 346 2569 Describit
361 2531 477 2569 mediam
495 2532 678 2564 hierarcllinm
696 2541 758 2568 qua:
771 2533 893 2560 continet
907 2534 1122 2568 dominationes,
1137 2538 1287 2569 potestates
1302 2538 1384 2568 atque
1400 2534 1527 2566 virtutes,
1540 2536 1568 2559 et
1582 2532 1724 2568 mysticam

108 2566 236 2608 cljliisqne
254 2566 511 2608 interpretationem
529 2575 561 2595 ac
579 2566 775 2608 proprietatem
788 2569 913 2608 exponit.

143 2599 349 2629 nominationes
363 2606 453 2629 autem
468 2599 606 2636 dicuntur,
623 2599 687 2638 quia
704 2603 811 2631 caeteris
827 2599 934 2639 angelis
947 2605 1136 2638 dominantur,
1155 2608 1183 2632 et
1200 2605 1233 2632 ab
1251 2604 1325 2632 omni
1342 2604 1520 2639 oppressione
1536 2608 1598 2630 sunt
1621 2602 1724 2636 liberae,

141 2683 152 2697 κ
168 2678 268 2707 Ezecli.
286 2688 313 2708 κ.
361 2680 488 2708 YEzecb.
517 2689 554 2715 ix,
581 2685 608 2713 5.
639 2686 650 2700 ι
666 2681 733 2709 Dan.
760 2690 798 2714 ix,
819 2682 864 2709 23.

905 2689 918 2703 ιι
932 2682 1001 2710 Dan.
1023 2690 1080 2715 vut,
1107 2683 1152 2709 16.

740 2766 856 2795 VARUE
870 2767 1072 2796 LECTIONES.

142 2822 163 2864 ’ξ
175 2823 227 2864 Ch.
288 2824 478 2864 P._é_zavﬁyay.
517 2824 540 2864 ξ⁵¹
555 2826 696 2864 arti-ilium
712 2833 778 2864 _I_ton_
790 2826 871 2864 habet
887 2827 916 2864 D.
935 2831 963 2853 et

111 2859 178 2893 γική,
193 2859 227 2886 Μ.
240 2860 285 2888 Sc.
324 2860 347 2876 "
361 2860 492 2889 articulus
508 2861 583 2889 docst
599 2862 625 2888 in
638 2861 672 2889 Μ.
711 2861 734 2878 ⁵·
748 2860 781 2889 τό
790 2869 842 2890 non
857 2862 956 2890 habent
969 2863 1018 2890 Ch.
1036 2863 1066 2890 D.
1080 2862 1109 2890 P.
1148 2862 1170 2878 ⁸⁷
1188 2859 1323 2895 ἐκϐάλλει,
1343 2861 1373 2889 D.

1057 2828 1079 2843 "
1100 2827 1129 2854 D.
1145 2826 1308 2860 ἀπάντησιν.
1361 2825 1385 2841 ⁸³
1400 2833 1445 2876 γρ.
1462 2823 1525 2850 τῶν.
1565 2824 1588 2839 ⁸⁸
1602 2830 1721 2866 separet.

1060 2883 1066 2889 .
1080 2862 1109 2889 P.
1148 2862 1170 2878 ⁸⁷
1188 2861 1323 2889 ἐκϐάλλει.
1343 2861 1373 2889 D.
1425 2860 1435 2876 ⁸
1451 2859 1497 2886 καὶ
1513 2859 1575 2889 ὅσα.
1593 2859 1645 2887 (ιιι.

1451 2859 1497 2886 καὶ
1513 2859 1575 2892 ὅσα,
1593 2859 1645 2887 (λιι.
