1933 3075
190 118 244 146 2-ιῖ
768 115 795 143 S.
815 115 962 143 DlONYSll

1033 114 1209 142 ΕΟΡΛΟΙΤᾸΞ
1757 116 1810 145 SH

193 180 221 203 et
238 174 303 202 nulli
328 173 452 201 inferiori
476 172 671 207 subjiciuntur.
691 172 793 200 Ilarum
815 173 934 200 ofﬁciunt
959 178 1021 206 est,
1043 173 1191 200 secundum
1210 171 1388 206 Dionysium,
1413 172 1510 200 timore
1529 171 1620 199 servili
1636 172 1766 206 deposito.
1782 173 1811 200 in

193 212 280 238 Deum
305 209 426 241 moveri,
441 213 470 236 et
495 209 669 236 incessanter
686 209 712 236 ei
738 208 887 235 famulari:
905 209 1056 235 secundum
1080 207 1242 241 Gregorium
1266 212 1355 233 autem
1377 207 1493 234 cilicium
1512 215 1605 235 earum
1629 213 1679 239 est,
1696 208 1723 234 in
1740 208 1812 236 bello

193 245 313 280 spiritali
340 244 490 277 instruere,
510 243 630 278 qualiter
650 248 776 278 oporteat
801 243 972 276 praelationis
997 242 1117 271 cilicium
1137 249 1276 275 exercere,
1298 247 1324 269 et
1345 243 1463 276 qualiter
1485 243 1602 270 debeant
1623 242 1739 270 subditis
1760 244 1810 270 do-

192 289 303 307 nilllal'l.

229 315 353 342 Virtutes
368 320 432 342 sunt
458 313 642 347 infatigabiles
664 314 697 340 ad
724 313 929 341 exsecutionem
956 313 1161 344 faciendorum,
1181 316 1209 341 et
1231 313 1350 340 robustae
1375 313 1409 340 ad
1431 312 1632 347 perceptionem
1656 320 1810 340 ntunernm.

194 350 298 377 llarum
307 349 423 377 ollicium
440 354 493 380 est,
508 349 655 376 secundum
679 349 853 384 Dionysium,
871 348 970 375 docere
988 349 1126 383 przelatos,
1147 353 1176 375 ut
1192 347 1274 375 facile
1295 354 1322 376 et
1336 353 1554 384 perseveranter,
1567 355 1626 381 qua:
1640 348 1673 374 ad
1688 347 1811 384 cilicium

194 385 362 420 prtelationis
377 385 527 420 pertinent,
548 389 736 420 exsequantur
750 382 781 411 et
798 384 886 420 ipsius
901 382 995 411 onera
1006 384 1161 411 sustineant
1179 385 1314 417 patienter
1328 382 1342 410 :7
1353 384 1416 410 item
1433 391 1481 417 per
1501 383 1568 410 istas
1582 382 1712 410 miracula
1731 383 1810 415 fiunt,

193 419 220 448 et
238 421 325 447 virtus
339 419 457 447 faciendi
472 419 604 446 miracula
622 419 750 453 perfectis
763 419 948 446 conceditur.-

229 455 417 482 Potestatibus
436 454 554 480 virtutes
571 452 738 481 adversariae
752 453 881 487 subjecta:
897 458 970 485 sunt,
985 461 1020 481 ne
1036 453 1140 481 mundo
1155 457 1259 481 tantum
1280 459 1407 485 noceant,
1421 457 1555 488 quantttm
1571 453 1694 486 cttpittnt.
1708 452 1811 480 Harum

194 490 313 517 alliciunt
330 495 384 521 est,
402 490 550 516 secundum
566 488 742 524 Dionysium,
762 489 873 523 angelos
889 488 1045 524 inferiores,
1062 489 1149 522 quoad
1169 489 1227 516 fieri
1244 493 1346 524 potest,
1360 489 1459 516 divinae
1475 489 1602 523 potentiae
1618 488 1810 524 conformare:

193 533 233 557 et,
247 525 406 586 secundudmr
417 523 589 586 caesorium,
604 523 665 551 ilics
683 524 729 558 qui
749 524 775 551 in
791 523 925 559 spirituali
939 524 1090 551 certamine
1107 524 1251 557 desudant,
1265 524 1438 557 continuare,
1453 529 1491 557 et,
1508 531 1543 551 ne
1559 531 1671 558 regnum
1690 523 1813 558 spiritale

194 561 338 586 amittant.
378 567 393 586 e
406 566 439 586 en
460 566 516 585 ere.

194 561 338 592 amittant,
360 560 516 586 defendere.

171 617 176 623 υ
227 595 244 656 l§
270 595 301 622 ll.
322 594 447 622 Ostendit
470 593 666 620 illustrationes
689 601 742 627 quo
765 601 813 628 per
835 593 926 627 plures
949 593 1190 625 transfunduntur,
1207 600 1240 620 eo
1262 594 1436 622 obscuriores
1450 595 1583 621 exsistere
1602 593 1629 620 in
1655 594 1812 628 postremis.

171 637 176 644 ‘
195 630 223 656 In
237 630 341 656 eriores
363 633 454 655 autem
482 628 593 656 angelos
616 637 630 655 a
652 629 837 656 superioribus
861 629 1026 656 illuminari.
1046 628 1142 656 Drobat
1165 636 1199 655 ex
1223 628 1362 656 Zachariae
1383 637 1444 656 can.
1459 637 1485 656 ι.
1509 630 1555 656 ubi
1578 628 1680 656 duulici
1706 629 1812 656 visione

171 637 176 644 ‘
195 628 341 658 lnferiores
363 633 454 655 autem
482 628 593 662 angelos
616 637 630 655 a
652 629 837 663 superioribus
861 629 1026 659 illuminari,
1046 628 1149 664 probati
1165 636 1199 655 ex
1223 628 1362 664 Zachariae
1383 637 1444 664 cap.
1459 637 1485 662 t,
1509 630 1555 656 ubi
1578 628 1680 663 duplici
1706 629 1813 656 visione

195 636 341 658 Interiores
363 636 454 655 autem
482 636 593 662 angetos
616 637 630 655 a
652 636 837 663 snpertormus
861 636 1026 659 ntumtuart,
1044 636 1142 690 probat
1165 636 1199 655 ex
1223 636 1362 656 bacuane
1383 637 1444 664 cap.
1459 637 1485 662 t,
1509 636 1555 656 υυι
1578 636 1680 663 uupnci
1706 637 1813 656 vnsrone

195 665 349 692 ostenditur
367 664 505 699 propheta:
526 663 683 698 angelorum
706 664 863 690 tutelarium
881 663 981 697 Deique
1001 664 1029 690 in
1062 663 1245 699 erosolymam
1262 670 1291 690 ct
1306 663 1415 692 Judaeos
1431 664 1549 691 studium
1564 673 1571 691 :
1590 668 1617 690 et
1634 664 1726 699 simul,
1742 672 1813 698 quo-

196 700 277 727 modo
301 708 371 726 unus
397 698 506 732 angelus
522 699 556 724 ab
576 699 675 731 altero,
691 699 755 733 quid
781 699 958 733 Jerosolymaa
984 698 1104 725 futurum
1114 704 1210 733 esset,
1232 700 1404 731 edocetetttr,
1417 706 1445 726 et
1460 707 1523 733 cap.
1537 707 1556 725 tt
1571 699 1644 726 videt
1662 698 1814 726 Zacharias

195 735 321 769 angelum
342 741 403 761 cum
422 733 540 759 funiculo
555 732 705 764 mensor-io,
718 739 746 760 nt
763 732 896 761 metiatur
910 733 1061 762 Jerusalem
1080 740 1095 759 a
1112 732 1242 769 Nehetnia
1257 739 1285 760 et
1305 734 1471 761 Zorobabele
1492 732 1709 769 reaediticandam
1723 741 1730 760 :
1750 742 1814 761 cum

195 767 370 798 ex‘l'unitzulo
391 768 500 802 exiguo,
517 774 611 801 utpote
625 769 779 802 convoluto,
796 769 953 803 eonjiceret,
971 769 1138 803 timeretque
1151 767 1301 795 Zacharias
1315 769 1442 803 exiguam
1459 769 1517 796 fore
1537 776 1633 796 novant
1647 768 1812 801 Jerusalem,

196 812 260 832 mox
284 804 360 831 audit
385 801 499 830 alterum
517 803 641 837 angelum
667 801 881 838 promittentem,
907 805 1010 838 absque
1033 801 1111 830 muro
1125 801 1277 830 Jerusalem
1293 801 1470 831 habitandam
1486 812 1541 838 prae
1557 803 1740 830 multitudine.
1761 803 1812 831 Ubi

194 840 304 866 videtur
319 839 365 866 hic
381 837 495 871 angelus
510 839 634 872 superior
650 837 750 873 prioris
769 839 842 865 illius
857 837 1026 874 propositum
1048 846 1190 870 revocare,
1209 838 1256 873 qui
1272 838 1392 866 funiculo
1407 837 1575 866 dimensorio
1595 838 1812 872 magnitudinem

193 875 272 902 urbis
291 875 464 902 dimensurus
481 878 613 900 venerat:
632 882 694 901 nam
719 873 864 908 antequam
886 873 949 909 pust
967 875 1155 902 reductionem
1172 874 1259 901 muris
1274 874 1431 908 cingeretur
1451 875 1559 907 civitas,
1576 873 1704 909 Ecelesite
1720 878 1812 908 typum

194 917 291 944 gerere
314 909 428 936 debebat
438 915 451 944 ;,
465 915 535 943 quae,
559 915 620 943 post
640 910 733 935 orbein
749 918 764 935 a
787 910 896 936 Christo
916 910 1082 944 redemptunt
1095 929 1102 941 ,
1126 908 1254 935 omnibus
1275 910 1388 937 omnino
1403 909 1531 944 gentibus
1550 909 1649 944 patuit.
1675 908 1814 936 Posterior

195 943 260 979 ergo
276 943 388 978 angelus
413 943 531 977 priorem
555 945 698 975 instruxit,
723 949 750 971 et
777 949 904 979 tanquam
930 943 1055 979 superior
1079 943 1234 971 inferiorem
1259 944 1362 971 docuit.
1387 943 1528 978 Quomodo
1550 943 1642 971 autem
1665 943 1756 976 angeli
1778 943 1814 970 ab

194 978 311 1014 ipsemet
332 979 387 1006 Deo
412 979 570 1014 immediate
586 987 629 1007 res
653 980 759 1012 aliquas
774 978 937 1007 edoceantur
948 978 1093 1013 [ostendit
1110 987 1141 1006 ex
1159 979 1309 1006 Ezechielis
1324 987 1384 1013 cap.
1397 988 1422 1006 tx
1434 1001 1441 1012 ,
1464 980 1507 1006 ubi
1522 979 1601 1014 jubet
1620 979 1690 1006 Deus
1704 978 1811 1013 augete,

194 1013 225 1042 ut
246 1015 335 1049 signet
350 1014 406 1040 'l‘au
421 1014 447 1040 in
464 1013 553 1041 fronte
566 1021 660 1042 eorum
679 1015 754 1048 quia
770 1015 844 1042 caede
866 1014 1095 1050 Jerosolymorum
1111 1019 1189 1041 erant
1203 1014 1351 1050 liberandi;
1368 1021 1396 1042 et.
1414 1023 1462 1042 sex
1483 1015 1544 1042 aliis
1564 1014 1668 1049 angelis
1684 1014 1812 1050 mandat,

194 1054 226 1076 ut
248 1050 362 1084 signatis
385 1053 517 1083 parcant,
540 1050 648 1085 caneris
673 1051 799 1077 omnibus
825 1051 987 1077 interfectis.
1018 1050 1084 1077 Item
1101 1057 1134 1076 ex
1155 1049 1274 1077 Danielis
1288 1057 1351 1085 cap.
1364 1059 1402 1083 tx,
1417 1050 1464 1082 25,
1480 1051 1609 1082 declarat,
1625 1049 1760 1084 quomodo
1771 1050 1813 1085 ad

193 1085 355 1119 prOphetatn
375 1085 475 1110 missus
490 1085 527 1111 sit
542 1084 666 1116 Gabriel,
683 1085 841 1119 significans
857 1093 910 1112 non
928 1089 1031 1112 tantum
1051 1085 1211 1111 solvendam
1232 1084 1417 1119 captivitatem
1433 1085 1601 1116 Judteurunt,
1623 1085 1671 1112 sed
1687 1089 1714 1110 et
1731 1084 1813 1111 totius

194 1120 307 1153 generis
325 1120 434 1155 humani
459 1126 508 1155 per
523 1120 672 1153 Christum,
690 1126 751 1155 post
765 1121 939 1155 septuaginta
963 1120 1149 1147 hebdomadas
1174 1126 1317 1147 annorum.
1333 1120 1465 1148 Similiter
1483 1121 1582 1147 iterum
1597 1127 1631 1146 ex
1658 1119 1813 1147 EleChiells

194 1161 256 1189 cap.
272 1163 298 1187 x,
314 1155 358 1190 ubi
373 1154 451 1188 jubet
476 1153 547 1182 Deus
562 1155 621 1181 viro
640 1153 720 1182 lineis
745 1153 839 1183 induto
861 1153 986 1189 accipere
1003 1163 1104 1189 prunas
1118 1163 1133 1181 ο
1148 1155 1238 1190 medio
1252 1162 1350 1184 currus
1370 1156 1412 1183 sui
1433 1156 1592 1187 cherubim,
1614 1162 1716 1190 easque
1732 1161 1810 1190 spar-

194 1188 259 1224 gere
274 1197 321 1224 per
333 1189 498 1225 Jerusalem,
512 1195 540 1216 ut
555 1190 607 1217 hoc
621 1191 698 1225 signo
712 1192 854 1225 portendat
867 1188 944 1217 urbis
957 1188 1113 1217 incendium
1130 1197 1177 1224 per
1189 1189 1331 1218 Chaldaeos
1346 1201 1352 1218 :
1369 1197 1396 1219 et
1410 1198 1504 1218 rursus
1514 1199 1547 1218 ex
1562 1188 1680 1218 Danielis
1693 1196 1753 1221 vnt,
1767 1188 1817 1221 16,

198 1225 243 1252 ubi
260 1223 376 1252 Mtchael
391 1225 468 1258 jubet
484 1223 636 1252 Gabrielem
649 1223 792 1260 'eitponere
808 1226 912 1253 Danieli
934 1226 1079 1254 visionem.
1096 1223 1138 1251 Ex
1155 1224 1255 1258 quibus
1274 1227 1402 1254 erunibus
1416 1227 1481 1254 locis
1502 1226 1647 1253 manileste
1667 1225 1819 1259 colligiturt

197 1261 311 1295 angelos
327 1260 483 1294 superiores
499 1260 643 1288 inferiores
657 1269 722 1288 suos
737 1261 830 1288 mult.s
843 1265 876 1289 de
891 1262 984 1296 rebus,
999 1268 1066 1296 quas
1080 1260 1251 1296 ignorabant,
1261 1261 1406 1290 instruere.

723 1440 965 1470 PARAPHRASIS
978 1442 1205 1471 PACIlYMEltzE
1222 1443 1290 1480 (15).

229 1531 278 1567 ξι.
300 1531 491 1559 Traducendus
517 1531 595 1558 modo
622 1540 712 1560 sermo
736 1538 778 1560 cst
802 1535 836 1561 ad
855 1535 970 1562 medium

1057 1532 1070 1568 §
1093 1533 1111 1559 Ι.
1133 1534 1314 1561 Μετενεκτέον
1337 1534 1381 1561 τὸν
1404 1534 1481 1568 λόγον
1510 1534 1612 1569 ἀπάρτι
1635 1533 1681 1560 καὶ
1700 1533 1747 1560 ἐπὶ
1768 1533 1819 1570 τὴν

195 1578 347 1605 cwlestium
360 1577 490 1604 virtutum
511 1578 645 1605 ordinem.
666 1578 723 1606 Non
739 1579 807 1606 dixit
826 1587 916 1608 autem
931 1590 977 1609 or-

195 1625 297 1657 dinem,
318 1623 365 1651 sed
382 1623 600 1657 adornationem;
617 1625 746 1658 quoniam
768 1625 826 1654 ha:c
845 1626 902 1662 ipsa
918 1636 978 1655 rur-

195 1677 256 1697 sum
271 1675 327 1697 tres
349 1670 458 1698 ordines
475 1670 568 1697 habet.
583 1671 694 1706 Κόσμου
714 1671 804 1706 itaque
818 1679 864 1700 seu
886 1677 980 1699 ornatu

194 1724 245 1751 pro
255 1717 352 1744 ordine
365 1717 449 1748 dit-to,
465 1720 492 1743 et
508 1717 697 1752 prmpositione
709 1717 753 1744 διὰ
763 1725 812 1744 seu
828 1726 875 1751 per
891 1722 980 1745 trans-

195 1763 264 1789 itum
286 1763 328 1790 vel
353 1762 554 1790 distinctionem
573 1763 726 1795 denotante,
741 1762 930 1799 διακόσμησιν,
952 1765 979 1792 id

194 1813 238 1836 εει
257 1808 454 1836 adamanonem
485 1815 532 1836 seu
555 1808 765 1837 distributionem
795 1809 880 1843 dixit,
901 1810 979 1838 ordi-

194 1861 256 1882 nem
270 1854 397 1881 nimirum
414 1853 440 1880 in
458 1854 509 1880 tria
521 1853 706 1881 distributum.
718 1853 865 1883 Videamus
886 1856 979 1890 igitur,

194 1901 243 1928 sed
282 1899 548 1934 supermundialibus
593 1899 847 1935 intellectilibusque
882 1902 977 1936 oculis,

193 1947 283 1982 quoad
300 1953 453 1981 possumus,
475 1945 528 1981 77
547 1945 747 1973 dominationes
768 1954 800 1974 ac
815 1947 932 1975 virtutes
947 1956 980 1975 ac

194 1997 353 2026 potestates.
370 1992 426 2019 Duo
443 1992 534 2026 itaque
554 1992 580 2019 hi
595 1992 716 2024 ordines,
737 1992 852 2020 virtutes
872 1998 936 2020 sunt.
949 2001 981 2021 ac

194 2042 353 2074 potestates,
375 2038 505 2073 quoniam
528 2047 543 2064 a
560 2038 658 2065 virtute
675 2045 773 2065 nomen
793 2045 979 2074 acceperunt:

194 2089 316 2120 potestas
334 2085 406 2112 enim
434 2084 502 2111 nihil
526 2083 599 2111 aliud
624 2088 666 2111 est
688 2091 769 2119 quam
787 2085 909 2118 habitus,
934 2087 981 2122 qui

193 2139 322 2167 congruae
342 2131 476 2158 voluntati
497 2130 624 2157 virtutem
646 2135 840 2166 COngruentem
864 2131 981 2160 obtinet.

194 2177 256 2204 Dixi
269 2182 360 2204 autem
371 2185 506 2212 congruae,
518 2177 646 2212 quoniam
660 2178 705 2212 qui
718 2182 814 2212 potens
825 2182 877 2212 est,
891 2184 982 2213 posset

193 2224 278 2250 etiam
300 2223 367 2250 velle
390 2223 582 2258 impossibilia,
606 2224 653 2251 sed
669 2231 724 2251 non
740 2224 906 2258 adipiscetur
920 2232 981 2258 quae

194 2269 287 2304 cupit;
314 2275 397 2303 atque
419 2269 522 2297 idcirco
548 2274 725 2304 utrorumque
749 2270 888 2304 possibilia
913 2270 983 2298 dixit

194 2316 364 2350 spectacula.
387 2315 446 2342 Non
471 2320 562 2343 autem
582 2315 651 2342 dixit
676 2316 870 2350 cogitationes;
895 2317 981 2351 siqui-

196 2365 258 2390 dem
272 2362 401 2397 cogitatio
417 2367 505 2389 motus
519 2367 561 2389 cst
575 2362 672 2389 anima:
682 2383 689 2395 ,
705 2362 752 2396 qui
766 2370 819 2389 non
836 2363 959 2390 subsistit
973 2370 981 2391 :

196 2409 244 2436 scd
260 2408 425 2443 spectacula,
449 2409 507 2435 sive
530 2415 574 2435 res
597 2416 656 2442 quae
673 2407 800 2436 effectum
817 2409 981 2442 sortiuntur,

195 2461 226 2482 et
237 2455 323 2482 oculis
335 2454 601 2489 supermundialibus
611 2462 749 2489 supraque
761 2462 879 2488 sensum,
892 2455 982 2489 quoad

197 2501 256 2528 fieri
273 2505 372 2535 potest,
395 2506 564 2535 spectantur.
586 2501 693 2528 Etenim
710 2503 921 2542 unumquodque
937 2509 983 2528 co-

197 2554 316 2582 gnomen
329 2548 458 2574 mentium
473 2546 639 2578 divinarum,
651 2547 807 2574 Divinitatis
820 2547 982 2575 imitatrices

199 2593 356 2621 earumdem
382 2594 531 2621 deiformes
556 2594 724 2622 demonstrat
747 2602 780 2621 ac
805 2594 894 2629 signat
918 2603 982 2628 pro-

197 2639 341 2674 prietates.
363 2640 527 2676 Angelorutn
549 2645 639 2668 autem
666 2641 750 2668 Deum
776 2641 886 2668 imitans
919 2648 982 2675 pro-

200 2689 303 2722 prietas
322 2687 374 2714 alia
393 2692 435 2715 est
457 2688 537 2720 alitis,
560 2688 635 2715 verbi
659 2688 765 2724 gratia,
790 2688 919 2715 virtutum
942 2692 984 2715 est

199 2734 332 2769 potentia,
346 2734 559 2762 dominationum
582 2743 648 2762 vero
664 2736 794 2768 libertas;
811 2743 870 2770 qua:
893 2735 985 2769 utique

235 2822 292 2858 (l3)
314 2822 378 2852 Vide
396 2822 487 2851 Schol.
503 2824 531 2852 S.
546 2823 667 2858 Maximi,
684 2828 748 2852 tom.
763 2822 793 2856 ll,
810 2829 870 2858 cap.
882 2821 908 2850 8.

1029 1578 1116 1613 μέσην
1136 1578 1191 1605 τῶν
1213 1579 1345 1615 οὐρανίων
1368 1579 1507 1615 δυνάμεων
1523 1579 1608 1612 τάξιν.
1632 1579 1690 1606 Οὐκ
1705 1577 1765 1605 εἷπε
1788 1579 1818 1606 δὲ

1028 1623 1116 1657 τάξιν,
1131 1623 1199 1651 ἀλλὰ
1212 1624 1400 1660 διακόσμησιν,
1414 1625 1480 1652 διότι
1494 1625 1563 1660 αὕτη
1582 1625 1664 1652 πάλιν
1684 1626 1747 1661 τρία
1762 1626 1818 1661 ἔχει

1027 1670 1062 1696 τὰ
1075 1670 1214 1705 τάγματα.
1240 1671 1361 1706 Κόσμον
1373 1671 1436 1705 γοῦν
1459 1671 1607 1707 λεγομένης
1629 1672 1678 1707 τῆς
1699 1672 1817 1705 τάξεως,

1028 1716 1076 1741 καὶ
1096 1717 1145 1751 τῆς
1151 1716 1199 1742 διὰ
1213 1716 1344 1752 δηλούσης
1358 1713 1406 1753 ’ἑὴν
1429 1717 1603 1753 διαχώρησιν,
1615 1717 1818 1752 διακόσμησιν

1029 1759 1100 1793 εἶπε,
1119 1761 1237 1796 δηλονότι
1252 1762 1328 1794 τάξιν
1342 1764 1381 1794 εἰς
1396 1763 1459 1798 τρία
1476 1764 1688 1800 μεμερισμένην.
1706 1764 1819 1800 Ἶδωμεν

1030 1807 1105 1842 γοῦν,
1121 1807 1177 1834 ἀλλ’
1193 1809 1388 1844 ὑπερκοσμίοις
1401 1810 1448 1835 καὶ
1461 1811 1566 1845 νοητοῖς
1584 1810 1741 1846 ὀφθαλμοῖς,
1756 1810 1820 1837 καθ-

1030 1854 1067 1886 ώς
1081 1855 1139 1880 ἐστι
1151 1854 1261 1881 δυνατὸν
1271 1875 1279 1887 ,
1293 1855 1342 1887 τὰς
1356 1855 1534 1891 κυριότητας,
1547 1856 1594 1882 καὶ
1612 1855 1661 1887 τὰς
1673 1856 1801 1892 δυνάμεις
1811 1877 1819 1889 ,

1031 1900 1078 1926 καὶ
1098 1900 1147 1932 τὰς
1169 1900 1300 1932 ἐξουσίας.
1323 1901 1363 1928 Τὰ
1385 1901 1448 1935 γοῦν
1467 1902 1513 1928 δύο
1525 1902 1610 1928 ταῦτα
1629 1903 1771 1938 τάγματα,
1791 1903 1820 1929 αἱ

1030 1945 1157 1981 δυνάμεις
1177 1947 1223 1973 καὶ
1244 1947 1377 1980 ἐξουσίαι,
1393 1947 1454 1974 ἐπεὶ
1475 1947 1681 1982 ὲπωνυμοῦνται
1695 1948 1750 1974 ἀπὸ
1772 1949 1822 1984 τῆς

1033 1992 1182 2028 δυνάμεως·
1199 1992 1258 2018 οὐδὲ
1277 1993 1332 2028 γάρ
1351 1994 1424 2020 ἐστιν
1444 1994 1461 2029 ἡ
1480 1993 1587 2026 ἐξουσία
1606 1994 1669 2023 ἄλλο
1686 2003 1712 2020 τι
1737 1995 1760 2021 εἰ
1783 1995 1826 2032 μὴ,

1032 2037 1098 2069 ἕξις,
1116 2038 1262 2074 σύνδρομον
1281 2038 1329 2074 τὴν
1343 2038 1455 2074 δύναμιν
1470 2041 1502 2074 τῇ
1518 2041 1695 2076 προσηκούσῃ
1713 2040 1821 2076 θελήσει

1033 2083 1140 2121 ἔχουσα.
1150 2086 1349 2120 Προσηκούσῃ
1363 2086 1392 2111 δὲ
1406 2084 1492 2118 εἷπον,
1509 2085 1550 2114 ὅτι
1565 2085 1672 2121 θελήσοι
1689 2087 1722 2114 ἂν
1732 2087 1822 2114 καὶτὰ

1032 2131 1151 2158 ἀδύνατα
1158 2132 1174 2159 ,ὁ
1187 2132 1359 2164 ἐξουσιάζων,
1371 2131 1427 2158 ἀλλ’
1438 2132 1468 2158 οὺ
1479 2132 1601 2165 τεύξεται
1612 2133 1659 2168 τῆς
1672 2133 1805 2169 οελήσεως
1813 2142 1820 2149 ·

1033 2179 1077 2206 διὰ
1086 2179 1165 2206 τοῦτο
1173 2179 1274 2205 τούτων
1286 2179 1447 2214 ἀμφοτέρων
1456 2178 1489 2204 τὰ
1500 2177 1598 2204 δυνατά
1612 2176 1672 2204 εἶπε
1687 2178 1821 2214 θεάματα.

997 2218 1019 2245 Β
1038 2225 1094 2252 Οὐκ
1109 2223 1169 2251 εἷπε
1182 2225 1210 2252 δὲ
1226 2225 1374 2261 νοήμαται
1390 2225 1420 2251 τὸ
1433 2224 1488 2260 γὰρ
1508 2224 1594 2260 νόημα
1609 2224 1715 2260 κίνησις
1733 2225 1824 2261 ψυχῆς

1037 2272 1111 2298 ἐστιν
1124 2271 1321 2303 ἀνυπόστατος’
1337 2271 1403 2297 ἀλλὰ
1415 2270 1554 2305 θεάματα,
1569 2271 1652 2305 ἤγουν
1665 2271 1823 2307 ἑνύπαρκτα.

1038 2318 1200 2354 πράγματα,
1223 2317 1321 2350 θεατὰ,
1343 2318 1381 2349 ὡς
1399 2318 1519 2351 ἐφικτὸν,
1534 2317 1682 2353 ὀφθαλμοῖς
1704 2319 1823 2353 ὑπερκο-

1037 2365 1128 2400 σμίοις
1142 2365 1188 2391 καὶ
1203 2365 1272 2400 ὑπὲρ
1289 2364 1422 2399 αἴσθησιν.
1434 2365 1489 2390 Καὶ
1501 2363 1556 2400 γὰρ
1570 2364 1672 2399 ἑκάστη
1683 2365 1825 2399 ἐπωνυμία

1036 2411 1090 2436 τῶν
1106 2411 1184 2437 θείων
1201 2410 1268 2437 νόων
1286 2410 1407 2444 ἐκφαίνει
1423 2410 1470 2436 καὶ
1491 2409 1564 2444 δηλοί
1578 2410 1627 2441 τὰς
1642 2410 1824 2445 θεομιμήτους

1038 2456 1172 2492 ἰδιότητας
1186 2457 1233 2482 τοῦ
1249 2456 1379 2487 Θεοειδοῦς
1389 2456 1486 2483 αὐτῶν.
1499 2456 1668 2491 Θεομίμητος
1680 2456 1709 2482 δὲ
1725 2456 1825 2492 ἰδιότης

1037 2502 1091 2529 τῶν
1107 2502 1229 2537 ἀγγέλων
1243 2503 1316 2529 ἐστὶν
1330 2502 1395 2536 ἄλλη
1413 2502 1460 2537 μὲν
1476 2501 1567 2534 ἄλλου,
1583 2502 1631 2528 εἴτ’
1645 2499 1691 2527 οὖν
1702 2503 1761 2532 ταῖς
1777 2502 1825 2536 μὲν

1039 2548 1166 2584 δυνάμεσι
1183 2549 1213 2575 τὸ
1225 2548 1344 2578 δυνατὸν,
1359 2549 1419 2579 ταῖς
1435 2547 1464 2573 δὲ
1476 2547 1617 2582 κυριότησι
1631 2547 1661 2573 τὸ
1671 2547 1823 2582 ἐλεύθεροψ

1036 2594 1054 2621 ἂ
1069 2594 1100 2629 δὴ
1119 2595 1165 2622 ἐπὶ
1189 2595 1255 2621 Θεοῦ
1278 2593 1430 2629 ἁσύγκριτά
1443 2594 1495 2620 εἰσι
1509 2594 1556 2620 καὶ
1575 2594 1728 2629 ὑπέρτατα·
1747 2594 1826 2620 αὐτε-

1037 2641 1163 2677 λεύοερον
1184 2642 1237 2677 γὰρ
1257 2643 1287 2668 τὸ
1309 2642 1384 2667 Θεῖον
1402 2642 1449 2667 καὶ
1469 2641 1662 2676 αὑτοδύναμον,
1681 2640 1776 2671 κοινῶς
1797 2640 1826 2667 δὲ

1038 2688 1118 2714 πάλιν
1136 2689 1192 2719 τοῖς
1207 2689 1273 2714 πᾶσι
1285 2688 1319 2714 τὰ
1334 2688 1421 2714 πάντα
1437 2688 1504 2714 ἐστί.
1522 2687 1596 2718 Τέως
1615 2687 1644 2714 δὲ
1656 2686 1826 2722 ἁπονενέμη-

1039 2741 1082 2759 ται
1103 2733 1142 2760 ἐνὶ
1156 2733 1263 2768 ἑκάστῳ
1277 2733 1324 2760 ἐπὶ
1337 2732 1418 2760 πλέον
1431 2733 1462 2760 τὸ
1483 2732 1547 2760 ἴδιον
1562 2731 1637 2767 παρὰ
1651 2731 1697 2759 τοῦ
1714 2731 1829 2768 ποιητοῆ
