1933 3075
93 159 150 188 365

344 156 390 185 DE
414 155 580 186 εοειεετι
597 156 821 190 HIERARCHIA,
839 155 915 185 CAR.
935 155 1057 187 Vlll._——
1069 154 1242 183 PARAPHR.
1261 155 1493 184 PACHYMERE.

1671 156 1724 185 246

93 215 196 249 αὐτῶν,
211 215 255 243 ἵνα
273 215 308 242 τὰ
327 215 379 251 τῆς
400 216 505 249 τάξεως
525 215 615 244 αὐτῶν
634 216 704 243 κατὰ
724 217 755 243 τὸ
781 215 881 248 ἰδιάζον

945 223 960 242 n
977 215 1032 243 Deo
1053 215 1210 243 indistincta
1231 219 1294 242 sunt
1315 220 1343 242 et
1356 215 1491 250 superlata
1505 223 1513 243 :
1527 215 1662 250 siquidem
1680 216 1723 243 dio

95 261 312 297 φυλαχθήσηται.
327 261 388 288 Τῶν
410 261 459 298 μὲν
482 259 528 288 οὖν
543 261 628 296 ἁγίων
646 262 813 297 κυριοτήτων
836 261 887 296 τὴν

95 307 281 342 ἐκδηλωτικὴν
311 307 458 343 ὀνομασίαν
487 306 670 342 ὑπολαμϐάνω
699 306 795 342 δηλοῦν
820 307 887 334 ἀνα-

95 353 192 388 γωγήν
213 361 273 379 τινα
296 353 344 379 καὶ
370 351 510 388 ἀναφορὰν
536 352 701 384 ἀδούλωτον,
726 352 773 379 καὶ
797 352 888 389 πάσης

96 398 241 434 χθαμαλῆς
258 398 450 434 ταπεινότητος
470 397 625 434 ἐλευθέραν·
646 397 686 424 διὸ
706 397 760 433 γὰρ
781 397 888 424 ἐλευθε-

99 444 241 480 ροπρεπής
253 444 337 480 ἐστιν,
361 444 449 470 οὐδενὶ
464 444 566 479 ,τρόπῳ
586 443 716 470 καθόλου
739 443 786 470 καὶ
812 452 889 470 συνε-

98 488 178 515 λόντα
193 489 300 515 εἰπεῖν’.
312 489 358 524 Μὴ
371 488 425 524 γὰρ
443 487 534 524 εἴπῃς,
552 488 593 514 ὄτι
608 487 720 514 καθόλου
737 485 806 520 εἷπε,
821 487 888 514 διότι

101 533 222 570 μερικῶς
239 534 328 566 ποσῶς
345 534 552 561 κατακλίνεται·
575 534 661 561 ούδενὶ
685 535 774 561 τοίνυν
795 535 895 570 τρόπῳ»

99 579 288 607 κατακλίνεται
313 588 365 606 τινι
396 579 450 606 τῶν
475 580 642 614 τυραννικῶν
677 580 887 615 ἁνομοιστήτων,

99 625 202 660 Τρόποι
223 625 252 651 δέ
273 625 325 651 εἱσι
348 625 399 660 τῆς
421 624 634 660 δουλοπρεπείας
658 625 706 651 καὶ
728 624 777 660 τῆς
803 633 888 651 κατα-

100 670 216 702 κλίσεως
234 670 250 706 ῆ
265 670 357 704 φόϐος,
372 671 389 706 ἢ
414 669 505 702 αἰδὼς,
521 670 537 705 ἢ
554 670 692 701 κολακεία,
709 670 726 706 ἢ
749 669 851 701 ἔνδεια,
871 669 888 704 ἢ

99 717 255 753 ἐμπάθεια,
271 717 289 752 ἢ
310 717 357 743 καὶ
380 716 468 743 πάντα
488 716 566 752 ὁμοῦ,
583 717 599 751 ἢ
621 724 696 742 τινα·
712 715 730 742 ἃ
746 715 777 751 δὴ
801 715 890 745 πάντα

99 764 156 791 τῶν
179 764 345 799 κυριοτήτων
369 763 464 798 πόρρω
487 762 555 794 εἰσὶ,
581 761 614 788 δι’
635 761 652 789 ἃ
672 761 751 796 τυχὸν
778 762 890 788 ὑποχλι-

101 810 173 837 θεῖεν
187 811 243 840 τοῖς
257 809 391 844 χείροσιν,
409 808 425 844 ἢ
439 809 590 835 διακοπεῖεν
609 807 659 842 τῆς
681 807 808 842 τοιαύτης
823 807 890 834 ἀνα-

100 856 206 890 γωγῆς.
227 855 318 882 Ταῦτα
339 855 393 890 γὰρ
409 854 444 881 τὰ
467 854 550 890 χείρω
567 854 613 880 καὶ
631 853 710 880 ὐλικὰ
731 853 821 888 λέγει,
843 854 890 880 καὶ

937 262 1029 288 vinum
1043 261 1147 288 Numen
1162 261 1248 295 ipsum
1267 269 1315 296 per
1329 269 1358 288 se
1372 261 1499 294 liberum,
1514 269 1564 296 per
1576 270 1606 289 se
1627 266 1725 297 potens

937 311 997 340 est,
1019 307 1201 334 communiter
1221 312 1314 334 autem
1332 307 1460 337 omnibus
1476 308 1567 334 omnia
1587 313 1638 335 est.
1655 307 1725 334 llac-

938 357 1018 380 tenus
1053 357 1144 380 autem
1169 356 1199 379 ut
1223 353 1368 387 plurimum
1399 352 1508 380 cuilibet
1535 360 1628 380 eorum
1659 353 1725 387 quid

938 399 1079 433 proprium
1098 399 1132 425 ab
1146 399 1266 426 Auctore
1287 399 1464 426 distributum
1489 403 1541 430 est,
1562 403 1591 425 ut
1616 407 1646 426 ea
1665 407 1726 432 qua:

939 449 1002 472 sunt
1017 445 1119 472 ordinis
1133 451 1241 478 eorum,
1264 445 1414 472 secundum
1436 445 1631 479 proprietatem
1646 452 1724 472 suam

940 495 1182 519 conservarentur.
1205 490 1310 518 Nomen
1337 490 1427 525 itaque
1451 490 1523 524 quod
1545 495 1653 517 sanctas
1675 490 1726 516 de-

939 536 1028 571 signat
1043 535 1253 567 dominationes,
1269 535 1398 562 existimo
1411 534 1556 562 declarare
1571 534 1725 562 absolutum

939 582 1066 616 aliquem,
1079 586 1105 608 et
1120 582 1154 608 ab
1169 581 1242 608 omni
1261 586 1367 608 terrena
1383 581 1488 607 vilitate
1502 580 1616 607 liberum
1629 581 1663 607 ad
1680 588 1727 607 su-

939 634 1024 661 perna
1051 626 1197 653 transitum
1221 635 1228 652 :
1252 626 1354 654 idcirco
1374 626 1447 652 enim
1477 625 1548 652 liber
1568 629 1628 657 est,
1653 625 1726 659 quod

940 673 1013 700 nullo
1029 680 1140 708 prorsus
1157 672 1237 699 modo
1252 672 1402 707 quidquam
1425 672 1460 698 sit
1480 679 1533 706 quo
1555 671 1670 698 detineri
1686 671 1727 698 di-

941 724 1031 746 catur.
1045 719 1116 746 Cave
1132 726 1195 746 vero
1209 718 1293 750 dicas,
1308 725 1369 745 eum
1390 725 1498 752 prorsus
1520 717 1639 750 dixisse,
1654 719 1727 752 quod

942 765 1095 800 partialitcr
1121 765 1287 800 quandoque
1325 764 1470 792 inclinetur
1491 773 1499 792 :
1525 764 1600 791 nullo
1635 765 1727 798 Itaque

941 811 1021 838 modo
1046 810 1186 846 tyrannica
1211 808 1435 836 dissimilitudine
1457 809 1585 843 quapiam
1608 808 1727 835 inclina-

943 863 997 884 tur.
1014 856 1084 885 Modi
1101 860 1190 882 autem
1205 855 1345 882 servitutis
1357 858 1438 888 atque
1454 854 1637 881 iuclinationis
1651 858 1726 884 sunt.

101 902 267 938 τυραννικὰς
285 901 489 936 ἀνομοιότητας,
506 900 566 927 καθ’
581 900 614 932 ἃς
630 901 644 927 ό
663 900 711 927 νῦν
728 901 809 936 τυχὸν
822 900 890 935 ὑψη-

944 904 983 932 vel
1001 904 1092 935 timor,
1109 902 1149 930 vel
1164 903 1262 937 pudor,
1278 901 1319 928 vel
1334 901 1464 935 adulatio,
1487 900 1528 927 vel
1544 905 1662 935 egestas,
1684 899 1727 926 vel

102 947 149 979 λὸς
169 947 291 983 χαμηλος
304 947 348 975 διὰ
365 947 456 982 φόϐον,
472 947 488 983 ἦ
506 947 550 974 διά
561 955 587 973 τι
601 947 720 974 τοιοῦτον
731 955 737 962 ·
757 947 802 974 καὶ
816 948 830 974 ό
844 946 891 973 νῦν

100 994 224 1030 χαμηλδς
255 992 332 1026 αὖθις
359 993 460 1029 ὑπλὸς
478 994 511 1020 δι’
530 993 697 1029 ἐμπάοειαν·
722 995 891 1028 τυραννείται

99 1039 158 1076 γὰρ
187 1041 233 1066 καὶ
258 1038 334 1072 οὗτος
359 1040 434 1076 παρὰ
461 1041 511 1076 τῆς
538 1039 699 1075 ἐμπαοείας.
725 1038 842 1066 Τοιαῦτα
863 1039 892 1065 δέ

100 1086 156 1112 εἱσι
181 1086 228 1113 καὶ
251 1085 285 1112 τὰ
308 1086 400 1119 ὑλικὰ,
417 1086 455 1118 ὠς
478 1086 609 1122 μηδέποτε
632 1086 746 1121 μένοντα
764 1085 811 1112 ἐπὶ
827 1093 892 1111 ταύ-

100 1131 230 1167 τότητος,
251 1132 308 1159 ἀλλ’
329 1133 372 1159 ἀεὶ
396 1133 604 1168 μεταϐάλλοντα.
633 1133 740 1159 Τούτων
766 1132 891 1159 ἁπάντων

99 1177 157 1204 ⁴τῶν
180 1179 347 1214 τυραννικῶν
371 1180 583 1215 ἀνομοιοτήτων,
604 1179 657 1205 τῶν
679 1178 777 1205 ὑλικῶν
796 1187 826 1204 τε
846 1179 892 1205 καὶ

101 1225 225 1257 εἰκαέων,
245 1225 381 1262 ἐλεύθεροί
405 1227 473 1253 εἰσιν
494 1227 522 1253 αἱ
542 1227 714 1262 κυριότητες,
730 1226 768 1258 ὡς
787 1225 892 1261 ἀμείλι-

101 1278 173 1301 κτοι,
184 1271 231 1296 καὶ
245 1271 334 1306 πάσης
344 1270 554 1307 δουλοπρεπείας
565 1272 772 1308 ὑπερκείμεναι.
784 1273 829 1307 Μή
847 1280 893 1307 μοι

100 1315 150 1344 οὖν
164 1317 264 1350 λεγέτω
277 1325 328 1348 τις,
349 1317 391 1344 ὅτι
407 1318 454 1344 καὶ
469 1318 494 1343 τί
515 1317 582 1353 πρὸς
597 1318 641 1344 τὸν
658 1317 724 1344 Θεὸν
738 1318 788 1344 οὐκ
803 1318 892 1353 ἔχουσι

101 1363 149 1390 τὸν
165 1362 244 1398 φόϐον
262 1364 308 1389 καὶ
323 1363 371 1399 τὴν
390 1363 572 1396 δουλοποιίαν;
587 1364 707 1390 ἀκουέτω
722 1363 785 1400 γὰρ,
801 1364 841 1390 ὃτι
860 1365 891 1390 οὐ

101 1409 224 1435 τοιοῦτον
241 1409 322 1444 φόϐον
336 1410 383 1436 καὶ
396 1411 427 1436 ού
442 1410 570 1445 τοιαύτην
586 1411 652 1445 φησι
671 1410 890 1445 δουλοπρέπειαν,

103 1454 172 1481 ἀλλά
185 1455 233 1490 τὴν
246 1456 313 1490 πρὸς
327 1456 358 1482 τὺ
367 1458 468 1492 χεῖρον,
482 1457 516 1483 τὰ
530 1456 648 1492 αἰσθητά
662 1465 731 1492 φημι
743 1457 789 1483 καὶ
800 1465 893 1492 σωμα-

102 1501 177 1528 τικά.
198 1501 290 1528 Ταῦτα
304 1502 358 1538 γὰρ
373 1503 403 1529 οὐ
424 1503 594 1539 συγχωροῦσι
608 1503 642 1530 τὰ
666 1503 748 1535 ὅντως
765 1504 829 1530 ὄντα
848 1504 892 1530 ἐν-

102 1548 185 1574 νοεῖν.
201 1543 235 1583 ᾯ
251 1547 305 1583 γὰρ
327 1548 442 1583 ἦττηταί
464 1557 519 1580 τις,
543 1549 629 1584 τούτῳ
650 1550 697 1576 καὶ
716 1549 890 1580 δεδούλωται,

943 950 1045 985 passio,
1070 948 1110 975 vcl
1135 948 1218 976 etiam
1244 949 1334 974 omnia
1358 946 1454 978 simul,
1480 945 1522 973 vel
1541 945 1630 979 aliqua
1645 953 1651 971 :
1668 952 1728 979 qua:

943 996 1033 1022 omnia
1047 994 1170 1030 profecto
1187 995 1264 1028 longe
1279 994 1377 1020 absunt
1390 1001 1405 1020 a
1422 992 1660 1024 dominationibus,
1680 999 1728 1026 per

943 1048 1002 1075 qua:
1016 1039 1085 1067 forte
1099 1040 1279 1067 deterioribus
1290 1039 1500 1074 subjicerentur,
1515 1038 1556 1064 vel
1573 1038 1726 1066 istiusmodi

944 1087 976 1114 ad
1001 1094 1117 1121 superna
1142 1086 1271 1113 transitus
1296 1085 1482 1119 impediretur.
1501 1083 1566 1113 Haec
1589 1084 1663 1111 enim
1681 1083 1728 1110 de—

943 1134 1042 1160 teriora
1061 1133 1126 1160 dicit
1146 1137 1172 1159 et
1197 1131 1357 1164 materialia,
1382 1131 1591 1166 tyrannicasqne
1608 1131 1729 1165 ina:qua-

943 1177 1034 1205 litates
1058 1178 1206 1205 secundum
1227 1183 1295 1210 quas
1318 1175 1365 1210 qui
1399 1176 1479 1202 modo
1495 1174 1584 1201 elatus
1607 1180 1666 1207 est,
1681 1181 1729 1208 per

943 1225 1069 1252 timorem
1086 1224 1126 1250 vel
1141 1223 1204 1258 quid
1219 1222 1310 1250 simile
1325 1221 1464 1256 dejicitur;
1482 1225 1508 1247 et
1521 1220 1566 1255 qui
1587 1220 1666 1247 modo
1682 1220 1729 1247 de-

939 1271 1031 1306 jectus
1063 1275 1124 1301 est,
1148 1276 1255 1296 rursum
1289 1267 1376 1294 elatus
1406 1267 1436 1293 ﬁt
1461 1274 1509 1300 per
1535 1265 1727 1293 all'ectionem:

943 1316 1069 1351 quoniam
1085 1316 1129 1342 hie
1143 1315 1225 1342 etiam
1240 1313 1273 1340 ab
1295 1312 1446 1340 istiusmodi
1469 1311 1612 1339 aﬂ‘ectione
1634 1316 1728 1348 tyran-

943 1363 1003 1390 nice
1028 1363 1206 1397 gubernatur.
1222 1360 1377 1388 Istiusmodi
1401 1360 1482 1386 etiam
1500 1365 1565 1387 sunt
1579 1359 1625 1386 illa
1643 1364 1729 1386 matc-

943 1410 1032 1441 rinlia,
1049 1415 1078 1436 ut
1089 1417 1149 1444 qua:
1162 1416 1299 1442 nunquam
1315 1408 1341 1435 in
1355 1409 1450 1435 eodem
1467 1412 1538 1435 statu
1555 1411 1729 1441 permanent,

943 1457 990 1483 sed
1005 1463 1112 1490 semper
1128 1459 1326 1489 permutantur.
1343 1455 1422 1482 Hisce
1438 1455 1564 1481 onmibus
1579 1452 1729 1489 lyrannicis

943 1499 1128 1527 materialibus
1141 1503 1167 1526 et
1179 1499 1303 1526 inanibus
1315 1499 1544 1534 inmqualitatibus
1561 1498 1654 1525 liberae
1674 1497 1730 1532 78
1764 1490 1771 1494 ”

943 1551 1005 1574 sunt
1020 1546 1227 1577 dominationes,
1240 1551 1331 1581 utpote
1344 1546 1517 1580 incorrupte,
1527 1545 1655 1578 omnique
1668 1551 1727 1570 ser-

102 1591 207 1626 ταύτην
221 1592 267 1618 καὶ
291 1592 437 1628 μειωτικὴν
452 1593 533 1628 λέγει.
549 1593 595 1620 Διὸ
610 1594 656 1620 καὶ
677 1594 809 1621 ὰνένδοτοί
823 1595 891 1621 εἰσιν

944 1593 1027 1619 vitute
1042 1592 1205 1625 superiores.
1220 1591 1274 1619 Nec
1289 1592 1350 1626 quis
1366 1591 1431 1618 milii
1452 1591 1526 1619 dicat
1542 1590 1596 1623 hic,
1613 1598 1660 1617 eos
1675 1597 1729 1616 non

104 1637 199 1671 ὑφέσει
215 1637 288 1673 πάσῃ
303 1638 349 1664 καὶ
362 1638 552 1674 ὐποϐιϐασμῷ,
564 1639 610 1666 καὶ
624 1639 769 1675 ὲξῄρηνται
784 1639 893 1674 ἁπάσης

102 1682 303 1718 ἀνομοιότητος,
318 1685 356 1716 ὡς
369 1684 417 1711 νῦν
436 1685 483 1720 μὲν
499 1685 563 1717 ἴσως
586 1683 656 1713 εἶναι
679 1685 782 1720 ὑψηλὰς
796 1685 891 1717 αὐτὰς,

102 1728 152 1755 νῦν
168 1729 196 1756 δὲ
216 1730 415 1766 ὑποϐεϐηκυίας
436 1731 617 1758 παντάπασιν.
641 1732 777 1765 Ἑφίενται
799 1731 827 1758 δὲ
843 1732 893 1766 τῆς

102 1775 189 1806 ὄντως
211 1776 382 1812 κυριότητος,
405 1778 452 1804 καὶ
467 1777 516 1812 τῆς
538 1777 592 1804 τῶν
608 1779 775 1812 κυριοτήτων
790 1777 892 1813 ἀρχῆς,

102 1824 190 1859 ἤγουν
208 1825 257 1860 τῆς
280 1826 427 1861 Θεὸτητος·
448 1828 495 1854 καὶ
519 1828 683 1862 ὰγαθοειδῶς
700 1829 744 1854 ἀεὶ
763 1828 893 1854 διαπλάτ-

102 1880 182 1899 τουσι
198 1873 234 1908 μὴ
251 1873 330 1908 μόνον
354 1874 464 1906 ἑαυτὰς,
480 1875 548 1902 ἀλλὰ
571 1876 618 1902 καὶ
634 1875 685 1907 τὰς
711 1876 770 1911 μετ’
793 1875 893 1906 αὑτὰς,

103 1917 143 1950 ὡς
165 1918 283 1952 ἐφικτὸν,
303 1919 372 1955 πρὸς
392 1920 442 1955 τὴν
463 1920 612 1955 ἐμφέρειαν
630 1921 677 1948 καὶ
699 1921 747 1957 τὴν
765 1922 894 1956 ὁμοίωσιν

101 1962 154 1998 τὴν
178 1964 276 1999 κυρίαν
298 1965 345 1991 καὶ
359 1965 487 2000 ἀληθινὴν
502 1966 597 2001 αὐτῆς,
612 1967 695 2002 ἤγουν
716 1967 766 2001 τῆς
782 1976 895 2003 κυριαρ-

102 2007 177 2045 χίας.
194 2008 264 2043 Ὅρα
282 2009 310 2035 δὲ
329 2010 369 2035 ὅτι
389 2010 438 2036 οὐκ
459 2011 579 2045 ἐφίενται
601 2012 709 2043 πάντως
729 2012 894 2047 ὑψηλοτέρου

105 2052 228 2087 βαθμοῦ·
242 2051 314 2089 εἶχον
334 2055 388 2090 γὰρ
409 2055 441 2082 ἂν
459 2056 508 2091 τὴν
522 2056 614 2091 ἔφεσιν
631 2057 698 2093 πρὸς
716 2057 764 2093 τὴν
784 2057 895 2094 πρώτην

102 2097 293 2133 διακόσμησιν,
310 2101 356 2126 καὶ
370 2101 506 2136 ὲμπάϐεια
520 2100 553 2138 ἦν
567 2103 596 2129 ἐν
612 2103 718 2135 αὐτοῖς,
733 2104 780 2130 καὶ
796 2112 895 2140 τυραν-

103 2142 174 2178 νικῷ
195 2143 367 2172 ἐδεδούλωντο
382 2146 471 2173 πάθει.
487 2148 524 2174 Οὐ
544 2148 623 2175 τοῦτο
641 2148 717 2183 γοῦν,
736 2149 793 2175 ἀλλ’
806 2150 896 2184 ἐφίενς

103 2197 161 2219 ται.
183 2190 229 2216 καὶ
250 2191 331 2217 οἱονεὶ
351 2192 529 2228 ἀγαπητικῶς
548 2194 638 2229 ἔχουσι
661 2195 711 2230 τῆς
734 2195 831 2231 κυρίας
849 2196 896 2222 καὶ

104 2236 289 2270 κυριαρχικῆς
302 2237 459 2272 ἐμφερεὶας,
475 2238 514 2270 ὡς
533 2239 619 2271 ἄλλως
635 2239 672 2275 μὴ
691 2239 720 2266 ὃν
734 2240 896 2276 κυριότητας

943 1639 1046 1667 habere
1069 1640 1194 1666 timorem
1218 1647 1250 1665 ac
1269 1639 1427 1666 servitutem
1443 1639 1490 1666 Dei
1508 1649 1514 1665 :
1530 1638 1622 1665 audiat
1644 1637 1728 1670 enim,

944 1690 974 1713 ut
995 1693 1048 1712 non
1073 1684 1223 1711 istiusmodi
1249 1685 1385 1717 timorem,
1411 1692 1498 1718 neque
1517 1684 1596 1711 talem
1610 1684 1730 1711 servitu-

944 1736 997 1758 tem
1014 1731 1096 1763 dicat,
1112 1731 1158 1757 sed
1172 1738 1231 1758 eam
1244 1738 1303 1764 qua:
1314 1734 1355 1758 est
1371 1737 1461 1757 rerum
1478 1731 1654 1761 deteriorum,
1669 1737 1730 1756 sen-

944 1777 1080 1808 sibilium,
1103 1777 1229 1810 inquam,
1251 1781 1277 1803 et
1292 1784 1483 1811 c0rporearum
1497 1785 1504 1803 :
1520 1775 1563 1803 illa
1586 1776 1659 1803 enim
1676 1783 1730 1802 non

945 1824 1038 1851 sinunt
1053 1831 1084 1850 ea
1108 1830 1168 1858 quae
1184 1831 1248 1850 vera
1273 1827 1337 1850 sunt
1355 1823 1539 1850 considerare.
1565 1822 1631 1849 Nam
1646 1829 1660 1848 a
1675 1830 1731 1856 quo

945 1871 1007 1905 quis
1028 1870 1150 1897 devictus
1173 1875 1229 1902 est,
1246 1870 1304 1904 ejus
1321 1874 1348 1897 et
1369 1878 1464 1897 servus
1484 1870 1571 1897 lactus
1586 1874 1638 1901 est,
1661 1869 1732 1896 lianc

946 1918 1026 1944 etiam
1041 1917 1246 1943 imminuentem
1264 1921 1352 1943 vocat.
1377 1916 1479 1944 ldcireo
1498 1917 1580 1944 etiam
1599 1917 1633 1943 ab
1654 1916 1731 1943 omni

946 1961 1098 1996 dejectione
1111 1969 1143 1989 ac
1157 1961 1325 1996 subjectione
1342 1962 1433 1988 libera:
1448 1966 1522 1993 sunt,
1535 1966 1564 1988 et
1576 1962 1732 1988 eximuntur

946 2008 980 2036 ab
1001 2008 1073 2036 omni
1099 2008 1291 2042 inazqnalitate,
1309 2016 1342 2035 nc
1358 2009 1437 2036 modo
1459 2008 1570 2043 quidem
1596 2008 1664 2035 forte
1683 2017 1731 2036 sn-

945 2055 1042 2082 blimes
1067 2056 1140 2088 sint,
1160 2055 1240 2082 modo
1263 2062 1327 2082 vero
1347 2055 1473 2081 omnibus
1492 2055 1630 2089 subjectae.
1653 2054 1731 2081 Desi-

946 2101 1043 2128 derant
1070 2106 1159 2129 autem
1188 2108 1282 2127 verum
1313 2099 1499 2134 dominatum,
1522 2105 1548 2127 et
1570 2100 1732 2135 principium

946 2145 1170 2177 dominationum,
1188 2145 1213 2172 id
1233 2148 1274 2172 est
1299 2144 1491 2178 Divinitatem;
1507 2150 1589 2179 atque
1611 2146 1733 2172 bonil'or-

946 2191 1026 2218 miter
1041 2199 1147 2226 semper
1160 2198 1212 2217 non
1227 2190 1386 2224 semetipsos
1401 2194 1517 2223 tantum,
1536 2198 1630 2218 verum
1646 2191 1730 2218 etiam

947 2237 1099 2269 inferiores,
1115 2237 1205 2271 quoad
1221 2235 1278 2262 ﬁeri
1299 2240 1396 2270 potest,
1412 2243 1517 2270 semper
1535 2236 1732 2265 transformant

102 2279 192 2311 αὑτὰς
206 2278 289 2312 εἶναι,
303 2281 319 2316 ἢ
338 2281 424 2314 οὕτως
443 2283 557 2318 ἐχούσας
571 2285 640 2320 πρὸς
652 2286 697 2312 τὸν
712 2286 829 2321 Ποιητὴν
847 2287 892 2313 αὐ-

949 2283 982 2309 ad
1004 2283 1140 2317 propriam
1157 2289 1302 2316 veramque
1326 2281 1389 2314 Dei,
1413 2282 1470 2308 sive
1485 2282 1639 2309 dominatus
1653 2283 1732 2317 prin-

101 2323 171 2355 τῶν,
193 2324 231 2356 ὡς
245 2326 391 2361 λαμϐάνειν
415 2329 518 2356 ἐκεῖθεν
531 2330 580 2365 τὴν
601 2331 651 2365 τῆς
668 2332 826 2367 κυριότητος
850 2332 896 2358 σύη

103 2377 211 2396 στασιν.
234 2371 457 2407 Ἐπιστρέφονται
476 2374 504 2401 δὲ
523 2375 592 2410 πρὸς
609 2375 683 2402 οὐδὲν
703 2377 757 2405 τῶν
771 2377 833 2412 εἰκῆ
853 2377 896 2404 δο-

104 2413 236 2445 κούντων,
252 2415 335 2450 ἤγουν
351 2417 404 2444 τῶν
429 2421 591 2454 σωματικῶν
614 2422 660 2447 καὶ
682 2421 719 2457 μὴ
744 2423 895 2457 προσηκόν-

103 2467 170 2491 των,
186 2460 254 2487 ὰλλά
274 2463 342 2498 πρὸς
361 2463 391 2490 τὸ
410 2465 511 2500 κυρίως
525 2466 564 2498 ὃν,
583 2467 627 2494 τὸν
641 2467 716 2499 Θεὸν,
731 2469 779 2495 καὶ
793 2469 896 2503 γίνεται

103 2505 135 2532 ἐν
150 2506 281 2543 μετουσίᾳ
303 2509 353 2544 τῆς
376 2512 558 2547 κυριαρχικῆς
572 2512 716 2545 θεοειδείας
730 2514 799 2541 κατὰ
813 2515 844 2541 τὸ
856 2515 897 2542 δυ-

102 2550 184 2578 νατὸν
198 2551 294 2587 αὐτῆς,
309 2554 348 2585 ὡς
362 2552 430 2581 εἶναι
444 2557 491 2582 καὶ
504 2557 605 2589 ταύτας
619 2559 729 2594 κυρείας
743 2559 790 2586 καὶ⁸
803 2559 894 2594 κυριό-

102 2604 199 2632 τητας.
219 2599 386 2634 Ἀμείλικτον
398 2602 426 2628 δέ
441 2611 506 2637 φησι
526 2605 670 2640 κυριότητα
684 2606 733 2641 τὴν
747 2606 891 2642 ἀναγωγὴν
909 2610 912 2613 ’

103 2643 210 2675 αὐτῶν,
235 2646 316 2673 οἱονεὶ
346 2648 544 2682 ἀκολάκευτον,
565 2651 778 2686 ἁπαρέγκλιτον,
803 2652 896 2688 μηδενὶ

105 2691 292 2727 ταργαλισμῷ
317 2693 368 2729 τῆς
393 2694 459 2730 ὕλης
480 2697 701 2733 ὑποκλινομένην.
720 2699 784 2725 Λύει
806 2699 834 2725 δὲ
856 2700 898 2726 ἐν-

104 2736 194 2763 ταῦθα
207 2738 252 2764 καὶ
266 2739 377 2775 σφάλμα
392 2749 418 2767 τι
433 2741 487 2769 τῶν
500 2742 647 2778 ἐλληνικὼν
667 2744 827 2778 φιλοσόφων,
849 2746 896 2772 καὶ

105 2783 228 2815 εὐσεϐῶς
251 2786 432 2821 ἐπισκήπτει·
453 2789 550 2815 ἐκεῖνοι
566 2790 620 2824 γὰρ
635 2790 702 2822 ἰδίοις
719 2791 794 2822 τινὰς
815 2791 894 2819 δυνά-

107 2840 170 2866 μεις
184 2836 259 2870 τρεῖς
273 2835 446 2870 ἀμειλίκτους
461 2840 695 2875 προσηγόρευσαν,
715 2841 897 2876 προελθούσας

108 2878 148 2909 είς
163 2879 281 2916 ὕπαρξιν
295 2882 328 2908 ἐκ
346 2891 425 2910 τινων
441 2885 494 2919 πρὸ
508 2885 597 2912 αὐτῶν
611 2886 711 2921 ἐτέρων
723 2886 805 2922 τριῶν
820 2887 898 2917 δυνά-

109 2931 194 2958 μεων,
212 2926 243 2953 οὺ
263 2927 315 2964 μὴν
330 2929 362 2956 ἐκ
378 2929 446 2957 Θεοῦ
461 2930 707 2967 δημιουργηθείσας
731 2932 832 2965 ἱδικῶς·
852 2933 897 2961 καί

947 2328 1020 2362 cipii,
1031 2327 1235 2355 similitudinem
1247 2332 1274 2354 et
1285 2327 1518 2355 assimilationem.
1529 2328 1646 2355 Observa
1657 2336 1730 2361 vero,

947 2374 1084 2409 quomodo
1100 2382 1153 2400 non
1171 2378 1300 2408 appetant
1321 2373 1432 2400 omnino
1453 2375 1566 2408 gradum
1593 2375 1734 2402 sublimio-

947 2430 1027 2449 rem:
1053 2421 1221 2448 ambiverant
1247 2420 1319 2448 enim
1343 2421 1440 2455 aliquae
1468 2421 1581 2454 primam
1601 2421 1732 2448 distribu-

949 2468 1065 2499 tionem,
1087 2471 1116 2494 et.
1140 2466 1247 2494 allectio
1273 2471 1332 2493 erat
1354 2466 1380 2492 in
1404 2466 1455 2497 eis,
1481 2471 1562 2500 atque
1587 2467 1737 2501 tyrannica:

947 2513 1067 2549 passioui
1092 2513 1221 2547 subjectae
1244 2516 1318 2539 sunt.
1341 2511 1400 2549 Non
1431 2511 1467 2538 ita
1489 2511 1560 2544 istac,
1578 2511 1624 2538 sed
1649 2519 1733 2546 appe-

949 2565 1020 2593 tunt,
1035 2565 1061 2587 et
1074 2559 1275 2595 quodammodo
1290 2558 1412 2585 obtinent
1426 2565 1474 2592 per
1489 2558 1671 2590 dilectionem,
1687 2559 1734 2584 do—

950 2608 1100 2640 minatum,
1127 2611 1154 2634 et
1174 2606 1300 2641 principii
1324 2606 1480 2633 dominatus
1506 2605 1732 2636 similitudinem;

950 2654 987 2680 ita
1002 2658 1031 2680 ut
1046 2653 1114 2680 alias
1127 2660 1180 2680 non
1192 2657 1283 2680 essent
1297 2653 1507 2683 dominationes,
1521 2651 1573 2679 nisi
1590 2652 1641 2678 hoc
1653 2653 1738 2679 modo

948 2707 1012 2733 erga
1029 2699 1202 2726 Conditorem
1215 2707 1292 2726 suum
1306 2699 1490 2730 adicerentur,
1506 2699 1542 2725 ita
1557 2702 1585 2724 ut
1599 2698 1661 2724 inde
1677 2703 1733 2724 sta-

950 2750 1005 2772 ttnn
1022 2745 1215 2772 dominationis
1230 2744 1374 2778 accipiant.
1388 2745 1427 2770 Ad
1446 2744 1513 2771 nihil
1530 2749 1620 2769 autem
1637 2751 1731 2770 eorum

949 2799 1011 2826 qum
1026 2796 1127 2818 temere
1139 2796 1268 2826 apparent.
1283 2795 1492 2823 convertuntur,
1505 2789 1599 2824 quales
1610 2793 1672 2814 sunt
1689 2795 1733 2814 res

949 2846 1086 2872 corporea:
1106 2843 1133 2865 et
1157 2839 1307 2870 indecorae;
1324 2837 1370 2864 sed
1393 2838 1426 2863 ad
1444 2837 1468 2863 id
1488 2836 1559 2870 quod
1585 2841 1648 2861 vero
1672 2839 1731 2866 est,

949 2886 1054 2913 scilicet
1070 2885 1165 2917 Deum,
1179 2889 1260 2919 atque
1275 2887 1323 2916 ita,
1340 2888 1471 2917 quantum
1497 2883 1522 2908 in
1539 2882 1579 2908 eis
1598 2885 1650 2911 est,
1667 2887 1731 2914 par—

951 2933 1049 2968 ticipes
1066 2932 1132 2960 ﬁunt
1148 2931 1337 2960 deilormitatis
1351 2930 1490 2965 ipsiusmet
1504 2927 1628 2963 principii
1641 2926 1731 2954 doui-
