1933 3075
222 159 275 187 247

795 160 824 188 S.
844 159 992 188 DIONYSII
1009 158 1238 188 AREOPAGITA'I

1788 158 1846 187 ω

222 216 373 248 nationum.
386 216 454 244 sicut
473 217 556 245 etiam
573 217 638 252 ipsa:
655 218 709 245 sint
723 217 878 245 dominatus
901 225 933 245 ac
955 217 1001 244 do-

1055 225 1137 252 φασιν
1161 215 1229 243 εἶναι
1253 217 1316 248 τοὺς
1343 216 1516 251 ἀμειλίκτους
1543 215 1653 247 τούτους
1678 215 1844 248 οποπεζίους

220 263 394 290 minationes.
417 262 518 290 Eorum
539 268 630 291 autem
655 265 687 291 ad
711 271 827 298 superna
844 263 1004 295 transitum,

221 307 434 336 dominationem
456 313 536 336 vocat
551 309 737 343 inﬂexibilem,
751 310 828 344 quasi
843 309 1008 337 adulationis

220 357 248 380 et
261 353 385 381 criminis
398 359 547 386 exsortem,
566 355 636 382 nulla
652 356 773 383 materia:
789 355 943 383 titillatione
959 355 1002 382 in-

220 398 361 426 clinatam.
376 397 463 426 Solvit
486 404 576 426 autem
594 400 639 427 hic
664 400 747 427 etiam
771 407 892 428 errorem
913 407 1007 434 quem-

221 444 282 470 dam
311 443 532 479 philosophorum
571 445 735 480 gentilium,
762 453 842 481 quem
882 446 1006 481 religiose

219 487 381 523 perstringit
400 495 409 514 :
428 488 465 516 illi
491 489 562 516 enim
583 491 707 524 proprias
734 491 864 525 quasdam
892 491 1006 518 virtutes

221 537 278 560 tres
297 532 458 561 iuﬂexibiles
473 534 660 569 appellabant,
681 543 742 570 qua;
765 543 798 562 ex
817 535 877 562 aliis
899 542 1006 571 quoque

219 579 308 606 tribus
331 580 467 614 prioribus
491 580 640 608 virtutibus
668 582 694 608 in
721 581 810 609 lucem
832 581 1005 617 prodierant,

218 632 272 652 non
287 629 376 652 autem
391 633 405 651 a
421 625 476 653 Deo
491 627 601 660 proprie
613 626 723 654 fuerant
736 633 886 662 procreatio
898 635 906 655 :
919 628 1007 655 aiunt.-

219 676 281 702 que,
304 670 352 697 has
368 669 531 698 inﬂexibiles
552 671 723 706 spiritalibus
739 672 783 705 iis,
798 679 814 698 a
829 671 928 706 quibus
943 679 1007 706 pro-

218 715 304 742 ducta:
318 715 435 749 fuerant.
457 716 605 744 virtutibus
629 717 791 750 substratas,
806 722 836 744 ut
852 718 1004 745 retinerent

218 762 417 795 quodammodo
441 767 468 790 et
493 762 634 796 subirent,
659 770 692 791 ac
714 763 875 791 cohiberent
899 764 1006 798 priores

218 807 290 839 illas,
305 815 338 834 ne
362 807 388 834 in
411 808 554 835 materiam
573 808 770 841 dilaberentur;
789 813 870 844 atque
892 809 944 837 hoc
962 809 1005 836 in-

217 853 352 880 ﬁrmiores
372 860 432 881 esse
452 853 485 881 iis
507 861 566 887 qum
586 854 691 889 seipsas
713 854 912 889 produxerunt,
935 855 1005 890 quod

1055 263 1109 289 τῶν
1133 262 1358 298 προϐαλλομένων
1381 262 1465 293 αὑτὰς
1488 261 1590 297 νοητῶν
1612 261 1762 296 δυνάμεων,
1777 262 1844 288 ἀνα-

1056 308 1212 339 οτέλλοντας
1226 308 1319 343 ὥσπερ
1330 308 1377 334 καὶ
1387 307 1574 338 ἐπιϐαίνοντας
1587 307 1634 334 καὶ
1647 307 1844 342 ἀπεχομένους

1055 353 1109 380 τῶν
1130 353 1183 389 πρὸ
1201 353 1301 386 αὐτῶν,
1316 353 1364 380 τοῦ
1381 353 1417 389 μὴ
1437 355 1530 380 πεσεῖν
1545 353 1584 383 είς
1608 352 1684 388 ὕλην,
1699 353 1747 379 καὶ
1762 352 1845 379 ἀσθε-

1059 399 1203 434 νεστέρους
1223 398 1294 425 κατά
1303 398 1393 431 τοῦτο,
1408 399 1455 425 καὶ
1470 398 1695 434 προϐαλλομένων
1716 399 1843 430 ἑαυτοὺς,

1056 444 1118 471 καθ’
1134 445 1148 471 ὃ
1161 445 1277 476 δέονται,
1293 445 1333 476 εἰς
1346 445 1376 471 τὸ
1391 445 1515 480 κατέχειν
1530 445 1642 476 ἐαυτοῡς
1654 446 1694 476 εἰς
1707 444 1736 471 τὸ
1750 446 1845 472 ἄπτω-

1055 499 1110 517 τον.
1131 489 1224 516 Ταῦτα
1244 490 1292 526 μὲν
1317 488 1364 517 οὖν
1388 491 1426 522 ὡς
1451 491 1480 516 ἐν
1508 490 1645 525 ἐπιτόμῳ,
1666 490 1700 516 τὰ
1719 490 1843 522 ἐκείνων,

1055 535 1070 561 ὁ
1088 535 1117 562 δὲ
1137 535 1213 569 ἆγιος
1239 535 1329 570 σοφῶς
1354 535 1389 562 τὰ
1416 535 1524 562 ἐναντία
1550 536 1638 562 πάντα
1663 536 1755 568 αὐτοῖς
1790 545 1844 572 φη-

1056 590 1115 613 σινε
1131 583 1164 608 ἐκ
1184 581 1252 609 Θεοῦ
1277 581 1332 617 γὰρ
1355 581 1438 614 αὑτὰς
1463 581 1666 617 δημιουργικῶς
1692 583 1844 618 ὑποστῆναι

1056 637 1148 664 φησιν,
1167 625 1197 655 οὗ
1211 628 1259 655 καὶ
1271 628 1320 663 τὴν
1331 628 1479 664 ἐμφέρειαν
1502 628 1608 663 ἔχουσιν
1620 630 1661 660 είς
1673 629 1821 665 κυριότητα
1835 638 1842 644 ·

1055 673 1142 706 αὑτὰς
1156 674 1184 701 δὲ
1197 674 1228 700 τὺ
1238 673 1392 709 ἀμείλικτον
1416 674 1487 701 κατὰ
1511 675 1601 711 πάσης
1615 675 1737 710 ὑφέσεως
1750 676 1789 711 τῷ
1801 676 1844 702 λό-

1055 727 1096 754 γῳ
1110 720 1161 754 τῆς
1188 720 1346 755 κυριάτητος
1370 720 1441 755 ἔχειν
1466 720 1549 755 λέγει⁷
1576 721 1728 753 κοπτούσας
1748 721 1845 757 ὥσπερ

1056 765 1102 791 καὶ
1117 764 1320 800 διατεμνούσας,
1333 766 1379 792 καὶ
1385 766 1435 792 οὐκ
1449 765 1536 798 ἐώσας
1545 769 1656 802 κρατεῖν
1668 767 1717 803 τὴν
1730 767 1798 803 πρὸς
1809 767 1844 794 τὰ

1055 810 1172 846 αἰσθητά
1183 811 1341 847 ἐπιθυμίαν,
1356 812 1386 838 οὐ
1402 812 1455 847 μὴν
1472 812 1522 844 τὰς
1539 813 1593 849 πρὸ
1609 813 1698 839 αὐτῶν
1713 813 1843 840 ἀναστελ-

1055 855 1162 888 λούσας.
1182 857 1253 894 ’Ἄρα
1275 857 1365 884 τοίνυν
1389 857 1473 891 λέγει,
1489 859 1530 884 ὅτι
1555 859 1601 884 καὶ
1626 858 1777 893 ἀμείλικτοί
1790 860 1844 885 εἰσι

219 900 337 927 debeant
360 900 522 936 semelipsas
548 903 700 934 continere,
724 910 759 930 ne
782 901 917 930 labantur.
941 901 1001 930 ﬂatu

1057 902 1124 936 πρὸς
1135 900 1165 927 τὺ
1176 891 1279 937 χεῖρον,
1298 902 1345 928 καὶ
1363 902 1412 937 τὴν
1424 902 1571 938 κυριότητα
1582 891 1684 937 έχουσι,
1697 902 1844 929 κάντεῦθεν

218 945 330 981 quidem
362 951 490 981 tanquam
524 948 551 974 in
586 948 746 982 compendio
778 951 842 975 sunt
879 948 1002 981 illorum,

218 991 273 1027 79
290 991 335 1019 hic
349 996 439 1019 autem
455 998 566 1020 sanctus
589 994 729 1028 sapienter
756 994 790 1021 iis
817 994 908 1022 omnia
935 1001 1003 1021 conv

219 1038 304 1064 traria
333 1038 419 1065 tradit
436 1046 443 1065 :
459 1046 493 1066 ex
517 1039 572 1067 Deo
599 1040 674 1067 enim
701 1047 748 1067 eas
771 1048 820 1074 per
835 1041 1003 1068 creationem

216 1085 364 1119 productas
380 1086 492 1116 asserit,
505 1084 582 1119 cujus
599 1086 682 1112 etiam
698 1086 904 1114 similitudinem
918 1087 943 1114 in
957 1087 1004 1114 do-

216 1131 322 1158 tniuatu
340 1135 446 1163 tenent.
472 1132 546 1166 ipsas
560 1135 650 1158 tamen
678 1132 910 1159 inllexibilitatem
939 1140 1003 1167 erga

215 1185 323 1205 onmem
339 1178 549 1205 submissionem
563 1178 668 1205 ratione
689 1178 884 1205 dominationis
900 1178 1003 1206 habere

217 1223 293 1255 dicit,
310 1223 389 1258 quasi
403 1225 539 1251 czedentes
555 1229 581 1250 et
597 1224 779 1257 dissecautes,
802 1228 829 1251 et
843 1231 896 1251 non
911 1225 1004 1251 sinen-

216 1274 258 1296 tes
284 1276 415 1304 superare
437 1270 614 1304 cupiditatem
636 1269 818 1301 sensibilium,
834 1277 887 1296 non
910 1275 1001 1297 tamen

215 1322 263 1342 eas
276 1323 336 1349 quae
349 1316 508 1350 praecedunt
524 1315 694 1343 cohibentes.
717 1315 788 1344 Dicit
804 1316 906 1350 itaque,
924 1317 998 1350 quod

216 1365 244 1388 et
257 1360 419 1389 inﬂexibiles
442 1362 498 1389 sint
520 1361 554 1388 ad
584 1361 697 1395 malum,
723 1366 750 1389 et
773 1361 943 1389 dominatum
961 1367 1002 1389 te-

220 1412 306 1434 neant
322 1415 331 1440 ;
347 1413 428 1442 atque
442 1407 506 1435 hinc
527 1408 714 1442 praecedentes
726 1407 838 1435 minime
854 1408 1000 1439 excedunt.

214 1459 250 1479 ne
267 1454 293 1479 in
311 1453 454 1480 materiam
480 1452 646 1480 dilabantur.
664 1453 825 1480 Sanctarum
843 1458 934 1480 autem
946 1454 1002 1480 vir-

215 1504 307 1526 tutum
338 1507 436 1527 nomen
471 1499 600 1526 existimo
628 1499 655 1526 in
680 1499 819 1527 communi
843 1499 1001 1535 signiﬁcare

216 1545 366 1573 tnasculam
382 1546 527 1580 quamdam
552 1550 578 1572 et
595 1550 765 1573 constantem
781 1545 950 1579 virilitatem,
964 1545 1001 1572 ria
1014 1563 1035 1592 c

215 1592 318 1626 gidam,
345 1599 482 1626 asperam.
507 1599 642 1619 severam.
667 1591 762 1625 Neque
783 1598 850 1619 vero
874 1592 1000 1624 audiens,

214 1638 332 1664 virtutes
349 1637 409 1664 illas
421 1637 529 1664 divinas
556 1636 674 1665 femineo
691 1637 803 1664 nomine
817 1642 999 1672 nuncupatas,

214 1683 350 1711 muliebre
371 1683 436 1718 quid
455 1684 489 1710 iis
506 1684 629 1710 ascribas
645 1692 652 1711 :
667 1684 754 1710 virilis
773 1684 844 1711 cnim
861 1684 1001 1720 signiﬁca-

215 1730 255 1757 tio
271 1731 410 1764 dictioque
422 1731 456 1758 de
474 1730 583 1757 feminis
612 1730 747 1763 virilibus,
767 1735 795 1758 et
808 1731 880 1758 virili
909 1736 1001 1759 mente

214 1776 348 1812 prteditis,
363 1781 410 1804 aut
424 1776 495 1804 virili
512 1776 610 1803 robore
632 1776 807 1810 pollentibus,
829 1776 999 1803 enuntiatur.

215 1821 325 1849 Habent
347 1829 436 1849 autem
464 1821 622 1849 virilitatem
640 1831 647 1848 :
661 1822 694 1849 ad
707 1822 771 1857 quid
788 1822 800 1848 ?
815 1829 868 1849 non
887 1822 921 1849 ad
934 1821 1001 1849 diﬂi-

217 1869 335 1896 cultates
355 1868 515 1901 incidentes,
534 1868 727 1903 tristitiasque,
745 1873 773 1895 ut
788 1868 814 1895 in
832 1867 911 1896 nobis
925 1869 1001 1895 acci-

214 1914 278 1948 dit;
297 1914 356 1942 haec
381 1914 453 1942 enim
489 1921 576 1948 neque
601 1914 751 1941 virtutibus
774 1914 876 1941 divinis
899 1921 1001 1941 conve-

213 1960 293 1987 niunt
307 1970 313 1987 :
327 1964 354 1987 et
370 1959 403 1987 ab
417 1959 574 1987 extrinseco
599 1964 751 1992 moventur,
770 1963 799 1986 ut
812 1958 894 1986 aliter
909 1959 999 1986 istius-

215 2005 287 2032 modi
322 2005 439 2032 virilitas
467 2012 600 2040 apparere
626 2010 754 2039 nequeat,
781 2005 834 2032 nisi
856 2003 1000 2032 diﬁicultas

213 2051 365 2078 exoriatur.
383 2051 441 2078 Non
465 2052 558 2086 itaque
572 2051 606 2078 ad
622 2051 680 2079 haec
706 2056 812 2078 tantum
839 2051 1000 2079 virilitatem

212 2099 350 2130 obtinent,
373 2099 421 2126 sed
445 2098 480 2126 ad
507 2105 603 2125 omnes
626 2106 691 2125 suas
706 2098 853 2126 deiformes
868 2099 998 2126 actiones.

213 2144 276 2170 Dixi
289 2149 381 2171 autem
396 2151 470 2177 suas,
496 2144 560 2179 quia
582 2143 695 2171 cuilibet
714 2151 762 2172 sua
784 2144 893 2179 propria
907 2145 998 2172 divina

213 2190 344 2223 competit
371 2191 505 2224 operatio,
526 2190 563 2216 ita
581 2194 611 2216 ut
627 2197 680 2216 non
706 2190 815 2218 deﬁciat
834 2190 862 2217 in
877 2190 931 2217 ulla
948 2191 999 2218 sibi

1053 945 1109 971 τῶν
1131 946 1184 981 πρὸ
1205 946 1296 973 αὐτῶν
1324 947 1374 974 οὐκ
1399 947 1565 983 ἐξέρχονται,
1586 948 1660 980 ὅπως
1673 948 1710 983 μὴ
1725 950 1765 980 εἰς
1777 948 1846 984 ὓλην

1054 991 1173 1018 πέσοιεν.
1188 992 1244 1028 Τὴν
1253 993 1282 1019 δέ
1297 993 1351 1020 τῶν
1367 993 1452 1027 ἁγίων
1466 993 1607 1028 δυνάμεων
1627 993 1775 1028 ὀνομασίαν
1787 993 1845 1020 olo-

1055 1046 1103 1072 μαι
1116 1037 1214 1074 δηλοῦν
1229 1038 1299 1065 κατά
1309 1039 1398 1066 κοινοῦ
1413 1039 1572 1075 ἀρρενωπόν
1585 1047 1646 1065 τινα
1664 1040 1711 1066 καὶ
1734 1039 1846 1075 ἑδραίαν

1054 1083 1174 1119 ἀνδρίαν,
1193 1084 1334 1117 ἄθελκτον,
1359 1085 1516 1121 ἀθήλυντον,
1541 1084 1690 1113 ἀνένδοτον.
1716 1085 1762 1120 Μὴ
1789 1085 1847 1121 γὰρ

1054 1129 1161 1157 ἀκούων
1187 1130 1296 1166 θηλυκῷ
1325 1131 1528 1167 ὀνομαζομένας
1555 1131 1677 1167 ὀνόματι,
1705 1133 1745 1163 είς
1761 1131 1846 1167 θηλυ-

1053 1175 1156 1210 πρεπές
1171 1184 1197 1202 τι
1212 1175 1332 1212 κατάξῃς
1350 1176 1400 1208 τὰς
1424 1176 1500 1208 θείας
1521 1176 1649 1212 δυνάμεις
1661 1185 1668 1192 ο
1687 1177 1703 1212 ἡ
1729 1176 1782 1213 γὰρ
1796 1177 1845 1204 τοῦ

1054 1222 1214 1258 dippe»;me
1230 1223 1352 1259 σημασία
1367 1223 1414 1250 καὶ
1425 1223 1506 1257 λέξις,
1526 1224 1572 1250 ἐπὶ
1596 1223 1734 1258 γυναικῶν
1756 1224 1847 1260 ἀνδρι-

1053 1267 1175 1303 ζομένων
1209 1270 1257 1296 καὶ
1286 1270 1493 1306 ἀρῤενοφρόνων
1524 1269 1644 1304 λέγεται,
1673 1270 1689 1306 ἢ
1721 1270 1845 1307 ἀρρένων

1054 1315 1131 1350 ίσχὺν
1158 1315 1287 1349 ἐχουσῶν.
1306 1315 1417 1350 Ἔχουσι
1437 1315 1465 1342 δὲ
1480 1316 1529 1352 τὴν
1552 1316 1679 1351 ἀνδρίαν·
1697 1318 1738 1348 είς
1748 1317 1774 1342 τί
1788 1325 1796 1349 ;
1812 1317 1844 1343 οὺ

1053 1359 1122 1395 πρὸς
1135 1359 1169 1386 τὰ
1183 1360 1341 1395 ἐπαγόμενα
1352 1360 1470 1396 δυσχερῆ
1484 1369 1513 1387 τε
1521 1362 1569 1388 καὶ
1580 1361 1700 1397 λυπηρὰ,
1716 1361 1845 1398 καθάπερ

1053 1404 1127 1431 ἐστὶν
1141 1405 1171 1431 ἐν
1181 1405 1258 1440 ἡμῖν,
1275 1404 1360 1432 ταῦτα
1373 1406 1427 1441 γὰρ
1442 1405 1504 1432 οὔτε
1526 1407 1586 1437 ταῖς
1601 1405 1687 1437 θείαις
1711 1406 1845 1442 δυνάμεσι

1052 1451 1240 1486 προσήκοντα·
1261 1451 1309 1477 καὶ
1333 1450 1433 1483 ἔξωθεν
1461 1451 1510 1487 τὴν
1534 1451 1642 1487 κίνησιν
1660 1451 1778 1487 ἔχουσιν,
1805 1452 1846 1484 ὡς

1051 1496 1138 1527 ἄλλως
1153 1496 1190 1532 μὴ
1213 1496 1243 1523 ὂν
1268 1497 1384 1532 φανῆναι
1400 1497 1450 1532 τὴν
1471 1497 1598 1532 τοιαύτην
1621 1497 1741 1532 ἀνδρίαν,
1764 1498 1787 1523 εί
1805 1497 1844 1533 μὴ

1053 1543 1224 1578 ἐπανασταίη
1250 1543 1282 1570 τὸ
1305 1543 1444 1579 δυσχερές.
1474 1543 1512 1570 Οὺ
1540 1543 1609 1579 πρὸς
1643 1543 1730 1570 ταῦτα
1765 1544 1843 1578 γοῦν,

1052 1588 1108 1615 ἀλλ’
1128 1590 1168 1621 εἰς
1189 1589 1278 1621 πάσας
1294 1588 1343 1621 τὰς
1359 1590 1420 1616 κατ’
1435 1589 1520 1625 αὐτὴν
1543 1589 1669 1621 θεοειδεῖς
1691 1589 1842 1626 ἐνεργείας,

1052 1635 1120 1662 Κατ’
1142 1635 1227 1671 αὐτὴν
1248 1635 1276 1663 δὲ
1294 1635 1381 1667 εἶπον,
1407 1636 1448 1663 ὃτι
1469 1637 1543 1663 ἐστὶν
1567 1637 1670 1673 ἑκάστῃ
1686 1637 1766 1673 ίδίαὴ
1783 1637 1846 1664 θεία

1052 1680 1188 1716 ἐνέργεια,
1203 1679 1273 1706 ὥστε
1290 1680 1326 1716 μὴ
1345 1680 1498 1713 ἐξασθενεῐν
1523 1681 1591 1716 πρὸς
1620 1681 1753 1716 μηδεμίαν
1777 1683 1844 1709 ὑπο-

1051 1727 1132 1762 δοχὴν
1150 1727 1204 1753 τῶν
1223 1726 1398 1762 ἐνδιδομένων
1419 1727 1588 1763 ἐλλάμψεων,
1602 1729 1648 1755 καὶ
1661 1727 1716 1755 οἷον
1727 1729 1846 1764 πάσχειν

1053 1774 1099 1800 ὑπ’
1113 1773 1215 1809 αὐτῆς·
1236 1771 1292 1805 οἷός
1317 1774 1389 1800 ἐστιν
1403 1775 1418 1800 ὁ
1438 1774 1475 1809 μὴ
1497 1774 1536 1809 τῷ
1558 1775 1625 1810 πυρὶ
1647 1774 1844 1810 δαπανώμενος

1052 1817 1133 1853 λίθος,
1145 1820 1174 1852 ὃς
1188 1820 1322 1856 πυροῦται
1352 1821 1412 1855 μὲν,
1425 1820 1456 1846 οὐ
1469 1821 1576 1847 καίεται
1591 1821 1620 1848 δέ
1629 1829 1636 1836 ·
1650 1820 1721 1847 οὕτω
1737 1822 1784 1848 καὶ
1798 1822 1843 1848 ἐν-

1051 1866 1137 1893 ταῦθα
1161 1865 1282 1897 δυνατῶς
1296 1866 1343 1892 ἐπὶ
1360 1865 1390 1892 τὺ
1401 1865 1566 1901 θεομίμητον
1583 1866 1750 1903 ἀναγομένη,
1766 1867 1843 1902 ὅμως

1051 1917 1100 1952 οὐχ
1113 1918 1225 1952 ἡττᾶται
1240 1918 1287 1944 καὶ
1301 1917 1443 1944 ἀπολείπει
1465 1917 1596 1953 ἀνανδρίᾳ
1611 1918 1661 1953 τὴν
1677 1917 1781 1954 θεοειδῆ
1796 1919 1841 1945 κί-

1051 1971 1138 1998 νησιν,
1151 1963 1208 1990 ἀλλ’
1224 1962 1353 1998 agape-no;
1373 1963 1464 1998 ἀφορᾷ
1478 1964 1518 1994 είς
1534 1963 1583 1998 τὴν
1612 1963 1681 1998 ὑπὲρ
1691 1964 1782 1990 πᾶσαν
1796 1964 1844 1990 οὐο-

1052 2009 1123 2040 σίαν,
1134 2009 1248 2045 δύναμιν
1272 2009 1321 2045 τὴν
1343 2010 1390 2035 καὶ
1410 2009 1494 2040 αὐτὰς
1506 2008 1556 2040 τὰς
1569 2009 1696 2044 δυνάμεις
1710 2009 1842 2045 δημιουρ-

1051 2055 1173 2090 γήσασαν
1186 2074 1192 2086 ,
1208 2055 1255 2081 καὶ
1268 2054 1370 2090 ταύτης
1382 2055 1463 2082 εἰκὼν
1478 2055 1581 2089 γίνεται
1600 2055 1672 2082 κατά
1684 2055 1715 2082 τὸ
1729 2056 1840 2090 ἐφικτὸν

1050 2099 1233 2137 δυναμοειδής.
1256 2101 1298 2132 Ὡς
1313 2101 1367 2136 γὰρ
1380 2102 1397 2135 ἡ
1413 2100 1473 2127 θεία
1494 2101 1574 2135 φύσις
1602 2101 1755 2136 ἐνδυναμοῖ,
1771 2101 1842 2128 οὕτω

1051 2146 1098 2172 καὶ
1120 2146 1189 2183 αὕτη
1212 2146 1262 2178 τὰς
1284 2146 1501 2182 ὑποόεὕηκυίας·
1524 2147 1571 2173 καὶ
1594 2147 1655 2174 καθ’
1669 2147 1684 2173 ὃ
1700 2148 1748 2182 μὲν
1771 2147 1841 2182 αὕτη

1051 2193 1111 2220 ἐστὶ
1125 2193 1238 2228 δύναμις
1247 2192 1319 2219 κατὰ
1332 2192 1439 2228 πρῶτον
1454 2192 1542 2226 λόγον,
1557 2193 1626 2228 πρὸς
1640 2193 1841 2229 ἀντιδιαστολὴν

213 2235 301 2262 indita
326 2235 508 2263 illustratione
531 2236 718 2272 suscipienda,
746 2243 796 2264 nec
812 2237 846 2264 ab
870 2244 901 2264 ea
921 2237 1000 2272 quid-

1052 2239 1106 2266 τῶν
1122 2239 1179 2274 μετ’
1195 2240 1279 2275 αὐτὴν
1294 2238 1384 2275 (τοῦτο
1398 2239 1452 2274 γάρ
1466 2239 1525 2265 ἐστι
1538 2239 1569 2265 τὺ
1583 2239 1775 2275 ἀρχιδύναμος)
1797 2239 1841 2266 δυ-

212 2289 294 2316 quam
311 2282 451 2316 patiatur;
464 2282 554 2316 qualis
569 2286 613 2309 est
636 2282 704 2316 lapis
719 2283 764 2316 qui
788 2283 851 2317 igne
863 2290 917 2310 non
932 2290 1000 2310 con-

212 2328 342 2360 sumitur,
368 2327 415 2361 qui
445 2328 558 2362 ignescit
582 2328 703 2362 quidem,
720 2329 768 2355 sed
784 2337 836 2355 non
859 2330 999 2356 comburi-

213 2379 260 2401 tur
276 2383 284 2407 ;
301 2374 341 2402 sic
364 2374 447 2401 etiam
473 2375 528 2407 hic,
554 2375 617 2401 dum
648 2379 775 2410 potenter
788 2375 822 2402 ad
838 2374 921 2401 Deum
939 2375 1000 2402 imi-

213 2421 326 2447 tandum
355 2421 513 2453 adducitur,
537 2425 658 2448 attamen
676 2421 881 2456 nondejicitur,
910 2428 1000 2455 neque

210 2473 269 2500 pm
292 2467 480 2494 imbecillitate
504 2466 663 2494 deiformem
690 2471 792 2493 motum
810 2466 922 2498 deserit,
951 2467 999 2493 sed

211 2517 371 2540 constanter
398 2513 518 2540 intuetur
545 2512 570 2539 in
597 2512 725 2539 virtutem
740 2511 814 2538 omni
843 2511 999 2538 substantia

211 2561 392 2594 superiorem.
405 2565 432 2587 et
457 2560 637 2595 ipsarummet
659 2559 791 2586 virtutum
805 2558 998 2591 conditricem,

211 2606 401 2640 ejusdemque,
418 2607 505 2640 quoad
525 2605 583 2632 lleri
609 2609 708 2640 potest,
730 2605 819 2639 imago
844 2603 1000 2631 virtutil'or-

212 2653 265 2680 tuis
279 2652 406 2679 edicitur.
428 2649 667 2685 Quemadmodum
684 2651 757 2678 enim
783 2655 880 2678 natura
906 2650 998 2677 divina

212 2698 250 2726 illi
263 2699 390 2725 virtutem
404 2698 570 2733 suppeditat,
590 2697 629 2724 sic
643 2702 671 2724 et
691 2696 749 2724 haec
761 2696 936 2724 inferioribus
952 2700 1000 2724 :et

211 2744 360 2771 secundum
371 2745 442 2778 quod
458 2744 567 2778 quidem
581 2744 637 2778 ipsa
660 2744 747 2770 virtus
769 2750 821 2776 est,
849 2744 998 2771 secundum

212 2791 328 2826 primam
345 2790 491 2822 rationem,
507 2789 539 2816 ad
553 2789 734 2816 dilicreutiam
755 2797 849 2816 earum
862 2797 923 2824 qua:
937 2794 999 2824 post

213 2836 300 2870 ipsam
316 2842 379 2864 sunt
394 2837 458 2870 (hoc
471 2836 544 2863 enim
557 2841 600 2863 est
615 2834 799 2870 ἀρχιδὺναμος
813 2843 860 2862 seu
883 2836 1001 2870 princeps

215 2882 357 2920 virtutum)
382 2882 458 2919 juxta
485 2881 602 2920 gratiam
628 2882 680 2913 sibi
699 2889 713 2909 a
729 2881 786 2909 Deo
802 2882 891 2910 datam
905 2882 997 2915 habet,

1051 2285 1139 2316 νατῶς
1153 2285 1208 2320 ἔχει
1231 2284 1301 2312 κατά
1317 2285 1365 2320 τὴν
1381 2285 1504 2311 δοθεῖσαν
1517 2284 1597 2320 χάριν
1611 2285 1666 2311 ἀπὸ
1684 2285 1751 2311 Θεοῦ
1777 2286 1841 2311 ἐπε-

1052 2329 1186 2365 στράφθαι
1201 2330 1268 2365 πρὸς
1288 2330 1337 2365 τὴν
1351 2330 1440 2356 αίτίαν
1454 2329 1507 2357 τῶν
1521 2329 1671 2365 δυνάμεων,
1699 2329 1744 2356 τὸν
1758 2329 1838 2356 Θεόν·

1051 2374 1182 2403 καθ’ὃδὲ
1213 2375 1260 2401 καὶ
1287 2375 1482 2409 ὑποὸεϐηκυῖαι
1508 2375 1596 2412 ταύτῃ
1619 2374 1748 2410 δύναμεις
1775 2375 1840 2408 εἰσὶ,

1052 2422 1174 2457 πρόεισιν
1188 2422 1228 2453 είς
1242 2421 1359 2452 ὲκείνας,
1373 2420 1481 2447 διδοῦσα
1495 2421 1544 2456 τὴν
1558 2420 1672 2456 δύναμιν
1684 2421 1754 2448 κατὰ
1766 2421 1838 2449 θείαν

1052 2468 1159 2499 πάντως
1177 2468 1300 2503 μίμησιν.
1317 2467 1371 2502 Τὴν
1386 2466 1414 2492 δὲ
1429 2467 1482 2492 τῶν
1501 2467 1586 2501 ἁγίων
1601 2467 1730 2500 ἐξουσιῶν
1744 2469 1831 2503 ἐκφαν

1050 2513 1163 2549 τορικὴν
1178 2513 1326 2548 ὀνομασίαν
1341 2509 1419 2547 οἶμαι
1437 2511 1544 2546 δηλοῦν,
1565 2513 1626 2548 ἥτις
1640 2513 1699 2539 ἐστὶ
1715 2514 1762 2540 καὶ
1775 2513 1835 2548 69.0-

1050 2559 1137 2594 ταγὴς
1151 2558 1204 2585 τῶν
1220 2558 1427 2594 προρρηθέντων
1454 2557 1501 2585 δύο
1523 2558 1681 2593 ταγμάτων,
1697 2559 1747 2594 τὴν
1760 2559 1832 2585 εὐται

1051 2603 1110 2636 ξίαν
1124 2605 1174 2640 τὴν
1188 2604 1320 2639 εὔκοσμον
1335 2603 1382 2630 καὶ
1404 2602 1580 2639 ἀσύμφυρτον
1597 2605 1661 2639 περὶ
1688 2604 1736 2635 τὰς
1764 2604 1838 2636 θείας

1051 2649 1212 2685 ἐλλάμψεις·
1228 2649 1306 2676 τοῦτο
1326 2649 1381 2685 γάρ
1404 2651 1478 2677 ἐστιν
1498 2650 1562 2676 [διον
1581 2649 1632 2684 τῆς
1658 2649 1793 2682 ἐξουσίας,
1809 2650 1840 2676 τὸ

1051 2696 1120 2723 κατά
1139 2696 1214 2729 τάξιν
1228 2696 1263 2723 τὰ
1277 2697 1503 2731 παρεμπίπτοντα
1528 2696 1682 2726 διευοετεῐν,
1712 2696 1758 2722 καὶ
1777 2695 1839 2730 δίχα

1049 2742 1121 2773 τινος
1148 2741 1335 2776 περπερισμοῦ
1363 2742 1410 2769 καὶ
1439 2742 1629 2777 συμφύρσεως.
1663 2741 1738 2767 Ἐπεὶ
1752 2741 1838 2776 γὰρὴ

1050 2787 1160 2820 ἐξουσία
1177 2787 1290 2822 δύναμίς
1304 2788 1361 2814 ἐστι
1375 2787 1445 2814 κατὰ
1460 2787 1508 2822 τὴν
1522 2787 1622 2822 ἑαυτῆς
1647 2787 1838 2822 προσήκουσαν

1051 2833 1170 2868 θέλησιν,
1191 2833 1244 2866 (ἵνα
1258 2841 1284 2858 τι
1294 2833 1418 2865 ἀτάκτως
1431 2833 1478 2860 καὶ
1493 2832 1686 2867 συμφυρτιχῶς
1700 2832 1716 2867 ἢ
1732 2832 1798 2869 εἴπῃ
1819 2833 1835 2868 ἢ

1050 2879 1255 2917 διαπράξηταιὸ
1269 2878 1441 2913 ἐξουσιάζων,
1465 2879 1504 2910 εἰς
1517 2878 1532 2904 ὃ
1547 2877 1627 2915 μόνον
1651 2878 1766 2910 δύναται
1789 2881 1837 2908 καὶ
