1933 3075
147 141 204 166 249

392 138 437 168 DE
452 138 619 168 C(ELESTI
637 140 860 174 HiERARCHlA,
877 141 955 170 CAP.
972 141 1041 170 Vlll.
1059 157 1093 162 -—-
1109 141 1283 170 PARAPHB.
1303 121 1540 172 PACHYMERE.

1723 145 1776 173 259

147 195 309 228 ἐξουσιάζει,
325 196 371 223 καὶ
393 197 436 224 ὅτε
464 197 501 233 μὴ
526 199 714 234 παρεμπίπτει
737 200 835 232 ἔξωθέν
849 209 875 226 τι
890 200 930 236 τὴν

992 206 1020 228 ut
1033 201 1066 227 ad
1096 201 1179 228 Deum
1207 202 1336 229 virtutum
1365 209 1503 230 auctorem
1529 203 1615 230 valide
1642 211 1774 232 conversa

146 240 273 272 ἐξουσίαν
301 241 457 268 διακόπτον·
473 243 533 269 τότε
550 244 604 279 γὰρ
617 246 648 271 οὺ
666 246 713 272 τοῦ
736 245 936 277 ἐξουσιάζοντός

146 287 223 313 ἐστιν
240 288 257 322 ἡ
279 287 406 319 ἐξουσία,
430 288 497 314 ἀλλὰ
522 289 568 315 τοῦ
603 291 717 326 καιροῦ,
743 291 758 326 ἢ
785 291 864 325 τυχὸν
888 290 934 317 τοῦ

146 332 258 368 ἐχθροῦ,
272 333 287 368 ἢ
303 334 351 369 τῆς
365 334 462 370 λύπης,
479 335 494 371 ἢ
509 336 588 363 ἄλλου
609 337 690 372 τινός)
701 345 707 352 ·
723 336 800 363 τοῦτό
816 338 872 363 ἐστι
889 337 936 363 καὶ

146 378 195 404 ἐπὶ
209 379 263 404 τῶν
277 379 355 406 θείων
369 379 506 412 ἐξουσιῶν.
528 382 603 408 Ἐπεὶ
619 382 673 417 γὰρ
689 382 775 409 ταῦτα
786 382 873 408 πάντα
888 383 935 409 ἀλ-

145 423 242 460 λότρια
268 426 320 452 είσι
342 426 454 458 τούτων,
477 427 567 462 ἔχουσι
595 428 686 463 δὲτὴν
714 427 837 460 ἐξουσίαν
865 428 935 455 κατὰ

145 469 222 496 Θείαν
238 471 317 506 χάριν
331 471 422 508 ἁδιεχῆ
438 473 484 499 καὶ
507 473 662 505 ἀδιάκοπον,
693 473 871 508 ὑποδέχονται
888 474 935 500 καὶ

143 514 196 546 τὰς
211 515 285 548 θείας
301 516 446 552 ὲλλάμψεις
460 519 602 554 εὐκόσμως
616 519 663 545 καὶ
676 520 871 554 ἀσυμφύρτως,
888 520 935 546 καὶ

144 560 271 588 εὖτακτοί
282 563 333 588 εἰσι
348 563 416 598 πρὸς
442 563 490 599 τὴν
511 564 605 600 νοερὰν
625 565 671 591 καὶ
686 565 873 600 ὑπερκόσμιονς
885 565 935 591 αὑ-

143 612 335 648 τεξουσιάτητα
346 622 353 629 ·
367 614 410 640 ἀεὶ
425 613 478 649 γὰρ
493 615 659 648 αὑτεξούσιοί
672 617 736 648 είσι,
751 616 798 642 καὶ
821 616 852 642 οὐ
869 616 933 642 ποτὲ

145 657 196 692 μὲν
210 656 292 689 οὕτω,
308 658 373 684 ποτὲ
385 658 413 685 δὲ
427 659 522 691 ἄλλως.
545 661 621 687 Ἐπεὶ
634 661 663 687 δὲ
683 660 733 695 τῆς
753 660 887 694 ἐξουσίας.
901 661 933 687 τὸ

144 705 197 740 μέν
217 705 290 732 ἐστιν
315 705 456 741 ἔνθεσμον,
484 705 515 732 τὸ
536 705 564 732 δὲ
580 705 739 741 τυραννικὸν
763 706 932 741 (ἐπιφέρεται

142 751 199 786 γὰρ
213 752 229 786 ἡ
243 750 350 783 ἐξουσία
364 752 410 778 καὶ
423 751 472 787 τὴν
494 752 636 788 τυραννίδα
651 751 722 779 κατὰ
744 752 785 784 τὸ,
812 752 866 780 Τὸν
882 753 932 780 τύ-

137 805 256 832 ραννον
269 799 304 824 οὐ
317 797 421 831 ῥᾴδιον
446 799 581 825 εὐσεϐεῖν
607 798 627 834 ),
646 799 693 826 καὶ
707 799 750 825 ὅτε
767 799 814 833 μὲν
829 798 876 825 τοῦ
888 799 930 825 ὲν-

141 844 246 880 Οέσμου
269 845 358 880 ἔχεται
371 847 387 880 ὴ
410 845 519 878 ἐξουσία
532 865 539 878 ,
568 846 604 872 ἀκ
611 845 724 882 ράτητός
747 846 805 872 ἐστι
819 845 888 880 πρὸς
901 845 932 871 τὸ

986 247 1041 273 sit:
1062 247 1087 273 in
1101 251 1231 281 quantum
1254 256 1319 275 vero
1342 249 1424 275 etiam
1455 248 1597 276 inferiores
1612 251 1646 277 ab
1658 250 1708 278 hac
1724 252 1774 278 ba-

985 292 1052 320 bent
1064 292 1136 324 quod
1153 293 1268 320 virtutes
1281 294 1346 326 sint,
1360 295 1413 321 vim
1429 302 1504 321 suam
1519 295 1544 322 in
1556 295 1614 323 illas
1628 295 1728 329 trajicit
1742 304 1774 324 ac

985 338 1140 372 distribuit,
1170 339 1326 366 secundum
1355 339 1475 367 divinam
1506 347 1617 375 prorsus
1643 342 1772 369 imitatio-

985 393 1060 413 nem.
1075 385 1161 413 Porro
1192 393 1291 412 nomen
1318 391 1474 413 sanctarum
1501 392 1665 421 potestatum
1684 388 1772 415 deela-

985 431 1113 464 rativum,
1145 431 1278 459 existimo
1308 433 1465 467 signiﬁcare
1487 433 1610 460 ordinem
1635 435 1771 468 pra-dictis

985 477 1037 504 illis
1049 478 1155 504 duobus
1181 478 1325 511 mqualem,
1348 477 1416 504 bene
1438 478 1613 511 ordinatum,
1643 480 1774 508 decorum

992 523 1048 557 80
1064 527 1092 550 et
1107 523 1279 550 inconfusum
1313 524 1386 550 circa
1411 523 1518 551 divinas
1550 524 1769 551 illustratioues:

985 568 1124 602 proprium
1139 568 1213 594 enim
1232 569 1376 602 potestatis
1397 574 1452 601 est,
1469 576 1501 595 ea
1523 575 1583 603 quae
1606 569 1727 596 incidunt
1744 569 1770 595 in

983 614 1106 641 ordinem
1122 614 1251 647 dirigere,
1268 615 1347 649 idque
1362 615 1422 642 sine
1441 616 1597 643 temeritate
1620 622 1653 642 ac
1675 615 1771 642 confu—

983 660 1069 688 sione.
1085 660 1151 688 Cutn
1163 661 1236 688 enirn
1263 667 1384 696 potestas
1401 662 1488 689 virtus
1509 663 1546 689 sit
1559 662 1708 689 secundum
1725 669 1771 689 vo-

983 706 1115 734 luntatem
1130 707 1180 741 ipsi
1206 708 1420 735 convenientem
1445 707 1487 743 (ut
1502 708 1655 735 inordinate
1667 708 1731 742 quid
1743 712 1770 734 et

982 753 1095 781 confuse
1109 753 1152 780 vel
1168 754 1300 781 dicat'vel
1327 759 1391 789 agat
1414 755 1436 782 is
1449 755 1495 789 qui
1523 754 1652 789 praeditus
1666 758 1708 781 est
1722 761 1770 788 po-

982 801 1092 831 testate,
1117 799 1145 826 in
1174 800 1245 834 quod
1266 799 1355 827 solum
1384 804 1482 834 potens
1497 799 1534 826 sit
1556 804 1583 827 et
1606 804 1768 834 potestatem

982 843 1091 877 habeat,
1104 845 1184 879 idque
1199 846 1307 880 quando
1324 846 1393 873 nihil
1416 846 1514 873 incidit
1529 847 1698 874 extrinsecus
1715 847 1768 873 im-

141 892 260 926 ἀγαθόν·
276 893 320 919 ὅτε
333 892 362 919 δὲ
375 892 421 919 τοῦ
432 893 550 928 ἀθέσμου
565 894 612 920 καὶ
633 892 803 929 τυραννικοῦ,
818 894 850 928 τῇ
868 900 930 926 σφε-

983 889 1092 922 pediens
1107 895 1286 924 potestatem;
1312 896 1378 918 tunc
1400 892 1494 925 utique
1516 899 1570 918 non
1591 895 1633 918 est
1648 895 1769 926 potestas

139 939 210 974 τέρεα⁵
223 938 334 974 δυνάμει
344 938 412 974 πρὸς
425 938 460 965 τὰ
479 939 563 974 χείρω
585 939 771 974 ἀποκέχρηται
783 947 790 954 ⁸
811 939 926 965 ποιεῖται

140 984 259 1011 ἐνταῦθα
273 985 322 1020 τὴν
345 985 476 1020 διαίρεσιν
496 985 545 1020 τῆς
559 984 682 1018 ἐξουσίας
693 987 706 1012 ὁ
722 986 807 1019 ἅγιος,
824 985 870 1011 καὶ
883 984 922 1011 λέ-

139 1039 196 1064 γει,
213 1031 253 1056 ὅτι
269 1031 299 1057 οὺ
312 1030 479 1066 τυραννικῶς
493 1031 539 1057 ἐπὶ
557 1031 591 1057 τὰ
606 1031 689 1067 χείρω
704 1032 764 1063 ταῖς
781 1030 928 1066 δυνάμεσιν

139 1076 343 1111 ἁποκέχρηνται
365 1076 394 1101 αἱ
420 1075 495 1110 ἅγιαι
520 1076 650 1108 ἐξουσίαι,
679 1076 746 1102 ἀλλὰ
761 1076 807 1102 ἐπὶ
822 1076 855 1102 τὰ
870 1076 928 1103 θεῖα

139 1121 313 1157 ἁκρατήτως,
328 1121 396 1157 ὅπερ
411 1121 484 1147 ἐστὶν
499 1120 563 1148 ῐδιον
578 1121 628 1157 τῆς
643 1121 766 1154 ἐξουσίας
782 1122 840 1156 μετ’
854 1120 929 1147 εὐτα-

140 1170 211 1203 ξίας,
222 1171 236 1198 ὃ
250 1172 296 1198 καὶ
310 1171 375 1198 αὐτὸ
393 1171 439 1198 τοῦ
463 1171 595 1207 ὲνθὲσμου
610 1172 660 1207 τῆς
675 1171 807 1204 ἐξουσίας.
822 1171 868 1207 Μὴ
883 1171 930 1207 μό-

138 1226 186 1244 νον
200 1215 279 1244 αὖται
301 1217 457 1251 ἀνάγονται,
484 1218 551 1244 ἀλλὰ
565 1218 612 1245 καὶ
639 1217 673 1244 τὰ
690 1219 748 1253 μετ’
772 1216 856 1248 αὐτὰς
882 1217 930 1243 άν-

139 1263 253 1297 άγουσιν
268 1264 430 1298 ἀγαθοειδῶς
446 1265 505 1299 (οὐκ
525 1264 583 1290 ἐστι
597 1263 651 1300 γὰρ
666 1263 771 1299 φθόνος,
799 1264 858 1290 οὐδὲ
872 1263 930 1298 γλι-

139 1310 260 1345 σχρότης
270 1319 320 1342 τις,
336 1310 395 1337 οὐδὲ
410 1310 536 1345 φειδωλία
545 1310 584 1345 τῷ
602 1310 722 1346 ἀγαθῷι)
736 1311 782 1337 καὶ
800 1310 868 1346 πρὸς
881 1310 930 1346 τὴν

138 1356 230 1383 αἰτίαν
256 1357 360 1388 αὐτῶν,
390 1357 424 1392 ἢν
448 1357 495 1383 καὶ⁴
522 1356 703 1389 ἐξουσιοποιὺν
727 1356 774 1383 καὶ
792 1356 931 1393 ὲξουσιαρ-

137 1402 203 1438 χίαν
230 1402 310 1438 φησί,
338 1402 378 1438 (τὺ
396 1403 454 1438 μὲν,
476 1403 514 1434 ὡς
527 1402 576 1434 τὰς
592 1402 715 1435 ἐξουσίας
728 1403 932 1438 δημιουργήσα-

138 1455 191 1472 σαν
214 1447 261 1473 καὶ
287 1448 450 1482 ποιήσασαν,
466 1447 496 1473 τὺ
506 1447 543 1479 δὲ,
560 1448 598 1479 ὡς
611 1447 665 1474 τῶν
692 1447 820 1480 ἐξουσιῶν
835 1448 932 1483 ἄρχου-

138 1490 213 1525 σαν,)
227 1491 428 1526 ἀφομοιοῦνται,
439 1492 477 1524 ὡς
491 1492 611 1527 Θεμιτόν.
624 1492 708 1519 Τοῦτο
722 1492 777 1528 γάρ
795 1493 868 1519 ἐστιν
883 1493 932 1520 αὐ-

136 1538 198 1568 ταῖς
212 1538 229 1571 ή
240 1537 385 1570 τελείωσις,
402 1539 418 1573 ἡ
435 1538 504 1565 κατὰ
518 1538 548 1564 τὸ
559 1538 667 1573 ὲφικτὺν
683 1538 849 1574 ἀφομοίωσις
858 1547 864 1553 ·
882 1538 930 1565 καὶ

136 1585 241 1620 ταύτην
255 1585 302 1620 τὴν
313 1585 387 1613 Θείαν
401 1586 579 1622 ἀφομοίωσιν,
595 1586 686 1618 καθὼς
700 1586 739 1613 ἔνι
755 1587 783 1613 ὲν
799 1588 856 1618 τοῖς
881 1587 929 1620 ἀγ-

136 1630 241 1664 γέλυις,
267 1631 471 1666 ἁναλάμπουσιν
499 1632 527 1658 ὲν
555 1633 615 1664 ταῖς
638 1632 708 1658 κατὰ
727 1631 828 1663 ταύτας
851 1632 929 1658 εὐκό-

138 1683 220 1711 σμοις
234 1676 325 1708 τάξεσι
339 1677 389 1712 τῆς
403 1676 609 1712 ὲξουσιαστικῆς
637 1677 786 1712 δυνάμεως,
810 1677 929 1712 δηλονότι

136 1723 167 1748 ὲν
176 1724 236 1754 ταῖς
253 1722 381 1758 δυνάμεσι
401 1724 447 1750 καὶ
470 1724 498 1749 ὲν
513 1725 572 1755 ταῖς
593 1723 762 1759 κυριότησιν·
780 1721 929 1759 αὗταιγὰρ

136 1770 208 1795 εἰσιν
224 1769 252 1795 αἱ
276 1770 336 1795 κατ’
359 1769 445 1801 αὑτὰς
467 1770 517 1801 τὰς
538 1768 637 1801 τάξεις.
655 1770 686 1796 Εἰ
703 1769 757 1804 γὰρ
780 1770 930 1804 μιμνησκό-

139 1812 222 1848 μεθα,
241 1812 369 1848 ἐλέγομεν
379 1813 543 1849 ἔμπροσθεν,
558 1814 598 1840 ὅτι
613 1813 648 1840 τὰ
662 1814 744 1840 πᾶσιν
760 1814 928 1848 ὑπάρχοντα,

137 1859 213 1890 ἰδίως
225 1859 330 1894 ἑκάστῳ
345 1860 391 1885 ἐπὶ
407 1859 487 1886 πλέον
509 1859 717 1895 ἀπονενέμηται,
741 1859 785 1886 ἵνα
807 1859 929 1886 ἐντεῦθεν

135 1905 173 1930 τὰ.
187 1904 237 1940 τῆς
251 1905 354 1937 τάξεως
374 1905 626 1940 διαφυλαχθήσηται
638 1913 645 1919 ·
665 1905 744 1932 τοῦτο
758 1906 812 1941 γὰρ
828 1906 928 1941 σημαί-

136 1960 179 1978 νει
206 1951 253 1978 καὶ
266 1952 297 1978 τὸ
317 1952 564 1986 ἀνανῑαμπούσης.
589 1952 624 1978 Ἥ
639 1952 686 1978 καὶ
713 1952 800 1983 ἄλλως
813 1952 844 1978 τὸ
858 1953 931 1979 ἀνακ-

135 1998 327 2031 λαμπούσης,
343 1997 387 2024 διὰ
400 1997 448 2033 τὴν
462 1996 508 2024 τοῦ
529 1998 617 2032 φωτὸς
641 1997 772 2032 ἰδιότητα·
790 1998 930 2033 ἀνωφερὲς

136 2043 194 2078 γὰρ
208 2043 238 2070 τὸ
249 2043 316 2078 φῶς,
345 2044 368 2070 εί
397 2044 443 2070 καὶ
455 2045 471 2079 ἡ
487 2043 583 2070 τούτου
609 2043 741 2079 ἐλλαμψις
768 2045 816 2070 καὶ
830 2045 859 2071 ὲν
873 2046 930 2076 τοῖς

136 2088 214 2116 κάτω
227 2089 338 2122 γίνεται.
360 2088 510 2124 Πληρώσας
524 2089 573 2121 τὰς
594 2088 718 2121 θεοειδεῖς
735 2089 867 2124 ἰδιότητας
880 2090 930 2124 τῆς

139 2131 228 2167 μέσης
250 2131 466 2166 διακοσμήσεως,
497 2132 615 2166 μέτεισιν
640 2132 686 2158 ἐπὶ
715 2132 763 2167 τὴν
789 2132 930 2168 ἱεραρχίαν

137 2176 239 2208 αὐτῶν,
254 2176 301 2213 τὴν
315 2176 458 2213 κάθαρσιν,
473 2177 518 2204 τὸν
534 2177 682 2212 φωτισμὸν,
705 2177 754 2213 τὴν
778 2177 927 2206 τελείωσιν.

977 935 1028 963 ista
1044 941 1206 970 potestatem
1232 937 1366 968 habentis,
1394 938 1444 965 sed
1467 936 1614 971 temporis,
1630 938 1672 963 vel
1688 936 1758 964 forte

978 981 1091 1014 inimici,
1105 982 1147 1009 vel
1161 982 1276 1009 tristitia:
1290 983 1331 1010 vel
1343 982 1457 1016 alicujus
1468 983 1604 1017 alterius),
1614 985 1665 1010 hoc
1681 984 1706 1010 in
1715 991 1763 1018 po-

979 1029 1122 1055 testatibus
1137 1029 1220 1056 etiam
1248 1029 1349 1056 divinis
1378 1029 1467 1056 locum
1497 1029 1588 1056 habet.
1605 1029 1672 1056 Cum
1692 1030 1764 1056 enim

979 1075 1038 1101 haec
1052 1075 1142 1101 omnia
1158 1075 1192 1102 ab
1204 1075 1272 1109 ipsis
1287 1075 1377 1102 aliena
1390 1076 1458 1108 sint,
1483 1075 1601 1102 habeant
1615 1081 1704 1103 autem
1721 1083 1768 1111 po-

980 1123 1105 1147 testatem
1127 1127 1142 1146 a
1159 1120 1251 1147 divina
1277 1121 1365 1156 gratia
1395 1121 1540 1148 indivisam
1564 1126 1646 1156 atque
1672 1122 1767 1148 indeli-

979 1165 1107 1198 cientem,
1137 1166 1244 1193 divinas
1272 1167 1356 1193 etiam
1380 1166 1578 1194 illustrationes
1602 1167 1727 1195 ordinate
1739 1174 1767 1194 et

981 1210 1126 1239 inconfuse
1142 1212 1290 1246 recipiunt,
1306 1220 1337 1240 ac
1349 1212 1420 1240 bene
1445 1213 1572 1247 dispositi
1593 1218 1656 1241 sunt
1669 1213 1702 1240 ad
1714 1214 1767 1248 spi-

980 1257 1088 1285 ritalem
1114 1262 1141 1285 et
1177 1259 1425 1293 supermundialem
1455 1259 1561 1286 arbitrii
1586 1259 1765 1292 libertatem;

979 1303 1106 1338 quoniam
1129 1310 1237 1339 semper
1261 1304 1366 1331 arbitrii
1395 1304 1437 1332 sui
1456 1309 1620 1338 potestatem
1653 1306 1765 1338 habent,

980 1356 1031 1376 nec
1055 1349 1134 1377 modo
1160 1350 1270 1384 quidem
1291 1351 1344 1382 sic,
1373 1350 1453 1377 modo
1484 1357 1549 1377 vero
1563 1351 1644 1378 aliter
1676 1351 1765 1378 allecti

980 1399 1052 1423 sunt.
1072 1395 1139 1422 Cum
1160 1400 1250 1423 autent
1279 1401 1401 1430 potestas
1421 1396 1476 1423 alia
1505 1396 1615 1431 quidem
1644 1396 1765 1431 legitima

981 1441 1026 1472 sit.
1041 1441 1094 1468 alia
1109 1448 1173 1468 vero
1190 1441 1331 1476 tyrannica
1346 1441 1441 1476 (infert
1452 1442 1525 1468 enim
1548 1445 1668 1476 potestas
1682 1444 1765 1470 etiam

983 1488 1151 1523 tyrannidem
1167 1508 1175 1521 ,
1194 1488 1272 1523 juxta
1293 1488 1359 1515 illud
1375 1484 1395 1520 ,’
1417 1485 1571 1519 Tyrannum
1601 1495 1652 1514 non
1687 1488 1767 1522 facile

980 1540 1018 1560 est
1043 1532 1160 1567 colere),
1188 1537 1216 1560 et
1234 1533 1342 1568 quando
1368 1533 1478 1567 quidem
1505 1532 1625 1567 legitima
1645 1537 1766 1565 potestas

981 1578 1141 1610 obtinelur,
1166 1578 1265 1607 invicta
1289 1583 1332 1606 est
1353 1579 1386 1605 ad
1408 1579 1527 1612 bonum;
1551 1579 1660 1613 quando
1671 1583 1763 1605 autent

980 1625 1120 1660 illegitima
1133 1629 1160 1652 et
1180 1626 1334 1660 tyrannica,
1363 1629 1428 1651 tunc
1446 1625 1556 1659 propria
1573 1625 1600 1652 vi
1615 1624 1648 1651 ad
1664 1624 1764 1651 malum

979 1669 1104 1697 abutitur
1121 1669 1208 1697 :facit
1232 1669 1276 1696 hic
1300 1673 1414 1696 sanctus
1428 1669 1591 1696 divisionem
1609 1670 1765 1704 potestatis,

980 1723 1011 1742 ac
1026 1715 1103 1747 dicit,
1126 1716 1242 1743 virtutes
1267 1721 1376 1743 sanctas
1399 1724 1453 1743 non
1474 1716 1618 1751 tyrannice
1632 1717 1666 1743 ad
1694 1717 1764 1744 ntala

979 1761 1124 1788 virtutibus
1139 1762 1225 1794 abuti,
1249 1761 1296 1789 sed
1311 1762 1403 1788 animo
1427 1763 1529 1790 invicto
1541 1761 1575 1788 ad
1591 1762 1681 1788 divina
1703 1766 1764 1788 ten-

980 1806 1045 1833 dere
1060 1815 1067 1838 ;
1081 1807 1153 1841 quod
1169 1811 1211 1833 est
1228 1806 1368 1841 proprium
1382 1807 1528 1841 potestatis
1540 1808 1609 1834 bene
1621 1807 1763 1838 Ordinat‘e,

980 1856 1062 1885 atque
1073 1852 1140 1879 adeo
1159 1853 1241 1880 etiam
1268 1853 1408 1888 legitimae.
1424 1852 1517 1888 Neque
1530 1858 1635 1880 tantum
1650 1853 1714 1887 ipsa:
1730 1853 1766 1879 ad

981 1907 1096 1934 superna
1111 1904 1266 1932 transeunt,
1279 1908 1371 1928 verum
1388 1901 1468 1927 etiam
1481 1900 1611 1927 inferiora
1627 1908 1676 1927 stta
1688 1900 1765 1926 boni-

980 1943 1106 1971 l'ortniter
1118 1945 1255 1972 adducunt
1266 1946 1332 1980 (non
1352 1945 1426 1972 enirn
1443 1949 1484 1972 est
1497 1945 1612 1977 invidia,
1627 1952 1714 1979 neque
1725 1949 1766 1972 te-

981 1990 1097 2022 nacitas,
1120 1997 1208 2024 neque
1221 1990 1388 2024 parcimonia
1403 1990 1500 2025 bono),
1517 1995 1547 2017 et
1560 1991 1595 2017 ad
1614 1990 1765 2018 Auctorem

980 2043 1070 2069 suum,
1081 2044 1161 2071 quem
1184 2037 1373 2072 potentiﬁcum
1385 2042 1413 2064 et
1425 2037 1552 2072 potentiae
1579 2037 1763 2072 principatum

980 2087 1061 2109 vocat
1082 2082 1158 2118 (illud
1185 2083 1308 2118 quidem,
1334 2085 1463 2118 quoniam
1476 2087 1629 2118 potestates
1641 2085 1765 2112 condidit

980 2136 1011 2156 ac
1021 2130 1144 2163 creavit;
1159 2130 1211 2158 hoc
1235 2137 1311 2162 vero,
1329 2130 1392 2165 quia
1403 2135 1551 2164 potestates
1567 2131 1660 2166 regit),
1673 2139 1762 2165 quan-

981 2179 1037 2202 tum
1053 2175 1095 2202 l‘as
1108 2181 1160 2207 est,
1175 2176 1374 2203 assimilantur.
1402 2176 1542 2212 Siquidem
1564 2177 1683 2212 ipsa'rum
1701 2185 1766 2212 per-

136 2222 305 2257 Καοαίρεται
318 2223 416 2255 τοίνυν,
441 2224 487 2250 καὶ
502 2223 656 2258 φωτίζεται,
673 2223 720 2250 καὶ
735 2223 929 2259 τελεσιουργεῖ-

981 2221 1062 2249 fectio
1083 2226 1125 2248 est
1151 2221 1210 2253 Dei,
1241 2227 1342 2255 quanta
1367 2221 1425 2249 fieri
1446 2227 1548 2256 potest,
1576 2222 1758 2250 assimilatio:

136 2276 184 2294 ται
197 2267 257 2294 καθ’
276 2268 305 2295 ὃν
320 2269 426 2304 εἴρηται
439 2269 538 2304 τρόπον
556 2270 603 2296 ἐπὶ
617 2271 649 2305 τῇ
661 2269 759 2305 πρώτῃ·
780 2270 927 2306 διακοσμή-

981 2268 1106 2301 hancque
1130 2266 1249 2293 divinam
1282 2267 1520 2301 assimilationem,
1546 2273 1677 2303 qttantum
1699 2268 1764 2295 licet

138 2321 192 2344 σει,
204 2314 244 2340 ὅτι
259 2314 372 2349 κάκείνη
387 2315 434 2341 καὶ
447 2314 516 2350 αὕτη
530 2315 582 2341 ὑπὸ
597 2315 651 2341 τῶν
660 2315 812 2351 θεαρχικῶν
828 2315 928 2350 ἐλλάμ-

981 2311 1094 2347 angelis,
1110 2313 1263 2339 accendunt
1284 2313 1310 2339 in
1336 2313 1393 2340 suis
1413 2314 1595 2341 ornatissimis
1621 2315 1763 2342 ordinibus

136 2357 222 2392 ψεων,
237 2358 306 2394 πλὴν
321 2358 391 2393 αὕτη
410 2358 544 2394 δευτέρως
558 2359 602 2386 διὰ
616 2360 665 2395 τῆς
680 2359 806 2395 πρώτης·
817 2360 862 2386 διὰ
875 2360 929 2396 γὰρ

981 2358 1149 2393 potestativaa
1164 2358 1284 2391 virtutis,
1302 2359 1407 2386 scilicet
1428 2360 1454 2386 in
1469 2361 1615 2388 virtutibus
1628 2366 1656 2388 et
1670 2362 1760 2389 domi—

139 2403 227 2439 μέσης
241 2405 346 2440 ἐκείνης
359 2405 409 2440 τῆς
422 2405 609 2441 πρωτοφανῶς
633 2406 746 2441 ἐχούσης
761 2407 809 2438 τὰς
823 2406 930 2433 τελειώ-

982 2403 1138 2431 nationibus
1155 2412 1162 2431 :
1179 2404 1220 2431 lia:
1236 2404 1309 2431 enim
1339 2409 1402 2432 sunt
1424 2406 1530 2434 ordinis
1554 2407 1675 2441 ejusdem
1701 2414 1765 2437 cum

138 2457 207 2481 σεις,
222 2449 423 2486 δευτεροφανῶς
440 2452 468 2478 αἱ
480 2451 626 2486 ἐλλάμψεις
639 2451 892 2488 διαπορθμεύονται.

981 2450 1026 2478 iis.
1052 2449 1192 2484 Siquidem
1214 2454 1289 2477 recte
1315 2451 1499 2484 tttemittimus,
1526 2452 1643 2480 diximus
1670 2457 1761 2483 antea,

136 2495 270 2529 quidquid
297 2496 443 2522 universim
464 2497 574 2528 accidit,
597 2497 709 2524 cuilibet
739 2502 768 2524 ut
791 2497 936 2532 plurimum
966 2496 1116 2524 secundum
1143 2496 1251 2523 modum
1279 2497 1419 2531 proprium
1445 2497 1582 2531 distribui,
1607 2502 1637 2524 ut
1659 2497 1700 2524 sic
1730 2506 1764 2527 ea

136 2548 199 2576 quae
225 2545 288 2567 sunt
316 2542 418 2569 ordinis
444 2547 610 2576 serventur;
631 2543 683 2571 hoc
710 2543 783 2570 enim
810 2549 921 2578 propter
952 2543 1022 2571 lucis
1049 2543 1247 2578 proprietatem
1274 2544 1410 2576 significat
1434 2544 1516 2571 etiam
1551 2551 1604 2570 vox
1632 2543 1762 2573 accendit.
1789 2544 1790 2548 ‘

138 2584 187 2612 V'el
202 2584 284 2611 etiam
301 2584 382 2612 aliter
411 2586 540 2619 accendit,
571 2592 683 2622 propter
701 2587 770 2616 lucis
797 2589 1016 2623 proprietatem:
1055 2588 1101 2615 lux
1128 2589 1200 2616 enim
1224 2596 1332 2616 sursum
1362 2589 1460 2621 fertur,
1491 2591 1596 2617 tametsi
1620 2589 1673 2625 81
1705 2590 1764 2623 ejus

137 2630 285 2659 illustratio
310 2632 436 2658 deorsum
461 2632 542 2660 etiam
561 2634 618 2661 ttat.
647 2634 827 2662 Deiformibus
860 2635 1072 2669 proprietatibus
1104 2635 1200 2662 mediae
1242 2635 1445 2663 distributionis
1470 2636 1624 2668 absolutis,
1657 2635 1759 2665 transit

137 2677 172 2703 ad
199 2685 294 2704 earum
313 2677 509 2711 bierarchiam,
533 2679 561 2706 id
591 2685 643 2712 est,
665 2681 871 2714 expiationem,
898 2679 1124 2707 illuminationcm
1155 2684 1182 2707 et
1207 2679 1414 2714 perfectionem.
1451 2680 1581 2715 Expiatur
1609 2680 1711 2714 itaque,
1735 2684 1762 2706 et

137 2723 312 2752 illuminatur
337 2731 419 2760 atque
436 2726 576 2761 perﬁcitur
592 2735 625 2755 eo
648 2728 729 2756 modo
747 2736 801 2763 quo
821 2728 924 2755 dictutn
941 2733 984 2755 est
1005 2727 1031 2754 in
1046 2728 1132 2762 prima
1144 2728 1346 2760 distributione.
1375 2729 1504 2762 quoniam
1527 2733 1581 2756 tam
1614 2728 1658 2754 illa
1681 2735 1764 2761 quant

137 2773 196 2800 hinc
213 2772 263 2800 sub
284 2772 384 2800 divinis
407 2778 450 2800 est
475 2773 716 2808 illustrationibus,
744 2782 839 2802 verum
866 2775 924 2802 liam
942 2776 1061 2802 secundo
1076 2776 1138 2803 loco
1154 2783 1203 2810 per
1225 2775 1339 2811 primam
1357 2783 1365 2802 :
1383 2775 1427 2802 illa
1446 2776 1518 2802 enim
1547 2774 1682 2801 mediante
1703 2781 1764 2808 quae

138 2819 225 2853 prima
240 2817 301 2844 luce
323 2818 474 2852 perficitur,
498 2821 625 2847 secunda:
647 2820 841 2848 illustrationis
858 2821 927 2848 radii
947 2821 1132 2856 trajicinntur.

173 2863 187 2900 §
207 2865 240 2891 ll.
262 2863 311 2891 Διὰ
325 2864 402 2892 τοῦτο
417 2865 464 2901 τὴν
484 2865 567 2903 ἀκοὴν
589 2865 638 2903 τὴν
651 2866 684 2894 δι’
699 2866 779 2895 ἄλλου
793 2868 833 2900 εις
846 2867 923 2896 ἄλλον

1012 2868 1027 2906 §
1045 2868 1074 2895 ll.
1096 2867 1188 2903 Itaque
1206 2868 1341 2902 notitiam,
1359 2874 1420 2907 qum
1446 2874 1462 2896 α
1483 2866 1625 2900 Zacharia,
1653 2869 1680 2893 et
1707 2864 1761 2895 ων
