1933 3075
176 144 227 172 951

743 141 772 170 S.
793 140 944 170 DlONYSll
963 140 1196 171 AREOPAGITE

1760 145 1823 176 252.

177 201 259 234 uiele,
274 203 302 228 et
321 199 464 227 Ezechiele
492 198 644 234 prophetis,
667 206 716 234 per
733 198 816 226 alium
833 199 867 226 ad
883 198 966 226 alium

1019 197 1134 231 ἄγγελον
1144 196 1556 234 λεγομένην”διαπορθμεύεσθαι
1572 199 1648 235 παρά
1662 208 1692 227 τε
1705 200 1744 236 τῷ
1758 202 1813 229 Ζα-

177 251 302 286 augclum
314 249 450 277 transfusa
467 249 577 282 dicitur,
589 249 742 284 exemplum
759 249 892 277 faciamus
908 258 971 286 per-

177 298 301 326 fectionis
312 305 375 333 quae
392 297 500 324 eminus
514 302 672 332 procurata.
692 304 841 332 progressu
858 305 890 324 ac
907 305 970 332 pro-

177 345 283 373 fusione
298 344 469 372 subobscure
485 343 518 370 ad
542 342 688 370 inferiores
705 344 840 378 pervenit.
865 343 971 371 Obscu-

177 399 236 419 ram
254 396 344 418 autem
361 391 560 425 perfectionem
592 391 673 422 dixit,
701 398 755 418 non
780 397 895 425 propter
907 398 970 426 pro-

176 439 264 473 priam
282 438 340 471 ejus
352 437 555 470 remissionem,
570 437 617 464 sed
630 442 741 471 propter
753 437 969 465 imbecillitatem

177 485 370 520 recipientiqu
390 494 396 512 :
413 484 463 511 hoc
489 485 561 511 enim
599 484 750 518 signiﬁcat,
780 485 902 512 vocando
927 492 970 512 se-

177 532 279 560 cumlas
299 536 394 566 partes
422 529 594 561 initiatiouis,
613 529 638 557 id
653 534 695 557 est
709 530 851 557 obscurius
867 526 970 558 initiari

177 578 308 606 secunda.
333 577 486 604 Verborum
513 583 625 604 suorum
653 576 808 610 exemplum
836 576 917 603 sumit
934 577 969 603 ab

177 625 212 652 iis
227 631 287 658 qum
311 623 383 658 apud
413 623 535 650 homines
566 626 629 649 sunt
647 622 859 655 initiationibus,
888 623 968 657 idque

178 678 232 698 non
254 677 267 696 a
282 669 441 702 semetipso.
458 668 504 695 sed
518 669 552 695 ab
571 669 694 704 ipsismet
709 676 851 697 sacrorum
870 669 968 703 peritis

177 716 364 744 iuitiatoribus
387 716 497 743 nostris.
525 715 758 749 Quemadmodum
787 716 860 743 enim
877 716 913 743 illi
929 717 969 744 di-

177 765 254 794 cunt,
273 769 320 796 per
334 769 364 788 se
388 766 552 795 apparentes
581 761 765 796 plenitudiues
793 767 875 796 atque
905 762 967 789 illu-

179 808 328 836 strationes
342 808 428 843 (juxta
448 808 523 840 illud,
549 807 588 834 De
613 807 776 842 plenitudine
798 808 855 842 ejus
878 816 968 835 omnes

177 855 324 889 accepimus
331 856 367 889 ν)
381 854 559 888 perfectiores
572 855 674 882 esseiis
688 862 748 889 qua:
760 863 808 890 per
818 855 886 883 alias
897 855 966 882 divi-

178 908 228 927 uas
241 900 465 935 participatiories
478 901 644 928 hauriuntur
663 901 772 936 (initiati
797 901 882 934 enim,
898 903 965 935 sive,

178 953 209 975 ut
228 949 268 975 sic
282 948 381 980 dicam,
393 948 505 982 perfecti
530 952 594 975 sunt
615 948 699 975 divini
711 948 826 982 apostoli
844 950 877 976 ab
895 949 966 983 ipso-

178 993 390 1021 metSalvatore
418 999 511 1021 nostro
535 993 598 1020 Jesu
622 994 731 1022 Christo
755 1002 787 1022 ac
813 994 879 1026 Deo,
895 995 965 1021 vela

179 1045 274 1067 sancto
305 1039 467 1074 viviﬁcoqne
494 1040 598 1076 Spiritu
626 1044 747 1075 tempore
767 1039 963 1072 Pentecostes;

178 1086 329 1113 consecrati
346 1087 426 1113 etiam
439 1090 502 1113 sunt
518 1086 617 1113 summi
640 1086 798 1114 sacerdotes
818 1092 866 1121 per
881 1087 965 1120 ipsos,

178 1137 298 1160 attamen
311 1132 457 1167 perfectior
468 1134 580 1161 omnino
596 1137 637 1160 est
653 1140 748 1160 eorum
764 1133 963 1168 consocratio):

178 1180 417 1214 quemadmodum,
437 1181 559 1215 inquam,
576 1181 621 1215 qui
643 1181 668 1207 iu
684 1181 782 1208 divinis
800 1180 965 1208 excellentes

178 1231 252 1259 sunt,
274 1227 307 1254 de
334 1227 377 1254 his
401 1227 478 1254 aiunt
495 1236 501 1259 ;
521 1227 558 1253 ita
572 1227 654 1254 etiam
670 1227 799 1254 existimo
816 1228 887 1254 hunc
903 1234 966 1253 san-

178 1278 252 1300 ctum
274 1273 378 1305 dicere,
395 1273 580 1300 immediatam
610 1274 851 1308 participationem
870 1273 965 1306 prima:

178 1319 379 1347 distributionis
402 1320 598 1353 eyidentiorem
629 1327 690 1347 esse
702 1327 733 1347 ea
760 1328 820 1355 qua:
841 1320 965 1346 median-

179 1362 251 1389 tibus
266 1363 327 1390 aliis
343 1362 495 1390 confertur.
527 1363 631 1391 Idcirco
656 1365 736 1392 etiam
753 1373 786 1391 ex
802 1364 965 1392 sacerdotali

178 1409 325 1436 traditione
351 1409 495 1443 habemus,
522 1411 626 1445 primos
637 1411 810 1446 sequentium
831 1411 966 1446 perfecto-

178 1463 233 1488 res,
253 1460 281 1482 et
304 1455 514 1488 illuminatores,
535 1461 563 1483 et
584 1457 738 1491 expiatores
763 1458 909 1492 nominari,
936 1463 966 1485 ut

178 1502 223 1536 qui
239 1502 272 1529 ab
287 1502 327 1529 eis
341 1503 512 1530 adducantur
527 1503 561 1530 ad
577 1504 698 1530 omnium
723 1504 900 1539 principium,
921 1505 963 1533 di-

178 1551 311 1586 vinasque
327 1551 491 1586 participent
506 1553 686 1587 expiationes,
711 1551 923 1581 illuminationes
936 1562 968 1582 ac
981 1573 1002 1602 α

178 1598 401 1625 consecrationes
416 1607 423 1625 :
440 1599 574 1634 siquidem
591 1600 642 1626 hoc
654 1607 668 1625 a
686 1599 740 1626 Deo
759 1600 860 1628 divinis
883 1601 966 1628 etiam

178 1643 321 1671 ordinibus
334 1643 392 1679 lege
405 1648 536 1672 statutum
562 1649 615 1677 est,
640 1650 669 1672 ut
681 1653 742 1680 quae
755 1646 875 1672 secunda
891 1651 966 1678 sunt,

178 1698 227 1726 per
242 1691 328 1726 prima
344 1692 451 1720 divinas
467 1692 630 1728 participent
645 1693 860 1720 illuminatioues
877 1701 884 1719 :
900 1692 967 1719 ordo

177 1737 251 1765 enim
268 1743 322 1764 tam
339 1739 461 1766 coelestia
486 1747 567 1773 quam
596 1739 737 1767 terrestria
751 1740 882 1766 continet.
900 1739 967 1766 Ser-

179 1791 287 1811 moueut
304 1793 391 1816 suum,
408 1786 480 1820 quod
496 1786 616 1813 secunda
641 1786 696 1821 82
718 1785 898 1813 mediautibus
913 1786 968 1820 pri-

179 1831 232 1857 mis
244 1830 424 1864 illustrentur,
444 1832 589 1859 confirmat
603 1840 617 1858 a
636 1833 736 1859 divinis
749 1832 890 1866 sacriSque
905 1839 968 1866 pro-

179 1877 280 1912 phetis,
300 1884 410 1913 quoset
431 1878 572 1914 theologos
599 1884 691 1912 vocat,
714 1883 743 1905 ut
763 1879 807 1913 qni
826 1885 967 1905 sermones

180 1925 226 1953 Dei
244 1926 321 1953 nobis
337 1926 586 1961 aununtiant.;lloc
601 1928 706 1961 utique,
721 1926 817 1959 inquit,
833 1933 848 1952 a
863 1925 966 1953 theolo-

179 1973 221 2007 gis
247 1980 405 2008 expressum
434 1973 567 2007 reperias,
585 1980 617 2000 ac
638 1973 755 2007 primum
775 1980 790 1999 a
806 1971 939 1999 Zaeliaria
958 1980 966 1999 :

179 2027 241 2046 cum
257 2019 330 2047 ettim
350 2019 397 2046 Dei
417 2019 561 2046 cletnentia
585 2019 660 2053 (nam
678 2018 725 2045 Dei
742 2019 848 2053 punitio
860 2025 968 2052 quoque

179 2065 323 2093 clementia
343 2070 394 2096 est.
410 2065 490 2099 juxta
517 2065 593 2096 illud,
609 2069 722 2099 paterna
735 2065 816 2092 etiam
832 2064 967 2091 correctio

180 2110 336 2145 benignitas
356 2112 465 2138 exsistit
482 2120 488 2144 ;
506 2111 633 2145 quoniam
649 2111 736 2137 instar
756 2110 842 2144 patris
857 2110 968 2137 deduxit

181 2162 214 2181 ac
229 2154 328 2181 direxit
346 2153 440 2187 Israel,
462 2154 624 2189 quandoque
649 2155 756 2188 quidem
775 2154 967 2189 promissioni-

182 2201 233 2228 btts
248 2201 392 2234 bonorum,
408 2202 572 2236 quandoque
584 2209 650 2228 vero
664 2201 745 2227 minis
760 2209 792 2228 ac
801 2201 965 2237 suppliciis),

1022 242 1117 278 χαρίᾳ,
1133 243 1191 271 ,καὶ
1218 243 1327 279 Δανιὴλ,
1351 244 1399 270 καὶ
1422 244 1549 280 Ίεξεκιὴλ
1573 247 1630 277 τοῖς
1647 247 1812 282 προφήταις,

1023 289 1157 324 σύμϐολον
1172 290 1339 325 ποιησόμεθα
1362 290 1413 325 τῆς
1433 291 1573 326 πόρρωθεν
1592 292 1812 329 ἐπιτελουμένης,

1022 335 1069 361 καὶ
1083 334 1127 361 διὰ
1137 335 1224 370 μέσης
1232 335 1329 370 ἐτέρας
1342 335 1446 368 τάξεως
1455 336 1629 369 τελειώσεως,
1647 338 1696 370 τῆς
1708 338 1752 365 διὰ
1763 339 1813 376 τὴν

1022 379 1134 415 πρόοδον
1148 379 1198 415 τὴν
1226 381 1265 411 είς
1292 380 1454 416 δευτέρωσιν
1479 382 1696 418 ἀμυδρουμένης.
1731 384 1813 419 Ἀμυ-

1021 425 1176 461 δρουμένηνγ
1184 425 1211 452 δὲ
1224 427 1272 461 τὴν
1280 425 1417 453 τελείωσιν
1432 425 1519 458 εἶπεν,
1532 428 1562 454 οὺ
1576 427 1620 454 διὰ
1639 428 1688 464 τὴν
1709 429 1813 456 οἰκείαν

1021 472 1107 507 αὐτῆς
1120 472 1238 504 ἀτονίαν,
1253 472 1320 499 ἀλλὰ
1342 474 1418 509 παρὰ
1432 474 1461 500 τὸ
1475 475 1621 510 ὑφειμένον
1632 475 1685 502 τῶν
1699 476 1811 511 δεχομέ-

1020 526 1073 545 νων
1083 526 1089 533 ·
1105 518 1184 544 τοῦτο
1197 518 1250 553 γὰρ
1265 519 1339 554 δηλοῖ
1357 519 1388 545 τὸ
1402 520 1489 546 εἰπεῖν
1509 519 1690 554 δευτέρωσιν
1704 521 1814 549 τελειώ-

1021 571 1099 595 σεως,
1111 564 1233 590 τουτέστι
1245 564 1275 591 τὸ
1286 565 1470 601 ἀμυδρότερον
1491 565 1659 593 τελειοῦσθαι
1675 566 1709 593 τὰ
1721 567 1812 594 δεύτε-

1021 617 1066 644 ρα.
1090 609 1248 644 Ἀναλογίαν
1276 612 1392 637 ποιεῖται
1415 611 1468 638 τῶν
1492 611 1577 646 λόγων
1593 612 1675 639 αὑτοῦ
1690 613 1744 639 ἀπὸ
1758 613 1813 640 τῶν

1020 658 1086 692 παρ’
1106 656 1259 692 ἀνθρώποις
1286 658 1463 690 τελειώσεων,
1485 658 1532 685 καὶ
1554 658 1633 685 τοῦτο
1650 659 1681 685 οὺ
1705 659 1812 695 τίθησιν

1019 703 1065 737 ἀφ’
1081 703 1188 735 ἑαυτοῦ,
1217 704 1273 730 ἀλλ’
1300 704 1354 731 ἀπὸ
1378 705 1432 731 τῶν
1454 705 1546 732 δεινῶν
1574 706 1638 741 περὶ
1665 705 1715 738 τὰς
1736 706 1813 741 ἱερὰς

1019 748 1097 783 ἡμῶν
1115 748 1234 780 τελετάς.
1262 750 1304 781 Ὠς
1319 750 1384 784 γοῦν
1410 750 1507 777 ἐκεῖνοί
1536 759 1602 786 φασι
1622 750 1672 782 τὰς
1691 751 1812 786 αὐτοφα-

1019 796 1073 826 νεῐς
1088 794 1297 830 ἀποπληρώσεις
1305 796 1351 822 καὶ
1362 796 1509 831 magesi;
1533 796 1616 831 (κατὰ
1631 796 1670 828 τὸ,
1693 798 1742 823 Ἐκ
1757 796 1812 824 τοῦ

1019 840 1215 875 πληρώματος
1231 842 1323 868 αὑτοῦ
1341 842 1452 874 πάντες
1470 841 1624 878 ἐλάϐομεν)
1639 842 1693 868 τῶν
1702 842 1735 869 δι’
1751 842 1810 869 ἐτέ-

1019 895 1073 922 ρων
1089 887 1167 914 θείων
1193 886 1325 922 μεθέξεων
1339 887 1507 924 τελειοτέρας
1525 887 1604 919 εἶναι,
1619 888 1811 923 (ἐτελέσθησαν

1019 932 1083 968 γὰρ,
1097 933 1162 968 φέρε
1177 934 1274 965 εἰπεῖν,
1291 934 1316 960 οἱ
1332 933 1397 960 θεῖοι
1423 933 1567 960 ἀπόστολοι
1593 934 1658 970 παρ’
1672 933 1753 960 αὑτοῦ
1765 933 1812 960 τοῦ

1018 979 1145 1015 Σωτῆρος
1168 980 1247 1015 ἡμῶν
1282 979 1369 1015 Ἰησοῦ
1390 979 1509 1015 Χριστοῦ
1535 980 1581 1006 καὶ
1602 979 1714 1015 Θεοῦ”ἢ
1737 979 1813 1015 παρὰ

1017 1025 1065 1052 τοῦ
1082 1026 1159 1060 ἁγίου
1184 1027 1230 1053 καὶ
1252 1025 1405 1062 ζωαρχικοῦ
1433 1026 1599 1061 Πνεύματος,
1619 1026 1647 1052 ἐν
1669 1025 1708 1060 τῷ
1724 1025 1812 1060 καιρῷ

1017 1071 1068 1107 τῆς
1082 1072 1281 1107 Πεντηκοστῆς,
1295 1073 1472 1109 ἐτελέσθησαν
1484 1073 1530 1099 καὶ
1540 1073 1564 1099 οἱ
1579 1073 1716 1108 ἀρχιερεῖς
1726 1072 1759 1097 δι’
1768 1071 1819 1097 ac,

1016 1117 1082 1149 τῶν,
1095 1118 1142 1144 καὶ
1155 1117 1308 1153 τελεωτέρα
1323 1118 1432 1149 πάντως
1449 1119 1523 1145 ἐστὶν
1544 1118 1684 1153 ἐκείνωνή
1700 1117 1809 1143 τελείω-

1019 1163 1086 1198 σιςι)
1102 1163 1140 1194 ὡς
1155 1163 1220 1197 γοῦν
1244 1164 1268 1189 οἱ
1287 1163 1367 1190 δεινοὶ
1383 1163 1417 1190 τὰ
1440 1164 1499 1191 θεῖά
1523 1172 1588 1198 φασι
1613 1164 1677 1199 περὶ
1696 1164 1810 1193 τούτων.

1017 1209 1112 1240 οὕτως,
1124 1207 1211 1245 οἶμαι,
1237 1210 1319 1245 φησὶν
1336 1211 1350 1237 ὁ
1366 1211 1452 1244 ἅγιος,
1478 1210 1528 1246 τὴν
1549 1210 1650 1245 ἄμεσον
1667 1209 1812 1245 μετουσίαν

1016 1254 1067 1288 τῆς
1088 1254 1200 1290 πρώτης
1227 1255 1434 1291 διακοσμήσεως
1461 1256 1658 1292 ἐναργεστέραν
1673 1254 1812 1282 εἶναιτῶν

1016 1300 1050 1327 δι’
1067 1301 1167 1335 ἐτέρων
1184 1301 1274 1336 μέσων
1296 1301 1529 1337 ἀποτελουμένων.
1546 1302 1591 1328 Διὸ
1605 1302 1652 1328 καὶ
1663 1301 1693 1334 ἐξ
1712 1302 1812 1336 ἱερατι-

1016 1345 1069 1380 κῆς
1087 1345 1262 1381 παραδόσεως
1277 1345 1384 1381 ἔχομεν,
1395 1346 1436 1372 ὅτι
1455 1346 1579 1373 τελεσταὶ
1599 1347 1645 1373 καὶ
1659 1346 1812 1381 φωτουργοὶ

1017 1391 1066 1417 καὶ
1081 1391 1241 1427 καθαρτικώι
1255 1391 1280 1417 οἱ
1295 1391 1398 1427 πρῶτοι
1412 1391 1466 1418 τῶν
1479 1391 1612 1427 δευτέρων
1624 1391 1811 1427 ὀνομάζονται,

1018 1437 1057 1468 ῶς
1071 1437 1105 1463 δι’
1120 1437 1209 1463 αὐτῶν
1233 1437 1408 1472 ἀναγομένων
1434 1437 1536 1464 τούτων
1556 1437 1602 1463 ἐπί
1625 1437 1675 1472 τὴν
1701 1438 1812 1464 πάντων

1017 1482 1106 1518 ἀρχὴν
1119 1483 1166 1509 καὶ
1196 1483 1224 1510 ἐν
1240 1484 1369 1518 μετουσία
1382 1483 1531 1519 γινομένων
1545 1483 1599 1510 τῶν
1612 1483 1691 1510 θείων
1706 1484 1810 1520 καθάρ-

1017 1537 1095 1560 σεων,
1123 1529 1268 1564 φωτισμῶν
1298 1529 1345 1556 καὶ
1371 1528 1553 1556 τελειώσεων·
1572 1529 1651 1555 τοῦτο
1680 1530 1736 1566 γάρ
1750 1530 1810 1556 ἐστι

1019 1574 1264 1610 νενομοθετημένον
1276 1575 1323 1602 καὶ
1334 1574 1408 1611 παρὰ
1415 1575 1462 1601 τοῦ
1480 1574 1547 1601 Θεοῦ
1574 1576 1630 1606 τοῖς
1656 1575 1738 1606 θείοις
1763 1575 1813 1602 τάν

1018 1628 1116 1655 γμασι,
1147 1620 1177 1646 τὸ
1201 1620 1245 1647 διὰ
1271 1620 1325 1647 τῶν
1341 1619 1457 1655 πρώτων
1472 1619 1506 1646 τὰ
1520 1619 1644 1655 δεύτερα,
1661 1619 1716 1645 τῶν
1733 1619 1812 1646 θείων

1019 1666 1141 1701 μετέχειν
1157 1666 1315 1702 ἐλλάμψεων
1325 1675 1331 1682 ·
1345 1665 1421 1700 τάξις
1439 1665 1493 1702 γὰρ
1515 1667 1622 1702 συνέχει
1636 1667 1671 1693 τά
1684 1675 1714 1692 τε
1727 1666 1811 1702 οὐρά-

1017 1721 1061 1739 νια
1081 1713 1127 1739 καὶ
1140 1712 1174 1739 τὰ
1199 1713 1316 1747 ἐπίγεια.
1346 1712 1462 1747 Συνιστᾷ
1488 1712 1532 1738 τὸν
1555 1712 1632 1746 λόγον
1660 1712 1753 1745 αὐτοῦ,
1770 1713 1811 1738 ὃτι

1017 1756 1062 1783 διὰ
1079 1757 1169 1792 μέσων
1183 1757 1237 1783 τῶν
1251 1757 1366 1793 πρώτων
1381 1757 1405 1783 οί
1419 1756 1539 1792 δεύτεροι
1550 1757 1742 1793 ἐλλάμπονται,
1757 1756 1812 1784 ἀπὸ

1017 1802 1072 1829 τῶν
1088 1802 1167 1829 θείων
1194 1803 1241 1830 καὶ
1271 1803 1350 1839 ἱερῶν
1374 1802 1532 1838 προφητῶν,
1548 1802 1595 1835 οὓς
1609 1804 1655 1830 καὶ
1669 1803 1812 1838 θεολόγους

1018 1848 1110 1883 φησιν,
1126 1847 1164 1879 ὡς
1180 1847 1276 1882 λόγους
1304 1847 1371 1873 Θεοῦ
1397 1849 1463 1883 ἡμῖν
1483 1847 1702 1882 ἐξαγγέλλοντας.
1719 1849 1810 1884 Εὑρή-

1019 1902 1074 1924 σεις
1088 1893 1164 1927 γοῦν,
1181 1893 1264 1928 λέγει,
1286 1893 1365 1920 τοῦτο
1389 1893 1553 1929 δηλούμενον
1577 1895 1634 1925 τοῖς
1659 1893 1809 1928 θεολόγοις

1017 1940 1065 1966 καὶ
1077 1939 1185 1974 πρῶτον
1199 1939 1238 1975 τῷ
1260 1939 1383 1974 Ζαχαρία
1394 1947 1400 1954 ·
1423 1939 1505 1975 ἡνίκα
1526 1938 1581 1975 γὰρ
1594 1941 1610 1974 ὴ
1625 1939 1671 1966 τοῦ
1688 1939 1755 1966 Θεοῦ
1768 1949 1812 1974 φι-

1017 1984 1185 2020 λανθρωπία,
1242 1983 1297 2020 γὰρ
1313 1983 1361 2011 τοῦ
1384 1984 1452 2011 Θεοῦ
1476 1983 1595 2020 τιμωρία
1623 1985 1814 2021 φιλανθρωπίαν

1017 2031 1085 2062 ἐστὶ,
1108 2029 1179 2056 κατὰ
1189 2030 1230 2061 τὸ,
1241 2030 1348 2056 Γίνεται
1364 2029 1551 2066 φιλανθρωπία
1564 2031 1580 2065 ἠ
1595 2029 1713 2065 τιμωρία
1726 2031 1741 2066 ἡ
1759 2039 1812 2057 πα-

1017 2077 1098 2112 τρική
1112 2085 1119 2092 υ
1136 2076 1173 2108 ὡς
1186 2075 1241 2111 γὰρ
1259 2075 1351 2111 πατὴρ
1375 2076 1454 2111 ἐνῆγε
1484 2076 1530 2102 καὶ
1559 2075 1740 2110 ἐπαιδαγώγει
1765 2077 1812 2103 τὸν

1024 2122 1141 2158 Ἰσραὴλ,
1156 2122 1207 2149 ποῦ
1221 2123 1269 2157 μὲν
1280 2122 1312 2148 δι’
1327 2122 1496 2157 ἐπαγγελιῶν
1510 2122 1564 2149 τῶν
1578 2120 1697 2156 ἀγαθῶν,
1711 2123 1762 2149 ποῦ
1781 2123 1815 2150 δὲ

1016 2169 1049 2195 δι’
1065 2168 1182 2196 ἀπειλῶν
1201 2169 1247 2195 καὶ
1270 2169 1439 2205 τιμωριῶν·)
1464 2169 1546 2204 ἡνίκα
1565 2169 1661 2205 γοῦνὴ
1680 2169 1728 2196 τοῦ
1742 2169 1812 2196 Θεοῦ

1018 2213 1206 2249 φιλανθρωπία
1219 2213 1264 2240 τὸν
1279 2213 1387 2250 Ἰσραὴλ
1403 2213 1607 2240 παιδεύσασαδι¹
1623 2215 1812 2250 αἰχμαλωσίας

181 2247 302 2280 quando,
319 2247 442 2281 inquam,
470 2248 516 2274 Dei
533 2248 678 2275 clementia
694 2248 823 2275 lsraelem
839 2249 967 2277 erudiens

1020 2247 1075 2287 τῶν
1096 2247 1283 2294 Βαϐυλωνίων,
1306 2247 1395 2296 (τοῦτο
1413 2261 1441 2288 δὲ
1460 2261 1570 2295 γέγονεν
1585 2247 1719 2297 ὑπὲρ-’τῆς
1736 2247 1812 2297 ἱερᾶς

182 2301 231 2328 per
254 2293 439 2328 captivitatem
466 2294 679 2329 Babyloniorum
709 2294 772 2330 (hoc
801 2299 893 2322 autem
918 2303 968 2330 pro

181 2347 265 2368 sacra
291 2339 350 2374 ejus
377 2340 464 2367 salute
487 2341 626 2375 contigit;
645 2341 735 2368 omnis
760 2341 832 2368 enim
858 2342 932 2368 salus
953 2349 968 2368 a

181 2386 236 2412 Deo
249 2393 327 2413 sacra
342 2390 395 2418 est,
411 2385 474 2420 quia
491 2393 543 2412 non
562 2391 667 2413 tantum
691 2394 789 2420 corpus
802 2391 906 2418 servat,
921 2387 970 2414 sed

180 2433 264 2461 etiam
283 2433 414 2467 animam)
431 2438 460 2459 ut
476 2433 510 2460 ad
534 2433 694 2460 Creatorem
720 2433 807 2466 ipsutn
825 2439 969 2462 converte-

180 2486 234 2512 ret,
248 2480 392 2507 ultricibus
407 2487 440 2507 ac
455 2479 521 2507 feris
545 2480 672 2514 gentibus
700 2480 813 2507 tradidit
826 2482 969 2516 corrigen-

181 2526 244 2552 dqu
263 2534 271 2558 ;
291 2531 319 2552 et
333 2525 406 2552 utad
435 2525 575 2552 meliorem
592 2524 696 2560 frugem
724 2526 891 2560 traduceret,
920 2527 970 2554 ali-

180 2572 290 2606 quando
309 2571 417 2606 quidem
431 2571 557 2605 geutibus
569 2572 691 2604 tradidit,
710 2572 858 2607 aliquando
874 2581 940 2601 vero
953 2582 968 2601 a

181 2618 340 2652 captivitate
358 2618 497 2651 liberavit,
513 2623 542 2645 et
558 2618 592 2646 ad
613 2618 758 2653 pristinam
779 2619 899 2654 benigne
913 2620 969 2648 cle-

183 2671 345 2701 menterque
359 2674 391 2693 ac
406 2667 551 2701 magnifice
576 2666 714 2694 fortunam
741 2667 868 2699 reduxit;
897 2668 969 2695 videt

182 2713 228 2740 ille
245 2714 387 2749 theologus
408 2713 557 2741 Zacharias
584 2714 730 2748 quemdam
759 2714 910 2748 primorttm
928 2719 970 2749 (ut

182 2761 322 2793 existimo,
346 2766 458 2795 propter
475 2769 570 2787 eorum
598 2769 658 2795 qua:
686 2760 815 2787 dicuutttr
839 2768 969 2788 reveren-

183 2806 262 2842 tiam)
299 2808 457 2842 angelorum
494 2807 675 2843 (angelorum,
709 2806 832 2841 inquam,
860 2811 970 2842 propter

182 2860 449 2887 communeuomen,
471 2863 533 2883 cum
557 2854 676 2888 alioquin
702 2853 823 2886 ultimus,
852 2861 904 2881 non
923 2863 970 2882 au-

219 2902 243 2922 ι¹
259 2900 335 2930 30111.
354 2903 431 2935 1,16.

1019 2307 1102 2334 αὐτοῦ
1116 2308 1265 2343 σωτηρίας·
1282 2308 1358 2334 πᾶσα
1368 2307 1423 2343 γὰρ
1441 2307 1562 2342 σωτηρία
1577 2307 1654 2342 παρὰ
1671 2307 1738 2333 Θεοῦ
1751 2308 1812 2343 ἱερά

1019 2353 1103 2386 ἐστιν,
1118 2354 1158 2380 ὅτι
1170 2354 1219 2389 οὺχ
1234 2353 1327 2385 ἁπλῶς
1346 2353 1424 2388 σῶμα
1444 2352 1536 2385 σώζει,
1555 2352 1623 2379 ἀλλὰ
1635 2354 1680 2380 καὶ
1696 2353 1809 2389 dux-hit.)

1021 2399 1054 2426 ἵν’
1085 2400 1240 2435 ἐπιστραφῇ
1266 2399 1335 2435 πρὸς
1359 2399 1405 2426 τὸν
1429 2400 1591 2434 ποιήσαντα,
1617 2401 1748 2435 τιμωροίς
1764 2400 1811 2425 καὶ

1020 2446 1125 2482 ἀγρίοις
1147 2446 1234 2472 ἔθνεσι
1258 2445 1415 2481 παρέδωκεν
1429 2447 1469 2477 είς
1484 2445 1670 2481 ἐπανόρθωσιν
1681 2454 1687 2460 ”
1707 2446 1754 2472 καὶ
1766 2445 1811 2471 ἵνα

1022 2493 1126 2528 μετάγῃ
1151 2492 1197 2518 ἐπὶ
1219 2492 1249 2518 τὸ
1271 2493 1405 2527 κρεῖττον,
1434 2490 1485 2518 ποῦ
1507 2491 1555 2526 μὲν
1580 2491 1723 2527 παρεδίδου
1753 2492 1810 2523 τοῖς

1020 2539 1119 2570 ἔθνεσι,
1131 2538 1183 2565 ποῦ
1198 2538 1225 2565 δέ
1239 2538 1290 2573 τῆς
1304 2537 1492 2573 αἰχμαλωσίας
1506 2538 1590 2572 ἠφίει,
1611 2537 1658 2564 καὶ
1680 2536 1750 2572 πρὸς
1760 2537 1810 2572 τὴν

1020 2585 1156 2621 προτέραν
1180 2584 1308 2615 ἐπιεικῶς
1333 2585 1380 2611 καὶ
1407 2584 1603 2620 φιλανθρώπως
1619 2584 1665 2610 καὶ
1685 2583 1810 2619 μεγάλως

1021 2631 1155 2667 ἐπανῆγεν
1174 2630 1330 2658 εὐπάθειαν⁹
1353 2631 1404 2666 ὁρᾷ
1422 2631 1436 2657 ὀ
1458 2630 1582 2664 θεολόγος
1610 2629 1747 2665 Ζαχαρίας
1761 2629 1810 2656 ἕνα

1019 2677 1074 2704 τῶν
1089 2676 1203 2712 πρώτων
1218 2675 1305 2712 (οἶμαι
1326 2677 1412 2710 λέγων
1432 2676 1476 2702 διὰ
1501 2676 1550 2712 τὴν
1577 2675 1631 2702 τῶν
1657 2675 1809 2711 λεγομένων

1021 2722 1172 2756 εὐλάϐειαν)
1191 2722 1301 2749 καὶτῶν
1320 2722 1383 2758 περὶ
1407 2722 1473 2749 Θεὸν
1494 2722 1616 2756 ἀγγέλων
1635 2721 1768 2756 (ἀγγέλων
1780 2721 1809 2748 δὲ

1020 2769 1091 2804 λέγω
1106 2769 1150 2796 διὰ
1164 2770 1213 2806 τὴν
1228 2770 1319 2805 κοινὴν
1334 2770 1500 2804 ἐπωνυμίαν,
1513 2769 1574 2795 ἐπεὶ
1586 2768 1672 2799 ἄλλως
1684 2767 1807 2804 ὕστερον,

1021 2816 1051 2842 οὐ
1067 2814 1175 2850 πρῶτον
1199 2814 1290 2850 τάγμα
1308 2816 1332 2841 οἱ
1351 2815 1471 2849 ἄγγελοι)
1492 2816 1557 2850 παρ’
1578 2814 1661 2841 αὑτοῦ
1677 2813 1724 2840 τοῦ
1740 2813 1808 2840 Θεοῦ

1024 2862 1142 2898 μαθόντα
1161 2862 1224 2894 τοὺς
1237 2862 1458 2898 παραχλητικοῦς
1483 2862 1591 2895 λόγους·
1610 2860 1701 2896 ἕτερον
1715 2859 1808 2886 δὲτῶν
