1933 3075
91 131 151 159 255

339 130 383 158 DE
402 129 565 159 C(ELESTI
585 127 807 160 HIERARCHIA,
825 126 873 154 (Ἄ

925 123 988 152 VIII.
1008 139 1042 144 —
1057 122 1231 151 PAMPHR.
1249 119 1486 150 PACIIYMERE.

1672 117 1728 149 256

92 191 308 226 ὕπὶὸεθηχότων
323 189 456 224 ἀγγέλων,
470 189 538 225 πρὸς
551 189 700 224 ὑπάντησιν
713 188 760 215 τοῦ
777 182 873 224 πρώτοη

940 191 994 214 tem
1021 185 1125 221 primus
1146 186 1215 214 ordo
1241 185 1398 220 angelorum
1414 184 1472 219 sit),
1492 182 1654 219 abipsomet
1670 183 1726 209 Deo

89 237 334 273 προπορευόμενον
357 235 437 271 (τάχα
464 236 513 270 μὲν
539 234 586 261 τοῦ
610 235 761 270 προφήτου,
777 234 888 269 τάχαδὲ

89 282 148 318 πρὸ
163 282 214 310 τοῦ
225 282 270 310 τὸν
287 281 397 318 μείζονα
416 281 531 316 ἄγγελον
553 281 638 308 ἐλθεῖν
656 281 724 316 πρὸς
735 280 826 311 αὑτὸν,
836 280 888 315 τῆς

88 329 253 366 προθέσεως
269 329 454 365 σημαινούσης
474 329 569 364 χρόνον
581 328 653 363 τινὰ)
667 328 715 354 καὶ
728 327 888 354 ὑπαντῶντα

88 376 162 412 πρὸς
184 375 316 411 ὑποδοχὴν
330 375 381 411 τῆς
405 375 573 410 ὲλλάμψεως·
596 373 655 401 εἶτα
673 375 720 401 καὶ
737 373 887 409 μυούμενον

86 422 139 456 τὴν
152 420 231 447 θείαν
246 421 343 456 βουλὴν
367 421 433 457 παρ’
456 420 550 453 αὑτοῦ,
567 420 605 452 ὡς
618 419 694 456 παρὰ
716 419 826 455 πρώτου
850 420 886 446 ἱε-

89 469 196 504 ράρχου
209 467 255 494 καὶ
272 467 487 503 ὲπιτρεπόμενον
499 468 539 498 εἰς
562 466 593 493 τὺ
615 466 717 502 μυῆσαι
738 465 784 492 τδν
798 464 887 491 θεολό-

86 526 146 552 γον,
174 518 218 543 ὅτι
240 517 417 553 κατάκαρπος
447 517 676 552 κατοικηθήσεται
709 515 886 551 Ἰερουσαλὴμ

86 563 141 590 ἀπὺ
153 563 276 599 πλήθους
299 563 460 599 ἀνθρώπων.
486 563 565 597 Λέγει
578 562 632 598 γὰρ
642 563 656 588 6
671 561 885 593 θεοπτικώτατος

85 611 229 646 Ζαχαρίας
240 619 247 625 ·
264 609 317 636 Καὶ
334 609 393 643 ἦρα
419 610 490 642 τοὺς
514 609 687 644 ὀφθαλμούς
697 617 767 643 μου,
782 609 830 635 καὶ
846 608 885 635 εἵ-

84 655 149 686 δον,
168 654 220 681 καὶ
235 655 298 681 ἰδοὺ
312 654 401 688 ἀνὴρ,
421 654 456 680 ἐν
476 653 520 688 ’τῇ
538 654 613 688 χειρὶ
631 653 725 680 αὑτοῦ
747 653 884 687 σχοινίον

83 701 292 736 γεωμετρικόν.
308 701 363 728 Καὶ
375 701 445 728 εἶπα
459 700 534 735 πρὸς
548 700 652 732 αὑτὸν,
668 700 729 727 Ποῦ
747 700 877 734 impedi/1;

83 746 132 773 καὶ
143 747 214 774 εἷπε
225 747 299 780 πρός
311 755 365 781 με·
387 746 583 782 Διαμετρῆσαι
595 746 652 781 τὴν
673 746 882 781 Ἰερουσαλὴμ,

82 793 136 820 τοῦ
144 792 224 820 ἰδεῖν
233 793 363 826 πηλίκον
372 792 405 819 τὸ
417 792 531 825 πλάτος
541 792 637 827 αὐτῆς
648 792 725 823 ἐστι,
741 792 787 819 καὶ
798 793 883 825 πηλι-

82 848 137 866 κον
153 839 188 866 τὸ
204 839 312 874 μῆκος.
330 832 384 866 Kal
405 838 469 865 ἰδοὺ
484 839 610 873 ἄγγελος
626 840 642 866 ό
657 838 760 866 λαλῶν
773 839 880 873 ἑνὲμοὶ

81 883 229 915 εἰστήκει,
248 883 295 910 καὶ
309 883 435 918 ἅγγελος
442 882 541 917 ἕτερος
555 883 750 917 ἐξεπορεύετο
759 884 803 916 εις
811 891 881 910 συν-

81 927 217 962 άντησιν
225 929 326 960 αὐτοῦ,
341 929 390 956 καὶ
399 929 464 956 εἷπε
472 928 547 963 πρὸς
554 929 648 956 αὐτὸν
658 929 764 964 λέγων·
773 928 879 963 Δράμε,

81 975 128 1001 καὶ
137 974 283 1008 λάλησωθ
291 974 424 1008 πρὸς-’τὸν
433 975 556 1002 νεανίαν
563 975 690 1005 ἐκεῖνον,
699 974 797 1010 λέγων
807 984 813 990 ·
824 977 880 1002 Κα-

81 1019 236 1054 τὰθιίιρπος
249 1021 495 1055 κατοικηθὴσεται
514 1021 711 1055 Ἰερουσαλὴμ
721 1022 781 1049 ἀπὸ
799 1022 877 1055 πλή-

81 1068 154 1100 θους
160 1066 335 1100 ἀνθρώπων.
348 1068 403 1093 Καὶ
410 1067 496 1094 ταῦτα
513 1067 561 1103 μὲν
571 1067 606 1094 τὰ
619 1067 666 1094 τοῦ
681 1068 820 1103 προφήτου
835 1069 880 1104 ρη-

81 1112 115 1140 τά
122 1121 129 1128 ·
140 1113 173 1139 σὺ
182 1113 213 1139 δὲ
222 1112 282 1148 ὅρα,
295 1111 353 1144 πῶς
360 1112 432 1146 λέγει
439 1113 453 1139 6
461 1114 605 1148 προφήτης
616 1122 622 1128 ·
647 1113 859 1147 Ἐξεπορεύετο
869 1122 875 1128 ”

80 1159 95 1184 6
125 1157 155 1185 δὲ
185 1157 258 1190 θεῖος
293 1156 369 1190 οὗτος
398 1159 485 1194 ἁνήρ·
530 1159 763 1193 Προεπορεύετο.
806 1159 876 1186 ἰσθι

81 1202 122 1236 δὲ,
140 1204 181 1230 ὅτι
197 1204 213 1229 ὁ
227 1203 314 1230 λαλῶν
324 1204 388 1235 τοὺς
402 1203 627 1239 παρακλητικοὺς
644 1205 673 1231 ἐν
688 1204 728 1239 τῷ
743 1205 874 1240 Ζαχαρία,

81 1245 158 1280 οὗτός
174 1249 251 1275 ἐστιν
264 1250 278 1275 6
296 1249 327 1276 τὸ
337 1249 407 1275 θεῖον
427 1249 537 1284 ἀμέσως
550 1249 643 1285 μαθὼν
662 1249 796 1285 βούλημα,
811 1250 876 1276 καθ-

83 1296 119 1325 1};
159 1294 253 1329 λέγει’
279 1295 333 1322 Καὶ
358 1295 503 1329 ἀπεκρίθη
530 1296 637 1329 Κύριος
667 1295 876 1329 παντοκράτωρ

82 1341 122 1374 τῷ
136 1342 256 1376 ἀγγέλῳ
282 1341 322 1375 τῷ
342 1331 488 1369 victimant
510 1341 622 1376 érl‘jwl
645 1341 761 1377 ῥήματα
786 1344 873 1375 καλὰ,

82 1387 131 1414 καὶ
163 1388 277 1422 λόγους
302 1387 554 1421 παρακλητικοὺς,
583 1384 688 1419 οὗτινος
716 1388 873 1423 ἱσταμένου,

83 1433 284 1468 προεπορεύθη,
311 1433 395 1468 ἤγουν
427 1433 592 1469 ὲξεπορεύθη
622 1433 731 1468 ἕτερος,
760 1433 829 1468 πρὸς
844 1434 874 1461 ὃν

82 1476 157 1505 εἶπεν
169 1480 275 1510 ἐκεῖνος
300 1480 314 1505 6
329 1478 429 1511 λαλῶν,
447 1478 552 1514 Δρὰμε,
570 1478 617 1505 καὶ
640 1476 699 1505 εἶπε
715 1478 747 1505 τὸ
760 1479 807 1505 καὶ
831 1479 870 1506 τό.

939 232 1090 259 discentem
1115 233 1199 260 verba
1234 230 1431 259 consolationis
1455 237 1464 262 ',
1489 229 1604 257 alterum
1633 234 1723 255 autem

939 278 1104 305 inferiorum
1130 277 1293 312 angelorum
1313 275 1403 310 primo
1425 275 1468 302 isti
1495 275 1603 302 obviam
1623 283 1725 310 [πωροι

938 324 1046 351 dentem
1060 322 1188 358 (forsitan
1213 322 1322 358 quidem
1341 321 1488 356 propheta,
1506 321 1575 348 forte
1596 329 1660 348 vero
1675 329 1726 348 an-

939 374 1047 404 tequam
1060 369 1148 403 major
1160 368 1274 403 angelus
1285 367 1317 394 ad
1336 367 1422 402 ipsum
1448 367 1578 399 venisset,
1595 368 1725 402 prteposi-

937 415 1012 442 tione
1027 414 1156 442 nimirum
1171 414 1292 448 spatium
1305 413 1416 448 aliquod
1431 413 1590 448 denotante)
1604 418 1631 440 et
1644 414 1677 440 ad
1691 413 1725 441 il-

936 461 1124 488 lustrationem
1137 461 1297 495 capiendam
1313 464 1500 487 occurrentem
1513 467 1521 492 ;
1535 460 1633 487 deinde
1640 460 1723 488 etiam

936 506 971 533 ab
988 506 1046 541 ipso
1063 506 1182 533 divinum
1211 504 1366 537 consilium,
1396 509 1524 539 tanquam
1547 513 1562 532 a
1582 506 1724 533 sacerdote

936 559 1055 584 summo,
1071 552 1238 587 percepisse,
1264 551 1427 586 iussumque
1442 551 1597 586 theologum
1610 551 1722 584 docere,

936 599 1054 625 futurunt
1070 602 1099 625 ut
1119 597 1247 633 frugifera
1271 597 1423 624 JerIISalem
1439 605 1454 624 a
1470 605 1566 632 magna
1581 597 1722 625 hominum

934 644 1106 672 multitudine
1132 644 1276 671 incolenda
1308 644 1389 671 foret.
1407 644 1452 670 Ait
1467 644 1540 670 enitn
1554 643 1601 670 Dei
1615 644 1723 678 perspi-

934 690 1095 718 cacissimus
1110 690 1257 718 Zacharias
1275 699 1282 717 :
1297 689 1331 717 Et
1344 690 1427 717 levavi
1448 690 1536 716 oculos
1552 698 1633 722 meos,
1646 694 1670 716 et
1683 690 1722 716 vi-

933 736 962 762 di
977 742 1091 768 ;etecce
1113 737 1164 768 vir,
1180 741 1204 762 et
1227 737 1253 763 in
1279 744 1360 763 manu
1383 736 1441 770 ejus
1464 735 1600 770 funiculus
1615 743 1720 770 geome-

933 782 1024 809 tricus.
1040 781 1073 808 Et
1087 782 1145 808 dixi
1158 783 1192 809 ad
1213 790 1271 809 eum
1283 789 1293 808 :
1307 782 1364 815 Quo
1384 782 1457 809 uadis
1471 783 1516 809 ἵει
1530 782 1597 808 dixit
1612 782 1646 808 ad
1657 789 1697 808 me
1711 789 1722 809 ί

934 827 969 854 Ut
987 829 1082 855 metiar
1103 828 1262 861 Jerusalem,
1275 833 1300 855 et
1323 829 1424 856 videam
1445 834 1546 863 quanta
1567 829 1601 855 sit
1625 828 1720 854 latitu-

932 874 966 900 do
981 875 1049 909 ejus,
1061 879 1084 901 et
1095 880 1194 909 quanta
1207 874 1346 909 longitudo
1361 875 1430 908 ejus.
1461 873 1495 900 Et
1518 882 1577 901 ecce
1599 873 1719 908 angelus,

930 921 974 955 qui
996 921 1152 956 loquebatur
1163 922 1189 948 in
1203 929 1252 954 me,
1267 922 1365 954 stabat,
1391 926 1415 948 et
1426 921 1496 948 alius
1515 921 1623 955 angelus
1644 928 1720 954 egre—

930 967 1052 993 diebatur
1076 968 1104 993 in
1128 975 1266 994 occursum
1283 968 1317 994 ei.
1341 966 1377 993 Et
1399 966 1438 993 ait
1454 966 1489 993 ad
1515 974 1585 998 eum,
1607 966 1721 993 dicens:

930 1013 1023 1045 Curre,
1042 1018 1067 1040 et
1087 1014 1193 1048 loquere
1225 1014 1260 1040 ad
1282 1013 1471 1040 adolescentent
1499 1012 1590 1045 illum,
1608 1013 1719 1040 dicens:

929 1057 1076 1093 Frugi/em
1087 1059 1410 1085 lmbitabt'turlerusalem
1425 1067 1441 1085 α
1454 1057 1624 1084 multitudine
1638 1059 1720 1085 Itami-

929 1112 990 1130 num
1002 1105 1026 1132 ι’,
1042 1104 1074 1131 Ει
1085 1105 1142 1131 lucc
1151 1105 1261 1139 quidem
1271 1105 1354 1131 verba
1368 1108 1429 1132 Slltll
1439 1105 1580 1138 propheta:
1593 1113 1599 1136 ;
1617 1108 1643 1130 tu
1655 1111 1722 1130 vero

928 1151 1069 1178 considera
1085 1150 1222 1184 quomodo
1233 1151 1306 1178 dicat
1326 1151 1458 1186 propheta
1478 1159 1485 1176 ε
1507 1150 1637 1185 Egressus
1653 1155 1692 1176 est
1708 1157 1719 1181 ι

927 1196 982 1231 83
998 1196 1041 1223 hic
1061 1201 1152 1223 autent
1170 1196 1211 1223 vir
1225 1196 1332 1224 divinus
1347 1206 1353 1224 :
1379 1195 1559 1223 Prae-edebat.
1577 1195 1652 1223 Scito
1668 1203 1718 1223 au-

928 1246 994 1273 tem,
1016 1242 1089 1276 quod
1114 1243 1160 1277 qui
1197 1242 1316 1277 loquitur
1346 1242 1549 1270 consolatorios
1577 1249 1718 1269 sermones

931 1287 958 1314 in
972 1286 1116 1319 Zacharia,
1142 1288 1199 1322 ipso
1215 1288 1250 1315 sit
1276 1288 1321 1322 qui
1338 1288 1496 1315 immediate
1523 1288 1642 1315 divinam
1670 1295 1719 1315 vo-

927 1332 1062 1360 luntatem
1077 1334 1185 1365 didicit,
1200 1334 1429 1368 quemadmodum
1447 1334 1506 1361 ait:
1525 1333 1558 1360 Et
1583 1335 1717 1368 respondit

926 1378 1056 1405 Dominus
1083 1380 1246 1412 omnipotens
1271 1383 1363 1413 angelo
1386 1379 1504 1414 loquenti
1534 1380 1562 1406 in
1588 1387 1628 1406 me
1640 1381 1717 1407 verba

925 1424 1004 1457 bona,
1019 1430 1043 1451 et
1061 1433 1193 1452 sermones
1207 1425 1398 1452 consolatorios
1429 1430 1455 1458 ο,
1473 1433 1527 1460 quo
1541 1429 1630 1452 stante
1646 1433 1716 1460 pra:-

928 1474 1022 1506 cessit,
1039 1475 1098 1501 sive
1113 1481 1241 1509 egressus
1267 1480 1308 1502 est
1324 1475 1403 1506 alius,
1427 1474 1460 1502 ad
1477 1483 1557 1510 quem
1587 1475 1657 1502 dixit
1672 1474 1717 1502 ille

83 1523 196 1559 Ἕτερος
224 1523 253 1549 δὲ
280 1523 333 1550 τῶν
354 1524 502 1560 προφητῶν
528 1525 542 1551 6
580 1523 719 1560 Ὶεζεκιὴλ,
743 1524 790 1551 καὶ
807 1525 873 1560 παρ’

926 1520 972 1554 qui
998 1519 1163 1554 loquebatur
1177 1529 1183 1547 ι
1201 1520 1293 1551 Curre,
1310 1525 1336 1547 et
1351 1520 1394 1548 die
1417 1521 1468 1547 hoc
1480 1525 1507 1548 et
1522 1521 1584 1548 hoc.
1599 1520 1715 1554 Quidam

81 1569 165 1604 αὐτῆς
180 1569 231 1604 τῆς
248 1570 294 1595 ἐπὶ
312 1569 368 1596 τῶν
404 1569 539 1605 χερουϐὶμ
569 1569 718 1606 Θεάτητος,
738 1570 873 1604 πανιέρως

928 1566 1010 1592 etiam
1029 1565 1098 1593 alius
1110 1566 1242 1600 propheta
1259 1566 1398 1598 Ezechiel,
1415 1574 1428 1593 a
1447 1566 1553 1594 Deitatc
1569 1567 1638 1601 ipsa,
1654 1574 1716 1601 qua:

81 1615 292 1650 νομοθετηθῆναι
307 1615 337 1642 τὸ
352 1615 481 1647 τοιοῦτον,
503 1616 586 1651 ἤγουν
615 1616 664 1652 τὴν
681 1616 811 1652 τοιαύτην
826 1616 874 1642 τά-

81 1661 137 1694 {or
154 1661 203 1687 τὸν
217 1661 273 1697 γὰρ
293 1661 411 1697 Ἰσραὴλ,
425 1661 464 1693 ὡς
480 1661 598 1696 εἴρηται,
615 1662 660 1688 διὰ
674 1662 724 1697 τῆς
738 1661 874 1697 τιμωρίας

82 1706 279 1743 φιλανθρώπως
305 1708 353 1735 καὶ
378 1707 511 1742 πατρικὸν
525 1707 626 1743 τρόπον
640 1708 686 1734 ἐπὶ
700 1708 730 1734 τὸ
750 1709 873 1743 κρεῖττον

83 1753 247 1788 μετάγουσα,
258 1755 287 1780 ὲν
298 1754 454 1790 δικαιοσύνῃ
470 1754 529 1790 Θεῷ
554 1754 696 1791 πρεπούσῃ
715 1755 873 1790 διαχωρίζε-

82 1795 140 1824 σθαι
168 1797 224 1824 τῶν
255 1798 412 1826 ὑπευθύνων
441 1799 504 1830 τοὺς
529 1798 692 1830 ἀνευθύνους
718 1799 870 1827 ἐδικαίωσε.

81 1841 162 1869 Τοῦτο
185 1845 295 1878 μυεῖται
332 1844 440 1880 πρῶτος
466 1844 535 1879 μετὰ
562 1844 598 1871 τὰ
625 1845 766 1881 Χερουϐὶμ
791 1847 805 1872 6
821 1847 871 1882 τὴν

81 1887 162 1922 ὀσφὺν
188 1890 334 1925 σαπφείρῳ
352 1889 580 1925 περιεζωσμένος,
601 1891 631 1922 ὃς
646 1891 692 1917 τὸν
718 1891 821 1928 ποδήρη
833 1892 871 1924 ὡς

82 1933 207 1970 ιεράρχης
218 1935 368 1962 ὲνδεδύκει·
386 1935 417 1962 τὸ
431 1935 485 1971 γὰρ
500 1937 592 1972 σχῆμα
610 1937 756 1972 ἱερατικὸν,
769 1937 799 1964 οὒ
815 1938 869 1973 γὰρ

79 1982 112 2020 ἦν
127 1986 180 2012 τῶν
200 1986 385 2019 κολαζόντων,
414 1986 482 2013 ἀλλὰ
508 1986 563 2012 τῶν
591 1987 781 2022 λυτρουμένων
805 1989 869 2021 τοὺς

82 2032 212 2068 σωτηρίας
228 2033 329 2066 ἀξίους.
348 2033 417 2064 Τοὺς
432 2033 461 2059 δὲ
479 2033 588 2064 λοιποὺς
611 2033 639 2066 ἓξ
656 2029 789 2068 ἀγγέλους
804 2035 868 2066 τοὺς

80 2079 286 2113 τιμωρητικοὺς,
316 2079 342 2105 οἳ
363 2079 427 2110 τοὺς
455 2079 575 2112 πέλυκας
596 2078 679 2116 εἶχον,
697 2082 714 2116 ἡ
728 2081 804 2116 θεϊκὴ
821 2090 868 2107 τα-

80 2123 184 2159 Eulalia
207 2125 313 2152 κελεύει
343 2124 418 2160 παρὰ
442 2125 490 2152 τοῦ
517 2126 663 2162 φοροῦντος
691 2127 738 2153 τὸν
762 2127 866 2163 ποδήρη

926 1611 1067 1638 cherubim
1097 1612 1267 1639 transcendit
1289 1612 1313 1644 α,
1339 1617 1514 1639 sacrosancte
1545 1612 1609 1647 quid
1626 1612 1715 1640 simile

925 1656 983 1683 sive
1001 1656 1080 1683 talem
1096 1657 1223 1684 ordinem
1240 1658 1374 1684 sancitum
1391 1658 1447 1685 ait:
1462 1665 1522 1684 cum
1535 1658 1608 1685 enirn
1621 1657 1713 1685 Israe-

924 1701 1030 1730 liticum
1048 1703 1188 1737 populum,
1201 1708 1230 1730 ut
1244 1703 1346 1730 dictum
1359 1708 1411 1735 est,
1438 1703 1583 1731 clementia
1600 1709 1714 1739 paterna

922 1757 972 1784 per
987 1749 1156 1784 disciplinam
1190 1750 1224 1777 ad
1251 1750 1356 1784 frugem
1385 1751 1542 1778 traduceret
1561 1751 1713 1784 meliorem,

922 1796 1051 1830 aequitate
1063 1796 1119 1823 Deo
1132 1796 1214 1831 digna
1231 1804 1291 1823 reos
1305 1796 1339 1822 ab
1363 1796 1517 1823 insontibus
1531 1798 1715 1826 secernendos

923 1841 1039 1868 censuit.
1069 1840 1126 1867 Hoc
1150 1842 1256 1875 printus
1282 1845 1343 1875 post
1366 1841 1510 1868 cherttbim
1540 1842 1655 1869 docetur
1668 1842 1714 1870 ille

923 1884 1002 1917 cujus
1026 1893 1106 1912 renes
1119 1886 1249 1921 sappltiro
1267 1886 1408 1920 praecincti
1437 1892 1527 1919 erant,
1545 1887 1646 1921 quique
1670 1892 1713 1914 ta-

921 1930 974 1957 lut'i
990 1935 1066 1958 veste
1079 1935 1208 1966 tanquam
1233 1931 1355 1966 pontifex
1383 1933 1574 1960 amiciebatur.
1598 1933 1713 1960 Habitus

920 1976 992 2002 enim
1006 1976 1049 2003 illc
1061 1977 1242 2005 sacerdotalis
1257 1983 1309 2010 est,
1327 1986 1379 2006 nec
1394 1984 1455 2006 erat
1468 1979 1648 2014 puuientium,
1665 1979 1711 2006 sed

919 2022 1092 2050 liln-rantium
1116 2031 1163 2050 eos
1188 2024 1234 2059 qui
1262 2025 1350 2052 salute
1378 2025 1451 2060 digni
1481 2030 1569 2052 erant.
1592 2025 1711 2052 Cmteros

919 2069 1019 2096 deinde
1032 2077 1081 2096 sex
1098 2071 1209 2106 angelos
1225 2072 1369 2099 securibus
1390 2076 1514 2100 armatos
1528 2072 1605 2106 jubet
1619 2072 1711 2099 divina

918 2116 1056 2144 ordinatio
1075 2118 1110 2144 ab
1128 2126 1162 2145 eo
1176 2118 1222 2152 qui
1234 2119 1363 2154 poderem
1379 2119 1493 2154 gerebat
1505 2117 1627 2146 divinum
1639 2119 1711 2153 judi-

81 2170 200 2204 μυεῖσθαι
217 2172 267 2206 τὴν
281 2171 328 2197 τοῦ
343 2171 410 2198 Θεοῦ
430 2171 520 2206 κρίσιν
530 2180 536 2186 ·
555 2172 595 2207 τῷ
611 2173 659 2207 μὲν
670 2172 725 2208 γὰρ
739 2172 866 2208 φοροῦντι

925 2164 995 2190 cium
1018 2164 1126 2191 edoceri
1140 2174 1147 2192 :
1163 2164 1201 2191 illi
1229 2167 1301 2192 enim
1318 2166 1364 2200 qui
1379 2166 1507 2200 poderem
1520 2166 1628 2193 ferebat
1640 2174 1709 2200 prm-

79 2212 121 2238 τδν
136 2214 240 2250 ποδήρη
269 2215 332 2250 ἔφη,
363 2215 448 2251 μέσην
463 2206 646 2251 διελθεῐντῆν
679 2206 864 2253 Ἰερουσαλὴμ,

925 2209 1047 2243 :ipiebat,
1063 2215 1092 2236 ut
1105 2218 1154 2245 per
1170 2211 1287 2238 mediam
1303 2211 1456 2239 Jerusalem
1472 2212 1610 2243 transiret,
1627 2217 1711 2247 atque

79 2259 123 2285 καὶ
133 2259 222 2287 δοῦναι
250 2262 361 2296 σημεῖον
393 2262 440 2288 ἐπὶ
460 2261 495 2287 τὰ
520 2261 574 2288 τῶν
601 2262 754 2289 ἀνευθύνων
779 2263 865 2298 πρόσ-

78 2312 136 2330 ωπα
152 2314 158 2320 ι
184 2307 240 2337 τοῖς
270 2307 359 2338 ἄλλοις
385 2306 413 2333 δὲ
448 2307 538 2342 λέγει·
573 2309 741 2342 Πορεύεσθε
769 2309 866 2336 ὀπίσω

78 2351 177 2382 αὐτοῦ,
204 2352 253 2378 καὶ
278 2353 418 2385 «dxtera,
448 2353 498 2380 καὶ
525 2353 568 2389 μὴ
587 2354 736 2389 φείδεσθε,
762 2354 812 2381 ἐπὶ
830 2354 865 2382 δὲ

78 2395 196 2430 πάντας,
212 2398 258 2432 ἐφ’
270 2398 363 2432 ὅσους
374 2399 441 2426 ἐστὶ
455 2399 487 2425 τὸ
503 2400 640 2434 σημεῖον,
653 2399 696 2434 μὴ
710 2400 860 2435 ἐγγίσητε.

79 2440 113 2467 Τὸ
128 2442 205 2476 γοῦν·
229 2444 397 2477 Πορεύεσθε
423 2445 520 2471 ὀπίσω
534 2445 639 2476 αὑτοῦ,
657 2445 683 2471 τί
698 2445 762 2472 ἄλλο
777 2446 862 2481 δηλοῖ,

76 2484 92 2521 ἢ
108 2487 156 2520 ὃτι,
176 2489 271 2524 Ἔχετε
284 2489 379 2516 τοῦτον
394 2490 508 2526 ἔξαρχον
526 2491 581 2518 τῶν
597 2492 802 2527 πραττομένων,
815 2492 861 2518 τὸν

77 2533 158 2561 εἰδότα
174 2537 220 2563 καὶ
242 2537 273 2563 τὸ
287 2537 352 2572 ἐμὸν
379 2537 521 2573 βούλημα;
548 2539 639 2573 Ἐχεικ
650 2538 678 2564 δὲ
705 2538 751 2565 καὶ
768 2538 802 2564 τὰ
814 2538 861 2565 τοῦ

77 2581 208 2617 ’προφήτου
235 2583 305 2619 ῥητὰ
333 2583 380 2609 ἐπὶ
408 2583 508 2616 λέξεως
532 2584 619 2610 οὕτω·
648 2584 704 2612 Καὶ
738 2584 802 2611 ὶδίιὺ
826 2584 862 2616 ἐξ

77 2623 177 2659 ἄνδρες
197 2627 327 2662 ἤρχοντο
350 2629 409 2656 ἀπὸ
437 2629 492 2663 τῆς
521 2629 593 2656 ὀδοῦ
621 2629 676 2664 τῆς
693 2631 794 2663 πύλης
806 2629 861 2663 τῆς

77 2668 204 2704 ὑψηλῆς,
224 2673 279 2707 τῆς
290 2675 471 2708 βλεπούσης
488 2675 564 2708 πρὸς
587 2675 714 2709 βορρίῖν,
729 2675 778 2702 καὶ
791 2675 860 2702 ἐκά-

77 2720 146 2742 ιγτου
160 2717 255 2750 πέλυξ
271 2719 307 2745 ἐν
322 2719 360 2754 τῇ
379 2719 455 2754 χειρὶ
477 2720 581 2746 αὐτοῦ.
598 2721 653 2747 Καὶ
677 2721 720 2753 εἷς
735 2720 813 2754 ἀνὴρ
825 2721 860 2747 ἐν

79 2760 154 2793 μέσῳ
164 2763 271 2798 αὐτῶν,
301 2765 479 2801 ἐνδεδυκὼς]
492 2766 620 2800 ποδήρη,
641 2766 692 2793 καὶ
706 2764 779 2799 ζώνη
787 2774 859 2801 σαμ-

83 2806 175 2840 Iv‘e'pov
213 2809 261 2837 ἐπὶ
283 2810 339 2845 τῆς
367 2812 483 2846 ὀσφύος
504 2812 609 2840 αὐτοῦ.
631 2812 685 2840 Καὶ
717 2813 858 2846 εἰσήλθο-

160 2853 268 2884 bZaclt.
295 2865 325 2891 ll,
353 2858 377 2884 t.
419 2864 428 2877 π
446 2857 529 2887 Zach.
552 2859 632 2892 t,13.
671 2859 685 2880 ἀ
702 2859 801 2888 Ezech.
832 2869 858 2887 ι.

919 2256 1027 2289 signum
1046 2256 1124 2283 daret
1141 2257 1166 2284 in
1184 2256 1321 2284 frontibus
1348 2258 1538 2285 innocentium
1553 2267 1561 2285 :
1585 2257 1646 2284 aliis
1662 2266 1710 2284 au-

920 2307 972 2329 tetu
988 2302 1095 2330 dicebat
1113 2313 1120 2331 :
1140 2303 1218 2331 Exite
1241 2310 1300 2339 post
1312 2313 1384 2338 eum,
1396 2310 1420 2332 et
1435 2306 1574 2339 percutite,
1588 2310 1611 2331 et
1625 2305 1710 2332 nolite

917 2357 1036 2384 parcere.
1053 2350 1087 2376 ad
1099 2359 1188 2377 omnes
1201 2357 1290 2377 autent
1307 2359 1384 2385 super
1406 2359 1471 2385 quos
1497 2356 1534 2377 est
1549 2352 1652 2385 signum
1677 2359 1708 2378 ne

920 2397 1145 2432 appropinquans.
1168 2397 1234 2424 Illud
1252 2397 1356 2432 itaque,
1381 2395 1460 2424 Exite
1477 2401 1536 2430 post
1558 2405 1627 2430 eum,
1643 2396 1708 2431 quid

919 2443 992 2470 aliud
1022 2444 1170 2479 significat,
1199 2451 1303 2478 quam:
1342 2444 1476 2471 Habetote
1510 2444 1583 2471 buuc
1611 2443 1706 2471 ducem

916 2496 1006 2516 rerutn
1019 2488 1201 2524 agendarum,
1217 2493 1245 2515 ut
1260 2489 1306 2523 qui
1331 2497 1420 2516 meam
1441 2496 1552 2524 quoque
1569 2487 1639 2515 sciat
1660 2495 1708 2514 vo~

914 2534 1069 2562 luntatcm?
1091 2536 1181 2563 Verba
1199 2540 1289 2563 autem
1312 2537 1452 2571 propheta:
1472 2536 1511 2563 sic
1524 2535 1645 2562 habent:
1673 2533 1705 2560 Et

913 2590 970 2609 ecce
985 2591 1031 2609 sc:
1046 2583 1095 2609 viri
1111 2583 1246 2609 ueniebant
1277 2583 1310 2610 de
1335 2584 1378 2610 via
1391 2588 1476 2617 portw
1493 2583 1602 2610 excelsa:
1621 2582 1704 2616 respi-

915 2629 1008 2655 cientis
1021 2629 1056 2655 ad
1073 2628 1239 2664 aquilonem,
1256 2634 1279 2655 et
1299 2629 1506 2663 uniuscujusque
1523 2636 1566 2654 ras
1581 2628 1705 2654 extermi-

913 2675 1027 2701 nationis
1050 2674 1080 2702 in
1106 2683 1187 2701 manu
1201 2675 1268 2710 ejus.
1284 2674 1316 2700 Et
1332 2675 1372 2701 vir
1382 2683 1450 2702 unus
1464 2676 1491 2701 in
1506 2673 1591 2700 medio
1612 2680 1703 2699 eorum

912 2720 1020 2746 vestitus
1046 2725 1115 2747 veste
1132 2721 1225 2752 talari,
1244 2726 1268 2747 et
1293 2728 1361 2747 zona
1376 2719 1493 2754 sappltiri
1508 2726 1588 2753 super
1612 2717 1701 2745 lumbo

910 2765 979 2800 ejus.
1001 2765 1033 2792 Et
1047 2766 1158 2800 ingressi
1178 2770 1248 2797 sunt,
1263 2771 1289 2792 et
1303 2770 1428 2792 steterunt
1443 2765 1605 2791 ndlta'rentes
1617 2762 1700 2789 altari

911 2820 1004 2840 (cuca:
1030 2818 1052 2840 et
1068 2812 1152 2848 gloria
1173 2812 1219 2840 Dei
1254 2812 1337 2840 lsrael
1356 2811 1481 2842 ascendit
1508 2810 1540 2837 dc
1567 2808 1701 2836 cherubin:
