1933 3075
208 153 261 182 255

790 145 820 175 S.
847 144 994 173 DIONYSII
1014 140 1246 171 AREOPAGITIE

1780 135 1834 164 256

209 215 336 242 exsistens
348 219 427 247 super
442 214 529 242 eos.et
543 209 643 237 vocavit
658 209 742 235 virum
755 208 800 242 qui
815 207 923 233 indutus
938 210 994 232 erat

1049 210 1107 229 σαν
1135 201 1184 227 καὶ
1214 201 1350 233 ἔστησαν
1373 193 1511 232 ἐχόμενοί
1539 196 1593 223 τοῦ
1620 193 1834 247 Mutati-ruptor:

209 265 277 288 ueste
290 258 382 290 talari,
395 257 440 292 qui
454 257 544 283 [tabuit
558 263 636 290 super
647 254 737 280 lumbo
752 254 810 288 ejus
829 260 921 280 zonam
935 261 997 286 sap-

208 307 288 341 phiri,
301 311 324 333 et
339 305 406 332 dixit
425 303 551 330 Dominus
570 302 604 328 ad
621 309 700 328 eum:
723 300 937 327 Transimediam
949 299 996 326 Je-

210 352 335 383 rusalem,
352 355 376 378 et
402 351 436 377 da
453 350 558 383 signum
580 356 658 382 super
684 347 784 382 [rantes
809 348 924 373 virorum
950 355 996 381 ge-

209 399 336 426 mentium
360 401 384 424 et
404 396 550 423 dolentium
579 403 658 428 super
683 395 787 420 cunctis
810 393 996 427 iniquitatibus

209 453 268 480 qua:
282 444 350 478 ﬁunt
371 444 399 469 in
425 442 512 468 medio
535 441 602 476 ejus.
631 439 666 466 Et
688 440 741 467 illis
761 440 838 470 dixit.
874 439 997 466 audiente

209 495 271 515 me:
288 488 327 514 lte
339 488 366 514 in
377 488 506 514 ciuitatem
527 491 585 520 post
610 494 679 518 eum,
700 491 723 511 et
746 485 888 519 parcutite,
907 489 932 512 et
945 492 997 511 non

209 534 325 569 parcatis
338 533 420 560 oculis
445 533 547 565 vestris,
572 537 596 558 et
610 540 661 559 non
678 531 735 567 84
748 531 942 563 misereamini;
954 539 997 558 se-

209 588 268 606 nem
286 584 310 606 et
322 579 458 612 juvenem,
480 583 504 605 et
520 578 648 613 virginem
669 583 692 604 et
706 577 847 612 paruulos,
864 582 888 604 et
901 577 996 604 mulie-

208 634 265 652 rem
278 625 418 659 interﬁcite
433 625 466 652 ad
482 625 649 655 deletionem,
661 632 738 657 super
749 628 837 651 autem
851 631 939 651 ontnes
951 632 997 650 su-

209 681 256 707 per
268 681 333 708 quos
345 677 382 699 est
402 673 507 707 signum
534 680 565 698 ne
581 671 796 706 appropinquetis
813 676 836 696 θ.
862 670 932 704 Quid
947 677 997 696 au~

211 722 266 745 tem
290 718 352 752 quis
363 718 438 744 dicat
452 718 485 745 de
500 716 547 744 illo
574 717 685 751 angelo,
708 717 754 751 qui
772 716 875 743 Dnnieli
892 718 931 742 ait
946 716 997 742 hoc

209 763 322 790 ethoc?
336 767 462 790 narratur
477 763 551 790 enim
565 763 591 790 in
607 762 714 790 decima
731 762 838 789 visione
856 761 995 788 Danielis:

210 808 245 836 Et
261 817 319 836 eccs
332 809 372 836 vir
389 808 507 841 Gabriel,
522 817 599 844 quem
611 809 667 835 vidi
690 809 718 835 in
733 808 833 836 visione
848 809 875 835 in
893 809 997 840 princi-

209 859 264 892 pio,
281 857 381 891 volans,
397 862 422 884 et
437 857 518 892 tetigit
534 865 575 884 me
589 857 664 892 quasi
677 857 742 883 hora
757 857 884 891 sacriﬁcii
894 865 997 891 vesper—

209 905 270 937 tini.
286 911 309 933 et
323 907 435 934 erudivit
450 915 501 939 me,
514 911 538 933 et
559 907 663 933 locutus
675 911 714 934 est
729 914 842 939 mecum,
870 911 895 933 et
915 906 994 938 dixit,

209 951 306 979 Daniel
323 961 392 979 nunc
406 961 526 987 egressus
551 961 609 979 sum
627 957 656 979 ut
679 953 821 987 praeberem
847 952 997 987 intelligen-

211 999 286 1026 tiam.
317 999 350 1026 ln
372 1000 503 1035 principio
528 1000 722 1036 deprecationis
748 1006 802 1027 tute
824 1008 944 1034 egressus
959 1005 996 1027 est

210 1054 307 1078 sermo,
331 1051 354 1073 et
380 1055 426 1081 ego
446 1047 504 1074 veni
530 1052 558 1074 ut
584 1049 770 1074 annuntiarem
800 1048 858 1079 tibi,
871 1047 935 1080 quia
957 1048 998 1074 vir

211 1093 405 1120 desideriorum
420 1102 447 1120 es
463 1099 492 1120 tu
509 1093 531 1120 ί.
548 1093 718 1125 Veliterum,
733 1093 798 1128 quid
811 1094 884 1120 dicat
899 1093 997 1128 aliquis

211 1139 245 1165 de
262 1138 307 1165 illo
322 1140 366 1173 qui
381 1139 469 1173 ignem
486 1139 600 1173 accepit,
615 1143 644 1166 ut
657 1138 682 1165 in
696 1139 839 1166 Ezechiele
859 1139 999 1166 narratur?

211 1185 251 1212 ait
263 1186 336 1212 enim
354 1196 359 1212 :
378 1184 410 1212 Et
427 1186 526 1220 factum
551 1190 601 1219 est,
616 1193 675 1212 cum
693 1186 856 1219 prazcepissel
875 1186 930 1220 ipse
941 1185 998 1212 viro

212 1229 258 1264 qui
269 1230 380 1257 indutus
405 1236 462 1257 erat
491 1230 559 1258 stola
571 1235 663 1257 sancta
686 1231 776 1258 dicens
792 1238 802 1257 .'
818 1231 899 1258 Sume
911 1231 998 1266 ignem

211 1277 245 1303 de
259 1277 345 1303 medio
361 1282 491 1310 rotarum,
511 1278 543 1304 de
555 1278 640 1305 medio
665 1278 820 1305 cherubim:
840 1282 863 1304 et
879 1278 998 1311 intravit,

211 1326 236 1349 et
250 1323 322 1349 stetit
336 1322 474 1350 adluerens
493 1324 567 1357 rotis,
594 1330 619 1351 et
647 1325 765 1352 extendit
780 1325 875 1351 cherub
891 1332 999 1351 manum

211 1376 288 1395 suam
299 1369 325 1395 in
338 1370 452 1396 medium
463 1369 531 1404 ignis
542 1371 693 1398 exsistentis
713 1371 741 1397 in
754 1370 839 1397 medio
854 1370 998 1403 cherubim,

211 1419 237 1441 et
249 1415 352 1445 accepit
378 1420 402 1442 et
434 1416 506 1442 dedit
530 1417 557 1442 in
574 1423 667 1443 manus
679 1416 735 1450 ejus
759 1417 805 1451 qui
819 1415 928 1443 indutus
942 1418 1000 1442 erat

211 1460 310 1487 stolam
338 1466 470 1493 sanctam,
488 1465 513 1488 et
537 1462 636 1496 accepit
654 1467 678 1489 et
701 1470 819 1497 egressus
836 1466 874 1489 est
892 1462 915 1488 ε.
942 1461 1000 1490 Hoc

212 1511 328 1534 sanctus
343 1507 388 1534 hic
403 1508 442 1534 ait
462 1507 567 1535 ordinis
594 1508 710 1542 angelici
725 1508 860 1535 rationem
876 1507 1000 1535 luculen-

213 1554 269 1581 tius
288 1553 462 1586 conﬁrmare,
477 1555 548 1588 quod
564 1554 659 1582 induto
672 1554 770 1582 stolam
783 1557 948 1589 praeceptum
964 1554 1000 1582 sit

213 1599 304 1634 ignem
323 1600 456 1634 accipere,
480 1600 598 1635 dumque
626 1600 677 1628 iret
697 1601 827 1635 utignem
849 1601 998 1636 acciperet,

213 1646 359 1680 quemdam
374 1646 516 1674 cherubim
541 1648 566 1675 ei
588 1647 770 1680 ministrasse,
794 1648 939 1683 ignemque
955 1656 1000 1676 ac-

214 1697 320 1727 ceptum
335 1692 360 1719 iu
377 1701 474 1720 manus
488 1693 538 1727 ipsi
552 1694 710 1720 tradidisse.
735 1694 863 1727 Rursum,
877 1695 941 1729 quid
957 1695 1001 1722 di-

213 1742 259 1766 cat
272 1739 334 1772 quis
346 1738 380 1766 de
393 1746 425 1765 eo
439 1739 484 1773 qui
499 1739 606 1766 vocavit
621 1739 999 1774 divinissimumGabrielem,

215 1784 326 1812 sicutin
340 1792 411 1812 nona
424 1785 531 1812 visione
551 1785 671 1813 Danielis
693 1787 942 1814 commemoratur?
967 1787 1001 1814 Et

214 1831 316 1865 factum
339 1837 390 1864 est,
409 1840 467 1859 cum
489 1832 601 1859 viderem
625 1841 672 1867 ego
701 1833 795 1860 Daniel
817 1834 1001 1867 uisionem,“

213 1885 358 1912 quwrerem
374 1878 586 1913 intelligentiam,
599 1883 625 1906 et
638 1888 695 1907 ecce
719 1880 791 1908 stetit
814 1881 843 1908 in
862 1887 1001 1915 conspectu

212 1932 271 1951 meo
288 1925 365 1960 quasi
379 1926 445 1952 visio
461 1927 519 1956 viri.
533 1931 557 1953 et
571 1926 660 1953 audiui
677 1935 762 1953 vorem
775 1927 823 1954 viri
836 1928 904 1954 inter
919 1927 1000 1955 Ubal:

212 1975 237 1998 et
250 1972 360 2003 vocavit,
379 1977 402 1998 et
416 1973 484 1999 dixit
495 1979 505 1998 :
521 1972 639 2002 Gabriel,
658 1973 701 2007 fur
718 1974 863 2009 intelligere
875 1974 949 2001 illum
960 1975 1000 2001 vi-

214 2017 332 2050 sionem;
344 2023 368 2044 et
383 2019 464 2050 venit,
479 2023 503 2045 et
518 2020 590 2045 stetit
608 2019 688 2053 juzrta
710 2021 847 2047 stationem
863 2029 965 2053 meam;
976 2025 1000 2047 et

213 2070 273 2088 cum
288 2063 385 2090 veniret
410 2064 466 2098 ipse
491 2064 613 2091 turbatus
633 2073 703 2098 sum,
731 2069 756 2092 et
776 2066 842 2092 cado
866 2067 892 2092 in
907 2067 1001 2101 facient

213 2116 310 2142 meum,
338 2113 362 2136 et
386 2109 454 2136 dixit
480 2111 514 2136 ad
530 2118 592 2137 me:
621 2110 755 2146 Intellige,
774 2111 815 2146 ﬁli
841 2112 954 2139 hominis
974 2113 1000 2140 ιλ.

213 2155 283 2189 Quid
299 2156 382 2183 vero?
406 2156 480 2183 dicat
512 2157 573 2191 quis
588 2166 595 2184 :
619 2159 701 2186 etiam
730 2164 840 2192 caetera,
855 2166 913 2193 qum
929 2167 943 2186 a
958 2167 1002 2187 sa-

1048 247 1101 274 τοῦ
1133 245 1263 280 χαλκοῦ·
1293 244 1342 271 καὶ
1366 243 1442 275 δόξα
1463 242 1517 269 τοῦ
1549 241 1622 268 Θεοῦ
1638 239 1692 267 τοῦ
1712 237 1835 272 Ἰσραὴλ

1047 291 1137 325 ἀνέϐη
1157 291 1215 318 ἀπὸ
1242 289 1295 316 τοῦ
1322 288 1463 323 χερουϐὶμ
1476 288 1495 322 η
1515 286 1594 313 οὖσα
1607 285 1652 312 ἐπ’
1666 283 1770 314 αὑτοῦ,
1786 282 1836 310 καὶ

1047 335 1176 364 ἐκάλεσε
1196 335 1250 362 τὸν
1263 333 1358 367 ἄνδρα
1371 333 1424 360 τὸν
1442 331 1624 359 ἐνδεδυκότα
1643 330 1696 357 τὸν
1707 328 1836 362 ποδήρη,

1047 383 1082 416 ὃς
1102 383 1185 416 εἶχεν
1198 380 1249 407 ἐπὶ
1274 379 1330 414 τῆς
1348 378 1464 412 ὀσφύος
1485 377 1542 411 τὴν
1567 375 1676 410 ζώνην⁹
1701 374 1751 401 καὶ
1771 374 1836 401 εἷπε

1047 430 1154 464 Κύριος
1167 426 1241 461 πρὸς
1257 425 1365 452 αὐτόν’
1377 424 1479 450 Δίελθε
1492 423 1593 458 μέσην
1611 421 1668 455 τὴν
1688 420 1838 454 Ἰερουσα-

1047 474 1120 509 λὴμ,
1144 472 1193 500 καὶ
1222 471 1274 503 δὸς
1299 469 1331 497 τὸ
1359 469 1486 503 σημεῖον
1511 468 1561 495 ἐπὶ
1585 468 1621 494 τὰ
1642 467 1765 502 μέτωπα
1777 465 1838 492 τῶν

1048 520 1167 555 ἀνδρῶν
1198 517 1258 545 τῶν
1281 514 1569 546 καταστεναζῦντων,
1602 513 1652 540 καὶ
1674 512 1733 539 τῶν
1765 519 1838 538 κατ-

1047 565 1244 600 οδυνωμένων
1259 562 1309 590 ἐπὶ
1328 561 1440 594 πάσαις
1454 561 1517 594 ταῖς
1528 560 1665 595 ἀνομίαις
1680 559 1744 591 ταῖς
1757 565 1839 592 τινο-

1045 611 1149 646 μέναις
1164 609 1291 644 ἐνμέσῳ
1301 606 1405 640 αὐτῆς.
1417 605 1472 632 Kal
1484 605 1600 637 τούτοις
1614 604 1699 630 εἶπεν
1711 603 1838 630 ἀκούον-

1048 658 1098 690 τός
1107 665 1183 692 μου”
1210 654 1379 688 Πορεύεσθε
1406 651 1533 685 εὶς¹τὴν
1556 651 1646 677 πόλιν
1672 650 1768 676 ὀπίσω
1783 649 1838 675 αὺ-

1047 702 1111 734 τοῦ,
1126 701 1175 728 καὶ
1201 700 1335 730 κόπτετε,
1355 697 1405 724 καὶ
1420 697 1463 732 μὴ
1484 696 1622 731 φείδεσθε
1643 695 1705 727 τοῖς
1727 695 1838 729 ὀφθαλ-

1044 748 1113 782 μοῖς
1128 747 1221 782 ὑμῶν,
1237 745 1287 772 καὶ
1303 745 1346 780 μὴ
1375 743 1522 777 ἐλεήσητε
1533 751 1540 757 ·
1562 742 1772 776 πρεσϐύτερον,
1788 740 1838 767 καὶ

1047 795 1220 825 νεανίσκον,
1233 792 1283 820 καὶ
1292 791 1453 826 παρθένον,
1464 789 1514 817 καὶ
1529 789 1632 822 νήπια,
1647 787 1697 814 καὶ
1710 787 1838 822 γυναῖκα

1048 841 1241 868 ἀποκτείνατε
1267 840 1311 872 εὶς
1334 837 1502 871 ἐξάλειψιν,
1527 835 1578 863 ἐπὶ
1603 835 1638 861 δὲ
1663 833 1776 867 πάντας
1789 834 1837 868 ἐφ’

1047 886 1102 918 οὕς
1126 885 1192 912 ἐστι
1216 883 1248 910 τὸ
1278 881 1415 917 σημεῖον,
1441 881 1485 916 μὴ
1516 881 1664 915 ὲγτίσητε.
1690 879 1722 905 Τί
1742 878 1775 905 ἄν
1795 887 1838 910 τις

1048 931 1120 958 εἴποι
1137 930 1201 965 περὶ
1216 929 1263 956 τοῦ
1275 929 1392 963 ἀγγέλου
1407 928 1543 962 φήσαντος
1564 925 1603 961 τῷ
1629 925 1727 960 Δανιὴλ
1746 924 1777 951 τὺ
1790 923 1839 951 καὶ

1048 976 1097 1007 τός
1125 975 1237 1011 Φέρεται
1254 973 1308 1009 γὰρ
1335 974 1365 999 ὲν
1381 974 1413 1007 τῇ
1431 971 1530 1007 δεκάτῃ
1544 970 1636 1006 ὁράσει
1661 968 1707 996 τοῦ
1720 968 1837 1004 Δανιήλι

1047 1022 1104 1050 Kal
1120 1021 1183 1048 ὶδοὺ
1198 1022 1214 1047 ὁ
1227 1019 1303 1053 ἀνὴρ
1319 1018 1464 1051 Γαϐριὴλ,
1483 1017 1519 1043 ὃν
1533 1016 1613 1042 εἶδον
1627 1015 1662 1041 ἐν
1682 1014 1719 1048 τῇ
1735 1012 1839 1048 ὁράσει

1049 1069 1084 1094 ἐν
1110 1067 1148 1101 τῇ
1173 1065 1262 1101 ἀρχῇ,
1288 1065 1460 1099 πετόμενος,
1487 1063 1536 1089 καὶ
1560 1062 1659 1096 ἣψατό
1683 1069 1742 1095 μου
1766 1059 1839 1086 ὡσεὶ

1048 1113 1128 1148 ὥραν
1155 1112 1263 1144 θυσίας
1286 1109 1457 1144 ἐσπερινῆς,
1474 1108 1523 1135 καὶ
1545 1106 1703 1134 ἐσυνέτισέ
1725 1115 1773 1140 με,
1788 1105 1840 1132 καὶ

1049 1159 1183 1193 ἐλάλησε
1193 1158 1256 1192 μετ’
1267 1157 1350 1192 ἐμοῦ,
1363 1156 1412 1183 καὶ
1439 1155 1517 1182 εἷπε·
1535 1154 1662 1186 Δανιὴλ,
1675 1152 1733 1179 νῦν
1745 1151 1838 1185 ἐξῆλ-

1050 1207 1103 1233 θον
1115 1203 1295 1239 συμϐιϐάσαι
1309 1203 1448 1230 σύνεσιν.
1470 1202 1521 1228 Ἐν
1535 1199 1614 1235 ἀρχῇ
1636 1199 1691 1233 τῆς
1706 1197 1839 1231 δεήσεὼς

1050 1259 1108 1278 σου
1141 1250 1271 1284 ἐξῆλθεν
1296 1250 1313 1276 ὁ
1340 1249 1450 1283 λόγος,
1486 1247 1536 1273 καὶ
1564 1245 1621 1281 ἐγὼ
1657 1245 1753 1279 ἦλθον
1784 1243 1839 1270 τοῦ

1050 1296 1223 1332 ἀναγγεῖλαι
1238 1304 1297 1326 σοι,
1330 1295 1374 1321 ὅτι
1404 1293 1482 1327 ἀνὴρ
1498 1291 1659 1326 ἐπιθυμιῶν
1680 1291 1709 1317 ετ
1731 1291 1782 1317 σύ.
1802 1289 1840 1316 Ἣ

1051 1344 1142 1375 πάλιν,
1159 1342 1186 1368 τί
1202 1342 1276 1376 λέγοι
1293 1341 1325 1368 ἄν
1337 1348 1380 1372 τις
1397 1341 1461 1375 περὶ
1477 1338 1524 1365 τοῦ
1541 1338 1572 1364 τὸ
1585 1337 1640 1373 πῦρ
1653 1336 1838 1371 ἀνειληφότες,

1051 1389 1142 1420 καθὼς
1168 1389 1197 1414 ὲν
1223 1387 1263 1422 τῷ
1290 1386 1420 1421 Ἰεζεκιὴλ
1447 1385 1574 1420 φέρεται;
1597 1383 1670 1417 λέγει
1687 1382 1754 1416 γάρ·
1783 1379 1841 1407 Καὶ

1050 1433 1168 1468 ἐγένετο
1194 1432 1287 1459 αὑτὸν
1302 1431 1336 1458 ἐν
1360 1430 1401 1463 τῷ
1428 1429 1621 1456 ἐντέλλεσθαι
1635 1426 1675 1459 τῷ
1698 1425 1784 1460 ἀνδρὶ
1799 1425 1840 1458 τῷ

1050 1478 1222 1506 ὲνδεδυκότι
1235 1477 1292 1511 τὴν
1318 1476 1435 1509 στολὴν
1461 1475 1518 1508 τὴν
1532 1474 1620 1509 ἁγίαν
1632 1472 1743 1507 λέγων·
1761 1471 1841 1498 Λάϐε

1051 1525 1111 1558 πῦρ
1138 1524 1172 1550 ἐκ
1196 1523 1294 1558 μέσου
1320 1521 1379 1548 τῶν
1401 1520 1526 1555 τροχῶν,
1555 1518 1602 1545 καὶ
1624 1519 1659 1544 ἐκ
1670 1517 1767 1552 μέσου
1781 1516 1841 1543 τῶν

1055 1570 1212 1607 χερουϐίμ’
1242 1568 1292 1595 καὶ
1304 1566 1439 1601 είσῆλθε,
1466 1565 1515 1593 καὶ
1536 1565 1609 1599 ἔστη
1624 1564 1767 1599 ἐχόμενος
1780 1562 1841 1589 τῶν

1051 1617 1179 1652 τροχῶν·
1205 1615 1254 1643 καὶ
1267 1614 1415 1648 ἐξέτεινεν
1429 1615 1445 1641 ό
1466 1612 1575 1647 χεροὺϐ
1594 1610 1651 1645 τὴν
1679 1610 1764 1644 χεῖρα
1784 1609 1839 1635 αὐ-

1051 1664 1105 1691 τοῦ
1128 1664 1172 1696 εἰς
1182 1661 1281 1697 μέσον
1296 1661 1349 1688 τοῦ
1366 1660 1461 1695 πυρὸς
1475 1659 1527 1686 τοῦ
1544 1657 1629 1690 ὄντος
1640 1657 1674 1683 ὲν
1684 1655 1769 1690 μέσῳ
1782 1654 1841 1681 τῶν

1054 1708 1207 1744 χερουϐὶμ,
1235 1707 1286 1734 καὶ
1299 1707 1398 1738 ἔλαϐε,
1414 1705 1463 1732 καὶ
1482 1705 1594 1732 ἔδωκεν
1614 1704 1658 1736 εἰς
1672 1702 1726 1735 τὰς
1740 1700 1841 1736 χεῖρας

1050 1755 1104 1782 τοῦ
1129 1754 1325 1785 ἐνδεδυκότος
1350 1752 1407 1786 τὴν
1430 1751 1548 1784 στολὴν
1574 1749 1631 1783 τὴν
1652 1749 1761 1782 ἁγίαν,
1791 1745 1841 1774 καὶ

1051 1801 1150 1831 ἔλαϐε,
1165 1800 1214 1826 καὶ
1229 1798 1349 1832 ἐξῆλθε.
1378 1797 1462 1824 Τοῦτο
1478 1796 1551 1830 λέγει
1579 1795 1625 1824 καὶ
1649 1793 1840 1829 περισσότερον

1051 1847 1091 1879 εἰς
1104 1844 1232 1877 εὐταξίας
1247 1844 1326 1878 λόγον
1348 1845 1363 1870 ὁ
1379 1843 1466 1877 ἅγιος,
1490 1843 1531 1868 ὅτι
1556 1840 1705 1867 ἐνετείλατο
1719 1838 1758 1873 τῷ
1770 1837 1843 1864 ἐνδε-

1051 1891 1143 1918 δυκὸτι
1160 1891 1209 1924 τὴν
1224 1889 1330 1924 στολὴν,
1347 1887 1439 1914 λαϐεῖν
1450 1888 1481 1914 τὸ
1493 1887 1548 1922 πῦρ
1561 1895 1567 1901 ·
1587 1886 1632 1912 καὶ
1654 1886 1683 1911 ὲν
1699 1884 1737 1919 τῷ
1753 1882 1842 1909 ἐλθεῖν

1051 1937 1132 1964 αὐτὸν
1147 1935 1240 1962 λαϐεῖν
1253 1935 1284 1962 τὸ
1301 1933 1367 1969 πῦρ,
1385 1933 1414 1960 ἓν
1437 1932 1490 1959 τῶν
1524 1931 1661 1967 χερουϐὶμ
1684 1929 1840 1964 διηκόνησε,

1052 1984 1098 2010 καὶ
1120 1981 1199 2009 ἔλαϐε
1215 1981 1246 2008 τὸ
1263 1981 1330 2017 πῦρ,
1354 1980 1401 2007 καὶ
1418 1979 1502 2005 ἔδωκε
1516 1979 1585 2012 πρὸς
1599 1977 1649 2008 τὰς
1662 1977 1756 2012 χεῖρας
1769 1973 1842 2001 hueb-

1052 2038 1110 2056 vou.
1129 2028 1166 2055 ’Ἡ
1178 2028 1268 2060 πάλιν,
1286 2027 1312 2053 τί
1329 2026 1362 2053 ἂν
1378 2025 1452 2060 λέγοι
1466 2033 1506 2056 τις
1523 2023 1586 2059 περὶ
1601 2023 1649 2049 τοῦ
1676 2020 1842 2056 κεκληκότος

1051 2075 1096 2101 τὸν
1114 2074 1249 2101 θειότατον
1260 2072 1390 2108 Γαϐριὴλ,
1407 2070 1498 2102 καθὼς
1521 2070 1549 2096 ὲν
1577 2070 1609 2104 τῇ
1627 2068 1649 2094 0’
1673 2067 1765 2103 ὁράσει
1794 2065 1842 2094 τοῦ

1053 2121 1153 2156 Δανιὴλ
1167 2120 1279 2156 φέρεται
1291 2127 1298 2152 ;
1324 2118 1380 2146 Καὶ
1393 2118 1511 2153 ἐγένετο
1528 2116 1563 2142 ἐν
1577 2115 1617 2148 τῷ
1631 2113 1705 2141 [δεῖν
1716 2121 1764 2147 με,
1785 2111 1844 2146 ἐγὼ

1052 2166 1175 2199 Δανιὴλ,
1191 2166 1248 2199 τὴν
1271 2164 1386 2198 ὅρασιν,
1413 2162 1462 2190 καὶ
1492 2161 1616 2195 ἐζήτουν
1634 2160 1777 2186 σύνεσιν
1793 2156 1844 2183 καί

213 2201 269 2228 eris
287 2202 428 2236 prophetis
450 2202 522 2230 dicta
550 2208 612 2230 sunt.
634 2205 668 2232 de
693 2204 796 2232 decoro
821 2206 919 2233 ordine
943 2213 998 2233 cm-

1053 2211 1117 2238 ὶδοὺ
1132 2212 1205 2244 ἔστη
1221 2209 1348 2236 ἐνώπιον
1372 2209 1446 2243 ἐμοῦ
1474 2208 1514 2240 ὡς
1529 2206 1633 2240 ὅρασις
1649 2203 1770 2238 ἀνδρὸς,
1794 2201 1845 2249 real

214 2246 334 2279 Iestium,
350 2248 395 2274 cui
422 2255 500 2276 sacer
525 2249 569 2276 hic
595 2249 662 2276 ordo
690 2251 998 2284 nosterhierarchicus,

214 2293 304 2327 quoad
324 2293 382 2321 ﬁeri
410 2298 510 2329 potest,
536 2295 728 2323 assimilatur:
757 2296 891 2330 siquidem
917 2305 1000 2332 supe-

215 2339 299 2366 rioris
313 2338 385 2366 illius
399 2339 521 2374 mystica:
551 2341 714 2368 hierarchiae
741 2342 859 2369 imitatio
875 2343 1000 2377 quaedam

215 2388 280 2410 sunt
298 2391 358 2418 qua:
372 2384 399 2411 in
415 2385 538 2412 Ecclesia
561 2387 750 2421 perﬁciuntur,
777 2392 803 2414 et
822 2388 880 2414 tunc
893 2388 1002 2416 decoris

215 2436 309 2456 eorum
326 2430 449 2464 quaedam
461 2437 526 2458 sunt
543 2432 674 2466 imagines
688 2441 695 2465 ;
722 2433 856 2467 siquidem
875 2434 934 2461 haec
952 2441 1001 2462 no-

216 2480 272 2503 stra
289 2477 443 2505 hierarchia
459 2485 507 2512 per
534 2477 607 2505 illam
632 2478 790 2506 eﬂ‘ormatur
813 2484 841 2507 et
856 2479 889 2506 ad
916 2480 1000 2508 Deum

217 2522 373 2556 adducitur,
391 2524 438 2559 qui
468 2525 686 2559 supernaluralis
714 2526 817 2553 ordinis
833 2526 1003 2561 principatus

217 2576 259 2598 est
275 2571 365 2599 omnis
383 2572 555 2605 hierarchiaz,
567 2580 732 2607 omnemque
755 2581 865 2601 sacrum
878 2573 1002 2601 ordinem

217 2617 345 2645 instituit.

1050 2256 1170 2291 ἤκουσα
1191 2255 1296 2290 φωνὴν
1323 2254 1432 2288 ἀνδρὸς
1443 2252 1595 2286 ἀνάμεσον
1610 2250 1663 2277 τοῦ
1690 2249 1789 2275 Οὺϐἀλ
1802 2248 1824 2263 ⁸³
1835 2256 1842 2262 ·

1053 2302 1103 2329 καὶ
1116 2301 1254 2333 ἐκάλεσε,
1279 2300 1329 2327 καὶ
1343 2301 1407 2327 εἷπε
1417 2308 1424 2314 θ
1437 2297 1580 2332 Γαϐριὴλ,
1597 2296 1761 2324 συνέτισον
1774 2293 1845 2320 ἐκεῖ·

1053 2358 1109 2377 νον
1122 2349 1179 2383 τὴν
1206 2349 1322 2382 ὅρασιν,
1353 2346 1402 2374 καὶ
1427 2347 1512 2381 ἦλθε,
1541 2343 1590 2371 καὶ
1612 2344 1686 2375 ἔστη
1702 2341 1846 2375 ἐχόμενος

1054 2396 1110 2430 τῆς
1139 2395 1275 2428 στάσεώς
1298 2402 1373 2430 μου·
1405 2393 1454 2420 καὶ
1481 2393 1516 2419 ἑν
1539 2390 1580 2424 τῷ
1611 2389 1711 2417 ἐλθεῖν
1740 2387 1844 2417 αὐτὸν,

1052 2441 1232 2477 ὲθαμϐήθην,
1261 2441 1310 2467 καὶ
1335 2441 1432 2466 πίπτω
1456 2438 1506 2466 ἐπὶ
1529 2436 1691 2471 πρόσωπόν
1703 2441 1779 2468 μου·
1796 2432 1846 2458 και

1052 2488 1118 2515 εἷπε
1147 2487 1222 2523 πρός
1241 2495 1296 2522 με·
1324 2486 1436 2518 Σύνες,
1462 2483 1509 2511 υἱὲ
1538 2481 1705 2516 ἀνθρώπου.
1738 2478 1772 2505 Τί
1797 2477 1845 2510 δέ;

1053 2534 1127 2568 λέγοι
1139 2522 1196 2565 τιξ·
1215 2533 1262 2559 καὶ
1285 2532 1335 2558 ὅσα
1347 2531 1414 2559 ἄλλα
1437 2529 1513 2565 παρὰ
1527 2528 1582 2555 τῶν
1600 2526 1680 2563 ἱερῶν
1697 2522 1846 2561 προφητῶν

1054 2578 1161 2615 εἴρηται
1184 2577 1313 2613 περὶτῆς
1346 2575 1497 2610 εὐκοσμίας
1526 2573 1581 2600 τῶν
1606 2572 1750 2608 οὔρανίων,
1777 2568 1846 2615 πρὸς

1054 2613 1088 2660 ἤν
1106 2625 1152 2651 καὶ
1167 2625 1184 2659 ὴ
1199 2623 1309 2656 εὐταξία
1323 2622 1374 2656 τῆς
1387 2622 1451 2657 παρ’
1472 2621 1539 2655 ἡμῖν
1552 2618 1702 2654 ἱεραρχίας,
1730 2615 1800 2642 κατὰ
1816 2613 1847 2640 τὸ

216 2662 339 2696 δδνατὸνν
371 2665 564 2701 ἀφωμοίιιπειν
591 2666 702 2702 μίμημα
726 2666 781 2701 γὰρ
799 2667 849 2702 τῆς
876 2667 930 2693 τῶν
950 2669 1006 2695 ἄνω
1024 2669 1311 2705 μυπικῆςὶεραρχίας
1337 2668 1371 2694 τὰ
1387 2669 1415 2693 ὲν
1447 2669 1481 2702 τῇ
1511 2664 1656 2699 Ἐκκλησία
1687 2661 1845 2696 τελούμενα,

217 2711 265 2740 καὶ
295 2710 381 2737 ταῦτα
408 2712 458 2748 τῆς
483 2712 596 2739 ἐκείνων
621 2713 786 2748 εὐπρεπείας
811 2713 915 2746 εἰκόνες
931 2715 1001 2741 εἰσί”
1017 2715 1153 2742 τυποῦται
1167 2715 1220 2751 γὰρ
1236 2716 1253 2750 ἡ
1270 2714 1329 2741 καθ’
1349 2715 1421 2749 ἡμᾶς
1451 2711 1575 2748 ἰεραρχία
1609 2708 1771 2742 δι’ὲκείνηςι
1801 2705 1848 2751 καὶ

219 2757 349 2792 ἀνάγεται
361 2758 429 2794 πρὸς
438 2758 519 2786 αὑτὺν
531 2759 577 2785 τὸν
593 2758 669 2791 Θεὸν,
678 2759 727 2794 τὴν
735 2758 895 2794 ὑπερούσιον
908 2759 1068 2795 ταξιαρχίαν
1076 2761 1185 2795 ἁπάσης
1196 2750 1345 2795 ἱεραρχίας,
1357 2759 1402 2785 τὸν
1409 2758 1501 2794 πάσης
1519 2756 1593 2792 ἱερᾶς
1604 2753 1706 2786 τάξεως
1715 2750 1846 2790 ἀρχηγόνο

275 2812 286 2825 ο
305 2805 403 2833 Ezech.
419 2813 456 2840 Ix,
471 2806 497 2834 2.
542 2805 552 2825 ί
566 2805 633 2834 Dan.
650 2813 686 2839 ix,
699 2805 744 2833 2|.
785 2805 907 2835 BEzech.
925 2813 953 2838 χ,
982 2806 998 2832 ti

1049 2807 1059 2826 ⁵
1076 2807 1142 2836 Dan.
1161 2814 1222 2839 rut,
1239 2806 1280 2834 15.

856 2851 972 2880 VARle
993 2850 1193 2880 LEGTIONES.

260 2887 283 2907 ν
295 2888 380 2918 οὐλαῖ.
