1933 3075
132 166 186 197 261

658 167 701 195 DE
718 166 879 195 C(ELESTE
899 166 1123 200 lilERARCIllA,
1142 168 1219 196 CAP.
1238 167 1284 195 ιιι.

1711 169 1766 197 εθίι

131 227 249 264 ἑτοίμως
262 227 302 259 εἰς
319 227 461 263 μετάδοσιν
477 226 700 262 ἀναπεπταμένον
715 226 762 253 τοῦ
780 225 924 262 θεαρχικοῦ

978 226 1084 252 caeteris
1106 233 1216 260 quoque
1240 225 1369 260 gentibus
1384 225 1392 260 (
1405 233 1420 253 e
1432 225 1529 260 quibus
1542 233 1591 253 nos
1603 227 1766 254 emersinms

131 274 223 307 φωτὸς
235 273 348 308 ἄπειρόν
359 281 388 299 τε
405 273 452 299 καὶ
464 273 578 308 ἄφθονον
594 271 722 306 πέλαγος)
747 271 797 298 οὐκ
813 269 924 305 ἔκφυλοί

129 328 206 350 τινες
222 319 388 346 ἐπεστάτουν
419 319 492 346 θεοί·
511 319 559 354 μία
586 319 615 344 δὲ
648 319 755 345 πάντων
779 317 860 353 ἀρχὴ,
878 317 926 343 καὶ

132 366 204 402 πρὸς
221 366 323 402 ταύτην
337 367 436 401 ἀνῆγον
452 366 515 398 τοὺς
527 365 687 400 ἑπομένους,
699 365 723 391 οἱ
737 364 797 391 καθ’
811 364 925 390 ἕκαστον

132 412 211 443 ἔθνος
239 412 431 448 ίεραρχοῦντες
459 411 579 446 ἄγγελοι.
612 411 664 437 Τὸν
688 410 854 446 Μελχισεδὲκ
882 409 925 435 ὲν·-

131 457 245 492 νοητέον
268 457 398 493 ἱεράρχην
425 457 489 483 ὄντα
516 455 729 491 φιλοθεώτατον,
754 456 784 482 οὺ
806 455 860 482 τῶν
877 455 928 481 οὐκ

131 503 230 533 ὄντων,
249 502 317 528 ἀλλὰ
329 503 376 530 τοῦ
394 503 478 534 ὅντως
491 503 566 534 ὄντος
579 503 693 537 ὑψίστου
709 501 777 528 Θεοῦ
787 511 794 517 '
810 503 856 529 καὶ
873 501 926 537 γὰρ

131 547 185 583 οὐχ
201 547 296 579 ἀπλῶς
311 548 357 574 τὸν
374 548 541 583 Μελχισεδὲκ
557 548 582 574 οἱ
609 547 732 581 θεόσοᾳοι
758 547 788 573 οὐ
806 547 928 581 φιλόθεον

134 594 228 629 μόνον,
246 594 315 621 ἀλλὰ
341 595 388 620 καὶ¹
412 595 488 630 ἱερέα
514 594 721 630 κεκλήκασιν,ἦ
744 593 787 619 ἵνα
802 595 858 625 τοῖς
870 593 930 628 ἐχέ-

133 648 233 675 φροσιν
262 640 386 676 ἐναργῶς
418 640 599 676 ὲμφοιίνωσιν,
630 640 670 666 ὃτι
689 640 725 675 μὴ
744 639 822 675 μόνον
849 640 929 670 αὐτὸς

133 686 183 712 ἐπὶ
195 684 242 711 τδν
258 685 342 717 ὅντως
370 686 434 712 ὅντα
463 686 529 712 Θεὸν
555 686 738 722 ὲπέστραπτο,
771 686 882 721 προσέτι
899 686 928 712 δὲ

133 732 184 757 καὶ
201 731 291 763 ἄλλοις
310 732 348 764 ὡς
381 732 512 768 ἱεράρχης
533 733 626 767 ἡγεῖτο
641 732 690 767 τῆς
711 732 758 758 ἐπὶ
773 732 823 767 τὴν
839 731 925 767 ἀληθῆ

135 778 185 803 καὶ
210 778 293 813 μόνην
306 778 433 814 θεαρχίαν
457 778 612 813 ἀναγωγῆς.

977 270 1011 297 ad
1031 270 1095 297 illud
1109 270 1192 297 divini
1205 270 1314 297 luminis
1327 270 1489 297 immensum
1507 275 1535 298 et
1560 273 1701 300 exundans
1717 279 1766 307 pe-

977 316 1064 350 lagus,
1081 317 1154 350 quod
1170 317 1195 342 in
1212 321 1338 350 promptu
1351 316 1478 343 omnibus
1495 317 1528 343 ad
1544 318 1763 352 participandum

977 368 1019 390 est
1035 362 1197 397 expansum)
1225 370 1279 390 non
1296 363 1376 389 alieni
1395 363 1504 396 quidam
1536 364 1571 390 dii
1596 364 1766 397 praefuerint,

980 407 1028 434 sed
1041 415 1124 434 unum
1141 407 1261 434 omnium
1288 407 1463 441 principium,
1489 412 1517 434 et
1533 411 1566 434 ad
1581 407 1644 434 illud
1661 408 1766 444 angeli,

979 453 1023 487 qui
1044 453 1143 487 cuique
1164 452 1268 479 nationi
1298 453 1419 487 prml'ecti
1437 458 1528 485 erant,
1557 461 1687 487 sequaces
1702 461 1766 481 suos
1801 461 1806 466 ’

978 499 1155 526 adducerem.
1169 497 1351 525 Considerare
1371 498 1438 525 libet
1451 497 1662 531 Melchisedech,
1675 499 1766 533 ponti-
1794 520 1798 526 .

979 544 1056 571 licem
1079 544 1153 571 illum
1171 543 1226 570 Deo
1245 543 1450 575 charissimum,
1463 543 1509 578 qui
1525 551 1695 578 nequaquam
1708 545 1767 571 ina-

979 590 1053 617 nium
1079 589 1264 621 deorum,sed
1288 589 1413 616 altissimi
1433 589 1545 624 verique
1562 590 1608 616 Dei
1637 591 1767 617 sacerdos

981 636 1056 663 fuit:
1073 643 1161 669 neque
1172 636 1245 662 enim
1262 635 1422 670 simpliciter
1445 635 1669 662 Melcliisedecum
1689 636 1767 663 theo-

980 683 1034 718 logi
1055 691 1108 710 non
1122 683 1208 710 Solum
1241 682 1287 709 Dei
1305 682 1435 713 amicum.
1463 681 1510 708 sed
1538 687 1567 708 et
1595 681 1766 709 sacerdotem

980 729 1167 764 appellarunt;
1198 733 1228 755 ut
1242 728 1282 756 vel
1311 728 1350 755 sic
1376 728 1598 762 prudentioribus
1615 733 1709 763 aperte
1726 728 1767 756 in-

979 778 1113 808 dicarent,
1128 784 1180 803 non
1193 776 1272 803 modo
1290 776 1376 810 ipsum
1404 775 1437 802 ad
1454 783 1548 802 verum
1573 775 1655 803 Deum
1681 775 1767 803 fuisse

135 829 313 851 conversum.
339 831 434 851 verum
464 824 548 852 etiam
581 825 643 851 aliis
674 823 708 851 ad
737 831 830 851 veram
848 828 876 851 et
900 823 986 851 solam
1015 830 1226 858 supremamque
1254 821 1387 849 Deitatem
1412 821 1596 856 provehendis
1607 824 1701 851 ducem
1718 830 1768 851 ex-

139 869 263 905 saitisse.‘

923 919 1007 956 §lV.

172 1005 230 1032 Καὶ
251 1003 330 1030 τοῦτο
354 1003 383 1030 δὲ
408 1003 458 1040 τὴν
480 1004 528 1040 σὴν
551 1003 709 1040 ἱεραρχικὴν
732 1002 839 1030 σύνεσιν
860 1002 926 1029 ὑπο-

1012 1000 1081 1029 Illud
1107 1007 1214 1036 quoque
1240 1001 1386 1035 pontiticiaa
1421 1004 1473 1028 tuze
1498 1001 1619 1029 scientiae
1644 1009 1764 1032 comme-

138 1052 288 1088 μεθήσομεν,
300 1051 340 1077 ὅτι
349 1052 395 1077 καὶ
405 1051 444 1086 τῷ
455 1051 555 1086 Φαραὼ
566 1051 633 1086 πρὸς
646 1051 692 1077 τοῦ
703 1051 759 1082 τοῖς
769 1049 929 1084 Αἰγυπτίοις

136 1096 347 1127 ἐπιστατοῦντος
356 1097 482 1130 ἀγγέλου,
507 1096 553 1121 καὶ
572 1095 611 1130 τῷ
624 1095 799 1122 Βαϐυλωνίων
818 1093 927 1130 ἄρχοντι

136 1142 208 1178 πρὸς
233 1141 279 1168 τοῦ
304 1141 416 1173 οἰκείου,
432 1140 523 1167 καὶτὸ
546 1141 596 1176 τῆς
619 1141 728 1167 πάντων
740 1140 868 1176 προνοίας
881 1139 928 1166 καὶ

137 1188 300 1224 κυριότητος
314 1187 491 1224 κηδεμονικὸν
505 1187 553 1213 καὶ
570 1186 770 1219 ὲξουσιαστικὸν
789 1187 860 1213 κατὰ
879 1186 928 1218 τὰς

136 1234 248 1269 ὁράσεις
271 1232 492 1269 διεπορθμεύετο,
512 1234 559 1260 καὶ
576 1235 632 1264 τοῖς
647 1233 750 1260 ἔθνεσιν
770 1233 883 1265 ὲκείνοις
901 1233 926 1259 oi

136 1279 186 1306 τοῦ
208 1279 292 1311 ὅντως
308 1279 375 1305 Θεοῦ
384 1279 691 1314 θεράποντες,ἡγεμόνες
706 1279 867 1306 καθίσταντο
876 1281 926 1316 τῆς

136 1324 194 1350 τῶν
218 1324 394 1351 τυπωθεισῶν
411 1323 463 1351 ὑπὸ
480 1325 532 1351 τῶν
547 1324 699 1358 ἁγγελικῶν
712 1325 734 1340 ⁶⁹
742 1326 863 1360 ὁράσεων
880 1327 927 1352 ὲκ-

138 1370 296 1405 φαντορίας,
320 1372 377 1402 τοῖς
394 1370 448 1396 τῶν
467 1369 590 1404 ἀγγέλων
607 1370 689 1404 ἐγγὺς
705 1371 788 1406 ἱεροῖς
803 1371 925 1406 ἀνδράσι,

137 1415 179 1451 τῷ
192 1417 300 1452 Δανιὴλ,
316 1417 364 1443 καὶ
379 1417 418 1452 τῷ
438 1416 535 1452 Ἰωσὴφ
550 1418 581 1442 ὲκ
596 1416 663 1443 Θεοῦ
680 1417 713 1443 δι’
727 1417 848 1452 ἀγγέλων
860 1418 927 1444 ἁπο-

137 1461 324 1497 καλυφθείσης
334 1470 340 1476 ·
358 1461 406 1497 μία
420 1462 474 1498 γάρ
485 1463 556 1488 ἐστιν
567 1463 583 1497 ἡ
597 1462 704 1489 πάντων
715 1463 785 1499 ἀρχὴ
800 1464 846 1490 καὶ
857 1463 926 1499 πρό-

136 1516 209 1534 νοια.
235 1508 291 1534 Καὶ
304 1508 428 1543 οὐδαμῶς
439 1508 554 1543 οἰητέον,
578 1509 710 1535 Ἰουδαίων
737 1509 786 1544 μὲν
803 1510 924 1546 ἀποκλη-

139 1553 265 1588 ρωτικῶς
285 1553 409 1589 ἡγεῖσθαι
434 1554 482 1590 τὴν
500 1554 637 1590 θεαρχίαν,
651 1556 781 1591 ἀγγέλους
797 1557 825 1584 δὲ
843 1557 925 1591 ἰδίως,

136 1598 154 1633 ἦ
182 1599 331 1634 όμοτίμως,
359 1599 374 1635 ἢ
404 1600 559 1633 ἀντιθέτως,
588 1601 604 1637 ἢ
631 1601 708 1634 θεούς
724 1611 800 1634 τινας
813 1603 925 1639 ἐτέρους

137 1641 296 1670 ἐπιστατεῖν
308 1646 364 1676 τοῖς
381 1645 470 1677 ἄλλοις
493 1645 613 1672 ἔθνεσιν·
643 1647 711 1674 ἀλλὰ
727 1649 775 1675 καὶ
790 1649 820 1674 τὸ
835 1649 924 1684 λόγιον

981 1048 1157 1080 morabimus,
1175 1052 1205 1074 ut
1223 1052 1250 1074 et
1263 1047 1402 1074 Pharaoni
1419 1047 1452 1074 ab
1465 1047 1564 1082 angelo
1577 1048 1769 1084 Egyptiorum

979 1095 1105 1129 praeside.
1118 1098 1145 1121 et
1156 1093 1368 1128 Babyloniorum
1380 1093 1496 1128 principi
1513 1101 1526 1120 ιι
1540 1095 1650 1128 proprio
1665 1095 1760 1124 itidem

978 1141 1106 1168 omnibus
1134 1139 1328 1173 prospicientis
1359 1144 1442 1174 atque
1478 1139 1645 1168 dominantis
1676 1142 1769 1176 provi-

978 1184 1071 1211 denlia
1103 1188 1279 1218 potestasque
1309 1191 1360 1219 per
1383 1184 1500 1212 visiones
1528 1184 1609 1212 fuerit
1628 1186 1765 1222 intimata,

977 1237 1061 1266 utque
1076 1231 1202 1266 gentibus
1220 1232 1281 1259 istis
1309 1231 1365 1259 veri
1390 1231 1437 1259 Dei
1463 1233 1591 1265 ministri,
1620 1234 1765 1262 ductorum

978 1277 1066 1304 instar
1092 1277 1194 1304 fuerint
1220 1278 1399 1312 praefecti.“
1417 1278 1546 1314 ﬁguratas
1573 1279 1634 1308 illas
1659 1282 1766 1317 angeli-

976 1332 1022 1351 cas
1035 1323 1155 1351 visiones
1183 1325 1414 1359 interpretandas,
1427 1333 1488 1360 quae
1503 1326 1570 1354 viris
1585 1327 1691 1354 sanctis
1716 1335 1767 1354 an-

976 1370 1099 1404 gelorum
1118 1370 1266 1403 similibus,
1297 1370 1415 1402 Danieli.
1442 1371 1566 1406 inquam,
1582 1377 1610 1400 et
1635 1372 1767 1408 Josepho.

977 1423 1010 1442 ex
1035 1420 1115 1450 parte
1135 1415 1181 1442 Dei
1198 1422 1247 1450 per
1262 1416 1373 1450 angelos
1388 1420 1451 1443 ante
1465 1415 1575 1444 fuerant
1595 1418 1765 1446 revelata”

977 1467 1061 1486 unum
1096 1460 1196 1495 quippe
1223 1461 1343 1488 omnium
1381 1466 1425 1488 est
1460 1462 1625 1497 principium
1658 1472 1768 1498 unaque

977 1505 1160 1540 providentia.
1203 1505 1297 1540 Neque
1325 1505 1379 1533 ullo
1420 1507 1500 1534 modo
1525 1509 1674 1542 putandum
1713 1515 1768 1542 est,

977 1551 1055 1586 quasi
1076 1550 1177 1578 Judmis
1190 1552 1299 1585 quidem
1325 1551 1422 1580 sortito
1451 1553 1523 1581 Deus
1553 1555 1703 1588 praefuerit,
1722 1564 1769 1583 au-

977 1597 1030 1632 geli
1058 1601 1147 1624 autem
1166 1604 1299 1629 seorsum,
1327 1597 1368 1624 vel
1399 1599 1553 1633 aequaliter,
1569 1599 1610 1627 vel
1631 1602 1767 1635 opposite.

977 1647 1024 1669 aut
1047 1642 1094 1669 alii
1125 1642 1207 1669 etiam
1224 1643 1261 1670 dii
1279 1644 1385 1670 caeteris
1411 1645 1537 1678 gentibus
1558 1645 1767 1680 imperitarint:

136 1689 229 1714 ἐκεῖνο
251 1689 321 1715 κατὰ
337 1690 415 1725 τήνδε
433 1690 482 1725 τὴν
500 1690 575 1726 ἱερὰν
590 1690 693 1719 ἔννοιαν
705 1693 863 1729 ὲκληπτέον,
877 1695 926 1731 οὐχ

979 1688 1026 1718 sed
1039 1687 1090 1714 hoc
1105 1688 1242 1722 eloquium
1262 1696 1328 1716 sano
1352 1690 1468 1724 quodam
1481 1698 1561 1718 sensu
1591 1699 1672 1719 sacro
1682 1693 1768 1721 intel-

136 1734 178 1766 ὼς
207 1734 388 1769 μερισαμένων
410 1735 477 1761 Θεοῦ
506 1735 565 1770 μεθ’
589 1736 688 1772 ἐτέρων
712 1738 780 1764 θεῶν
811 1739 826 1775 ἢ
845 1740 926 1775 ἀγγέ-

137 1780 195 1806 λων
211 1779 260 1815 τὴν
276 1774 346 1807 ’καθ’
360 1781 432 1816 ἡμᾶς
444 1782 601 1816 ἠγεμονίαν,
626 1783 674 1810 καὶ
695 1784 742 1810 τοῦ
763 1774 867 1821 Ἰσραὴλ
887 1787 927 1819 είς

136 1824 276 1860 ἐθνάρχην
306 1826 353 1852 καὶ
384 1826 495 1860 ὲοναγὸν
522 1828 772 1864 ἀποκληρωθέντας,
798 1831 855 1859 ἀλλ’
878 1833 925 1866 ὡς,

135 1871 225 1906 αὐτῆς
232 1872 280 1906 μὲν
286 1873 333 1908 τῆς
343 1874 406 1907 μιᾶς
415 1874 540 1901 ἁπάντων
548 1876 571 1891 ⁷⁰
579 1875 704 1910 Ὑψίστου
714 1879 850 1913 προνοίας,
859 1881 927 1907 πάν-

136 1924 190 1947 τας
211 1915 370 1952 ἀνθρώπους
399 1919 538 1951 σωστικῶς
560 1921 620 1951 ταῖς
648 1921 702 1948 τῶν
718 1925 825 1951 οἰκείων
843 1926 927 1960 ἀγγέ-

137 1961 196 2007 λων
209 1963 231 1977 τι
247 1963 423 1996 ἀνατατικαῐς
435 1968 630 2002 χειραγωγίαις
645 1969 831 2006 διανειμάσης,
848 1972 927 2007 μόνου

135 2006 168 2033 δὲ
186 2007 277 2042 σχεδὸν
301 2009 376 2045 παρὰ
399 2010 500 2042 πάντας
525 2012 572 2038 τοῦ
603 2014 709 2050 Ἰσραὴλ
735 2016 780 2042 ἐπὶ
805 2017 854 2052 τὴν
881 2017 927 2044 τοῦ

136 2054 223 2084 ὅντως
239 2055 340 2090 Κυρίου
356 2057 518 2090 φωτοδοσίαν
534 2059 579 2085 καὶ
592 2060 738 2094 ἐπίγνωσιν
746 2063 927 2098 ὲπιστραφένη

137 2109 195 2131 τος.
222 2100 303 2127 Ὅθεν
320 2102 335 2137 ἡ
354 2102 485 2136 θεολογία,
500 2103 530 2130 τὸ
548 2105 597 2139 μὲν
609 2106 705 2133 ἑαυτὸν
721 2108 916 2144 ἀποκληρῶσαι

137 2145 187 2172 τὸν
217 2146 322 2182 Ἰσραὴλ
339 2149 384 2174 ἐπὶ
411 2148 461 2184 τὴν
477 2149 523 2176 τοῦ
536 2150 620 2183 ὅντως
636 2152 703 2179 Θεοῦ
721 2153 867 2190 θεραπείαν
880 2157 929 2192 εμ-

138 2191 282 2225 φαίνουσα,
300 2193 340 2224 τὸ,
365 2194 506 2230 Ἐγενήθη
527 2197 612 2230 μερὶς
638 2199 760 2232 Κυρίου,
778 2202 869 2237 φησίν·
884 2191 928 2229 ὲν-

136 2237 301 2274 δεικνυμένη
320 2239 348 2266 δὲ
375 2240 416 2272 τὸ,
434 2243 481 2269 καὶ
509 2244 590 2270 αὐτὸν
622 2245 652 2271 ὲν
679 2245 727 2281 ἴσῳ
753 2249 809 2279 τοῖς
825 2248 929 2282 λοιποῖς

136 2282 243 2308 ἔθνεσιν
255 2284 459 2321 ἁπονεμηθῆναί
475 2295 528 2314 τινι
549 2289 603 2315 τῶν
620 2289 705 2323 ἁγίων
731 2291 863 2326 ἀγγέλων,
887 2295 929 2326 είς

134 2327 167 2353 τὸ
178 2328 213 2353 δι’
230 2329 310 2356 αὐτοῦ
335 2331 384 2366 τὴν
415 2331 480 2366 μίαν
507 2334 634 2360 ἁπάντων
651 2336 738 2371 ἀρχὴν
766 2337 926 2371 ἐπιγνῶναι,

979 1734 1115 1769 ligendum
1132 1739 1187 1766 est,
1205 1743 1258 1762 non
1280 1736 1358 1770 quasi
1384 1737 1454 1764 Deus
1471 1745 1532 1764 cum
1558 1738 1618 1766 aliis
1638 1739 1690 1767 diis
1719 1748 1768 1767 an-

978 1780 1080 1814 gelisve
1108 1781 1196 1808 nostri
1225 1781 1342 1815 partitus
1365 1783 1400 1810 sit
1415 1783 1669 1818 gubernationem;
1686 1790 1768 1820 atque

977 1826 1135 1853 Israelitica:
1169 1827 1257 1861 gentis
1289 1828 1489 1863 principatum,
1516 1834 1598 1865 atque
1637 1831 1767 1858 ducatum
1798 1836 1801 1843 ’

979 1873 1037 1906 ipse
1054 1873 1167 1904 sortitus
1190 1874 1226 1900 sit
1241 1881 1247 1906 ;
1262 1875 1311 1900 sed
1343 1875 1426 1908 quod,
1455 1883 1517 1902 cum
1533 1876 1666 1903 Altissimi
1685 1877 1766 1904 unica

978 1918 1023 1946 illa
1038 1928 1128 1946 rerum
1142 1921 1263 1947 omnium
1279 1921 1462 1955 providentia,
1472 1926 1585 1949 cunctos
1597 1922 1719 1950 homines
1733 1923 1767 1950 ad

978 1965 1093 1992 salutem
1106 1965 1267 2000 angelorum
1293 1967 1419 1994 ductibus
1442 1968 1585 1995 tradiderit
1604 1976 1769 2003 promoven-

978 2013 1037 2043 dos,
1059 2012 1134 2039 solus
1157 2012 1245 2040 ferme
1269 2012 1373 2046 Israel,
1397 2021 1453 2048 pne
1480 2015 1618 2048 omnibus.
1646 2016 1680 2043 ad
1706 2018 1767 2045 veri

979 2057 1026 2084 Dei
1053 2058 1180 2085 notitiam
1208 2063 1236 2086 et
1262 2058 1474 2087 illustrationem
1500 2060 1583 2088 fuerit
1607 2068 1766 2090 conversus.

979 2103 1070 2138 Itaque
1100 2104 1245 2140 theologia.
1270 2113 1331 2132 cum
1362 2107 1491 2140 populum
1521 2107 1702 2135 lsraeliticutn
1736 2116 1767 2136 se

979 2150 1036 2176 veri
1059 2150 1107 2177 Dei
1136 2150 1221 2177 cultui
1249 2152 1423 2186 mancipasse
1452 2157 1557 2185 narrat,
1576 2154 1638 2180 ait:
1663 2153 1766 2182 Factus

979 2200 1018 2222 est
1030 2204 1092 2229 pars
1105 2195 1214 2223 Domini
1229 2200 1248 2212 ἰ
1263 2206 1269 2229 ς
1297 2205 1360 2224 cum
1375 2203 1465 2225 autem
1477 2199 1605 2230 ostendit.
1621 2206 1681 2226 eum
1697 2207 1766 2234 quo-

980 2248 1043 2274 que.
1069 2241 1127 2275 pari
1146 2248 1208 2267 cum
1224 2242 1330 2268 cmteris
1350 2243 1507 2270 nationibus
1517 2243 1589 2276 jure.
1604 2249 1765 2271 sanctorum

980 2286 1090 2316 cuidam
1116 2287 1275 2321 angelorum
1303 2287 1391 2315 fuisse
1417 2290 1622 2325 consignatum,
1650 2294 1680 2317 ut
1706 2290 1766 2324 ejus

979 2339 1061 2366 opera
1093 2333 1202 2359 unicum
1232 2332 1296 2359 illud
1331 2341 1422 2361 rerum
1453 2335 1576 2362 omnium
1602 2335 1764 2370 principium

134 2373 183 2399 τὸν
207 2374 314 2410 Μιχαὴλ
337 2376 388 2411 ἔφη
406 2377 453 2403 τοῦ
481 2378 614 2406 Ἰουδαίων
631 2381 757 2416 ἡγεῖσθαι
780 2383 856 2416 λαοῦ,
876 2393 926 2410 σα-

979 2382 1151 2412 agnosceret,
1177 2378 1336 2406 Michaelem
1359 2378 1474 2407 Judaico
1486 2381 1586 2415 populo
1604 2381 1765 2416 proiectum

135 2418 197 2452 φῶς
225 2420 298 2454 ἡμᾶς
320 2421 515 2450 ἐκδιδάσκουσι-α
542 2425 581 2456 τὸ,
600 2425 663 2460 μίαν
689 2424 758 2453 εἶναι.
779 2428 832 2455 τῶν
859 2429 926 2456 ὅλων

134 2463 276 2498 πρόνοιαν,
293 2465 407 2493 ἁπασῶν
433 2466 487 2493 τῶν
510 2468 632 2504 ἀοράτων
655 2469 702 2495 καὶ
718 2470 825 2505 ὁρατῶν
841 2471 925 2498 δυνά-

135 2517 210 2543 μεων
228 2510 395 2545 ύπερουσίως
420 2513 654 2551 ὑπεριδρυμένην’
678 2516 782 2548 πάντας
803 2517 833 2543 δὲ
861 2519 925 2550 τοὺς

133 2554 196 2581 καθ’
224 2555 338 2583 ἕκαστον
365 2557 441 2590 ἔθνος
466 2559 677 2593 ἐπιστατοῦντας
704 2563 846 2596 ἀγγέλους,
880 2565 924 2591 ἐπ’

131 2598 219 2635 αὐτὴν
255 2600 294 2632 ὠς
308 2603 410 2629 οἰκείαν
423 2604 445 2618 ⁷²
457 2604 544 2640 ἀρχὴν
566 2606 629 2637 τοὺς
647 2607 794 2642 ἑπομένους
818 2608 925 2635 ἐθελου-

133 2644 211 2676 σίως,
229 2645 280 2681 ὅση
296 2645 419 2682 δύναμις,
454 2648 653 2682 ἀνατείνοντας.

176 2771 184 2788 ι
202 2769 271 2800 Dan.
288 2780 317 2799 ιι.
357 2777 375 2788 ’τι
392 2773 471 2800 Deut.
488 2781 577 2808 xxxii,
592 2774 620 2802 9.
655 2780 668 2792 η
686 2776 754 2803 Dan.
771 2784 800 2803 χ.

983 2424 1075 2455 tradit,
1099 2429 1192 2458 aperte
1207 2426 1309 2454 docens
1349 2426 1457 2453 unicum
1480 2434 1541 2454 esse
1555 2428 1676 2454 omnium
1703 2435 1766 2462 pro-

980 2469 1141 2502 videntiam,
1167 2470 1298 2505 sequo;
1324 2472 1429 2500 cunctis
1453 2473 1534 2500 simul
1559 2477 1613 2500 tam
1641 2473 1766 2501 invisibi-

978 2514 1053 2542 libus
1082 2523 1163 2549 quam
1193 2516 1346 2545 visibilibus
1367 2517 1515 2545 virtutibus
1530 2519 1765 2552 superessentiali-

980 2566 1023 2588 ter
1039 2567 1151 2596 praestet
1166 2566 1180 2580 ιι
1195 2570 1202 2595 ;
1217 2569 1312 2590 omnes
1342 2568 1433 2591 autem
1453 2563 1564 2599 angelos
1595 2564 1763 2600 singularum

978 2608 1100 2642 gentium
1130 2607 1292 2642 praefectos,
1320 2609 1354 2635 ad
1378 2609 1443 2638 illud
1473 2611 1560 2644 ipsum
1588 2612 1763 2645 principium,

979 2658 1008 2679 ut
1023 2653 1175 2687 proprium,
1189 2660 1248 2687 eos,
1264 2653 1310 2688 qui
1336 2654 1408 2682 ultro
1425 2663 1457 2683 ac
1483 2662 1579 2691 sponte
1602 2661 1753 2691 sequantur

978 2700 1122 2727 deducere.

801 2833 917 2862 νΑιιιΑε
935 2834 1128 2863 LECTIONES
1135 2858 1141 2864 .

164 2887 186 2903 ’θ
203 2888 379 2932 Symposio-th
395 2889 447 2932 ὑπὸ
462 2889 516 2932 τιῖιν
540 2890 676 2932 ἀγγέλων,
697 2891 752 2932 (Jb.
766 2892 797 2932 8ἶ
810 2893 928 2932 one-.5»;
947 2903 999 2922 non
1013 2900 1054 2921 est
1078 2896 1103 2922 in
1127 2895 1156 2930 [λ.
1195 2896 1218 2918 ⁷⁸
1233 2896 1362 2925 ἁπάντων
1385 2905 1438 2926 non
1456 2897 1551 2926 habuit
1572 2897 1761 2932 ειιηπάντων,

133 2924 166 2950 D.
207 2923 228 2938 ⁷¹
242 2925 290 2951 Ui.
306 2925 389 2958 ἁγίων
406 2925 540 2959 ἀγγέλων.
564 2923 601 2943 ’θ’
615 2927 652 2958 ὡς
669 2927 713 2953 ἐπ’
730 2928 844 2961 οἰκείαν,
864 2929 894 2956 D.
