1933 3075
78 193 128 222 ἓξὶῦ

337 193 380 220 DE
399 191 561 220 αοειεετι
583 189 805 222 HlERAIiCHlA,
823 188 898 216 CAP.
919 188 966 216 IX.
986 203 1020 209 —-
1038 186 1212 215 PARAPHR.
1230 186 1466 216 PACIIYMERA‘I.

1647 189 1702 217 εδδ

77 252 124 287 τὴν
139 251 226 282 ὅντως
243 251 290 277 καὶ¹
306 250 473 286 ὑπεράρχιον
499 248 596 280 ὁλικῶς
606 247 807 283 ἐπεστράφθαι·
827 246 865 277 ὡς

919 253 1011 272 verum
1036 253 1069 272 ac
1090 244 1352 279 superprincipalcm
1375 245 1557 280 principatum
1580 248 1702 275 totalith

77 296 129 331 γὰρ
143 296 274 331 φωτεινὸς
300 296 315 322 ὁ
332 294 557 331 ἐπεστραμμένος
581 294 649 330 πρὸς
675 293 768 329 ἥλιον,
793 291 865 318 οὕτω

74 342 123 369 καὶ
147 343 231 377 ἀρχαὶ
256 341 283 368 αἱ
306 341 374 377 πρὸς
397 341 484 377 ἀρχὴν
510 341 560 376 τὴν
580 339 746 376 ὑπεράρχιον
761 337 866 374 ἀφορῶ-

76 398 132 416 σαι.
157 389 193 416 Ἢ
211 389 258 415 καὶ
269 388 356 420 ἄλλως
366 396 372 403 ·
388 388 461 414 Διότι
477 388 579 423 ἐτέρων
595 386 735 422 ἡγοῦνται,
760 386 865 421 ἀρχαγ-

75 434 164 469 γέλων
181 434 251 469 φημὶ
274 433 322 460 καὶ
341 433 476 467 ἀγγέλων,
506 432 574 468 πρὸς
589 432 638 468 τὴν
656 432 784 466 τοιαύτην
805 431 865 457 ἐπι-

76 479 206 516 στροφὴν,
218 481 265 506 καὶ
278 479 322 506 διὰ
331 479 362 506 τὸ
387 479 455 515 πρὸς
468 478 551 514 αὐτὴν
563 478 669 513 ἐκείνην
680 477 729 513 τὴν
746 477 866 513 ὑπεράρ-

75 533 136 561 χιον
166 525 274 561 ἀρχὴν,
297 523 346 560 τὴν
376 524 424 551 καὶ
451 523 501 555 τὰς
525 523 611 559 ἀρχὰς
639 523 790 558 ποιήσασαν
819 521 866 548 καὶ

75 572 329 607 δημιουργήσασαν,
351 569 565 603 ἀποτυποῦσθαι,
590 569 638 596 καὶ
655 570 701 595 ἐπὶ
716 568 749 595 τὰ
765 568 866 604 ἀόρατα

75 618 159 645 αὐτοῦ
174 619 230 650 τοῖς
248 618 380 654 ποιήμασι
401 617 533 653 νοούμενα
546 615 714 652 καθορῶνται
737 614 808 642 κατὰ
821 614 866 642 τὸν

83 664 257 692 ’Δπόσ-τολον.
282 664 338 692 Οὐκ
356 664 453 699 ἔχομεν
465 663 494 690 δὲ
517 663 617 690 ειδέναι
639 662 688 697 τὴν
705 661 866 697 ὑπεροὺσιον

77 710 188 747 ἐκείνην
202 711 290 747 ἀρχὴν
302 710 356 737 τῶν
373 709 487 737 ἀπασῶν
505 709 618 742 τάξεων.
639 707 865 743 Ἑπωνυμοῦνται

75 756 171 792 ἁρχαὶ,
190 756 228 788 ὡς
251 755 359 791 ἐκείνην
382 755 430 791 τὴν
452 754 538 791 ἀρχὴν
556 754 766 788 ἀναφαίνοοσαι,
786 753 813 778 ἐν
826 750 867 787 τῷ

75 803 198 835 δυνατῶς
210 803 257 830 καὶ
272 802 333 829 καθ’
346 802 401 836 ἕξιν
411 803 482 837 ἔχειν
496 802 580 837 αὐτὴν
597 801 665 837 πρὸς
677 800 726 836 τὴν
738 798 866 834 τοιαύτην

75 847 196 884 ἀρχικὴν
212 846 360 882 εὐκοσμίαν
376 855 405 872 τε
425 846 472 873 καὶ
485 845 664 872 κατάστασιν.

917 295 1112 317 convertantur
1125 299 1131 316 :
1145 291 1218 317 sicut
1231 290 1304 317 enim
1323 290 1428 318 lucidus
1437 292 1599 328 exsistitqui
1614 294 1647 320 ad
1661 302 1700 320 so-

917 336 968 364 lem
983 344 1132 364 conversus
1146 341 1199 368 est,
1218 336 1254 362 ita
1270 343 1378 370 quoque
1406 337 1586 372 principatus,
1600 338 1646 373 qui
1671 340 1704 366 ad

917 383 1098 418 principatum
1109 383 1368 418 superprincipalem
1383 384 1533 411 intuentur.
1561 384 1608 412 Vel
1621 385 1703 412 etiam

918 428 1014 455 aliter:
1032 428 1167 461 Quoniam
1193 427 1264 460 aliis,
1279 428 1460 463 archangelis,
1475 429 1600 464 inquam,
1615 435 1643 457 et
1656 437 1705 456 an-

920 473 998 509 gelis,
1010 473 1094 501 duces
1110 477 1174 501 sunt
1193 473 1345 501 istiusmodi
1361 474 1560 507 conuersionis,
1584 475 1706 510 adeoque

917 520 950 546 ad
971 519 1231 555 superprincipalem
1258 520 1333 547 illum
1358 520 1446 554 ipsum
1473 520 1657 555 principatum
1672 529 1704 548 ac

917 570 1078 592 cancrorum
1108 565 1306 600 principatuum
1339 571 1478 593 auctorem
1492 571 1519 594 et
1535 568 1704 595 conditorem

917 610 1152 642 conformationis,
1165 616 1204 643 et,
1226 612 1375 638 secundum
1398 612 1571 646 Apostolum,
1584 612 1617 639 ad
1634 612 1705 640 invi—

918 656 1006 684 sibilia
1020 657 1103 691 ipsius
1117 657 1251 684 creaturis
1265 656 1403 684 intellecta
1416 663 1585 685 contuentur
1602 662 1626 684 °.
1644 658 1703 686 Non

917 709 1063 737 possumus
1079 706 1170 728 autem
1197 708 1277 728 nosse
1301 701 1538 736 supernaturalem
1556 702 1630 730 illum
1645 711 1706 730 om-

918 747 992 775 nium
1008 747 1134 774 ordinum
1151 747 1346 781 principatum.
1359 747 1538 782 Appellantur
1551 755 1616 775 vero
1627 749 1704 784 prin-

917 794 1045 829 cipatus,
1074 793 1147 828 quod
1175 793 1358 828 principatum
1397 793 1474 821 illum
1501 795 1702 828 manifestent,

917 844 1044 875 potenter
1072 845 1100 867 et
1128 840 1305 867 babitualiter
1321 846 1384 866 eum
1409 840 1442 867 ad
1457 841 1637 876 principalem
1662 846 1706 869 tuo

920 886 971 913 lem
998 890 1126 912 ornatum
1151 893 1183 912 ac
1198 890 1301 913 statum
1313 884 1474 914 obtinendo.

114 936 129 972 §
142 938 177 964 Il.
205 936 238 963 'H
254 935 282 962 δὲ
295 935 350 963 τῶν
372 935 457 970 ἁγίων
471 933 648 970 ἀρχαγγὲλων
664 931 724 958 ἐστὶ
745 931 794 967 μὲν
806 931 867 966 ὁμο-

955 930 969 966 ς
994 931 1028 958 ll.
1048 931 1211 959 Sanctorum
1229 939 1295 960 vero
1321 933 1549 968 archangelorum
1568 932 1636 961 ordo
1648 941 1706 962 co:-

75 983 164 1018 ταγὴς
176 984 237 1014 ταῖς
252 981 391 1018 ῥηθείσαις
405 979 544 1016 οὐρανίαις
563 980 671 1015 ἀρχαῖς,
689 977 698 1013 (
708 978 758 1014 μία
780 977 834 1013 γὰρ
851 978 869 1013 ἠ

78 1027 216 1064 ἱεραρχία,
245 1027 334 1054 αὐτῶν
363 1034 394 1053 τε
410 1025 530 1062 δηλονότι
559 1024 614 1051 τῶν
637 1023 739 1060 ἀρχῶν,
754 1023 870 1050 καὶτῶν

77 1073 266 1110 ἀρχαγγέλων,
282 1073 330 1100 καὶ
357 1072 397 1099 ἔτι
425 1070 479 1098 τῶν
496 1070 618 1106 ἀγγέλων
643 1069 744 1101 αὐτῶν,
762 1068 810 1095 καὶ
825 1068 870 1095 διὰ

75 1119 158 1147 τοῦτο
175 1120 215 1151 εἰς
234 1118 299 1154 μίαν
311 1118 387 1151 τάξιν
407 1115 672 1153 περιλαμϐάνονται·
697 1115 723 1141 τί
736 1113 791 1150 γὰρ
806 1113 869 1141 ἀλλο

76 1165 147 1192 είσὶν
162 1165 186 1191 οἰ
200 1163 365 1200 ἀρχάγγελοι
379 1184 386 1196 ,
399 1164 424 1190 εἰ
445 1162 482 1199 μὴ
505 1162 598 1197 τάγμα
614 1160 643 1194 ἐξ
655 1160 747 1196 ἀρχῶν
759 1159 806 1187 καὶ
818 1159 869 1194 ἀγ-

77 1211 167 1246 γέλων
181 1211 360 1246 συγκείμενον
370 1209 397 1246 ;)
413 1209 469 1237 ἀλλ’
483 1208 576 1245 ἐπειδὴ
589 1207 638 1234 οὐκ
651 1206 724 1233 ἐστιν
733 1205 868 1242 ίεραρχια,

77 1257 117 1293 μὴ
132 1256 244 1292 πρώτας
251 1256 298 1284 καὶ
315 1257 401 1292 μέσας
421 1255 470 1282 καὶ
482 1254 640 1286 τελευταίας
652 1253 780 1289 δυνάμεις
793 1251 870 1287 ἐχου-

77 1311 123 1334 σα,
138 1302 183 1329 διὰ
194 1302 273 1329 τοῦτο
292 1303 308 1337 ὴ
321 1301 377 1328 τῶν
390 1299 569 1337 ἀρχαγγέλων
581 1298 667 1332 τάξις,
684 1298 722 1330 ὡς
741 1297 868 1334 μεσότης,

75 1347 133 1374 τῶν
150 1347 243 1383 ἄκρων
265 1345 494 1381 ἀντιλαμϐάνεται
509 1344 580 1372 κατά
602 1352 662 1371 τινα
681 1343 726 1371 καὶ
751 1342 870 1378 ἀμφοτέ-

78 1402 136 1429 ρων
161 1392 313 1420 κοινωνίαν.
337 1393 404 1423 Ταῖς
430 1391 480 1427 μὲν
502 1391 600 1427 ἀρχαῖς
620 1390 751 1422 κοινωνεῖ,
766 1389 806 1416 ὃτι
823 1389 870 1416 καὶ

76 1438 150 1475 αὑτὴ
164 1438 232 1474 πρὸς
257 1438 307 1474 τὴν
320 1436 482 1473 ὑπερούσιον
505 1436 602 1472 ἀρχὴν,
616 1436 663 1462 τὸν
683 1434 758 1467 Θεὸν,
771 1434 869 1467 ὑλικῶς

76 1484 277 1520 ἐπέστραπται,
297 1484 344 1510 καὶ
361 1483 429 1519 πρὸς
441 1482 549 1518 ἐκείνην
566 1481 764 1514 ἀποτυποῦται,
777 1480 870 1512 καθὼς

78 1530 135 1566 ἄρα
163 1530 210 1556 καὶ
226 1530 254 1556 αἱ
270 1529 370 1565 ἀρχαίο
388 1529 435 1555 καὶ
458 1528 520 1555 ἐπεὶ
542 1528 570 1555 αἱ
601 1527 684 1563 ἀρχαὶ
707 1525 870 1563 ήγεμονικαί

75 1578 131 1604 εἱσι
141 1577 188 1603 καὶ
199 1576 326 1609 ἐνοποιοὶ,
343 1575 381 1612 μὴ
396 1575 480 1602 ἐῶσαι
496 1574 546 1606 τὰς
557 1573 648 1606 τάξεις
660 1572 867 1605 σκεδάννυσθαι,

75 1621 232 1648 ἐνοποιοῦσι
245 1622 361 1653 καὶτοὺς
373 1621 506 1656 ἀγγέλους
520 1620 663 1655 εὐκόσμως
673 1619 720 1646 καὶ
733 1619 869 1646 τάττουσι.

75 1668 142 1699 Τοῖς
166 1667 195 1694 δὲ
216 1668 344 1703 ἀγγέλοις
357 1667 438 1694 πάλιν
453 1667 585 1699 κοινωνεῖ,
607 1666 647 1692 ὃτι
662 1665 714 1692 είσὶ
731 1665 777 1692 καὶ
790 1662 870 1692 αὗται

74 1715 128 1749 τῆς
142 1715 313 1751 ὑποφητικῆς
327 1715 439 1748 τάξεως,
456 1714 503 1740 καὶ
516 1713 690 1748 ὑποδέχονται
710 1711 759 1744 τὰς
776 1711 872 1747 ἐλλάμ-

73 1762 138 1797 ψεις
165 1761 210 1788 διὰ
224 1761 278 1788 τῶν
296 1761 411 1797 πρώτων
423 1761 574 1796 δυνάμεων.
589 1760 644 1786 Καὶ
654 1758 742 1790 ἄλλως
753 1760 809 1790 τοῖς
821 1759 870 1793 ἀγ-

73 1808 168 1843 γέλοις
184 1807 358 1834 κοινωνοῦσιν
375 1808 402 1833 αἱ
422 1807 514 1842 μέσαι,
537 1807 578 1832 ὅτι
600 1805 703 1837 ταύτας
723 1804 772 1836 τὰς
794 1804 870 1836 θείας

73 1853 228 1889 ἐλλάμψεις
237 1854 295 1885 τοῖς
307 1853 434 1888 ἀγγέλοις
446 1851 618 1887 ἀγγέλλουσι,
635 1852 682 1878 καὶ
703 1851 736 1878 δι’
747 1850 869 1885 ἀγγέλων

73 1901 145 1936 ἡμῖν
169 1900 363 1934 ἀναφαίνουσι·
392 1899 433 1926 διὸ
455 1898 520 1933 γοῦν
544 1898 590 1925 καὶ
617 1897 687 1924 κατά
709 1896 788 1923 τοῦτο
813 1897 870 1928 τοῖς

74 1946 206 1981 ἀγγέλοις
230 1945 421 1978 κοινωνοῦσιν,
450 1945 492 1971 ὅτι
515 1945 572 1976 τοῖς
604 1943 728 1978 ἀγγέλοις
751 1942 869 1978 χρῶνται

75 1993 147 2030 πρὸς
157 1992 208 2024 τὰς
229 1993 297 2028 πρὸς
322 1993 396 2028 ἡμᾶς
425 1992 623 2027 δηλοποιήσεις,
638 1989 709 2017 κατά
725 1989 869 2024 ἀναλογίαν

74 2038 133 2066 τῶν
149 2039 204 2065 ἀπὸ
216 2038 283 2065 Θεοῦ
301 2037 524 2074 ἐλλαμπομένων.
543 2038 574 2064 Οἱ
603 2036 658 2072 γὰρ
681 2036 801 2071 ἄγγελοι,
825 2036 870 2062 ἵνα

74 2086 127 2112 καὶ
143 2085 209 2121 περὶ
225 2083 315 2111 αὐτῶν
336 2084 460 2120 εἴπωμεν
471 2103 478 2115 ,
508 2082 731 2119 συμπληρωτικοί
751 2083 803 2109 εἰσι
817 2081 870 2108 πά-

75 2141 129 2168 σης
161 2131 286 2167 οὐρανίου
309 2131 524 2167 διακοσμήσεως,
546 2130 616 2166 πλὴν
638 2129 709 2156 κατά
725 2129 756 2156 τὸ
776 2129 868 2156 τελευ-

72 2180 153 2205 ταῖον
178 2178 223 2204 καὶ
249 2177 281 2204 τὸ
311 2177 424 2212 ἔσχατον
437 2185 443 2191 ·
484 2175 673 2212 συμπληροῦσι
696 2174 751 2211 γὰρ
770 2175 817 2202 καὶ¹
843 2175 868 2201 oi.

75 2224 180 2261 θρόνοι,
199 2223 266 2250 ἀλλὰ
286 2222 356 2250 κατά
370 2223 401 2249 τὸ
412 2221 531 2258 πρῶτον,
553 2222 600 2248 καὶ
626 2221 671 2248 διὰ
685 2221 764 2248 τοῦτο
778 2221 868 2256 έχουσι

921 979 1035 1007 lestibus
1062 979 1173 1014 quidem
1207 980 1270 1008 istis
1295 980 1496 1016 principatibus
1529 982 1642 1017 aequalis
1662 988 1706 1011 est

923 1024 998 1060 (nam
1016 1032 1069 1052 una
1093 1029 1136 1052 est
1150 1025 1316 1059 hierarchia,
1339 1026 1460 1061 ipsorum
1478 1033 1577 1061 nempe
1601 1028 1706 1062 princi-

920 1075 1045 1105 patuum,
1066 1075 1095 1098 et
1115 1071 1354 1107 archangelorum,
1368 1079 1451 1107 atque
1473 1073 1593 1107 ipsorum
1621 1073 1705 1101 etiam

921 1117 1093 1152 angelorum,
1107 1123 1190 1152 atque
1215 1118 1319 1146 idcirco
1349 1118 1384 1146 ad
1412 1126 1494 1146 unum
1513 1119 1640 1146 ordinem
1663 1127 1707 1147 re-

921 1164 1067 1191 ducuntur.
1088 1164 1159 1197 Quid
1182 1163 1256 1192 enim
1268 1163 1341 1191 aliud
1357 1168 1420 1191 sunt
1434 1165 1605 1199 archangeli,
1620 1172 1702 1200 quam

920 1210 987 1238 erdo
1000 1217 1033 1237 ex
1054 1211 1251 1246 principatibus
1274 1215 1302 1238 et
1324 1211 1427 1246 angelis
1446 1210 1616 1247 conﬂatus?)
1632 1220 1640 1239 :
1655 1219 1705 1239 ve-

920 1263 993 1290 rum,
1011 1264 1072 1283 cum
1087 1257 1159 1284 nulla
1184 1257 1219 1284 sit
1238 1256 1411 1290 hierarchia,
1437 1264 1499 1292 qua:
1520 1265 1573 1285 non
1603 1257 1706 1293 primas

919 1308 947 1329 et
969 1301 1074 1329 medias
1097 1307 1124 1331 et
1154 1308 1306 1338 postremas
1328 1303 1443 1331 virtutes
1467 1303 1582 1338 habeat,
1607 1304 1708 1334 idcirco

919 1348 1144 1384 arebangelorum
1168 1349 1234 1377 ordo
1250 1355 1378 1385 tanquam
1402 1351 1545 1385 medietas.
1570 1358 1708 1383 extremas

920 1394 1117 1427 quodammodo
1131 1394 1186 1430 90
1196 1394 1385 1429 complectitur
1397 1399 1572 1432 utrarumque
1587 1404 1710 1425 c0mmu-

921 1440 1067 1468 nicatione.
1083 1440 1223 1476 Siquidem
1233 1442 1418 1470 communicat
1426 1443 1632 1477 principalibus,
1642 1452 1710 1479 quo-

920 1486 992 1513 niam
1010 1487 1043 1512 ad
1056 1487 1311 1521 superessentialem
1324 1495 1432 1523 quoque
1447 1488 1641 1524 principatum,
1655 1489 1709 1517 sci-

920 1531 983 1558 licet
1008 1532 1109 1564 Deum,
1124 1532 1245 1560 totaliter
1268 1540 1416 1561 conversus
1431 1538 1483 1568 est,
1507 1539 1534 1561 et
1563 1534 1596 1561 ad
1620 1535 1707 1570 ipsum

922 1578 1109 1610 ei‘l'ormantur,
1124 1578 1197 1607 sicut
1212 1579 1293 1607 etiarn
1315 1580 1484 1614 principatus
1501 1589 1507 1606 :
1526 1585 1554 1607 et
1577 1581 1705 1615 quoniam

923 1624 1089 1659 principatus
1102 1625 1216 1652 ducendi
1233 1629 1259 1651 et
1272 1624 1420 1652 uniiicandi
1442 1625 1495 1652 vim
1518 1625 1630 1659 habent,
1649 1634 1704 1653 non

921 1670 1112 1705 permittentes
1126 1671 1237 1698 ordines
1253 1671 1389 1706 dissipari,
1401 1671 1512 1707 angelos
1525 1672 1606 1699 etiam
1623 1672 1705 1700 deco-

922 1723 953 1743 ro
977 1716 1072 1744 ordine
1100 1722 1288 1752 componunt:
1310 1717 1412 1752 angelis
1428 1725 1492 1744 vero
1508 1718 1591 1744 etiam
1623 1725 1701 1745 com-

921 1761 1077 1794 municant;
1103 1761 1166 1796 quia
1187 1762 1268 1789 etiam
1285 1768 1349 1789 sunt
1363 1761 1469 1789 ordinis
1489 1763 1656 1797 interpretis,
1679 1769 1707 1791 et

921 1815 970 1842 per
990 1807 1093 1842 primas
1115 1808 1229 1835 virtutes
1243 1808 1438 1836 illustrationes
1451 1809 1601 1844 accipiunt.
1616 1809 1704 1836 Etiam

920 1854 973 1881 alio
995 1853 1077 1881 modo
1096 1854 1176 1881 medii
1204 1854 1309 1889 angelis
1334 1854 1555 1888 communicant;
1575 1857 1704 1890 quoniam

921 1898 971 1926 has
1006 1898 1112 1926 divinas
1152 1898 1348 1926 illustrationes
1389 1898 1492 1933 angelis
1522 1901 1704 1935 annuntiant,

920 1949 948 1972 ct
981 1952 1031 1980 per
1065 1945 1176 1980 angelos
1219 1945 1298 1972 nobis
1341 1945 1539 1978 manifestam;
1574 1947 1706 1980 quamob—

921 1999 978 2018 rem
1002 1990 1084 2018 etiam
1111 1990 1259 2018 secundum
1286 1991 1337 2018 hoc
1366 1991 1470 2026 angelis
1489 1992 1704 2024 communicant.

919 2037 991 2073 quod
1005 2037 1108 2073 angelis
1129 2041 1240 2064 utantur
1263 2037 1297 2064 ad
1322 2043 1431 2065 nostras
1457 2038 1703 2073 manifestationes.

917 2084 997 2118 juxta
1017 2083 1201 2111 conditionem
1224 2091 1318 2111 eorum
1348 2083 1395 2118 qui
1417 2091 1431 2110 a
1450 2083 1504 2111 Deo
1520 2084 1703 2112 illustrantur.

919 2131 971 2166 ipsi
987 2130 1060 2158 enim
1077 2129 1175 2164 angeli,
1191 2133 1220 2157 ut
1233 2129 1316 2157 etiam
1330 2129 1364 2155 de
1388 2128 1421 2155 iis
1438 2129 1570 2163 dicamus,
1596 2137 1704 2159 omnem

919 2176 1057 2204 cwlestem
1073 2181 1199 2204 ornatum
1214 2175 1374 2210 complendo
1398 2174 1559 2208 terminant,
1575 2180 1705 2211 tanquam

919 2223 1049 2250 nimirum
1072 2222 1099 2250 id
1124 2222 1197 2257 quod
1226 2221 1351 2248 ultimum
1378 2226 1420 2249 est
1447 2221 1704 2257 novissimumque:

75 2269 129 2304 τὴν
154 2267 304 2304 ἀγγελικὴν
334 2268 406 2300 ἰδίως
427 2267 594 2302 ἐπωνυμίαν,
618 2268 665 2294 καὶ
695 2266 804 2302 μᾶλλον,
830 2266 867 2298 ὼς

919 2268 1057 2303 complent
1070 2268 1142 2295 enim
1166 2267 1248 2295 etiam
1262 2267 1365 2298 throni.
1381 2266 1429 2294 sed
1446 2272 1577 2301 tanquam
1591 2267 1617 2294 id
1633 2269 1705 2302 quod

75 2317 135 2347 τοῖς
147 2314 301 2351 ἀνθρώποις
327 2314 533 2350 πλησιάζοντες,
551 2314 575 2340 οἶ
604 2313 636 2349 δὴ
660 2314 707 2340 καὶ
721 2312 866 2348 μιμοῦνται

75 2361 123 2388 διὰ
134 2361 238 2388 τούτων
253 2360 288 2387 τά
315 2360 384 2387 θεῖα.
405 2359 490 2387 Τοῦτο
500 2360 554 2395 γάρ
567 2360 626 2385 ἐστι
645 2359 675 2385 τὸ
698 2358 866 2394 ἐμφανέστε-

77 2416 126 2443 ρον
136 2406 188 2441 τῆς
200 2406 340 2442 ἱεραρχίας
354 2405 444 2432 αὐτῶν
454 2414 460 2420 ·
479 2405 509 2432 οὐ
525 2404 580 2441 γὰρ
596 2404 711 2440 δεόμεθα
723 2404 803 2431 πάλιν
815 2404 869 2430 ἐτέ-

75 2461 134 2489 ρων
149 2452 219 2488 πρὺς
239 2452 289 2483 τὰς
308 2451 452 2478 ὺπάὺτῶν
480 2450 627 2486 ἐλλάμψεις
654 2451 701 2477 καὶ
722 2449 866 2484 ἀγγελίας·

74 2500 98 2526 εί
123 2497 180 2534 γὰρ
190 2495 224 2533 ἦν
239 2497 335 2529 τοῦτο,
364 2497 395 2523 τὸ
425 2496 540 2532 κρύφιον
566 2496 599 2523 ἂν
625 2494 697 2531 εἶχον
727 2495 775 2522 καὶ
796 2492 868 2521 οὗτοι

72 2543 149 2572 κατὰ
162 2543 241 2575 πολὺ,
259 2543 307 2569 καὶ
326 2543 357 2569 τὸ
384 2542 497 2577 ἔσχατόν
518 2550 548 2568 τε
565 2541 612 2568 καὶ
625 2539 804 2576 περικόσμιον
817 2539 868 2565 οὐκ

73 2590 108 2617 ἂν
137 2590 168 2616 ἐν
191 2590 282 2621 αὐτοῖς
304 2587 349 2624 ἦν.
372 2588 429 2615 Νῦν
443 2588 482 2621 δὲ,
509 2587 643 2623 μηδεμιᾶς
666 2586 763 2622 ἐτέρας
784 2585 868 2620 οὔσης

91 2636 236 2672 ατωτέρας
252 2635 365 2668 τάξεως,
393 2635 442 2670 τὴν
466 2634 543 2667 τάξιν
556 2634 610 2660 τῶν
623 2633 748 2668 ἀγγέλων
760 2633 866 2668 ἀνάγκη

73 2682 145 2711 εἶναι
160 2684 278 2719 ἐσχάτην
307 2683 355 2709 καὶ¹
371 2682 556 2718 περικόσμιον.
581 2682 732 2717 Ἐξηγεῐται
747 2682 762 2707 ὁ
779 2681 866 2715 άγιος,

74 2729 135 2761 πιῖις
151 2727 213 2755 εἶπε
226 2737 233 2743 ·
246 2728 314 2763 Περὶ
329 2727 360 2754 τὸ
386 2726 588 2762 ὲμφανέστερόν
605 2727 678 2752 ἐστιν
702 2727 719 2761 ἠ
741 2725 867 2761 ἱεραρχία

73 2778 132 2808 τοῖς
148 2776 292 2811 ἀγγέλοις,
318 2775 439 2811 δηλονότι
464 2774 667 2809 ἐμφανέστερον
692 2773 760 2809 πρὸς
775 2774 864 2808 ἡμᾶς’

77 2822 163 2858 ἡγὰρ
192 2821 332 2856 ὑπερτάτη
354 2819 441 2852 τάξις,
469 2820 506 2851 ὼς
522 2820 561 2855 τῷ
590 2819 698 2855 κρυφίῳ
720 2818 779 2854 Θεῷ
796 2817 866 2853 πλη-

75 2871 227 2904 σιάζουσα,
255 2869 450 2905 κρυφιωτέρως
478 2868 532 2903 ὅσῳ
567 2868 635 2904 πρὸς
661 2867 709 2903 τὴν
736 2866 866 2902 δευτέραν

110 2955 124 2969 °
140 2950 219 2978 ﬂom.
239 2957 259 2984 ι,
273 2949 317 2976 ευ.

237 3000 374 3030 Pnnot.
395 2999 454 3029 Gn.
472 2998 526 3028 ΙΙΙ.

919 2314 1036 2349 primum
1054 2318 1112 2347 est;
1127 2318 1155 2341 et
1177 2313 1279 2341 idcirco
1301 2313 1409 2347 proprie
1436 2321 1537 2340 nomen
1553 2313 1705 2348 angelicum

919 2361 1062 2394 obtinent,
1092 2365 1121 2387 et
1149 2359 1300 2394 praeSertim
1325 2359 1397 2394 quod
1429 2358 1584 2386 hominibus
1609 2366 1706 2394 appro-

921 2406 1064 2441 pinqucnt,
1087 2406 1134 2440 qui
1156 2410 1184 2433 et
1213 2409 1324 2440 propter
1344 2405 1404 2432 illos
1433 2405 1526 2432 divina
1547 2405 1705 2432 imitantur.

922 2452 993 2485 Quin
1015 2455 1043 2479 et
1067 2458 1161 2479 eorum
1191 2451 1346 2479 hierarchia
1375 2451 1549 2478 manifestior
1572 2456 1623 2483 est,
1641 2451 1705 2485 quia

922 2498 1002 2525 nobis
1024 2504 1078 2524 non
1104 2504 1173 2532 opus
1188 2501 1229 2524 est
1244 2497 1343 2524 iterum
1371 2496 1432 2524 aliis
1446 2497 1480 2524 ad
1507 2496 1707 2524 illustrationes

922 2550 950 2572 et
974 2544 1069 2571 nuntia
1099 2544 1134 2571 ab
1161 2543 1194 2570 iis
1224 2543 1484 2577 recipiendazalias
1508 2542 1580 2570 enim
1611 2547 1638 2569 et
1655 2542 1706 2577 ipsi

922 2597 1053 2626 perquam
1081 2589 1182 2618 occulti
1212 2593 1319 2621 essent,
1341 2595 1392 2616 nec
1419 2588 1507 2615 ultimi
1531 2595 1563 2615 ac
1590 2589 1708 2615 circurn-

922 2636 1074 2665 mnndiales
1101 2637 1276 2664 exsisterent.
1314 2634 1390 2662 Nunc
1430 2640 1521 2662 autem
1548 2642 1609 2662 cum
1641 2635 1706 2662 rutili

923 2684 1034 2719 spiritus
1061 2682 1269 2711 sint'inl'erioris
1293 2681 1399 2708 ordinis
1421 2687 1502 2714 quam
1530 2680 1592 2714 ipsi,
1622 2687 1707 2714 attge-

920 2729 1010 2757 lormn
1033 2730 1157 2757 ordinem
1186 2733 1353 2763 postremum
1372 2734 1404 2754 ac
1433 2724 1705 2754 circummundialem

920 2775 1053 2803 exsistere
1069 2782 1181 2802 necesse
1200 2779 1252 2801 est.
1269 2773 1386 2808 Exponit
1408 2777 1498 2799 autem
1525 2775 1637 2799 sanctus
1650 2771 1704 2802 hic.

919 2821 1057 2856 quomodo
1072 2821 1172 2848 dixerit
1196 2819 1353 2855 angelorum
1368 2817 1550 2845 bierarcltiam
1573 2824 1632 2844 esse
1646 2823 1706 2843 ma-

919 2865 1087 2893 niiestiorcm
1100 2884 1108 2898 ,
1140 2864 1245 2892 scilicet
1270 2863 1360 2898 quoad
1394 2870 1444 2889 nos
1460 2869 1468 2889 :
1484 2868 1548 2888 natu
1563 2868 1708 2896 supremus

1521 2985 1541 3014 9
