1933 3075
249 189 301 220 267

831 187 858 215 S.
878 185 1024 215 DlONYSIl
1043 185 1272 214 AREOPAGlTE

1803 188 1848 218 968

245 253 330 282 ordo,
354 253 446 284 utpote
470 253 576 276 secreto
601 249 657 276 Deo
677 249 918 284 appropinquans,
943 248 1021 282 magis

1078 244 1153 278 τάξιν
1170 245 1306 287 ἱεραρχεῖ·
1329 245 1390 280 ἡδὲ
1417 244 1541 287 δευτέρα,
1559 247 1578 283 ἡ
1601 245 1651 280 τῆς
1675 245 1758 281 μέσης
1770 247 1848 282 ίεραρ-

245 295 352 323 occulte
378 295 499 322 secundo
521 295 610 321 ordini
632 301 677 322 res
701 302 795 322 sacras
814 294 1028 322 subministrat:

245 341 381 370 secundus
396 347 473 373 vero,
489 341 535 375 qui
553 346 595 368 est
609 341 704 368 medize
721 340 893 371 bierarcbite.
909 340 1029 367 ultimam

246 388 432 417 bierarcbiam
448 386 615 420 moderatur,
639 386 809 414 manifestius
821 386 929 421 quidem
947 393 1028 420 quam

245 436 361 470 primus,
377 434 511 462 occultius
538 441 604 461 vero
626 441 707 468 quam
729 440 866 468 sequens;
895 440 977 468 porro
989 433 1030 460 ul-

245 482 328 508 timus
345 482 412 509 ordo
429 480 554 508 humanis
572 480 735 507 bierarc‘niis
757 483 867 514 praeest.
893 479 1028 506 Caeterum

245 535 306 555 cum
324 531 380 554 tres
401 527 511 554 ordines
535 526 602 559 sint,
622 526 817 553 illustrationes
851 524 902 553 sibi
928 529 1024 552 mutuo

245 573 430 600 manifestam.
467 572 660 600 Verumtamen
696 571 861 603 dicendum,
895 571 1029 606 quomodo

245 620 346 653 primus
372 619 481 653 quidem
495 618 597 645 ordinis
613 617 781 652 principatus
804 617 931 652 Sequenti
947 616 1028 644 simul

244 664 491 692 manifestationem
506 663 645 696 infuderit,
660 667 688 691 et
702 665 768 690 non'
784 663 855 691 alius
870 671 919 699 per
932 663 1027 695 alium,

245 716 273 738 ct
301 711 427 738 similiter
442 711 579 737 secundus
590 709 675 741 ordo;
692 709 788 737 tertius
802 716 878 741 vero,
895 709 964 736 alius
979 715 1028 742 per

243 758 327 784 alium
343 757 419 783 nobis
430 756 552 783 infundat
578 755 782 782 illustrationes.
807 755 957 781 Dicendum
973 755 1026 780 ita-

243 811 306 838 que,
332 802 402 837 quod
423 802 449 829 in
465 800 602 836 prioribus
617 799 770 831 ordinibus,
784 807 844 826 cum
863 804 916 826 tam
931 799 1027 825 dantes

243 856 326 883 quam
353 847 519 882 accipientes
548 847 636 883 angeli
660 846 734 878 sint,
751 846 778 872 in
797 845 851 872 illis
878 845 1024 872 secumlnm

242 899 367 922 naturam
385 901 439 921 non
467 900 591 928 magnam
615 899 675 920 esse
703 891 904 922 diversitatem,
919 889 971 924 91
996 894 1024 916 ut

243 941 320 968 toties
333 948 400 975 opus
410 940 446 968 sit
457 939 654 975 quodammodo
664 937 796 965 subdividi
807 936 1025 969 illustrationem,

242 994 296 1021 quo
308 985 502 1020 posterioribus
524 990 603 1019 captu
627 983 717 1011 facilis
738 983 844 1010 evadat.
861 981 909 1008 llic
923 987 1024 1013 autem,

241 1040 302 1060 cum
324 1032 437 1060 multum
454 1031 563 1059 intersit
578 1032 649 1059 inter
660 1038 709 1058 nos
722 1035 750 1057 et
773 1029 882 1064 angelos
893 1048 900 1061 ,
924 1028 1025 1056 idcirco

240 1078 309 1105 alius
321 1086 370 1113 per
393 1077 476 1104 alium
493 1077 594 1112 accipit.
615 1075 825 1104 illustrationem
840 1082 872 1102 ac
887 1075 1023 1108 nuntium,

240 1129 271 1152 ut
291 1124 400 1152 facilius
436 1123 474 1151 ita
502 1123 581 1151 brevi
613 1123 647 1150 ad
675 1129 726 1150 nos
750 1122 906 1156 perveniat,
938 1121 1025 1148 mani-

239 1171 391 1206 festiusque
409 1171 547 1198 decretum
569 1169 617 1197 Dei
642 1169 723 1196 nobis
742 1168 905 1196 declaretur.
920 1167 1023 1196 Idcirco

239 1217 279 1244 ait
295 1217 339 1244 hic
349 1221 473 1244 sanctus.
491 1220 520 1242 ut
530 1215 582 1243 hoc
593 1215 690 1242 ordine
703 1215 736 1242 ad
751 1214 835 1242 Deum
848 1213 883 1242 sit
895 1221 1024 1241 ascensus

238 1270 288 1297 per
302 1261 559 1295 coutemplationem
573 1281 581 1293 ,
600 1264 627 1287 et
642 1260 785 1287 conversio
813 1266 862 1293 per
886 1258 1023 1293 operatio-

239 1315 313 1341 nem,
331 1312 358 1335 et
379 1306 533 1335 communio
555 1313 604 1340 per
630 1305 838 1332 illustrationem
854 1325 862 1338 ,
892 1312 942 1332 nec
968 1311 1021 1332 non

239 1363 288 1390 per
301 1354 395 1390 gratia:
411 1351 610 1381 deiﬁcationem
626 1352 700 1379 unio.
717 1351 854 1380 Habemus
869 1352 960 1386 itaque
974 1359 1023 1386 per

240 1400 342 1436 gradus
354 1406 495 1427 ascensum
509 1398 541 1426 ad
563 1398 662 1430 Deum;
677 1402 705 1425 et
720 1399 792 1425 utsit
808 1398 926 1426 vicissim
939 1399 1020 1425 etiam

239 1444 389 1474 secundum
413 1444 536 1471 ordinem
547 1450 562 1470 a
589 1443 644 1471 Deo
660 1443 762 1470 inditus
772 1443 900 1471 omnibus
914 1444 1021 1471 hiet-ar-

239 1492 310 1520 chiis
336 1492 370 1519 ad
398 1498 448 1518 nos
469 1497 614 1525 processus
628 1511 635 1524 ,
668 1497 717 1525 per
735 1489 882 1517 bonitatem
898 1497 1020 1518 commu-

239 1538 363 1565 nicauter
374 1535 516 1564 exundans
532 1544 540 1562 :
556 1535 658 1562 idcirco
669 1535 751 1562 etiam
765 1535 854 1562 divina
869 1535 1018 1570 Scriptura,

1081 291 1153 326 χίας,
1180 282 1286 326 ἡγέῖίιαι
1310 291 1360 326 τῆς
1387 282 1680 326 ἐσχάτηςίεραρχίας,
1698 291 1850 326 ἐμφανεστέη

1081 343 1135 370 ρως
1152 335 1202 370 μὲν
1218 336 1286 371 πρὸς
1300 336 1350 370 τὴν
1366 336 1486 372 πρώτην,
1500 336 1738 371 κρυφιωδεστέρως
1751 335 1776 362 δὲ
1790 336 1851 371 πρὸς

1079 381 1129 416 τὴν
1147 382 1300 417 μετάὺτήν
1312 390 1319 397 ο
1347 382 1364 417 ἡ
1392 382 1420 409 δὲ
1436 381 1536 417 ἐσχάτη
1558 381 1633 413 τάξις
1651 382 1712 413 ταῖς
1727 381 1840 417 ἀνθρωπί-

1080 435 1138 459 ναις
1155 427 1308 463 ἱεραρχίαις
1320 427 1469 454 ἐπιστατεῖ.
1496 427 1570 463 Πλὴν
1586 428 1646 453 ἐπεὶ
1661 427 1724 462 τρία
1735 427 1848 462 τάγματα

1079 472 1142 503 είσι,
1158 472 1190 498 δι’
1205 472 1326 507 ἀλλήλων
1351 472 1511 507 ἐμφαίνουσι
1542 472 1592 504 τὰς
1617 472 1769 508 ὲλλάμψεις.
1785 472 1849 508 Πλὴν

1079 517 1240 553 ἀπορητέον,
1257 517 1344 553 πῶςή
1363 517 1413 552 μὲν
1426 517 1520 554 πρώτη
1539 517 1684 553 ταξιαρχία
1707 517 1762 553 ἅμα
1773 518 1843 544 ἐνεδίι

1078 564 1123 591 δου
1140 565 1190 600 τὴν
1203 564 1332 598 ἔκφανσιν
1355 565 1388 600 τῇ
1417 565 1474 600 μετ’
1490 565 1584 600 αὐτὴν,
1599 565 1646 592 καὶ
1660 565 1710 591 οὐκ
1735 565 1794 601 ἄλλη
1818 566 1852 592 δι’

1077 608 1170 644 ἄλλης,
1190 609 1238 635 καὶ
1263 610 1279 645 ἡ
1304 609 1417 645 δευτέρα
1427 610 1542 645 ὁμοίως’
1571 611 1587 645 ἡ
1603 610 1632 636 δέ
1659 618 1690 644 γε
1704 610 1778 646 τρίτη
1788 610 1848 646 ἄλλη

1077 653 1110 680 δι’
1125 654 1208 689 ἄλλης
1219 653 1269 686 τὰς
1285 654 1354 691 πρὸς
1368 655 1440 690 ἡμᾶς
1454 654 1598 689 ὲλλάμψεις
1610 655 1754 682 ἐνδίδωσιν.
1767 657 1850 683 Ἔστιν

1077 696 1124 725 οὖν
1139 699 1236 730 εἰπεῖν,
1253 699 1292 726 ὅτι
1309 699 1355 725 ἐπὶ
1371 701 1431 731 ταῖς
1445 699 1590 736 προτέραις
1600 700 1718 732 τάξεσιν,
1736 701 1791 726 ἐπεὶ
1806 701 1851 727 καὶ

1076 747 1100 772 οἱ
1126 746 1311 781 μεταδιδόντες
1333 746 1380 772 καὶ
1405 747 1428 772 οἱ
1464 746 1624 781 μετέχοντες
1650 746 1758 780 ἄγγελοί
1777 747 1849 780 εἰσιν,

1076 793 1126 819 οὐκ
1141 793 1199 819 ἐστι
1221 793 1252 819 τὸ
1267 793 1347 828 μέσον
1374 793 1463 820 αὐτῶν
1486 793 1552 819 πολὺ
1580 792 1651 820 κατὰ
1663 793 1742 828 φύσιν
1756 793 1851 828 παραλ-

1075 837 1181 870 λάττον,
1215 839 1259 866 ἵνα
1282 839 1374 871 ποσῶς
1401 839 1445 866 διὰ
1471 839 1549 866 τοῦτο
1575 839 1657 866 οἱονεὶ
1684 847 1850 875 κατακερμα-

1075 883 1207 920 τισθείηή
1226 883 1367 920 ἔλλαμψις,
1389 885 1436 911 καὶ
1462 884 1568 917 εὔθετος
1579 886 1634 916 τοῖς
1654 885 1772 921 ὑπέροις
1788 885 1851 920 πρὸς

1041 917 1062 944 Β
1078 917 1208 966 ὑποδοχὴν
1242 917 1362 966 γένηται.
1403 930 1533 958 Ἐνταῦθα
1559 931 1598 962 δὲ,
1633 931 1694 957 emt
1718 917 1748 957 ὲδ
1774 917 1851 966 μέσον

1075 975 1154 1011 ἡμῶν
1168 985 1197 1003 τε
1218 977 1265 1003 καὶ
1297 976 1352 1004 τῶν
1377 977 1499 1011 ἀγγέλων
1523 976 1601 1009 πολὺ,
1626 977 1671 1004 διὰ
1693 977 1769 1004 τοῦτο
1787 977 1849 1013 ἄλλη

1074 1025 1108 1052 δι’
1119 1025 1201 1061 ἄλλης
1217 1024 1349 1060 λαμϐάνει
1365 1025 1415 1060 τὴν
1440 1024 1541 1060 λάμψιν
1557 1024 1573 1060 ἢ
1587 1024 1633 1051 καὶ
1651 1024 1702 1060 τὴν
1716 1024 1849 1058 ἀγγελίαν.

1075 1072 1112 1103 ὡς
1136 1071 1170 1098 ἂν
1195 1070 1354 1106 ἀπονωτέρα
1381 1071 1440 1096 κατ’
1457 1070 1545 1104 ὀλίγον
1569 1071 1635 1105 ἡμῖν
1655 1071 1792 1105 καταστῇ,
1805 1071 1851 1097 καὶ

1073 1119 1275 1156 ἐμφανέστερον
1291 1118 1322 1144 τὸ
1346 1117 1468 1153 βούλημα
1493 1117 1689 1154 δηλωθήσηται.
1705 1117 1753 1144 Διὰ
1775 1117 1852 1144 τοῦτο

1073 1165 1172 1200 λέγειὸ
1186 1165 1272 1199 ἅγιος,
1289 1162 1360 1200 ῐναῇ
1386 1163 1457 1190 κατὰ
1468 1163 1544 1196 τάξιν
1565 1164 1582 1199 ὴ
1609 1163 1676 1198 πρὸς
1701 1163 1765 1190 Θεὸν
1785 1163 1852 1199 ἀνα-η

1073 1211 1151 1247 γωγὴ
1178 1210 1223 1238 διὰ
1238 1210 1364 1246 θεωρίας,
1391 1210 1438 1236 καὶ
1466 1208 1617 1244 ἐπιστροφὴ
1647 1208 1692 1235 διὰ
1716 1209 1850 1245 πράξεως,

1073 1258 1120 1285 καὶ
1136 1256 1261 1284 κοινωνία
1277 1256 1310 1283 δι’
1323 1255 1492 1291 ὲλλάμψεως,
1524 1255 1571 1282 καὶ
1585 1254 1630 1281 διὰ
1648 1255 1698 1290 τῆς
1720 1256 1789 1282 κατὰ
1803 1257 1852 1291 χάι

1074 1313 1116 1340 ριν
1132 1302 1255 1335 θεώσεως
1280 1302 1386 1334 ἓνωσις.
1418 1303 1535 1337 Ἔχομεν
1557 1301 1622 1336 γοῦν
1644 1302 1715 1329 κατὰ
1735 1301 1853 1338 βαθμοὺς

1071 1349 1120 1385 τὴν
1133 1349 1201 1385 πρὸς
1223 1349 1289 1375 Θεὸν
1310 1348 1403 1375 ἄνοδον
1413 1356 1420 1362 ·
1438 1348 1485 1374 καὶ
1501 1348 1534 1374 ἵν’
1576 1347 1656 1374 πάλιν
1681 1347 1751 1374 κατὰ
1766 1348 1852 1380 τάξιν,

1072 1397 1119 1423 καὶ
1130 1397 1147 1432 ή
1161 1395 1215 1423 ἀπὸ
1237 1395 1305 1422 Θεοῦ
1322 1395 1390 1431 πρὸς
1403 1395 1476 1430 ἡμᾶς
1501 1394 1654 1430 ὲνδιδομένη
1670 1395 1769 1427 πάσαις
1792 1396 1854 1427 ταῖς

1073 1442 1234 1478 ίεραρχίαις,
1248 1441 1295 1468 καὶ
1315 1440 1481 1472 κοινωνικῶς
1506 1439 1673 1474 ὲπιφοιτῶσα
1701 1440 1734 1466 δι’
1751 1440 1853 1474 ἀγαθό-

1070 1498 1140 1525 τητα
1153 1487 1279 1524 πρόοδος,
1300 1487 1345 1514 διὰ
1369 1486 1448 1513 τοῦτο
1471 1486 1517 1512 καὶ¹
1536 1486 1552 1522 ἡ
1587 1486 1647 1512 θεία
1677 1485 1772 1521 Γραφὴ
1795 1487 1853 1517 τοῖς

1071 1535 1196 1570 ἀγγέλοις
1218 1533 1253 1560 τὰ
1273 1532 1334 1560 καθ’
1347 1533 1419 1568 ἡμᾶς
1440 1531 1642 1567 ἀπονενέμηκε⁶
1669 1531 1720 1558 ποῦ
1742 1532 1790 1566 μὲν
1802 1532 1854 1566 ἆρ-

238 1582 344 1618 angelis
362 1590 394 1610 ea
410 1588 469 1616 qua:
480 1581 515 1608 ad
542 1588 591 1608 nos
617 1586 744 1615 spectant
758 1581 918 1614 distribuit;
932 1588 1018 1616 quan-

1073 1590 1149 1617 χοντα
1163 1580 1210 1607 τοῦ
1242 1579 1374 1606 Ἰουδαίων
1390 1577 1455 1605 λαοῦ
1480 1577 1526 1604 τὸν
1552 1577 1661 1613 Μιχαὴλ
1683 1578 1854 1613 ὁνομάζουσα

237 1629 327 1663 doque
342 1628 413 1656 enim
430 1627 581 1663 principem
605 1627 695 1662 populi
717 1625 874 1655 Iudaeorum
906 1635 1019 1655 vocasse

235 1673 371 1708 reperitur
393 1673 422 1700 in
442 1672 552 1700 Daniele
576 1672 752 1706 Michaelem,
769 1673 807 1700 uti
829 1676 856 1700 et
876 1673 944 1701 alios
961 1681 1027 1708 gen-

236 1718 303 1746 tium
325 1718 458 1752 aliarum;
478 1718 642 1754 quandoque
663 1726 729 1746 vero
744 1719 782 1746 ait
797 1728 803 1746 :
819 1717 920 1746 Statuit
936 1719 1026 1746 termi-

236 1772 283 1792 uos
305 1764 421 1800 gentium
439 1764 591 1792 Altissimus
614 1765 696 1801 juxta
717 1774 853 1793 numerum
872 1766 1025 1802 angelorum

235 1810 294 1843 Dei,
307 1816 337 1839 ut
350 1811 378 1838 in
393 1811 514 1839 secundo
528 1811 635 1839 cantico
649 1811 749 1848 Moysis
765 1812 903 1840 invenitur
919 1817 942 1839 P.

274 1854 338 1891 §lll.
349 1854 418 1881 Hinc
425 1853 506 1881 solvit
513 1859 695 1888 emergentem
703 1852 820 1888 aliquam
830 1854 1016 1888 qumstionem.

236 1901 356 1935 Quaestio
366 1905 456 1927 autem
471 1899 530 1927 haec
537 1903 581 1927 est
592 1899 758 1932 :Quomodo,
771 1900 868 1935 inquit,
881 1908 942 1927 cum
955 1901 1016 1928 boui

235 1947 324 1984 angeli
336 1947 461 1983 gentibus
477 1946 601 1981 praefecti
616 1947 681 1979 sint,
699 1945 772 1973 solus
783 1945 865 1974 lsrael
876 1946 959 1974 Deum
971 1955 1019 1975 co-

237 1994 340 2030 gnovit,
349 1993 394 2020 alii
409 1997 498 2020 autem
510 1991 590 2020 idolis
598 1991 787 2019 adhaeserunt?
796 1992 899 2020 Solutio
905 2000 970 2020 vero
976 1999 1018 2021 est

236 2040 300 2072 ista,
308 2039 379 2074 quod
390 2038 518 2065 nimirum
526 2041 685 2064 casterarum
694 2037 813 2071 gentium
821 2037 931 2065 adidola
941 2038 1016 2066 defe-

237 2086 290 2113 ctio
303 2085 480 2119 deceptioque
496 2083 579 2111 rectis
604 2083 761 2118 angelorum
778 2083 1016 2118 gubernationibus

236 2138 408 2166 nequaquam
425 2130 581 2164 imputanda
595 2129 632 2156 sit
645 2128 771 2164 (observa
794 2136 869 2161 vero,
882 2130 1016 2164 quomodo

236 2175 382 2203 defectioni
396 2179 498 2202 rectam
515 2174 737 2209 gubernationem
752 2174 889 2209 opponit),
904 2175 951 2202 sed
964 2175 1016 2203 illis

237 2221 315 2255 Ipsis,
331 2220 402 2254 quod
431 2219 549 2254 propriis
566 2219 778 2254 spontaneisque
792 2219 910 2247 motibus
936 2228 951 2247 a
971 2228 1015 2248 re-

1070 1630 1099 1656 ὲν
1119 1628 1158 1664 τῷ
1183 1627 1280 1662 Δανιὴλ
1302 1626 1424 1662 εὓρηται,
1453 1625 1500 1652 καὶ
1516 1624 1609 1656 ἄλλους
1637 1624 1723 1651 ἄλλων
1751 1625 1854 1652 ὲθνῶνο

1067 1674 1120 1703 ποῦ
1130 1675 1160 1702 δὲ
1173 1674 1290 1709 λέγουσα
1298 1683 1306 1690 ·
1324 1675 1474 1708 Ἕστησεν
1491 1671 1557 1706 ὅρια
1572 1670 1667 1699 ἐθνῶν
1679 1671 1697 1697 ὀ
1709 1670 1858 1704 Ὗψιστος

1067 1721 1143 1749 ataui
1165 1720 1289 1756 ἀριθμὸν
1310 1720 1445 1756 ἀγγέλωι
1463 1718 1552 1752 Θεοῦ,
1574 1717 1613 1749 ὡς
1634 1715 1664 1744 ὲν
1684 1717 1718 1752 τῇ
1739 1715 1858 1752 δευτέρᾳ

1067 1766 1122 1803 ᾠδῇ
1136 1766 1183 1793 τοῦ
1195 1766 1316 1798 Μωσέως
1329 1765 1451 1801 εὓρηται.

1106 1856 1119 1892 §
1139 1855 1182 1883 lll.
1202 1855 1341 1882 Ἐντεῦθεν
1351 1855 1408 1882 λύει
1423 1854 1628 1882 ἀνακύπτουσαν
1645 1863 1704 1882 τινα
1724 1855 1855 1890 ἀπορίαν.

1074 1902 1107 1929 Ἦ
1118 1901 1184 1937 γοῦν
1202 1902 1311 1937 ἀπορία·
1332 1901 1386 1927 Καὶ
1400 1901 1468 1933 πῶς,
1488 1901 1579 1936 φησὶν,
1602 1901 1723 1935 ἀγγέλων
1743 1900 1856 1934 ἀγαθῶν

1068 1947 1227 1983 ἐφεστώτων
1242 1948 1299 1979 τοῖς
1310 1947 1407 1978 ἔθνεσι,
1420 1947 1499 1982 μόνος
1514 1948 1528 1973 ὁ
1545 1947 1651 1982 Ἰσραὴλ
1666 1946 1797 1981 ἐγίνωσκε
1807 1946 1858 1973 τὸν

1068 1993 1145 2025 Θεὸν,
1159 1993 1227 2020 οῖ’δὲ
1243 1993 1316 2020 ἄλλοι
1331 1993 1388 2024 τοῖς
1409 1992 1528 2024 εἰδώλοις
1551 1993 1742 2028 προσανεῖχον;
1766 1993 1800 2019 Ἡ
1826 1993 1858 2019 δὲ

1068 2038 1154 2071 λύσις,
1170 2039 1212 2066 ὅτι
1227 2039 1257 2066 οὐ
1274 2038 1327 2074 χρὴ
1343 2038 1478 2065 αἰτιᾶσθαι
1496 2038 1548 2073 τῆς
1565 2039 1611 2065 ἐπὶ
1625 2038 1659 2064 τὰ
1671 2037 1770 2065 εἴδωλα
1789 2039 1860 2065 ἀπο-

1068 2085 1227 2120 πλανήσεως
1250 2084 1304 2110 τῶν
1320 2084 1421 2119 ἑτέρων
1435 2083 1530 2116 ὲθνῶν,
1547 2084 1596 2116 τὰς
1610 2084 1716 2116 εὐθείας
1740 2085 1861 2111 ἐπιστα-

1068 2131 1128 2162 σίας
1138 2130 1192 2157 τῶν
1206 2130 1328 2165 ἀγγέλων
1343 2130 1402 2166 (ὅρα
1412 2131 1452 2162 δὲ,
1464 2131 1505 2157 ὅτι
1515 2131 1583 2166 πρὸς
1594 2130 1643 2166 τὴν
1652 2130 1860 2166 ἀποπλάνησιν,

1067 2176 1174 2203 εὐθεῖαν
1191 2174 1266 2202 εἶπεν
1281 2175 1466 2210 ἐπιστασίαν),
1477 2175 1534 2202 ἀλλ’
1545 2174 1716 2202 αἰτιάσασθαι
1731 2176 1787 2212 χρὴ
1808 2177 1862 2203 αὺ-

1067 2222 1130 2252 τοὺς
1155 2220 1284 2252 ἐκείνους,
1300 2221 1531 2252 ἀποπεπτωκάτας
1549 2220 1599 2256 τῆς
1624 2219 1691 2255 πρὸς
1714 2220 1762 2247 τὸν
1786 2220 1863 2247 Θεὸν

235 2272 291 2300 cta,
306 2274 367 2302 quae
390 2266 423 2293 ad
438 2266 524 2293 Deum
545 2266 673 2298 ducebat,
691 2266 736 2292 via
758 2273 807 2300 per
819 2273 939 2293 amorem
955 2273 1004 2300 pro

1073 2266 1213 2301 ὶναγωγῆς
1234 2265 1347 2298 οἰκείαις
1363 2266 1409 2293 καὶ
1431 2266 1612 2299 αὺτεξουσίοις
1627 2268 1725 2302 ὁρμαῖς
1749 2267 1780 2293 ἐν
1810 2276 1861 2302 φι-

235 2313 324 2348 prium
339 2313 532 2340 refractarium
546 2311 718 2345 deﬂexerint,
734 2316 761 2338 et
773 2319 822 2346 per
832 2319 909 2339 suam
927 2313 1017 2347 pervi-

235 2358 341 2385 caciam
360 2357 393 2384 ad
411 2357 450 2390 id,
467 2357 509 2384 cui
536 2357 658 2384 divinum
685 2357 822 2392 quidpiam
840 2358 929 2384 inesse
944 2357 1017 2384 arbi-

235 2404 389 2437 trabantur,
402 2403 544 2430 colendum
562 2403 736 2430 desciverint.
757 2401 815 2429 Non
841 2403 927 2429 solum
943 2403 1015 2430 enim

235 2451 270 2476 ab
286 2456 330 2481 ea,
346 2456 404 2484 qua:
418 2449 452 2476 ad
469 2448 553 2476 Deum
579 2448 705 2480 ducebat,
728 2448 772 2474 via
797 2448 949 2479 deviarunt,
969 2456 1016 2475 ve-

234 2502 294 2522 rum
309 2494 390 2520 etiam
404 2494 437 2520 iis
452 2494 564 2527 qui-non
580 2497 658 2520 erant
673 2493 708 2520 dii
722 2500 771 2528 pro
783 2493 883 2528 placito
899 2500 948 2520 suo
959 2493 1017 2520 cui-

235 2546 292 2568 tnm
306 2541 425 2568 divinum
440 2541 603 2568 tribuerunt.
613 2539 690 2572 Quod
701 2540 788 2574 ipsum
798 2539 878 2566 etiam
891 2538 1017 2566 llebrteo-

234 2595 293 2614 rum
306 2587 403 2622 populo
423 2587 573 2621 contigisse
585 2591 760 2620 memoratur,
772 2586 880 2621 quando
894 2586 1016 2620 peccavit

234 2639 262 2662 et
272 2635 386 2662 vitulum
400 2634 537 2662 conﬂavit.
548 2633 721 2668 Agnitionem
738 2633 810 2659 enim
831 2633 875 2660 Dei
893 2632 1014 2666 repulisti

234 2681 353 2715 (quando
364 2681 512 2708 nimiruma
521 2680 563 2706 via
578 2679 624 2706 Dei
639 2678 764 2714 descivit)
773 2683 800 2706 et
808 2684 867 2713 post
880 2687 926 2706 cor
937 2684 1012 2705 tuum

233 2726 500 2761 axitbulastimuando
508 2726 633 2753 nimirum
641 2733 732 2752 amore
738 2725 1017 2760 propriopervicacia-

233 2780 287 2806 que
294 2780 342 2800 sua
350 2773 470 2800 divinum
480 2771 580 2798 cultum
589 2773 769 2799 decreverunt
777 2771 810 2798 iis
818 2771 863 2806 qui
873 2779 925 2799 non
935 2775 1015 2798 erant

233 2819 269 2846 dii
283 2821 320 2854 ι).
335 2819 427 2855 Neque
439 2820 510 2847 enim
524 2819 578 2846 vita
605 2818 682 2846 nobis
697 2823 747 2852 est,
765 2819 807 2846 cui
824 2819 864 2846 vis
879 2818 951 2845 illata
968 2822 1014 2846 aut

271 2904 284 2924 ν
299 2898 378 2926 Deut.
392 2906 479 2930 nun,
501 2897 518 2925 8
539 2905 595 2926 sec.
614 2897 741 2932 Scpluag.
778 2902 791 2922 «ι
804 2896 871 2924 Osee
888 2904 924 2924 tv.

1067 2311 1164 2347 λαυτία
1174 2311 1361 2346 ἀνυποσάκτῳ,
1373 2312 1420 2338 καὶ
1437 2311 1564 2346 αὐθαδείᾳ
1575 2312 1643 2346 πρὸς
1657 2312 1688 2338 τὸ
1698 2312 1798 2338 δοκοῦν
1812 2313 1864 2339 αὑ-

1065 2359 1122 2389 τοῖς
1138 2357 1375 2392 ἀποπλανηθέντας
1392 2356 1548 2391 σεϐάσμιον.
1568 2357 1605 2383 Οὐ
1627 2357 1681 2393 γὰρ
1697 2358 1778 2392 μόνον
1806 2358 1865 2394 τῆς

1067 2403 1137 2439 πρὸς
1155 2404 1186 2430 τὸ
1201 2403 1277 2430 Θεϊον
1300 2403 1443 2437 ἀναγωγῆς
1456 2402 1696 2434 ἀποπεπτώκασιν,
1711 2403 1781 2429 ἀλλὰ
1810 2405 1865 2430 καὶ

1066 2451 1122 2481 τοῖς
1135 2450 1171 2485 μὴ
1181 2448 1239 2476 οὖσι
1255 2448 1324 2480 Θεοῖς
1336 2449 1465 2482 ἀνάλογον
1475 2450 1507 2483 τῇ
1518 2449 1627 2484 δοκήσει
1645 2448 1748 2475 ἑαυτῶν
1763 2449 1798 2475 ’τὸ
1815 2449 1867 2476 σέ-

1069 2495 1119 2526 ϐας
1134 2494 1343 2521 ἀποδεδώκασιν.
1358 2495 1390 2520 ’0
1404 2493 1434 2529 δὴ
1456 2495 1502 2520 καὶ
1519 2494 1599 2526 αὐτὸς
1613 2496 1627 2521 ὁ
1639 2495 1694 2521 τῶν
1719 2494 1868 2530 Ἐϐραίων

1067 2541 1130 2572 λαὸς
1145 2540 1304 2567 πεπονθέναι
1325 2539 1442 2574 λέγεται,
1464 2540 1508 2566 ὅτε
1531 2540 1648 2576 ἥμαρτε,
1674 2540 1720 2566 καὶ
1737 2541 1870 2576 ἐμοσχο-

1067 2588 1189 2624 ποίησεν.
1222 2587 1381 2621 Ἐπίγνωσιν
1401 2586 1454 2624 γὰρ
1479 2587 1546 2614 Θεοῦ
1565 2584 1667 2614 ἀτέώσω
1687 2587 1788 2622 (τοῦτο,
1820 2589 1869 2615 ὅτι

1065 2633 1115 2669 τῆς
1127 2633 1193 2669 πρὸς
1203 2633 1233 2659 τὸ
1247 2634 1322 2660 Θεῖον
1333 2634 1476 2668 ἀναγωγῆς
1494 2633 1685 2668 ἁποσιέπτωκε)
1698 2634 1744 2660 καὶ
1766 2634 1871 2661 ὀπίσω

1065 2680 1115 2715 τῆς
1132 2679 1243 2714 καρδίας
1257 2687 1304 2705 σου
1319 2679 1467 2714 ὲπορεύθης
1483 2678 1570 2714 (τοῦτο
1580 2698 1586 2710 ,
1601 2679 1640 2705 ὅτι
1656 2679 1686 2704 ὲν
1703 2679 1737 2714 τῇ
1757 2679 1872 2714 φιλαυ-

1065 2726 1112 2761 τία
1126 2725 1171 2751 καὶ
1188 2725 1315 2760 αὐθαδείᾳ
1339 2725 1397 2756 τοῖς
1414 2725 1450 2760 μὴ
1467 2722 1527 2751 οὖσι
1551 2724 1621 2756 θεοῖς
1635 2724 1665 2750 τὸ
1680 2724 1762 2756 σέϐας
1786 2725 1871 2751 ἀπέ-

1066 2769 1182 2806 νειμαν).
1199 2770 1267 2796 Οὔτε
1282 2769 1336 2805 γὰρ
1346 2769 1642 2805 ὴμεῖςὴναγκασμένην
1657 2769 1755 2804 ἔχομεν
1768 2768 1870 2804 ζωὴν,

1066 2817 1104 2850 ὡς
1126 2817 1160 2845 τὰ
1186 2817 1279 2852 ἄλογα,
1304 2816 1372 2844 ἀλλὰ
1390 2816 1434 2844 διὰ
1453 2816 1499 2843 τὸν
1519 2816 1596 2850 λόγον
1620 2815 1651 2842 τὸ
1668 2815 1871 2849 αὐτεξούσιον*
