1933 3075
79 147 134 175 m9

332 144 375 172 DE
390 143 552 173 C(ELESTI
570 142 792 175 HIERARCHIA,
809 142 884 170 CAP.

935 163 947 168 ..
969 157 1003 162 --
1019 141 1193 170 ΡΛΙὶᾹΡΙΙΒ.
1211 141 1448 169 PACHYMEBE.
1663 141 1714 170 27L

79 204 144 233 οὔτε
159 203 240 231 πάλιν
256 203 290 230 δι’
307 203 373 230 αὐτὸ
394 203 473 230 τοῦτο
488 203 518 230 τὸ
541 202 710 235 αὐτεξούσιον
732 201 820 237 ἡμῶν,
846 200 881 227 εἴ·

935 199 1057 233 imposita
1081 199 1240 232 necessitas,
1262 203 1292 226 ut
1308 199 1406 232 brutis,
1430 199 1476 227 sed
1503 207 1552 234 per
1579 200 1712 228 rationem

81 259 181 287 ποιμεν
198 251 231 277 ἂν
251 250 292 277 ὅτι
308 249 343 276 τὰ
363 250 423 276 θεῖα
443 249 521 284 φῶτα
536 249 585 284 τῆς
601 248 731 284 προνοίας
747 247 794 274 τοῦ
808 247 875 274 Θεοῦ

80 297 316 333 ἀπαμϐλύνονται.
339 296 407 322 Ἀλλ’
435 296 526 322 εἰκόνα
548 295 604 322 τῶν
627 295 713 329 λόγων
740 294 806 321 λάϐε
824 293 877 321 ἀπὸ

81 344 130 372 τοῦ
147 343 260 379 ἡλιακοῦ
281 343 378 378 φωτός·
403 342 441 375 ὥς
457 343 511 378 γὰρ
528 343 617 369 ὲκεῖσε
638 342 710 369 ἔστιν
741 341 815 372 ίόεἶν,
836 340 878 366 ὅτι

82 391 131 418 ἐπὶ
151 390 202 426 μὲν
218 390 273 416 τῶν
285 389 421 424 ὅιαιρανῶν
435 390 462 416 αἱ
478 388 533 415 τῶν
549 388 667 415 ἀκτίνων
684 387 816 418 διαδόσεις
835 385 878 420 γί-

83 446 187 469 νονται,
206 436 254 463 καὶ
269 436 315 462 ἐπὶ
332 435 437 467 τούτοις
455 435 554 471 μᾶλλον
573 434 620 461 καὶ
632 431 724 470 ἦττον,
741 433 831 465 καθὼς
846 433 879 460 ἂν

83 482 143 518 ἔχοι
165 482 195 508 τὸ
211 481 391 517 ὑποκείμενον
407 481 477 517 πρὸς
490 481 540 517 τὴν
556 481 603 508 τοῦ
619 480 707 515 φωτὸς
728 479 879 515 μετάληψιν

85 527 314 562 ἐπιτηδειότητος·
335 527 380 553 ἐπὶ
399 527 428 553 δὲ
438 526 492 553 τῶν
514 526 674 562 παχυτέρων
696 527 745 561 οὺχ
767 525 878 561 ὁμοίως,

85 574 145 600 ἀλλ’
161 573 177 609 ἢ
201 574 288 609 πάντη
312 574 455 605 ἀδιαδότως
472 573 488 608 ἢ
505 573 649 609 ἀμυδρῶς·
667 573 745 600 τοῦτο
766 572 811 599 καὶ
833 572 880 599 ἐπὶ

84 620 135 655 τῆς
162 619 236 651 θείας
261 619 419 655 ὲλλάμψεως
442 620 459 655 ὴ
483 619 610 655 ἀνισότης
631 619 682 655 τῆς
704 619 879 650 αὑτεξουσίου

87 666 176 702 ῥοπῆς
192 665 347 701 ἐργάζεται.
371 666 486 693 ’Υπόθου
509 666 573 702 γὰρ,
591 665 641 701 τὴν
656 665 790 702 ἡμετέραν
808 665 880 700 ζωὴν

85 711 149 746 ὖψιν
162 709 231 738 εἶναι
248 712 356 747 νοερὰν,
369 711 426 738 ἀλλ’
440 711 577 747 ἀνόμοιον,
591 711 636 738 διὰ
652 711 683 738 τὺ
697 710 878 743 αὐτεξούσιον·

85 758 102 792 ἠ
120 757 149 784 δὲ
171 757 221 793 τῆς
239 757 332 793 θεῖκῆς
354 757 522 793 ἁγαθότητος
545 757 695 792 φωτοδοσία
720 756 769 792 μία
797 757 844 783 καὶ
864 757 881 791 ἡ

86 804 157 840 αὐτή
185 805 270 835 ἐστιν,
287 804 476 840 ὑπερπλήρης,
491 805 537 831 καὶ
560 804 716 839 ἀνελλιπὴς,
731 803 778 830 καὶ
797 802 881 838 ἁπλῆ,

87 850 137 876 καὶ
156 849 200 876 ἀεὶ
223 849 354 881 ὡσαύτως
370 849 477 885 έχουσαο
491 851 508 885 ἡ
530 849 595 884 γοῦν
608 849 664 876 τῶν
684 849 772 884 ὀψεων
789 847 883 881 αὐτεξ-

928 245 1055 273 libertate
1070 245 1183 280 prxedita
1203 254 1210 272 :
1225 251 1313 280 neque
1336 253 1430 273 rursus
1444 246 1577 279 dicamus,
1602 253 1714 282 propter

928 292 1004 319 illam
1032 293 1117 326 ipsam
1142 292 1297 320 libertatem
1313 296 1434 319 nostram
1455 293 1554 320 divina:
1565 293 1715 321 Providen-

930 339 974 366 tiae
988 339 1078 366 divina
1095 338 1196 365 lumina
1215 338 1340 366 obtundi.
1357 339 1410 366 Sed
1428 339 1565 367 dictorum
1586 340 1641 375 92
1666 341 1714 367 ho-

930 392 990 412 rum
1003 387 1158 419 exemplum
1173 385 1267 419 accipe
1288 391 1303 411 a
1327 384 1431 412 lumine
1446 385 1512 412 solis
1527 394 1534 412 :
1555 386 1625 412 sicut
1640 386 1713 412 enim

931 430 967 458 ibi
983 430 1077 457 videre
1093 429 1166 461 licet,
1188 430 1215 456 in
1233 430 1470 464 transparentibns
1486 431 1594 465 quidem
1616 439 1715 466 corpo-

931 475 1007 502 ribus
1023 475 1162 502 radiorum
1182 475 1242 502 ﬁeri
1267 475 1502 509 distributionem,
1516 483 1603 510 eoque
1628 478 1715 512 magis

929 522 973 548 vel
990 522 1090 554 minus,
1109 529 1158 557 pro
1171 521 1285 556 subjecti
1303 522 1336 549 ad
1356 522 1447 549 lumen
1467 523 1657 557 excipiendum
1669 531 1716 551 ca-

931 567 1068 602 pacitate;
1083 567 1109 594 in
1126 567 1310 595 crassiorihus
1324 572 1415 595 autem
1430 576 1484 595 non
1507 569 1645 601 similiter.
1668 569 1716 597 sed

931 620 979 642 aut
989 615 1101 642 omnino
1110 615 1283 642 indistribute
1299 619 1345 642 aut
1357 616 1492 649 obscure;
1504 616 1620 650 idipsum
1631 617 1716 643 etiam

932 661 959 688 in
973 661 1065 688 divina
1094 661 1277 689 illustratione
1303 661 1472 696 ina-qualitas
1489 662 1581 689 libera:
1600 670 1719 697 propen-

932 706 1017 734 siouis
1029 713 1168 741 operatur.
1183 707 1312 742 Snppone
1331 707 1415 739 enim,
1427 708 1511 735 vitam
1537 713 1659 736 nostram
1675 710 1717 736 vi-

932 753 1036 781 sionem
1049 761 1110 781 esse
1122 753 1286 788 spiritalem,
1301 754 1348 781 sed
1360 754 1532 789 iumqualem,
1549 760 1660 790 propter
1672 763 1718 783 ar-

932 799 1006 826 bilrii
1030 799 1204 834 libertatem;
1219 800 1317 828 divina-
1333 806 1424 828 autem
1450 802 1582 829 bonitatis
1598 802 1717 830 illustra-

934 846 1047 878 tiouem,
1063 853 1144 873 unam
1169 854 1231 874 esse
1253 851 1281 874 et
1305 848 1442 879 eamdem,
1472 848 1675 883 superplenam,
1691 856 1719 878 et

86 895 214 930 ουσιότης
242 895 258 931 ἢ
287 895 426 928 παντελῶς
459 895 610 932 ἀμὲθεκτον
635 897 708 922 ποιεῖ
733 896 782 930 τὴν
810 895 884 922 θείαν

936 892 1150 926 indeticientem,
1174 900 1202 920 et
1235 894 1399 929 simplicem,
1431 899 1459 922 et
1485 887 1580 922 eodem
1611 903 1719 930 semper

87 942 199 974 ἀκτῖνα,
214 943 242 968 ὲν
258 943 331 974 ὅσοις
349 942 448 978 δηλαδὴ
470 943 615 970 ἀντιτυπία
640 943 709 974 ἐστὶ,
733 942 882 970 κάντεῦθεν

87 988 235 1024 οὐδόλωςὴ
253 989 332 1021 ἀκτὶς
358 989 512 1017 διαδίδοται·
534 991 551 1026 ῆ
575 990 719 1026 διαφόρους
739 992 813 1017 ποιεῖ
833 990 883 1022 τὰς

89 1034 219 1070 μετοχὰς,
239 1035 339 1071 μικρὰς
360 1036 376 1072 ἢ
398 1036 528 1072 μεγάλας,
543 1036 666 1072 ἀμυδρὰς
685 1036 702 1072 ἢ
725 1036 821 1071 φανάς.
846 1036 883 1062 Τὸ

88 1080 166 1114 γοῦν,
184 1081 280 1117 μικρὸν
293 1082 340 1109 καὶ
357 1082 438 1117 μέγα,
454 1083 500 1109 ἐπὶ
512 1082 605 1110 ποσοῦ·
624 1083 670 1110 καὶ
693 1083 778 1118 μικρὰ
803 1083 884 1119 χάρις

88 1127 171 1162 τυχὸν
183 1128 200 1163 ἡ
212 1128 263 1162 τῆς
279 1128 461 1160 διδασκαλίας-
481 1129 586 1164 μεγάλη
603 1130 619 1164 ὴ
637 1130 687 1164 τῆς
703 1128 881 1165 προφητείας·

90 1173 129 1198 Τὸ
145 1171 174 1199 δὲ
187 1172 310 1208 ἀμυδρὰς
322 1173 338 1209 ἢ
356 1173 451 1209 φανὰς,
462 1174 508 1200 ὲπὶ
526 1173 615 1200 ποιοῦ*
635 1174 680 1200 ὅτε
693 1174 774 1209 τυχὸν
791 1175 808 1210 ή
821 1182 885 1210 προ-

89 1218 192 1253 φητεία
213 1218 272 1245 δυσί
292 1227 362 1246 τισιν
379 1219 507 1255 ὑπάρχει,
529 1220 576 1247 καὶ
599 1219 639 1255 τῷ
664 1220 713 1254 μὲν
733 1219 780 1246 ἐπὶ
803 1219 883 1246 πλέον

89 1263 162 1295 sati,
172 1263 212 1299 τῷ
226 1264 254 1291 δὲ
265 1265 308 1290 ἐπ’
323 1264 440 1292 ἔλαττον.
461 1265 537 1292 Ἐπεὶ
552 1266 593 1293 ὅτι
608 1274 640 1300 γε
655 1266 702 1292 καὶ
714 1265 769 1292 τῶν
783 1265 884 1302 ἑτέρων

91 1309 180 1336 ὲθνῶν
194 1309 234 1345 (ea
249 1307 286 1337 ὧν
299 1311 346 1337 καὶ
363 1312 443 1347 ἡμεῖς
455 1311 584 1347 ’Έλληνες
599 1312 676 1344 ὄντες
690 1311 883 1348 ἁνενεύσαμεν)

91 1356 124 1382 οὐ
143 1356 214 1389 ξένοι
231 1357 304 1388 τινὲς
320 1358 366 1384 καὶ
382 1358 520 1385 ἀλλόκοτοι
537 1359 701 1386 ἐπεστάτουν
719 1358 775 1386 θεοὶ
793 1358 840 1386 ἐπὶ
853 1358 885 1386 τὺ

91 1404 286 1440 ὲξηπλωμένον
300 1406 367 1432 πᾶσι
391 1407 448 1438 τοῖς
460 1406 581 1433 θέλουσιν
605 1408 645 1439 εἰς
660 1407 801 1443 μετάδοσιν
816 1408 884 1434 ἑτοι-

93 1458 155 1485 μως
170 1450 205 1477 δι’
218 1449 371 1486 ἁγαθότητα
383 1451 430 1478 τοῦ
445 1452 590 1488 θεαρχικοῦ
605 1453 694 1488 φωτὸς
709 1453 822 1489 ἄπειρον
836 1453 884 1480 πέ-

92 1497 188 1531 λαγος,
209 1498 266 1524 ἀλλ’
288 1499 381 1534 ἐπειδὴ
402 1499 450 1535 μία
478 1499 586 1526 πάντων
614 1499 686 1536 ἁρχὴ
706 1501 721 1526 ό
742 1499 817 1532 Θεός·
840 1499 884 1527 διὰ

91 1543 174 1570 τοῦτο
203 1544 272 1579 πρὸς
298 1544 400 1580 ταύτην
422 1545 522 1580 ἀνῆγον
538 1546 563 1571 οἱ
588 1545 649 1572 καθ’
672 1545 787 1572 ἕκαστον
802 1545 883 1593 *ἔθνος
898 1565 920 1593 C

91 1589 302 1621 ὲπιστατοῦντες
317 1589 427 1624 ἄγγελοι
450 1590 514 1622 τοὺς
531 1590 680 1626 ἑπομένους
702 1590 772 1617 κατὰ
784 1589 815 1617 τὸ
838 1590 886 1617 αὑ-

92 1634 219 1670 θαίρετον
232 1636 278 1662 καὶ
299 1636 349 1663 οὐκ
375 1636 590 1672 ἠναγκασμένον.
615 1637 728 1672 Μάρτυς
750 1638 764 1663 ὁ
785 1637 887 1672 Μελχι-

92 1681 184 1712 σεδὲκ,
200 1681 325 1716 βασιλεὺς
344 1682 394 1718 μὲν
405 1682 455 1718 τῆς
471 1682 566 1718 Σαλὴμ
582 1682 621 1710 ὢν
637 1681 684 1709 ἐπὶ
703 1682 759 1709 τῶν
783 1683 886 1718 χρόνων

91 1728 142 1754 τοῦ
161 1727 295 1763 Ἀϐραὰμ,
314 1728 343 1761 ἐξ
365 1728 450 1755 ἐθνῶν
469 1729 498 1755 δὲ
520 1728 568 1755 καὶ
587 1730 616 1756 ὲν
634 1729 710 1764 μέσῳ
728 1728 783 1755 τῶν
801 1728 885 1755 ὲθνῶν

93 1774 228 1810 ἱεράρχης
240 1773 434 1809 φιλοθεώτατος
450 1774 657 1810 γνωριζόμενος·
675 1775 705 1801 οὐ
722 1774 776 1810 γὰρ
791 1774 886 1806 ἁπλῶς

93 1820 219 1855 φιλόθεον
235 1820 328 1847 τοῦτον
342 1821 370 1848 αἱ
394 1821 502 1856 Γραφαὶ
525 1821 727 1857 παραδιδοῦσιν,
749 1821 817 1848 ἀλλὰ
838 1822 885 1848 καὶ

95 1867 174 1903 ιερέα
189 1867 236 1894 τοῦ
258 1868 341 1901 ὅντως
355 1869 432 1901 ὄντος
455 1869 534 1901 Θεοῦ,
561 1869 605 1896 ἵνα
621 1869 730 1900 πάντως
743 1867 883 1904 δηλώσωσι

92 1915 153 1945 τοῖς
165 1913 317 1950 ὲχέφροσιν,
334 1914 373 1941 ὃτι
384 1915 421 1950 μὴ
439 1915 519 1950 μόνον
533 1912 610 1946 οὗτος
624 1913 658 1950 ἦν
675 1913 804 1949 φιλόθεος,
817 1913 884 1940 ἀλλὰ

92 1960 145 1986 καὶ
161 1959 252 1992 ἄλλοις
265 1961 305 1993 εἰς
326 1961 462 1995 φιλοθεΐαν
478 1963 582 1997 ἠγεῖτο·
599 1961 668 1997 ὅπερ
681 1960 740 1992 πῶς
748 1961 781 1988 ἂν
788 1958 832 1996 ἦν,
847 1959 886 1986 εί-

93 2014 152 2041 περ
167 2006 335 2040 ἁπαξαπλῶς
343 2007 389 2034 καὶ
398 2009 570 2035 παντάπασιν
585 2008 618 2034 ἐκ
629 2007 684 2034 τῶν
700 2007 786 2034 ἐθνῶν
798 2008 815 2043 ἡ
833 2006 888 2033 θεο-

93 2052 200 2086 γνωσία
216 2053 347 2080 ἀπέλειπε

933 941 1013 967 modo
1027 947 1056 967 se
1082 940 1249 968 habentem:
1270 946 1334 969 tunc
1355 942 1450 977 utique
1471 943 1608 970 visionum
1632 943 1718 971 libera

933 986 1079 1022 propensio
1095 986 1138 1013 vel
1149 987 1260 1014 omnino
1284 987 1546 1016 incommunieatum
1572 990 1660 1017 reddit
1675 997 1720 1017 ra-

933 1032 1007 1059 dium
1031 1032 1164 1066 divinum,
1188 1033 1222 1061 iis
1238 1034 1366 1061 nimirum
1385 1035 1432 1070 qui
1456 1034 1640 1069 reluctantur,
1656 1045 1721 1072 pro-

933 1083 995 1113 pter
1009 1079 1083 1113 quod
1105 1080 1217 1107 omnino
1233 1081 1325 1108 radius
1346 1089 1400 1109 non
1416 1082 1609 1117 distribuitur;
1624 1083 1664 1111 vel
1676 1084 1719 1110 di-

934 1133 1028 1153 versas
1055 1125 1122 1152 facit
1146 1126 1385 1161 participationes,
1410 1135 1508 1163 parvas
1530 1128 1571 1156 vel
1595 1137 1719 1164 magnas,

934 1173 1066 1199 obscuras
1080 1170 1122 1199 vel
1145 1171 1245 1199 claras.
1269 1171 1337 1199 lllud
1364 1173 1457 1208 itaque
1477 1181 1591 1208 parvum
1619 1180 1647 1202 et
1663 1183 1720 1202 ma-

934 1226 1030 1253 gnum,
1049 1219 1083 1246 ad
1099 1219 1281 1253 quantitatem
1297 1219 1416 1246 refertur
1434 1229 1440 1247 :
1456 1225 1484 1247 et
1497 1228 1580 1255 parva
1595 1226 1637 1248 est
1656 1229 1719 1256 gra—

935 1265 983 1298 tia,
1001 1264 1072 1292 forte
1085 1265 1263 1298 eruditionis;
1278 1273 1389 1301 magna,
1405 1266 1566 1300 prophetize.
1583 1267 1650 1295 illud
1672 1275 1722 1295 au-

937 1317 1002 1344 tem,
1017 1312 1148 1340 obscuras
1162 1312 1205 1340 vel
1231 1313 1331 1345 claras,
1347 1313 1381 1339 ad
1405 1313 1564 1347 qualitatem
1593 1313 1721 1349 refertur,

934 1360 1044 1393 quando
1058 1358 1129 1386 forte
1146 1359 1289 1395 prophetia
1312 1359 1418 1387 duobus
1438 1359 1575 1394 aliquibus
1590 1361 1721 1397 obtingit;

934 1411 1017 1440 atque
1028 1405 1073 1432 uni
1087 1405 1196 1440 quidem
1213 1405 1330 1440 plenior,
1343 1405 1420 1433 alter:
1434 1413 1499 1433 vero
1515 1406 1636 1437 tenuior.
1651 1407 1722 1441 Quin

935 1452 1017 1479 etiam
1039 1452 1105 1488 quia
1128 1452 1235 1480 caeteris
1253 1452 1382 1487 gentibus
1406 1452 1434 1487 (e
1444 1452 1543 1487 quibus
1559 1458 1586 1481 et
1600 1460 1661 1486 nos,
1675 1454 1722 1488 qui

935 1497 1022 1526 Graeci
1033 1506 1136 1530 sumus,
1145 1498 1319 1534 emersintus)
1332 1506 1385 1525 non
1400 1498 1481 1525 alieni
1496 1499 1607 1533 quidatn
1622 1504 1724 1534 etpro-

935 1545 1031 1580 digiosi
1044 1544 1210 1580 przefuerunt
1222 1544 1258 1572 dii
1267 1545 1300 1572 ad
1309 1544 1435 1572 diffusum
1443 1545 1583 1578 omnibus,
1593 1546 1639 1580 qui
1653 1546 1724 1573 ultm

941 1598 990 1625 per
998 1591 1151 1618 bonitatem
1161 1591 1220 1625 ejus
1235 1590 1473 1625 participationem
1484 1594 1626 1626 appetunt,
1639 1591 1723 1625 divini

940 1635 1051 1663 luminis
1075 1635 1211 1662 infinitum
1235 1635 1358 1670 pelagus,
1373 1635 1421 1663 sed
1445 1641 1488 1662 est
1512 1644 1582 1663 unus
1601 1637 1723 1664 omnium

940 1681 1110 1716 principatus
1127 1681 1213 1713 Deus;
1230 1681 1333 1708 idcirco
1345 1681 1379 1707 ad
1398 1681 1485 1716 ipsum
1499 1688 1607 1716 quoque
1623 1682 1724 1717 angeli.

940 1724 986 1758 qui
1003 1724 1102 1758 cuique
1123 1725 1228 1751 nationi
1243 1725 1365 1759 praefecti
1387 1730 1478 1757 erant,
1504 1733 1553 1753 eos
1564 1726 1610 1760 qui
1626 1734 1726 1761 seque-

939 1772 1051 1804 bantur,
1061 1771 1147 1799 libere
1158 1776 1185 1799 et
1203 1779 1257 1799 non
1273 1777 1369 1799 coacte
1381 1772 1564 1800 adduxerunt.
1578 1771 1667 1800 Testis
1683 1778 1726 1800 est

938 1819 1126 1851 Melchisedec,
1150 1818 1196 1853 qui
1225 1818 1335 1853 quidem
1361 1826 1410 1845 rex
1436 1818 1526 1845 Salem
1555 1819 1725 1853 temporibus

938 1865 1056 1892 Abrahae
1067 1868 1143 1897 erat;
1159 1868 1346 1891 verumtamen
1357 1871 1390 1890 ex
1403 1864 1539 1899 gentibus,
1551 1869 1580 1891 et
1594 1865 1621 1892 in
1637 1865 1726 1893 medio

939 1910 1062 1947 gentium
1075 1931 1084 1944 ,
1101 1910 1230 1938 sacerdos
1251 1909 1307 1937 Deo
1332 1909 1505 1945 gratissimus
1526 1915 1569 1938 est
1588 1912 1698 1946 agnitus
1716 1919 1724 1939 :

938 1964 994 1983 non
1008 1956 1081 1984 enim
1093 1955 1210 1990 simplici
1227 1956 1308 1983 modo
1324 1955 1413 1990 ipsum
1436 1956 1492 1984 Deo
1505 1956 1618 1984 charum
1640 1957 1727 1984 exsti-

941 2004 1007 2031 tisse
1019 2002 1169 2037 Scripturae
1190 2002 1308 2034 tradunt,
1334 2009 1429 2029 verum
1454 2003 1535 2030 etiam
1555 2003 1726 2031 sacerdotem

939 2054 1005 2077 vere
1019 2047 1175 2076 exsistentis
1195 2048 1241 2074 Dei
1255 2056 1262 2080 ;
1281 2048 1318 2074 ita
1330 2052 1360 2074 ut
1377 2048 1489 2076 omnino
1505 2048 1644 2076 intellectu
1658 2056 1726 2084 prae-

95 2096 165 2124 ditis
175 2098 344 2132 significent,
363 2099 450 2134 ipsum
466 2107 519 2126 non
536 2099 623 2127 solum
640 2099 695 2127 Deo
728 2099 843 2127 charum
871 2095 1024 2126 exstitisse,
1054 2101 1150 2121 verum
1174 2097 1203 2120 et
1234 2093 1301 2120 alios
1318 2101 1426 2128 quoque
1449 2094 1482 2121 ad
1503 2093 1549 2121 Dei
1577 2094 1725 2124 amicitiam

95 2144 258 2176 adduxisse,
271 2144 340 2178 quod
353 2143 400 2179 qui
414 2143 469 2172 ﬁeri
482 2145 626 2179 potuisset,
639 2144 662 2172 si
687 2145 832 2171 universim
855 2146 882 2170 et
898 2142 1011 2169 omnino
1024 2144 1052 2167 et
1070 2142 1142 2174 apud
1155 2146 1250 2166 omnes
1267 2145 1363 2173 gentes
1375 2139 1423 2166 Dei
1444 2140 1540 2167 notitia
1553 2140 1718 2169 defecisset?

135 2189 150 2225 ᾗ
169 2189 213 2216 IV.
235 2190 289 2216 Καὶ
304 2190 384 2217 τοῦτο
398 2190 427 2217 δὲ
442 2191 591 2226 ὑπομνήσω
605 2191 654 2226 τὴν
670 2190 719 2226 σὴν
730 2189 884 2225 ίεραρχικὴν

979 2186 993 2222 §
1014 2186 1058 2213 lV.
1078 2186 1145 2213 lllud
1161 2193 1270 2220 quoque
1287 2184 1434 2220 pontificiaa
1449 2190 1500 2213 tuae
1515 2187 1640 2214 scientia:
1652 2194 1727 2215 com-

97 2235 208 2262 σύνεσιν
231 2236 313 2271 (φησὶ
335 2236 404 2271 πρὸς
422 2236 467 2263 τὸν
489 2236 601 2270 Ἑφέσου
616 2236 763 2271 Τιμόθεον)
785 2236 826 2262 ὅτι
841 2236 887 2262 καὶ

97 2283 127 2308 αἱ
148 2281 208 2307 καθ’
225 2281 325 2313 ὕπνους
339 2281 449 2316 ὁράσεις
463 2281 502 2317 τῷ
515 2281 614 2317 Φαραὼ
631 2281 678 2308 καὶ
691 2281 731 2316 τῷ
752 2282 889 2316 Ναϐουχο-

96 2327 219 2362 δονόσορ,
237 2326 279 2353 διὰ
294 2326 348 2353 τῶν
365 2326 487 2361 ἀγγέλων
502 2327 556 2353 τῶν
575 2326 790 2353 ἐπιστατούντων
817 2326 889 2358 ἰδίως

96 2374 157 2404 τοῖς
172 2371 275 2398 ἔθνεσιν
292 2372 464 2407 ἐγεγένηντο,
481 2373 542 2399 καθ’
550 2372 583 2404 ἃς
590 2374 700 2408 ὁράσεις
713 2373 744 2400 τὸ
758 2373 808 2408 τῆς
822 2374 890 2400 πάν-

97 2425 155 2444 των
171 2417 298 2452 προνοίας
315 2419 362 2444 καὶ
381 2418 541 2454 κυριότητος
563 2419 740 2455 κηδεμονικὸν
756 2419 803 2446 τοῦ
821 2419 888 2446 Θεοῦ

97 2462 319 2498 διεπορθμεύετο·
335 2461 411 2495 οὗτος
418 2463 472 2499 γὰρ
486 2463 587 2500 Κύριος
600 2464 647 2490 καὶ
663 2465 812 2500 προνοητὴς
820 2465 889 2492 πάν-

97 2516 152 2534 των
169 2508 217 2534 καὶ
232 2507 314 2539 Θεὸς,
333 2509 370 2540 ὡς
386 2509 433 2535 καὶ
448 2509 462 2535 ὁ
476 2508 581 2541 Παῦλος
598 2509 731 2545 πολλαχοῦ
755 2510 887 2546 ἐδήλωσεν

97 2552 195 2580 εἰπών·
204 2553 253 2587 Μὴ
265 2555 321 2581 οὐκ
332 2555 418 2581 ἔστιν
426 2556 443 2581 ὁ
452 2555 524 2586 Θεὸς
537 2554 586 2582 καὶ
600 2554 713 2585 Mulir;
725 2556 774 2582 ναὶ
785 2556 835 2583 καί
841 2557 889 2583 ἐθ-

97 2598 178 2631 νῶν,
199 2600 283 2634 εἷπερ
300 2601 342 2633 εἷς
367 2602 382 2627 ό
400 2601 479 2633 Θεός.
506 2600 574 2627 Ἀλλ’
590 2602 619 2627 αἱ
642 2601 750 2636 δράσεις
773 2602 822 2636 μὲν
845 2602 888 2629 διὰ

97 2646 154 2672 τῶν
168 2646 301 2680 ἀγγέλων,
316 2647 345 2672 αἱ
359 2647 388 2673 δὲ
399 2646 490 2678 λύσεις
501 2646 656 2682 ἀλλαχόθεν,
668 2647 714 2674 καὶ
727 2647 757 2674 οὐ
767 2647 811 2674 διὰ
825 2648 887 2674 τού-

97 2701 164 2724 των,
182 2693 238 2728 ὅσῳ
258 2693 305 2719 καὶ
322 2692 389 2719 Θεοῦ
408 2692 574 2727 θεράποντες
597 2694 719 2729 ὑπῆρχον
734 2694 759 2720 οί
776 2694 890 2730 συγκρί-

98 2747 192 2770 νοντες
207 2738 242 2764 τὰ
268 2738 404 2774 ὀνείρατα,
429 2739 476 2765 καὶ
491 2739 546 2765 τῶν
563 2739 685 2773 ἀγγέλων
700 2741 783 2775 ἐγγὺς
795 2761 802 2773 ,
820 2740 891 2767 ὥστε

98 2785 155 2812 ἀπὸ
167 2784 236 2810 Θεοῦ
251 2784 284 2811 δι’
298 2784 387 2811 αὐτῶν
407 2784 441 2811 τὰ
465 2785 520 2812 τῶν
536 2785 686 2813 ὲπιλύσεων
709 2786 839 2821 γίνεσθαι.
862 2787 891 2814 '0

99 2830 155 2866 γὰρ
177 2830 275 2866 Ἰωσὴφ
292 2830 327 2857 τὰ
341 2830 389 2857 τοῦ
405 2831 504 2865 Φαραὼ
518 2832 644 2869 ὀνείρατα
656 2832 732 2861 ἔλυεν
748 2833 817 2868 ὑπὲρ
833 2833 888 2860 τῶν

137 2914 149 2929 ι’
168 2909 247 2938 Rom.
262 2918 305 2943 ut,
322 2909 366 2938 ‘19.

942 2231 1101 2259 memorabo
1115 2231 1274 2267 (alloquitur
1289 2231 1322 2258 ad
1348 2230 1521 2258 Timotheum
1544 2232 1644 2266 Ephesi
1665 2233 1726 2268 epi—

940 2278 1065 2312 scopum)
1078 2279 1214 2311 quomodo
1230 2277 1312 2303 etiam
1336 2275 1470 2304 Pharaoni
1496 2283 1524 2305 et
1543 2277 1727 2306 Nabuchodo-

940 2323 1034 2349 nosori
1055 2330 1104 2357 per
1119 2321 1242 2356 angelos,
1265 2321 1408 2348 nationum
1434 2323 1565 2356 praesides
1589 2325 1726 2359 proprios,

940 2369 968 2394 in
980 2367 1084 2395 somnis
1095 2367 1216 2395 visiones
1240 2366 1295 2393 sint
1308 2366 1448 2399 exhibita,
1458 2375 1507 2402 per
1525 2376 1594 2403 quas
1606 2371 1726 2398 Olllllllllll

940 2413 994 2449 93
1012 2413 1191 2449 providentia:
1205 2420 1238 2448 ac
1249 2412 1444 2441 dominationis
1460 2413 1508 2441 Dei
1531 2422 1596 2442 cura
1611 2415 1644 2443 iis
1660 2416 1728 2444 iusi-

931 2462 1076 2499 nuabatur
1097 2460 1308 2495 :siquidemhic
1321 2465 1363 2488 est
1376 2462 1518 2495 Dominus,
1537 2468 1564 2490 et
1590 2463 1725 2495 provisor,

940 2513 968 2535 et
980 2507 1052 2534 Deus
1066 2507 1200 2539 omnium.
1227 2507 1300 2534 sicut
1321 2508 1404 2535 etiam
1420 2507 1521 2536 Paulus
1537 2508 1639 2545 ,muhis
1661 2509 1727 2536 locis

940 2554 1099 2587 declaravit,
1116 2553 1234 2581 dicens:
1258 2554 1384 2588 Nunqu:d
1404 2558 1441 2581 est
1466 2555 1536 2582 Deus
1562 2555 1641 2581 etiam
1664 2563 1727 2589 gen-

940 2601 1025 2627 tium?
1041 2601 1094 2627 imo
1115 2605 1139 2627 et
1165 2601 1293 2634 gentium,
1316 2601 1441 2633 quoniam
1460 2609 1529 2628 unus
1550 2606 1588 2628 est
1613 2601 1681 2628 Deus
1703 2605 1725 2628 π.

941 2645 1043 2673 Verum
1057 2647 1180 2674 visiones
1193 2647 1304 2682 quidem
1327 2656 1374 2682 per
1399 2647 1522 2682 angelos,
1545 2647 1727 2675 resolutiones

941 2698 1032 2720 autem
1046 2693 1166 2726 aliunde,
1180 2697 1208 2721 et
1222 2700 1276 2720 non
1288 2701 1338 2728 per
1363 2694 1422 2727 hos,
1440 2694 1477 2720 ita
1501 2698 1531 2720 ut
1549 2692 1596 2720 Dei
1612 2693 1727 2724 fuerint,

941 2739 1100 2774 angelisque
1114 2740 1271 2775 propinqui,
1290 2739 1338 2775 qui
1359 2740 1466 2767 somnia
1482 2739 1677 2774 diiudicarunt,
1691 2739 1727 2765 ita

942 2790 1001 2812 uta
1020 2785 1074 2813 Deo
1095 2793 1143 2820 per
1161 2786 1223 2814 illos
1247 2794 1341 2814 eorum
1365 2786 1498 2814 resolutio
1522 2785 1612 2812 fieret.
1627 2784 1727 2818 Joseph

941 2833 1015 2862 enim
1024 2832 1105 2862 solvit
1116 2833 1221 2862 somnia
1233 2833 1387 2862 Pharaonis
1407 2841 1488 2861 suocr
1502 2831 1656 2868 Egyptios,
1678 2831 1728 2858 Da-
