1933 3075
231 177 283 206 ετι

822 169 851 197 S.
869 167 1019 197 DIONYSII
1035 167 1269 196 AREOPAGITE

1803 162 1859 189 272

231 235 286 264 niel
313 241 380 262 vero
413 230 692 262 Nabuchodonosoris
717 233 812 257 contra
839 228 1013 264 Babylonios.

1070 227 1234 261 Αἰγυπτίων,
1251 227 1265 253 6
1280 227 1309 253 δε
1319 226 1418 263 Δανιὴλ
1433 225 1468 252 τὰ
1480 227 1528 252 τοῦ
1539 220 1773 257 Ναϐουχοδονόσορ
1786 221 1858 247 κατὰ

231 282 348 313 Idcirco,
369 281 493 315 inquam,
519 285 588 306 unus
615 281 658 305 est
685 276 807 303 omnium
835 274 1015 310 principatus,

232 327 357 361 adeoque
375 333 430 353 una
443 323 630 352 Providentia.
648 321 742 356 Neque
755 320 811 348 ullo
826 320 906 347 modo
920 323 1017 353 putan-

232 373 297 401 dum
309 376 361 404 est.
374 372 453 407 quasi
468 371 571 398 Judaeis
589 369 698 404 quidem
721 367 819 395 sortito
833 365 904 393 Deus
915 370 941 393 et
955 371 1018 399 pro-

233 419 291 455 prie
299 417 513 454 praefuerit,aliis
522 421 611 443 autem
624 414 779 442 nationibus
789 411 960 448 praziuerint,
971 413 1018 437 aut

234 465 324 500 angeli
340 464 421 492 modo
437 462 489 490 sibi
507 461 617 498 proprio
638 461 696 489 sine
718 459 940 488 suliordinatione
952 477 959 489 ,
974 455 1017 484 vel

235 510 353 545 aequales
362 509 419 537 Deo
429 508 472 536 vel
484 508 541 536 Deo
552 507 692 538 contrarii,
702 506 743 533 vel
754 505 835 532 etiam
850 504 897 531 alii
908 503 1017 539 quidam

234 555 283 583 dii.
298 555 367 589 Quin
379 554 461 582 etiam
473 553 544 588 quod
558 553 583 580 iu
598 553 712 580 Cantico
726 552 867 586 Scriptura
885 550 950 578 dicit
963 558 970 577 :
983 548 1016 576 Et

235 602 321 637 [actus
338 605 375 628 eu
388 608 448 636 pars
467 600 574 627 Domini
588 600 700 634 populus
718 599 778 633 ejus
797 597 891 630 Jacob,
910 596 1016 631 {unicu-

235 648 277 676 liu
298 647 459 675 hereditatis
479 647 536 681 ejus
560 646 645 673 Israel
663 650 686 678 ι,
699 645 846 672 secundum
871 644 943 670 hunc
957 649 1018 669 sen-

235 702 295 722 sum
317 692 505 728 accipiendum
524 696 577 724 est,
601 699 653 718 non
680 691 759 725 quasi
788 689 861 717 Deus
888 689 1018 716 mundum

235 739 308 767 hunc
327 744 451 766 nostrum
467 745 528 764 cum
544 737 652 764 caeteris
667 736 719 763 diis
731 735 868 770 angelisve
885 733 1017 765 diviserit,

234 786 315 821 eique
336 784 413 820 quasi
435 792 496 812 sors
515 783 600 811 lsrael
621 783 775 817 assignatus
794 781 841 808 sit.
871 780 925 807 Sed
950 787 1019 814 quo-

235 833 335 861 modo?
357 833 434 866 Quod
463 832 592 860 nimirum
627 831 743 866 ipsamet
768 830 898 858 altissima
927 836 1018 857 rerum

234 879 357 906 omnium
371 877 546 906 Providentia
574 883 617 904 res
640 883 735 903 omnes
750 875 901 908 hominum,
918 874 1020 902 saluta-

235 926 312 953 ribus
326 924 435 960 quidem
463 924 550 958 quoad
576 923 662 958 ipsos,
678 922 712 949 ad
729 921 813 949 Deum
831 929 896 948 vero
911 927 1017 948 sursum

235 970 404 1006 erigentibus
418 969 688 1001 manuductionibus,
705 968 810 1003 angelis
830 968 888 995 suis
901 967 1019 1002 propriis

235 1017 412 1051 commiserit,
429 1024 462 1044 ex
481 1017 606 1045 omnibus
621 1021 711 1043 autem
733 1015 786 1042 illis
802 1014 929 1050 gentibus
943 1013 1018 1041 solus

234 1062 318 1091 Israel
331 1063 364 1090 ad
374 1063 430 1090 veri
442 1062 488 1090 Dei
501 1062 710 1089 illustrationem
720 1067 868 1088 conversus
881 1059 927 1086 sit.
941 1058 1019 1086 Unde

234 1115 314 1135 sacra
331 1107 486 1143 Scriptura,
500 1107 658 1142 significans
672 1106 744 1141 quod
758 1106 878 1140 seipsum
894 1104 976 1133 Israel
985 1103 1017 1130 ad

236 1156 292 1184 veri
317 1155 366 1183 Dei
390 1155 572 1183 ministerium
594 1153 759 1182 destinarit:
785 1152 884 1180 Factus
897 1157 946 1185 est,
974 1150 1019 1177 in-

235 1203 306 1238 quit,
337 1209 399 1236 pars
416 1201 531 1228 Domini.
563 1199 600 1228 Ut
622 1206 713 1228 autem
739 1200 836 1227 iterum
852 1198 1017 1229 ostenderet,

234 1247 371 1284 quomodo
385 1247 470 1274 etiam
488 1246 582 1278 lsrael.
598 1246 702 1281 pariter
716 1253 778 1273 cum
802 1243 909 1284 caeteris
930 1245 1019 1278 gentl-

238 1281 299 1326 bus,
330 1292 462 1328 peculiari
487 1292 596 1319 cuidam
619 1291 716 1326 angelo
739 1281 900 1318 commissus
923 1288 1018 1322 fuerit,

236 1348 287 1376 per
311 1347 392 1375 quem
422 1340 456 1367 ad
481 1339 528 1367 Dei
552 1339 675 1366 notitiam
697 1339 897 1371 traduceretur,
913 1337 935 1364 si
962 1336 1020 1370 ipse

236 1387 364 1415 nimirum
390 1388 472 1415 etiam
497 1386 590 1418 vellet,
614 1385 772 1412 Michaelem
798 1383 895 1411 ducem
927 1382 1019 1418 populi

236 1435 310 1462 illius
346 1435 427 1468 dicit;
454 1439 548 1470 aperte
585 1434 649 1461 hinc
679 1433 788 1465 docens,
818 1432 926 1459 unicam
959 1438 1020 1458 esse

235 1481 357 1509 omnium
372 1480 570 1516 providentiam
593 1488 653 1515 quae
668 1479 775 1508 cunctis
798 1483 853 1506 tam
868 1477 1020 1505 visibilibus

236 1534 318 1562 (tuam
348 1525 530 1554 invisibilibus
556 1526 661 1561 prmsit,
674 1531 824 1559 omnesque
842 1531 875 1551 ac
899 1523 1020 1558 singulas

1067 273 1121 300 τῶν
1138 272 1322 300 Βαὸυλωνίων.
1337 272 1386 299 Διὰ
1402 272 1481 299 τοῦτό
1497 279 1579 307 φημι,
1600 270 1649 305 μία
1664 268 1738 295 ἐστὶν
1754 269 1771 303 ἡ
1789 266 1861 293 πάν-

1067 327 1120 345 των
1136 319 1217 355 ἁρχὴ,
1227 320 1273 346 καὶ
1286 319 1331 346 διὰ
1345 318 1424 345 τοῦτο
1441 318 1489 354 μία
1508 317 1637 354 πρόνοια.
1658 315 1712 342 Καὶ
1730 313 1856 349 οὐδαμῶς

1068 366 1255 400 ὑποληπτέον,
1280 366 1321 392 ὅτι
1341 364 1572 401 ἀποκληρωτικῶς
1595 363 1642 390 καὶ
1663 362 1735 393 ἰδίως
1754 362 1769 387 6
1790 359 1860 388 Θεὸς

1068 412 1159 447 ἡγεῖτο
1177 411 1231 437 τῶν
1250 410 1394 437 Ἰουδαίων·
1407 412 1463 441 τοῖς
1479 409 1507 436 δὲ
1521 408 1611 440 ἄλλοις
1620 407 1722 434 ἔθνεσιν
1738 404 1858 432 ἐπεστά-

1067 457 1155 493 τουνῆ
1168 456 1277 491 ἄγγελοι
1290 456 1445 492 ῑδιοτρὸπως
1453 455 1644 486 ἀνυπότακτοι,
1655 453 1671 489 ἢ
1683 452 1808 488 ὁμότιμοι
1818 451 1859 486 τῷ

1067 503 1136 538 Θεῷ,
1154 502 1170 538 ἢ
1183 502 1325 534 ἀντίθετοι,
1342 502 1358 538 ἢ
1376 502 1422 528 καὶ
1435 501 1490 528 Θεοί
1504 509 1576 533 τινες
1592 500 1688 535 ἕτεροι.
1714 498 1794 525 Ἀλλὰ
1810 497 1860 524 καὶ

1067 548 1097 574 τὸ
1110 549 1138 574 ὲν
1153 549 1186 584 τῇ
1201 548 1257 584 ᾠδῇ
1268 548 1368 582 λόγιον,
1384 547 1415 574 τὸ
1431 547 1545 581 φάσκον·
1562 545 1618 572 Καὶ
1633 543 1759 579 ἐγενήθη
1771 543 1857 578 μερίς

1067 595 1179 628 Κυρίου
1197 594 1273 627 λαὸς
1288 593 1381 621 αὐτοῦ
1411 592 1514 623 Ιακὼϐ,
1531 592 1694 625 σχοίνισμα
1713 592 1860 623 κληρονο-

1065 642 1136 676 μίας
1148 640 1241 668 αὐτοῦ
1264 637 1396 674 Ἰσραὴλ,
1411 638 1483 666 κατὰ
1497 638 1575 674 τήνδε
1596 637 1646 672 τὴν
1661 635 1762 662 ἔννοιαν
1780 634 1859 670 ὲκλη-

1068 687 1159 719 πτέον,
1176 686 1225 722 οὐχ
1238 687 1279 713 ὅτι
1291 686 1436 722 ἐμερίσατο
1451 685 1465 710 6
1481 683 1548 715 Θεὸς
1565 682 1624 718 μεθ’
1639 681 1740 717 ἐτέρων
1751 680 1830 712 θεῶν,
1840 679 1858 715 ἢ

1069 735 1116 762 καὶ
1127 734 1258 768 ἀγγέλων,
1267 733 1313 760 τὸν
1323 732 1383 759 καθ’
1392 731 1466 767 ἡμᾶς
1473 729 1567 756 τοῦτον
1581 728 1692 764 κόσμον,
1705 727 1752 754 καὶ
1767 726 1859 761 τούτῳ

1069 783 1224 819 ἐπενεμήθη
1247 782 1284 814 ὡς
1300 782 1401 818 κλῆρος
1420 781 1435 807 6
1463 779 1580 816 Ἰσραήλ.
1603 777 1681 804 Ἀλλὰ
1700 777 1776 810 πῶς;
1796 777 1859 803 Ὂτι

1069 831 1137 866 αὑτὴ
1151 830 1199 866 μὲν
1213 830 1229 865 ἡ
1248 829 1296 865 μία
1310 827 1497 854 τῶνὰπάντων
1515 825 1624 860 ὕψιστος
1632 823 1758 861 πρόνοια,
1767 824 1859 850 πάντα

1068 877 1103 903 τὰ
1118 877 1158 907 εἰς
1172 874 1342 910 ἀνθρώπους,
1359 873 1420 905 ταῖς
1438 873 1584 903 σωστικαῖς
1602 871 1652 906 μὲν
1670 870 1739 906 πρὸς
1750 869 1859 904 ἀνθρὼ-

1071 932 1156 955 πους,
1172 921 1347 950 ἀνατατικαίς
1369 920 1398 946 δὲ
1422 918 1490 955 πρὸς
1505 918 1570 944 Θεὸν
1591 917 1786 953 χειραγωγίαις
1801 915 1859 942 τῶν

1069 970 1175 998 οἰκείων
1183 968 1305 1003 ἀγγέλων
1317 966 1478 1001 διενείματο,
1489 965 1521 991 ὲκ
1528 964 1629 991 τούτων
1645 963 1674 990 δὲ
1686 963 1794 990 πάντων
1801 962 1859 990 τῶν

1069 1017 1154 1044 ἐθνῶν
1178 1016 1257 1052 μόνος
1278 1016 1292 1041 6
1313 1013 1421 1050 Ἰσραὴλ
1442 1012 1489 1039 ἐπὶ
1508 1011 1558 1047 τὴν
1580 1010 1628 1036 τοῦ
1645 1010 1730 1041 ὅντως
1752 1009 1859 1045 Κυρίου

1069 1063 1234 1099 φωτοδοσίαν
1242 1061 1410 1098 ἐπεστράφη.
1423 1059 1503 1086 Ὅθεν
1519 1059 1536 1094 ὴ
1554 1057 1613 1084 θεία
1624 1055 1859 1092 Γραφὴ,δηλοῦσα

1071 1117 1129 1153 μὲν,
1144 1116 1186 1143 ὅτι
1202 1113 1392 1149 ἐπεκλήρωσεν
1408 1110 1503 1138 ἑαυτὸν
1518 1110 1538 1150 ὁ.
1554 1107 1661 1144 Ἰσραὴλ
1679 1107 1726 1134 ἐπὶ
1741 1107 1791 1142 τὴν
1807 1105 1858 1132 τοῦ

1068 1168 1153 1198 ὅντως
1167 1163 1234 1192 Θεοῦ
1248 1162 1405 1199 θεραπείαν·
1421 1158 1561 1194 Ἐτενήθη
1571 1157 1657 1193 μερὶς
1669 1155 1791 1191 Κυρίου,
1803 1163 1859 1190 φη-

1070 1217 1121 1244 σίν.
1145 1212 1351 1248 Ένδεικνυμένη
1365 1211 1394 1238 δὲ
1407 1210 1489 1237 πάλιν
1496 1208 1537 1241 τὸ,
1549 1207 1596 1234 καὶ
1607 1206 1688 1234 αὑτὸν
1702 1205 1734 1241 δὴ
1745 1204 1791 1231 τὸν
1805 1204 1860 1230 Ἰσ-

1070 1261 1139 1299 ραὴλ
1153 1261 1183 1287 ὲν
1200 1260 1249 1295 τσῳ
1264 1260 1321 1290 τοῖς
1335 1257 1437 1288 λοιποῖς
1455 1255 1557 1282 ἔθνεσιν
1572 1253 1611 1280 ἑνί
1628 1260 1680 1279 τινι
1696 1251 1750 1278 τῶν
1770 1249 1858 1284 ἀγγέ-

1068 1296 1122 1335 λων
1142 1305 1346 1342 ἀπονεμηθῆναι
1368 1305 1408 1335 εἰς
1427 1302 1458 1329 τὴ
1472 1302 1505 1328 δι’
1521 1299 1604 1327 αὑτοῦ
1620 1299 1660 1330 είς
1674 1298 1724 1332 τὴν
1741 1296 1860 1342 θεογνω-

1070 1353 1130 1380 σίαν
1142 1341 1300 1386 ἀναχθῆναι,
1315 1349 1436 1379 θέλοντος
1451 1346 1552 1382 δηλαδὴ
1568 1345 1616 1372 καὶ
1631 1342 1724 1374 αὑτοῦ,
1740 1342 1787 1368 τὸν
1804 1341 1859 1368 Μι-

1069 1398 1138 1435 χαὴλ
1154 1398 1205 1433 ἔφη
1221 1395 1342 1432 ἡγεμόνα
1363 1392 1410 1420 τοῦ
1427 1392 1546 1419 τοιούτου
1563 1389 1640 1416 λαοῦ·
1662 1388 1860 1415 ὲκδιδάσκουσα

1069 1432 1226 1478 Evt-amavi)
1240 1439 1336 1477 Γραφὴ
1343 1439 1383 1470 τὸ,
1401 1437 1464 1473 μίαν
1480 1434 1549 1463 εἶναι
1565 1435 1693 1470 πρόνοιαν
1708 1433 1754 1459 ἐπὶ
1762 1432 1858 1464 πᾶσιν,

1070 1476 1269 1525 ὑπερκειμένην
1285 1484 1444 1521 καὶὸρατῶν
1457 1484 1504 1510 καὶ
1519 1482 1641 1518 ἀοράτων
1658 1479 1796 1510 ἁπάντων,
1810 1476 1860 1504 καὶ

1072 1536 1114 1562 ὅτι
1126 1523 1218 1561 ἒπάντα
1232 1533 1267 1559 τὰ
1282 1531 1342 1559 καθ’
1357 1531 1471 1558 ἕκαστον
1487 1528 1550 1564 ἔθνη
1569 1527 1633 1554 ἴδιον
1648 1526 1795 1561 ἐσχήκασιν
1809 1523 1861 1558 ἄγ-

236 1577 331 1608 gentes
344 1574 510 1608 peculiarem
532 1572 658 1607 angelum
675 1571 812 1603 habuisse,
827 1570 873 1606 qui
896 1577 956 1602 eos,
973 1569 1018 1604 qui

1071 1582 1159 1617 γελον,
1177 1579 1350 1608 ἀνατείνοντα
1368 1578 1432 1609 τοὺς
1448 1575 1596 1611 ἑπομένους
1614 1571 1773 1602 ἐθελουσίως
1787 1569 1861 1596 κατὰ

235 1618 309 1646 ultro
333 1626 366 1646 ac
386 1623 482 1654 sponte
495 1623 688 1654 sequerentur,
704 1617 737 1644 ad
752 1616 837 1644 Deum
858 1623 947 1644 rertun
961 1623 1020 1642 om-

236 1663 311 1692 nium
325 1665 490 1700 principium
506 1665 648 1701 dirigeret.

1071 1628 1101 1655 τὸ
1117 1626 1288 1661 αὐτεξούσιον
1294 1625 1334 1657 εἰς
1349 1623 1398 1659 τὴν
1412 1623 1519 1650 πάντων
1533 1621 1630 1657 ἀρχὴν,
1643 1619 1690 1645 τὸν
1697 1617 1773 1644 Θεόν.

233 1728 1855 1755 ____________________________———

421 1814 477 1852 95
509 1823 701 1868 CAPUT
737 1823 798 1866 X.

349 1896 476 1932 Repetitio
491 1901 515 1924 et
527 1895 660 1924 conclusio
675 1895 787 1931 angelici
799 1894 911 1922 ordinis.

1260 1807 1582 1853 ΚΕΦΑΛΑΙΟΝ
1601 1808 1641 1849 I’.

1079 1880 1284 1914 Ἐπανάληψις
1300 1879 1349 1906 καὶ
1363 1876 1522 1944 συνιέξγγίνγὴ
1540 1875 1595 1912 τῆς
1620 1873 1781 1911 ἀγγελικῆς
1809 1874 1862 1901 εὐ-

1409 1921 1424 1939 τ
1477 1920 1522 1944 ας.

1409 1920 1522 1945 tactae.

889 1993 1056 2022 SYNOPSIS
1072 1993 1216 2022 CAPlTlS.

268 2075 290 2103 ι.
302 2077 383 2107 Docet,
396 2075 550 2102 sublimiore;
561 2073 809 2107 angelosusulilimiori
820 2080 917 2107 quoque
929 2073 1001 2107 modo
1018 2071 1145 2107 illustrari.
1156 2071 1195 2107 ill.
1204 2071 1240 2107 λη
1253 2067 1562 2107 ἰίίιιείνηιίοηὶίῃιδιρετυανῑ
1571 2074 1664 2098 quoque
1679 2068 1864 2094 subordinatio-

573 2099 634 2132 ηέηι.
649 2099 690 2130 lII.
705 2106 792 2130 Omnes
803 2099 853 2130 sine
864 2099 962 2135 a'ngelos
972 2103 1022 2129 sire
1032 2103 1139 2129 homines
1152 2101 1271 2134 triplicem
1281 2102 1368 2127 habere
1383 2099 1520 2132 potentiam.

1031 2178 1084 2215 μ.

274 2243 439 2272 Conclusam
459 2242 544 2277 igitur
557 2248 573 2268 a
592 2240 683 2272 nobis,
699 2239 836 2274 quomodo
850 2238 895 2266 illa
911 2238 1019 2274 quidem

1109 2239 1244 2274 Συνῆκται
1257 2238 1346 2265 τοίνυν
1360 2237 1442 2272 ἡμῖν,
1462 2237 1499 2268 ὼς
1515 2236 1531 2271 ἡ
1548 2236 1595 2270 μὲν
1617 2234 1792 2270 πρεσϐυτάτη
1807 2235 1865 2262 τῶν

239 2289 438 2324 antiquissima,
452 2295 513 2323 quae
533 2287 587 2314 Deo
604 2289 705 2320 praesto
716 2290 768 2317 est,
782 2284 1022 2320 intelligentiarum

240 2334 405 2367 distributio,
420 2334 454 2360 ab
477 2333 593 2368 ipsamel
602 2330 860 2366 primitusinitianle
886 2330 1024 2357 illumina-

239 2383 314 2410 tione
326 2384 496 2413 eonsecrata,
518 2379 674 2406 immediate
690 2377 728 2405 illi
750 2377 924 2409 intendendo,
937 2384 1026 2404 secre-

240 2428 302 2456 tiori
322 2426 405 2454 simul
419 2430 446 2453 et
460 2424 642 2452 manifestiori
665 2423 750 2451 divini
776 2423 946 2458 principatus
959 2423 1023 2450 illu-

239 2474 373 2504 stratione
385 2478 514 2508 purgetur
527 2474 556 2499 et
573 2470 742 2497 illuminetur
756 2475 837 2503 atque
855 2469 1021 2504 perﬁciatur.

239 2519 388 2548 Secretiori
402 2518 524 2552 quidem,
541 2516 607 2551 quia
622 2515 782 2549 spiritaliori
802 2515 942 2550 magiSque
954 2515 1021 2542 sim-

239 2566 329 2602 pliilca
350 2563 523 2598 uniﬂcaque;
547 2560 726 2589 manil'estiori
751 2566 852 2593 autem,
872 2561 936 2594 quia
965 2561 1022 2595 pri-

240 2611 333 2639 mitiva‘
355 2607 554 2645 primilucaque
577 2611 605 2633 et
631 2606 834 2638 universaliori,
849 2606 954 2641 ipsique
967 2606 1019 2642 (ut-

276 2682 288 2696 '
303 2676 381 2704 Dent.
401 2681 487 2706 nm,
501 2673 528 2700 9.

1075 2285 1138 2320 περὶ
1154 2285 1219 2311 Θεὸν
1234 2284 1300 2310 νοῶν
1319 2284 1505 2318 διακόσμησις,
1527 2281 1578 2307 ὑπὸ
1597 2280 1646 2316 τῆς
1666 2281 1865 2316 τελεταρχικῆς

1074 2331 1232 2366 ὲλλάμψεως
1250 2330 1459 2366 ἱεραρχουμένη,
1475 2328 1513 2364 τῷ
1530 2328 1666 2363 ὲπ¹αὐτὴν
1682 2328 1792 2362 ἀμέσως
1801 2328 1866 2354 ἁνα-

1073 2376 1207 2403 τείνεσθαι
1218 2376 1257 2407 ⁷³,
1271 2376 1445 2411 κρυφιωτέρᾳ
1462 2375 1508 2401 καὶ
1525 2374 1690 2409 φανατέρᾳ⁷⁸
1706 2373 1757 2408 τῆς
1780 2373 1866 2409 θεαρ-

1074 2423 1135 2458 χίας
1151 2422 1299 2457 φωτοδοσίᾳ
1311 2421 1480 2457 καθαίρεται.
1496 2421 1543 2446 καὶ
1553 2418 1710 2454 φωτίζεται,
1726 2419 1773 2445 καὶ
1786 2419 1866 2445 τελε-

1075 2470 1249 2505 σιουργεῖται.
1263 2467 1444 2504 Κρυφιωτέρᾳ
1453 2467 1511 2502 μὲν,
1523 2466 1560 2497 ὡς
1571 2466 1725 2501 νοητοντέρα,
1738 2465 1785 2491 καὶ
1798 2464 1866 2499 μᾶλ-

1073 2516 1118 2542 λον
1131 2515 1271 2551 ἀπλωτικῇ
1284 2515 1331 2541 καὶ
1345 2514 1467 2548 ἑνοποιῷ¹
1486 2513 1623 2548 φανοτέρᾳ
1638 2513 1677 2544 δὲ,
1693 2512 1731 2543 ὡς
1754 2519 1865 2547 πρωτοι

1073 2560 1141 2595 δότῳ
1157 2560 1203 2586 καὶ
1216 2559 1388 2595 πρωτοφανεῖ
1402 2559 1448 2585 καὶ
1466 2558 1626 2593 ὁλικωτέρᾳ,
1642 2558 1689 2584 καὶ
1704 2557 1804 2593 μᾶλλον
1821 2559 1865 2590 εἰς

1074 2606 1215 2642 αὐτὴν,ὡς
1230 2605 1325 2641 διειδῆ,
1340 2605 1478 2641 κεχυμένῃ
1488 2605 1522 2631 ⁷⁵.
1538 2604 1610 2640 Πρὸς
1623 2603 1725 2639 ταύτης
1735 2603 1763 2629 δὲ
1778 2603 1864 2631 πάλιν

877 2743 993 2772 νᾹῐὶΙᾹΞ
1012 2739 1214 2770 LECTIONES.

275 2816 298 2832 "
318 2813 474 2848 ἀνάγεσθαι,
487 2813 511 2840 Μ
535 2818 561 2839 ct
577 2813 717 2839 translatio
729 2813 815 2840 Scoti.
854 2813 876 2828 ⁷⁸
890 2813 923 2848 ini
935 2811 969 2838 M.
985 2809 1139 2848 nominandi
1151 2816 1213 2848 casu
1230 2807 1354 2848 leguntur
1369 2809 1436 2848 is_ta_:
1457 2804 1630 2848 xpugottotépa.
1645 2805 1694 2848 καί
1711 2807 1861 2848 φανοτέρα,

240 2856 268 2878 et
290 2858 350 2877 ιιιίιι
372 2841 434 2875 item
453 2857 460 2874 :
482 2848 654 2884 χρυφιωτέρα
672 2848 731 2883 μὲν,
764 2848 801 2879 ὡς
817 2847 962 2884 νοητοτέρα
974 2846 1046 2884 ἱ’καὶ
1064 2844 1163 2884 μᾶλλον
1190 2842 1331 2878 ἀπλωτικὴ
1348 2843 1394 2869 καὶ
1420 2842 1557 2872 ἑνοποιός·
1586 2841 1718 2876 φανοτέρα
1735 2842 1776 2875 δέ,
1792 2841 1860 2884 ett-ﬂ

240 2894 283 2914 cut
311 2884 420 2912 lectioni
438 2884 578 2912 translatio
604 2883 676 2911 δυοιὴ
700 2884 889 2918 adstipulatur.

935 2882 957 2898 ⁷⁸
977 2881 1010 2908 Μ.
1029 2880 1189 2915 κεχυμένην.
