1933 3075
55 214 102 241 ΞἹΞ
140 184 143 187 Ι
363 208 408 236 DE
422 206 584 236 C(ELESTI
599 204 821 237 HIERARCHIA,

881 203 916 232 Ρ.
935 206 969 234 Χ.
987 221 1022 225 -
1037 204 1200 233 CORDERII
1218 204 1335 235 ΝΟΤΕ.
1608 206 1661 234 Ξτι

54 271 204 306 ἀναλόγωςή
214 269 337 306 δευτέρα,
353 270 400 297 καὶ
416 269 484 305 πρὸς
491 269 541 305 τῆς
557 269 684 305 δευτέρας
697 270 714 304 ὴ
736 268 824 304 τρίτη,

881 271 939 301 pote
957 266 1108 302 liquidiori)
1132 266 1255 294 intimius
1275 266 1375 295 infusa.
1395 266 1437 294 Ab
1453 266 1506 294 hac
1527 271 1617 294 autem
1633 273 1661 294 ul

54 318 164 354 καὶπρὸς
177 317 225 352 τῆς
238 317 332 352 τρίτης
344 317 360 352 ὴ
373 316 434 343 καθ’
446 317 518 353 ἡμᾶς
533 317 658 352 ἱεραρχία
670 336 677 348 ,
695 316 766 343 κατὰ
778 316 824 342 τὸν

881 320 972 341 lterum
987 314 1105 341 secunda
1119 321 1169 348 pro
1182 321 1232 341 sua
1246 313 1385 348 portione.
1400 317 1429 340 et
1444 320 1459 340 a
1473 313 1592 341 secunda
1605 317 1658 340 ter-

54 365 124 393 αὺτὺν
137 364 181 400 τῆς
198 364 331 399 εὐκόσμου
354 363 514 400 ταξιαρχίας
533 363 643 399 θεσμὸν,
659 364 687 390 ὲν
707 363 826 399 ἁρμονίᾳ

881 361 926 394 tia,
940 364 968 388 et
978 361 1085 388 a'tertia
1098 364 1192 388 noster
1205 360 1250 387 hic
1259 367 1338 388 sacer
1347 360 1427 392 ordo.
1436 359 1512 394 iuxta
1524 359 1662 395 primaeva:

54 411 106 446 θείᾳ
116 411 158 437 καὶ
169 405 306 446 ἀναλογίᾳζ
318 409 386 445 πρὸς
392 409 440 445 τὴν
452 410 561 445 ἀπάσης
576 409 725 445 εὐκοσμίας
741 409 825 444 ὑπερ-

881 407 951 435 illius
980 411 1061 434 rectae
1080 406 1288 434 constitutionis
1303 406 1403 442 legem,
1431 406 1523 434 divina
1548 413 1663 441 prorsus

55 458 136 492 άρχιον
151 455 235 492 ἀρχὴν
254 457 299 483 καὶ
315 455 469 491 περάτωσιν
491 454 654 491 ιεραρχικῶς
669 455 809 489 ἀνάγεται.

881 453 1018 481 harmonia
1032 453 1264 489 congruentiaque
1290 451 1324 480 ad
1346 452 1589 487 superoriginalem
1603 459 1662 480 om-

879 499 922 527 nis
935 498 1012 526 bona:
1026 499 1208 526 ordinationis
1226 497 1364 533 originem
1390 502 1420 526 et
1440 498 1661 528 terminationem

877 551 956 572 sacro
974 545 1091 579 quodam
1104 545 1199 573 ordine
1217 549 1425 579 promoveatur.

812 622 826 659 ς
849 621 888 652 ll.

89 715 289 752 Ἐκφαντορικοὶ
317 715 345 743 δὲ
366 715 466 747 πάντες
492 715 546 742 εἰσὶ
572 716 619 743 καὶ
639 715 750 751 ἄγγελοι
773 715 828 743 τῶν

53 761 97 796 πρὸ
102 761 196 788 αὐτῶν·
207 762 231 788 οἱ
241 762 288 797 μὲν
296 760 556 797 πρεσϐύτατοι,Θεοῢ
563 760 610 788 τοῦ
618 761 828 794 κινοῦντος,ὰνα-

52 806 126 840 λόγως
137 807 165 833 δὲ
180 807 205 834 οἱ
221 807 319 840 λοιποὶ,
333 806 388 833 τῶν
403 807 435 833 ἐκ
444 806 512 834 Θεοῦ
527 808 827 844 κεκινημένων·τοσοῦ-

50 860 89 878 τον
103 852 182 888 γὰρὴ
199 853 310 880 πάντων
331 852 492 889 ὑπερούσιος
510 853 627 889 ἁρμονία
645 854 694 890 τῆς
710 855 826 882 ἑκάστου

50 898 96 924 τῶν
108 898 223 934 λογικῶν
237 908 267 926 τε
284 899 332 926 καὶ
353 898 454 934 νοερῶν
472 900 547 935 ἱερᾶς
563 900 711 936 εὐκοσμίας
726 901 773 927 καὶ
787 909 828 927 τε-

49 943 177 979 ταγμένης
187 944 302 979 ἀγωγῆς
312 945 335 960 ⁷⁸
351 945 526 981 προενόησεν,
538 945 579 972 ὃτι
589 945 637 972 καὶ
647 946 715 982 αὐτὴ
723 945 777 972 τῶν
789 946 826 972 ἱε-
841 964 862 992 Β

50 991 159 1026 ραρχιῶν
170 991 274 1026 ἑκάστη
282 992 303 1007 ⁷⁷
317 991 408 1025 τάξεις
425 992 598 1028 ἱεροπρεπεῖς
612 992 698 1025 ἔθετο,
712 993 759 1019 καὶ
773 993 824 1020 πᾶ-

49 1043 92 1061 σαν
105 1035 247 1071 ἱεραρχιαν
260 1035 367 1071 ὁρῶμεν
381 1036 421 1067 εις
433 1035 483 1068 τὰς
494 1034 645 1072 πρώταςτθ,
665 1036 713 1062 καὶ
729 1036 826 1072 μέσας,

47 1080 89 1107 καὶ
106 1081 265 1113 τελευταίας
286 1081 414 1117 δυνάμεις
428 1081 604 1118 διῃρημένην.
631 1081 710 1108 Ἀλλὰ
723 1082 770 1109 καὶ
783 1081 827 1108 αὑ·

45 1126 91 1161 τὴν
98 1127 227 1162 ἑκάστην,
243 1127 333 1159 ἱδικῶς
347 1128 445 1161 εἰπεῖν,
463 1128 641 1164 διακόσμησιν
655 1129 716 1160 ταῖς
732 1129 827 1160 αὑταῖς

45 1172 140 1204 ἐνθέοις
154 1175 300 1210 ἁρμονίαις
312 1173 437 1210 διέκρινε·
454 1174 494 1201 διὸ
509 1174 555 1201 καὶ
571 1175 669 1206 αὐτοὺς
682 1175 744 1206 τοὺς
758 1173 828 1200 θειο-

44 1218 137 1251 τάτους
159 1221 280 1256 σεραφὶμ
300 1221 324 1247 ol
351 1220 469 1254 θεολόγοι
486 1219 568 1255 φασὶν
584 1220 677 1256 ἕτερον
692 1219 761 1256 πρὸς
782 1219 828 1246 τὸν

43 1263 130 1299 ἕτερον
142 1265 318 1301 κεκραγέναι,
332 1265 424 1300 σαφῶς
431 1266 453 1282 ⁷³
462 1267 490 1292 έν
497 1265 594 1302 τούτῳ,
603 1265 728 1302 καθάπερ
735 1263 810 1301 οἶμαι
818 1284 827 1297 ,

43 1313 197 1349 δηλοῦντες,
225 1316 265 1343 ὅτι
286 1317 341 1344 τῶν
363 1317 523 1352 θεολογικῶν
540 1317 666 1351 γνώσεων
684 1317 709 1344 οε
726 1316 828 1353 πρῶτοι

42 1361 96 1392 τοῖς
108 1361 246 1398 δευτέροις
261 1363 438 1398 μεταδιδόασι.

914 714 1019 750 Singuli
1036 719 1127 742 autem
1159 715 1270 743 ordines
1287 719 1351 743 sunt
1373 722 1468 743 eorum
1485 716 1531 751 qui
1559 723 1662 751 praece-

879 762 949 789 dunt
963 762 1128 796 interpretes
1143 768 1174 789 ac
1191 761 1372 794 internuntii;
1389 762 1467 797 primi
1481 762 1591 797 quidem
1612 762 1662 794 illi.

877 807 991 834 motoris
1002 807 1044 834 sui
1058 807 1118 840 Dei,
1133 808 1225 835 caeteri
1241 811 1332 835 autem
1345 807 1440 834 eadem
1466 807 1589 840 ratione,
1605 815 1664 835 ιιο-

877 857 966 880 torum
987 860 1003 880 a
1025 853 1099 881 Deo:
1121 853 1190 881 adeo
1205 853 1277 881 enim
1294 854 1342 881 illa
1368 853 1607 889 superessenlialis
1621 861 1663 881 re-

877 907 937 927 rum
954 899 1075 928 omnium
1090 900 1232 928 harmonia
1247 900 1360 928 cuilibet
1373 907 1452 928 sacro
1469 905 1523 928 tam
1538 901 1662 928 rationu-

877 945 942 973 lium
959 953 1038 981 quam
1061 946 1226 981 spiritalium
1255 951 1442 974 creaturarum
1460 946 1560 980 ordini,
1585 952 1662 974 rato-

879 999 932 1026 que
945 991 1038 1019 ductui
1049 991 1194 1022 consuluit,
1210 996 1239 1019 ut
1251 997 1278 1019 et
1291 993 1350 1026 ipsa
1369 992 1484 1027 singulis
1497 991 1663 1020 hierarchiis

878 1038 994 1066 decoros
1023 1038 1133 1066 ordines
1162 1038 1301 1071 statuerit,
1319 1043 1401 1073 atque
1423 1045 1533 1066 omnem
1557 1038 1662 1066 hierar-

878 1084 967 1111 chinm
983 1084 1008 1111 in
1022 1084 1137 1112 virtutes
1162 1083 1276 1119 primas,
1293 1087 1322 1112 et
1334 1084 1437 1112 medias
1457 1088 1540 1120 atque
1556 1089 1662 1119 postre-

879 1138 939 1157 mas
950 1130 1122 1158 distributum
1135 1138 1196 1159 eese
1208 1131 1357 1159 videamus.
1385 1130 1514 1164 Quinimo
1526 1131 1662 1166 singulas,

879 1175 1032 1211 utproprie
1056 1176 1156 1209 dicam,
1179 1176 1325 1212 spirituum
1345 1176 1544 1212 descriptiones
1567 1177 1662 1204 iisdem

880 1222 980 1250 divinis
1006 1223 1159 1250 harmoniis
1185 1223 1326 1256 discrevit,
1352 1227 1462 1258 propter
1492 1223 1564 1258 quod
1590 1223 1662 1259 ipsos

879 1269 963 1297 etiam
989 1269 1176 1297 divinissimos
1199 1269 1336 1304 seraphim
1355 1269 1474 1306 theologi
1501 1269 1615 1298 alterum
1631 1271 1664 1296 aa”

881 1315 994 1344 alterum
1009 1316 1129 1344 clamare
1143 1316 1219 1343 aiunt
1233 1317 1260 1350 ί;
1275 1324 1329 1351 qua
1346 1316 1455 1351 quidem
1471 1323 1510 1350 re,
1527 1323 1587 1343 mea
1601 1323 1666 1343 sen-

881 1362 975 1395 tentia,
990 1361 1133 1389 manifeste
1154 1361 1304 1395 declarant,
1320 1361 1424 1396 primos
1448 1361 1596 1396 participes
1623 1361 1663 1388 fa-

880 1416 944 1437 cere
956 1408 1093 1437 secundos
1107 1408 1261 1436 divinarum
1275 1416 1367 1437 rerum
1381 1412 1463 1444 atque
1477 1408 1626 1436 uotionum.

811 1489 897 1528 5m.

76 1581 230 1618 Προσθείην
253 1582 277 1609 δ’
292 1582 324 1610 ἂν
349 1583 396 1610 καὶ¹
419 1583 498 1611 τοῦτο
522 1585 579 1612 οὐκ·
600 1585 763 1617 ἀπεικότως,
790 1585 828 1611 ὅτι

918 1584 975 1613 Hoc
986 1592 1094 1620 quoque
1108 1592 1160 1612 non
1175 1584 1313 1614 immerito
1326 1592 1435 1621 possum
1449 1584 1562 1618 addere,
1571 1592 1666 1620 quam-

40 1627 87 1654 καὶ
94 1628 155 1655 καθ’
173 1629 257 1656 αὑτὸν
265 1629 289 1647 ⁸⁸
297 1629 411 1662 ἕκαστος
423 1630 548 1666 οὐράνιός
558 1639 588 1658 τε
603 1631 650 1658 καὶ
662 1631 829 1667 ἀνθρώπειος

41 1673 103 1706 νοῦς
122 1675 211 1707 ἰδικὰς
228 1675 284 1711 ἔχει
309 1677 356 1703 καὶ
373 1677 484 1712 πρώτας
505 1677 553 1704 καὶ
570 1677 656 1713 μέσας
671 1678 718 1705 καὶ
739 1678 830 1704 τελευ-

40 1719 118 1752 ταίας
133 1719 230 1754 τάξεις
249 1730 279 1749 τε
303 1722 350 1748 καὶ
370 1723 509 1758 δυνάμεις,
528 1723 597 1759 πρὸς
615 1723 664 1755 τὰς
683 1724 831 1759 εἰρημένας

40 1765 94 1792 τῶν
109 1766 172 1793 καθ’
183 1766 300 1795 ἕκαστον
311 1768 472 1805 ιεραρχικῶν
483 1769 639 1805 ὲλλάμψεων
654 1769 755 1801 οἰκείας
767 1770 831 1797 ἀνα-

38 1811 131 1846 γωγὰς
152 1813 295 1848 ἀναλόγως
310 1814 516 1849 ὲκφαινομένας,
535 1814 597 1842 καθ’
616 1818 648 1848 ἃς
663 1815 778 1847 ἕκαστος
800 1816 829 1842 ἐν

41 1859 172 1893 μετουσίᾳ
185 1859 291 1893 γίνεται
303 1860 373 1887 κατὰ
384 1860 415 1887 τὸ
432 1860 506 1896 αὐτῷ
520 1861 628 1897 θεμιτόν
642 1870 672 1888 τε
691 1861 738 1889 καὶ
770 1862 829 1896 ἐφι-

36 1902 99 1929 κτὸν
104 1904 157 1940 τῆς
164 1903 389 1942 ὁπεραγνοτάτης
405 1906 576 1943 καθάρσεως,
584 1907 631 1934 τοῦ
640 1908 832 1944 ὑπερπλήρους

39 1949 139 1982 φωτὸς,
156 1950 209 1986 τῆς
227 1952 384 1987 προτελείου
402 1953 580 1986 τελειώσεως.
595 1954 673 1981 Ἔστι
688 1954 742 1990 γὰρ
755 1954 832 1981 οὐδὲν

39 1993 194 2028 αὐτοτελὲς,
211 1996 228 2032 ἢ
246 1997 393 2034 ἀπροσδεὲς
406 1999 520 2026 καθόλου
531 1999 707 2036 τελειότητος,
722 2001 746 2027 ει
756 2001 793 2036 μὴ
803 2000 833 2027 τὸ

40 2039 122 2073 ὅντως
133 2042 281 2076 αὐτοτελὲς
298 2044 346 2071 καὶ
363 2045 526 2081 προτέλειον.

882 1630 947 1659 libet
958 1631 1096 1658 cmlestem
1121 1635 1148 1659 et
1164 1631 1310 1659 humanam
1323 1635 1440 1659 mentem
1456 1638 1579 1659 seorsum
1602 1638 1664 1665 pro-

882 1676 956 1712 prios
970 1676 997 1703 in
1012 1683 1041 1704 se
1054 1676 1194 1704 continere
1207 1680 1234 1703 et
1248 1676 1364 1711 primos,
1384 1680 1413 1704 et
1430 1676 1548 1708 medios,
1563 1679 1592 1703 et
1602 1675 1668 1703 ulti-

883 1727 941 1748 mos
951 1720 1064 1748 ordines
1073 1723 1154 1756 atque
1162 1720 1320 1754 facultates,
1329 1720 1384 1756 95
1392 1729 1453 1756 qua:
1467 1721 1561 1749 eodem
1575 1721 1666 1752 modo,

883 1773 938 1800 quo
953 1767 1107 1800 superiores
1123 1767 1291 1800 singularum
1307 1768 1526 1795 hierarchiarum
1543 1767 1668 1795 illustra-

885 1812 988 1840 tionum
1015 1812 1119 1847 proprii
1141 1812 1247 1846 ductus.
1267 1813 1403 1847 eluceant,
1419 1814 1520 1848 quibus
1538 1821 1667 1848 unaquae-

884 1865 937 1893 que
951 1866 1028 1886 mens
1042 1866 1092 1893 pro
1118 1866 1167 1886 suo
1178 1863 1259 1894 captu
1278 1867 1359 1895 quam
1386 1859 1555 1888 nitidissima:
1567 1867 1668 1895 purga-

885 1905 978 1938 ti0nis,
993 1904 1174 1940 copiosissimi
1186 1904 1306 1939 luminis,
1321 1905 1508 1941 absolutaeque
1519 1905 1667 1941 perfectio-

884 1951 927 1978 nis
940 1950 970 1977 fit
985 1951 1133 1986 particeps.
1149 1951 1223 1978 Nihil
1236 1956 1277 1979 est
1289 1951 1363 1979 enim
1378 1960 1427 1987 per
1441 1959 1472 1980 se
1488 1951 1668 1987 absolutoque

884 1997 1047 2032 perfectum,
1060 2002 1108 2025 aut
1122 1998 1195 2033 quod
1210 1998 1323 2027 omnino
1338 1998 1518 2034 perfectionis
1533 2007 1585 2026 non
1598 1999 1668 2027 indi-

884 2048 957 2078 geat.
970 2044 1021 2070 nisi
1038 2044 1109 2079 quod
1121 2051 1170 2079 per
1185 2052 1214 2073 se
1230 2052 1325 2073 revera
1335 2045 1486 2081 perfectum
1494 2049 1547 2076 est.
1561 2050 1589 2073 et
1601 2052 1662 2080 prun.

885 2090 1047 2125 perfectum.

629 2251 896 2281 ADNOTATIONES
912 2252 1084 2281 CORDERII.

75 2329 89 2364 ς
105 2328 186 2370 Iulii:
202 2330 420 2370 praecedentibus
434 2332 573 2370 capitibus
581 2332 721 2370 concludit
733 2333 854 2370 angelos,
870 2338 972 2370 quanto
989 2334 1162 2362 sublimiores
1175 2338 1249 2365 sunt.
1262 2337 1337 2361 tanto
1350 2333 1502 2370 sublimiori
1517 2341 1627 2368 quoque
1639 2338 1668 2362 et

38 2365 182 2404 secretiori
197 2366 307 2404 ratione
323 2365 474 2404 illustrarij
490 2376 522 2395 eo
548 2367 675 2404 nimirum
690 2368 761 2402 quod
770 2365 828 2396 Deo
843 2365 992 2404 ἁρχιφώτῳ
1011 2370 1220 2404 propinquiores
1241 2370 1308 2402 sint.
1331 2373 1413 2402 atquc
1426 2369 1495 2397 adeo
1512 2365 1594 2397 etiam
1614 2377 1671 2396 ma-

37 2400 80 2439 gis
89 2400 176 2427 Deum
193 2402 368 2439 participem,
379 2407 408 2428 ut
421 2402 491 2439 infra
503 2410 564 2436 cap.
573 2403 590 2430 5
610 2403 649 2430 De
658 2400 752 2433 divini;
762 2400 922 2434 nomini-luis,-
931 2409 959 2432 et
967 2400 1047 2438 supra
1060 2400 1149 2439 cap-4
1160 2410 1185 2433 et
1195 2405 1212 2432 8
1239 2400 1356 2432 Caelestis
1365 2400 1523 2432 hierarchire
1534 2404 1613 2432 docet
1621 2406 1669 2432 ubi

40 2434 99 2476 fide
116 2434 230 2463 nostras
242 2434 442 2465 adnotationes.
455 2434 571 2465 Tantum
589 2439 633 2466 hic
647 2439 774 2471 observa,
790 2439 926 2473 quomodo
946 2434 1048 2467 nos'ab
1069 2434 1173 2476 angelis
1193 2447 1352 2476 purgemur,
1370 2439 1568 2472 illuminemur,
1586 2441 1670 2475 perli-

35 2469 155 2498 ciamur.

73 2504 201 2545 Purgant
217 2507 310 2545 itaque
323 2515 372 2545 nos
387 2508 473 2543 angeli
487 2528 495 2541 ,
523 2509 676 2536 amavendo
687 2509 877 2545 phantasmata
903 2516 963 2544 quae
985 2509 1136 2543 impediunt
1150 2510 1386 2542 illuminationem,
1401 2517 1482 2543 quam
1497 2509 1611 2545 angelus
1626 2510 1671 2537 in-

38 2540 126 2580 tendit
142 2541 241 2580 facere
257 2540 284 2569 in
310 2543 409 2580 nobis;
424 2540 495 2572 unde
518 2545 569 2571 tria
593 2540 733 2571 removent
749 2544 782 2571 ab
795 2546 897 2576 anima.
912 2540 1236 2580 scilicet-ignorantiam,
1249 2551 1278 2573 et
1296 2540 1387 2572 nubila
1403 2540 1618 2579 phantasiarum,
1637 2552 1670 2572 ac

37 2574 120 2603 falsas
135 2578 287 2611 opiniones
306 2574 440 2615 rationum
465 2579 851 2615 revelationicontrariarum.
868 2574 1022 2608 llluminant
1045 2574 1110 2607 v'ero
1131 2574 1250 2607 animum
1267 2574 1422 2615 tripliciter,
1438 2580 1543 2607 scilicet
1554 2580 1588 2607 ad
1600 2574 1665 2606 sen-

37 2618 108 2643 sum,
124 2617 156 2639 ut
170 2616 261 2646 patet,
281 2614 390 2648 quando
411 2615 600 2643 manifestatur
612 2614 715 2650 aliquid
734 2616 761 2642 in
780 2620 920 2651 assumpto
933 2622 1047 2650 corpore
1058 2615 1068 2646 (
1079 2619 1106 2643 et
1126 2615 1196 2643 hanc
1207 2621 1367 2651 potestatem
1386 2615 1469 2643 etiam
1483 2615 1607 2644 diabolus
1623 2616 1671 2642 ha-

76 2691 86 2709 ⁸
102 2692 169 2719 Isai.
183 2699 226 2719 vr.
245 2705 250 2710 ι

689 2771 807 2800 VARl/E
829 2772 1025 2801 LECTIONES.

73 2859 97 2900 τ’
111 2859 278 2900 ᾁναγιιῖζῆςν
290 2859 345 2900 _Cli_.
357 2860 388 2888 Ι).
455 2862 516 2900 Sor.
552 2862 576 2900 ζῖ
591 2861 657 2900 Βιιςὶ.
673 2862 783 2900 corrigit
797 2863 821 2900 ir
836 2862 929 2900 _dandi
945 2871 1012 2900 casu
1025 2863 1137 2900 ἑκάστῃ.
1156 2863 1206 2891 Ch.
1219 2868 1247 2890 et
1262 2863 1290 2890 S.
1304 2863 1405 2891 habent
1418 2864 1505 2900 αἰξῖῇζ
1517 2863 1586 2900 Sari
1603 2864 1672 2890 asti-

37 2895 164 2934 ιιειὶιιιιιι·ἶ
205 2895 232 2910 ⁷³
246 2896 376 2923 articulus
397 2897 473 2926 deost
497 2898 523 2924 in
547 2897 596 2925 Cll.
624 2897 652 2924 ι).
678 2899 707 2925 S.
724 2895 760 2924 ΜΖ
797 2898 807 2914 ⁷
834 2897 868 2927 Μ.
885 2897 977 2933 σαφῶς
995 2895 1134 2934 coniungit
1158 2908 1218 2927 cuiu
1233 2899 1407 2934 κεκραγέναι.
1447 2895 1521 2926 ’θ’Ὶ).
1540 2898 1599 2926 καθ’
1611 2899 1672 2927 ιω·

38 2930 92 2963 τόν,
111 2931 215 2959 eodem
243 2937 333 2958 sensu.
