1933 3075
246 191 288 221 175
736 186 741 190 ”
823 189 853 218 S.
871 189 1023 218 DlONYSll
1040 187 1270 218 AREOPAGITE
1807 187 1838 214 9.7

236 249 319 283 t-et:)
340 249 404 276 item
420 249 453 276 ad
471 249 649 282 intellectum,
670 254 698 276 et
719 247 781 276 talis
797 248 958 277 illuminatio
973 250 1061 277 solum
1078 250 1199 284 perfecta
1221 253 1274 276 est.
1289 246 1455 284 Notandum»
1466 251 1570 278 autem,
1586 246 1657 280 quod
1677 244 1792 284 Angelus
1805 252 1853 272 non

234 285 368 321 illuminet
383 285 552 321 intellectum
568 285 708 312 elliciendo
720 284 904 321 cognitionem
917 285 942 321 in
959 286 1050 312 anima
1063 282 1154 321 {quia
1167 292 1218 311 non
1237 288 1326 321 potest
1341 282 1367 309 iu
1380 282 1520 321 intellectu
1533 289 1630 308 novam
1645 282 1761 321 speciem
1775 288 1855 321 neque

234 319 358 347 habitum
375 320 435 346 novi
451 319 562 346 luminis
577 327 682 350 creare.
696 320 744 346 sed
755 316 816 346 'nee
830 319 1024 351 intentionem;
1044 316 1105 347 naui
1123 320 1174 347 tria
1195 316 1370 353 requiruntur
1385 321 1414 343 ut
1426 317 1582 353 intellectus
1606 321 1699 353 noster
1710 316 1805 349 aliquid
1818 316 1855 342 in-

235 354 352 388 telligat,
368 354 476 382 scilicet
489 355 596 388 species
610 362 664 389 qua
677 358 870 388 cognoscatur,
885 359 913 381 et
937 354 1027 382 lumen
1055 355 1081 381 in
1102 362 1157 389 quo
1174 351 1364 389 cognoscatur,
1383 352 1537 389 etintcntio
1551 359 1603 389 qua
1627 351 1780 389 intellectus
1798 357 1855 389 con-

233 385 365 426 vertitur
377 397 460 426 super
476 385 605 423 speciem.
620 385 769 426 'llliiini'nat
786 385 875 426 autem
896 389 1063 426 intellectum
1082 385 1343 426 no‘strum‘angelus
1363 387 1509 426 escitando
1523 385 1565 414 ac’
1578 387 1802 426 disponendonel
1818 385 1855 411 lii-

234 432 296 452 men
312 425 433 452 divinum
450 425 475 451 in
492 432 541 452 nos
561 424 776 451 transfundendo
790 432 798 454 ς
814 424 881 451 facit
896 424 967 451 enim
987 426 1028 458 (ut
1042 426 1144 452 dictum
1160 427 1215 459 est)
1229 424 1255 450 in
1272 423 1415 459 phantasia
1431 423 1685 459 transmutatiooeni
1700 423 1854 459 specierum,

233 460 423 495 componendo
440 464 466 486 et
489 460 633 486 dividendo
656 467 703 486 ms
718 460 868 495 secundum
893 459 932 486 rei
956 456 1120 495 exigentiani
1133 456 1213 493 quam
1240 456 1297 495 vult
1312 458 1535 495 revelareioitem
1553 457 1665 495 irradiat
1680 456 1855 495 lanien_inl_el-

235 491 321 522 lectus
338 495 379 521 sui
405 502 488 529 super
504 495 575 524 illas.
597 500 626 521 ut
640 499 767 521 moveant
791 494 957 521 intellectum
981 491 1116 528 nostrum,
1132 491 1159 521 et
1174 495 1214 521 sic
1231 494 1309 529 plura
1327 497 1355 519 et
1379 492 1521 529 subtiliora
1534 492 1619 519 videri
1636 496 1749 529 possunt
1770 491 1796 517 in
1818 491 1855 529 lu_-

233 530 307 557 mine
331 525 477 563 duplicaio,
495 530 559 557 item
576 531 678 558 excitat
694 530 871 557 intentionem
887 530 984 557 anima:
998 536 1069 557 motu
1082 525 1184 565 aliquo,
1200 525 1253 565 qu'o
1269 536 1298 555 se
1320 535 1402 562 super
1422 527 1466 554 illa
1480 528 1670 562 phantasmata
1686 525 1812 557 reﬂectat,
1823 526 1856 552 ab

234 565 297 592 aliis
320 572 350 592 se
366 566 559 592 abstraliendo.
581 564 730 591 Perlicinnt
752 565 846 595 etiam,
865 565 890 591 id
905 569 956 597 est,
972 564 1135 599 promovent
1146 565 1180 591 ad
1197 564 1303 591 melius.

270 599 367 627 Utrum
381 605 471 627 autem
484 600 596 635 angelus
613 600 758 627 incendere
779 599 864 634 possit
879 595 1005 626 aﬂectiim
1016 601 1173 629 humanum,
1184 600 1208 626 id
1229 599 1373 635 tripliciter
1390 597 1503 632 intelligi
1520 597 1734 635 potesthcilicet
1752 595 1792 623 vel
1804 595 1857 635 elli-

234 634 344 666 ciendo,
354 635 396 662 vel
405 632 549 667 movendo,
558 635 600 662 vel
610 635 754 662 excitando
760 632 787 661 et
796 635 957 668 adjuvando.
967 635 1058 662 Primo
1065 637 1144 662 modo
1156 636 1229 662 solus
1241 632 1311 661 Deus
1319 634 1488 662 inflammare
1495 632 1730 668 potestalfectuiii;
1741 632 1855 668 secuti-lo

234 670 314 697 modo
324 677 368 697 res
379 670 436 704 ipsa
447 670 598 697 desiderata
607 669 732 697 affectum
742 666 899 701 inflammat,
913 670 1016 697 scilicet
1027 671 1170 697 alliciendo
1181 675 1208 697 et
1222 670 1354 696 movundo
1366 678 1373 702 ;
1388 669 1467 695 tertio
1480 666 1559 696 modo
1574 673 1662 704 potest
1676 669 1786 704 angelus
1796 666 1856 693 alle-

233 710 308 731 ctum
321 702 444 732 nostrnm
458 705 613 734 incendere.
622 705 880 732 scilicetexcitando
891 710 919 731 et
930 705 1082 740 adjuvando
1092 711 1192 732 motum
1204 705 1262 740 ejus
1271 712 1389 739 congrua
1406 704 1600 740 propositione.
1618 703 1655 740 De
1669 704 1712 730 his
1722 702 1854 740 liabeinus

234 740 391 774 exemplum
419 741 445 776 in
460 741 582 776 naturis;
598 741 661 774 quia
676 740 768 776 primo
790 741 872 776 modo
898 738 969 774 ignis
990 741 1115 767 accendit
1128 741 1209 772 ligna,
1219 738 1348 776 secundo
1371 740 1450 766 modo
1465 738 1539 776 ligna
1555 738 1704 776 incendunt
1721 738 1857 776 ignemtet

236 773 325 801 tertio’
344 776 424 802 modo
440 775 463 801 is
478 775 524 810 qui
541 773 614 809 ligna
628 775 681 810 igni
698 775 820 809 apponit,
838 773 926 809 ignem
949 776 1083 803 accendit.
1109 775 1266 802 Differentia
1285 779 1375 801 autem
1402 779 1443 800 est
1464 773 1707 810 iutergimmitlere
1719 773 1856 810 cogitatio-

235 816 309 846 nem.
325 813 352 837 et
367 808 513 837 incendere
528 808 742 846 etilluniinare§
764 811 827 846 quia
843 808 1036 846 cogitationem
1052 811 1211 846 immittere.
1226 815 1268 836 est
1283 810 1357 836 intus
1380 816 1474 835 creare
1491 814 1518 835 et
1540 808 1631 846 facere
1649 809 1855 846 cogitationem;

234 844 281 870 scd
301 845 518 906 iliicendeit'le,_ile’slt
528 845 720 880 cogitationem
731 842 786 880 jam
801 842 901 871 factam
922 844 1109 879 inflammare;
1124 845 1277 872 illuminare
1291 852 1366 877 vero,
1378 849 1418 871 est
1431 845 1496 871 dare
1514 842 1708 872 revelationein
1721 843 1754 870 de
1769 842 1856 875 aliquo

234 885 299 906 occtt
313 884 340 906 to
357 885 413 906 tnte
437 888 470 906 uti
494 889 498 906 I
514 889 531 906 ι.

233 879 340 906 occulto
357 879 531 906 intellicibili.

437 889 442 904 l
524 899 531 906 ο

269 888 635 951 ῗὶῖἓίῖέιῗιῗὲιεδϊέῃριειιίοτί
662 914 844 951 intelligentia
869 915 1024 951 istiusmodi
1043 915 1173 951 angelicae
1198 914 1420 951 illuminationis,
1444 918 1507 941 nota
1530 922 1562 942 ex
1579 918 1674 951 sancto
1697 913 1811 946 Tlionia,
1828 914 1857 941 in

231 954 311 983 parte
326 949 424 983 prima.
440 956 536 984 quiest.
551 950 616 982 106,
639 954 692 977 art.
709 950 722 977 1
735 969 743 982 ,
755 949 850 977 Ἰιηιιιη
876 950 1003 985 angelum
1028 949 1111 977 aliuin
1133 951 1300 983 illuminare,
1316 950 1342 976 in
1358 955 1501 985 quantum”
1518 950 1542 976 ei
1559 950 1795 985 veritatemrqiiam
1809 957 1856 977 co—

233 990 351 1018 gnoscit,
368 985 540 1012 manifestam
555 986 638 1018 facit;
653 986 696 1012 vel
720 985 900 1012 confortando
916 984 1002 1019 ipsius
1028 985 1208 1017 intellectum,
1225 985 1267 1012 vel
1281 992 1313 1011 ex
1333 990 1410 1019 parte
1432 984 1618 1011 similitudinis
1642 985 1681 1010 rei
1705 984 1855 1012 intellectae.

232 1021 299 1046 Cum
316 1025 408 1046 autem
422 1020 456 1047 ad
473 1020 678 1054 intelligendum
700 1021 754 1047 duo
767 1018 945 1052 concurrant,
965 1020 1073 1048 scilicet
1087 1021 1175 1048 virtus
1191 1018 1368 1051 intellecliva,
1382 1025 1409 1046 et
1428 1019 1577 1046 similitudo
1590 1019 1628 1046 rei
1645 1018 1800 1051 intellectae,
1813 1027 1856 1046 se-

232 1055 349 1081 cundum
368 1055 425 1082 haec
440 1055 503 1086 duo,
519 1063 589 1082 unus
606 1055 720 1089 angelus
745 1055 823 1082 alteri
846 1057 991 1083 veritatem
1009 1061 1102 1083 notam
1120 1056 1262 1083 notilicare
1278 1060 1377 1089 potest.
1397 1054 1490 1082 Primo
1502 1055 1631 1081 virtutem
1645 1054 1704 1088 ejus
1717 1054 1860 1081 intellecti-

234 1089 488 1126 vanifortilicando.
502 1090 581 1117 Sicut
597 1091 670 1117 enim
692 1090 776 1117 virtus
793 1091 1004 1124 iiiiperfectioris
1027 1092 1152 1126 corporis
1172 1091 1345 1118 confortatnr
1360 1097 1392 1117 ex
1410 1089 1501 1126 situali
1525 1089 1727 1126 propinquitate
1738 1091 1858 1126 corporis

234 1125 422 1185 perfectioris,
439 1130 469 1151 ut
482 1126 558 1152 verbi
574 1126 673 1160 gratia,
690 1126 780 1151 minus
799 1126 915 1152 calidum
929 1126 1028 1153 crescit
1046 1124 1177 1153 in’calore
1189 1134 1222 1154 ex
1238 1125 1384 1161 prtesentia
1402 1125 1487 1159 magis
1502 1125 1581 1152 calidi
1599 1133 1606 1152 :
1624 1125 1661 1151 ita
1677 1126 1764 1151 virtus
1779 1124 1856 1151 iutcl-

243 1161 330 1185 ectiva
351 1159 491 1185 inferioris
506 1161 595 1185 aniieli
616 1159 787 1185 eonfortatur
802 1167 835 1185 ex
852 1161 1032 1185 conversione
1059 1162 1212 1185 sunerinris
1235 1160 1323 1185 ainzeli
1342 1162 1376 1185 ad
1403 1161 1502 1185 ipsum.
1525 1159 1582 1185 Hoc
1595 1160 1667 1185 enim
1683 1158 1749 1185 facit
1763 1160 1789 1185 in
1805 1161 1856 1185 sni-

243 1161 330 1187 ectiva
351 1159 491 1187 inferioris
506 1158 595 1195 angeli
616 1159 787 1195 confortatur
802 1167 835 1186 ex
852 1161 1032 1188 conversione
1059 1162 1212 1195 superioris
1235 1158 1323 1194 angeli
1342 1162 1376 1186 ad
1403 1158 1502 1194 ipsum.
1525 1159 1582 1187 Hoc
1595 1160 1667 1186 enim
1683 1158 1749 1186 facit
1763 1160 1789 1186 in
1805 1161 1859 1193 spi-

234 1195 378 1222 ritualibus
392 1196 460 1230 ordo
471 1194 670 1227 conversionis,
685 1195 756 1229 quod
771 1194 838 1222 facit
860 1195 886 1222 in
901 1194 1172 1230 corporalibus’ordo
1191 1196 1286 1223 localis
1303 1195 1528 1229 propinquitatis.
1541 1195 1667 1222 Secundo
1684 1199 1774 1221 autem
1790 1201 1862 1222 unus

232 1230 346 1264 angelus
357 1229 515 1257 manifestat
525 1230 603 1257 alteri
616 1231 758 1257 veritatem
772 1237 805 1257 ex
821 1235 899 1264 parte
915 1229 1105 1260 similitudinis
1117 1232 1270 1259 intellectae.
1286 1230 1415 1264 Superior
1429 1231 1500 1256 enim
1521 1230 1633 1265 angelus
1647 1230 1770 1265 notitiam
1785 1231 1859 1256 veri-

233 1269 297 1292 tatis
309 1265 449 1301 accipit'in
465 1266 611 1292 universali
627 1267 743 1300 quadam
757 1266 951 1301 conceptione,
968 1268 1001 1293 ad
1021 1274 1101 1300 quam
1125 1267 1283 1301 capiendam
1304 1265 1443 1292 inferioris
1451 1265 1548 1301 angeli
1563 1264 1722 1292 intellectus
1736 1264 1791 1299 96
1804 1273 1858 1291 non

232 1305 306 1328 esset
314 1300 461 1332 sufﬁciens,
471 1300 516 1327 sed
525 1305 567 1327 est
576 1300 600 1327 ei
610 1299 797 1333 connaturale,
808 1305 836 1327 ut
844 1299 932 1336 inagis
942 1299 1145 1336 particulariter
1155 1299 1271 1335 accipiat
1279 1301 1433 1327 veritatem.
1448 1299 1578 1334 Superior
1589 1307 1653 1327 vero
1671 1304 1781 1335 angelus
1790 1300 1861 1327 veri-

233 1340 315 1372 tatem
328 1342 409 1372 quam
424 1336 555 1372 velociter
567 1336 684 1369 concipit
698 1336 897 1372 quodammodo
913 1337 1065 1372 distinguit,
1076 1341 1107 1363 ut
1118 1336 1281 1364 abinferiori
1293 1336 1351 1369 capi
1366 1337 1462 1372 possit,
1477 1336 1555 1372 etsic
1569 1342 1629 1362 eam
1640 1337 1862 1372 cognoscendam

232 1371 257 1397 ei
272 1371 409 1404 proponit.
422 1370 500 1397 Sicut
514 1371 596 1397 etiam
612 1372 682 1404 apud
701 1378 761 1403 nos,
772 1371 818 1405 qui
834 1372 861 1398 in
877 1373 972 1405 paucis
987 1370 1072 1398 multa
1089 1373 1210 1406 capiunt,
1225 1370 1411 1405 multipliciter
1424 1371 1469 1397 illa
1485 1371 1666 1405 distinguunt,
1684 1370 1799 1396 aliorum
1814 1378 1861 1396 ca-

232 1406 345 1442 pacitati
365 1406 548 1442 providentes.
565 1406 599 1432 Et
614 1408 672 1442 hoc
679 1412 721 1433 est
734 1408 807 1440 quod
820 1412 931 1433 sanctus
945 1406 1091 1442 Dionysius
1105 1407 1175 1434 infra
1190 1415 1250 1441 cap.
1265 1407 1312 1438 15,
1324 1406 1338 1441 §
1351 1406 1378 1437 5,
1395 1406 1432 1439 ait
1449 1406 1599 1442 quamlibet
1620 1407 1765 1432 essentiam
1778 1407 1863 1440 spiri-

234 1441 328 1473 talem,
343 1441 499 1477 unitismodi
515 1441 828 1477 intelligentiam,Aquam
841 1442 1000 1477 ardiviniore
1012 1441 1140 1470 traditam
1153 1443 1268 1477 accepit,
1282 1450 1331 1476 pro
1348 1441 1486 1477 Inferioris
1498 1441 1583 1477 ductu
1596 1445 1731 1474 captuquc
1746 1441 1860 1474 provida

233 1477 335 1512 virtute
349 1476 476 1512 dividere
491 1483 523 1503 ac
537 1475 728 1512 multiplicare.
741 1475 808 1503 Vide
821 1476 890 1503 infra
905 1483 1011 1504 nostras
1023 1475 1259 1504 adnotationes’ad
1272 1475 1332 1511 cap.
1346 1477 1391 1509 12,
1408 1476 1421 1512 §
1437 1477 1467 1502 2.

270 1511 285 1546 §
300 1511 332 1539 ll.
347 1510 438 1543 Notat,
455 1511 482 1536 iii
495 1510 650 1538 divinarum
670 1512 842 1539 traductione
853 1512 1067 1545 illustrationum
1086 1513 1191 1539 servari
1206 1510 1472 1545 suboru’iiiation‘em,
1486 1512 1523 1538 ita
1540 1511 1680 1542 nimirum,
1693 1515 1722 1538 ut
1739 1511 1862 1545 supremi

234 1546 273 1573 illi
286 1547 398 1582 spiritus
413 1547 468 1572 sint
488 1546 631 1582 ipsiusinet
647 1547 692 1574 Dei
717 1548 889 1580 internuntii,
905 1553 932 1574 et
945 1549 986 1575 sic
1006 1549 1135 1582 deinceps
1148 1553 1297 1582 sequentes
1315 1549 1524 1582 priecedoutium
1543 1547 1716 1582 angelorum,
1733 1551 1762 1572 ut
1776 1554 1862 1580 supra

233 1589 293 1616 cap.
305 1581 332 1613 8,
347 1582 448 1612 docuit,
463 1586 490 1608 et
511 1589 560 1608 nos
574 1581 673 1608 ibidem
688 1581 703 1617 §
721 1582 740 1608 2
755 1584 955 1610 adiioiavnnus.

270 1617 354 1652 Hujus
370 1622 470 1643 mutua:
484 1618 739 1644 communicationis
751 1623 778 1644 et
795 1618 984 1645 illustrationis
1003 1619 1135 1646 rationem
1160 1618 1248 1645 reddit
1271 1617 1349 1643 dirus
1366 1617 1485 1644 Thomas
1503 1617 1529 1644 in
1544 1617 1633 1651 prima
1653 1621 1744 1651 parte,
1760 1621 1862 1651 quaest.

234 1653 296 1684 106,
315 1657 368 1678 art.
384 1653 411 1679 4.
433 1652 501 1685 Quia
514 1652 642 1678 nimirum
655 1660 751 1680 omnes
763 1658 896 1680 creatura:
912 1661 946 1680 ex
959 1655 1050 1681 divina
1064 1654 1188 1681 bonitate
1203 1653 1380 1687 participant,
1397 1657 1426 1679 ut
1442 1654 1541 1679 bonum
1558 1653 1629 1687 quod
1644 1653 1747 1679 habent
1766 1659 1793 1678 m
1807 1653 1866 1679 alia

233 1688 397 1715 diffundant.
412 1687 481 1714 Nam
496 1688 530 1713 de
545 1687 651 1714 ratione
667 1689 728 1715 boni
748 1692 790 1715 est
803 1689 874 1721 quod
888 1696 917 1716 se
936 1690 999 1716 aliis
1013 1690 1208 1716 communicet.
1225 1688 1294 1715 Hinc
1305 1688 1388 1714 etiam
1403 1688 1513 1722 agentia
1532 1688 1684 1722 corporalia
1700 1687 1863 1714 similitudi-

233 1731 295 1750 nem
309 1730 387 1750 suam
402 1723 462 1750 aliis
475 1723 585 1749 tradunt
598 1728 726 1756 quantam
743 1727 866 1758 possunt.
879 1725 970 1758 Atque
984 1725 1045 1752 ideo
1058 1730 1160 1758 quanto
1173 1724 1265 1758 aliqua
1278 1724 1386 1758 agentia
1400 1723 1485 1758 magis
1498 1724 1618 1750 divinam
1632 1724 1781 1758 bonitatem
1798 1729 1865 1756 par-

236 1760 362 1793 ticipant,
381 1763 456 1785 tanto
469 1758 550 1786 etiam
566 1759 651 1792 magis
664 1757 844 1793 perfectiones
855 1757 932 1792 suas,
942 1760 1030 1794 quoad
1047 1757 1173 1793 pbssunt,
1186 1759 1212 1786 in
1221 1757 1500 1785 ’alios’traiisfundere
1510 1763 1655 1784 conantur.
1673 1757 1749 1784 Unde
1764 1758 1866 1794 beatus

233 1793 332 1820 Petrus
347 1798 438 1821 monet
451 1801 498 1820 eos
509 1793 553 1828 qui
569 1794 690 1820 divtnam
705 1794 854 1821 bonitatem
867 1802 916 1828 per
938 1793 1054 1829 gratiam
1070 1795 1246 1829 participant,
1261 1795 1354 1820 dicens
1368 1803 1375 1820 :
1402 1794 1583 1829 Unusquisque
1595 1794 1662 1819 rictu
1681 1793 1780 1826 accepit
1796 1800 1866 1826 gra-

233 1830 310 1860 tiam,
325 1830 352 1854 in
365 1832 523 1856 alterutrum
534 1829 610 1854 illam
623 1829 847 1860 administrant“,
861 1834 928 1856 stcut
941 1828 1002 1856 boni
1017 1828 1209 1864 dispensatores
1220 1829 1391 1863 multiformis
1401 1830 1493 1863 gratia:
1505 1828 1553 1854 Det
1567 1831 1591 1854 “.
1607 1828 1691 1855 Multo
1705 1830 1787 1864 igitur
1803 1835 1867 1864 ma-

233 1864 275 1899 gis
285 1865 334 1891 SS.
347 1865 445 1898 angeli,
454 1866 500 1898 qui
509 1868 572 1891 sunt
584 1865 609 1890 in
621 1865 775 1898 plenissima
785 1865 994 1899 participatione
1004 1866 1102 1893 divmie
1113 1866 1253 1896 bonitatis,
1262 1865 1392 1898 quidquid
1405 1873 1419 1890 a
1431 1864 1485 1891 Deo
1496 1863 1659 1898 percipiunt,
1672 1863 1802 1897 subiectis
1813 1863 1868 1888 iiii-

234 1900 398 1933 partiuntur.
409 1899 466 1926 Non
477 1901 605 1933 recipitur
614 1903 701 1925 tamen
713 1901 769 1926 haec
778 1900 937 1928 illuminatio
948 1903 982 1928 ab
991 1901 1164 1928 inferioribus
1176 1901 1212 1926 ita
1220 1900 1395 1931 excellenter,
1406 1899 1525 1926 sientest
1535 1899 1766 1932 msuperioribus,
1778 1903 1866 1932 atque

234 1935 294 1961 ideo
301 1935 455 1969 superiores
463 1942 570 1970 semper
582 1940 721 1961 remanent
733 1936 759 1961 in
768 1935 856 1961 altiori
865 1936 971 1968 ordine,
990 1942 1016 1963 et
1027 1935 1214 1970 perfectiorem
1224 1934 1404 1970 cognitionem
1415 1934 1524 1967 habent;
1535 1935 1604 1960 sicut
1614 1941 1694 1960 uuam
1701 1937 1728 1970 et
1735 1937 1866 1960 eamdem

234 1977 291 1997 rem
302 1968 407 2003 plenius
419 1968 543 2005 intelligit
553 1970 692 2004 magister,
705 1978 785 2004 quam
797 1971 944 2004 discipulus
956 1972 1002 2006 qui
1011 1968 1045 1998 ab
1055 1978 1087 1997 eo
1097 1972 1222 1998 addiscit.
1236 1968 1306 2006 Hinc
1315 1972 1439 2002 quamvis
1448 1970 1475 1995 in
1488 1969 1619 2006 societate
1633 1968 1791 2006 angelorum
1804 1975 1869 1994 oni-

233 2007 277 2031 iiia
285 2006 473 2038 possideantur
484 2004 635 2032 communia
647 2013 654 2037 ;
667 2010 755 2033 tamen
764 2007 884 2040 quaedam
896 2004 1074 2034 excellentius
1086 2007 1219 2033 habentur
1231 2013 1246 2031 a
1259 2005 1420 2038 quibusdam
1430 2012 1510 2038 quam
1520 2005 1553 2030 ab
1563 2004 1634 2030 aliis.
1647 2004 1870 2038 Unumquodque

233 2045 324 2066 autem
346 2041 492 2074 perfectius
515 2041 629 2068 habetur
649 2042 682 2067 ab
699 2048 732 2068 eo
745 2043 790 2076 qui
804 2046 891 2074 potest
910 2042 975 2068 illtid
994 2041 1208 2072 communicare,
1225 2048 1307 2074 quam
1321 2041 1361 2076 ab
1379 2048 1411 2066 eo
1422 2040 1469 2074 qui
1492 2048 1543 2066 non
1561 2040 1753 2076 μοιεειεὸιευι
1773 2043 1871 2072 petie-

233 2081 304 2102 cti-is
314 2082 356 2101 est
369 2077 486 2103 calidum
500 2078 571 2110 quod
585 2079 673 2109 potest
682 2076 844 2108 calefacere,
858 2085 937 2110 quam
950 2078 1022 2111 quod
1039 2085 1090 2104 non
1106 2081 1213 2110 potest;
1229 2082 1256 2102 et
1267 2075 1412 2109 perfectius
1425 2075 1476 2102 scit
1490 2075 1536 2109 qui
1553 2080 1643 2111 potest
1654 2075 1766 2106 docere,
1778 2082 1869 2108 quam

233 2112 280 2144 qui
301 2118 353 2137 non
370 2115 455 2144 potest
470 2120 477 2143 ;
494 2119 520 2138 et
534 2117 635 2145 quanto
651 2111 800 2145 perfectius
819 2113 918 2138 donum
932 2110 1030 2146 aliquis
1046 2113 1249 2139 communicare
1264 2115 1363 2145 potest,
1382 2116 1458 2137 tanto
1474 2111 1500 2137 iu
1527 2110 1682 2144 perfection
1701 2112 1787 2144 gradu
1804 2115 1870 2142 est;

233 2146 344 2182 srlcutrin
366 2147 524 2179 perfectiori
538 2147 625 2180 gradu
640 2147 792 2180 magisterii
809 2153 861 2179 est,
878 2149 924 2181 qui
944 2153 1033 2182 potest
1047 2149 1144 2174 docere
1160 2147 1282 2173 altiorem
1298 2147 1452 2182 scientiam.
1468 2146 1502 2172 ht
1525 2146 1673 2182 secundum
1691 2146 1762 2182 lianc
1783 2146 1870 2172 sinit—

233 2181 376 2216 litiidinein
402 2182 599 2208 consideranda
612 2186 655 2206 est
670 2182 816 2208 diversitas
829 2180 961 2216 graduum
976 2184 1018 2209 vel
1031 2184 1156 2209 ordinum
1169 2183 1195 2208 in
1212 2182 1325 2216 angelis,
1340 2182 1490 2208 secundum
1505 2181 1611 2207 diversa
1627 2180 1714 2206 cilicia
1727 2185 1755 2206 et
1771 2185 1868 2208 actus.

270 2214 285 2250 ᾗ
297 2216 339 2242 ΙΙΙ.
350 2216 484 2243 Observat
498 2216 646 2250 quamlibet
654 2223 772 2244 mentem
782 2214 842 2244 sive
850 2219 1001 2253 angelicam
1009 2219 1067 2245 sive
1077 2218 1221 2244 humanam
1231 2214 1259 2243 ei
1266 2218 1366 2253 primas
1372 2222 1400 2243 et
1409 2220 1510 2243 medias
1517 2221 1543 2242 et
1552 2217 1658 2253 ultimas
1667 2216 1805 2250 potentias
1816 2217 1872 2253 lia-

232 2250 309 2282 here,
326 2259 386 2285 qua:
398 2259 514 2285 capaces
529 2254 584 2279 sint
596 2252 774 2284 expiationis,
787 2250 989 2285 “lustrationis,
1009 2258 1092 2286 atque
1110 2250 1298 2286 perfectionis.
1314 2252 1376 2278 lianc
1393 2253 1456 2278 vide
1475 2256 1546 2285 apud
1566 2251 1762 2285 Pacliymeram
1777 2252 1873 2286 expli-

235 2289 308 2313 cata.
324 2287 430 2319 Quibus
444 2289 513 2314 adde
525 2295 559 2314 ex
584 2286 646 2314 divo
660 2287 775 2318 'l'lioma,
791 2296 816 2314 in
830 2290 915 2321 prima
930 2294 1019 2322 parte,
1033 2293 1130 2322 quaest.
1143 2287 1205 2320 108,
1219 2293 1272 2313 art.
1288 2287 1315 2318 2,
1331 2290 1404 2320 quod
1418 2289 1473 2320 ipsa
1488 2287 1557 2312 ratio
1569 2287 1729 2313 liierarcliia:
1741 2293 1873 2320 requirat

233 2323 360 2348 ordinum
371 2323 571 2354 diversitatem,
582 2329 642 2355 quae
653 2323 762 2356 quidem
774 2324 919 2350 diversitas
928 2324 1055 2350 ordinum
1066 2326 1214 2350 secundum
1224 2323 1330 2349 diversa
1346 2322 1432 2349 cilicia
1446 2327 1472 2347 et
1488 2324 1775 2354 actus‘conSideratur;
1793 2328 1874 2350 sicut

234 2358 305 2390 apud
314 2357 438 2384 homines
450 2358 477 2383 in
489 2359 610 2392 qualibet
622 2359 731 2385 civitate
743 2365 806 2384 sunt
820 2359 919 2386 diversi
931 2360 1050 2391 ordines,
1058 2359 1206 2385 secundum
1218 2359 1340 2384 diversos
1350 2363 1436 2384 actus.
1448 2357 1516 2383 Nam
1530 2359 1600 2382 alius
1610 2363 1653 2383 est
1662 2360 1729 2384 ordo
1737 2358 1875 2390 iudicati-

235 2398 313 2423 tium,
329 2398 357 2419 et
374 2394 445 2419 alius
458 2393 648 2427 pugnantium,
666 2398 694 2419 et
708 2394 778 2419 alius
796 2396 822 2420 in
837 2396 910 2429 agris
921 2395 1117 2426 laborantium;
1132 2399 1158 2419 et
1172 2394 1210 2419 sic
1224 2395 1257 2419 de
1274 2394 1345 2419 aliis.
1357 2395 1408 2419 Sed
1423 2394 1548 2428 quamvis
1565 2393 1641 2418 tiiulti
1657 2393 1712 2419 sint
1729 2400 1814 2419 unius
1828 2396 1874 2419 ci-

234 2428 327 2464 vitatis
345 2428 579 2458 ordiuesfomnes
598 2433 687 2455 tamen
703 2430 743 2464 ad
754 2433 810 2456 tres
829 2428 921 2456 reduci
943 2435 1058 2464 poswnt
1074 2430 1226 2455 secundum
1248 2431 1322 2462 quod
1341 2428 1468 2462 qumlioet
1487 2429 1632 2464 multitudo
1644 2428 1767 2462 perfecta
1781 2430 1876 2454 habet

234 2463 411 2496 principium,
425 2464 546 2491 medium,
574 2468 601 2490 et
618 2467 709 2492 linem.
724 2463 800 2492 Unde
812 2470 840 2491 et
856 2466 882 2491 in
898 2462 1056 2491 civitatibus
1069 2466 1166 2497 triplex
1184 2467 1251 2491 ordo
1265 2465 1405 2490 hominum
1419 2468 1564 2497 reperitur.
1580 2462 1696 2495 Quidam
1709 2464 1784 2488 en'un
1802 2469 1877 2490 sunt

234 2499 364 2531 supremi.
379 2504 407 2524 ut
421 2499 585 2532 optimates;
600 2502 708 2533 quidam
722 2505 812 2526 autem
825 2505 889 2526 sunt
901 2501 998 2532 intimi,
1010 2506 1037 2527 ut
1054 2501 1114 2526 vilis
1125 2500 1279 2534 plebecula;
1295 2500 1403 2533 quidam
1416 2505 1506 2524 autem
1520 2504 1584 2524 sunt
1597 2499 1688 2530 incdit,
1705 2503 1732 2524 ut
1747 2500 1877 2532 populus

236 2537 397 2570 nonoratus.
416 2534 462 2561 Sic
478 2535 560 2568 igitur
573 2536 656 2561 etiam
673 2535 699 2561 in
711 2535 833 2568 qualibet
848 2537 1002 2562 literarclna
1012 2536 1135 2570 angelica
1146 2536 1257 2562 ordines
1269 2537 1473 2568 distinguuntur
1486 2536 1634 2560 secundum
1649 2535 1774 2560 diversos
1786 2540 1877 2560 actus

234 2572 262 2604 et
274 2568 361 2595 oﬂicia
375 2577 382 2594 ι
398 2575 425 2595 et
437 2577 526 2596 omnis
537 2570 590 2596 ista
601 2572 746 2597 diversitas
761 2573 795 2598 ad
809 2571 862 2597 tria
878 2572 1032 2603 reducitur,
1046 2568 1151 2597 scilicet
1162 2572 1196 2597 ad
1212 2578 1362 2601 summum,
1379 2572 1498 2596 medium
1512 2574 1540 2595 et
1551 2571 1691 2603 intimum;
1705 2575 1733 2596 et
1748 2574 1876 2604 propter

234 2603 286 2630 lioc
301 2609 413 2631 sanctus
427 2606 573 2640 Dionysius
592 2613 620 2632 in
636 2607 757 2640 qualibet
773 2607 929 2634 tiierarcbia
945 2611 1021 2641 ponit.
1045 2612 1100 2633 tres
1115 2606 1236 2632 ordines.

760 2713 945 2741 PARAPHRA
950 2715 1002 2742 SlS
1022 2712 1240 2741 PACIIYMERIE
1259 2711 1325 2748 (l5).

256 2767 269 2801 §
296 2769 317 2795 l.
333 2768 438 2803 Repetit
450 2768 494 2796 hic
509 2774 619 2797 sanctus
631 2777 662 2797 ea
673 2779 735 2805 quae
749 2773 821 2799 dicta
834 2778 908 2804 sunt,
923 2778 950 2800 et
967 2775 1015 2800 ait:

1106 2772 1119 2806 §
1138 2771 1156 2797 l.
1180 2768 1415 2804 Ἐπαναλαμϐάνει
1429 2767 1464 2794 τὰ
1483 2768 1597 2803 ῥηθέντα
1613 2768 1627 2793 ὁ
1642 2768 1729 2802 ἅγιος,
1745 2769 1795 2796 καί
1816 2779 1867 2806 φη-

228 2815 396 2842 (.onclnsiuu
411 2815 493 2849 igitur
508 2824 522 2842 a
535 2818 622 2850 nobis,
635 2820 769 2852 quomodo
783 2820 827 2846 illa
844 2820 951 2854 quidem
969 2828 991 2846 ai

1112 2827 1130 2841 μ’
1158 2819 1218 2844 Ὅτι
1247 2816 1471 2853 συμπεπέρασται
1498 2816 1586 2843 τοίνυν
1611 2817 1687 2852 ἡμῖν,
1710 2817 1748 2849 ὡς
1773 2818 1792 2852 ἠ
1819 2819 1875 2845 μὲν

269 2879 284 2894 ιι
299 2874 392 2901 lPetr.
411 2883 448 2907 iv,
464 2875 507 2902 i0.

272 2933 327 2965 515)
350 2935 415 2962 Vide
429 2935 522 2962 Schol.
536 2934 564 2963 S.
587 2934 697 2962 Maximi
713 2940 777 2964 tom.
795 2935 827 2970 ll,
840 2943 900 2973 cap.
916 2936 959 2964 l0.
