1933 3075
127 109 186 136 επ-

381 109 425 136 Ι)Ε
441 109 607 138 C(ELESTI
623 110 844 144 lllERARCHIA,
863 111 940 141 CAP.
959 112 993 141 Χ.
1011 129 1045 133 -
1064 112 1240 142 PARAPIIR.
1257 113 1494 143 PACHYMERE.

1697 115 1750 142 278

125 166 300 201 πρεσὸυτάτη
312 166 353 202 (οὐ
370 166 440 193 κατὰ
455 167 559 203 χρόνον,
577 168 645 195 ἀλλὰ
661 169 730 196 κατὰ
743 170 829 205 τάξιν)
844 171 902 197 πάν

965 171 1118 206 tiquissima
1136 173 1199 207 (non
1224 173 1372 201 secundum
1396 177 1513 206 tempus,
1540 172 1587 200 sed
1602 174 1749 200 secundum

121 219 178 242 τως
200 211 378 247 διακόσμησις
400 212 454 239 τῶν
481 214 544 249 περὶ
565 214 630 240 Θεδν
653 215 700 241 καὶ
728 216 820 251 κύκλῳ
844 215 911 242 Θεοῦ

124 256 192 284 νόων
210 257 289 291 (κατὰ
304 258 335 284 τό
344 267 351 273 ·
362 259 472 290 Κύκλῳ
481 260 573 287 αὺτοῦ
585 261 604 294 ἡ
617 261 716 296 σκηνὴ
729 261 822 289 αὑτοῦ
831 270 837 276 ”
860 264 911 290 κᾶν

123 303 171 329 καὶ
195 303 264 339 ὑπὲρ
289 304 343 330 πᾶν
367 304 454 340 πέρας
477 305 524 332 καὶ
546 306 660 343 ἄπειρον
682 308 712 334 τὺ
733 309 810 336 Θεῖόν
826 310 910 346 ἐστιν)

122 349 176 375 ὑπὸ
190 350 240 384 τῆς
255 350 413 386 ὲλλάμψεως
424 352 474 386 τῆς
490 353 611 388 ἀρχηγοῦ
628 354 674 380 καὶ
685 354 772 387 αἰτίας
784 356 911 384 ἁπάντων

125 394 177 421 τῶν
191 395 364 428 τελειώσεων,
384 399 635 435 μυσταγωγουμένη
662 400 722 435 (διὰ
738 402 768 428 τὸ
791 403 827 438 μὴ
842 401 911 430 εἶναι

121 440 220 475 ἑτέραν
237 440 290 476 πρὸ
306 440 391 476 αὐτῆς
407 441 493 474 τάξιν,
511 443 568 469 ἀλλ’
584 444 668 479 αὐτὴν
681 444 791 480 ἀμέσως
804 448 849 473 ἐπ’
863 449 911 475 αὺ-

120 486 170 522 ςὴν
184 487 380 519 ἀνατείνεσθαι,
395 487 546 524 ἑλκομένην
560 486 615 516 οἷον
631 490 683 517 ὑπὸ
693 491 740 517 τοῦ
757 493 909 528 αὐταγάθου

120 533 168 559 καὶ
189 532 312 567 φυσικῶς
327 533 441 567 ἀγαθοῦ,
465 531 495 562 οὗ
512 534 558 561 καὶ
574 536 662 562 πάντα
678 537 799 571 ἐφίενται
810 547 816 553 ·
831 538 911 565 τοῦτο

119 578 175 614 γάρ
199 578 258 605 ἐστι
281 578 311 605 τὸ
327 579 527 607 ἀνατείνεσθαι·
560 581 590 608 οὐ
615 581 669 617 γὰρ
692 583 802 618 ἀφίησιν
826 584 910 620 αὐτὴν

119 624 244 659 ἠρεμεῖν,
266 625 313 651 καὶ
334 621 389 651 οἷον
415 625 611 659 ὲπινυστάζειν,
637 629 653 662 ἡ
675 627 793 664 ἄῤῥητος
818 630 908 666 ἐκείνη

118 669 202 700 ἀκτὶς
215 668 428 705 ὲπιλάμπουσα),
443 670 612 706 καθαίρεται,
632 672 678 698 καὶ
694 673 846 707 φωτίζεται,
863 675 909 701 καὶ
919 711 925 717 ⁸

116 713 347 750 τελεσιουργεῖται
369 716 398 742 ὲν
423 717 597 754 κρυφιωτέρᾳ
623 719 669 745 καὶ
688 720 823 756 φανοτέρᾳ
849 720 908 757 θεία

117 760 278 796 φωτοδοσίᾳ.
307 761 462 789 Κάντεῦθεν
477 767 479 769 ’
493 763 581 799 δῆλον,
609 764 650 791 ὅτι
671 765 724 791 ὑπὸ
740 766 789 801 τῆς
805 765 908 799 τάξεως

115 805 211 840 ἔχουσι
226 805 276 842 τὴν
288 806 418 842 ἑλλαμψιν
435 808 553 836 πλείονα.
564 810 595 836 El
609 810 663 846 γάρ
673 810 758 843 οὕτως
767 811 907 848 ἐδημιουρ-

963 218 1097 252 ordinem)
1110 218 1220 244 omnino
1235 218 1388 245 distributio
1401 226 1496 246 earum
1511 218 1651 253 qtiamirca
1666 218 1749 246 Deum

962 268 987 290 et
1003 264 1028 290 in
1039 263 1155 290 circuitu
1178 263 1224 290 Dei
1237 269 1301 290 sunt
1313 263 1553 298 intelligentiarum
1569 264 1656 299 (juxta
1672 264 1747 292 illud:

961 308 996 335 In
1017 309 1131 336 circuitu
1156 309 1238 344 ipsius
1256 309 1457 336 tabernaculum
1473 309 1529 344 eju
1542 313 1574 342 V;
1592 309 1643 337 etsi
1665 310 1748 337 etiam

962 363 1044 390 super
1057 363 1165 382 omnem
1184 355 1331 382 terminum
1351 359 1379 382 et
1390 355 1444 390 97
1461 355 1621 384 inﬁnitatem
1640 356 1676 383 sit
1690 355 1747 383 Nu-

962 407 1024 427 men
1043 399 1176 435 divinum)
1189 400 1223 427 ab
1240 399 1355 435 ipsemet.
1367 401 1493 435 primitus
1509 400 1633 428 initiante
1644 401 1746 428 illumi-

961 443 1072 470 natione
1085 448 1113 471 et
1125 449 1287 472 caeterarum
1299 444 1480 472 initiationum
1494 452 1575 472 causa
1587 451 1746 473 consecrata

961 487 1004 521 (eo
1018 488 1091 522 quod
1108 495 1162 516 non
1174 489 1210 516 sit
1222 489 1292 516 alius
1302 490 1373 517 ordo.
1381 494 1445 517 ante
1461 490 1557 525 ipsam,
1573 490 1621 518 sed
1633 490 1748 525 ipsamet

960 533 1114 561 immediate
1128 535 1160 561 ad
1175 542 1235 562 eam
1254 535 1428 568 extendatur,
1440 540 1555 563 attracta
1572 537 1748 571 quodammo—

960 578 994 606 do
1019 579 1052 605 ab
1072 579 1188 613 ipsomet
1211 587 1260 614 per
1276 587 1305 607 se
1324 581 1404 614 bono,
1430 585 1458 609 et
1471 587 1567 609 natura
1588 583 1658 610 bono
1672 584 1746 618 quod

959 625 1050 651 omnia
1067 629 1215 659 appetunt;
1229 626 1281 653 hoc
1292 626 1364 654 enim
1386 631 1428 654 est
1448 628 1576 661 extendi;
1604 637 1657 656 non
1672 630 1746 658 enim

960 669 1108 698 inell'abilis
1123 671 1170 698 ille
1183 672 1277 699 radius
1294 672 1409 701 illucens
1427 675 1560 709 permittit
1579 675 1665 710 ipsam
1680 677 1746 704 soli-

960 717 1055 744 tariam
1084 721 1110 745 et
1137 718 1338 752 quodammodo
1361 719 1522 754 dormitare)
1554 726 1696 756 purgatur,
1718 727 1746 750 et

959 762 1129 790 illuminatur
1141 767 1223 798 atque
1237 764 1378 798 perﬁcitur
1391 766 1533 793 secretiori
1546 767 1628 795 simul
1642 772 1669 795 et
1684 777 1744 796 nia-

958 806 1092 835 nifestiori
1110 808 1201 835 divina
1228 808 1418 838 illustratione.
1443 810 1520 838 Unde
1543 812 1626 840 etiam
1656 818 1742 848 patet,

115 850 200 886 γήθη,
218 851 288 879 ὥστε
304 853 399 890 πρώτη
415 852 495 887 εἶναι,
510 854 570 882 οὔτε
587 855 755 891 καθάρσεως,
771 857 831 885 οὔτε
848 867 902 893 φω-

957 854 1029 887 quod
1041 853 1091 881 sub
1111 854 1206 881 ordine
1220 855 1374 883 uberiorem
1389 856 1508 884 habeant
1523 857 1743 889 illustrationem.

114 896 216 932 τισμοῦ
231 899 329 933 ἐδέετο,
345 899 416 927 οὕτω
432 900 589 934 πλασθεῖσα,
606 901 676 929 ὣστε
694 903 740 930 καὶ
757 903 819 937 ἀξία
839 902 906 931 εἶναι

114 941 168 977 τῆς
184 943 296 980 πρώτης
311 944 422 978 τάξεως.
437 946 636 983 Κρυφιωτέραν
651 947 679 974 δὲ
695 949 742 975 καὶ
758 949 907 985 φανατέραν

113 988 167 1023 τὴν
180 990 264 1025 αὐτὴν
276 988 352 1018 εἶπεν
366 992 544 1026 φωτοδοσίαν·
561 993 578 1019 ἃ
592 993 624 1029 δὴ
643 995 691 1021 καὶ
713 994 822 1022 ἐναντία
843 996 906 1031 περὶ

113 1033 147 1060 τὸ
164 1035 230 1061 αὐτὸ
248 1036 369 1070 φαίνεταί
384 1046 442 1070 πως
458 1036 536 1064 εἶναι.
551 1039 587 1065 Τὸ
603 1039 657 1075 γὰρ
674 1040 788 1075 κρύφιον
806 1041 836 1068 οὺ
852 1050 905 1076 φα-

114 1079 162 1106 νόν
173 1089 180 1095 ·
199 1081 245 1107 καὶ
260 1082 289 1108 τὸ
300 1083 382 1118 φανὸν
400 1085 431 1111 οὑ
449 1084 572 1120 κρύφιον,
590 1085 662 1112 κατὰ
677 1087 772 1114 τοῦτον
786 1087 832 1114 τὸν
842 1088 905 1124 τρό-

113 1133 176 1152 πον.
195 1127 226 1153 E!
241 1127 296 1163 γὰρ
307 1129 353 1155 καὶ
364 1130 470 1156 ἐναντία
481 1131 535 1157 elei.
553 1132 616 1167 περὶ
627 1132 658 1158 τὸ
669 1133 743 1165 αὐτὸ,
759 1133 827 1160 ἀλλὰ
839 1134 906 1170 πρὸς

113 1170 179 1197 ἄλλο
195 1172 243 1198 καὶ¹
258 1173 321 1200 άλλο
334 1174 465 1202 νοοῦνται.
489 1177 672 1214 Κρυφιωτέρα
699 1179 748 1214 μὲν
768 1179 822 1215 γὰρ
837 1181 906 1216 πρὸς

112 1215 198 1251 ἡμᾶς,
215 1216 253 1248 ὡς
268 1219 412 1256 νοητοτέρα
433 1221 538 1257 (νοηταὶ
555 1222 609 1259 γὰρ
624 1223 671 1250 καὶ
689 1225 716 1250 αἱ
736 1225 790 1252 τῶν
805 1215 905 1252 ὑποϐε-

112 1260 236 1308 ϐηκυιῶν
256 1263 360 1296 τάξεων
384 1265 558 1304 ἐλλάμψεις),
580 1269 726 1305 νοητοτέρα
756 1271 784 1297 δὲ
814 1271 831 1307 ἠ
856 1273 906 1308 τῆς

111 1305 236 1342 πρώτης,
249 1309 294 1335 καὶ
307 1310 372 1344 ἡμῖν
385 1311 585 1350 άγνωστοτέρα,
603 1315 647 1342 διὰ
663 1315 741 1342 τοῦτο
760 1318 806 1344 καὶ
818 1305 906 1345 άπ).ω‹

110 1350 177 1386 τικὴ
189 1351 243 1386 (ὡς
261 1352 296 1388 μὴ
312 1356 511 1393 κατανοουμένη
528 1358 693 1386 ἀπεντεῦθεν
707 1361 752 1388 διά
765 1370 837 1394 τινος
850 1363 905 1390 τῶν

110 1394 324 1444 ηῇετέρωνλκαὶ
344 1399 500 1435 χθαμαλιῖΝ,
525 1402 543 1429 ἃ
561 1403 592 1439 δὴ
609 1404 656 1431 καὶ
673 1405 809 1438 συνθέσεις
820 1408 904 1444 εἰσὶν)

110 1439 181 1487 ἀλλά
201 1441 248 1468 καὶ
261 1442 390 1476 ἐνοποιός.
400 1446 483 1482 ’Ὅσῳ
502 1447 556 1484 γὰρ
572 1450 621 1485 τῆς
638 1450 703 1486 ὕλης
721 1451 799 1487 ἡμῶν
812 1453 827 1478 ὁ
842 1439 905 1485 νοῦς

109 1486 314 1521 ἀποδιισταται,
329 1490 457 1518 τοσοῦτον
473 1494 537 1529 περὶ
553 1495 583 1521 τὸ
600 1495 628 1522 ἓν
645 1486 746 1533 χωρεῖ,
758 1499 804 1525 καὶ
815 1500 898 1528 ἀῡλο-

109 1532 211 1568 τέρως,
227 1534 264 1567 ὡς
275 1535 307 1562 ἄν
317 1544 359 1568 τις
375 1538 457 1572 εἴποι,
473 1540 520 1566 τοῦ
531 1542 627 1577 νοητοῦ
638 1544 835 1578 ἐπιδράττεται.
849 1548 904 1574 Καὶ

107 1578 136 1604 τί
153 1578 224 1613 λέγω
241 1580 281 1612 εἰς
298 1582 393 1616 ταῦτα,
410 1584 477 1612 ὅπου
494 1595 525 1620 γε
543 1588 576 1623 τῇ
595 1589 718 1625 αἰσθήσει
734 1591 813 1618 τοῦτο
833 1601 903 1628 συμ-

109 1624 198 1674 ϐαίνει
210 1627 251 1658 εἰς
261 1627 299 1674 τὰρ
311 1629 427 1674 αἰσθητὰ
443 1632 607 1668 πράγματα;
624 1635 765 1671 πόρρωθεν
780 1638 834 1674 γὰρ
847 1624 904 1674 βλέ-

109 1669 209 1719 ποντές
223 1679 260 1719 τι,
277 1673 387 1708 οἰόμεθα
416 1675 432 1711 ἢ
456 1675 524 1707 ζῶον
549 1676 628 1712 εἶναι,
654 1669 766 1715 η’λίθον
778 1669 867 1718 έυέδν,
885 1684 902 1719 ἢ

107 1714 228 1750 δένδρον,
242 1716 257 1752 ἢ
275 1717 338 1745 ἄλλο
350 1728 377 1746 τι
387 1728 394 1736 ο
411 1724 636 1757 προσεγγίζοντες
647 1714 676 1752 δὲ
690 1726 758 1759 ζῶον

109 1769 172 1796 μεν,
201 1763 249 1789 καὶ
274 1765 373 1792 τοιόνδε
399 1766 477 1800 ζῶον,
496 1769 636 1805 ἄνθρωπον
652 1773 742 1807 τυχὸν,
767 1775 813 1802 καὶ
827 1776 901 1803 τόνδε

107 1807 157 1833 τὸν
171 1807 323 1844 ἄνθρωπον.
341 1812 395 1838 Καὶ
410 1813 445 1839 τὰ
461 1814 554 1841 παιδία
571 1817 705 1854 πρότερον
718 1819 822 1852 πάντας
837 1822 901 1853 τοὺς

108 1853 210 1889 ἄνδρας
231 1856 348 1892 πατέρας
364 1858 452 1899 καλεῖ,
474 1861 521 1887 καὶ
545 1862 666 1898 μητέρας
687 1864 737 1896 τὰς
753 1867 898 1899 γυναῖκας·

109 1899 226 1935 ὕστερον
245 1900 274 1927 δὲ
289 1893 448 1930 ἑνοποιέϊται
468 1905 485 1940 ἡ
505 1906 605 1940 γνῶσις
619 1908 732 1942 τούτων,
756 1911 802 1937 καὶ¹
820 1911 900 1945 γινώ-

109 1957 206 1976 σκουσι
223 1952 287 1984 τοὺς
303 1952 411 1988 ἀληθεῖς
427 1955 556 1989 πατέρας.
577 1954 654 1989 Εἶδες
668 1958 727 1990 πῶς
744 1960 761 1994 ἡ
775 1961 901 1997 αἴσθησις

106 1995 279 2023 ὲνοποιεῖταιι
298 1997 378 2024 τοῦτο
387 1999 433 2025 καὶ
449 2000 463 2025 ὁ
478 1999 540 2032 νοῦς
554 2000 652 2036 πάσχει
663 2004 719 2034 τοῖς
729 2007 833 2041 νοητοῖς
848 1995 898 2042 έμ-

108 2041 242 2069 6ατεὺων.
265 2043 338 2070 Ἀλλ’
354 2045 479 2072 ἐντεῦθεν
492 2046 679 2076 ὑπανακύπτει
692 2050 793 2087 ἀπορία
816 2041 900 2088 ἀναγ-

106 2086 184 2119 καία,
209 2089 301 2124 πῶςή
330 2088 380 2124 μὲν
397 2089 524 2125 αἴσθησις
539 2092 579 2123 εἰς
604 2093 635 2119 τὺ
663 2086 810 2132 ἐγγύτερον
835 2086 900 2133 μᾶλ-

104 2131 153 2158 λον
169 2133 329 2160 ένοποιεῐται
339 2155 346 2167 ,
364 2136 378 2161 ὸ
392 2134 422 2161 δὲ
437 2135 500 2168 νοῦς
515 2137 555 2168 είς
570 2137 600 2163 τὺ
616 2131 801 2176 πορρώτερον,
824 2131 869 2169 καὶ
884 2143 898 2169 ὃ

957 898 986 925 Si
998 898 1070 926 enim
1090 899 1126 927 ita
1146 900 1256 927 condita
1271 905 1343 928 esset
1358 901 1403 928 illa
1417 901 1567 936 distinctio,
1584 907 1613 931 ut
1632 905 1743 932 omnino

957 944 1048 978 prima
1064 949 1151 977 esset,
1167 953 1256 980 neque
1271 947 1431 982 purgatione
1448 954 1536 982 neque
1546 948 1744 978 illuminatione

956 997 1024 1025 opus
1036 991 1161 1025 haberet,
1181 1000 1244 1020 cum
1265 993 1304 1020 ita
1325 992 1442 1020 formata
1456 993 1538 1028 foret,
1553 999 1583 1022 ut
1595 996 1684 1030 primo
1698 1003 1744 1024 or-

956 1039 1020 1065 dine
1035 1037 1116 1072 digna
1127 1043 1213 1068 esset.
1232 1039 1414 1068 Secretiorem
1427 1046 1515 1069 autem
1532 1046 1560 1070 et
1575 1042 1742 1071 manifestio-

956 1091 1013 1112 rem
1040 1085 1163 1113 eamdem
1184 1086 1292 1114 vocavit
1316 1087 1537 1122 illustratiOnem,
1565 1097 1625 1124 quae
1650 1091 1743 1125 utique

955 1131 1029 1158 circa
1056 1131 1128 1160 idem
1155 1132 1281 1161 videntur
1309 1134 1387 1169 quasi
1412 1142 1474 1163 esse
1496 1137 1643 1164 contraria.
1665 1136 1743 1171 Quod

955 1178 1027 1206 enim
1043 1179 1178 1207 occultum
1193 1184 1246 1214 est,
1271 1188 1325 1208 non
1347 1185 1389 1209 est
1407 1182 1601 1216 manifestum;
1628 1188 1656 1212 et
1670 1185 1743 1220 quod

956 1223 1141 1258 manifestum,
1164 1232 1219 1253 non
1238 1231 1280 1254 est
1293 1227 1442 1260 occultum,
1452 1228 1529 1262 juxta
1545 1229 1669 1257 eumdem
1682 1237 1742 1258 mo-

955 1271 1030 1298 dum.
1043 1271 1100 1298 Etsi
1115 1272 1188 1299 enitn
1204 1272 1285 1300 etiam
1298 1273 1436 1300 contraria
1450 1279 1514 1301 sunt
1532 1280 1656 1310 respectu
1669 1276 1743 1311 ejus-

955 1318 1027 1351 dem,
1043 1318 1076 1345 ad
1088 1318 1162 1346 aliud
1182 1323 1272 1346 tamen
1293 1325 1375 1354 atque
1390 1321 1464 1349 aliud
1479 1321 1674 1357 intelliguntur.
1687 1322 1742 1351 0c-

955 1364 1054 1391 cultior
1067 1365 1176 1399 quidem
1188 1370 1231 1394 est
1246 1366 1337 1399 nobis,
1348 1367 1412 1402 quia
1427 1367 1605 1402 spiritualior;
1616 1367 1742 1404 (spirita-

955 1407 994 1436 les
1005 1409 1077 1436 enim
1089 1415 1153 1437 sunt
1164 1415 1192 1438 et
1205 1410 1363 1438 inferiorum
1376 1412 1503 1440 ordinum
1518 1413 1711 1442 illustrationes
1721 1414 1742 1450 :)

954 1454 1126 1487 spiritualior
1140 1460 1231 1483 autem
1247 1461 1289 1484 est
1303 1456 1348 1484 illa
1367 1457 1463 1492 prima:
1477 1458 1677 1487 distributionis
1690 1467 1740 1487 no-

955 1500 1051 1535 bisque
1072 1501 1205 1536 ignotior;
1223 1501 1325 1531 idcirco
1350 1503 1434 1531 etiam
1451 1504 1595 1540 simplilica
1616 1507 1656 1542 (ut
1680 1513 1741 1541 quae

955 1554 1009 1573 non
1023 1548 1197 1582 cognoscitur
1214 1556 1262 1584 per
1275 1549 1395 1584 aliquam
1413 1557 1429 1578 e
1445 1551 1525 1579 rebus
1537 1553 1638 1579 nostris
1652 1557 1740 1582 terre-

955 1593 1009 1625 nis,
1024 1601 1084 1628 qum
1097 1595 1253 1629 compositae
1264 1596 1337 1631 sunt)
1355 1596 1421 1630 quin
1436 1601 1463 1624 et
1477 1597 1585 1625 uniﬁca.
1603 1598 1740 1632 Quantum

954 1640 1026 1668 enim
1041 1648 1056 1666 a
1071 1640 1186 1668 materia
1205 1649 1282 1669 mens
1294 1647 1386 1669 nostra
1401 1643 1513 1676 recedit,
1526 1646 1692 1673 tantumdem
1705 1646 1740 1674 ad

955 1694 1037 1714 unum
1059 1687 1156 1721 tendit,
1176 1692 1204 1715 et
1217 1687 1436 1722 immaterialius,
1456 1694 1485 1716 ut
1503 1690 1540 1717 ita
1552 1692 1614 1726 quis
1626 1691 1737 1725 dixerit,

954 1740 1011 1760 rem
1029 1733 1213 1761 intellectilem
1223 1735 1439 1768 comprehendit.
1450 1736 1553 1772 Ecquid
1569 1738 1630 1765 dico
1643 1739 1670 1766 in
1682 1739 1736 1773 his,

953 1787 1014 1806 cum
1032 1780 1058 1807 id
1075 1781 1166 1808 sensui
1182 1789 1291 1817 quoque
1306 1783 1411 1810 accidat
1434 1785 1523 1818 quoad
1545 1793 1588 1813 res
1608 1786 1738 1815 sensiles?

952 1826 1086 1860 siquidem
1103 1827 1210 1855 eminus
1222 1827 1360 1863 quidpiam
1377 1829 1509 1864 videntes,
1526 1836 1655 1865 putamus
1673 1833 1739 1861 illud

951 1873 994 1899 vel
1007 1873 1110 1900 animal
1126 1881 1198 1906 esse,
1214 1874 1256 1901 vel
1269 1874 1340 1902 forte
1355 1876 1479 1910 lapidem,
1495 1877 1535 1904 vel
1549 1878 1684 1912 arborem,
1696 1879 1738 1907 vel

951 1918 1015 1952 quid
1030 1918 1120 1949 aliud;
1136 1919 1385 1954 appropinquantes
1402 1929 1465 1949 vero
1478 1914 1666 1957 cognoscimus
1677 1931 1738 1953 esse

950 1963 1064 1996 animal,
1078 1968 1106 1991 et
1120 1964 1228 1998 quidem
1242 1965 1294 1993 tale
1306 1966 1418 1999 animal,
1431 1968 1566 1995 hominem
1584 1970 1658 1996 verbi
1672 1978 1736 2005 gra-

952 2008 1001 2042 tia,
1027 2012 1055 2036 et
1073 2009 1146 2036 hunc
1161 2009 1308 2037 hominem.
1334 2010 1380 2038 Sic
1402 2013 1477 2046 pueri
1498 2013 1613 2047 primum
1641 2023 1737 2044 omnes

951 2055 1023 2082 viros
1035 2059 1127 2089 patres
1143 2061 1251 2090 vocant,
1269 2061 1423 2092 matresque
1439 2058 1565 2093 feminas,
1583 2065 1676 2095 postea
1695 2069 1738 2090 ve—

950 2106 981 2126 ro
995 2099 1091 2126 horum
1107 2101 1228 2136 cognitio
1253 2102 1410 2137 unilicatur,
1430 2111 1633 2141 agnoscuntque
1656 2115 1736 2135 veros

949 2149 1087 2178 parentes.
1104 2145 1187 2174 Vides
1201 2148 1338 2181 quomodo
1358 2155 1456 2177 sensus
1471 2151 1619 2178 unilicetur
1636 2161 1643 2180 :
1664 2153 1736 2180 idem

105 2177 189 2209 αὐτὸς
200 2178 273 2213 λέγει
283 2179 413 2215 κρύφιον;
432 2182 485 2209 Καὶ
500 2182 573 2210 ἔστιν
587 2184 684 2217 εἰπεῖν,
701 2185 742 2212 ὅτι
757 2187 817 2213 κατ’
834 2188 899 2224 ἁλή-

954 2190 1033 2217 etiam
1046 2191 1131 2218 menti
1147 2192 1258 2226 accidit,
1283 2193 1345 2220 dum
1361 2194 1394 2222 ad
1409 2201 1453 2222 res
1468 2195 1640 2225 intellecliles
1655 2205 1736 2226 acce-

105 2223 182 2251 θειαν
193 2224 279 2252 ἐκεῖνο
287 2226 344 2260 ἔχει
358 2227 373 2253 ὁ
386 2227 448 2259 νοῦς
459 2229 614 2265 ἐγγύτερον,
629 2232 660 2258 τὸ
671 2232 800 2261 ἐπέκεινα
810 2223 900 2270 πάσης

104 2268 203 2305 ὑλικῆς
229 2271 377 2304 συνθέσεως
405 2274 452 2300 καὶ
475 2275 642 2311 αἰσθήσεως·
662 2278 742 2305 τοῦτο
764 2280 819 2316 γάρ
842 2268 899 2308 ἐστι

104 2314 154 2341 καὶ
166 2316 302 2351 προσῆκον
315 2318 353 2353 τῷ
364 2318 402 2354 νῷ
417 2320 463 2346 καὶ
477 2323 536 2353 ταῖς
551 2322 598 2349 τοῦ
612 2323 657 2350 νοῦ
671 2314 831 2360 ἐνεργείαις.
849 2327 898 2354 Νοῖ

103 2360 160 2396 γὰρ
184 2362 346 2399 πορῤώτερα
364 2364 399 2391 τὰ
430 2366 555 2402 αἰσθήσει
583 2369 674 2400 ποσῶς
701 2370 896 2399 ὑποπίπτοντα.

103 2406 186 2432 Κατὰ
196 2407 261 2441 γοῦν
272 2409 416 2445 ἀναλογίαν
428 2412 498 2447 (ἐπεὶ
509 2415 682 2451 κρυφιωτέρα
694 2417 739 2443 καὶ
749 2418 857 2454 νοητοτέ
862 2427 899 2454 ρα.

104 2451 120 2486 ἡ
152 2451 208 2478 τῶν
237 2453 352 2489 πρώτων
376 2456 507 2493 ἐλλαμψις
533 2460 608 2496 παρὰ
640 2461 690 2493 τὰς
720 2462 774 2489 τῶν
790 2451 895 2490 νδευτξέ-

104 2505 160 2532 ρων
187 2497 344 2536 ἑλλάμψεις)
373 2503 472 2537 μᾶλλον
504 2504 574 2541 αῦτη
603 2507 723 2540 ἑνοποιός
749 2508 818 2541 ἐστι,
850 2511 895 2536 καὶ¹

102 2543 176 2571 οὕτω
207 2545 255 2580 μὲν
284 2549 459 2585 κρυφιωτέρα
481 2551 549 2587 πρὸς
581 2553 654 2588 ἡμεῖς
681 2555 726 2580 καὶ
750 2555 800 2581 τὸν
826 2556 894 2591 ἡμέ-

102 2602 185 2629 τερον
206 2594 288 2622 νοῦν·
317 2598 452 2634 φανοτέρα
475 2599 504 2625 δὲ
526 2600 616 2634 πάλιν,
645 2602 714 2637 πρὸς
738 2603 821 2639 αὐτὴν
845 2603 895 2639 τὴν

102 2639 254 2676 δεχομένην
269 2642 319 2678 τὴν
334 2642 464 2679 suam“;
475 2653 482 2661 ο
502 2646 669 2681 πρωτόδοτος
685 2648 738 2684 γὰρ
755 2649 801 2676 καὶ
818 2658 893 2685 πρω-

102 2686 224 2731 τοφανὴς
238 2687 285 2713 καὶ
297 2689 446 2726 ὀλικωτέρα
461 2691 561 2726 μᾶλλον
576 2692 733 2729 ήέλλαμψις
749 2696 765 2731 ἡ
785 2696 826 2727 εἰς
841 2696 891 2722 αὐ-

101 2730 154 2766 τὴν
170 2733 318 2769 κεχυμένη.
346 2735 378 2762 El
393 2736 421 2762 δὲ
439 2737 456 2772 ἡ
471 2737 539 2773 αὑτὴ
554 2737 601 2765 καὶ
618 2739 805 2777 ὑπερπλήρης,
823 2741 891 2768 ἀλλὰ

146 2812 159 2826 ν
172 2808 247 2836 Psal.
265 2817 330 2844 xvn,
347 2811 390 2839 12.
410 2798 413 2804 ’
462 2833 464 2835 -

950 2236 999 2263 dit.
1029 2235 1130 2263 Verum
1157 2237 1221 2264 hinc
1243 2237 1383 2266 suboritur
1410 2242 1564 2269 necessaria
1589 2243 1736 2276 dubitatio.

949 2281 996 2315 qui
1009 2289 1106 2309 sensus
1119 2282 1192 2309 circa
1208 2283 1235 2310 id
1252 2285 1323 2318 quod
1338 2285 1454 2313 vicinius
1468 2292 1511 2314 est
1524 2288 1609 2323 magis
1624 2288 1737 2316 unilice-

949 2331 1002 2361 tur,
1026 2335 1104 2354 mens
1117 2335 1181 2355 vero
1196 2329 1268 2356 circa
1285 2331 1427 2364 remotius,
1446 2336 1473 2359 et
1496 2334 1568 2367 quod
1586 2335 1643 2368 ipse
1658 2338 1736 2362 vocat

947 2373 1097 2401 occultius?
1118 2375 1158 2402 Ac
1176 2375 1255 2402 liceat
1269 2376 1373 2410 dicere,
1390 2377 1456 2406 illud
1472 2386 1535 2407 vere
1560 2381 1644 2407 menti
1672 2389 1735 2416 pro-

946 2420 1075 2455 pinquius
1097 2428 1166 2455 esse,
1192 2423 1264 2456 quod
1288 2423 1361 2450 omni
1380 2425 1516 2452 materiali
1538 2428 1736 2461 compositione

947 2465 1157 2500 sensationeque
1178 2467 1305 2501 superius
1324 2472 1382 2501 est;
1398 2469 1526 2503 quoniam
1542 2470 1598 2505 98
1611 2471 1637 2497 id
1651 2471 1735 2498 menti

947 2511 1103 2545 mentisque
1115 2512 1318 2545 operationibus
1331 2518 1373 2540 est
1382 2514 1560 2542 conformins.
1570 2516 1651 2543 Menti
1660 2517 1734 2543 enim

947 2560 1012 2583 sunt
1026 2557 1182 2590 remotiora,
1196 2565 1255 2592 quae
1268 2560 1359 2586 sensui
1371 2561 1570 2594 quodammodo
1581 2562 1733 2596 subjacent.

947 2602 1103 2630 Secundum
1117 2604 1188 2631 hanc
1205 2605 1297 2639 itaque
1307 2607 1508 2641 proportionem
1518 2608 1591 2643 (cum
1601 2609 1735 2636 occultior

945 2647 1195 2683 iutelligibiliorque
1218 2649 1254 2676 sit
1276 2651 1425 2685 primorum
1443 2653 1601 2685 illustratio,
1616 2662 1734 2689 sequen-

945 2695 1012 2723 tium
1027 2695 1252 2723 illustrationibus
1269 2699 1436 2733 comparata)
1462 2700 1518 2734 ipsa
1533 2701 1620 2735 magis
1631 2701 1731 2728 unilica

943 2746 1000 2775 est,
1011 2742 1130 2776 adeoque
1144 2742 1291 2770 secundum
1307 2751 1356 2771 nos
1368 2744 1477 2779 quidem
1496 2750 1669 2780 mentemque
1685 2753 1732 2772 no-
