1933 3075
197 113 246 139 279

771 116 801 145 8.
819 115 968 144 DlONYSll
985 115 1216 144 AREOPAGITE

1759 115 1816 143 Ἇο

195 176 280 197 stram
289 170 432 198 obscurior
443 175 470 198 et
480 171 624 204 occultior,
636 171 715 200 simul
727 177 816 200 tamen
830 173 878 204 illi,
891 174 936 208 qui
949 173 975 200 il-

1032 171 1106 206 παρὰ
1121 171 1151 197 τὸ
1166 171 1220 197 τῶν
1233 171 1435 207 ὑποδεχομένων
1449 173 1540 204 ποσῶς
1555 171 1754 207 παραλλάττον·
1771 175 1818 199 δια

194 216 379 243 lustrationem
390 223 450 243 eam
462 217 574 251 excipit.
586 217 766 250 manifestior;
778 219 912 253 siquidem
924 218 978 252 pri-

194 261 308 295 migenia
324 261 520 296 primilucaque
531 263 696 298 etintegrior
705 267 746 291 est
757 263 902 292 illustratio
916 271 977 298 quae

195 304 227 331 ad
236 311 296 331 eam
308 304 476 333 diffunditur.
488 306 544 334 Etsi
554 311 642 335 autem
652 308 708 343 ipsa
717 308 876 343 superplena
886 309 931 340 sit.
940 314 977 337 at-

194 354 283 377 tamen
293 357 342 384 pro
349 351 552 383 suscipientium
561 352 716 380 conditione
724 354 847 381 variatur
858 365 864 381 :
875 355 977 382 idcirco

193 396 265 423 enim
274 396 392 424 addidit:
405 396 437 423 Et
445 397 520 431 quasi
534 397 678 432 liquidior;
699 403 728 426 ut
739 400 870 427 indicaret
885 399 975 432 subje-

193 446 298 468 ctorum
307 441 501 474 diversitatem.
510 443 686 472 variationem
693 446 806 480 quamda
812 453 836 472 m
845 445 942 473 alIerre
949 445 977 472 il-

194 486 360 514 lnstrationi.
371 486 412 514 Ab
424 488 476 516 hac
485 494 573 516 autem
585 490 670 524 prima
682 491 866 525 dispositione,
877 491 975 519 iterum

193 533 311 559 secunda
328 540 377 568 pro
392 541 441 561 sua
456 535 589 569 portione,
609 539 636 562 et
654 543 668 562 a
682 536 800 564 secunda
814 537 902 567 tertia.
919 542 946 564 et
959 544 974 563 a

195 578 272 604 tertia
288 583 379 605 nostra
399 579 456 606 hac
479 580 642 613 hierarchia,
659 589 740 616 quam
764 590 815 609 non
830 584 973 610 humanam

194 623 254 650 dico
269 623 407 658 (quoniam
422 629 449 652 et
467 626 523 661 ipsa
540 627 632 654 divina
645 632 698 660 est,
713 628 872 664 divinasque
887 629 975 657 susci-

194 670 233 704 pit
248 670 452 707 illustrationes)
478 674 525 701 sed
540 682 599 701 eam
616 682 676 709 qua:
697 676 767 709 apud
783 684 832 704 nos
851 677 975 705 homines

194 717 284 744 divina
299 718 385 752 gratia
399 725 586 748 consecratur.
608 721 677 754 Quid
696 729 779 755 porro
794 730 808 749 a
825 723 910 756 prima
929 731 973 751 se-

193 762 293 794 cunda.
310 767 338 790 et
353 763 387 790 ab
398 763 449 790 hac
465 765 555 799 tertia,
571 770 598 792 et
612 766 646 793 ab
661 766 705 793 illa
725 770 816 794 nostra
831 767 888 794 brec
899 768 972 794 acci-

193 807 253 842 pit?
267 807 344 842 Quod
370 810 394 837 in
409 811 496 838 sacris
519 811 630 838 omnino
652 812 793 847 dirigatur.
820 813 894 840 Bona
909 821 973 840 vero

1028 216 1105 243 τοῦτο
1117 217 1171 251 γὰρ
1189 217 1268 252 ἐτέθη
1279 237 1287 249 ,
1313 217 1414 249 Καὶὼς
1431 217 1514 252 διειδῆ
1527 238 1534 249 ,
1558 217 1601 244 ἵνα
1621 217 1705 253 δείξῃ,
1728 217 1770 244 ὅτι
1785 217 1818 244 τὸ

1027 261 1082 288 τῶν
1098 261 1283 297 ὑποκειμένων
1293 262 1429 297 διάφορον,
1446 261 1554 288 ἀλλοίαν
1567 261 1617 297 τὴν
1630 261 1760 296 ἐλλαμψιν
1773 262 1811 288 τί-

1029 307 1101 344 θησι.
1125 309 1204 344 Παρὰ
1229 309 1329 344 ταύτης
1351 308 1380 334 δὲ
1403 308 1486 335 πάλιν
1507 308 1558 343 τῆς
1580 307 1693 344 πρώτης
1713 308 1818 341 τάξεως

1029 354 1167 389 ἀναλόγως
1183 356 1200 390 ή
1214 355 1337 391 δευτέρα,
1347 355 1393 381 καὶ
1404 354 1479 390 παρὰ
1493 355 1542 390 τῆς
1552 355 1680 390 δευτέρας
1695 355 1712 390 ἡ
1724 356 1816 390 τρίτη,

1028 400 1074 425 καὶ
1092 399 1166 436 παρὰ
1183 400 1233 435 τῆς
1243 400 1338 436 τρίτης
1351 401 1368 436 η
1382 400 1442 427 καθ’
1457 401 1532 435 ἡμεῖς
1544 399 1614 435 αὕτη
1626 400 1761 436 ἱεραρχία,
1782 401 1817 436 ἣν

1027 445 1076 472 οὐκ
1093 446 1265 482 ἀνθρωπίνην
1283 447 1355 481 φημὶ
1370 446 1440 481 (θεία
1451 446 1506 482 γὰρ
1522 446 1569 473 καὶ
1584 445 1664 481 αὕτη,
1679 447 1725 473 καὶ
1741 447 1817 478 θείας

1026 491 1172 527 ὲλλάμψεις
1183 491 1288 527 δέχεται
1299 492 1318 528 ’)
1335 492 1402 518 ἀλλὰ
1415 492 1464 528 τὴν
1477 491 1540 519 καθ’
1554 493 1627 528 ἡμᾶς
1639 493 1702 524 τοὺς
1716 491 1818 527 ἀνθρώ-

1026 545 1094 569 πους
1110 538 1308 573 ἐνεργουμένην
1328 539 1361 573 τῇ
1376 537 1423 564 τοῦ
1440 537 1507 564 Θεοῦ
1524 539 1625 574 χάριτι.
1645 538 1677 564 Τί
1698 537 1726 564 δὲ
1741 538 1817 573 παρὰ

1025 581 1076 617 τῆς
1097 581 1208 617 πρώτης
1228 583 1244 617 ὴ
1261 581 1384 618 δευτέρα,
1400 582 1446 608 καὶ
1462 582 1526 617 παρ’
1543 582 1627 617 αὐτῆς
1638 582 1654 617 ὴ
1665 581 1754 617 τρίτη,
1769 581 1817 608 καὶ

1026 628 1090 664 παρ’
1109 629 1217 664 ἐκείνης
1231 629 1248 664 ή
1264 629 1324 656 καθ’
1338 629 1412 664 ἡμᾶς
1426 628 1576 664 λαμϐάνει;
1595 628 1707 660 Πάντως
1724 629 1817 665 ἰεραρ-

1025 674 1122 708 χεῖται.
1133 673 1173 700 Τὰ
1186 673 1214 700 δὲ
1230 674 1279 709 τῆς
1295 674 1432 709 ἱεραρχίας
1447 674 1527 706 καλὰ,
1543 673 1592 709 τὴν
1609 673 1752 709 κάθαρσιν,
1769 674 1817 701 τὸν

1024 720 1174 754 φωτισμὸν,
1186 720 1235 755 τὴν
1255 719 1403 752 τελείωσιν,
1417 720 1518 756 ἑκάστη
1535 719 1610 756 παρὰ
1621 720 1688 746 Θεοῦ
1703 720 1748 748 διὰ
1760 721 1817 748 τῶν

1023 765 1076 800 πρὸ
1091 764 1193 800 ταύτης
1209 764 1349 800 λαμϐάνει.
1364 765 1401 792 Τὸ
1416 765 1481 800 γοῦν
1498 766 1572 802 παρὰ
1586 766 1636 801 τῆς
1653 765 1765 802 πρώτης
1779 767 1817 793 ἱε-

1026 811 1183 846 ραρχεῖσθαι
1198 811 1247 847 τὴν
1256 811 1392 847 δευτέραν,
1405 811 1551 846 ἀνάγεσθαι
1565 809 1641 839 εἶπεν
1655 812 1817 848 ἱεραρχικῶς

194 854 354 882 ΙιίετοηΙιὶω
365 856 558 890 expiationem,
573 858 809 892 illuminationem,
828 859 973 893 perfecﬂo-

1026 857 1091 892 πρὸς
1107 857 1191 893 αὐτὴν
1206 857 1255 892 τὴν
1272 857 1438 893 ὑπεράρχιον
1452 858 1548 893 ἀρχὴν,
1567 858 1614 885 καὶ
1630 859 1721 894 πάσης
1734 859 1815 885 εὐκο-

194 908 267 932 nem,
279 900 404 934 qur‘elibct
418 909 432 929 a
448 902 502 930 Deo
511 910 559 937 per
572 903 686 938 primam
700 905 809 938 accipit.
822 905 974 932 Secundam

195 945 284 979 itaque
299 953 313 972 a
330 946 416 978 prima
434 947 460 974 in
477 947 564 975 sacris
576 949 641 983 regi,
654 954 733 976 vocat.
746 949 916 977 bierarchicc
927 951 974 978 ad-

193 991 254 1018 duci
273 991 306 1018 ad
321 993 556 1028 superprincipale
578 995 752 1030 principium,
779 1001 861 1031 atque
884 996 974 1023 omnis

194 1041 276 1064 recta:
307 1039 488 1066 ordinationis
511 1042 772 1068 consummationem
807 1049 815 1068 :
848 1042 970 1069 divinum

193 1083 264 1109 enim
276 1082 379 1111 Numen
395 1085 464 1112 bona
481 1091 576 1113 cuncta
593 1087 729 1118 terminat,
742 1094 773 1114 ac
787 1087 890 1120 dellnit,
902 1088 967 1122 quia

194 1128 261 1156 nihil
276 1134 352 1156 extra
368 1130 456 1165 ipsum
471 1131 534 1158 boni
547 1136 598 1164 est,
615 1132 656 1159 vel
670 1132 781 1166 dicitur,
795 1134 837 1161 vel
853 1141 971 1168 unquam

194 1176 340 1210 cogitatur.
360 1175 403 1204 Fit
419 1181 509 1204 autem
524 1178 574 1205 hoc
587 1177 664 1212 juxta
687 1179 755 1206 bene
768 1179 885 1206 ordinati
899 1179 970 1207 orti-

193 1221 236 1247 nis
248 1221 419 1256 principatus
434 1223 602 1250 sanctionem
615 1231 622 1250 :
638 1224 700 1258 quia
714 1224 776 1251 licet
791 1225 825 1252 ab
838 1225 881 1252 his
892 1225 976 1252 addu-

193 1270 300 1300 cantur,
316 1273 434 1295 attamen
449 1269 482 1295 ab
497 1269 556 1303 ipso
576 1269 691 1297 Numine
705 1270 842 1305 accipiunt
857 1271 976 1298 illustra-

195 1312 294 1344 tiones,
309 1313 380 1348 quod
396 1318 438 1340 est
454 1314 616 1349 principium
631 1321 658 1342 et
668 1323 750 1343 causa
761 1317 849 1344 omnis
859 1317 975 1351 ordinis,

194 1365 248 1385 non
265 1363 369 1386 tantum
391 1360 484 1394 primi,
507 1363 556 1388 sed
583 1367 611 1389 et
629 1363 752 1395 secundi,
768 1369 796 1390 et
809 1363 892 1396 tertii,
914 1363 977 1391 etsi

193 1404 254 1438 quis
268 1403 303 1431 sit
319 1404 398 1432 alius.
415 1404 468 1432 Ista
483 1406 555 1432 enim
570 1406 611 1434 lex
627 1411 680 1440 est,
701 1412 730 1434 ut
753 1408 790 1435 ita
809 1409 871 1442 quis
891 1409 976 1442 dicat,

1027 901 1109 937 σμίας
1126 902 1294 937 περάτωσιν·
1314 903 1402 929 πάντα
1418 902 1472 938 γὰρ
1488 903 1523 930 τὰ
1534 903 1623 937 ἀγαθὰ
1639 904 1754 938 περατοῖ
1769 905 1818 930 καὶ

1025 948 1111 983 ὁρίζει
1127 948 1157 974 τὸ
1169 947 1256 981 Θεῖον,
1269 949 1310 975 ὅτι
1320 948 1397 975 οὐδὲν
1410 949 1511 982 ἀγαθὸν
1527 949 1624 982 ἔξωθεν
1637 949 1715 976 τοῦτό
1728 951 1817 982 ἐστιν,

1024 994 1041 1029 ἢ
1059 994 1176 1028 λέγεται,
1193 994 1248 1021 οὐδ’
1262 994 1295 1021 ἂν
1311 994 1448 1030 ἐννοηθείη
1467 995 1541 1022 ποτέ.
1559 995 1664 1022 Γίνεται
1682 995 1711 1022 δὲ
1725 995 1816 1026 τοῦτο,

1024 1039 1094 1066 κατὰ
1109 1040 1155 1066 τὸν
1166 1040 1246 1066 αὑτὸν
1257 1040 1356 1076 θεσμὸν
1373 1040 1422 1075 τῆς
1435 1041 1573 1076 εὐκόσμου
1586 1041 1755 1076 ταξιαρχίας·
1773 1042 1817 1068 ὅτι

1024 1086 1049 1112 εἰ
1063 1087 1108 1113 καὶ
1124 1085 1168 1112 διὰ
1179 1085 1281 1113 τούτων
1291 1086 1446 1120 ἀνάγονται,
1459 1086 1528 1112 ἀλλὰ
1540 1086 1614 1122 παρὰ
1629 1086 1675 1113 τοῦ
1687 1086 1765 1113 Θείου
1777 1086 1818 1113 δέ-

1025 1140 1116 1167 χονται
1132 1131 1182 1165 τὰς
1199 1131 1354 1167 ἑλλάμψεις,
1371 1131 1422 1166 τῆς
1438 1131 1526 1167 ἀρχῆς
1550 1133 1597 1159 καὶ
1617 1133 1705 1164 αἰτίας
1726 1133 1818 1167 πάσης

1024 1178 1137 1212 τάξεως,
1157 1179 1195 1215 μὴ
1214 1179 1293 1214 μόνον
1309 1178 1360 1214 τῆς
1375 1177 1486 1214 πρώτης
1499 1199 1507 1211 ,
1525 1178 1592 1206 ἀλλὰ
1607 1179 1654 1205 καὶ
1664 1178 1714 1213 τῆς
1727 1178 1818 1206 δευτέ-

1027 1233 1088 1260 ρας,
1101 1225 1148 1251 καὶ
1163 1224 1214 1260 τῆς
1230 1225 1334 1260 τρίτης,
1352 1226 1397 1251 καὶ
1410 1224 1437 1250 εἴ
1447 1233 1489 1256 τις
1501 1224 1568 1260 ἄλλη
1584 1224 1648 1252 ἔστί.
1661 1223 1746 1250 Τοῦτο
1761 1224 1817 1260 γάρ

1026 1272 1085 1297 ἐστι
1102 1271 1194 1305 νόμος,
1216 1270 1254 1301 ὡς
1270 1269 1303 1296 ἂν
1319 1278 1361 1301 τις
1377 1269 1458 1302 εῐποι,
1474 1269 1522 1296 τοῦ
1539 1269 1725 1304 παραγωγέως
1748 1269 1818 1304 ἀμε-

1025 1314 1137 1346 τάθετὸς
1152 1323 1182 1341 τε
1194 1315 1240 1341 καὶ¹
1252 1314 1396 1350 εὔκοσμος,
1413 1315 1443 1342 τὸ
1458 1314 1493 1342 τά
1508 1315 1658 1350 πράγματα
1675 1315 1818 1350 συντηρεῖν

1026 1370 1056 1388 τε
1074 1362 1120 1388 καὶ
1134 1360 1255 1388 τελειοῦν
1277 1361 1323 1396 ἀφ’
1349 1360 1456 1393 ἑαυτοῦ,
1473 1362 1497 1387 ει
1513 1361 1559 1388 καὶ
1574 1361 1619 1389 διά
1635 1369 1716 1388 τινων
1729 1359 1818 1387 ἄλλων

1026 1412 1058 1438 τδ
1072 1411 1192 1438 τοιοῦτον
1204 1412 1249 1438 ὲπί
1262 1419 1316 1438 τισι
1331 1411 1448 1446 γίνεται.

193 1450 365 1479 adductionis
384 1451 561 1479 immutabilis
587 1457 615 1480 et
639 1454 707 1481 bene
732 1454 867 1490 ordinata,
893 1460 924 1483 ut
939 1456 974 1484 ab
990 1456 1051 1493 ipsa
1071 1465 1115 1486 res
1126 1463 1325 1486 conserventur
1346 1466 1380 1486 ac
1393 1457 1579 1493 perﬁciantur,
1592 1457 1645 1486 etsi
1672 1464 1722 1493 per
1747 1456 1819 1484 alias

193 1497 324 1531 quasdam
341 1498 366 1524 id
382 1498 409 1525 in
423 1498 488 1534 ipsis
501 1499 557 1526 liat.

231 1544 245 1580 ς
261 1543 293 1572 ll.
314 1544 522 1573 Manifestatorii
534 1551 624 1574 autem
637 1552 700 1575 sunt
713 1555 819 1581 omnes,
832 1548 914 1576 etiam
927 1547 975 1582 ipsi

1067 1545 1131 1583 §ll.
1158 1546 1364 1582 Ἑκφαντορικοὶ
1384 1546 1413 1573 δὲ
1436 1546 1536 1578 πάντες
1558 1546 1612 1573 εἰσὶ
1633 1547 1681 1573 καὶ
1704 1547 1818 1574 αὖτοὶοι

195 1590 295 1625 angeli,
309 1591 365 1618 sive
379 1592 447 1619 ordo
463 1597 633 1627 postremus;
646 1594 845 1628 progrediendo
857 1594 929 1621 enim
944 1595 978 1621 de

195 1637 263 1672 ipsis
278 1637 384 1673 angelis
405 1638 470 1666 solis
491 1638 622 1673 loquitur,
645 1640 725 1666 modo
743 1643 833 1666 autem
847 1640 929 1667 etiam
942 1639 978 1668 de

195 1683 282 1711 tribus
297 1683 450 1712 ordinibus.
463 1683 627 1720 lnterpretes
642 1685 734 1720 itaque
749 1691 811 1713 sunt
824 1693 918 1713 eorum
930 1687 977 1722 qui

194 1730 370 1763 praecedunt;
387 1730 565 1758 manifestam
580 1731 650 1758 enim
662 1739 711 1766 per
724 1731 792 1759 alios
810 1732 976 1760 voluntatem

196 1775 254 1808 Dei,
272 1776 411 1810 quaeipsis
425 1784 440 1803 a
453 1776 589 1811 prioribus
605 1782 664 1804 erat
679 1777 865 1812 manifestata,
891 1783 920 1806 et
935 1779 977 1805 his

195 1822 292 1849 iterum
305 1829 353 1857 per
363 1822 441 1849 alios.
456 1822 495 1850 Ac
514 1822 595 1858 primi
615 1823 722 1858 quidem
737 1824 896 1851 internuntii
912 1829 978 1852 sunt.

195 1866 310 1894 motoris
323 1867 362 1894 sui
381 1867 444 1900 Dei;
465 1873 610 1902 sequentes
625 1867 681 1902 99
703 1876 767 1896 vero
793 1877 860 1903 quos
873 1875 900 1896 et
913 1870 976 1897 reli-

193 1919 261 1947 quos
274 1918 353 1940 vocat
366 1913 484 1948 (scilicet
497 1914 563 1941 ordo
574 1914 720 1949 secundus)
738 1915 900 1950 interpretes
915 1921 979 1944 sunt.

194 1967 288 1987 eortnn
306 1960 351 1994 qui
364 1968 396 1987 ex
413 1960 468 1987 Deo
482 1960 548 1987 moti
563 1966 637 1988 sunt.
651 1961 738 1988 Habes
756 1961 849 1996 itaque
866 1967 920 1990 tres
933 1970 978 1989 or-

193 2006 272 2033 dines
284 2005 435 2033 cmlestium
456 2005 597 2033 virtutum.
614 2005 728 2033 Tantum
742 2012 832 2034 autem
846 2015 917 2034 cura:
929 2008 978 2034 fuit

194 2052 265 2078 bono
280 2052 347 2083 Deo,
363 2052 594 2087 superesseutiali,
616 2052 738 2087 inquam,
752 2053 929 2080 concinnitati
951 2059 979 2081 et

193 2097 282 2124 ordini
299 2097 447 2133 (principes
461 2098 533 2125 enirn
544 2105 610 2125 suos
622 2097 817 2126 Lacedmmonii
832 2100 979 2127 concinna-

194 2146 267 2169 tores
282 2141 463 2176 appellabant,
480 2146 609 2176 tanquam
633 2142 766 2176 quidlibet
783 2143 978 2170 concinnantes

194 2195 227 2215 ac
249 2188 420 2223 ordinantes)
446 2189 634 2215 universorum
657 2189 749 2223 itaque
769 2188 836 2222 Deo,
848 2190 906 2224 (qui
923 2196 977 2216 non

194 2233 306 2267 simplex
322 2233 500 2260 concinnator
514 2239 567 2266 est,
595 2235 642 2262 sed
666 2235 782 2269 ipsumet
804 2234 977 2262 concinnitas

193 2280 442 2314 superessentialis)
471 2286 544 2308 tanta
573 2288 638 2308 cura
660 2280 711 2307 fuit
727 2280 870 2316 cujuslibet
890 2287 976 2307 sacra:

193 2326 346 2354 cmlestium
361 2325 550 2358 ordinationis,
575 2330 604 2352 ut.
631 2330 659 2352 et
669 2325 792 2352 ordinem
809 2325 927 2352 habeant
949 2329 978 2352 et

195 2372 395 2402 adductionem,
408 2376 438 2398 ut
446 2379 494 2406 per
508 2371 614 2405 priores
625 2371 788 2405 posteriores
798 2371 975 2398 adducantur:

194 2417 324 2454 quoniam
342 2418 488 2452 unicuique
499 2417 658 2444 hierarcbia:
684 2423 740 2443 tres
761 2423 853 2444 sacros
868 2416 978 2443 ordines

195 2464 348 2492 constituit.
366 2463 452 2490 Habet
465 2464 538 2490 enim
553 2463 639 2498 prima
657 2463 779 2494 thronos.
796 2462 937 2489 cherubim
951 2466 978 2488 et.

194 2511 343 2545 seraphim,
360 2515 388 2537 et
405 2514 552 2544 sequentes
567 2508 625 2535 alia:
647 2507 772 2535 similiter
789 2508 934 2538 exsistunt,
949 2510 978 2533 et

195 2555 401 2590 distinguuntur
429 2554 455 2581 in
480 2555 583 2590 primas
606 2558 633 2581 et
656 2553 759 2580 medias
781 2558 809 2580 et
828 2557 980 2587 postremas

194 2599 318 2625 virtutes.
330 2599 370 2625 Ad
383 2599 439 2626 haec
450 2599 603 2631 considera,
618 2597 788 2625 minutiorem
798 2605 858 2625 esse
872 2597 978 2624 illarum

195 2644 438 2676 distributionem;
473 2644 601 2678 quoniam
628 2644 725 2671 iterum
759 2650 978 2678 unamquamque

194 2690 371 2724 peculiariter
392 2690 598 2724 dispositionem
623 2689 735 2716 abusive
758 2689 976 2716 distributionem

195 2736 357 2770 appellavit;
372 2736 429 2762 sive
444 2743 666 2769 unumquemque
690 2735 812 2762 ordinem
834 2734 978 2769 cujuslibet

196 2783 258 2809 irini
274 2783 380 2810 ordinis
403 2782 497 2810 iisdem
518 2782 702 2816 congruentiis
713 2781 907 2815 ordinibusque
923 2781 978 2808 dis-

196 2829 284 2856 tinxit.
311 2827 367 2856 Hoc
390 2833 481 2856 autem
504 2833 615 2856 sanctus
635 2828 744 2861 asserit,
765 2828 975 2855 deinoustratio-

1027 1597 1146 1632 ἄγγελοι,
1159 1598 1241 1634 ἡγουν
1253 1597 1270 1632 ή
1281 1597 1384 1632 ἐσχάτη
1393 1596 1478 1629 τάξις·
1491 1595 1667 1632 παρακατιὼν
1677 1596 1732 1632 γάρ
1744 1597 1819 1631 λέγει

1027 1643 1090 1678 περὶ
1106 1643 1196 1670 αὐτῶν
1214 1643 1301 1678 μόνων
1317 1641 1372 1669 τῶν
1394 1641 1527 1676 ἀγγέλων,
1552 1641 1599 1668 νῦν
1622 1641 1651 1668 δὲ
1678 1642 1744 1678 περὶ
1761 1643 1818 1670 τῶν

1027 1688 1113 1724 τριῶν
1130 1697 1196 1723 φησι
1212 1688 1325 1720 τάξεων.
1345 1687 1550 1723 Έκφαντορικοὶ
1560 1687 1624 1721 γοῦν
1636 1686 1691 1714 τῶν
1706 1688 1759 1723 πρὸ
1771 1689 1820 1715 αὐ-

1026 1734 1080 1761 τῶν
1089 1743 1095 1749 ⁸
1114 1734 1270 1768 ἐκφαίνουσι
1283 1733 1337 1769 γὰρ
1347 1733 1378 1760 τὸ
1393 1733 1438 1760 διὰ
1452 1733 1506 1759 τῶν
1518 1733 1571 1769 πρὸ
1585 1732 1686 1760 τούτων
1698 1733 1818 1768 ὲκφανὲν

1028 1780 1110 1808 πάλιν
1126 1780 1240 1812 ἐκείνοις
1255 1780 1288 1806 δι’
1302 1780 1399 1813 ἄλλων,
1416 1781 1462 1806 καὶ
1474 1779 1578 1811 τούτοις
1590 1779 1624 1805 δι’
1640 1778 1739 1811 ἄλλων,
1754 1779 1818 1814 βού-

1027 1825 1101 1861 λημα
1114 1825 1161 1852 τοῦ
1178 1825 1256 1852 Θεοῦ.
1271 1826 1327 1852 Καὶ
1343 1826 1367 1852 οἱ
1385 1825 1434 1860 μὲν
1446 1825 1550 1861 πρῶτοι
1565 1826 1598 1860 τῇ
1614 1824 1699 1857 τάξει,
1717 1825 1819 1860 ἐκφαν-

1026 1872 1131 1907 τορικοὶ
1149 1872 1196 1898 τοῦ
1222 1871 1360 1902 κινοῦντος
1374 1871 1488 1903 τούτους
1503 1869 1586 1897 Θεοῦ’
1603 1871 1628 1896 οἱ
1643 1870 1671 1897 δὲ
1691 1870 1749 1906 μετ’
1766 1870 1819 1897 αὑ-

1027 1917 1099 1948 τοὺς,
1115 1916 1160 1948 οὒς
1172 1916 1245 1950 λέγει
1263 1917 1310 1943 καὶ
1329 1916 1439 1948 λοιποὺς
1458 1915 1557 1951 (ηγουν
1567 1917 1584 1951 ὴ
1595 1915 1709 1950 δευτέρα
1724 1915 1819 1950 τάξις)

1027 1963 1128 1989 τούτων
1149 1963 1181 1998 δὴ
1203 1962 1257 1989 τῶν
1274 1963 1307 1988 ὲκ
1323 1961 1390 1988 Θεοῦ
1410 1961 1594 1997 κεκινημένων
1616 1961 1818 1996 ὲκφαντορικοί.

1030 2009 1121 2043 Ἔχεις
1136 2007 1279 2043 τοιγαροῦν
1297 2007 1347 2038 τάς
1363 2008 1438 2042 τρεῖς
1448 2005 1538 2038 τάξεις
1553 2006 1607 2033 τῶν
1620 2007 1751 2043 οὐρανίων
1769 2007 1818 2033 δυ-

1027 2054 1146 2089 νάμεων.
1163 2052 1295 2080 Τοσοῦτον
1317 2051 1346 2078 δὲ
1369 2051 1487 2086 ἐμέλησε
1509 2050 1549 2086 τῷ
1572 2051 1666 2086 ἀγαθῷ
1688 2050 1757 2086 Θεῷ,
1783 2052 1818 2087 τῇ

1029 2099 1182 2136 ὑπερουσίῳ
1197 2098 1268 2132 λέγω
1283 2097 1399 2133 ἁρμονίᾳ.
1415 2097 1461 2123 καὶ
1475 2096 1550 2130 τάξει
1568 2096 1723 2132 (ἁρμοστὰς
1741 2096 1797 2132 γὰρ
1807 2116 1816 2129 ,

1028 2143 1090 2174 τοὺς
1106 2142 1238 2178 ἄρχοντας
1253 2142 1278 2168 οι
1292 2141 1496 2176 Λακεδαιμόνιοι
1513 2140 1613 2174 ελεγον,
1630 2141 1667 2172 ὡς
1683 2140 1819 2176 ἁρμόζον-

1028 2197 1078 2219 τας
1102 2189 1148 2214 καὶ
1170 2188 1315 2218 τάττοντας
1338 2185 1472 2221 ἓκαστον)·
1499 2185 1538 2221 τῷ
1560 2185 1626 2220 γοῦν
1645 2186 1691 2212 ὲπὶ
1709 2187 1819 2213 πάντων

993 2227 1015 2254 Ι)
1028 2233 1097 2268 Θεῷ,
1123 2233 1174 2269 (τῷ
1197 2233 1235 2269 μὴ
1257 2232 1350 2264 ἁπλῶς
1371 2233 1505 2268 ἁρμοστῇ,
1527 2231 1595 2258 ἀλλὰ
1615 2233 1648 2267 τῇ
1665 2232 1819 2268 ὑπερουσίῳ

1029 2278 1207 2314 αὑθαρμονῐᾳ)
1238 2277 1364 2304 τοσοῦτον
1391 2277 1507 2313 ἐμέλησε
1528 2277 1578 2312 τῆς
1604 2277 1679 2312 ἱερᾶς
1701 2278 1817 2304 ἑκάστου

1027 2325 1082 2351 τῶν
1103 2324 1234 2360 οὐρανίων
1249 2323 1404 2358 εὐκοσμίας,
1421 2322 1511 2353 καθὼς
1527 2322 1619 2357 ἔχουσι
1634 2321 1748 2354 τάξεως,
1771 2323 1818 2349 καὶ

1028 2368 1181 2403 ἀναγωγῆς,
1203 2367 1292 2399 καθὼς
1315 2366 1457 2400 ἀνάγονται
1480 2365 1524 2392 διὰ
1544 2366 1598 2392 τῶν
1622 2366 1764 2402 προτέρων
1783 2366 1819 2393 τὰ

1030 2414 1144 2449 ὕστερα·
1159 2414 1201 2440 ὅτι
1218 2413 1265 2440 καὶ
1282 2414 1331 2449 μιᾷ.
1341 2413 1441 2447 ἑκάστῃ
1460 2411 1586 2447 ἱεραρχίᾳ
1601 2413 1675 2448 τρεῖς
1687 2411 1762 2447 ἱεράς
1773 2412 1818 2439 τάρ

1029 2459 1084 2493 ξεις
1104 2459 1188 2485 ἔθετο.
1209 2459 1284 2494 Ἔχει
1307 2458 1361 2493 γὰρ
1377 2458 1394 2493 ἡ
1411 2457 1505 2494 πρώτη
1531 2457 1651 2493 θρόνους,
1674 2458 1815 2493 χερουόὶμ,

1027 2507 1073 2533 καὶ
1090 2506 1226 2542 σεραφίμ’
1249 2505 1295 2532 καὶ
1315 2504 1432 2539 καθεξῆς
1453 2505 1480 2530 αἱ
1499 2503 1576 2530 ἄλλαι
1591 2503 1676 2535 οὕτως
1690 2504 1752 2535 είσὶ,
1770 2505 1817 2531 καὶ

1028 2551 1192 2588 διαιροῦνται
1215 2551 1255 2583 εἰς
1280 2551 1390 2586 πρώτας
1415 2551 1461 2578 καὶ
1485 2550 1571 2586 μέσας
1593 2551 1639 2578 καὶ
1660 2550 1817 2582 τελευταίας

1029 2598 1165 2633 δυνάμεις.
1185 2597 1240 2623 Καὶ
1250 2596 1290 2623 ἔτι
1305 2596 1359 2622 νόει
1375 2595 1536 2630 λεπτοτέραν
1546 2596 1594 2631 τὴν
1604 2595 1750 2630 εὐκοσμίαν
1767 2596 1817 2622 αὐ-

1029 2644 1094 2675 τῶν,
1111 2644 1152 2670 ὅτι
1175 2643 1255 2670 πάλιν
1284 2643 1346 2678 μίαν
1370 2642 1488 2678 ἑκάστην
1510 2642 1601 2674 ίδικῶς
1625 2642 1815 2676 διακόσμησιν,

1030 2690 1253 2725 καταχρηστικῶς
1263 2686 1322 2714 εἷπε
1333 2688 1363 2714 τὸ
1374 2687 1562 2723 διακόσμησιν,
1574 2687 1654 2723 ἤγουν
1663 2687 1691 2713 ἓν
1701 2687 1815 2713 ἕκαστον

1028 2737 1121 2771 τάγμα
1134 2736 1183 2770 τῆς
1196 2736 1260 2770 μιᾶς
1271 2734 1408 2772 τριαδικῆς
1419 2733 1530 2766 τάξεως,
1547 2734 1607 2764 ταῖς
1622 2733 1715 2764 αὐταῖς
1725 2731 1816 2768 διεχώ-

1031 2790 1106 2817 ρισεν
1119 2781 1262 2816 ἁρμονίαις
1275 2781 1320 2807 καὶ
1336 2779 1504 2814 εὐκοσμίαις.
1520 2778 1604 2805 Τοῦτο
1620 2778 1648 2804 δὲ
1663 2777 1735 2812 λέγει
1751 2778 1766 2804 ὁ
1782 2777 1814 2804 ἆ-

1002 2840 1006 2845 -
1029 2835 1096 2860 γιος.
1119 2826 1262 2861 λαμϐανων
1287 2827 1335 2861 τὴν
1355 2824 1490 2858 ἀπόδειξιν
1509 2825 1541 2851 ἐκ
1559 2824 1608 2859 τῆς
1630 2823 1677 2850 τοῦ
1703 2824 1813 2850 Ἡσαΐου
