  <div class='ocr_page' id='page_1' title='image "/cluster/home/n/w/nwhite01/storage/ocr_20150623/3/njp.32101077772356/164.png"; bbox 0 0 1933 3075; ppageno 0'>
   <div class='ocr_carea' id='block_1_1' title="bbox 111 130 163 158">
    <p class='ocr_par' dir='ltr' id='par_1_1' title="bbox 111 130 163 158">
     <span class='ocr_line' id='line_1_1' title="bbox 111 130 163 158; baseline 0 0"><span class='ocrx_word' id='word_1_1' title='bbox 111 130 163 158; x_wconf 66' lang='grc' dir='ltr'><strong>εει</strong></span> 
     </span>
    </p>
   </div>
   <div class='ocr_carea' id='block_1_2' title="bbox 367 133 1482 173">
    <p class='ocr_par' dir='ltr' id='par_1_2' title="bbox 367 133 1482 173">
     <span class='ocr_line' id='line_1_2' title="bbox 367 133 1482 173; baseline 0.011 -12"><span class='ocrx_word' id='word_1_2' title='bbox 367 133 412 161; x_wconf 87' lang='lat' dir='ltr'><strong>DE</strong></span> <span class='ocrx_word' id='word_1_3' title='bbox 429 134 591 163; x_wconf 75' lang='lat' dir='ltr'><strong>C(ELESTI</strong></span> <span class='ocrx_word' id='word_1_4' title='bbox 608 136 833 169; x_wconf 67' lang='lat' dir='ltr'><strong>HIERARCHIA,</strong></span> <span class='ocrx_word' id='word_1_5' title='bbox 851 138 928 166; x_wconf 73' lang='lat' dir='ltr'><strong>CAP.</strong></span> <span class='ocrx_word' id='word_1_6' title='bbox 949 139 981 167; x_wconf 82' lang='lat' dir='ltr'><strong>X.</strong></span> <span class='ocrx_word' id='word_1_7' title='bbox 999 155 1034 160; x_wconf 87' lang='lat'><strong>—-</strong></span> <span class='ocrx_word' id='word_1_8' title='bbox 1050 139 1225 170; x_wconf 78' lang='lat' dir='ltr'><strong>PABAPHR.</strong></span> <span class='ocrx_word' id='word_1_9' title='bbox 1244 143 1482 173; x_wconf 62' lang='lat' dir='ltr'><strong>PACHYHERE.</strong></span> 
     </span>
    </p>
   </div>
   <div class='ocr_carea' id='block_1_3' title="bbox 1688 149 1742 176">
    <p class='ocr_par' dir='ltr' id='par_1_3' title="bbox 1688 149 1742 176">
     <span class='ocr_line' id='line_1_3' title="bbox 1688 149 1742 176; baseline 0 0"><span class='ocrx_word' id='word_1_10' title='bbox 1688 149 1742 176; x_wconf 68' lang='lat'><strong>28‘!</strong></span> 
     </span>
    </p>
   </div>
   <div class='ocr_carea' id='block_1_4' title="bbox 112 188 897 238">
    <p class='ocr_par' dir='ltr' id='par_1_4' title="bbox 112 188 897 238">
     <span class='ocr_line' id='line_1_4' title="bbox 112 188 897 238; baseline 0.009 -23"><span class='ocrx_word' id='word_1_11' title='bbox 112 188 297 238; x_wconf 44' lang='grc' dir='ltr'><strong>προφητείας⁸</strong></span> <span class='ocrx_word' id='word_1_12' title='bbox 311 190 336 217; x_wconf 79' lang='grc' dir='ltr'>οι</span> <span class='ocrx_word' id='word_1_13' title='bbox 355 191 410 226; x_wconf 83' lang='grc' dir='ltr'>γὰρ</span> <span class='ocrx_word' id='word_1_14' title='bbox 425 191 558 220; x_wconf 75' lang='grc' dir='ltr'>θειάτατοι</span> <span class='ocrx_word' id='word_1_15' title='bbox 579 195 699 230; x_wconf 77' lang='grc' dir='ltr'>σεραφὶμ</span> <span class='ocrx_word' id='word_1_16' title='bbox 724 195 816 231; x_wconf 69' lang='grc' dir='ltr'>ἔτερος</span> <span class='ocrx_word' id='word_1_17' title='bbox 837 196 897 231; x_wconf 65' lang='grc' dir='ltr'>πρὸς</span> 
     </span>
    </p>
   </div>
   <div class='ocr_carea' id='block_1_5' title="bbox 949 188 1742 238">
    <p class='ocr_par' dir='ltr' id='par_1_5' title="bbox 957 199 1742 238">
     <span class='ocr_line' id='line_1_5' title="bbox 957 199 1742 238; baseline 0.015 -16"><span class='ocrx_word' id='word_1_18' title='bbox 957 204 1017 224; x_wconf 84' lang='lat' dir='ltr'><strong>nem</strong></span> <span class='ocrx_word' id='word_1_19' title='bbox 1033 199 1180 226; x_wconf 82' lang='lat' dir='ltr'><strong>mutuando</strong></span> <span class='ocrx_word' id='word_1_20' title='bbox 1195 207 1226 226; x_wconf 81' lang='lat' dir='ltr'><strong>ex</strong></span> <span class='ocrx_word' id='word_1_21' title='bbox 1242 201 1382 234; x_wconf 77' lang='lat' dir='ltr'><strong>prophetia</strong></span> <span class='ocrx_word' id='word_1_22' title='bbox 1395 202 1470 229; x_wconf 76' lang='lat' dir='ltr'><strong>Isaia:</strong></span> <span class='ocrx_word' id='word_1_23' title='bbox 1482 211 1488 234; x_wconf 84' lang='grc'>;</span> <span class='ocrx_word' id='word_1_24' title='bbox 1501 205 1629 238; x_wconf 86' lang='lat' dir='ltr'><strong>quoniam</strong></span> <span class='ocrx_word' id='word_1_25' title='bbox 1646 205 1682 233; x_wconf 89' lang='lat' dir='ltr'><strong>ibi</strong></span> <span class='ocrx_word' id='word_1_26' title='bbox 1699 207 1742 233; x_wconf 88' lang='lat' dir='ltr'><strong>di-</strong></span> 
     </span>
    </p>
   </div>
   <div class='ocr_carea' id='block_1_6' title="bbox 110 234 901 278">
    <p class='ocr_par' dir='ltr' id='par_1_6' title="bbox 110 234 901 278">
     <span class='ocr_line' id='line_1_6' title="bbox 110 234 901 278; baseline 0.014 -19"><span class='ocrx_word' id='word_1_27' title='bbox 110 234 158 260; x_wconf 74' lang='grc' dir='ltr'>τὸν</span> <span class='ocrx_word' id='word_1_28' title='bbox 182 236 274 270; x_wconf 81' lang='grc' dir='ltr'>ἕτερον</span> <span class='ocrx_word' id='word_1_29' title='bbox 291 237 387 272; x_wconf 77' lang='grc' dir='ltr'><strong>κράζει</strong></span> <span class='ocrx_word' id='word_1_30' title='bbox 403 239 453 274; x_wconf 82' lang='grc' dir='ltr'>τὴν</span> <span class='ocrx_word' id='word_1_31' title='bbox 468 239 677 268; x_wconf 79' lang='grc' dir='ltr'><strong>ἀκατάπαυστον</strong></span> <span class='ocrx_word' id='word_1_32' title='bbox 700 242 806 277; x_wconf 80' lang='grc' dir='ltr'>ἐκείνην</span> <span class='ocrx_word' id='word_1_33' title='bbox 823 243 901 278; x_wconf 84' lang='grc' dir='ltr'>ὑμνο-</span> 
     </span>
    </p>
   </div>
   <div class='ocr_carea' id='block_1_7' title="bbox 111 280 900 326">
    <p class='ocr_par' dir='ltr' id='par_1_7' title="bbox 111 280 900 326">
     <span class='ocr_line' id='line_1_7' title="bbox 111 280 900 326; baseline 0.014 -20"><span class='ocrx_word' id='word_1_34' title='bbox 111 280 214 316; x_wconf 90' lang='grc' dir='ltr'>λογίαν,</span> <span class='ocrx_word' id='word_1_35' title='bbox 231 283 374 318; x_wconf 81' lang='grc' dir='ltr'><strong>δηλοῦντος</strong></span> <span class='ocrx_word' id='word_1_36' title='bbox 390 286 514 326; x_wconf 72' lang='grc' dir='ltr'>ἐντεῦθεν</span> <span class='ocrx_word' id='word_1_37' title='bbox 530 287 577 315; x_wconf 85' lang='grc' dir='ltr'>τοῦ</span> <span class='ocrx_word' id='word_1_38' title='bbox 593 288 683 322; x_wconf 86' lang='grc' dir='ltr'>λόγου,</span> <span class='ocrx_word' id='word_1_39' title='bbox 696 289 736 316; x_wconf 84' lang='grc' dir='ltr'>ὃτι</span> <span class='ocrx_word' id='word_1_40' title='bbox 752 290 799 316; x_wconf 72' lang='grc' dir='ltr'>καὶ</span> <span class='ocrx_word' id='word_1_41' title='bbox 811 289 900 317; x_wconf 80' lang='grc' dir='ltr'>αὐτῶν</span> 
     </span>
    </p>
   </div>
   <div class='ocr_carea' id='block_1_8' title="bbox 109 327 901 373">
    <p class='ocr_par' dir='ltr' id='par_1_8' title="bbox 109 327 901 373">
     <span class='ocr_line' id='line_1_8' title="bbox 109 327 901 373; baseline 0.014 -20"><span class='ocrx_word' id='word_1_42' title='bbox 109 327 167 354; x_wconf 84' lang='grc' dir='ltr'><strong>τῶν</strong></span> <span class='ocrx_word' id='word_1_43' title='bbox 191 327 352 363; x_wconf 87' lang='grc' dir='ltr'>θεολογικῶν</span> <span class='ocrx_word' id='word_1_44' title='bbox 378 331 504 365; x_wconf 86' lang='grc' dir='ltr'>γνώσεων</span> <span class='ocrx_word' id='word_1_45' title='bbox 520 334 544 360; x_wconf 80' lang='grc' dir='ltr'>οἱ</span> <span class='ocrx_word' id='word_1_46' title='bbox 561 334 664 370; x_wconf 82' lang='grc' dir='ltr'>πρῶτοι</span> <span class='ocrx_word' id='word_1_47' title='bbox 684 337 741 368; x_wconf 88' lang='grc' dir='ltr'>τοῖς</span> <span class='ocrx_word' id='word_1_48' title='bbox 764 335 901 373; x_wconf 80' lang='grc' dir='ltr'><strong>δευτέροις</strong></span> 
     </span>
    </p>
   </div>
   <div class='ocr_carea' id='block_1_9' title="bbox 113 375 901 418">
    <p class='ocr_par' dir='ltr' id='par_1_9' title="bbox 113 375 901 418">
     <span class='ocr_line' id='line_1_9' title="bbox 113 375 901 418; baseline 0.011 -17"><span class='ocrx_word' id='word_1_49' title='bbox 113 375 292 410; x_wconf 79' lang='grc' dir='ltr'><strong>μεταδιδόασι.</strong></span> <span class='ocrx_word' id='word_1_50' title='bbox 319 378 482 417; x_wconf 75' lang='grc' dir='ltr'>Θεολογικὴν</span> <span class='ocrx_word' id='word_1_51' title='bbox 507 381 539 417; x_wconf 88' lang='grc' dir='ltr'>δὴ</span> <span class='ocrx_word' id='word_1_52' title='bbox 564 381 664 416; x_wconf 84' lang='grc' dir='ltr'>γνῶσιν</span> <span class='ocrx_word' id='word_1_53' title='bbox 687 383 732 409; x_wconf 85' lang='grc' dir='ltr'><strong>τὸν</strong></span> <span class='ocrx_word' id='word_1_54' title='bbox 759 384 901 418; x_wconf 80' lang='grc' dir='ltr'>τρισάγιον</span> 
     </span>
    </p>
   </div>
   <div class='ocr_carea' id='block_1_10' title="bbox 111 420 901 463">
    <p class='ocr_par' dir='ltr' id='par_1_10' title="bbox 111 420 901 463">
     <span class='ocr_line' id='line_1_10' title="bbox 111 420 901 463; baseline 0.01 -16"><span class='ocrx_word' id='word_1_55' title='bbox 111 420 197 456; x_wconf 81' lang='grc' dir='ltr'>ὕμνον</span> <span class='ocrx_word' id='word_1_56' title='bbox 213 422 286 457; x_wconf 84' lang='grc' dir='ltr'><strong>λέγει</strong></span> <span class='ocrx_word' id='word_1_57' title='bbox 296 433 302 439; x_wconf 92' lang='grc'><strong>·</strong></span> <span class='ocrx_word' id='word_1_58' title='bbox 321 426 367 452; x_wconf 78' lang='grc' dir='ltr'>καὶ</span> <span class='ocrx_word' id='word_1_59' title='bbox 379 425 433 462; x_wconf 84' lang='grc' dir='ltr'><strong>γὰρ</strong></span> <span class='ocrx_word' id='word_1_60' title='bbox 442 426 492 458; x_wconf 84' lang='grc' dir='ltr'>τὰς</span> <span class='ocrx_word' id='word_1_61' title='bbox 499 429 574 463; x_wconf 79' lang='grc' dir='ltr'>τρεῖς</span> <span class='ocrx_word' id='word_1_62' title='bbox 584 428 848 462; x_wconf 81' lang='grc' dir='ltr'>ἀγίαςὙποστάσεις</span> <span class='ocrx_word' id='word_1_63' title='bbox 861 430 901 461; x_wconf 73' lang='grc' dir='ltr'>εἷς</span> 
     </span>
    </p>
   </div>
   <div class='ocr_carea' id='block_1_11' title="bbox 112 467 902 509">
    <p class='ocr_par' dir='ltr' id='par_1_11' title="bbox 112 467 902 509">
     <span class='ocr_line' id='line_1_11' title="bbox 112 467 902 509; baseline 0.01 -16"><span class='ocrx_word' id='word_1_64' title='bbox 112 467 178 502; x_wconf 79' lang='grc' dir='ltr'>μίαν</span> <span class='ocrx_word' id='word_1_65' title='bbox 195 470 343 506; x_wconf 84' lang='grc' dir='ltr'><strong>κυριότητα</strong></span> <span class='ocrx_word' id='word_1_66' title='bbox 356 471 403 498; x_wconf 73' lang='grc' dir='ltr'>καὶ</span> <span class='ocrx_word' id='word_1_67' title='bbox 410 472 530 508; x_wconf 85' lang='grc' dir='ltr'>Θεότητα</span> <span class='ocrx_word' id='word_1_68' title='bbox 541 473 692 505; x_wconf 82' lang='grc' dir='ltr'>συνιούσας,</span> <span class='ocrx_word' id='word_1_69' title='bbox 704 474 823 501; x_wconf 84' lang='grc' dir='ltr'>κάκεῖνοι</span> <span class='ocrx_word' id='word_1_70' title='bbox 835 474 902 509; x_wconf 77' lang='grc' dir='ltr'><strong>ἔμα-</strong></span> 
     </span>
    </p>
   </div>
   <div class='ocr_carea' id='block_1_12' title="bbox 110 513 688 554">
    <p class='ocr_par' dir='ltr' id='par_1_12' title="bbox 110 513 688 554">
     <span class='ocr_line' id='line_1_12' title="bbox 110 513 688 554; baseline 0.012 -15"><span class='ocrx_word' id='word_1_71' title='bbox 110 513 168 546; x_wconf 81' lang='grc' dir='ltr'>θον,</span> <span class='ocrx_word' id='word_1_72' title='bbox 183 514 229 541; x_wconf 80' lang='grc' dir='ltr'>καὶ</span> <span class='ocrx_word' id='word_1_73' title='bbox 240 516 321 551; x_wconf 79' lang='grc' dir='ltr'>ἡμεῖς</span> <span class='ocrx_word' id='word_1_74' title='bbox 332 516 364 542; x_wconf 80' lang='grc' dir='ltr'>δι’</span> <span class='ocrx_word' id='word_1_75' title='bbox 381 516 492 544; x_wconf 79' lang='grc' dir='ltr'>ἐκείνων</span> <span class='ocrx_word' id='word_1_76' title='bbox 509 517 688 554; x_wconf 85' lang='grc' dir='ltr'>μανθάνομεν.</span> 
     </span>
    </p>
   </div>
   <div class='ocr_carea' id='block_1_13' title="bbox 148 607 901 650">
    <p class='ocr_par' dir='ltr' id='par_1_13' title="bbox 148 607 901 650">
     <span class='ocr_line' id='line_1_13' title="bbox 148 607 901 650; baseline 0.011 -16"><span class='ocrx_word' id='word_1_77' title='bbox 148 607 162 643; x_wconf 70' lang='grc' dir='ltr'><strong>ς</strong></span> <span class='ocrx_word' id='word_1_78' title='bbox 183 607 224 634; x_wconf 85' lang='grc' dir='ltr'><strong>ΙΙΙ.</strong></span> <span class='ocrx_word' id='word_1_79' title='bbox 246 609 306 636; x_wconf 84' lang='grc' dir='ltr'>Ἔτι</span> <span class='ocrx_word' id='word_1_80' title='bbox 331 611 491 647; x_wconf 87' lang='grc' dir='ltr'>προστίθησι</span> <span class='ocrx_word' id='word_1_81' title='bbox 516 613 562 640; x_wconf 81' lang='grc' dir='ltr'><strong>καὶ</strong></span> <span class='ocrx_word' id='word_1_82' title='bbox 581 613 745 650; x_wconf 79' lang='grc' dir='ltr'>λεπτοτέραν</span> <span class='ocrx_word' id='word_1_83' title='bbox 764 614 901 648; x_wconf 77' lang='grc' dir='ltr'>ἀπόδειξιν</span> 
     </span>
    </p>
   </div>
   <div class='ocr_carea' id='block_1_14' title="bbox 109 652 899 695">
    <p class='ocr_par' dir='ltr' id='par_1_14' title="bbox 109 652 899 695">
     <span class='ocr_line' id='line_1_14' title="bbox 109 652 899 695; baseline 0.01 -17"><span class='ocrx_word' id='word_1_84' title='bbox 109 652 162 688; x_wconf 84' lang='grc' dir='ltr'>τῆς</span> <span class='ocrx_word' id='word_1_85' title='bbox 178 654 310 681; x_wconf 81' lang='grc' dir='ltr'>εὐτάκτου</span> <span class='ocrx_word' id='word_1_86' title='bbox 326 656 372 683; x_wconf 78' lang='grc' dir='ltr'><strong>ἐπὶ</strong></span> <span class='ocrx_word' id='word_1_87' title='bbox 388 658 456 683; x_wconf 80' lang='grc' dir='ltr'>πᾶσι</span> <span class='ocrx_word' id='word_1_88' title='bbox 472 659 673 692; x_wconf 84' lang='grc' dir='ltr'><strong>καταστάσεως,</strong></span> <span class='ocrx_word' id='word_1_89' title='bbox 687 659 733 686; x_wconf 87' lang='grc' dir='ltr'><strong>καί</strong></span> <span class='ocrx_word' id='word_1_90' title='bbox 746 669 838 695; x_wconf 84' lang='grc' dir='ltr'>φησιν,</span> <span class='ocrx_word' id='word_1_91' title='bbox 856 661 899 688; x_wconf 80' lang='grc' dir='ltr'>ὅτι</span> 
     </span>
    </p>
   </div>
   <div class='ocr_carea' id='block_1_15' title="bbox 111 700 902 742">
    <p class='ocr_par' dir='ltr' id='par_1_15' title="bbox 111 700 902 742">
     <span class='ocr_line' id='line_1_15' title="bbox 111 700 902 742; baseline 0.013 -18"><span class='ocrx_word' id='word_1_92' title='bbox 111 700 158 725; x_wconf 79' lang='grc' dir='ltr'>καὶ</span> <span class='ocrx_word' id='word_1_93' title='bbox 179 700 240 726; x_wconf 82' lang='grc' dir='ltr'>καθ’</span> <span class='ocrx_word' id='word_1_94' title='bbox 255 700 336 728; x_wconf 88' lang='grc' dir='ltr'>αὐτὸν</span> <span class='ocrx_word' id='word_1_95' title='bbox 353 703 468 736; x_wconf 71' lang='grc' dir='ltr'>ἕκαστος</span> <span class='ocrx_word' id='word_1_96' title='bbox 482 705 606 740; x_wconf 83' lang='grc' dir='ltr'>οὐράνιός</span> <span class='ocrx_word' id='word_1_97' title='bbox 621 714 652 732; x_wconf 85' lang='grc' dir='ltr'><strong>τε</strong></span> <span class='ocrx_word' id='word_1_98' title='bbox 669 707 715 733; x_wconf 78' lang='grc' dir='ltr'>καὶ</span> <span class='ocrx_word' id='word_1_99' title='bbox 733 706 902 742; x_wconf 82' lang='grc' dir='ltr'>ἀνθρώπινος</span> 
     </span>
    </p>
   </div>
   <div class='ocr_carea' id='block_1_16' title="bbox 109 744 902 786">
    <p class='ocr_par' dir='ltr' id='par_1_16' title="bbox 109 744 902 786">
     <span class='ocr_line' id='line_1_16' title="bbox 109 744 902 786; baseline 0.01 -16"><span class='ocrx_word' id='word_1_100' title='bbox 109 744 174 776; x_wconf 82' lang='grc' dir='ltr'>νοῦς</span> <span class='ocrx_word' id='word_1_101' title='bbox 186 745 272 778; x_wconf 83' lang='grc' dir='ltr'>ἰδικὰς</span> <span class='ocrx_word' id='word_1_102' title='bbox 283 746 339 782; x_wconf 76' lang='grc' dir='ltr'>ἔχει</span> <span class='ocrx_word' id='word_1_103' title='bbox 353 748 463 784; x_wconf 84' lang='grc' dir='ltr'>πρώτας</span> <span class='ocrx_word' id='word_1_104' title='bbox 478 751 523 776; x_wconf 80' lang='grc' dir='ltr'>καὶ</span> <span class='ocrx_word' id='word_1_105' title='bbox 538 751 622 786; x_wconf 82' lang='grc' dir='ltr'>μέσας</span> <span class='ocrx_word' id='word_1_106' title='bbox 634 751 681 778; x_wconf 73' lang='grc' dir='ltr'>καὶ</span> <span class='ocrx_word' id='word_1_107' title='bbox 695 751 850 784; x_wconf 83' lang='grc' dir='ltr'>τελευταίας</span> <span class='ocrx_word' id='word_1_108' title='bbox 861 753 902 780; x_wconf 85' lang='grc' dir='ltr'>δυ-</span> 
     </span>
    </p>
   </div>
   <div class='ocr_carea' id='block_1_17' title="bbox 109 789 900 832">
    <p class='ocr_par' dir='ltr' id='par_1_17' title="bbox 109 789 900 832">
     <span class='ocr_line' id='line_1_17' title="bbox 109 789 900 832; baseline 0.011 -16"><span class='ocrx_word' id='word_1_109' title='bbox 109 789 209 825; x_wconf 80' lang='grc' dir='ltr'>νάμεις</span> <span class='ocrx_word' id='word_1_110' title='bbox 222 792 290 828; x_wconf 85' lang='grc' dir='ltr'>πρὸς</span> <span class='ocrx_word' id='word_1_111' title='bbox 306 792 355 825; x_wconf 85' lang='grc' dir='ltr'><strong>τὰς</strong></span> <span class='ocrx_word' id='word_1_112' title='bbox 368 795 514 830; x_wconf 72' lang='grc' dir='ltr'>εἰρημένας</span> <span class='ocrx_word' id='word_1_113' title='bbox 531 796 674 830; x_wconf 65' lang='grc' dir='ltr'>ἀνατωγὰς</span> <span class='ocrx_word' id='word_1_114' title='bbox 687 797 733 823; x_wconf 73' lang='grc' dir='ltr'><strong>καὶ</strong></span> <span class='ocrx_word' id='word_1_115' title='bbox 746 798 900 832; x_wconf 76' lang='grc' dir='ltr'>ὲκφάνσεις·</span> 
     </span>
    </p>
   </div>
   <div class='ocr_carea' id='block_1_18' title="bbox 111 836 899 878">
    <p class='ocr_par' dir='ltr' id='par_1_18' title="bbox 111 836 899 878">
     <span class='ocr_line' id='line_1_18' title="bbox 111 836 899 878; baseline 0.009 -15"><span class='ocrx_word' id='word_1_116' title='bbox 111 836 166 863; x_wconf 79' lang='grc' dir='ltr'>νόει</span> <span class='ocrx_word' id='word_1_117' title='bbox 182 838 211 864; x_wconf 83' lang='grc' dir='ltr'>δὲ</span> <span class='ocrx_word' id='word_1_118' title='bbox 227 839 276 874; x_wconf 82' lang='grc' dir='ltr'>τὴν</span> <span class='ocrx_word' id='word_1_119' title='bbox 292 839 433 875; x_wconf 81' lang='grc' dir='ltr'>κάθαρσιν,</span> <span class='ocrx_word' id='word_1_120' title='bbox 457 841 502 868; x_wconf 89' lang='grc' dir='ltr'><strong>τὺν</strong></span> <span class='ocrx_word' id='word_1_121' title='bbox 519 842 668 877; x_wconf 78' lang='grc' dir='ltr'>φωτισμὸν,</span> <span class='ocrx_word' id='word_1_122' title='bbox 684 842 734 878; x_wconf 80' lang='grc' dir='ltr'>τὴν</span> <span class='ocrx_word' id='word_1_123' title='bbox 747 843 883 870; x_wconf 83' lang='grc' dir='ltr'>τελείωσιν</span> <span class='ocrx_word' id='word_1_124' title='bbox 893 852 899 858; x_wconf 93' lang='grc'><strong>·</strong></span> 
     </span>
    </p>
   </div>
   <div class='ocr_carea' id='block_1_19' title="bbox 108 883 904 923">
    <p class='ocr_par' dir='ltr' id='par_1_19' title="bbox 108 883 904 923">
     <span class='ocr_line' id='line_1_19' title="bbox 108 883 904 923; baseline 0.009 -14"><span class='ocrx_word' id='word_1_125' title='bbox 108 883 182 910; x_wconf 76' lang='grc' dir='ltr'>οὕτω</span> <span class='ocrx_word' id='word_1_126' title='bbox 205 884 258 920; x_wconf 80' lang='grc' dir='ltr'><strong>γὰρ</strong></span> <span class='ocrx_word' id='word_1_127' title='bbox 280 885 326 912; x_wconf 74' lang='grc' dir='ltr'><strong>καὶ</strong></span> <span class='ocrx_word' id='word_1_128' title='bbox 350 886 486 920; x_wconf 82' lang='grc' dir='ltr'><strong>ἀναλόγως</strong></span> <span class='ocrx_word' id='word_1_129' title='bbox 505 888 533 913; x_wconf 81' lang='grc' dir='ltr'>αἱ</span> <span class='ocrx_word' id='word_1_130' title='bbox 553 887 701 923; x_wconf 76' lang='grc' dir='ltr'>ὲλλάμψεις</span> <span class='ocrx_word' id='word_1_131' title='bbox 722 889 904 923; x_wconf 79' lang='grc' dir='ltr'>ὲκφαίνονται,</span> 
     </span>
    </p>
   </div>
   <div class='ocr_carea' id='block_1_20' title="bbox 109 930 897 972">
    <p class='ocr_par' dir='ltr' id='par_1_20' title="bbox 109 930 897 972">
     <span class='ocr_line' id='line_1_20' title="bbox 109 930 897 972; baseline 0.009 -16"><span class='ocrx_word' id='word_1_132' title='bbox 109 930 172 956; x_wconf 83' lang='grc' dir='ltr'>καθ’</span> <span class='ocrx_word' id='word_1_133' title='bbox 188 930 221 962; x_wconf 75' lang='grc' dir='ltr'>ἃς</span> <span class='ocrx_word' id='word_1_134' title='bbox 237 931 350 963; x_wconf 73' lang='grc' dir='ltr'>ἕκαστος</span> <span class='ocrx_word' id='word_1_135' title='bbox 369 933 399 958; x_wconf 84' lang='grc' dir='ltr'>ὲν</span> <span class='ocrx_word' id='word_1_136' title='bbox 416 933 544 969; x_wconf 74' lang='grc' dir='ltr'>μετουσία</span> <span class='ocrx_word' id='word_1_137' title='bbox 557 934 661 968; x_wconf 86' lang='grc' dir='ltr'>γίνεται</span> <span class='ocrx_word' id='word_1_138' title='bbox 685 935 756 962; x_wconf 86' lang='grc' dir='ltr'>κατὰ</span> <span class='ocrx_word' id='word_1_139' title='bbox 777 936 808 962; x_wconf 82' lang='grc' dir='ltr'><strong>τὸ</strong></span> <span class='ocrx_word' id='word_1_140' title='bbox 823 936 897 972; x_wconf 85' lang='grc' dir='ltr'>αὐτῷ</span> 
     </span>
    </p>
   </div>
   <div class='ocr_carea' id='block_1_21' title="bbox 110 977 898 1017">
    <p class='ocr_par' dir='ltr' id='par_1_21' title="bbox 110 977 898 1017">
     <span class='ocr_line' id='line_1_21' title="bbox 110 977 898 1017; baseline 0.008 -14"><span class='ocrx_word' id='word_1_141' title='bbox 110 977 222 1012; x_wconf 82' lang='grc' dir='ltr'>θεμιτὸν</span> <span class='ocrx_word' id='word_1_142' title='bbox 234 979 280 1005; x_wconf 76' lang='grc' dir='ltr'>καὶ</span> <span class='ocrx_word' id='word_1_143' title='bbox 295 978 414 1013; x_wconf 78' lang='grc' dir='ltr'>ἐφικτόν.</span> <span class='ocrx_word' id='word_1_144' title='bbox 435 980 516 1006; x_wconf 81' lang='grc' dir='ltr'>Ὅσον</span> <span class='ocrx_word' id='word_1_145' title='bbox 535 979 588 1016; x_wconf 86' lang='grc' dir='ltr'><strong>γάρ</strong></span> <span class='ocrx_word' id='word_1_146' title='bbox 605 980 700 1017; x_wconf 82' lang='grc' dir='ltr'>ἀνήκει</span> <span class='ocrx_word' id='word_1_147' title='bbox 719 983 752 1017; x_wconf 83' lang='grc' dir='ltr'>τῇ</span> <span class='ocrx_word' id='word_1_148' title='bbox 767 982 820 1017; x_wconf 74' lang='grc' dir='ltr'>ἰδία</span> <span class='ocrx_word' id='word_1_149' title='bbox 833 982 898 1009; x_wconf 82' lang='grc' dir='ltr'>ἑκά-</span> 
     </span>
    </p>
   </div>
   <div class='ocr_carea' id='block_1_22' title="bbox 110 1024 896 1063">
    <p class='ocr_par' dir='ltr' id='par_1_22' title="bbox 110 1024 896 1063">
     <span class='ocr_line' id='line_1_22' title="bbox 110 1024 896 1063; baseline 0.008 -14"><span class='ocrx_word' id='word_1_150' title='bbox 110 1031 174 1049; x_wconf 86' lang='grc' dir='ltr'>στου</span> <span class='ocrx_word' id='word_1_151' title='bbox 187 1024 273 1057; x_wconf 80' lang='grc' dir='ltr'>τάξει,</span> <span class='ocrx_word' id='word_1_152' title='bbox 285 1024 364 1051; x_wconf 84' lang='grc' dir='ltr'>τόσον</span> <span class='ocrx_word' id='word_1_153' title='bbox 376 1024 424 1051; x_wconf 70' lang='grc' dir='ltr'>καὶ</span> <span class='ocrx_word' id='word_1_154' title='bbox 440 1026 588 1059; x_wconf 81' lang='grc' dir='ltr'>ἐφικνεῖται</span> <span class='ocrx_word' id='word_1_155' title='bbox 603 1027 653 1062; x_wconf 84' lang='grc' dir='ltr'>τῆς</span> <span class='ocrx_word' id='word_1_156' title='bbox 665 1027 833 1063; x_wconf 80' lang='grc' dir='ltr'>καθάρσεως,</span> <span class='ocrx_word' id='word_1_157' title='bbox 850 1027 896 1055; x_wconf 84' lang='grc' dir='ltr'>τοῦ</span> 
     </span>
    </p>
   </div>
   <div class='ocr_carea' id='block_1_23' title="bbox 109 1070 896 1109">
    <p class='ocr_par' dir='ltr' id='par_1_23' title="bbox 109 1070 896 1109">
     <span class='ocr_line' id='line_1_23' title="bbox 109 1070 896 1109; baseline 0.008 -14"><span class='ocrx_word' id='word_1_158' title='bbox 109 1070 264 1104; x_wconf 81' lang='grc' dir='ltr'>φωτισμοῠ,</span> <span class='ocrx_word' id='word_1_159' title='bbox 283 1070 328 1097; x_wconf 77' lang='grc' dir='ltr'>καὶ</span> <span class='ocrx_word' id='word_1_160' title='bbox 343 1071 393 1106; x_wconf 87' lang='grc' dir='ltr'>τῆς</span> <span class='ocrx_word' id='word_1_161' title='bbox 405 1070 578 1104; x_wconf 80' lang='grc' dir='ltr'>τελειώσεως,</span> <span class='ocrx_word' id='word_1_162' title='bbox 595 1073 676 1099; x_wconf 84' lang='grc' dir='ltr'>αὐτοῦ</span> <span class='ocrx_word' id='word_1_163' title='bbox 688 1073 720 1109; x_wconf 88' lang='grc' dir='ltr'>δὴ</span> <span class='ocrx_word' id='word_1_164' title='bbox 732 1074 779 1100; x_wconf 76' lang='grc' dir='ltr'>τοῦ</span> <span class='ocrx_word' id='word_1_165' title='bbox 795 1074 896 1109; x_wconf 80' lang='grc' dir='ltr'>ἀγαθοῦ</span> 
     </span>
    </p>
   </div>
   <div class='ocr_carea' id='block_1_24' title="bbox 108 1115 898 1156">
    <p class='ocr_par' dir='ltr' id='par_1_24' title="bbox 108 1115 898 1156">
     <span class='ocr_line' id='line_1_24' title="bbox 108 1115 898 1156; baseline 0.009 -15"><span class='ocrx_word' id='word_1_166' title='bbox 108 1115 189 1142; x_wconf 76' lang='grc' dir='ltr'>Θεοῦ.</span> <span class='ocrx_word' id='word_1_167' title='bbox 202 1116 311 1148; x_wconf 78' lang='grc' dir='ltr'>Τέωςδέ</span> <span class='ocrx_word' id='word_1_168' title='bbox 323 1117 381 1143; x_wconf 72' lang='grc' dir='ltr'>ἐστι</span> <span class='ocrx_word' id='word_1_169' title='bbox 393 1118 439 1143; x_wconf 76' lang='grc' dir='ltr'>καὶ</span> <span class='ocrx_word' id='word_1_170' title='bbox 450 1119 467 1152; x_wconf 89' lang='grc' dir='ltr'>ὴ</span> <span class='ocrx_word' id='word_1_171' title='bbox 480 1117 610 1154; x_wconf 76' lang='grc' dir='ltr'>κάθαρσις</span> <span class='ocrx_word' id='word_1_172' title='bbox 622 1119 837 1156; x_wconf 82' lang='grc' dir='ltr'>ὑπεραγνοτάτη,</span> <span class='ocrx_word' id='word_1_173' title='bbox 851 1121 898 1147; x_wconf 77' lang='grc' dir='ltr'>καὶ</span> 
     </span>
    </p>
   </div>
   <div class='ocr_carea' id='block_1_25' title="bbox 107 1161 895 1201">
    <p class='ocr_par' dir='ltr' id='par_1_25' title="bbox 107 1161 895 1201">
     <span class='ocr_line' id='line_1_25' title="bbox 107 1161 895 1201; baseline 0.006 -13"><span class='ocrx_word' id='word_1_174' title='bbox 107 1162 140 1188; x_wconf 79' lang='grc' dir='ltr'>τὸ</span> <span class='ocrx_word' id='word_1_175' title='bbox 168 1161 226 1195; x_wconf 86' lang='grc' dir='ltr'>φῶς</span> <span class='ocrx_word' id='word_1_176' title='bbox 245 1162 431 1199; x_wconf 84' lang='grc' dir='ltr'>ὑπερπλῆρες,</span> <span class='ocrx_word' id='word_1_177' title='bbox 457 1164 503 1190; x_wconf 74' lang='grc' dir='ltr'>καὶ</span> <span class='ocrx_word' id='word_1_178' title='bbox 531 1164 686 1200; x_wconf 76' lang='grc' dir='ltr'>πρατέλειος</span> <span class='ocrx_word' id='word_1_179' title='bbox 707 1166 724 1201; x_wconf 87' lang='grc' dir='ltr'>ὴ</span> <span class='ocrx_word' id='word_1_180' title='bbox 749 1166 895 1198; x_wconf 86' lang='grc' dir='ltr'>τελείωσις.</span> 
     </span>
    </p>
   </div>
   <div class='ocr_carea' id='block_1_26' title="bbox 114 1207 898 1248">
    <p class='ocr_par' dir='ltr' id='par_1_26' title="bbox 114 1207 898 1248">
     <span class='ocr_line' id='line_1_26' title="bbox 114 1207 898 1248; baseline 0.008 -14"><span class='ocrx_word' id='word_1_181' title='bbox 114 1207 192 1234; x_wconf 75' lang='grc' dir='ltr'>Ἐπεὶ</span> <span class='ocrx_word' id='word_1_182' title='bbox 207 1208 236 1235; x_wconf 82' lang='grc' dir='ltr'>δὲ</span> <span class='ocrx_word' id='word_1_183' title='bbox 256 1209 284 1235; x_wconf 82' lang='grc' dir='ltr'>αἱ</span> <span class='ocrx_word' id='word_1_184' title='bbox 300 1208 402 1235; x_wconf 78' lang='grc' dir='ltr'>εὐθεῖαι</span> <span class='ocrx_word' id='word_1_185' title='bbox 428 1208 575 1244; x_wconf 81' lang='grc' dir='ltr'>ὲλλάμψεις</span> <span class='ocrx_word' id='word_1_186' title='bbox 595 1209 712 1247; x_wconf 77' lang='grc' dir='ltr'>ἄπειροι,</span> <span class='ocrx_word' id='word_1_187' title='bbox 741 1212 810 1239; x_wconf 82' lang='grc' dir='ltr'>κατὰ</span> <span class='ocrx_word' id='word_1_188' title='bbox 834 1213 898 1248; x_wconf 83' lang='grc' dir='ltr'>μίαν</span> 
     </span>
    </p>
   </div>
   <div class='ocr_carea' id='block_1_27' title="bbox 106 1254 898 1294">
    <p class='ocr_par' dir='ltr' id='par_1_27' title="bbox 106 1254 898 1294">
     <span class='ocr_line' id='line_1_27' title="bbox 106 1254 898 1294; baseline 0.008 -14"><span class='ocrx_word' id='word_1_189' title='bbox 106 1254 227 1289; x_wconf 78' lang='grc' dir='ltr'>ἑκάστην</span> <span class='ocrx_word' id='word_1_190' title='bbox 255 1254 386 1290; x_wconf 79' lang='grc' dir='ltr'>ἔλλαμψιν</span> <span class='ocrx_word' id='word_1_191' title='bbox 411 1255 525 1286; x_wconf 69' lang='grc' dir='ltr'>ἕκαστος</span> <span class='ocrx_word' id='word_1_192' title='bbox 549 1256 673 1291; x_wconf 85' lang='grc' dir='ltr'>οὐράνιος</span> <span class='ocrx_word' id='word_1_193' title='bbox 699 1258 762 1290; x_wconf 84' lang='grc' dir='ltr'>νοῦς</span> <span class='ocrx_word' id='word_1_194' title='bbox 790 1258 898 1294; x_wconf 85' lang='grc' dir='ltr'>πρῶτον</span> 
     </span>
    </p>
   </div>
   <div class='ocr_carea' id='block_1_28' title="bbox 107 1299 898 1336">
    <p class='ocr_par' dir='ltr' id='par_1_28' title="bbox 107 1299 898 1336">
     <span class='ocr_line' id='line_1_28' title="bbox 107 1299 898 1336; baseline 0.008 -10"><span class='ocrx_word' id='word_1_195' title='bbox 107 1300 278 1336; x_wconf 86' lang='grc' dir='ltr'>καθαίρεται,</span> <span class='ocrx_word' id='word_1_196' title='bbox 291 1299 350 1328; x_wconf 78' lang='grc' dir='ltr'>εἶτα</span> <span class='ocrx_word' id='word_1_197' title='bbox 363 1304 517 1336; x_wconf 71' lang='grc' dir='ltr'>φωτίζεται,</span> <span class='ocrx_word' id='word_1_198' title='bbox 531 1305 626 1333; x_wconf 80' lang='grc' dir='ltr'>ἔπειτα</span> <span class='ocrx_word' id='word_1_199' title='bbox 635 1305 797 1332; x_wconf 82' lang='grc' dir='ltr'>τελειοῦται.</span> <span class='ocrx_word' id='word_1_200' title='bbox 815 1304 898 1332; x_wconf 77' lang='grc' dir='ltr'><strong>Οὐδὲ-ι</strong></span> 
     </span>
    </p>
   </div>
   <div class='ocr_carea' id='block_1_29' title="bbox 106 1346 898 1387">
    <p class='ocr_par' dir='ltr' id='par_1_29' title="bbox 106 1346 898 1387">
     <span class='ocr_line' id='line_1_29' title="bbox 106 1346 898 1387; baseline 0.008 -15"><span class='ocrx_word' id='word_1_201' title='bbox 106 1346 163 1382; x_wconf 88' lang='grc' dir='ltr'><strong>γὰρ</strong></span> <span class='ocrx_word' id='word_1_202' title='bbox 178 1347 301 1380; x_wconf 85' lang='grc' dir='ltr'>ἀπεικὸς,</span> <span class='ocrx_word' id='word_1_203' title='bbox 313 1349 337 1375; x_wconf 86' lang='grc' dir='ltr'><strong>εί</strong></span> <span class='ocrx_word' id='word_1_204' title='bbox 349 1350 364 1375; x_wconf 98' lang='lat'><strong>6</strong></span> <span class='ocrx_word' id='word_1_205' title='bbox 373 1350 444 1378; x_wconf 83' lang='grc' dir='ltr'>κατά</span> <span class='ocrx_word' id='word_1_206' title='bbox 459 1359 486 1377; x_wconf 88' lang='grc' dir='ltr'><strong>τι</strong></span> <span class='ocrx_word' id='word_1_207' title='bbox 498 1351 609 1384; x_wconf 83' lang='grc' dir='ltr'>τέλειος,</span> <span class='ocrx_word' id='word_1_208' title='bbox 623 1352 681 1378; x_wconf 78' lang='grc' dir='ltr'>κατ’</span> <span class='ocrx_word' id='word_1_209' title='bbox 698 1351 761 1379; x_wconf 84' lang='grc' dir='ltr'>ἄλλο</span> <span class='ocrx_word' id='word_1_210' title='bbox 771 1352 898 1387; x_wconf 77' lang='grc' dir='ltr'>καθαίρε-</span> 
     </span>
    </p>
   </div>
   <div class='ocr_carea' id='block_1_30' title="bbox 105 1394 897 1434">
    <p class='ocr_par' dir='ltr' id='par_1_30' title="bbox 105 1394 897 1434">
     <span class='ocr_line' id='line_1_30' title="bbox 105 1394 897 1434; baseline 0.01 -16"><span class='ocrx_word' id='word_1_211' title='bbox 105 1401 168 1420; x_wconf 82' lang='grc' dir='ltr'>ται·</span> <span class='ocrx_word' id='word_1_212' title='bbox 187 1394 233 1420; x_wconf 77' lang='grc' dir='ltr'><strong>καὶ</strong></span> <span class='ocrx_word' id='word_1_213' title='bbox 251 1395 275 1420; x_wconf 87' lang='grc' dir='ltr'><strong>εί</strong></span> <span class='ocrx_word' id='word_1_214' title='bbox 294 1395 308 1420; x_wconf 93' lang='lat'><strong>6</strong></span> <span class='ocrx_word' id='word_1_215' title='bbox 327 1395 399 1422; x_wconf 86' lang='grc' dir='ltr'>κατά</span> <span class='ocrx_word' id='word_1_216' title='bbox 410 1404 436 1422; x_wconf 91' lang='grc' dir='ltr'><strong>τι</strong></span> <span class='ocrx_word' id='word_1_217' title='bbox 455 1398 669 1433; x_wconf 79' lang='grc' dir='ltr'>πεφωτισμένος,</span> <span class='ocrx_word' id='word_1_218' title='bbox 688 1399 747 1425; x_wconf 79' lang='grc' dir='ltr'>κατ’</span> <span class='ocrx_word' id='word_1_219' title='bbox 764 1399 830 1426; x_wconf 77' lang='grc' dir='ltr'>αὐτὸ</span> <span class='ocrx_word' id='word_1_220' title='bbox 848 1399 897 1434; x_wconf 81' lang='grc' dir='ltr'><strong>μὲν</strong></span> 
     </span>
    </p>
   </div>
   <div class='ocr_carea' id='block_1_31' title="bbox 105 1439 892 1479">
    <p class='ocr_par' dir='ltr' id='par_1_31' title="bbox 105 1439 892 1479">
     <span class='ocr_line' id='line_1_31' title="bbox 105 1439 892 1479; baseline 0.008 -14"><span class='ocrx_word' id='word_1_221' title='bbox 105 1439 268 1473; x_wconf 75' lang='grc' dir='ltr'>τελειοῦται,</span> <span class='ocrx_word' id='word_1_222' title='bbox 287 1442 347 1467; x_wconf 83' lang='grc' dir='ltr'>κατ’</span> <span class='ocrx_word' id='word_1_223' title='bbox 363 1441 427 1469; x_wconf 77' lang='grc' dir='ltr'>ἄλλο</span> <span class='ocrx_word' id='word_1_224' title='bbox 442 1442 471 1469; x_wconf 85' lang='grc' dir='ltr'>δὲ</span> <span class='ocrx_word' id='word_1_225' title='bbox 489 1444 568 1470; x_wconf 82' lang='grc' dir='ltr'>πάλιν</span> <span class='ocrx_word' id='word_1_226' title='bbox 580 1444 727 1479; x_wconf 71' lang='grc' dir='ltr'>καθαρθεὶς</span> <span class='ocrx_word' id='word_1_227' title='bbox 738 1445 892 1479; x_wconf 78' lang='grc' dir='ltr'>φωτίζεται·</span> 
     </span>
    </p>
   </div>
   <div class='ocr_carea' id='block_1_32' title="bbox 104 1484 897 1524">
    <p class='ocr_par' dir='ltr' id='par_1_32' title="bbox 104 1484 897 1524">
     <span class='ocr_line' id='line_1_32' title="bbox 104 1484 897 1524; baseline 0.005 -13"><span class='ocrx_word' id='word_1_228' title='bbox 104 1484 182 1511; x_wconf 83' lang='grc' dir='ltr'>οὐδὲν</span> <span class='ocrx_word' id='word_1_229' title='bbox 195 1485 249 1521; x_wconf 84' lang='grc' dir='ltr'><strong>γὰρ</strong></span> <span class='ocrx_word' id='word_1_230' title='bbox 266 1486 437 1522; x_wconf 77' lang='grc' dir='ltr'>αὑτοτελὲςῆ</span> <span class='ocrx_word' id='word_1_231' title='bbox 454 1487 603 1524; x_wconf 85' lang='grc' dir='ltr'>ἀπροσδεὲς</span> <span class='ocrx_word' id='word_1_232' title='bbox 618 1488 793 1523; x_wconf 80' lang='grc' dir='ltr'>τελειότητος,</span> <span class='ocrx_word' id='word_1_233' title='bbox 818 1489 842 1514; x_wconf 89' lang='grc' dir='ltr'><strong>εί</strong></span> <span class='ocrx_word' id='word_1_234' title='bbox 860 1487 897 1524; x_wconf 86' lang='grc' dir='ltr'><strong>μὴ</strong></span> 
     </span>
    </p>
   </div>
   <div class='ocr_carea' id='block_1_33' title="bbox 103 1532 897 1571">
    <p class='ocr_par' dir='ltr' id='par_1_33' title="bbox 103 1532 897 1571">
     <span class='ocr_line' id='line_1_33' title="bbox 103 1532 897 1571; baseline 0.004 -13"><span class='ocrx_word' id='word_1_235' title='bbox 103 1532 136 1558; x_wconf 80' lang='grc' dir='ltr'>τὸ</span> <span class='ocrx_word' id='word_1_236' title='bbox 152 1532 238 1564; x_wconf 75' lang='grc' dir='ltr'>ὅντως</span> <span class='ocrx_word' id='word_1_237' title='bbox 253 1534 403 1567; x_wconf 80' lang='grc' dir='ltr'>αὐτοτελὲς,</span> <span class='ocrx_word' id='word_1_238' title='bbox 420 1534 451 1560; x_wconf 82' lang='grc' dir='ltr'>τὸ</span> <span class='ocrx_word' id='word_1_239' title='bbox 468 1534 551 1566; x_wconf 76' lang='grc' dir='ltr'>ὅντως</span> <span class='ocrx_word' id='word_1_240' title='bbox 567 1534 732 1571; x_wconf 80' lang='grc' dir='ltr'>προτέλειον.</span> <span class='ocrx_word' id='word_1_241' title='bbox 750 1535 804 1562; x_wconf 81' lang='grc' dir='ltr'><strong>Καὶ</strong></span> <span class='ocrx_word' id='word_1_242' title='bbox 826 1534 897 1561; x_wconf 75' lang='grc' dir='ltr'>οὕτω</span> 
     </span>
    </p>
   </div>
   <div class='ocr_carea' id='block_1_34' title="bbox 107 1578 896 1617">
    <p class='ocr_par' dir='ltr' id='par_1_34' title="bbox 107 1578 896 1617">
     <span class='ocr_line' id='line_1_34' title="bbox 107 1578 896 1617; baseline 0.005 -13"><span class='ocrx_word' id='word_1_243' title='bbox 107 1578 158 1614; x_wconf 75' lang='grc' dir='ltr'><strong>μὲν</strong></span> <span class='ocrx_word' id='word_1_244' title='bbox 173 1580 188 1605; x_wconf 89' lang='lat'><strong>6</strong></span> <span class='ocrx_word' id='word_1_245' title='bbox 204 1579 328 1614; x_wconf 83' lang='grc' dir='ltr'>οὐράνιος</span> <span class='ocrx_word' id='word_1_246' title='bbox 339 1579 401 1612; x_wconf 89' lang='grc' dir='ltr'>νοῦς</span> <span class='ocrx_word' id='word_1_247' title='bbox 415 1580 501 1612; x_wconf 82' lang='grc' dir='ltr'>ίδικάς</span> <span class='ocrx_word' id='word_1_248' title='bbox 515 1581 570 1616; x_wconf 77' lang='grc' dir='ltr'>ἔχει</span> <span class='ocrx_word' id='word_1_249' title='bbox 583 1581 632 1613; x_wconf 79' lang='grc' dir='ltr'><strong>τὰς</strong></span> <span class='ocrx_word' id='word_1_250' title='bbox 648 1583 722 1617; x_wconf 83' lang='grc' dir='ltr'>τρεῖς</span> <span class='ocrx_word' id='word_1_251' title='bbox 733 1581 833 1613; x_wconf 78' lang='grc' dir='ltr'>ταύτας</span> <span class='ocrx_word' id='word_1_252' title='bbox 849 1581 896 1608; x_wconf 87' lang='grc' dir='ltr'>τά-</span> 
     </span>
    </p>
   </div>
   <div class='ocr_carea' id='block_1_35' title="bbox 105 1625 898 1663">
    <p class='ocr_par' dir='ltr' id='par_1_35' title="bbox 105 1625 898 1663">
     <span class='ocr_line' id='line_1_35' title="bbox 105 1625 898 1663; baseline 0.004 -13"><span class='ocrx_word' id='word_1_253' title='bbox 105 1626 164 1658; x_wconf 85' lang='grc' dir='ltr'>ξεις</span> <span class='ocrx_word' id='word_1_254' title='bbox 174 1632 205 1650; x_wconf 81' lang='grc' dir='ltr'><strong>τε</strong></span> <span class='ocrx_word' id='word_1_255' title='bbox 217 1625 265 1651; x_wconf 82' lang='grc' dir='ltr'>καὶ</span> <span class='ocrx_word' id='word_1_256' title='bbox 279 1625 416 1661; x_wconf 81' lang='grc' dir='ltr'>δυνάμεις.</span> <span class='ocrx_word' id='word_1_257' title='bbox 434 1626 497 1658; x_wconf 88' lang='grc' dir='ltr'>Πῶς</span> <span class='ocrx_word' id='word_1_258' title='bbox 509 1626 538 1653; x_wconf 78' lang='grc' dir='ltr'>δὲ</span> <span class='ocrx_word' id='word_1_259' title='bbox 558 1626 605 1653; x_wconf 71' lang='grc' dir='ltr'>καὶ</span> <span class='ocrx_word' id='word_1_260' title='bbox 620 1628 635 1653; x_wconf 86' lang='grc' dir='ltr'><strong>ὁ</strong></span> <span class='ocrx_word' id='word_1_261' title='bbox 649 1626 817 1663; x_wconf 81' lang='grc' dir='ltr'>ἀνθρώπειος</span> <span class='ocrx_word' id='word_1_262' title='bbox 836 1626 898 1659; x_wconf 81' lang='grc' dir='ltr'>νοῦς</span> 
     </span>
    </p>
   </div>
   <div class='ocr_carea' id='block_1_36' title="bbox 104 1669 897 1707">
    <p class='ocr_par' dir='ltr' id='par_1_36' title="bbox 104 1669 897 1707">
     <span class='ocr_line' id='line_1_36' title="bbox 104 1669 897 1707; baseline 0.003 -11"><span class='ocrx_word' id='word_1_263' title='bbox 104 1669 207 1701; x_wconf 82' lang='grc' dir='ltr'>ταύτας</span> <span class='ocrx_word' id='word_1_264' title='bbox 223 1670 290 1705; x_wconf 76' lang='grc' dir='ltr'>ἔχει,</span> <span class='ocrx_word' id='word_1_265' title='bbox 303 1670 372 1706; x_wconf 84' lang='grc' dir='ltr'>πλὴν</span> <span class='ocrx_word' id='word_1_266' title='bbox 385 1672 431 1698; x_wconf 76' lang='grc' dir='ltr'>καὶ</span> <span class='ocrx_word' id='word_1_267' title='bbox 448 1671 528 1703; x_wconf 79' lang='grc' dir='ltr'>αὐτὸς</span> <span class='ocrx_word' id='word_1_268' title='bbox 544 1672 585 1703; x_wconf 81' lang='grc' dir='ltr'><strong>εἰς</strong></span> <span class='ocrx_word' id='word_1_269' title='bbox 600 1671 648 1707; x_wconf 84' lang='grc' dir='ltr'>τὴν</span> <span class='ocrx_word' id='word_1_270' title='bbox 662 1670 732 1698; x_wconf 80' lang='grc' dir='ltr'><strong>κατά</strong></span> <span class='ocrx_word' id='word_1_271' title='bbox 742 1671 808 1698; x_wconf 82' lang='grc' dir='ltr'>Θεὸν</span> <span class='ocrx_word' id='word_1_272' title='bbox 820 1672 897 1707; x_wconf 85' lang='grc' dir='ltr'>κίνη-</span> 
     </span>
    </p>
   </div>
   <div class='ocr_carea' id='block_1_37' title="bbox 106 1714 898 1753">
    <p class='ocr_par' dir='ltr' id='par_1_37' title="bbox 106 1714 898 1753">
     <span class='ocr_line' id='line_1_37' title="bbox 106 1714 898 1753; baseline 0.001 -12"><span class='ocrx_word' id='word_1_273' title='bbox 106 1723 167 1747; x_wconf 88' lang='grc' dir='ltr'>σιν;</span> <span class='ocrx_word' id='word_1_274' title='bbox 185 1714 246 1741; x_wconf 79' lang='grc' dir='ltr'>οὐδὲ</span> <span class='ocrx_word' id='word_1_275' title='bbox 264 1714 319 1750; x_wconf 83' lang='grc' dir='ltr'><strong>γὰρ</strong></span> <span class='ocrx_word' id='word_1_276' title='bbox 337 1716 401 1751; x_wconf 75' lang='grc' dir='ltr'>περὶ</span> <span class='ocrx_word' id='word_1_277' title='bbox 419 1715 474 1742; x_wconf 86' lang='grc' dir='ltr'>τῶν</span> <span class='ocrx_word' id='word_1_278' title='bbox 493 1716 633 1752; x_wconf 84' lang='grc' dir='ltr'>κοσμικῶν</span> <span class='ocrx_word' id='word_1_279' title='bbox 649 1717 782 1753; x_wconf 81' lang='grc' dir='ltr'>κινήσεων</span> <span class='ocrx_word' id='word_1_280' title='bbox 795 1717 808 1743; x_wconf 80' lang='lat'><strong>6</strong></span> <span class='ocrx_word' id='word_1_281' title='bbox 820 1716 898 1751; x_wconf 84' lang='grc' dir='ltr'>λόγος</span> 
     </span>
    </p>
   </div>
   <div class='ocr_carea' id='block_1_38' title="bbox 106 1763 897 1800">
    <p class='ocr_par' dir='ltr' id='par_1_38' title="bbox 106 1763 897 1800">
     <span class='ocr_line' id='line_1_38' title="bbox 106 1763 897 1800; baseline 0.004 -11"><span class='ocrx_word' id='word_1_282' title='bbox 106 1763 181 1790; x_wconf 74' lang='grc' dir='ltr'>ἐστὶν</span> <span class='ocrx_word' id='word_1_283' title='bbox 197 1764 274 1798; x_wconf 87' lang='grc' dir='ltr'><strong>ἡμῖν.</strong></span> <span class='ocrx_word' id='word_1_284' title='bbox 289 1763 358 1799; x_wconf 83' lang='grc' dir='ltr'>Ἤδη</span> <span class='ocrx_word' id='word_1_285' title='bbox 369 1764 493 1799; x_wconf 84' lang='grc' dir='ltr'>λέγομεν,</span> <span class='ocrx_word' id='word_1_286' title='bbox 503 1764 556 1795; x_wconf 82' lang='grc' dir='ltr'>πᾶς</span> <span class='ocrx_word' id='word_1_287' title='bbox 568 1763 630 1796; x_wconf 85' lang='grc' dir='ltr'>νοῦς</span> <span class='ocrx_word' id='word_1_288' title='bbox 643 1764 699 1800; x_wconf 75' lang='grc' dir='ltr'>εχει</span> <span class='ocrx_word' id='word_1_289' title='bbox 715 1764 819 1797; x_wconf 83' lang='grc' dir='ltr'>οὐσίαν,</span> <span class='ocrx_word' id='word_1_290' title='bbox 836 1764 897 1792; x_wconf 82' lang='grc' dir='ltr'>καθ’</span> 
     </span>
    </p>
   </div>
   <div class='ocr_carea' id='block_1_39' title="bbox 103 1807 896 1847">
    <p class='ocr_par' dir='ltr' id='par_1_39' title="bbox 103 1807 896 1847">
     <span class='ocr_line' id='line_1_39' title="bbox 103 1807 896 1847; baseline 0.004 -13"><span class='ocrx_word' id='word_1_291' title='bbox 103 1808 139 1843; x_wconf 84' lang='grc' dir='ltr'>ἢν</span> <span class='ocrx_word' id='word_1_292' title='bbox 151 1808 261 1844; x_wconf 81' lang='grc' dir='ltr'>πρῶτόν</span> <span class='ocrx_word' id='word_1_293' title='bbox 273 1809 363 1836; x_wconf 73' lang='grc' dir='ltr'>ἐστιν·</span> <span class='ocrx_word' id='word_1_294' title='bbox 381 1807 441 1836; x_wconf 73' lang='grc' dir='ltr'>εἶτα</span> <span class='ocrx_word' id='word_1_295' title='bbox 457 1810 506 1836; x_wconf 78' lang='grc' dir='ltr'>καὶ</span> <span class='ocrx_word' id='word_1_296' title='bbox 521 1810 648 1846; x_wconf 76' lang='grc' dir='ltr'>δύναμιν,</span> <span class='ocrx_word' id='word_1_297' title='bbox 661 1810 721 1837; x_wconf 82' lang='grc' dir='ltr'>καθ’</span> <span class='ocrx_word' id='word_1_298' title='bbox 732 1810 765 1846; x_wconf 84' lang='grc' dir='ltr'>ἢν</span> <span class='ocrx_word' id='word_1_299' title='bbox 777 1811 896 1847; x_wconf 86' lang='grc' dir='ltr'>διαρκεῖ·</span> 
     </span>
    </p>
   </div>
   <div class='ocr_carea' id='block_1_40' title="bbox 104 1854 899 1893">
    <p class='ocr_par' dir='ltr' id='par_1_40' title="bbox 104 1854 899 1893">
     <span class='ocr_line' id='line_1_40' title="bbox 104 1854 899 1893; baseline 0.003 -11"><span class='ocrx_word' id='word_1_300' title='bbox 104 1854 264 1883; x_wconf 70' lang='grc' dir='ltr'>τελευταίαν</span> <span class='ocrx_word' id='word_1_301' title='bbox 282 1855 312 1883; x_wconf 81' lang='grc' dir='ltr'>δὲ</span> <span class='ocrx_word' id='word_1_302' title='bbox 321 1855 472 1892; x_wconf 71' lang='grc' dir='ltr'>ἐνέργειαν,</span> <span class='ocrx_word' id='word_1_303' title='bbox 490 1856 586 1892; x_wconf 66' lang='grc' dir='ltr'>καθ’ἥν</span> <span class='ocrx_word' id='word_1_304' title='bbox 607 1856 642 1884; x_wconf 83' lang='grc' dir='ltr'>τὰ</span> <span class='ocrx_word' id='word_1_305' title='bbox 664 1858 750 1885; x_wconf 76' lang='grc' dir='ltr'>οἰκεῖα</span> <span class='ocrx_word' id='word_1_306' title='bbox 770 1857 899 1893; x_wconf 83' lang='grc' dir='ltr'>πράττων</span> 
     </span>
    </p>
   </div>
   <div class='ocr_carea' id='block_1_41' title="bbox 105 1901 896 1938">
    <p class='ocr_par' dir='ltr' id='par_1_41' title="bbox 105 1901 896 1938">
     <span class='ocr_line' id='line_1_41' title="bbox 105 1901 896 1938; baseline 0.001 -9"><span class='ocrx_word' id='word_1_307' title='bbox 105 1903 231 1929; x_wconf 78' lang='grc' dir='ltr'>εὐσεϐεῖ·</span> <span class='ocrx_word' id='word_1_308' title='bbox 248 1902 333 1929; x_wconf 81' lang='grc' dir='ltr'>ταῦτα</span> <span class='ocrx_word' id='word_1_309' title='bbox 345 1902 393 1929; x_wconf 80' lang='grc' dir='ltr'>καὶ</span> <span class='ocrx_word' id='word_1_310' title='bbox 411 1903 440 1928; x_wconf 87' lang='grc' dir='ltr'>ἐν</span> <span class='ocrx_word' id='word_1_311' title='bbox 457 1901 497 1938; x_wconf 88' lang='grc' dir='ltr'>τῷ</span> <span class='ocrx_word' id='word_1_312' title='bbox 513 1902 577 1938; x_wconf 76' lang='grc' dir='ltr'><strong>ἑξῆς</strong></span> <span class='ocrx_word' id='word_1_313' title='bbox 594 1902 733 1938; x_wconf 77' lang='grc' dir='ltr'>κεφαλαίῳ</span> <span class='ocrx_word' id='word_1_314' title='bbox 745 1902 896 1938; x_wconf 78' lang='grc' dir='ltr'>σαφηνίζει.</span> 
     </span>
    </p>
   </div>
   <div class='ocr_carea' id='block_1_42' title="bbox 106 1948 897 1985">
    <p class='ocr_par' dir='ltr' id='par_1_42' title="bbox 106 1948 897 1985">
     <span class='ocr_line' id='line_1_42' title="bbox 106 1948 897 1985; baseline 0 -9"><span class='ocrx_word' id='word_1_315' title='bbox 106 1948 214 1980; x_wconf 82' lang='grc' dir='ltr'>Ἀλλως</span> <span class='ocrx_word' id='word_1_316' title='bbox 231 1957 260 1975; x_wconf 92' lang='grc' dir='ltr'><strong>τε</strong></span> <span class='ocrx_word' id='word_1_317' title='bbox 273 1948 300 1975; x_wconf 78' lang='grc' dir='ltr'>δὲ</span> <span class='ocrx_word' id='word_1_318' title='bbox 317 1949 412 1976; x_wconf 79' lang='grc' dir='ltr'>οὐδένα</span> <span class='ocrx_word' id='word_1_319' title='bbox 423 1948 477 1976; x_wconf 85' lang='grc' dir='ltr'>τῶν</span> <span class='ocrx_word' id='word_1_320' title='bbox 494 1949 645 1984; x_wconf 85' lang='grc' dir='ltr'>ἀνθρώπων</span> <span class='ocrx_word' id='word_1_321' title='bbox 663 1949 741 1984; x_wconf 84' lang='grc' dir='ltr'>ῐσμεν</span> <span class='ocrx_word' id='word_1_322' title='bbox 752 1949 812 1976; x_wconf 76' lang='grc' dir='ltr'>οὕτε</span> <span class='ocrx_word' id='word_1_323' title='bbox 829 1958 897 1985; x_wconf 86' lang='grc' dir='ltr'>προ-</span> 
     </span>
    </p>
   </div>
   <div class='ocr_carea' id='block_1_43' title="bbox 105 1995 898 2033">
    <p class='ocr_par' dir='ltr' id='par_1_43' title="bbox 105 1995 898 2033">
     <span class='ocr_line' id='line_1_43' title="bbox 105 1995 898 2033; baseline -0.001 -10"><span class='ocrx_word' id='word_1_324' title='bbox 105 1998 206 2033; x_wconf 80' lang='grc' dir='ltr'>φήτην,</span> <span class='ocrx_word' id='word_1_325' title='bbox 220 1996 282 2023; x_wconf 76' lang='grc' dir='ltr'>οὔτε</span> <span class='ocrx_word' id='word_1_326' title='bbox 292 1997 405 2029; x_wconf 85' lang='grc' dir='ltr'>δίκαιον,</span> <span class='ocrx_word' id='word_1_327' title='bbox 424 1998 461 2032; x_wconf 79' lang='grc' dir='ltr'><strong>μὴ</strong></span> <span class='ocrx_word' id='word_1_328' title='bbox 471 1997 600 2032; x_wconf 82' lang='grc' dir='ltr'>δεηθέντα</span> <span class='ocrx_word' id='word_1_329' title='bbox 612 1997 661 2032; x_wconf 85' lang='grc' dir='ltr'>τῆς</span> <span class='ocrx_word' id='word_1_330' title='bbox 676 1995 779 2028; x_wconf 74' lang='grc' dir='ltr'>οἰκείας</span> <span class='ocrx_word' id='word_1_331' title='bbox 793 1996 898 2032; x_wconf 82' lang='grc' dir='ltr'>προφά-</span> 
     </span>
    </p>
   </div>
   <div class='ocr_carea' id='block_1_44' title="bbox 106 2042 898 2079">
    <p class='ocr_par' dir='ltr' id='par_1_44' title="bbox 106 2042 898 2079">
     <span class='ocr_line' id='line_1_44' title="bbox 106 2042 898 2079; baseline 0 -11"><span class='ocrx_word' id='word_1_332' title='bbox 106 2050 176 2074; x_wconf 85' lang='grc' dir='ltr'>σεως</span> <span class='ocrx_word' id='word_1_333' title='bbox 185 2042 225 2074; x_wconf 90' lang='grc' dir='ltr'><strong>είς</strong></span> <span class='ocrx_word' id='word_1_334' title='bbox 235 2043 266 2069; x_wconf 85' lang='grc' dir='ltr'>τὸ</span> <span class='ocrx_word' id='word_1_335' title='bbox 283 2042 430 2078; x_wconf 84' lang='grc' dir='ltr'>πλησιάσαι</span> <span class='ocrx_word' id='word_1_336' title='bbox 447 2042 517 2077; x_wconf 82' lang='grc' dir='ltr'><strong>Θεῷ.</strong></span> <span class='ocrx_word' id='word_1_337' title='bbox 532 2043 602 2079; x_wconf 84' lang='grc' dir='ltr'><strong>Ὅρα</strong></span> <span class='ocrx_word' id='word_1_338' title='bbox 617 2042 671 2077; x_wconf 83' lang='grc' dir='ltr'>γὰρ</span> <span class='ocrx_word' id='word_1_339' title='bbox 682 2042 707 2068; x_wconf 82' lang='grc' dir='ltr'><strong>τί</strong></span> <span class='ocrx_word' id='word_1_340' title='bbox 720 2051 801 2078; x_wconf 83' lang='grc' dir='ltr'>φησιν</span> <span class='ocrx_word' id='word_1_341' title='bbox 821 2043 834 2068; x_wconf 89' lang='lat'><strong>6</strong></span> <span class='ocrx_word' id='word_1_342' title='bbox 846 2042 898 2073; x_wconf 77' lang='grc' dir='ltr'>ἕως</span> 
     </span>
    </p>
   </div>
   <div class='ocr_carea' id='block_1_45' title="bbox 104 2087 895 2124">
    <p class='ocr_par' dir='ltr' id='par_1_45' title="bbox 104 2087 895 2124">
     <span class='ocr_line' id='line_1_45' title="bbox 104 2087 895 2124; baseline 0 -10"><span class='ocrx_word' id='word_1_343' title='bbox 104 2087 200 2124; x_wconf 85' lang='grc' dir='ltr'>τρίτου</span> <span class='ocrx_word' id='word_1_344' title='bbox 212 2088 327 2124; x_wconf 81' lang='grc' dir='ltr'>οὐρανοῦ</span> <span class='ocrx_word' id='word_1_345' title='bbox 345 2088 466 2124; x_wconf 83' lang='grc' dir='ltr'>φθάσας·</span> <span class='ocrx_word' id='word_1_346' title='bbox 491 2088 659 2119; x_wconf 78' lang='grc' dir='ltr'>’Υπωπιάζω</span> <span class='ocrx_word' id='word_1_347' title='bbox 675 2098 735 2124; x_wconf 78' lang='grc' dir='ltr'>μου</span> <span class='ocrx_word' id='word_1_348' title='bbox 753 2087 785 2115; x_wconf 80' lang='grc' dir='ltr'>τὸ</span> <span class='ocrx_word' id='word_1_349' title='bbox 800 2087 895 2122; x_wconf 80' lang='grc' dir='ltr'>σῶμα,</span> 
     </span>
    </p>
   </div>
   <div class='ocr_carea' id='block_1_46' title="bbox 105 2131 897 2170">
    <p class='ocr_par' dir='ltr' id='par_1_46' title="bbox 105 2131 897 2170">
     <span class='ocr_line' id='line_1_46' title="bbox 105 2131 897 2170; baseline -0.003 -8"><span class='ocrx_word' id='word_1_350' title='bbox 105 2135 156 2162; x_wconf 79' lang='grc' dir='ltr'><strong>καί</strong></span> <span class='ocrx_word' id='word_1_351' title='bbox 182 2135 376 2170; x_wconf 75' lang='grc' dir='ltr'>δουλαγωγῶ,</span> <span class='ocrx_word' id='word_1_352' title='bbox 389 2135 496 2170; x_wconf 78' lang='grc' dir='ltr'>μήπως</span> <span class='ocrx_word' id='word_1_353' title='bbox 520 2135 627 2168; x_wconf 80' lang='grc' dir='ltr'>ἄλλοις</span> <span class='ocrx_word' id='word_1_354' title='bbox 650 2131 792 2169; x_wconf 68' lang='grc' dir='ltr'>κηρύξας,</span> <span class='ocrx_word' id='word_1_355' title='bbox 806 2134 897 2168; x_wconf 79' lang='grc' dir='ltr'>αὐτὸς</span> 
     </span>
    </p>
   </div>
   <div class='ocr_carea' id='block_1_47' title="bbox 104 2180 898 2217">
    <p class='ocr_par' dir='ltr' id='par_1_47' title="bbox 104 2180 898 2217">
     <span class='ocr_line' id='line_1_47' title="bbox 104 2180 898 2217; baseline 0 -11"><span class='ocrx_word' id='word_1_356' title='bbox 104 2180 248 2215; x_wconf 83' lang='grc' dir='ltr'>ἀδόκιμος</span> <span class='ocrx_word' id='word_1_357' title='bbox 264 2180 399 2215; x_wconf 79' lang='grc' dir='ltr'>γένωμαι.</span> <span class='ocrx_word' id='word_1_358' title='bbox 418 2181 472 2208; x_wconf 73' lang='grc' dir='ltr'><strong>Καὶ</strong></span> <span class='ocrx_word' id='word_1_359' title='bbox 483 2181 570 2208; x_wconf 83' lang='grc' dir='ltr'>ταῦτά</span> <span class='ocrx_word' id='word_1_360' title='bbox 584 2182 653 2208; x_wconf 84' lang='grc' dir='ltr'>εἰσιν</span> <span class='ocrx_word' id='word_1_361' title='bbox 670 2183 686 2217; x_wconf 84' lang='grc' dir='ltr'>ὴ</span> <span class='ocrx_word' id='word_1_362' title='bbox 709 2181 806 2216; x_wconf 85' lang='grc' dir='ltr'>πρώτη</span> <span class='ocrx_word' id='word_1_363' title='bbox 820 2180 898 2214; x_wconf 81' lang='grc' dir='ltr'>τάξις</span> 
     </span>
    </p>
   </div>
   <div class='ocr_carea' id='block_1_48' title="bbox 105 2226 895 2263">
    <p class='ocr_par' dir='ltr' id='par_1_48' title="bbox 105 2226 895 2263">
     <span class='ocr_line' id='line_1_48' title="bbox 105 2226 895 2263; baseline 0.001 -11"><span class='ocrx_word' id='word_1_364' title='bbox 105 2226 153 2253; x_wconf 82' lang='grc' dir='ltr'>καὶ</span> <span class='ocrx_word' id='word_1_365' title='bbox 174 2227 242 2262; x_wconf 74' lang='grc' dir='ltr'>μέση</span> <span class='ocrx_word' id='word_1_366' title='bbox 253 2235 259 2240; x_wconf 92' lang='grc'><strong>·</strong></span> <span class='ocrx_word' id='word_1_367' title='bbox 278 2227 292 2252; x_wconf 87' lang='lat'><strong>6</strong></span> <span class='ocrx_word' id='word_1_368' title='bbox 307 2226 362 2262; x_wconf 84' lang='grc' dir='ltr'><strong>γὰρ</strong></span> <span class='ocrx_word' id='word_1_369' title='bbox 380 2227 558 2262; x_wconf 82' lang='grc' dir='ltr'>ὑπωπιασμὺς</span> <span class='ocrx_word' id='word_1_370' title='bbox 574 2227 623 2263; x_wconf 86' lang='grc' dir='ltr'>τῆς</span> <span class='ocrx_word' id='word_1_371' title='bbox 640 2227 740 2263; x_wconf 85' lang='grc' dir='ltr'>σαρκὸς</span> <span class='ocrx_word' id='word_1_372' title='bbox 757 2226 861 2262; x_wconf 86' lang='grc' dir='ltr'>πρώτη,</span> <span class='ocrx_word' id='word_1_373' title='bbox 879 2226 895 2261; x_wconf 83' lang='grc' dir='ltr'>ὴ</span> 
     </span>
    </p>
   </div>
   <div class='ocr_carea' id='block_1_49' title="bbox 103 2271 895 2308">
    <p class='ocr_par' dir='ltr' id='par_1_49' title="bbox 103 2271 895 2308">
     <span class='ocr_line' id='line_1_49' title="bbox 103 2271 895 2308; baseline -0.001 -10"><span class='ocrx_word' id='word_1_374' title='bbox 103 2272 133 2298; x_wconf 82' lang='grc' dir='ltr'>δὲ</span> <span class='ocrx_word' id='word_1_375' title='bbox 149 2271 317 2305; x_wconf 81' lang='grc' dir='ltr'>δουλαγωγία</span> <span class='ocrx_word' id='word_1_376' title='bbox 329 2272 377 2306; x_wconf 83' lang='grc' dir='ltr'><strong>τῆς</strong></span> <span class='ocrx_word' id='word_1_377' title='bbox 388 2271 528 2307; x_wconf 79' lang='grc' dir='ltr'>ἐμπαθοῠς</span> <span class='ocrx_word' id='word_1_378' title='bbox 543 2271 669 2308; x_wconf 78' lang='grc' dir='ltr'>ὀρέξεως,</span> <span class='ocrx_word' id='word_1_379' title='bbox 686 2271 809 2307; x_wconf 87' lang='grc' dir='ltr'>δευτέρα,</span> <span class='ocrx_word' id='word_1_380' title='bbox 822 2271 852 2297; x_wconf 86' lang='grc' dir='ltr'>τὸ</span> <span class='ocrx_word' id='word_1_381' title='bbox 868 2271 895 2297; x_wconf 79' lang='grc' dir='ltr'>δὲ</span> 
     </span>
    </p>
   </div>
   <div class='ocr_carea' id='block_1_50' title="bbox 103 2317 897 2352">
    <p class='ocr_par' dir='ltr' id='par_1_50' title="bbox 103 2317 897 2352">
     <span class='ocr_line' id='line_1_50' title="bbox 103 2317 897 2352; baseline 0.001 -10"><span class='ocrx_word' id='word_1_382' title='bbox 103 2317 226 2352; x_wconf 81' lang='grc' dir='ltr'>δόκιμον,</span> <span class='ocrx_word' id='word_1_383' title='bbox 236 2317 389 2344; x_wconf 81' lang='grc' dir='ltr'>τελευταῖον</span> <span class='ocrx_word' id='word_1_384' title='bbox 404 2317 451 2344; x_wconf 74' lang='grc' dir='ltr'>καὶ</span> <span class='ocrx_word' id='word_1_385' title='bbox 461 2317 571 2345; x_wconf 86' lang='grc' dir='ltr'>τέλειον.</span> <span class='ocrx_word' id='word_1_386' title='bbox 588 2318 624 2344; x_wconf 86' lang='grc' dir='ltr'><em>Ἢ</em></span> <span class='ocrx_word' id='word_1_387' title='bbox 634 2318 675 2344; x_wconf 80' lang='grc' dir='ltr'>ὅτι</span> <span class='ocrx_word' id='word_1_388' title='bbox 687 2318 720 2344; x_wconf 78' lang='grc' dir='ltr'>ἐκ</span> <span class='ocrx_word' id='word_1_389' title='bbox 730 2317 785 2344; x_wconf 82' lang='grc' dir='ltr'>τῶν</span> <span class='ocrx_word' id='word_1_390' title='bbox 796 2317 897 2344; x_wconf 82' lang='grc' dir='ltr'>ἁπλου-</span> 
     </span>
    </p>
   </div>
   <div class='ocr_carea' id='block_1_51' title="bbox 105 2362 896 2399">
    <p class='ocr_par' dir='ltr' id='par_1_51' title="bbox 105 2362 896 2399">
     <span class='ocr_line' id='line_1_51' title="bbox 105 2362 896 2399; baseline 0.003 -11"><span class='ocrx_word' id='word_1_391' title='bbox 105 2362 212 2398; x_wconf 83' lang='grc' dir='ltr'>στέρων</span> <span class='ocrx_word' id='word_1_392' title='bbox 229 2363 364 2398; x_wconf 82' lang='grc' dir='ltr'>μυήσεων,</span> <span class='ocrx_word' id='word_1_393' title='bbox 379 2363 446 2399; x_wconf 84' lang='grc' dir='ltr'>ὅπερ</span> <span class='ocrx_word' id='word_1_394' title='bbox 467 2363 601 2397; x_wconf 75' lang='grc' dir='ltr'>γάλακτος</span> <span class='ocrx_word' id='word_1_395' title='bbox 623 2363 753 2399; x_wconf 77' lang='grc' dir='ltr'>ποτισμὸν</span> <span class='ocrx_word' id='word_1_396' title='bbox 768 2363 896 2390; x_wconf 76' lang='grc' dir='ltr'>ἐκάλεσεν</span> 
     </span>
    </p>
   </div>
   <div class='ocr_carea' id='block_1_52' title="bbox 102 2409 898 2446">
    <p class='ocr_par' dir='ltr' id='par_1_52' title="bbox 102 2409 898 2446">
     <span class='ocr_line' id='line_1_52' title="bbox 102 2409 898 2446; baseline 0.003 -11"><span class='ocrx_word' id='word_1_397' title='bbox 102 2409 118 2435; x_wconf 90' lang='lat'><strong>6</strong></span> <span class='ocrx_word' id='word_1_398' title='bbox 137 2409 307 2441; x_wconf 80' lang='grc' dir='ltr'>’Δπόσ-τολος,</span> <span class='ocrx_word' id='word_1_399' title='bbox 328 2411 391 2446; x_wconf 78' lang='grc' dir='ltr'>περὶ</span> <span class='ocrx_word' id='word_1_400' title='bbox 407 2410 442 2437; x_wconf 87' lang='grc' dir='ltr'><strong>τὰ</strong></span> <span class='ocrx_word' id='word_1_401' title='bbox 459 2411 539 2446; x_wconf 79' lang='grc' dir='ltr'>μέσα,</span> <span class='ocrx_word' id='word_1_402' title='bbox 558 2410 605 2437; x_wconf 75' lang='grc' dir='ltr'>καὶ</span> <span class='ocrx_word' id='word_1_403' title='bbox 624 2411 657 2437; x_wconf 83' lang='grc' dir='ltr'>ὲκ</span> <span class='ocrx_word' id='word_1_404' title='bbox 670 2410 770 2437; x_wconf 84' lang='grc' dir='ltr'>τούτων</span> <span class='ocrx_word' id='word_1_405' title='bbox 784 2410 852 2446; x_wconf 86' lang='grc' dir='ltr'>πρὸς</span> <span class='ocrx_word' id='word_1_406' title='bbox 863 2410 898 2437; x_wconf 77' lang='grc' dir='ltr'>τὰ</span> 
     </span>
    </p>
   </div>
   <div class='ocr_carea' id='block_1_53' title="bbox 105 2448 897 2493">
    <p class='ocr_par' dir='ltr' id='par_1_53' title="bbox 105 2448 897 2493">
     <span class='ocr_line' id='line_1_53' title="bbox 105 2448 897 2493; baseline 0.004 -13"><span class='ocrx_word' id='word_1_407' title='bbox 105 2448 229 2490; x_wconf 60' lang='grc' dir='ltr'>μείζονα,</span> <span class='ocrx_word' id='word_1_408' title='bbox 242 2456 325 2490; x_wconf 74' lang='grc' dir='ltr'>ἧγουν</span> <span class='ocrx_word' id='word_1_409' title='bbox 345 2456 394 2491; x_wconf 82' lang='grc' dir='ltr'>τὴν</span> <span class='ocrx_word' id='word_1_410' title='bbox 410 2456 465 2483; x_wconf 85' lang='grc' dir='ltr'>τῶν</span> <span class='ocrx_word' id='word_1_411' title='bbox 482 2457 593 2484; x_wconf 86' lang='grc' dir='ltr'>τελείων</span> <span class='ocrx_word' id='word_1_412' title='bbox 610 2457 712 2493; x_wconf 83' lang='grc' dir='ltr'>τροφὴν</span> <span class='ocrx_word' id='word_1_413' title='bbox 729 2456 897 2492; x_wconf 83' lang='grc' dir='ltr'>ἀναγόμεθα,</span> 
     </span>
    </p>
   </div>
   <div class='ocr_carea' id='block_1_54' title="bbox 102 2501 897 2540">
    <p class='ocr_par' dir='ltr' id='par_1_54' title="bbox 102 2501 897 2540">
     <span class='ocr_line' id='line_1_54' title="bbox 102 2501 897 2540; baseline 0.001 -12"><span class='ocrx_word' id='word_1_414' title='bbox 102 2501 117 2528; x_wconf 80' lang='grc' dir='ltr'>ὃ</span> <span class='ocrx_word' id='word_1_415' title='bbox 134 2502 182 2528; x_wconf 73' lang='grc' dir='ltr'>καὶ</span> <span class='ocrx_word' id='word_1_416' title='bbox 194 2502 223 2527; x_wconf 81' lang='grc' dir='ltr'>ἐν</span> <span class='ocrx_word' id='word_1_417' title='bbox 231 2502 406 2536; x_wconf 77' lang='grc' dir='ltr'>Εὑαγγελίοις</span> <span class='ocrx_word' id='word_1_418' title='bbox 417 2504 431 2530; x_wconf 89' lang='lat'><strong>6</strong></span> <span class='ocrx_word' id='word_1_419' title='bbox 442 2503 544 2539; x_wconf 82' lang='grc' dir='ltr'>Κύριος</span> <span class='ocrx_word' id='word_1_420' title='bbox 555 2503 640 2540; x_wconf 85' lang='grc' dir='ltr'>δηλοῖ,</span> <span class='ocrx_word' id='word_1_421' title='bbox 654 2503 740 2538; x_wconf 81' lang='grc' dir='ltr'>λέγων</span> <span class='ocrx_word' id='word_1_422' title='bbox 753 2503 821 2539; x_wconf 79' lang='grc' dir='ltr'>πρὸς</span> <span class='ocrx_word' id='word_1_423' title='bbox 833 2503 897 2534; x_wconf 79' lang='grc' dir='ltr'>τοὺς</span> 
     </span>
    </p>
   </div>
   <div class='ocr_carea' id='block_1_55' title="bbox 103 2546 897 2583">
    <p class='ocr_par' dir='ltr' id='par_1_55' title="bbox 103 2546 897 2583">
     <span class='ocr_line' id='line_1_55' title="bbox 103 2546 897 2583; baseline 0.004 -11"><span class='ocrx_word' id='word_1_424' title='bbox 103 2546 200 2580; x_wconf 82' lang='grc' dir='ltr'>ἁγίους</span> <span class='ocrx_word' id='word_1_425' title='bbox 212 2547 387 2579; x_wconf 85' lang='grc' dir='ltr'>ἀποστόλους.</span> <span class='ocrx_word' id='word_1_426' title='bbox 403 2549 506 2575; x_wconf 78' lang='grc' dir='ltr'><em>Πολλὰ</em></span> <span class='ocrx_word' id='word_1_427' title='bbox 516 2549 531 2575; x_wconf 87' lang='grc' dir='ltr'><strong><em>ἓ</em></strong></span> <span class='ocrx_word' id='word_1_428' title='bbox 533 2557 575 2582; x_wconf 85' lang='grc' dir='ltr'>χω</span> <span class='ocrx_word' id='word_1_429' title='bbox 584 2548 684 2583; x_wconf 79' lang='grc' dir='ltr'>λέγειν</span> <span class='ocrx_word' id='word_1_430' title='bbox 691 2548 772 2582; x_wconf 78' lang='grc' dir='ltr'><strong>ἡμῖν,</strong></span> <span class='ocrx_word' id='word_1_431' title='bbox 781 2548 850 2574; x_wconf 77' lang='grc' dir='ltr'><strong>ἀλλ’</strong></span> <span class='ocrx_word' id='word_1_432' title='bbox 860 2548 897 2575; x_wconf 85' lang='grc' dir='ltr'>οὐ</span> 
     </span>
    </p>
   </div>
   <div class='ocr_carea' id='block_1_56' title="bbox 103 2592 896 2630">
    <p class='ocr_par' dir='ltr' id='par_1_56' title="bbox 103 2592 896 2630">
     <span class='ocr_line' id='line_1_56' title="bbox 103 2592 896 2630; baseline 0.003 -12"><span class='ocrx_word' id='word_1_433' title='bbox 103 2592 238 2619; x_wconf 79' lang='grc' dir='ltr'>δύνασθε</span> <span class='ocrx_word' id='word_1_434' title='bbox 253 2592 414 2625; x_wconf 78' lang='grc' dir='ltr'>βαστάζειν</span> <span class='ocrx_word' id='word_1_435' title='bbox 430 2593 505 2628; x_wconf 78' lang='grc' dir='ltr'>ἄρτι.</span> <span class='ocrx_word' id='word_1_436' title='bbox 524 2595 555 2620; x_wconf 81' lang='lat' dir='ltr'><strong>El</strong></span> <span class='ocrx_word' id='word_1_437' title='bbox 568 2594 596 2621; x_wconf 83' lang='grc' dir='ltr'>δὲ</span> <span class='ocrx_word' id='word_1_438' title='bbox 611 2593 707 2627; x_wconf 84' lang='grc' dir='ltr'>θέλεις,</span> <span class='ocrx_word' id='word_1_439' title='bbox 721 2595 772 2630; x_wconf 77' lang='grc' dir='ltr'>ὅρα</span> <span class='ocrx_word' id='word_1_440' title='bbox 789 2594 835 2620; x_wconf 72' lang='grc' dir='ltr'>καὶ</span> <span class='ocrx_word' id='word_1_441' title='bbox 847 2593 896 2629; x_wconf 86' lang='grc' dir='ltr'>τὴν</span> 
     </span>
    </p>
   </div>
   <div class='ocr_carea' id='block_1_57' title="bbox 103 2637 893 2675">
    <p class='ocr_par' dir='ltr' id='par_1_57' title="bbox 103 2637 893 2675">
     <span class='ocr_line' id='line_1_57' title="bbox 103 2637 893 2675; baseline 0.003 -11"><span class='ocrx_word' id='word_1_442' title='bbox 103 2637 263 2673; x_wconf 85' lang='grc' dir='ltr'>παραδοχὴν</span> <span class='ocrx_word' id='word_1_443' title='bbox 279 2638 327 2665; x_wconf 82' lang='grc' dir='ltr'>τοῦ</span> <span class='ocrx_word' id='word_1_444' title='bbox 341 2639 474 2673; x_wconf 86' lang='grc' dir='ltr'>παναγίου</span> <span class='ocrx_word' id='word_1_445' title='bbox 488 2639 646 2675; x_wconf 82' lang='grc' dir='ltr'>Πνεύματος</span> <span class='ocrx_word' id='word_1_446' title='bbox 661 2640 690 2666; x_wconf 82' lang='grc' dir='ltr'>ὲν</span> <span class='ocrx_word' id='word_1_447' title='bbox 705 2641 762 2671; x_wconf 84' lang='grc' dir='ltr'>τοῖς</span> <span class='ocrx_word' id='word_1_448' title='bbox 777 2639 893 2666; x_wconf 82' lang='grc' dir='ltr'>ἀποστό-</span> 
     </span>
    </p>
   </div>
   <div class='ocr_carea' id='block_1_58' title="bbox 103 2685 896 2722">
    <p class='ocr_par' dir='ltr' id='par_1_58' title="bbox 103 2685 896 2722">
     <span class='ocr_line' id='line_1_58' title="bbox 103 2685 896 2722; baseline 0.003 -11"><span class='ocrx_word' id='word_1_449' title='bbox 103 2685 174 2716; x_wconf 75' lang='grc' dir='ltr'>λοις’</span> <span class='ocrx_word' id='word_1_450' title='bbox 193 2685 271 2719; x_wconf 79' lang='grc' dir='ltr'>ἐδόθη</span> <span class='ocrx_word' id='word_1_451' title='bbox 288 2685 342 2720; x_wconf 83' lang='grc' dir='ltr'>γὰρ</span> <span class='ocrx_word' id='word_1_452' title='bbox 353 2685 441 2717; x_wconf 78' lang='grc' dir='ltr'>τοῦτο,</span> <span class='ocrx_word' id='word_1_453' title='bbox 459 2686 567 2721; x_wconf 85' lang='grc' dir='ltr'>πρῶτον</span> <span class='ocrx_word' id='word_1_454' title='bbox 585 2687 634 2721; x_wconf 84' lang='grc' dir='ltr'><strong>μὲν</strong></span> <span class='ocrx_word' id='word_1_455' title='bbox 649 2686 689 2718; x_wconf 76' lang='grc' dir='ltr'>εἰς</span> <span class='ocrx_word' id='word_1_456' title='bbox 706 2687 816 2722; x_wconf 87' lang='grc' dir='ltr'>σημεῖα,</span> <span class='ocrx_word' id='word_1_457' title='bbox 837 2686 896 2713; x_wconf 87' lang='grc' dir='ltr'>δεύ-</span> 
     </span>
    </p>
   </div>
   <div class='ocr_carea' id='block_1_59' title="bbox 103 2731 898 2768">
    <p class='ocr_par' dir='ltr' id='par_1_59' title="bbox 103 2731 898 2768">
     <span class='ocr_line' id='line_1_59' title="bbox 103 2731 898 2768; baseline 0.004 -11"><span class='ocrx_word' id='word_1_458' title='bbox 103 2739 184 2767; x_wconf 51' lang='grc' dir='ltr'>τερον</span> <span class='ocrx_word' id='word_1_459' title='bbox 207 2731 236 2757; x_wconf 82' lang='grc' dir='ltr'>δὲ</span> <span class='ocrx_word' id='word_1_460' title='bbox 258 2731 291 2758; x_wconf 80' lang='grc' dir='ltr'><strong>δι’</strong></span> <span class='ocrx_word' id='word_1_461' title='bbox 314 2732 510 2768; x_wconf 82' lang='grc' dir='ltr'>ὲμφυσήσεως,</span> <span class='ocrx_word' id='word_1_462' title='bbox 536 2732 584 2758; x_wconf 73' lang='grc' dir='ltr'>καὶ</span> <span class='ocrx_word' id='word_1_463' title='bbox 604 2732 694 2768; x_wconf 80' lang='grc' dir='ltr'>τρίτον</span> <span class='ocrx_word' id='word_1_464' title='bbox 717 2733 745 2760; x_wconf 76' lang='grc' dir='ltr'>ἐν</span> <span class='ocrx_word' id='word_1_465' title='bbox 771 2733 898 2768; x_wconf 88' lang='grc' dir='ltr'>πυρίναις</span> 
     </span>
    </p>
   </div>
   <div class='ocr_carea' id='block_1_60' title="bbox 106 2777 898 2815">
    <p class='ocr_par' dir='ltr' id='par_1_60' title="bbox 106 2777 898 2815">
     <span class='ocr_line' id='line_1_60' title="bbox 106 2777 898 2815; baseline 0.003 -11"><span class='ocrx_word' id='word_1_466' title='bbox 106 2777 255 2812; x_wconf 87' lang='grc' dir='ltr'>γλώσσαις,</span> <span class='ocrx_word' id='word_1_467' title='bbox 271 2777 424 2812; x_wconf 81' lang='grc' dir='ltr'>οὐσιωδῶς,</span> <span class='ocrx_word' id='word_1_468' title='bbox 442 2779 479 2811; x_wconf 81' lang='grc' dir='ltr'>ὡς</span> <span class='ocrx_word' id='word_1_469' title='bbox 495 2779 527 2807; x_wconf 81' lang='grc' dir='ltr'>ἂν</span> <span class='ocrx_word' id='word_1_470' title='bbox 545 2780 616 2807; x_wconf 82' lang='grc' dir='ltr'>εἴποι</span> <span class='ocrx_word' id='word_1_471' title='bbox 632 2788 683 2812; x_wconf 85' lang='grc' dir='ltr'>τις,</span> <span class='ocrx_word' id='word_1_472' title='bbox 702 2779 772 2807; x_wconf 76' lang='grc' dir='ltr'>κατὰ</span> <span class='ocrx_word' id='word_1_473' title='bbox 786 2780 832 2806; x_wconf 81' lang='grc' dir='ltr'>τὸν</span> <span class='ocrx_word' id='word_1_474' title='bbox 850 2779 898 2815; x_wconf 78' lang='grc' dir='ltr'><strong>μέ-</strong></span> 
     </span>
    </p>
   </div>
   <div class='ocr_carea' id='block_1_61' title="bbox 145 2867 393 2901">
    <p class='ocr_par' dir='ltr' id='par_1_61' title="bbox 145 2867 393 2901">
     <span class='ocr_line' id='line_1_61' title="bbox 145 2867 393 2901; baseline 0 -7"><span class='ocrx_word' id='word_1_475' title='bbox 145 2875 156 2889; x_wconf 76' lang='grc' dir='ltr'><strong>ι</strong></span> <span class='ocrx_word' id='word_1_476' title='bbox 171 2867 177 2894; x_wconf 95' lang='lat' dir='ltr'><strong>l</strong></span> <span class='ocrx_word' id='word_1_477' title='bbox 194 2867 260 2895; x_wconf 83' lang='lat' dir='ltr'><strong>Cor.</strong></span> <span class='ocrx_word' id='word_1_478' title='bbox 285 2875 323 2901; x_wconf 82' lang='lat' dir='ltr'><strong>tx,</strong></span> <span class='ocrx_word' id='word_1_479' title='bbox 347 2867 393 2894; x_wconf 73' lang='lat'><strong>‘27.</strong></span> 
     </span>
    </p>
   </div>
   <div class='ocr_carea' id='block_1_62' title="bbox 954 243 1741 279">
    <p class='ocr_par' dir='ltr' id='par_1_62' title="bbox 954 243 1741 279">
     <span class='ocr_line' id='line_1_62' title="bbox 954 243 1741 279; baseline 0.013 -11"><span class='ocrx_word' id='word_1_480' title='bbox 954 243 1088 271; x_wconf 85' lang='lat' dir='ltr'><strong>vinissimi</strong></span> <span class='ocrx_word' id='word_1_481' title='bbox 1102 245 1240 279; x_wconf 89' lang='lat' dir='ltr'><strong>seraphim</strong></span> <span class='ocrx_word' id='word_1_482' title='bbox 1256 246 1326 273; x_wconf 90' lang='lat' dir='ltr'><strong>alter</strong></span> <span class='ocrx_word' id='word_1_483' title='bbox 1340 247 1372 273; x_wconf 82' lang='lat' dir='ltr'><strong>:ul</strong></span> <span class='ocrx_word' id='word_1_484' title='bbox 1387 247 1502 276; x_wconf 80' lang='lat' dir='ltr'><strong>alterum</strong></span> <span class='ocrx_word' id='word_1_485' title='bbox 1519 250 1638 277; x_wconf 85' lang='lat' dir='ltr'><strong>clamant</strong></span> <span class='ocrx_word' id='word_1_486' title='bbox 1651 252 1741 278; x_wconf 75' lang='lat' dir='ltr'><strong>Inces-</strong></span> 
     </span>
    </p>
   </div>
   <div class='ocr_carea' id='block_1_63' title="bbox 952 289 1742 329">
    <p class='ocr_par' dir='ltr' id='par_1_63' title="bbox 952 289 1742 329">
     <span class='ocr_line' id='line_1_63' title="bbox 952 289 1742 329; baseline 0.011 -14"><span class='ocrx_word' id='word_1_487' title='bbox 952 289 1065 317; x_wconf 88' lang='lat' dir='ltr'><strong>sabilcm</strong></span> <span class='ocrx_word' id='word_1_488' title='bbox 1080 290 1152 317; x_wconf 80' lang='lat' dir='ltr'><strong>illam</strong></span> <span class='ocrx_word' id='word_1_489' title='bbox 1165 291 1378 327; x_wconf 71' lang='lat' dir='ltr'><strong>hymnologiam,</strong></span> <span class='ocrx_word' id='word_1_490' title='bbox 1397 294 1538 329; x_wconf 73' lang='lat' dir='ltr'><strong>Scriptura</strong></span> <span class='ocrx_word' id='word_1_491' title='bbox 1552 296 1615 324; x_wconf 89' lang='lat' dir='ltr'><strong>hinc</strong></span> <span class='ocrx_word' id='word_1_492' title='bbox 1630 296 1742 324; x_wconf 89' lang='lat' dir='ltr'><strong>demon-</strong></span> 
     </span>
    </p>
   </div>
   <div class='ocr_carea' id='block_1_64' title="bbox 952 338 1741 378">
    <p class='ocr_par' dir='ltr' id='par_1_64' title="bbox 952 338 1741 378">
     <span class='ocr_line' id='line_1_64' title="bbox 952 338 1741 378; baseline 0.011 -16"><span class='ocrx_word' id='word_1_493' title='bbox 952 341 1065 369; x_wconf 90' lang='lat' dir='ltr'><strong>strante,</strong></span> <span class='ocrx_word' id='word_1_494' title='bbox 1094 338 1198 372; x_wconf 83' lang='lat' dir='ltr'><strong>primos</strong></span> <span class='ocrx_word' id='word_1_495' title='bbox 1213 340 1392 373; x_wconf 83' lang='lat' dir='ltr'><strong>sequentibus</strong></span> <span class='ocrx_word' id='word_1_496' title='bbox 1414 342 1580 376; x_wconf 79' lang='lat' dir='ltr'><strong>theologicas</strong></span> <span class='ocrx_word' id='word_1_497' title='bbox 1599 343 1673 378; x_wconf 83' lang='lat' dir='ltr'><strong>ipsas</strong></span> <span class='ocrx_word' id='word_1_498' title='bbox 1692 351 1741 370; x_wconf 83' lang='lat' dir='ltr'><strong>no-</strong></span> 
     </span>
    </p>
   </div>
   <div class='ocr_carea' id='block_1_65' title="bbox 952 382 1739 422">
    <p class='ocr_par' dir='ltr' id='par_1_65' title="bbox 952 382 1739 422">
     <span class='ocr_line' id='line_1_65' title="bbox 952 382 1739 422; baseline 0.01 -14"><span class='ocrx_word' id='word_1_499' title='bbox 952 382 1040 409; x_wconf 79' lang='lat' dir='ltr'><strong>tiones</strong></span> <span class='ocrx_word' id='word_1_500' title='bbox 1055 384 1270 412; x_wconf 81' lang='lat' dir='ltr'><strong>communicare.</strong></span> <span class='ocrx_word' id='word_1_501' title='bbox 1287 385 1480 422; x_wconf 80' lang='lat' dir='ltr'><strong>Theologicam</strong></span> <span class='ocrx_word' id='word_1_502' title='bbox 1492 393 1581 415; x_wconf 89' lang='lat' dir='ltr'><strong>autem</strong></span> <span class='ocrx_word' id='word_1_503' title='bbox 1597 389 1739 416; x_wconf 88' lang='lat' dir='ltr'><strong>notionem</strong></span> 
     </span>
    </p>
   </div>
   <div class='ocr_carea' id='block_1_66' title="bbox 951 429 1741 469">
    <p class='ocr_par' dir='ltr' id='par_1_66' title="bbox 951 429 1741 469">
     <span class='ocr_line' id='line_1_66' title="bbox 951 429 1741 469; baseline 0.009 -15"><span class='ocrx_word' id='word_1_504' title='bbox 951 433 1031 455; x_wconf 76' lang='lat' dir='ltr'><strong>vocat</strong></span> <span class='ocrx_word' id='word_1_505' title='bbox 1046 429 1175 464; x_wconf 85' lang='lat' dir='ltr'><strong>hymnum</strong></span> <span class='ocrx_word' id='word_1_506' title='bbox 1189 430 1274 464; x_wconf 90' lang='lat' dir='ltr'><strong>illum,</strong></span> <span class='ocrx_word' id='word_1_507' title='bbox 1289 431 1315 458; x_wconf 93' lang='lat' dir='ltr'><strong>in</strong></span> <span class='ocrx_word' id='word_1_508' title='bbox 1330 440 1383 466; x_wconf 86' lang='lat' dir='ltr'><strong>quo</strong></span> <span class='ocrx_word' id='word_1_509' title='bbox 1398 439 1439 460; x_wconf 91' lang='lat' dir='ltr'><strong>ter</strong></span> <span class='ocrx_word' id='word_1_510' title='bbox 1453 433 1572 460; x_wconf 88' lang='lat' dir='ltr'><strong>Sanctus</strong></span> <span class='ocrx_word' id='word_1_511' title='bbox 1583 434 1741 469; x_wconf 83' lang='lat' dir='ltr'><strong>pronuntia-</strong></span> 
     </span>
    </p>
   </div>
   <div class='ocr_carea' id='block_1_67' title="bbox 952 475 1738 512">
    <p class='ocr_par' dir='ltr' id='par_1_67' title="bbox 952 475 1738 512">
     <span class='ocr_line' id='line_1_67' title="bbox 952 475 1738 512; baseline 0.01 -13"><span class='ocrx_word' id='word_1_512' title='bbox 952 477 996 500; x_wconf 90' lang='lat' dir='ltr'><strong>tur</strong></span> <span class='ocrx_word' id='word_1_513' title='bbox 1016 482 1023 500; x_wconf 86' lang='lat'><strong>:</strong></span> <span class='ocrx_word' id='word_1_514' title='bbox 1049 475 1150 502; x_wconf 85' lang='lat' dir='ltr'><strong>etenim</strong></span> <span class='ocrx_word' id='word_1_515' title='bbox 1174 480 1229 503; x_wconf 86' lang='lat' dir='ltr'><strong>tres</strong></span> <span class='ocrx_word' id='word_1_516' title='bbox 1254 482 1364 504; x_wconf 86' lang='lat' dir='ltr'><strong>sanctas</strong></span> <span class='ocrx_word' id='word_1_517' title='bbox 1390 477 1554 512; x_wconf 81' lang='lat' dir='ltr'><strong>llypostases</strong></span> <span class='ocrx_word' id='word_1_518' title='bbox 1580 481 1608 506; x_wconf 89' lang='lat' dir='ltr'><strong>in</strong></span> <span class='ocrx_word' id='word_1_519' title='bbox 1632 479 1738 506; x_wconf 87' lang='lat' dir='ltr'><strong>unicam</strong></span> 
     </span>
    </p>
   </div>
   <div class='ocr_carea' id='block_1_68' title="bbox 952 519 1738 561">
    <p class='ocr_par' dir='ltr' id='par_1_68' title="bbox 952 519 1738 561">
     <span class='ocr_line' id='line_1_68' title="bbox 952 519 1738 561; baseline 0.008 -16"><span class='ocrx_word' id='word_1_520' title='bbox 952 519 1164 548; x_wconf 86' lang='lat' dir='ltr'><strong>dominationem</strong></span> <span class='ocrx_word' id='word_1_521' title='bbox 1178 529 1210 549; x_wconf 88' lang='lat' dir='ltr'><strong>ac</strong></span> <span class='ocrx_word' id='word_1_522' title='bbox 1223 522 1356 550; x_wconf 88' lang='lat' dir='ltr'><strong>Deitatem</strong></span> <span class='ocrx_word' id='word_1_523' title='bbox 1373 529 1503 552; x_wconf 79' lang='lat' dir='ltr'><strong>coeuntes</strong></span> <span class='ocrx_word' id='word_1_524' title='bbox 1512 525 1562 561; x_wconf 82' lang='lat' dir='ltr'><strong>ipsi</strong></span> <span class='ocrx_word' id='word_1_525' title='bbox 1572 525 1738 557; x_wconf 77' lang='lat' dir='ltr'><strong>didicerunt,</strong></span> 
     </span>
    </p>
   </div>
   <div class='ocr_carea' id='block_1_69' title="bbox 951 567 1333 601">
    <p class='ocr_par' dir='ltr' id='par_1_69' title="bbox 951 567 1333 601">
     <span class='ocr_line' id='line_1_69' title="bbox 951 567 1333 601; baseline 0.013 -10"><span class='ocrx_word' id='word_1_526' title='bbox 951 570 979 591; x_wconf 91' lang='lat' dir='ltr'><strong>et</strong></span> <span class='ocrx_word' id='word_1_527' title='bbox 993 573 1041 593; x_wconf 88' lang='lat' dir='ltr'><strong>nos</strong></span> <span class='ocrx_word' id='word_1_528' title='bbox 1053 573 1102 601; x_wconf 88' lang='lat' dir='ltr'><strong>per</strong></span> <span class='ocrx_word' id='word_1_529' title='bbox 1115 567 1174 594; x_wconf 86' lang='lat' dir='ltr'><strong>illos</strong></span> <span class='ocrx_word' id='word_1_530' title='bbox 1191 568 1333 596; x_wconf 88' lang='lat' dir='ltr'><strong>discimus.</strong></span> 
     </span>
    </p>
   </div>
   <div class='ocr_carea' id='block_1_70' title="bbox 988 613 1741 650">
    <p class='ocr_par' dir='ltr' id='par_1_70' title="bbox 988 613 1741 650">
     <span class='ocr_line' id='line_1_70' title="bbox 988 613 1741 650; baseline 0.009 -11"><span class='ocrx_word' id='word_1_531' title='bbox 988 613 1001 650; x_wconf 66' lang='grc' dir='ltr'><strong>ς</strong></span> <span class='ocrx_word' id='word_1_532' title='bbox 1019 613 1060 640; x_wconf 95' lang='lat' dir='ltr'><strong>Ill.</strong></span> <span class='ocrx_word' id='word_1_533' title='bbox 1077 613 1117 641; x_wconf 86' lang='lat' dir='ltr'><strong>Ad</strong></span> <span class='ocrx_word' id='word_1_534' title='bbox 1127 614 1184 641; x_wconf 68' lang='lat' dir='ltr'><strong>haec</strong></span> <span class='ocrx_word' id='word_1_535' title='bbox 1196 615 1270 642; x_wconf 89' lang='lat' dir='ltr'><strong>addit</strong></span> <span class='ocrx_word' id='word_1_536' title='bbox 1283 617 1366 643; x_wconf 83' lang='lat' dir='ltr'><strong>etiam</strong></span> <span class='ocrx_word' id='word_1_537' title='bbox 1381 617 1551 645; x_wconf 86' lang='lat' dir='ltr'><strong>subtiliorem</strong></span> <span class='ocrx_word' id='word_1_538' title='bbox 1570 618 1741 646; x_wconf 80' lang='lat' dir='ltr'><strong>demonstra-</strong></span> 
     </span>
    </p>
   </div>
   <div class='ocr_carea' id='block_1_71' title="bbox 952 659 1739 697">
    <p class='ocr_par' dir='ltr' id='par_1_71' title="bbox 952 659 1739 697">
     <span class='ocr_line' id='line_1_71' title="bbox 952 659 1739 697; baseline 0.009 -12"><span class='ocrx_word' id='word_1_539' title='bbox 952 659 1053 686; x_wconf 87' lang='lat' dir='ltr'><strong>tionem</strong></span> <span class='ocrx_word' id='word_1_540' title='bbox 1078 660 1148 688; x_wconf 85' lang='lat' dir='ltr'><strong>bene</strong></span> <span class='ocrx_word' id='word_1_541' title='bbox 1171 661 1304 689; x_wconf 71' lang='lat' dir='ltr'><strong>ordinatae</strong></span> <span class='ocrx_word' id='word_1_542' title='bbox 1326 662 1352 689; x_wconf 94' lang='lat' dir='ltr'><strong>in</strong></span> <span class='ocrx_word' id='word_1_543' title='bbox 1376 663 1503 690; x_wconf 89' lang='lat' dir='ltr'><strong>omnibus</strong></span> <span class='ocrx_word' id='word_1_544' title='bbox 1525 664 1739 697; x_wconf 79' lang='lat' dir='ltr'><strong>constitutionis.</strong></span> 
     </span>
    </p>
   </div>
   <div class='ocr_carea' id='block_1_72' title="bbox 952 706 1739 742">
    <p class='ocr_par' dir='ltr' id='par_1_72' title="bbox 952 706 1739 742">
     <span class='ocr_line' id='line_1_72' title="bbox 952 706 1739 742; baseline 0.006 -10"><span class='ocrx_word' id='word_1_545' title='bbox 952 706 1055 740; x_wconf 80' lang='lat' dir='ltr'><strong>aitque,</strong></span> <span class='ocrx_word' id='word_1_546' title='bbox 1079 706 1231 741; x_wconf 82' lang='lat' dir='ltr'><strong>quamlibet</strong></span> <span class='ocrx_word' id='word_1_547' title='bbox 1250 715 1298 742; x_wconf 86' lang='lat' dir='ltr'><strong>per</strong></span> <span class='ocrx_word' id='word_1_548' title='bbox 1320 715 1349 735; x_wconf 84' lang='lat' dir='ltr'><strong>se</strong></span> <span class='ocrx_word' id='word_1_549' title='bbox 1372 709 1510 736; x_wconf 70' lang='lat' dir='ltr'><strong>caelestem</strong></span> <span class='ocrx_word' id='word_1_550' title='bbox 1538 717 1570 737; x_wconf 89' lang='lat' dir='ltr'><strong>ac</strong></span> <span class='ocrx_word' id='word_1_551' title='bbox 1595 710 1739 738; x_wconf 77' lang='lat' dir='ltr'><strong>humanam</strong></span> 
     </span>
    </p>
   </div>
   <div class='ocr_carea' id='block_1_73' title="bbox 952 752 1740 789">
    <p class='ocr_par' dir='ltr' id='par_1_73' title="bbox 952 752 1740 789">
     <span class='ocr_line' id='line_1_73' title="bbox 952 752 1740 789; baseline 0.008 -12"><span class='ocrx_word' id='word_1_552' title='bbox 952 756 1070 778; x_wconf 87' lang='lat' dir='ltr'><strong>mentem</strong></span> <span class='ocrx_word' id='word_1_553' title='bbox 1096 752 1248 786; x_wconf 82' lang='lat' dir='ltr'><strong>peculiares</strong></span> <span class='ocrx_word' id='word_1_554' title='bbox 1280 752 1381 781; x_wconf 83' lang='lat' dir='ltr'><strong>habere</strong></span> <span class='ocrx_word' id='word_1_555' title='bbox 1407 755 1510 789; x_wconf 85' lang='lat' dir='ltr'><strong>primas</strong></span> <span class='ocrx_word' id='word_1_556' title='bbox 1529 759 1557 782; x_wconf 87' lang='lat' dir='ltr'><strong>et</strong></span> <span class='ocrx_word' id='word_1_557' title='bbox 1578 755 1682 783; x_wconf 84' lang='lat' dir='ltr'><strong>medias</strong></span> <span class='ocrx_word' id='word_1_558' title='bbox 1707 764 1740 783; x_wconf 85' lang='lat' dir='ltr'><strong>ac</strong></span> 
     </span>
    </p>
   </div>
   <div class='ocr_carea' id='block_1_74' title="bbox 951 797 1740 832">
    <p class='ocr_par' dir='ltr' id='par_1_74' title="bbox 951 797 1740 832">
     <span class='ocr_line' id='line_1_74' title="bbox 951 797 1740 832; baseline 0.009 -10"><span class='ocrx_word' id='word_1_559' title='bbox 951 801 1105 831; x_wconf 83' lang='lat' dir='ltr'><strong>postremas</strong></span> <span class='ocrx_word' id='word_1_560' title='bbox 1118 797 1244 832; x_wconf 87' lang='lat' dir='ltr'><strong>virtutes,</strong></span> <span class='ocrx_word' id='word_1_561' title='bbox 1260 798 1287 825; x_wconf 95' lang='lat' dir='ltr'><strong>in</strong></span> <span class='ocrx_word' id='word_1_562' title='bbox 1307 799 1404 826; x_wconf 85' lang='lat' dir='ltr'><strong>ordine</strong></span> <span class='ocrx_word' id='word_1_563' title='bbox 1420 801 1454 827; x_wconf 88' lang='lat' dir='ltr'><strong>ad</strong></span> <span class='ocrx_word' id='word_1_564' title='bbox 1467 801 1554 828; x_wconf 88' lang='lat' dir='ltr'><strong>dictas</strong></span> <span class='ocrx_word' id='word_1_565' title='bbox 1565 801 1740 829; x_wconf 87' lang='lat' dir='ltr'><strong>adductiones</strong></span> 
     </span>
    </p>
   </div>
   <div class='ocr_carea' id='block_1_75' title="bbox 952 840 1739 879">
    <p class='ocr_par' dir='ltr' id='par_1_75' title="bbox 952 840 1739 879">
     <span class='ocr_line' id='line_1_75' title="bbox 952 840 1739 879; baseline 0.01 -14"><span class='ocrx_word' id='word_1_566' title='bbox 952 846 983 866; x_wconf 88' lang='lat' dir='ltr'><strong>ac</strong></span> <span class='ocrx_word' id='word_1_567' title='bbox 995 840 1230 868; x_wconf 75' lang='lat' dir='ltr'><strong>manifestationes</strong></span> <span class='ocrx_word' id='word_1_568' title='bbox 1247 851 1255 868; x_wconf 88' lang='lat'><strong>:</strong></span> <span class='ocrx_word' id='word_1_569' title='bbox 1273 842 1395 878; x_wconf 80' lang='lat' dir='ltr'><strong>intellige</strong></span> <span class='ocrx_word' id='word_1_570' title='bbox 1419 844 1613 879; x_wconf 77' lang='lat' dir='ltr'><strong>expiationem,</strong></span> <span class='ocrx_word' id='word_1_571' title='bbox 1639 846 1739 873; x_wconf 88' lang='lat' dir='ltr'><strong>illumi-</strong></span> 
     </span>
    </p>
   </div>
   <div class='ocr_carea' id='block_1_76' title="bbox 921 884 1740 925">
    <p class='ocr_par' dir='ltr' id='par_1_76' title="bbox 921 884 1740 925">
     <span class='ocr_line' id='line_1_76' title="bbox 921 884 1740 925; baseline 0.006 -12"><span class='ocrx_word' id='word_1_572' title='bbox 921 884 942 912; x_wconf 85' lang='lat' dir='ltr'><strong>B</strong></span> <span class='ocrx_word' id='word_1_573' title='bbox 958 887 1095 914; x_wconf 84' lang='lat' dir='ltr'><strong>nationem</strong></span> <span class='ocrx_word' id='word_1_574' title='bbox 1112 894 1144 913; x_wconf 89' lang='lat' dir='ltr'><strong>ac</strong></span> <span class='ocrx_word' id='word_1_575' title='bbox 1159 886 1370 922; x_wconf 81' lang='lat' dir='ltr'><strong>perfectionem;</strong></span> <span class='ocrx_word' id='word_1_576' title='bbox 1383 889 1422 917; x_wconf 87' lang='lat' dir='ltr'><strong>sic</strong></span> <span class='ocrx_word' id='word_1_577' title='bbox 1439 890 1510 917; x_wconf 91' lang='lat' dir='ltr'><strong>enim</strong></span> <span class='ocrx_word' id='word_1_578' title='bbox 1527 891 1609 918; x_wconf 87' lang='lat' dir='ltr'><strong>etiam</strong></span> <span class='ocrx_word' id='word_1_579' title='bbox 1626 899 1740 925; x_wconf 89' lang='lat' dir='ltr'><strong>propor-</strong></span> 
     </span>
    </p>
   </div>
   <div class='ocr_carea' id='block_1_77' title="bbox 911 2256 934 2284">
    <p class='ocr_par' dir='ltr' id='par_1_77' title="bbox 911 2256 934 2284">
     <span class='ocr_line' id='line_1_77' title="bbox 911 2256 934 2284; baseline 0 0"><span class='ocrx_word' id='word_1_580' title='bbox 911 2256 934 2284; x_wconf 89' lang='lat' dir='ltr'><strong>D</strong></span> 
     </span>
    </p>
   </div>
   <div class='ocr_carea' id='block_1_78' title="bbox 948 933 1739 971">
    <p class='ocr_par' dir='ltr' id='par_1_78' title="bbox 948 933 1739 971">
     <span class='ocr_line' id='line_1_78' title="bbox 948 933 1739 971; baseline 0.008 -13"><span class='ocrx_word' id='word_1_581' title='bbox 948 933 1024 959; x_wconf 89' lang='lat' dir='ltr'><strong>tione</strong></span> <span class='ocrx_word' id='word_1_582' title='bbox 1035 938 1166 967; x_wconf 84' lang='lat' dir='ltr'><strong>apparent</strong></span> <span class='ocrx_word' id='word_1_583' title='bbox 1180 933 1390 967; x_wconf 85' lang='lat' dir='ltr'><strong>illustrationes,</strong></span> <span class='ocrx_word' id='word_1_584' title='bbox 1411 937 1560 962; x_wconf 89' lang='lat' dir='ltr'><strong>secundum</strong></span> <span class='ocrx_word' id='word_1_585' title='bbox 1573 943 1642 970; x_wconf 88' lang='lat' dir='ltr'><strong>quas</strong></span> <span class='ocrx_word' id='word_1_586' title='bbox 1657 937 1739 971; x_wconf 92' lang='lat' dir='ltr'><strong>quili-</strong></span> 
     </span>
    </p>
   </div>
   <div class='ocr_carea' id='block_1_79' title="bbox 948 977 1736 1017">
    <p class='ocr_par' dir='ltr' id='par_1_79' title="bbox 948 977 1736 1017">
     <span class='ocr_line' id='line_1_79' title="bbox 948 977 1736 1017; baseline 0.006 -13"><span class='ocrx_word' id='word_1_587' title='bbox 948 978 1003 1011; x_wconf 87' lang='lat' dir='ltr'><strong>bet,</strong></span> <span class='ocrx_word' id='word_1_588' title='bbox 1016 979 1105 1013; x_wconf 83' lang='lat' dir='ltr'><strong>quoad</strong></span> <span class='ocrx_word' id='word_1_589' title='bbox 1123 977 1160 1005; x_wconf 91' lang='lat' dir='ltr'><strong>illi</strong></span> <span class='ocrx_word' id='word_1_590' title='bbox 1177 978 1218 1006; x_wconf 81' lang='lat' dir='ltr'><strong>fas</strong></span> <span class='ocrx_word' id='word_1_591' title='bbox 1232 987 1264 1006; x_wconf 88' lang='lat' dir='ltr'><strong>ac</strong></span> <span class='ocrx_word' id='word_1_592' title='bbox 1279 979 1410 1014; x_wconf 84' lang='lat' dir='ltr'><strong>possibile</strong></span> <span class='ocrx_word' id='word_1_593' title='bbox 1424 986 1476 1012; x_wconf 90' lang='lat' dir='ltr'><strong>est,</strong></span> <span class='ocrx_word' id='word_1_594' title='bbox 1490 982 1624 1017; x_wconf 82' lang='lat' dir='ltr'><strong>particeps</strong></span> <span class='ocrx_word' id='word_1_595' title='bbox 1638 983 1667 1009; x_wconf 88' lang='lat' dir='ltr'><strong>lit</strong></span> <span class='ocrx_word' id='word_1_596' title='bbox 1679 983 1736 1010; x_wconf 86' lang='lat' dir='ltr'><strong>Dei.</strong></span> 
     </span>
    </p>
   </div>
   <div class='ocr_carea' id='block_1_80' title="bbox 948 1022 1737 1062">
    <p class='ocr_par' dir='ltr' id='par_1_80' title="bbox 948 1022 1737 1062">
     <span class='ocr_line' id='line_1_80' title="bbox 948 1022 1737 1062; baseline 0.008 -14"><span class='ocrx_word' id='word_1_597' title='bbox 948 1022 1084 1056; x_wconf 85' lang='lat' dir='ltr'><strong>Quantum</strong></span> <span class='ocrx_word' id='word_1_598' title='bbox 1112 1023 1184 1050; x_wconf 85' lang='lat' dir='ltr'><strong>enim</strong></span> <span class='ocrx_word' id='word_1_599' title='bbox 1211 1025 1322 1058; x_wconf 88' lang='lat' dir='ltr'><strong>proprio</strong></span> <span class='ocrx_word' id='word_1_600' title='bbox 1351 1025 1449 1059; x_wconf 84' lang='lat' dir='ltr'><strong>cuique</strong></span> <span class='ocrx_word' id='word_1_601' title='bbox 1477 1027 1567 1053; x_wconf 82' lang='lat' dir='ltr'><strong>ordini</strong></span> <span class='ocrx_word' id='word_1_602' title='bbox 1594 1027 1737 1062; x_wconf 84' lang='lat' dir='ltr'><strong>competit,</strong></span> 
     </span>
    </p>
   </div>
   <div class='ocr_carea' id='block_1_81' title="bbox 949 1069 1735 1107">
    <p class='ocr_par' dir='ltr' id='par_1_81' title="bbox 949 1069 1735 1107">
     <span class='ocr_line' id='line_1_81' title="bbox 949 1069 1735 1107; baseline 0.006 -12"><span class='ocrx_word' id='word_1_603' title='bbox 949 1069 1116 1096; x_wconf 81' lang='lat' dir='ltr'><strong>tantumdem</strong></span> <span class='ocrx_word' id='word_1_604' title='bbox 1129 1069 1213 1096; x_wconf 87' lang='lat' dir='ltr'><strong>etiam</strong></span> <span class='ocrx_word' id='word_1_605' title='bbox 1228 1069 1262 1097; x_wconf 89' lang='lat' dir='ltr'><strong>de</strong></span> <span class='ocrx_word' id='word_1_606' title='bbox 1280 1070 1420 1105; x_wconf 90' lang='lat' dir='ltr'><strong>ipsiusmet</strong></span> <span class='ocrx_word' id='word_1_607' title='bbox 1433 1071 1495 1099; x_wconf 88' lang='lat' dir='ltr'><strong>boni</strong></span> <span class='ocrx_word' id='word_1_608' title='bbox 1512 1072 1557 1099; x_wconf 93' lang='lat' dir='ltr'><strong>Dei</strong></span> <span class='ocrx_word' id='word_1_609' title='bbox 1569 1073 1735 1107; x_wconf 79' lang='lat' dir='ltr'><strong>expiatione,</strong></span> 
     </span>
    </p>
   </div>
   <div class='ocr_carea' id='block_1_82' title="bbox 949 1115 1737 1152">
    <p class='ocr_par' dir='ltr' id='par_1_82' title="bbox 949 1115 1737 1152">
     <span class='ocr_line' id='line_1_82' title="bbox 949 1115 1737 1152; baseline 0.005 -10"><span class='ocrx_word' id='word_1_610' title='bbox 949 1115 1159 1148; x_wconf 84' lang='lat' dir='ltr'><strong>illuminatione,</strong></span> <span class='ocrx_word' id='word_1_611' title='bbox 1181 1124 1214 1143; x_wconf 86' lang='lat' dir='ltr'><strong>ac</strong></span> <span class='ocrx_word' id='word_1_612' title='bbox 1229 1117 1395 1151; x_wconf 80' lang='lat' dir='ltr'><strong>perfectione</strong></span> <span class='ocrx_word' id='word_1_613' title='bbox 1409 1118 1595 1152; x_wconf 87' lang='lat' dir='ltr'><strong>consequitur.</strong></span> <span class='ocrx_word' id='word_1_614' title='bbox 1619 1119 1667 1146; x_wconf 84' lang='lat' dir='ltr'><strong>Est</strong></span> <span class='ocrx_word' id='word_1_615' title='bbox 1686 1119 1737 1146; x_wconf 88' lang='lat' dir='ltr'><strong>ita-</strong></span> 
     </span>
    </p>
   </div>
   <div class='ocr_carea' id='block_1_83' title="bbox 948 1161 1736 1200">
    <p class='ocr_par' dir='ltr' id='par_1_83' title="bbox 948 1161 1736 1200">
     <span class='ocr_line' id='line_1_83' title="bbox 948 1161 1736 1200; baseline 0.004 -12"><span class='ocrx_word' id='word_1_616' title='bbox 948 1169 1003 1195; x_wconf 87' lang='lat' dir='ltr'><strong>que</strong></span> <span class='ocrx_word' id='word_1_617' title='bbox 1019 1161 1066 1188; x_wconf 86' lang='lat' dir='ltr'><strong>Dei</strong></span> <span class='ocrx_word' id='word_1_618' title='bbox 1082 1169 1190 1196; x_wconf 86' lang='lat' dir='ltr'><strong>qnoque</strong></span> <span class='ocrx_word' id='word_1_619' title='bbox 1205 1162 1328 1197; x_wconf 83' lang='lat' dir='ltr'><strong>expiatio</strong></span> <span class='ocrx_word' id='word_1_620' title='bbox 1346 1163 1404 1198; x_wconf 85' lang='lat' dir='ltr'><strong>plus</strong></span> <span class='ocrx_word' id='word_1_621' title='bbox 1417 1173 1499 1200; x_wconf 87' lang='lat' dir='ltr'><strong>quam</strong></span> <span class='ocrx_word' id='word_1_622' title='bbox 1513 1165 1668 1198; x_wconf 80' lang='lat' dir='ltr'><strong>purissima,</strong></span> <span class='ocrx_word' id='word_1_623' title='bbox 1697 1165 1736 1191; x_wconf 85' lang='lat' dir='ltr'><strong>ln-</strong></span> 
     </span>
    </p>
   </div>
   <div class='ocr_carea' id='block_1_84' title="bbox 948 1209 1736 1246">
    <p class='ocr_par' dir='ltr' id='par_1_84' title="bbox 948 1209 1736 1246">
     <span class='ocr_line' id='line_1_84' title="bbox 948 1209 1736 1246; baseline 0.005 -12"><span class='ocrx_word' id='word_1_624' title='bbox 948 1215 1064 1242; x_wconf 85' lang='lat' dir='ltr'><strong>tnenqne</strong></span> <span class='ocrx_word' id='word_1_625' title='bbox 1077 1215 1160 1243; x_wconf 86' lang='lat' dir='ltr'><strong>supra</strong></span> <span class='ocrx_word' id='word_1_626' title='bbox 1176 1215 1258 1242; x_wconf 87' lang='lat' dir='ltr'><strong>quam</strong></span> <span class='ocrx_word' id='word_1_627' title='bbox 1273 1209 1393 1244; x_wconf 87' lang='lat' dir='ltr'><strong>plettum,</strong></span> <span class='ocrx_word' id='word_1_628' title='bbox 1409 1209 1599 1245; x_wconf 86' lang='lat' dir='ltr'><strong>perl&#39;ectioque</strong></span> <span class='ocrx_word' id='word_1_629' title='bbox 1619 1218 1736 1246; x_wconf 69' lang='lat' dir='ltr'><strong>pratper-</strong></span> 
     </span>
    </p>
   </div>
   <div class='ocr_carea' id='block_1_85' title="bbox 948 1254 1736 1291">
    <p class='ocr_par' dir='ltr' id='par_1_85' title="bbox 948 1254 1736 1291">
     <span class='ocr_line' id='line_1_85' title="bbox 948 1254 1736 1291; baseline 0.003 -9"><span class='ocrx_word' id='word_1_630' title='bbox 948 1255 1031 1283; x_wconf 82' lang='lat' dir='ltr'><strong>fecta.</strong></span> <span class='ocrx_word' id='word_1_631' title='bbox 1044 1254 1110 1282; x_wconf 81' lang='lat' dir='ltr'><strong>Cum</strong></span> <span class='ocrx_word' id='word_1_632' title='bbox 1124 1262 1214 1283; x_wconf 86' lang='lat' dir='ltr'><strong>autem</strong></span> <span class='ocrx_word' id='word_1_633' title='bbox 1228 1260 1310 1283; x_wconf 78' lang='lat' dir='ltr'><strong>rectae</strong></span> <span class='ocrx_word' id='word_1_634' title='bbox 1332 1256 1529 1284; x_wconf 86' lang='lat' dir='ltr'><strong>illustrationes</strong></span> <span class='ocrx_word' id='word_1_635' title='bbox 1546 1256 1660 1284; x_wconf 65' lang='lat' dir='ltr'><strong>inunita:</strong></span> <span class='ocrx_word' id='word_1_636' title='bbox 1671 1257 1736 1291; x_wconf 86' lang='lat' dir='ltr'><strong>sint,</strong></span> 
     </span>
    </p>
   </div>
   <div class='ocr_carea' id='block_1_86' title="bbox 948 1301 1737 1340">
    <p class='ocr_par' dir='ltr' id='par_1_86' title="bbox 948 1301 1737 1340">
     <span class='ocr_line' id='line_1_86' title="bbox 948 1301 1737 1340; baseline 0.003 -12"><span class='ocrx_word' id='word_1_637' title='bbox 948 1301 1097 1329; x_wconf 80' lang='lat' dir='ltr'><strong>secundum</strong></span> <span class='ocrx_word' id='word_1_638' title='bbox 1113 1302 1192 1337; x_wconf 81' lang='lat'><strong>100</strong></span> <span class='ocrx_word' id='word_1_639' title='bbox 1203 1309 1424 1338; x_wconf 85' lang='lat' dir='ltr'><strong>unamquamque</strong></span> <span class='ocrx_word' id='word_1_640' title='bbox 1439 1303 1645 1330; x_wconf 83' lang='lat' dir='ltr'><strong>illustrationem</strong></span> <span class='ocrx_word' id='word_1_641' title='bbox 1660 1310 1737 1340; x_wconf 64' lang='lat' dir='ltr'><strong>quie-</strong></span> 
     </span>
    </p>
   </div>
   <div class='ocr_carea' id='block_1_87' title="bbox 948 1349 1737 1384">
    <p class='ocr_par' dir='ltr' id='par_1_87' title="bbox 948 1349 1737 1384">
     <span class='ocr_line' id='line_1_87' title="bbox 948 1349 1737 1384; baseline -0.001 -7"><span class='ocrx_word' id='word_1_642' title='bbox 948 1349 1014 1377; x_wconf 83' lang='lat' dir='ltr'><strong>libet</strong></span> <span class='ocrx_word' id='word_1_643' title='bbox 1037 1357 1114 1376; x_wconf 87' lang='lat' dir='ltr'><strong>mens</strong></span> <span class='ocrx_word' id='word_1_644' title='bbox 1128 1349 1248 1377; x_wconf 71' lang='lat' dir='ltr'><strong>cmlestis</strong></span> <span class='ocrx_word' id='word_1_645' title='bbox 1267 1349 1384 1384; x_wconf 87' lang='lat' dir='ltr'><strong>primum</strong></span> <span class='ocrx_word' id='word_1_646' title='bbox 1402 1349 1537 1384; x_wconf 79' lang='lat' dir='ltr'><strong>expiatur,</strong></span> <span class='ocrx_word' id='word_1_647' title='bbox 1559 1349 1656 1377; x_wconf 89' lang='lat' dir='ltr'><strong>deinde</strong></span> <span class='ocrx_word' id='word_1_648' title='bbox 1675 1349 1737 1376; x_wconf 89' lang='lat' dir='ltr'><strong>illu-</strong></span> 
     </span>
    </p>
   </div>
   <div class='ocr_carea' id='block_1_88' title="bbox 948 1393 1734 1430">
    <p class='ocr_par' dir='ltr' id='par_1_88' title="bbox 948 1393 1734 1430">
     <span class='ocr_line' id='line_1_88' title="bbox 948 1393 1734 1430; baseline 0 -9"><span class='ocrx_word' id='word_1_649' title='bbox 948 1399 1062 1428; x_wconf 87' lang='lat' dir='ltr'><strong>stratur,</strong></span> <span class='ocrx_word' id='word_1_650' title='bbox 1076 1401 1108 1421; x_wconf 85' lang='lat' dir='ltr'><strong>ac</strong></span> <span class='ocrx_word' id='word_1_651' title='bbox 1123 1399 1215 1430; x_wconf 87' lang='lat' dir='ltr'><strong>postea</strong></span> <span class='ocrx_word' id='word_1_652' title='bbox 1230 1394 1378 1430; x_wconf 81' lang='lat' dir='ltr'><strong>perﬁcitur.</strong></span> <span class='ocrx_word' id='word_1_653' title='bbox 1392 1393 1464 1421; x_wconf 82' lang='lat' dir='ltr'><strong>Nihil</strong></span> <span class='ocrx_word' id='word_1_654' title='bbox 1477 1394 1548 1421; x_wconf 87' lang='lat' dir='ltr'><strong>enim</strong></span> <span class='ocrx_word' id='word_1_655' title='bbox 1561 1394 1670 1422; x_wconf 73' lang='lat' dir='ltr'><strong>absumi</strong></span> <span class='ocrx_word' id='word_1_656' title='bbox 1683 1399 1734 1425; x_wconf 76' lang='lat' dir='ltr'><strong>est.</strong></span> 
     </span>
    </p>
   </div>
   <div class='ocr_carea' id='block_1_89' title="bbox 948 1439 1735 1475">
    <p class='ocr_par' dir='ltr' id='par_1_89' title="bbox 948 1439 1735 1475">
     <span class='ocr_line' id='line_1_89' title="bbox 948 1439 1735 1475; baseline -0.003 -8"><span class='ocrx_word' id='word_1_657' title='bbox 948 1440 970 1468; x_wconf 90' lang='lat' dir='ltr'><strong>si</strong></span> <span class='ocrx_word' id='word_1_658' title='bbox 989 1440 1012 1467; x_wconf 91' lang='lat' dir='ltr'><strong>is</strong></span> <span class='ocrx_word' id='word_1_659' title='bbox 1032 1440 1078 1475; x_wconf 94' lang='lat' dir='ltr'><strong>qui</strong></span> <span class='ocrx_word' id='word_1_660' title='bbox 1100 1440 1250 1467; x_wconf 86' lang='lat' dir='ltr'><strong>secundum</strong></span> <span class='ocrx_word' id='word_1_661' title='bbox 1275 1439 1339 1474; x_wconf 92' lang='lat' dir='ltr'><strong>quid</strong></span> <span class='ocrx_word' id='word_1_662' title='bbox 1360 1439 1497 1474; x_wconf 81' lang='lat' dir='ltr'><strong>perfectus</strong></span> <span class='ocrx_word' id='word_1_663' title='bbox 1516 1444 1569 1471; x_wconf 88' lang='lat' dir='ltr'><strong>est,</strong></span> <span class='ocrx_word' id='word_1_664' title='bbox 1586 1439 1735 1466; x_wconf 78' lang='lat' dir='ltr'><strong>secundum</strong></span> 
     </span>
    </p>
   </div>
   <div class='ocr_carea' id='block_1_90' title="bbox 948 1484 1735 1521">
    <p class='ocr_par' dir='ltr' id='par_1_90' title="bbox 948 1484 1735 1521">
     <span class='ocr_line' id='line_1_90' title="bbox 948 1484 1735 1521; baseline -0.003 -8"><span class='ocrx_word' id='word_1_665' title='bbox 948 1486 1023 1513; x_wconf 92' lang='lat' dir='ltr'><strong>aliud</strong></span> <span class='ocrx_word' id='word_1_666' title='bbox 1051 1486 1198 1521; x_wconf 84' lang='lat' dir='ltr'><strong>expiatur;</strong></span> <span class='ocrx_word' id='word_1_667' title='bbox 1222 1490 1250 1513; x_wconf 91' lang='lat' dir='ltr'><strong>et</strong></span> <span class='ocrx_word' id='word_1_668' title='bbox 1269 1485 1292 1513; x_wconf 92' lang='lat' dir='ltr'><strong>si</strong></span> <span class='ocrx_word' id='word_1_669' title='bbox 1315 1486 1464 1514; x_wconf 84' lang='lat' dir='ltr'><strong>secundum</strong></span> <span class='ocrx_word' id='word_1_670' title='bbox 1488 1484 1552 1519; x_wconf 88' lang='lat' dir='ltr'><strong>quid</strong></span> <span class='ocrx_word' id='word_1_671' title='bbox 1574 1484 1735 1518; x_wconf 80' lang='lat' dir='ltr'><strong>illustratus,</strong></span> 
     </span>
    </p>
   </div>
   <div class='ocr_carea' id='block_1_91' title="bbox 950 1530 1736 1566">
    <p class='ocr_par' dir='ltr' id='par_1_91' title="bbox 950 1530 1736 1566">
     <span class='ocr_line' id='line_1_91' title="bbox 950 1530 1736 1566; baseline -0.003 -7"><span class='ocrx_word' id='word_1_672' title='bbox 950 1532 1101 1559; x_wconf 89' lang='lat' dir='ltr'><strong>secundum</strong></span> <span class='ocrx_word' id='word_1_673' title='bbox 1121 1531 1192 1558; x_wconf 91' lang='lat' dir='ltr'><strong>idetn</strong></span> <span class='ocrx_word' id='word_1_674' title='bbox 1204 1531 1314 1566; x_wconf 88' lang='lat' dir='ltr'><strong>quidem</strong></span> <span class='ocrx_word' id='word_1_675' title='bbox 1330 1531 1482 1566; x_wconf 79' lang='lat' dir='ltr'><strong>perﬁcitur,</strong></span> <span class='ocrx_word' id='word_1_676' title='bbox 1498 1531 1647 1558; x_wconf 88' lang='lat' dir='ltr'><strong>secundum</strong></span> <span class='ocrx_word' id='word_1_677' title='bbox 1663 1530 1736 1558; x_wconf 81' lang='lat' dir='ltr'><strong>aliud</strong></span> 
     </span>
    </p>
   </div>
   <div class='ocr_carea' id='block_1_92' title="bbox 948 1577 1737 1613">
    <p class='ocr_par' dir='ltr' id='par_1_92' title="bbox 948 1577 1737 1613">
     <span class='ocr_line' id='line_1_92' title="bbox 948 1577 1737 1613; baseline 0 -8"><span class='ocrx_word' id='word_1_678' title='bbox 948 1585 1013 1605; x_wconf 89' lang='lat' dir='ltr'><strong>vero</strong></span> <span class='ocrx_word' id='word_1_679' title='bbox 1040 1577 1138 1605; x_wconf 89' lang='lat' dir='ltr'><strong>iterum</strong></span> <span class='ocrx_word' id='word_1_680' title='bbox 1163 1577 1286 1612; x_wconf 81' lang='lat' dir='ltr'><strong>expiatus</strong></span> <span class='ocrx_word' id='word_1_681' title='bbox 1310 1577 1491 1610; x_wconf 86' lang='lat' dir='ltr'><strong>tlluminatur;</strong></span> <span class='ocrx_word' id='word_1_682' title='bbox 1522 1577 1590 1605; x_wconf 90' lang='lat' dir='ltr'><strong>nihil</strong></span> <span class='ocrx_word' id='word_1_683' title='bbox 1601 1578 1673 1606; x_wconf 87' lang='lat' dir='ltr'><strong>enim</strong></span> <span class='ocrx_word' id='word_1_684' title='bbox 1689 1586 1737 1613; x_wconf 88' lang='lat' dir='ltr'><strong>per</strong></span> 
     </span>
    </p>
   </div>
   <div class='ocr_carea' id='block_1_93' title="bbox 948 1623 1737 1659">
    <p class='ocr_par' dir='ltr' id='par_1_93' title="bbox 948 1623 1737 1659">
     <span class='ocr_line' id='line_1_93' title="bbox 948 1623 1737 1659; baseline 0.003 -9"><span class='ocrx_word' id='word_1_685' title='bbox 948 1631 977 1651; x_wconf 89' lang='lat' dir='ltr'><strong>se</strong></span> <span class='ocrx_word' id='word_1_686' title='bbox 1008 1623 1167 1659; x_wconf 78' lang='lat' dir='ltr'><strong>perfectum,</strong></span> <span class='ocrx_word' id='word_1_687' title='bbox 1195 1624 1237 1651; x_wconf 86' lang='lat' dir='ltr'><strong>vel</strong></span> <span class='ocrx_word' id='word_1_688' title='bbox 1259 1624 1331 1658; x_wconf 93' lang='lat' dir='ltr'><strong>quod</strong></span> <span class='ocrx_word' id='word_1_689' title='bbox 1352 1632 1404 1651; x_wconf 91' lang='lat' dir='ltr'><strong>non</strong></span> <span class='ocrx_word' id='word_1_690' title='bbox 1426 1624 1544 1658; x_wconf 80' lang='lat' dir='ltr'><strong>indigeat</strong></span> <span class='ocrx_word' id='word_1_691' title='bbox 1569 1624 1737 1659; x_wconf 83' lang='lat' dir='ltr'><strong>perfectione</strong></span> 
     </span>
    </p>
   </div>
   <div class='ocr_carea' id='block_1_94' title="bbox 948 1669 1735 1704">
    <p class='ocr_par' dir='ltr' id='par_1_94' title="bbox 948 1669 1735 1704">
     <span class='ocr_line' id='line_1_94' title="bbox 948 1669 1735 1704; baseline 0.003 -8"><span class='ocrx_word' id='word_1_692' title='bbox 948 1670 1000 1697; x_wconf 85' lang='lat' dir='ltr'><strong>nisi</strong></span> <span class='ocrx_word' id='word_1_693' title='bbox 1012 1670 1084 1704; x_wconf 91' lang='lat' dir='ltr'><strong>quod</strong></span> <span class='ocrx_word' id='word_1_694' title='bbox 1096 1677 1143 1704; x_wconf 86' lang='lat' dir='ltr'><strong>per</strong></span> <span class='ocrx_word' id='word_1_695' title='bbox 1158 1678 1188 1697; x_wconf 76' lang='lat' dir='ltr'><strong>se</strong></span> <span class='ocrx_word' id='word_1_696' title='bbox 1200 1677 1263 1697; x_wconf 82' lang='lat' dir='ltr'><strong>vere</strong></span> <span class='ocrx_word' id='word_1_697' title='bbox 1277 1669 1439 1704; x_wconf 78' lang='lat' dir='ltr'><strong>perfectum,</strong></span> <span class='ocrx_word' id='word_1_698' title='bbox 1454 1677 1517 1697; x_wconf 87' lang='lat' dir='ltr'><strong>vere</strong></span> <span class='ocrx_word' id='word_1_699' title='bbox 1528 1670 1735 1704; x_wconf 68' lang='lat' dir='ltr'><strong>prmperfectum</strong></span> 
     </span>
    </p>
   </div>
   <div class='ocr_carea' id='block_1_95' title="bbox 948 1717 1737 1752">
    <p class='ocr_par' dir='ltr' id='par_1_95' title="bbox 948 1717 1737 1752">
     <span class='ocr_line' id='line_1_95' title="bbox 948 1717 1737 1752; baseline 0 -7"><span class='ocrx_word' id='word_1_700' title='bbox 948 1721 1000 1745; x_wconf 87' lang='lat' dir='ltr'><strong>est.</strong></span> <span class='ocrx_word' id='word_1_701' title='bbox 1024 1717 1114 1751; x_wconf 85' lang='lat' dir='ltr'><strong>Atque</strong></span> <span class='ocrx_word' id='word_1_702' title='bbox 1136 1717 1171 1744; x_wconf 93' lang='lat' dir='ltr'><strong>ita</strong></span> <span class='ocrx_word' id='word_1_703' title='bbox 1189 1717 1298 1751; x_wconf 88' lang='lat' dir='ltr'><strong>quidem</strong></span> <span class='ocrx_word' id='word_1_704' title='bbox 1325 1724 1402 1744; x_wconf 89' lang='lat' dir='ltr'><strong>mens</strong></span> <span class='ocrx_word' id='word_1_705' title='bbox 1423 1717 1542 1745; x_wconf 81' lang='lat' dir='ltr'><strong>ccelestis</strong></span> <span class='ocrx_word' id='word_1_706' title='bbox 1558 1717 1737 1752; x_wconf 84' lang='lat' dir='ltr'><strong>particulares</strong></span> 
     </span>
    </p>
   </div>
   <div class='ocr_carea' id='block_1_96' title="bbox 949 1763 1736 1799">
    <p class='ocr_par' dir='ltr' id='par_1_96' title="bbox 949 1763 1736 1799">
     <span class='ocr_line' id='line_1_96' title="bbox 949 1763 1736 1799; baseline 0.001 -9"><span class='ocrx_word' id='word_1_707' title='bbox 949 1763 999 1791; x_wconf 91' lang='lat' dir='ltr'><strong>hos</strong></span> <span class='ocrx_word' id='word_1_708' title='bbox 1013 1769 1068 1791; x_wconf 83' lang='lat' dir='ltr'><strong>tres</strong></span> <span class='ocrx_word' id='word_1_709' title='bbox 1081 1764 1191 1791; x_wconf 87' lang='lat' dir='ltr'><strong>ordines</strong></span> <span class='ocrx_word' id='word_1_710' title='bbox 1210 1763 1293 1790; x_wconf 83' lang='lat' dir='ltr'><strong>habet</strong></span> <span class='ocrx_word' id='word_1_711' title='bbox 1307 1768 1388 1798; x_wconf 88' lang='lat' dir='ltr'><strong>atque</strong></span> <span class='ocrx_word' id='word_1_712' title='bbox 1401 1764 1526 1791; x_wconf 87' lang='lat' dir='ltr'><strong>virtutes.</strong></span> <span class='ocrx_word' id='word_1_713' title='bbox 1547 1764 1582 1791; x_wconf 88' lang='lat' dir='ltr'><strong>At</strong></span> <span class='ocrx_word' id='word_1_714' title='bbox 1602 1765 1736 1799; x_wconf 89' lang='lat' dir='ltr'><strong>quomodo</strong></span> 
     </span>
    </p>
   </div>
   <div class='ocr_carea' id='block_1_97' title="bbox 948 1807 1737 1842">
    <p class='ocr_par' dir='ltr' id='par_1_97' title="bbox 948 1807 1737 1842">
     <span class='ocr_line' id='line_1_97' title="bbox 948 1807 1737 1842; baseline -0.001 -7"><span class='ocrx_word' id='word_1_715' title='bbox 948 1809 1029 1836; x_wconf 90' lang='lat' dir='ltr'><strong>etiam</strong></span> <span class='ocrx_word' id='word_1_716' title='bbox 1055 1816 1131 1835; x_wconf 91' lang='lat' dir='ltr'><strong>mens</strong></span> <span class='ocrx_word' id='word_1_717' title='bbox 1152 1808 1269 1835; x_wconf 83' lang='lat' dir='ltr'><strong>humana</strong></span> <span class='ocrx_word' id='word_1_718' title='bbox 1291 1808 1324 1835; x_wconf 85' lang='lat' dir='ltr'><strong>iis</strong></span> <span class='ocrx_word' id='word_1_719' title='bbox 1346 1807 1457 1842; x_wconf 65' lang='lat' dir='ltr'><strong>praedita</strong></span> <span class='ocrx_word' id='word_1_720' title='bbox 1478 1812 1532 1842; x_wconf 89' lang='lat' dir='ltr'><strong>est,</strong></span> <span class='ocrx_word' id='word_1_721' title='bbox 1546 1816 1607 1835; x_wconf 89' lang='lat' dir='ltr'><strong>cum</strong></span> <span class='ocrx_word' id='word_1_722' title='bbox 1622 1808 1737 1835; x_wconf 82' lang='lat' dir='ltr'><strong>exsistat</strong></span> 
     </span>
    </p>
   </div>
   <div class='ocr_carea' id='block_1_98' title="bbox 949 1852 1737 1888">
    <p class='ocr_par' dir='ltr' id='par_1_98' title="bbox 949 1852 1737 1888">
     <span class='ocr_line' id='line_1_98' title="bbox 949 1852 1737 1888; baseline 0 -8"><span class='ocrx_word' id='word_1_723' title='bbox 949 1860 1056 1888; x_wconf 88' lang='lat' dir='ltr'><strong>quoque</strong></span> <span class='ocrx_word' id='word_1_724' title='bbox 1069 1854 1218 1880; x_wconf 86' lang='lat' dir='ltr'><strong>secundum</strong></span> <span class='ocrx_word' id='word_1_725' title='bbox 1237 1858 1338 1880; x_wconf 87' lang='lat' dir='ltr'><strong>motum</strong></span> <span class='ocrx_word' id='word_1_726' title='bbox 1351 1852 1420 1880; x_wconf 80' lang='lat' dir='ltr'><strong>Dei?</strong></span> <span class='ocrx_word' id='word_1_727' title='bbox 1432 1861 1520 1888; x_wconf 80' lang='lat' dir='ltr'><strong>neque</strong></span> <span class='ocrx_word' id='word_1_728' title='bbox 1531 1853 1603 1880; x_wconf 90' lang='lat' dir='ltr'><strong>enim</strong></span> <span class='ocrx_word' id='word_1_729' title='bbox 1614 1854 1647 1880; x_wconf 89' lang='lat' dir='ltr'><strong>de</strong></span> <span class='ocrx_word' id='word_1_730' title='bbox 1659 1861 1737 1880; x_wconf 89' lang='lat' dir='ltr'><strong>mun-</strong></span> 
     </span>
    </p>
   </div>
   <div class='ocr_carea' id='block_1_99' title="bbox 949 1898 1736 1931">
    <p class='ocr_par' dir='ltr' id='par_1_99' title="bbox 949 1898 1736 1931">
     <span class='ocr_line' id='line_1_99' title="bbox 949 1898 1736 1931; baseline 0.001 -5"><span class='ocrx_word' id='word_1_731' title='bbox 949 1900 1026 1926; x_wconf 87' lang='lat' dir='ltr'><strong>danis</strong></span> <span class='ocrx_word' id='word_1_732' title='bbox 1054 1898 1171 1926; x_wconf 88' lang='lat' dir='ltr'><strong>motibus</strong></span> <span class='ocrx_word' id='word_1_733' title='bbox 1200 1898 1278 1925; x_wconf 89' lang='lat' dir='ltr'><strong>nobis</strong></span> <span class='ocrx_word' id='word_1_734' title='bbox 1307 1905 1397 1926; x_wconf 85' lang='lat' dir='ltr'><strong>sermo</strong></span> <span class='ocrx_word' id='word_1_735' title='bbox 1422 1904 1472 1925; x_wconf 89' lang='lat' dir='ltr'><strong>est.</strong></span> <span class='ocrx_word' id='word_1_736' title='bbox 1500 1899 1579 1926; x_wconf 86' lang='lat' dir='ltr'><strong>Modo</strong></span> <span class='ocrx_word' id='word_1_737' title='bbox 1608 1899 1736 1931; x_wconf 84' lang='lat' dir='ltr'><strong>dicimus,</strong></span> 
     </span>
    </p>
   </div>
   <div class='ocr_carea' id='block_1_100' title="bbox 948 1945 1735 1980">
    <p class='ocr_par' dir='ltr' id='par_1_100' title="bbox 948 1945 1735 1980">
     <span class='ocr_line' id='line_1_100' title="bbox 948 1945 1735 1980; baseline 0 -8"><span class='ocrx_word' id='word_1_738' title='bbox 948 1953 1056 1973; x_wconf 89' lang='lat' dir='ltr'><strong>onmem</strong></span> <span class='ocrx_word' id='word_1_739' title='bbox 1071 1950 1189 1972; x_wconf 87' lang='lat' dir='ltr'><strong>mentem</strong></span> <span class='ocrx_word' id='word_1_740' title='bbox 1202 1945 1304 1972; x_wconf 85' lang='lat' dir='ltr'><strong>habere</strong></span> <span class='ocrx_word' id='word_1_741' title='bbox 1317 1945 1474 1976; x_wconf 85' lang='lat' dir='ltr'><strong>essentiam,</strong></span> <span class='ocrx_word' id='word_1_742' title='bbox 1489 1945 1640 1972; x_wconf 88' lang='lat' dir='ltr'><strong>secundum</strong></span> <span class='ocrx_word' id='word_1_743' title='bbox 1654 1953 1735 1980; x_wconf 77' lang='lat' dir='ltr'><strong>quam</strong></span> 
     </span>
    </p>
   </div>
   <div class='ocr_carea' id='block_1_101' title="bbox 948 1993 1735 2028">
    <p class='ocr_par' dir='ltr' id='par_1_101' title="bbox 948 1993 1735 2028">
     <span class='ocr_line' id='line_1_101' title="bbox 948 1993 1735 2028; baseline 0.003 -8"><span class='ocrx_word' id='word_1_744' title='bbox 948 1993 1067 2028; x_wconf 87' lang='lat' dir='ltr'><strong>primum</strong></span> <span class='ocrx_word' id='word_1_745' title='bbox 1097 1998 1155 2026; x_wconf 84' lang='lat' dir='ltr'><strong>est;</strong></span> <span class='ocrx_word' id='word_1_746' title='bbox 1181 1993 1279 2021; x_wconf 89' lang='lat' dir='ltr'><strong>deinde</strong></span> <span class='ocrx_word' id='word_1_747' title='bbox 1302 1994 1387 2021; x_wconf 87' lang='lat' dir='ltr'><strong>etiam</strong></span> <span class='ocrx_word' id='word_1_748' title='bbox 1415 1994 1553 2027; x_wconf 88' lang='lat' dir='ltr'><strong>virtutem,</strong></span> <span class='ocrx_word' id='word_1_749' title='bbox 1587 1995 1735 2022; x_wconf 88' lang='lat' dir='ltr'><strong>secundum</strong></span> 
     </span>
    </p>
   </div>
   <div class='ocr_carea' id='block_1_102' title="bbox 947 2041 1732 2075">
    <p class='ocr_par' dir='ltr' id='par_1_102' title="bbox 947 2041 1732 2075">
     <span class='ocr_line' id='line_1_102' title="bbox 947 2041 1732 2075; baseline 0 -8"><span class='ocrx_word' id='word_1_750' title='bbox 947 2048 1028 2075; x_wconf 85' lang='lat' dir='ltr'><strong>quam</strong></span> <span class='ocrx_word' id='word_1_751' title='bbox 1053 2046 1150 2075; x_wconf 85' lang='lat' dir='ltr'><strong>potens</strong></span> <span class='ocrx_word' id='word_1_752' title='bbox 1175 2045 1226 2072; x_wconf 83' lang='lat' dir='ltr'><strong>est,</strong></span> <span class='ocrx_word' id='word_1_753' title='bbox 1254 2045 1421 2075; x_wconf 87' lang='lat' dir='ltr'><strong>postremum</strong></span> <span class='ocrx_word' id='word_1_754' title='bbox 1449 2048 1516 2068; x_wconf 88' lang='lat' dir='ltr'><strong>vero</strong></span> <span class='ocrx_word' id='word_1_755' title='bbox 1537 2041 1732 2075; x_wconf 84' lang='lat' dir='ltr'><strong>operationem,</strong></span> 
     </span>
    </p>
   </div>
   <div class='ocr_carea' id='block_1_103' title="bbox 948 2086 1733 2122">
    <p class='ocr_par' dir='ltr' id='par_1_103' title="bbox 948 2086 1733 2122">
     <span class='ocr_line' id='line_1_103' title="bbox 948 2086 1733 2122; baseline -0.001 -8"><span class='ocrx_word' id='word_1_756' title='bbox 948 2087 1096 2115; x_wconf 87' lang='lat' dir='ltr'><strong>secundum</strong></span> <span class='ocrx_word' id='word_1_757' title='bbox 1111 2094 1202 2120; x_wconf 85' lang='lat' dir='ltr'><strong>quam,</strong></span> <span class='ocrx_word' id='word_1_758' title='bbox 1222 2093 1254 2113; x_wconf 90' lang='lat' dir='ltr'><strong>ea</strong></span> <span class='ocrx_word' id='word_1_759' title='bbox 1275 2093 1335 2120; x_wconf 60' lang='lat' dir='ltr'><strong>qua</strong></span> <span class='ocrx_word' id='word_1_760' title='bbox 1346 2086 1396 2113; x_wconf 89' lang='lat' dir='ltr'><strong>sibi</strong></span> <span class='ocrx_word' id='word_1_761' title='bbox 1413 2087 1520 2121; x_wconf 84' lang='lat' dir='ltr'><strong>propria</strong></span> <span class='ocrx_word' id='word_1_762' title='bbox 1536 2091 1600 2114; x_wconf 89' lang='lat' dir='ltr'><strong>sunt</strong></span> <span class='ocrx_word' id='word_1_763' title='bbox 1619 2086 1733 2122; x_wconf 80' lang='lat' dir='ltr'><strong>agendo,</strong></span> 
     </span>
    </p>
   </div>
   <div class='ocr_carea' id='block_1_104' title="bbox 947 2133 1737 2168">
    <p class='ocr_par' dir='ltr' id='par_1_104' title="bbox 947 2133 1737 2168">
     <span class='ocr_line' id='line_1_104' title="bbox 947 2133 1737 2168; baseline 0.001 -9"><span class='ocrx_word' id='word_1_764' title='bbox 947 2133 991 2167; x_wconf 90' lang='lat' dir='ltr'><strong>pia</strong></span> <span class='ocrx_word' id='word_1_765' title='bbox 1006 2137 1062 2166; x_wconf 89' lang='lat' dir='ltr'><strong>est;</strong></span> <span class='ocrx_word' id='word_1_766' title='bbox 1078 2133 1135 2160; x_wconf 79' lang='lat' dir='ltr'><strong>haec</strong></span> <span class='ocrx_word' id='word_1_767' title='bbox 1152 2133 1235 2160; x_wconf 86' lang='lat' dir='ltr'><strong>etiam</strong></span> <span class='ocrx_word' id='word_1_768' title='bbox 1251 2133 1278 2160; x_wconf 91' lang='lat' dir='ltr'><strong>in</strong></span> <span class='ocrx_word' id='word_1_769' title='bbox 1294 2134 1417 2167; x_wconf 87' lang='lat' dir='ltr'><strong>sequenti</strong></span> <span class='ocrx_word' id='word_1_770' title='bbox 1434 2133 1523 2168; x_wconf 82' lang='lat' dir='ltr'><strong>capite</strong></span> <span class='ocrx_word' id='word_1_771' title='bbox 1534 2133 1665 2160; x_wconf 84' lang='lat' dir='ltr'><strong>declarat.</strong></span> <span class='ocrx_word' id='word_1_772' title='bbox 1682 2133 1737 2161; x_wconf 80' lang='lat' dir='ltr'><strong>Cae-</strong></span> 
     </span>
    </p>
   </div>
   <div class='ocr_carea' id='block_1_105' title="bbox 949 2179 1784 2215">
    <p class='ocr_par' dir='ltr' id='par_1_105' title="bbox 949 2179 1784 2215">
     <span class='ocr_line' id='line_1_105' title="bbox 949 2179 1784 2215; baseline 0.001 -9"><span class='ocrx_word' id='word_1_773' title='bbox 949 2184 1036 2206; x_wconf 86' lang='lat' dir='ltr'><strong>ternm</strong></span> <span class='ocrx_word' id='word_1_774' title='bbox 1053 2180 1189 2206; x_wconf 89' lang='lat' dir='ltr'><strong>neminem</strong></span> <span class='ocrx_word' id='word_1_775' title='bbox 1204 2179 1327 2212; x_wconf 91' lang='lat' dir='ltr'><strong>omnino,</strong></span> <span class='ocrx_word' id='word_1_776' title='bbox 1349 2187 1437 2215; x_wconf 88' lang='lat' dir='ltr'><strong>neque</strong></span> <span class='ocrx_word' id='word_1_777' title='bbox 1459 2180 1631 2215; x_wconf 87' lang='lat' dir='ltr'><strong>prophetam,</strong></span> <span class='ocrx_word' id='word_1_778' title='bbox 1649 2187 1737 2214; x_wconf 87' lang='lat' dir='ltr'><strong>neque</strong></span> <span class='ocrx_word' id='word_1_779' title='bbox 1775 2192 1784 2201; x_wconf 79' lang='grc' dir='ltr'><strong><em>ο</em></strong></span> 
     </span>
    </p>
   </div>
   <div class='ocr_carea' id='block_1_106' title="bbox 945 2225 1738 2260">
    <p class='ocr_par' dir='ltr' id='par_1_106' title="bbox 945 2225 1738 2260">
     <span class='ocr_line' id='line_1_106' title="bbox 945 2225 1738 2260; baseline 0.001 -9"><span class='ocrx_word' id='word_1_780' title='bbox 945 2225 1048 2259; x_wconf 85' lang='lat' dir='ltr'><strong>justum</strong></span> <span class='ocrx_word' id='word_1_781' title='bbox 1069 2226 1269 2260; x_wconf 75' lang='lat' dir='ltr'><strong>cognoscimus,</strong></span> <span class='ocrx_word' id='word_1_782' title='bbox 1296 2225 1343 2260; x_wconf 93' lang='lat' dir='ltr'><strong>qui</strong></span> <span class='ocrx_word' id='word_1_783' title='bbox 1359 2233 1412 2253; x_wconf 93' lang='lat' dir='ltr'><strong>non</strong></span> <span class='ocrx_word' id='word_1_784' title='bbox 1427 2233 1495 2260; x_wconf 89' lang='lat' dir='ltr'><strong>opus</strong></span> <span class='ocrx_word' id='word_1_785' title='bbox 1511 2226 1610 2253; x_wconf 88' lang='lat' dir='ltr'><strong>habeat</strong></span> <span class='ocrx_word' id='word_1_786' title='bbox 1626 2226 1738 2260; x_wconf 78' lang='lat' dir='ltr'><strong>propria</strong></span> 
     </span>
    </p>
   </div>
   <div class='ocr_carea' id='block_1_107' title="bbox 948 2272 1738 2306">
    <p class='ocr_par' dir='ltr' id='par_1_107' title="bbox 948 2272 1738 2306">
     <span class='ocr_line' id='line_1_107' title="bbox 948 2272 1738 2306; baseline 0.001 -9"><span class='ocrx_word' id='word_1_787' title='bbox 948 2272 1140 2305; x_wconf 87' lang='lat' dir='ltr'><strong>cooperalione</strong></span> <span class='ocrx_word' id='word_1_788' title='bbox 1153 2276 1236 2305; x_wconf 87' lang='lat' dir='ltr'><strong>atque</strong></span> <span class='ocrx_word' id='word_1_789' title='bbox 1250 2272 1387 2305; x_wconf 87' lang='lat' dir='ltr'><strong>oratione,</strong></span> <span class='ocrx_word' id='word_1_790' title='bbox 1405 2277 1435 2299; x_wconf 93' lang='lat' dir='ltr'><strong>ut</strong></span> <span class='ocrx_word' id='word_1_791' title='bbox 1455 2272 1653 2306; x_wconf 87' lang='lat' dir='ltr'><strong>appropinquet</strong></span> <span class='ocrx_word' id='word_1_792' title='bbox 1668 2272 1738 2300; x_wconf 83' lang='lat' dir='ltr'><strong>Deo.</strong></span> 
     </span>
    </p>
   </div>
   <div class='ocr_carea' id='block_1_108' title="bbox 947 2317 1738 2353">
    <p class='ocr_par' dir='ltr' id='par_1_108' title="bbox 947 2317 1738 2353">
     <span class='ocr_line' id='line_1_108' title="bbox 947 2317 1738 2353; baseline 0.001 -8"><span class='ocrx_word' id='word_1_793' title='bbox 947 2318 1069 2346; x_wconf 81' lang='lat' dir='ltr'><strong>Adverte</strong></span> <span class='ocrx_word' id='word_1_794' title='bbox 1084 2317 1156 2345; x_wconf 93' lang='lat' dir='ltr'><strong>enim</strong></span> <span class='ocrx_word' id='word_1_795' title='bbox 1178 2318 1244 2352; x_wconf 92' lang='lat' dir='ltr'><strong>quid</strong></span> <span class='ocrx_word' id='word_1_796' title='bbox 1269 2318 1341 2345; x_wconf 89' lang='lat' dir='ltr'><strong>dicat</strong></span> <span class='ocrx_word' id='word_1_797' title='bbox 1362 2318 1385 2345; x_wconf 90' lang='lat' dir='ltr'><strong>is</strong></span> <span class='ocrx_word' id='word_1_798' title='bbox 1398 2319 1443 2352; x_wconf 88' lang='lat' dir='ltr'><strong>qui</strong></span> <span class='ocrx_word' id='word_1_799' title='bbox 1464 2319 1497 2345; x_wconf 88' lang='lat' dir='ltr'><strong>ad</strong></span> <span class='ocrx_word' id='word_1_800' title='bbox 1522 2319 1630 2345; x_wconf 87' lang='lat' dir='ltr'><strong>tertium</strong></span> <span class='ocrx_word' id='word_1_801' title='bbox 1650 2326 1738 2353; x_wconf 82' lang='lat' dir='ltr'><strong>usque</strong></span> 
     </span>
    </p>
   </div>
   <div class='ocr_carea' id='block_1_109' title="bbox 949 2363 1735 2398">
    <p class='ocr_par' dir='ltr' id='par_1_109' title="bbox 949 2363 1735 2398">
     <span class='ocr_line' id='line_1_109' title="bbox 949 2363 1735 2398; baseline -0.001 -7"><span class='ocrx_word' id='word_1_802' title='bbox 949 2364 1048 2391; x_wconf 74' lang='lat' dir='ltr'><strong>ctelmn</strong></span> <span class='ocrx_word' id='word_1_803' title='bbox 1061 2370 1224 2398; x_wconf 85' lang='lat' dir='ltr'><strong>pervenerat</strong></span> <span class='ocrx_word' id='word_1_804' title='bbox 1235 2371 1245 2391; x_wconf 86' lang='lat'><strong><em>:</em></strong></span> <span class='ocrx_word' id='word_1_805' title='bbox 1260 2363 1366 2396; x_wconf 80' lang='lat' dir='ltr'><strong>Castigo</strong></span> <span class='ocrx_word' id='word_1_806' title='bbox 1383 2372 1478 2396; x_wconf 71' lang='lat' dir='ltr'><strong>corpus</strong></span> <span class='ocrx_word' id='word_1_807' title='bbox 1491 2372 1588 2397; x_wconf 86' lang='lat' dir='ltr'><strong>meum,</strong></span> <span class='ocrx_word' id='word_1_808' title='bbox 1605 2365 1666 2391; x_wconf 81' lang='lat' dir='ltr'><strong>etin</strong></span> <span class='ocrx_word' id='word_1_809' title='bbox 1681 2372 1735 2391; x_wconf 75' lang='lat' dir='ltr'><strong>ser—</strong></span> 
     </span>
    </p>
   </div>
   <div class='ocr_carea' id='block_1_110' title="bbox 948 2409 1740 2444">
    <p class='ocr_par' dir='ltr' id='par_1_110' title="bbox 948 2409 1740 2444">
     <span class='ocr_line' id='line_1_110' title="bbox 948 2409 1740 2444; baseline 0.001 -8"><span class='ocrx_word' id='word_1_810' title='bbox 948 2411 1056 2437; x_wconf 79' lang='lat' dir='ltr'><strong>vitutem</strong></span> <span class='ocrx_word' id='word_1_811' title='bbox 1069 2410 1176 2444; x_wconf 79' lang='lat' dir='ltr'><strong>redigo;</strong></span> <span class='ocrx_word' id='word_1_812' title='bbox 1191 2417 1222 2436; x_wconf 79' lang='lat' dir='ltr'><strong>ne</strong></span> <span class='ocrx_word' id='word_1_813' title='bbox 1239 2409 1307 2443; x_wconf 80' lang='lat' dir='ltr'><strong>forte</strong></span> <span class='ocrx_word' id='word_1_814' title='bbox 1319 2417 1378 2436; x_wconf 85' lang='lat' dir='ltr'><strong>cum</strong></span> <span class='ocrx_word' id='word_1_815' title='bbox 1389 2409 1450 2436; x_wconf 75' lang='lat' dir='ltr'><strong>aliis</strong></span> <span class='ocrx_word' id='word_1_816' title='bbox 1461 2410 1667 2443; x_wconf 71' lang='lat' dir='ltr'><strong>prwdtcaverim,</strong></span> <span class='ocrx_word' id='word_1_817' title='bbox 1682 2411 1740 2444; x_wconf 71' lang='lat' dir='ltr'><strong>ipse</strong></span> 
     </span>
    </p>
   </div>
   <div class='ocr_carea' id='block_1_111' title="bbox 951 2455 1740 2491">
    <p class='ocr_par' dir='ltr' id='par_1_111' title="bbox 951 2455 1740 2491">
     <span class='ocr_line' id='line_1_111' title="bbox 951 2455 1740 2491; baseline 0.001 -9"><span class='ocrx_word' id='word_1_818' title='bbox 951 2457 1076 2487; x_wconf 72' lang='lat' dir='ltr'><strong>reprobus</strong></span> <span class='ocrx_word' id='word_1_819' title='bbox 1089 2456 1186 2491; x_wconf 71' lang='lat' dir='ltr'><strong>efﬁciar</strong></span> <span class='ocrx_word' id='word_1_820' title='bbox 1203 2462 1227 2482; x_wconf 73' lang='grc' dir='ltr'><strong>ι.</strong></span> <span class='ocrx_word' id='word_1_821' title='bbox 1243 2455 1331 2490; x_wconf 83' lang='lat' dir='ltr'><strong>Atque</strong></span> <span class='ocrx_word' id='word_1_822' title='bbox 1348 2455 1390 2482; x_wconf 88' lang='lat' dir='ltr'><strong>hic</strong></span> <span class='ocrx_word' id='word_1_823' title='bbox 1407 2461 1448 2483; x_wconf 91' lang='lat' dir='ltr'><strong>est</strong></span> <span class='ocrx_word' id='word_1_824' title='bbox 1462 2456 1566 2491; x_wconf 88' lang='lat' dir='ltr'><strong>primus</strong></span> <span class='ocrx_word' id='word_1_825' title='bbox 1590 2460 1618 2482; x_wconf 88' lang='lat' dir='ltr'><strong>et</strong></span> <span class='ocrx_word' id='word_1_826' title='bbox 1630 2456 1740 2484; x_wconf 73' lang='lat' dir='ltr'><strong>medius</strong></span> 
     </span>
    </p>
   </div>
   <div class='ocr_carea' id='block_1_112' title="bbox 951 2502 1740 2537">
    <p class='ocr_par' dir='ltr' id='par_1_112' title="bbox 951 2502 1740 2537">
     <span class='ocr_line' id='line_1_112' title="bbox 951 2502 1740 2537; baseline 0 -8"><span class='ocrx_word' id='word_1_827' title='bbox 951 2503 1018 2530; x_wconf 89' lang='lat' dir='ltr'><strong>ordo</strong></span> <span class='ocrx_word' id='word_1_828' title='bbox 1035 2510 1043 2529; x_wconf 88' lang='lat'><strong>:</strong></span> <span class='ocrx_word' id='word_1_829' title='bbox 1065 2511 1127 2529; x_wconf 90' lang='lat' dir='ltr'><strong>nam</strong></span> <span class='ocrx_word' id='word_1_830' title='bbox 1150 2503 1293 2537; x_wconf 80' lang='lat' dir='ltr'><strong>castigatio</strong></span> <span class='ocrx_word' id='word_1_831' title='bbox 1306 2503 1396 2530; x_wconf 83' lang='lat' dir='ltr'><strong>carnis</strong></span> <span class='ocrx_word' id='word_1_832' title='bbox 1415 2502 1518 2537; x_wconf 85' lang='lat' dir='ltr'><strong>primus</strong></span> <span class='ocrx_word' id='word_1_833' title='bbox 1530 2505 1581 2534; x_wconf 81' lang='lat' dir='ltr'><strong>est,</strong></span> <span class='ocrx_word' id='word_1_834' title='bbox 1596 2502 1740 2529; x_wconf 75' lang='lat' dir='ltr'><strong>secundus</strong></span> 
     </span>
    </p>
   </div>
   <div class='ocr_carea' id='block_1_113' title="bbox 950 2549 1740 2584">
    <p class='ocr_par' dir='ltr' id='par_1_113' title="bbox 950 2549 1740 2584">
     <span class='ocr_line' id='line_1_113' title="bbox 950 2549 1740 2584; baseline 0 -8"><span class='ocrx_word' id='word_1_835' title='bbox 950 2556 1015 2577; x_wconf 85' lang='lat' dir='ltr'><strong>vero</strong></span> <span class='ocrx_word' id='word_1_836' title='bbox 1032 2549 1158 2576; x_wconf 85' lang='lat' dir='ltr'><strong>subactio</strong></span> <span class='ocrx_word' id='word_1_837' title='bbox 1171 2549 1311 2577; x_wconf 71' lang='lat' dir='ltr'><strong>effrenata:</strong></span> <span class='ocrx_word' id='word_1_838' title='bbox 1325 2550 1494 2584; x_wconf 79' lang='lat' dir='ltr'><strong>cupiditatis,</strong></span> <span class='ocrx_word' id='word_1_839' title='bbox 1521 2549 1642 2584; x_wconf 85' lang='lat' dir='ltr'><strong>probitas</strong></span> <span class='ocrx_word' id='word_1_840' title='bbox 1669 2557 1740 2576; x_wconf 78' lang='lat' dir='ltr'><strong>vero</strong></span> 
     </span>
    </p>
   </div>
   <div class='ocr_carea' id='block_1_114' title="bbox 949 2594 1736 2630">
    <p class='ocr_par' dir='ltr' id='par_1_114' title="bbox 949 2594 1736 2630">
     <span class='ocr_line' id='line_1_114' title="bbox 949 2594 1736 2630; baseline -0.001 -9"><span class='ocrx_word' id='word_1_841' title='bbox 949 2599 1105 2629; x_wconf 90' lang='lat' dir='ltr'><strong>postremus</strong></span> <span class='ocrx_word' id='word_1_842' title='bbox 1119 2599 1202 2630; x_wconf 88' lang='lat' dir='ltr'><strong>atque</strong></span> <span class='ocrx_word' id='word_1_843' title='bbox 1216 2595 1365 2629; x_wconf 82' lang='lat' dir='ltr'><strong>perfectus.</strong></span> <span class='ocrx_word' id='word_1_844' title='bbox 1382 2594 1429 2621; x_wconf 88' lang='lat' dir='ltr'><strong>Vel</strong></span> <span class='ocrx_word' id='word_1_845' title='bbox 1445 2595 1526 2621; x_wconf 86' lang='lat' dir='ltr'><strong>etiam</strong></span> <span class='ocrx_word' id='word_1_846' title='bbox 1539 2594 1585 2628; x_wconf 79' lang='lat' dir='ltr'><strong>qui</strong></span> <span class='ocrx_word' id='word_1_847' title='bbox 1598 2601 1611 2620; x_wconf 87' lang='lat' dir='ltr'><strong>a</strong></span> <span class='ocrx_word' id='word_1_848' title='bbox 1630 2594 1736 2628; x_wconf 90' lang='lat' dir='ltr'><strong>simpli-</strong></span> 
     </span>
    </p>
   </div>
   <div class='ocr_carea' id='block_1_115' title="bbox 949 2639 1737 2675">
    <p class='ocr_par' dir='ltr' id='par_1_115' title="bbox 949 2639 1737 2675">
     <span class='ocr_line' id='line_1_115' title="bbox 949 2639 1737 2675; baseline -0.003 -7"><span class='ocrx_word' id='word_1_849' title='bbox 949 2641 1070 2669; x_wconf 88' lang='lat' dir='ltr'><strong>cioribus</strong></span> <span class='ocrx_word' id='word_1_850' title='bbox 1093 2641 1235 2672; x_wconf 87' lang='lat' dir='ltr'><strong>doctrinis,</strong></span> <span class='ocrx_word' id='word_1_851' title='bbox 1260 2648 1328 2675; x_wconf 87' lang='lat' dir='ltr'><strong>quas</strong></span> <span class='ocrx_word' id='word_1_852' title='bbox 1345 2640 1421 2667; x_wconf 87' lang='lat' dir='ltr'><strong>lactis</strong></span> <span class='ocrx_word' id='word_1_853' title='bbox 1436 2640 1574 2675; x_wconf 90' lang='lat' dir='ltr'><strong>potionem</strong></span> <span class='ocrx_word' id='word_1_854' title='bbox 1586 2639 1737 2674; x_wconf 75' lang='lat' dir='ltr'><strong>Apostolus</strong></span> 
     </span>
    </p>
   </div>
   <div class='ocr_carea' id='block_1_116' title="bbox 950 2686 1734 2720">
    <p class='ocr_par' dir='ltr' id='par_1_116' title="bbox 950 2686 1734 2720">
     <span class='ocr_line' id='line_1_116' title="bbox 950 2686 1734 2720; baseline -0.003 -6"><span class='ocrx_word' id='word_1_855' title='bbox 950 2687 1067 2719; x_wconf 86' lang='lat' dir='ltr'><strong>vocavit,</strong></span> <span class='ocrx_word' id='word_1_856' title='bbox 1082 2687 1115 2714; x_wconf 87' lang='lat' dir='ltr'><strong>ad</strong></span> <span class='ocrx_word' id='word_1_857' title='bbox 1130 2687 1244 2719; x_wconf 88' lang='lat' dir='ltr'><strong>medias,</strong></span> <span class='ocrx_word' id='word_1_858' title='bbox 1258 2692 1285 2713; x_wconf 88' lang='lat' dir='ltr'><strong>et</strong></span> <span class='ocrx_word' id='word_1_859' title='bbox 1297 2694 1331 2713; x_wconf 83' lang='lat' dir='ltr'><strong>ex</strong></span> <span class='ocrx_word' id='word_1_860' title='bbox 1343 2686 1397 2719; x_wconf 84' lang='lat' dir='ltr'><strong>his,</strong></span> <span class='ocrx_word' id='word_1_861' title='bbox 1414 2686 1446 2713; x_wconf 89' lang='lat' dir='ltr'><strong>ad</strong></span> <span class='ocrx_word' id='word_1_862' title='bbox 1463 2687 1579 2720; x_wconf 80' lang='lat' dir='ltr'><strong>majores</strong></span> <span class='ocrx_word' id='word_1_863' title='bbox 1596 2688 1653 2714; x_wconf 86' lang='lat' dir='ltr'><strong>sive</strong></span> <span class='ocrx_word' id='word_1_864' title='bbox 1669 2693 1734 2720; x_wconf 89' lang='lat' dir='ltr'><strong>per-</strong></span> 
     </span>
    </p>
   </div>
   <div class='ocr_carea' id='block_1_117' title="bbox 949 2732 1732 2767">
    <p class='ocr_par' dir='ltr' id='par_1_117' title="bbox 949 2732 1732 2767">
     <span class='ocr_line' id='line_1_117' title="bbox 949 2732 1732 2767; baseline -0.003 -7"><span class='ocrx_word' id='word_1_865' title='bbox 949 2734 1083 2761; x_wconf 79' lang='lat' dir='ltr'><strong>fecturum</strong></span> <span class='ocrx_word' id='word_1_866' title='bbox 1097 2732 1186 2760; x_wconf 91' lang='lat' dir='ltr'><strong>cibum</strong></span> <span class='ocrx_word' id='word_1_867' title='bbox 1201 2733 1376 2766; x_wconf 83' lang='lat' dir='ltr'><strong>adducimur;</strong></span> <span class='ocrx_word' id='word_1_868' title='bbox 1392 2733 1464 2767; x_wconf 81' lang='lat' dir='ltr'><strong>quod</strong></span> <span class='ocrx_word' id='word_1_869' title='bbox 1476 2733 1558 2760; x_wconf 85' lang='lat' dir='ltr'><strong>etiam</strong></span> <span class='ocrx_word' id='word_1_870' title='bbox 1570 2733 1596 2760; x_wconf 95' lang='lat' dir='ltr'><strong>in</strong></span> <span class='ocrx_word' id='word_1_871' title='bbox 1610 2733 1732 2766; x_wconf 76' lang='lat' dir='ltr'><strong>Evange-</strong></span> 
     </span>
    </p>
   </div>
   <div class='ocr_carea' id='block_1_118' title="bbox 949 2779 1734 2815">
    <p class='ocr_par' dir='ltr' id='par_1_118' title="bbox 949 2779 1734 2815">
     <span class='ocr_line' id='line_1_118' title="bbox 949 2779 1734 2815; baseline -0.003 -7"><span class='ocrx_word' id='word_1_872' title='bbox 949 2781 992 2809; x_wconf 81' lang='lat' dir='ltr'><strong>liis</strong></span> <span class='ocrx_word' id='word_1_873' title='bbox 1005 2780 1139 2808; x_wconf 87' lang='lat' dir='ltr'><strong>Dominus</strong></span> <span class='ocrx_word' id='word_1_874' title='bbox 1149 2779 1285 2815; x_wconf 71' lang='lat' dir='ltr'><strong>signiﬁcat</strong></span> <span class='ocrx_word' id='word_1_875' title='bbox 1297 2779 1331 2807; x_wconf 86' lang='lat' dir='ltr'><strong>ad</strong></span> <span class='ocrx_word' id='word_1_876' title='bbox 1346 2785 1455 2807; x_wconf 81' lang='lat' dir='ltr'><strong>sanetos</strong></span> <span class='ocrx_word' id='word_1_877' title='bbox 1469 2779 1603 2811; x_wconf 79' lang='lat' dir='ltr'><strong>apostolos</strong></span> <span class='ocrx_word' id='word_1_878' title='bbox 1619 2779 1734 2806; x_wconf 80' lang='lat' dir='ltr'><strong>dicens:</strong></span> 
     </span>
    </p>
   </div>
  </div>
