1933 3075
191 141 244 169 283

786 143 814 171 S.
835 142 986 170 DIO‘NYSII
1003 143 1234 171 AREOI’AGITE

1769 146 1824 172 ’1944

193 200 279 227 υαΙιο
299 201 382 226 habeo
405 200 478 227 vobis
503 200 601 233 dicere,
622 201 669 227 sed
684 209 737 227 non
750 201 859 234 potestis
872 206 980 234 portare

1035 211 1083 237 γαν
1096 203 1226 236 Θεολόγον
1241 201 1400 237 Γρηγὸριον.
1415 201 1500 228 Τοῦτο
1513 202 1541 228 δὲ
1553 203 1569 237 ἡ
1581 201 1729 234 τελείωσις.
1743 203 1824 229 Ἔστι

191 247 270 273 modo
280 251 306 272 1.
315 247 436 274 Observa
446 255 565 282 quoque.
573 247 595 274 si
608 248 708 283 placet.
716 248 885 275 sacrosancti
898 248 982 283 Spiri-

195 296 237 318 Ius
254 292 281 318 in
294 292 425 325 apostolis
438 293 657 326 susceptionem;
674 293 754 319 datus
765 293 837 319 enim
853 293 904 320 fuit
922 294 981 328 pri-

193 345 266 364 mum
282 343 393 372 propter
407 339 496 373 signa,
508 339 606 366 deinde
618 346 683 366 vero
697 347 745 374 per
761 339 980 372 insulﬂationem,

194 391 227 410 ac
238 386 317 410 tertia
333 385 392 411 vice
405 385 432 411 in
448 385 547 419 linguis
563 386 649 419 igneis
663 387 889 417 substantialiter.
901 392 929 413 ut
945 388 982 414 ita

193 430 255 464 quis
270 430 353 463 dicat,
369 432 519 458 secundant
536 440 665 467 magnum
680 432 846 467 Theologum
875 432 980 468 Grego-

194 475 276 502 rium.
300 475 362 503 Hzec
387 481 476 504 autem
500 482 542 504 est
564 478 706 512 perfectio.
724 478 818 505 Liceat
834 479 860 504 id
873 486 981 513 quoque

194 522 274 549 aliter
293 522 479 556 considerare,
494 531 527 550 ac
543 525 659 558 primum
675 525 781 558 quidem
801 524 923 551 ordinem
938 524 980 551 di-

193 575 267 598 cere,
285 569 318 594 ad
343 568 369 595 id
398 569 469 603 quod
498 569 624 603 superius
639 574 692 602 est,
707 569 910 603 extensionem;
926 577 983 596 me-

193 615 268 642 diutn
284 623 360 648 vero,
379 617 411 644 ad
427 617 496 644 idem
513 617 719 644 conversionem
740 622 821 652 atque
841 616 982 644 collectio—

194 668 270 694 nem;
287 666 454 696 postretnum
469 670 532 689 vero
547 670 618 695 eum,
633 662 678 697 qui
691 662 762 696 quod
773 663 916 689 demissius
929 667 982 695 est,

192 706 284 741 erigit.
302 706 359 734 Nisi
369 707 441 734 enim
457 708 518 742 quis
529 708 644 736 amando
658 709 691 734 ad
703 708 796 735 divina
806 709 981 740 extendatur,

194 759 248 780 non
268 753 303 780 ad
327 753 373 780 illa
397 759 572 781 convertatur
590 761 623 781 ac
643 754 797 788 colligetur,
813 760 895 789 atque
912 755 981 781 adeo

193 798 274 825 etiam
285 807 338 826 non
353 800 429 835 101
442 800 600 827 adducetur.
615 799 682 826 Nam
696 799 746 826 nisi
761 807 808 827 cor
819 799 978 827 calefactum

193 845 277 871 fuerit
290 852 323 872 ex
339 846 448 873 assidua
466 846 538 873 circa
551 853 607 873 rem
620 846 745 873 dilectam
774 846 953 874 meditatione
977 850 1006 873 et
1022 845 1199 872 conversione
1229 845 1452 879 collectioneque,

1033 248 1062 274 δὲ
1079 248 1126 274 καὶ
1142 247 1243 283 ἑτέρως
1260 247 1338 273 τοῦτο
1351 247 1454 282 νοῆσαι,
1471 247 1520 273 καὶ
1533 245 1644 282 πρώτην
1662 247 1711 282 μὲν
1723 247 1824 279 εἰπεῖν,

1033 294 1083 329 τὴν
1099 293 1167 329 πρὸς
1180 293 1211 320 τὺ
1228 293 1423 328 ὑπερκείμενον
1435 293 1576 322 ,ἀνάτασιν
1617 293 1703 328 μέσην
1724 293 1825 328 δὲ,τὴν

1035 341 1099 376 περὶ
1115 339 1181 366 αὐτὸ
1199 340 1316 375 στροφὴν
1330 339 1376 365 καὶ
1394 338 1539 369 συνέλιξιν-
1552 339 1708 365 τελευταίαν
1718 338 1756 370 δὲ,
1773 338 1826 373 τὴν

1033 387 1064 414 τὸ
1079 387 1272 422 ὑποδεέστερον
1285 387 1447 420 ἀνάγουσιν.
1462 387 1494 413 El
1509 386 1613 422 μηγὰρ
1625 387 1770 420 ἀγαπήσας
1782 394 1825 417 τις

1035 433 1178 469 ἅναταῦεἱη
1196 433 1262 468 πρὸς
1279 433 1312 459 τὰ
1329 433 1386 459 θεῖα
1397 453 1403 463 ,
1427 433 1477 459 οὐκ
1495 433 1527 459 ἂν
1544 433 1608 468 περὶ
1632 433 1722 458 ἐκεῖνα
1739 439 1825 466 στρα-

1035 480 1096 514 φείη
1114 480 1160 506 καὶ
1178 478 1359 514 συνελιχοείη·
1386 479 1409 504 εἱ
1425 478 1453 504 δὲ
1478 478 1514 513 μὴ
1532 478 1620 509 τοῦτο,
1641 478 1690 503 οὐκ
1709 477 1741 503 ἂν
1758 477 1827 502 ἀνα-

1034 524 1122 560 χθείη.
1137 525 1168 550 Εἰ
1186 524 1223 560 μὴ
1242 524 1296 559 γὰρ
1315 524 1331 558 ἠ
1349 523 1445 559 καρδία
1463 523 1625 558 θερμανθείη
1647 523 1679 548 ἐκ
1695 522 1744 557 τῆς
1762 530 1827 548 συν-

1035 570 1114 605 εχοῦς
1131 571 1195 605 περὶ
1210 570 1240 596 τὸ
1254 569 1434 604 ἀγαπώμενον
1449 569 1562 604 μελέτης
1576 569 1623 594 καὶ
1640 567 1760 603 στροφῆς
1777 567 1826 593 καὶ

1036 615 1154 648 ἑλίξεως,
1172 617 1222 642 οὐκ
1239 615 1271 642 ἂν
1287 615 1432 651 ἐγκαυθείη
1449 615 1479 641 τὸ
1492 615 1541 650 τῆς
1558 613 1703 648 ἀναγωγῆς
1719 613 1766 639 καὶ
1781 621 1827 639 τε-

1035 661 1168 692 λειώσεως
1182 661 1249 696 πῦρ,
1265 660 1335 687 κατὰ
1348 661 1392 690 τὸ,
1418 659 1596 694 Ἐθερμάνθη
1612 661 1632 693 ὴ
1649 659 1755 692 καρδία
1764 667 1828 693 μου

1034 708 1121 740 ἐντός
1133 715 1204 741 μου,
1225 707 1273 733 καί
1289 707 1324 733 ἐν
1339 705 1377 740 τῇ
1393 705 1504 741 μελέτῃ
1524 714 1584 740 μου
1607 705 1825 739 ὲγκαυθήσεται

1034 754 1110 787 πῦρ·
1148 753 1226 779 τοῦτο
1256 752 1373 788 ἁρμόσαι
1407 752 1439 778 ἂν
1470 751 1518 786 καὶ
1543 751 1589 777 ἐπὶ
1616 750 1663 777 τοῦ
1696 749 1825 786 οὐρανίου

1033 799 1102 830 νοός.

1487 851 1540 871 non
1561 843 1727 871 accendetur
1755 843 1826 877 ignis

193 890 356 919 elevationis
371 899 404 919 ac
423 891 607 926 perfectionis,
623 892 700 927 juxta
717 892 783 919 illud
803 901 811 920 :
832 892 995 927 Calefuctum
1009 896 1047 918 ut
1066 900 1112 918 cor
1134 900 1222 919 meum
1240 893 1310 918 intra
1336 900 1387 924 me,
1417 895 1442 918 et
1463 892 1489 918 in
1510 890 1679 918 meditatione
1702 897 1760 916 mea
1776 896 1826 915 ea:—

193 937 310 964 arrlucu
326 937 393 972 ignis
408 942 419 956 ι
437 945 445 964 :
460 939 532 972 quod
560 939 644 965 menti
666 945 774 973 quoque
792 939 895 966 caelesti
912 938 1069 973 quadrabit.

209 1009 1801 1023 —_—_———

431 1093 621 1138 CAPUT
653 1094 742 1138 ΧΙ.

196 1159 251 1187 Cur
264 1168 352 1187 onum
364 1163 479 1188 calata
511 1166 612 1188 naturae
626 1162 759 1188 communi
776 1161 881 1189 nomine
899 1161 981 1189 virtu-

410 1201 448 1222 tes
467 1195 582 1222 uelum
595 1196 772 1230 appellantur.

1222 1090 1543 1137 ΚΕΦΑΛΑΙΟΝ
1563 1087 1644 1131 [Α’.

1035 1157 1088 1186 Διὰ
1109 1158 1138 1185 τί
1159 1156 1254 1185 πᾶσαι
1274 1158 1305 1184 al
1327 1156 1461 1191 οὐράνιαι
1481 1157 1599 1189 οὐσίαι,
1625 1157 1699 1184 κατὰ
1721 1155 1827 1184 κοινοί

1195 1193 1334 1228 δύναμεις
1345 1191 1479 1226 οὐράνιαι
1492 1193 1664 1219 καλοῦνται.

846 1261 1013 1289 SYNOPSIS
1031 1260 1176 1289 CAPlTlS.

195 1354 214 1379 1.
230 1354 310 1387 Docet,
323 1353 429 1378 caelum
439 1360 521 1387 omnes
531 1353 632 1387 spiritus
647 1360 696 1378 non
707 1353 793 1379 eadm
803 1353 895 1387 ratione
906 1351 1014 1387 virtutes,
1024 1359 1072 1385 qua
1082 1350 1179 1385 angelos
1188 1351 1278 1386 uocari.
1287 1352 1321 1387 ll.
1334 1353 1427 1387 Nomen
1443 1350 1625 1387 commune
1642 1349 1757 1387 virtutum:
1778 1357 1829 1387 non

227 1371 1540 1418 ίυῆξπιάῖεέῖδῗηῇλςςῖδῑῆτιῑῆίάτμῖδίιρῑξιβιέέὶξῆίιῑι,νςεῐ·;ῑέςλι·ῖηιῑιξτῑ.;ενῖῖίῖι·,ὐίῑῑιιλέῑῑῖρέναιίοηε
1559 1383 1676 1411 mium,
1700 1379 1734 1405 tta
1753 1382 1828 1406 ,ηεαο

225 1414 323 1446 quidem
333 1414 457 1446 “sentias,
469 1414 542 1440 modo
551 1422 608 1440 vero
619 1414 753 1442 virtutes'et
763 1414 874 1448 energies
887 1416 1031 1448 nuncupari.

974 1491 1030 1528 ξι.

235 1563 283 1591 llis
308 1563 345 1590 ita
371 1561 503 1595 deﬁnitis,
532 1562 599 1590 illud
623 1563 847 1591 consideratione
862 1563 984 1598 dignum,

197 1618 246 1637 cur
273 1616 369 1636 omnes
396 1609 481 1636 simul
506 1609 646 1643 angelicas
681 1610 834 1642 essentias,
867 1609 985 1636 virtutes

196 1657 322 1684 ctelestes
345 1655 480 1690 appellare
505 1655 673 1684 soleamusl.
690 1655 783 1690 Neque
809 1656 893 1689 enim,
913 1661 941 1681 ut
956 1655 982 1682 iu

198 1703 303 1737 angelis
315 1702 407 1730 dicere
422 1709 578 1736 possumus,
590 1707 748 1729 sanctarum
763 1701 837 1730 illam
851 1703 981 1728 virtutum

198 1751 373 1778 novissimam
387 1757 447 1777 esse
462 1750 679 1777 distributionem
697 1759 704 1779 :
720 1755 801 1785 atque
812 1750 982 1785 superiorum

197 1798 305 1833 quidem
325 1797 505 1824 essentiarum
529 1796 733 1830 dispositiones,
748 1801 872 1824 sanetam
894 1803 921 1825 et
934 1799 983 1825 de-

196 1851 290 1870 coram
319 1844 528 1870 novissimarum
564 1843 774 1870 illustratiouem
805 1844 982 1878 participare,

195 1897 274 1917 secus
287 1897 368 1924 quam
384 1890 485 1916 ultimm
500 1889 660 1923 primarum.
677 1889 718 1917 0b
729 1897 845 1924 eamque
860 1898 982 1922 causam,

197 1937 326 1963 caelestes
342 1936 452 1971 quidem
475 1935 591 1962 virtutes
612 1943 719 1968 omnes,
744 1936 851 1964 divinos
870 1937 982 1970 spiritus

196 1982 336 2016 appellari,
351 1981 489 2015 scrapltim
507 1986 597 2008 autem
612 1986 639 2008 et
655 1982 769 2009 thronos
789 1986 872 2016 atque
895 1982 984 2010 domi-

196 2028 324 2055 nationes
340 2028 416 2055 nullo
432 2028 527 2061 modo;
544 2028 698 2055 novissimae
710 2028 844 2062 siquidem
860 2029 984 2063 superio-

197 2082 258 2101 rum
271 2075 455 2109 proprietates
471 2074 542 2102 haud
560 2075 709 2101 universim
724 2075 898 2110 participant.
927 2075 985 2101 Au-

196 2119 247 2154 geli
263 2121 366 2155 itaque,
381 2125 408 2147 et
423 2124 487 2147 ante
500 2120 614 2155 angelos
633 2120 788 2153 archangeli
806 2126 833 2147 et
847 2121 985 2155 principa-

197 2169 241 2191 tus
265 2172 298 2191 ac
325 2171 485 2199 potestates,
510 2173 572 2192 cum
591 2170 654 2199 post
670 2166 784 2192 virtutes
804 2173 820 2191 ιι
850 2165 983 2201 theologia

197 2210 375 2243 collocentur,
394 2211 553 2244 frequenter
577 2218 592 2236 ιι
609 2210 686 2237 nobis
705 2218 756 2236 una
777 2219 838 2238 cum
858 2211 919 2238 aliis
933 2220 983 2238 na-

198 2255 266 2283 turis
279 2257 393 2289 sanctis,
407 2256 531 2284 caelestes
547 2256 648 2291 passitn
666 2255 786 2283 Virtutes
802 2256 982 2290 appellantur.

1072 1561 1180 1588 Τούτων
1195 1561 1224 1588 δὲ
1241 1561 1435 1598 διωρισμένων,
1451 1563 1540 1590 ἐκεῖνο
1555 1563 1630 1597 ἄξιον
1644 1565 1779 1600 ἐννοῆσαι,
1792 1566 1827 1592 δι’

1035 1608 1070 1644 ἢν
1085 1608 1173 1635 αἰτίαν
1187 1609 1296 1640 ἁπάσας
1315 1608 1382 1643 όμοῦ
1397 1608 1446 1640 τὰς
1465 1609 1613 1643 ἀγγελικὰς
1633 1611 1726 1642 οὐσίας
1744 1611 1827 1638 δυνά-

1037 1663 1098 1690 μεις
1114 1654 1240 1690 οὐρανίας
1256 1653 1348 1681 καλεῖν
1364 1654 1508 1689 εἰώθαμεν.
1523 1657 1560 1681 Οὐ
1577 1656 1631 1691 γὰρ
1641 1655 1714 1683 ἔστιν
1726 1658 1825 1688 εἰπεῖν,

1034 1699 1072 1731 ὡς
1087 1700 1133 1726 ἐπὶ
1149 1700 1203 1726 τῶν
1219 1700 1351 1734 ἀγγέλων,
1375 1701 1416 1727 ὅτι
1441 1701 1536 1728 πασῶν
1551 1702 1634 1736 ¹ἐστιν
1650 1703 1752 1739 ἐσχάτη
1768 1704 1828 1730 δια-

1036 1745 1179 1781 κόσμησις,
1195 1746 1211 1781 ἡ
1229 1745 1283 1772 τῶν
1299 1745 1382 1779 ἁγίων
1398 1746 1549 1782 δυνάμεων,
1570 1748 1615 1774 καὶ
1632 1748 1681 1782 τῆς
1699 1749 1748 1784 μὲν
1771 1749 1826 1775 τῶν

1036 1791 1158 1825 ἐσχάτων
1175 1789 1359 1825 ἀγιοπρεποῦς
1375 1790 1533 1826 stupeam;
1545 1811 1552 1823 ,
1579 1793 1606 1819 αἱ
1623 1793 1677 1819 τῶν
1694 1794 1826 1829 ὑπερκει-

1037 1836 1124 1871 μένων
1149 1836 1247 1862 οὐσιῶν
1266 1836 1460 1871 διακοσμήσεις
1480 1837 1654 1872 μετέχουσιν,
1679 1840 1707 1865 αἱ
1731 1840 1826 1866 τελευ-

1033 1884 1108 1909 ταῖαι
1127 1882 1156 1908 δὲ
1177 1881 1231 1908 τῶν
1251 1881 1366 1917 πρώτων
1389 1882 1527 1917 οὐδαμῶς·
1550 1883 1597 1909 καὶ
1619 1885 1714 1911 τούτου
1734 1886 1826 1921 χάριν,

1033 1929 1157 1964 οὐράνιαι
1176 1928 1225 1963 μὲν
1240 1928 1378 1962 δυνάμεις,
1395 1927 1513 1960 ἅπαντες
1529 1929 1553 1955 οἱ
1571 1929 1636 1955 οεῖοι
1653 1930 1712 1961 νόες
1725 1931 1826 1966 ὀνομά-

1033 1974 1136 2006 ζονται,
1152 1973 1273 2008 σεραφὶμ
1289 1973 1326 2004 δὲ,
1345 1974 1393 1999 καὶ
1413 1973 1513 2008 θρόνοι,
1531 1975 1578 2000 καὶ
1595 1975 1764 2011 κυριότητες,
1781 1977 1827 2003 οὐ-

1032 2018 1126 2054 δαμῶς
1136 2027 1143 2033 ·
1161 2018 1307 2053 ἁμέθεκτοι
1323 2017 1377 2054 γὰρ
1390 2019 1418 2044 αἱ
1431 2019 1583 2046 τελευταῖαι
1597 2020 1651 2046 τῶν
1666 2022 1827 2056 ὑπερτάτων

1033 2065 1103 2091 εἰσὶν
1119 2064 1217 2091 εἵλικῶν
1235 2063 1383 2099 tamam.
1404 2065 1434 2091 Οἱ
1448 2064 1502 2100 γὰρ
1515 2065 1624 2098 ἄγγελοι
1638 2067 1685 2093 καὶ
1703 2067 1756 2102 πρὸ
1771 2068 1827 2094 τῶν

1034 2109 1156 2144 ἀγγέλων
1169 2110 1332 2144 ἁρχάγγελοι
1345 2129 1352 2141 ,
1371 2110 1419 2136 καὶ
1431 2110 1526 2145 ἁρχαὶ,
1553 2111 1600 2137 καὶ
1621 2111 1740 2143 ἐξουσίαι
1757 2112 1828 2147 μετὰ

1033 2155 1082 2187 τὰς
1103 2155 1236 2190 Δυνάμεις
1253 2155 1304 2181 ὑπὸ
1323 2155 1373 2190 τῆς
1393 2155 1529 2190 θεολογίας
1553 2157 1728 2191 ταττόμενοι,
1754 2157 1828 2185 κατὰ

1037 2200 1126 2227 κοινοῦ
1140 2199 1267 2231 πολλάκις
1284 2201 1329 2235 ὐφ’
1350 2200 1427 2235 ἡμῶν
1451 2200 1517 2236 ὁμοῦ
1540 2203 1601 2233 ταῖς
1623 2202 1716 2234 ἄλλαις
1735 2203 1827 2237 ἁγίαις

1038 2246 1145 2277 οὐσίαις
1157 2264 1164 2277 ,
1186 2245 1308 2281 οὐράνιαι
1323 2245 1451 2280 δυνάμεις
1467 2245 1676 2273 ἀποκαλοῦνται.

964 2336 1034 2373 gn.

233 2407 422 2436 Verumtamen
442 2415 584 2443 negamus.
601 2415 660 2442 nos,
682 2415 744 2436 cum
767 2407 907 2435 communi
925 2415 981 2435 cur

1068 2407 1160 2443 Φαμὲν
1171 2408 1209 2439 δὲ,
1223 2407 1263 2434 ὃτι
1279 2407 1376 2439 κοινῶς
1401 2408 1447 2434 ἐπὶ
1463 2409 1563 2442 πάσαις
1572 2410 1593 2426 ⁸¹
1612 2411 1777 2447 κεχρημένοι
1791 2415 1826 2449 τῇ

198 2454 305 2482 lestium
324 2455 454 2482 virtutum
469 2455 578 2482 nomine
594 2455 621 2482 in
638 2454 767 2481 omnibus
781 2454 892 2485 utimur,
915 2461 982 2481 con-

198 2500 331 2527 fusionem
343 2500 423 2527 ullam
436 2501 567 2534 cujusque
576 2499 679 2528 ordinis
691 2500 886 2534 proprietatum
898 2499 982 2526 intro-

197 2546 317 2578 ducere;
330 2547 377 2574 sed
396 2547 525 2581 quoniam
544 2547 570 2574 iu
585 2547 636 2574 tria
652 2554 747 2574 onmes
761 2546 858 2574 divina:
878 2551 983 2573 mentes

198 2591 302 2618 ctelesti
322 2592 427 2620 ratione
440 2600 487 2619 sua
499 2593 593 2620 divisae
607 2596 682 2624 sunt,
698 2593 724 2619 in
745 2592 891 2619 essentiam
912 2591 985 2618 vide-

199 2635 273 2668 licet,
287 2641 314 2663 et
326 2636 353 2664 in
366 2637 503 2670 virtutem,
513 2643 540 2664 et
554 2638 580 2664 in
593 2637 791 2671 operationem,
804 2645 865 2664 cum
874 2644 981 2669 omnes,

198 2684 246 2706 aut
261 2680 367 2715 aliquas
379 2689 485 2714 earum,
499 2683 735 2710 indiserimiuatim
750 2683 874 2710 cmlestes
886 2690 982 2710 esseu-

252 2744 267 2765 1
280 2739 357 2768 Joan.
371 2748 427 2773 ιιι,
445 2741 488 2768 1-2.
527 2745 539 2758 ι
559 2740 631 2768 Psal.
649 2748 763 2772 xxxmt,
778 2739 806 2767 4.

1033 2455 1088 2481 τῶν
1104 2455 1235 2490 οὐρανίων
1249 2455 1391 2489 ἐπωνυμίᾳ.
1402 2454 1553 2489 δυνάμεων,
1569 2456 1598 2481 οὐ
1620 2456 1751 2491 σύγχυσίν
1765 2466 1826 2484 τινα

1033 2499 1088 2525 τῶν
1120 2499 1238 2534 ἑκάστης
1266 2498 1470 2533 διακοσμήσεως
1499 2499 1636 2535 ίδιοτήτων
1662 2501 1825 2537 εἰσάγομεν·

1033 2545 1091 2571 ἀλλ’
1109 2544 1201 2579 ἐπειδὴ
1215 2545 1255 2575 εῐς
1270 2543 1333 2578 τρία
1345 2543 1490 2579 διῄρηνται
1502 2543 1541 2579 τῷ
1554 2545 1615 2572 κατ’
1628 2546 1728 2577 αὐτοὺς
1740 2548 1828 2584 ὑπερ-

1033 2590 1139 2626 κοσμίῳ
1152 2590 1223 2624 λόγῳ
1237 2589 1335 2620 πάντες
1356 2589 1421 2616 Θεῖοι
1437 2590 1513 2622 νόες,
1531 2592 1571 2622 εις
1589 2591 1694 2623 οὐσίαν,
1714 2593 1762 2619 καὶ
1778 2593 1825 2619 δύ-

1034 2645 1126 2671 ναμιν,
1144 2637 1190 2662 καὶ
1207 2635 1355 2671 ἐνέργειαν,
1373 2636 1436 2662 ὅταν
1449 2635 1590 2669 ἅπαντας,
1612 2637 1628 2672 ἢ
1642 2637 1718 2670 τινὰς
1735 2639 1826 2665 αὐτῶν

1034 2683 1252 2718 ἀπαρατηρήτως
1265 2681 1392 2718 οὐρανίας
1402 2681 1505 2715 οὐσίας,
1521 2681 1540 2718 ἦ
1553 2682 1680 2718 οὐρανίας
1696 2683 1826 2720 δυνάμεις

862 2746 875 2760 ι
892 2739 965 2767 Psal.
980 2746 1058 2770 xxm,
1075 2745 1166 2769 tum,
1192 2744 1238 2765 cu.

846 2818 963 2848 VARLE
982 2816 1182 2846 LECTIONES.

241 2876 263 2892 "
281 2877 340 2905 Alia
362 2877 442 2906 lectio
465 2882 573 2906 notatur
592 2879 618 2907 in
639 2879 686 2907 Cll.
704 2879 750 2906 ἐπὶ
768 2880 844 2907 πᾶσι.
