1933 3075
152 138 207 168 2535

427 124 434 131 δ
481 137 525 166 DE
540 138 703 167 C(ELESTI
719 138 941 172 lllERARCHIA,
959 139 1038 168 CAP.
1057 139 1103 167 Xl.
1121 155 1156 159 —
1172 135 1336 167 CORDERII
1351 139 1464 168 ΝΟΤΕ.

1732 140 1785 168 εςθ

151 197 344 233 ἀποηλοῦμεν
355 197 389 230 θ’,
408 197 505 230 αὐτοὺς
522 198 744 234 περιφραστικῶς
759 199 821 229 τοὺς
833 198 897 234 περὶ
910 194 945 224 ὧν

999 197 1063 230 tias,
1092 196 1135 224 vel
1162 197 1290 225 caelestes
1316 197 1431 224 virtutes
1459 197 1635 233 appellamus,
1662 205 1720 230 cas,
1752 200 1785 226 de

150 246 165 271 ὁ
177 244 256 278 λόγος
272 244 414 280 ἐμφαίνειν
431 244 504 279 ἡμᾶς
520 244 624 279 οἰητέον
640 244 673 271 ὲκ
687 244 736 280 τῆς
756 244 816 270 καθ’
829 243 944 270 ἕκαστον

151 290 243 317 αὐτῶν
258 291 352 322 οὐσίας
364 290 380 325 ἢ
394 290 534 325 δυνάμεως
543 299 549 305 ’
565 290 625 316 οὐδὲ
646 290 700 326 γὰρ
716 291 766 326 τὴν
780 291 945 327 ὑπερκειμέ-

152 345 203 371 νην
231 337 348 372 ἰδιότητα
374 336 429 363 τῶν
452 337 502 372 ἤδη
531 336 620 368 καλῶς
643 337 708 372 ἡμῖν
730 337 945 372 διακεκριμένων

153 381 241 416 ἁγίων
254 375 406 416 δυνάμεωνξ
424 381 471 408 καὶ
491 383 550 413 ταῖς
572 381 730 416 ὑφειμέναις
746 381 843 413 ὑλικῶς
859 391 945 417 προσ-

154 427 252 454 άπτειν
273 427 394 460 οὐσίαις,
421 428 465 453 ἐπ’
482 428 621 463 ἀνατροπῇ
644 427 693 463 τῆς
716 427 867 462 ἀσυγχύτου
891 427 946 454 τῶν

154 473 308 508 ἀγγελικῶν
333 473 486 508 διακόσμων
511 473 680 508 ταξιαρχιας.
710 472 788 499 Κατὰ
819 472 873 508 γὰρ
901 473 946 499 τὸν

154 520 286 552 πολλάκις
310 521 376 555 ἡμῖν
401 519 489 556 ὀρθῶς
512 520 678 546 ἀποδοθέντα
702 519 801 554 λόγον,
837 521 864 547 αἱ
897 520 945 555 μὲν

155 566 373 602 ὑπερῆεϐηκυίαι
397 566 592 602 διακοσμήσεις
619 566 755 602 περισσῶς
777 566 868 601 ἔχουσι
899 566 947 592 καὶ

154 613 206 644 τὰς
224 612 278 639 τῶν
296 612 448 647 ὑφειμένων
462 611 536 647 ἱερὰς
552 612 694 647 ἰδιότητας,
712 613 739 638 αἱ
754 612 782 638 δὲ
794 612 947 638 τελευταῖαι

155 658 207 690 τὰς
230 658 285 685 τῶν
308 657 500 694 πρεσϐυτέρων
522 658 721 694 ὑπερκειμένας
743 657 871 694 ὁλότητας
895 658 945 684 οὐκ

155 704 264 739 ἔχουσι,
282 704 402 740 μερικῶς
420 705 460 736 εἰς
474 704 559 736 αὑτὰς
575 703 629 730 τῶν
646 703 831 739 πρωτοφανῶν
845 703 945 739 ἐλλάμ-

155 750 230 785 item
245 750 290 777 διὰ
304 750 358 777 τῶν
375 749 490 786 πρώτων
506 750 644 785 ἀναλόγως
655 750 748 781 αὐταῖς
762 750 946 786 διαπορθμευ-

156 798 271 833 ομένων.

995 244 1095 279 quibus
1118 250 1208 270 sermo
1224 248 1276 275 est,
1302 243 1466 270 circuitione
1490 243 1645 271 describere
1673 247 1784 280 putandi

996 296 1101 321 sumus,
1112 296 1144 315 ex
1160 296 1191 315 ea
1208 295 1269 322 quae
1284 288 1362 322 102
1378 288 1492 322 singulis
1504 296 1596 316 carum
1611 290 1679 317 inest
1692 298 1783 318 essen-

996 336 1044 366 tia,
1072 334 1116 361 vel
1146 335 1255 361 virtute.
1280 333 1373 367 Neque
1396 333 1468 360 enim
1497 334 1537 361 fas
1562 335 1597 362 sit
1619 336 1783 363 eminentem

997 381 1072 408 illam
1096 386 1255 408 sanctarum
1286 381 1418 406 virtutum
1442 381 1634 415 proprietatem
1664 389 1677 407 a
1707 383 1785 409 nobis

997 427 1050 458 iam
1067 428 1120 453 rite
1141 427 1286 461 digestum,
1308 425 1484 454 inferioribus
1507 428 1612 454 naturis
1636 428 1783 455 universim

999 472 1161 504 attribuere,
1173 472 1245 499 unde
1262 473 1420 500 inconfusus
1436 473 1479 499 ille
1492 473 1675 508 angelicarum
1689 474 1784 501 distin-

998 519 1118 546 ctionum
1134 518 1201 544 ordo
1217 518 1436 552 perturbaretur.
1455 517 1535 545 Juxta
1555 519 1627 544 enim
1652 519 1784 545 rationem

997 563 1052 598 iam
1069 572 1083 591 a
1097 564 1174 591 nobis
1190 571 1261 598 stupe
1276 564 1421 596 redditam,
1441 564 1597 598 superiores
1616 564 1674 591 istae
1687 565 1784 592 distin-

999 610 1104 637 ctiones
1119 610 1278 637 inferiorum
1297 617 1405 644 quoque
1421 617 1516 637 sacras
1535 610 1715 644 proprietates
1736 611 1784 637 ab-

999 656 1071 684 unde
1091 656 1243 688 continent,
1259 656 1414 684 novissimae
1429 663 1495 684 vero
1509 657 1693 691 antiquiorum
1716 658 1782 684 emi-

1000 703 1128 731 nentibus
1138 703 1199 730 istis
1210 703 1434 730 univcrsitatibus
1447 708 1554 735 carent,
1570 703 1716 738 primitivis
1726 704 1785 732 istis

1001 750 1227 778 illustrationibus
1251 750 1277 777 in
1294 750 1356 778 illas
1375 757 1424 784 pro
1438 749 1569 785 cujusque
1583 755 1663 785 captu
1679 750 1781 785 partili-

1002 800 1044 823 ter
1057 795 1199 823 derivatis.

738 919 1009 948 ADNOTATIONES
1027 920 1202 948 CORDERII.

194 989 209 1026 ᾖ
223 989 250 1026 l.
260 989 413 1026 Notandum
428 989 474 1026 hic
487 995 521 1016 ex
536 988 678 1026 Dionysio,
694 988 768 1026 quod
793 989 907 1026 virtutes
930 989 956 1016 in
972 989 1077 1025 angelis
1096 989 1380 1026 dicanturdupliciter
1397 997 1405 1017 :
1420 990 1585 1025 quandoque
1596 990 1669 1017 enim
1686 997 1785 1026 nomen

157 1024 267 1053 virtutis
285 1025 331 1052 uni
346 1024 434 1051 ordini
451 1024 643 1059 appropriatur
656 1025 702 1058 qui
718 1025 867 1051 secundum
884 1025 970 1059 ipsum
985 1024 1027 1052 est
1047 1025 1153 1052 medius
1166 1025 1261 1052 mediae
1276 1024 1448 1057 hierarchiaé,
1460 1027 1611 1053 secundum
1637 1033 1702 1053 vero
1717 1025 1777 1053 Gre-

158 1062 278 1097 gorium,
291 1060 364 1097 hom.
377 1059 422 1097 Mi,
438 1059 639 1097 iqiEvauqeiio,
653 1064 695 1086 est
708 1066 853 1094 supremus
866 1060 964 1097 infimae
978 1059 1154 1097 hierarcbire.
1170 1059 1231 1097 Alio
1250 1061 1330 1097 modo
1342 1061 1459 1097 sumitur
1472 1061 1665 1097 communiter,
1682 1061 1787 1089 scilicet

158 1094 209 1131 pro
223 1095 350 1123 omnibus
365 1094 688 1131 ctelestibusLspiritibus,
703 1100 837 1131 quatenus
861 1095 990 1122 nimirum
1005 1100 1069 1131 sunt
1084 1095 1111 1121 in
1126 1095 1336 1131 participatione
1352 1096 1461 1131 virtutis
1473 1095 1583 1122 divinae.
1599 1095 1675 1122 Hanc
1690 1096 1779 1131 distiu-

157 1128 277 1159 ctionem
293 1134 404 1165 secutus
416 1130 495 1157 divus
513 1128 631 1156 Thomas
645 1130 671 1155 in
690 1129 776 1163 prima
790 1135 881 1164 parte.
898 1135 995 1164 quaest.
1026 1130 1087 1159 108.
1107 1128 1186 1157 artic.
1208 1128 1235 1160 5,
1252 1131 1287 1156 ad
1309 1131 1321 1157 1
1342 1139 1349 1157 :
1369 1140 1378 1156 ι
1401 1130 1503 1162 Virtus,
1530 1131 1629 1165 inquit,
1641 1130 1784 1164 dupliciter

157 1167 245 1201 accipi
264 1164 444 1201 potest.iUno
462 1164 543 1201 modo
571 1165 762 1201 communiter,
790 1166 941 1201 secundum
966 1166 1037 1199 quod
1064 1170 1106 1192 est
1127 1165 1214 1192 media
1231 1166 1304 1192 inter
1313 1166 1464 1201 essentiam
1482 1170 1510 1192 et
1529 1164 1718 1200 operationem
1738 1177 1743 1193 :
1759 1171 1786 1194 et

157 1203 200 1231 sic
219 1199 315 1228 omnes
331 1200 456 1227 ccelestes
477 1200 600 1234 spiritus,
619 1199 745 1227 ccelestes
771 1199 887 1227 virtutes
910 1205 1112 1232 nuncupantur,
1139 1200 1211 1227 sicut
1223 1205 1251 1227 et
1267 1199 1393 1228 caelestes
1404 1199 1623 1228 essentiteiAlio
1635 1201 1726 1231 modo.
1743 1209 1787 1228 se-

158 1237 276 1266 cundum
305 1236 376 1270 quod
400 1235 528 1270 importat
551 1234 695 1268 quemdam
718 1242 860 1262 excessum
893 1235 1060 1262 fortitudinis
1084 1244 1091 1262 :
1111 1239 1148 1270 iet
1173 1235 1213 1262 sic
1227 1239 1270 1262 est
1293 1236 1431 1270 proprium
1449 1243 1546 1263 nomen
1568 1236 1683 1264 ordinis.
1708 1235 1785 1263 Unde

159 1269 391 1307 Dionysiusjcap.
415 1270 444 1301 8,
465 1271 534 1298 dixit
558 1277 658 1307 nomen
679 1271 808 1307 virtutum
837 1271 993 1307 signiﬁcare
1019 1269 1164 1307 quamdam
1186 1269 1349 1307 virilemiet’
1369 1272 1558 1299 inconcussam
1582 1271 1784 1303 fortitudinem,

158 1305 247 1346 primo
271 1305 379 1346 quidem
401 1306 434 1333 ad
459 1313 555 1346 omnes
577 1305 683 1332 divinas
701 1305 872 1346 operationes
889 1305 955 1340 ipsis
967 1306 1164 1346 convenientes
1178 1315 1184 1332 :
1198 1305 1319 1346 secundo
1339 1307 1372 1346 ad
1393 1306 1486 1346 divina
1498 1306 1685 1346 §usclpienda,
1700 1311 1783 1346 atque

158 1340 198 1370 ita
219 1341 358 1383 significat
381 1348 429 1368 eas
448 1342 507 1369 sine
528 1342 626 1368 timore
638 1341 748 1375 aggredi
763 1340 853 1368 divina
867 1348 927 1376 qua:
940 1341 975 1368 ad
993 1341 1066 1376 ipsas
1079 1341 1226 1376 pertinent,
1243 1341 1316 1376 quod
1326 1341 1435 1369 videtur
1449 1341 1483 1369 ad
1496 1340 1684 1369 fortitudinem
1702 1340 1786 1368 animi

194 1383 304 1405 rtmere.
329 1385 338 1402 ι

195 1412 256 1449 ςιι.
268 1411 352 1449 ΔΝοιει,
375 1418 425 1446 per
436 1411 552 1449 virtutes
566 1416 594 1440 et
606 1411 735 1449 energias
755 1418 803 1439 seu
818 1411 1007 1449 operationes,
1026 1418 1078 1449 non
1094 1416 1125 1449 ut
1147 1411 1174 1438 in
1196 1411 1275 1449 nobis
1289 1411 1437 1449 qualitates
1464 1412 1572 1446 aliquas
1586 1411 1785 1449 accidentarias

159 1447 287 1482 intelligi,
300 1447 347 1474 sed
361 1451 391 1473 ut
403 1451 514 1474 sanctus
529 1447 661 1475 Maximus
675 1447 709 1473 ad
729 1452 809 1482 caput
822 1452 947 1482 quartum
962 1447 1001 1474 De
1016 1447 1113 1474 divini;
1140 1447 1290 1473 nominibus
1310 1449 1359 1479 ait,
1376 1448 1499 1482 ipsaemet
1514 1454 1608 1473 omnes
1623 1451 1726 1474 mentes
1746 1447 1781 1473 in-

159 1483 313 1514 tellectiles,
327 1486 356 1508 et
367 1482 562 1518 intelligentes,
575 1488 603 1510 et
614 1483 785 1513 substantiae,
801 1488 829 1508 et
841 1483 967 1514 virtutes,
979 1486 1006 1508 et
1022 1483 1139 1517 energia:
1152 1486 1216 1508 sunt
1233 1490 1240 1508 :
1257 1482 1492 1517 intelliguntcnitn
1508 1487 1536 1509 et
1559 1482 1712 1518 ipsasquia
1727 1489 1786 1509 om-

159 1526 207 1546 nes
224 1522 288 1545 sunt
297 1521 413 1553 mentes,
427 1517 468 1544 et’
479 1518 647 1549 substantiae,
665 1518 736 1553 vitae,
753 1525 768 1544 a
784 1522 875 1544 mente
898 1524 1023 1552 suprema
1041 1517 1220 1553 creamtimo
1234 1521 1261 1544 et
1276 1518 1395 1553 euergiae
1420 1518 1473 1545 illic
1491 1525 1540 1552 per
1561 1524 1590 1553 se
1606 1517 1785 1544 subsistentes

158 1559 223 1581 sunt
235 1557 261 1579 et
275 1552 444 1588 substantiae.
460 1553 494 1580 Et
508 1553 541 1580 ad
556 1561 621 1588 cap.
632 1551 790 1588 lacteolis
806 1551 960 1579 hieran/tite
984 1552 1111 1588 aitiidem
1132 1551 1274 1582 Maximus,
1293 1551 1420 1580 non‘esse
1434 1553 1545 1579 habitus
1561 1551 1588 1578 in
1607 1552 1714 1588 angelis
1728 1558 1779 1588 tan-

158 1595 242 1623 quam
258 1587 424 1623 accidensin
439 1589 578 1622 subjecto;
591 1586 665 1623 quod
684 1595 737 1614 non
752 1588 839 1615 solum
858 1595 951 1614 verum
964 1592 1006 1623 est
1029 1587 1055 1614 in
1076 1588 1220 1623 habilibus
1235 1588 1434 1620 ntaterialibus,
1449 1592 1478 1614 ut
1489 1591 1604 1614 sanctus
1627 1586 1746 1623 Thomas
1759 1587 1785 1623 in

159 1621 186 1657 ἱ,
203 1631 234 1656 ιι,
258 1621 329 1657 (1.,5,
353 1621 381 1648 in
399 1630 471 1657 resp.
486 1621 518 1650 ad
534 1623 561 1656 l,
581 1621 778 1657 interpretatus
793 1628 845 1655 est,
858 1624 921 1657 quia
938 1622 1092 1656 hujusmodi
1120 1623 1239 1655 habitus,
1258 1628 1287 1649 ut
1302 1623 1372 1650 idem
1389 1623 1438 1655 ait,
1460 1628 1524 1650 sunt
1540 1622 1735 1657 dispositiones
1751 1622 1785 1649 ad

157 1666 219 1687 esse
231 1657 373 1690 naturale;
389 1658 539 1691 cuiusmodi
556 1659 666 1685 habitus
679 1665 731 1684 non
746 1659 846 1685 habent
860 1658 948 1685 locum
971 1659 998 1684 in
1014 1658 1129 1692 angelis,
1146 1658 1209 1692 quia
1226 1659 1341 1684 materia
1355 1663 1460 1688 carent,
1477 1657 1571 1692 quales
1585 1661 1648 1684 sunt
1663 1657 1784 1692 proprie-

160 1699 230 1722 tates
245 1693 369 1727 quaedam
391 1693 542 1725 naturales,
568 1701 628 1728 quae
642 1693 668 1719 iit
694 1694 820 1720 animatis
836 1698 863 1720 et
885 1693 1040 1719 inaniinatis
1057 1693 1241 1728 reperiuntur,
1258 1697 1285 1719 et
1301 1695 1333 1720 ad
1355 1693 1501 1720 secundani
1516 1692 1634 1728 speciem
1645 1692 1785 1728 qualitatis

158 1729 306 1765 pertinent,
318 1735 378 1762 qua:
395 1728 524 1765 potentiae
542 1727 625 1756 etiam
641 1728 780 1765 naturales
795 1729 939 1761 dicuntur;
958 1736 1009 1755 nou
1025 1727 1124 1765 solum,
1150 1729 1272 1765 inquam,
1289 1729 1319 1765 in
1343 1728 1496 1761 hujusmodi
1514 1727 1655 1765 liabitibus
1664 1732 1692 1754 et
1707 1727 1783 1754 acci-

159 1763 286 1792 dentibus
296 1770 390 1790 verum
402 1768 460 1795 est,
473 1764 521 1790 sed
534 1765 616 1791 etiam
643 1764 670 1790 in
686 1764 827 1791 habilibus
848 1765 894 1798 qui
909 1768 972 1789 sunt
989 1764 1147 1797 qualitates,
1162 1770 1190 1790 et
1209 1764 1242 1790 ad
1255 1764 1369 1797 primam
1390 1765 1510 1798 speciem
1526 1763 1552 1788 in
1574 1764 1787 1797 prmdicameuto

158 1798 298 1834 qualitatis
311 1799 470 1834 pertinent;
486 1806 553 1832 quos
570 1799 639 1826 idem
662 1805 774 1826 sanctus
789 1798 909 1825 Thamas
923 1799 993 1824 dixit
1012 1799 1119 1834 excludi
1134 1807 1149 1826 τι
1171 1803 1268 1825 sancto
1283 1798 1402 1825 Maximo
1416 1799 1441 1825 iu
1457 1798 1660 1834 angelisiQuod
1673 1798 1784 1834 quidem

159 1832 212 1861 non
227 1835 264 1860 ita
276 1840 345 1864 esse,
358 1841 390 1860 ex
409 1833 525 1861 Scholiis
538 1834 658 1867 ejusdem
683 1835 772 1861 sancti
786 1834 895 1861 Maximi
919 1835 947 1860 in
964 1835 1087 1860 eumdem
1106 1833 1266 1868 Dionysium
1297 1834 1416 1868 perspici
1434 1839 1532 1868 potest.
1561 1833 1610 1860 Ubi
1627 1834 1701 1860 enim
1718 1832 1786 1859 dicit

160 1869 316 1904 Dionysius,
331 1876 410 1902 quem
424 1870 501 1895 divus
515 1868 633 1896 Thomas
645 1870 721 1900 citat,
739 1870 765 1896 iu
781 1869 886 1897 Caelesti
906 1869 1056 1895 hieran-hia
1079 1868 1185 1904 cap.i7,
1201 1876 1262 1904 esse
1287 1869 1396 1895 habitus
1412 1869 1438 1904 in
1467 1868 1569 1904 angelis
1584 1868 1785 1904 dciformestid

158 1911 202 1931 est
217 1902 317 1938 quibus
334 1903 389 1930 Dco
412 1905 608 1936 assimilantur,
628 1904 767 1931 Scholium
788 1906 829 1931 his
843 1903 934 1931 verbis

1000 1905 1064 1938 tpSll.
1083 1914 1089 1930 ;
1104 1913 1112 1928 I
1128 1903 1302 1938 AX-qpstwsat,
1319 1904 1360 1929 ὅτι
1376 1904 1404 1930 αἱ
1421 1903 1492 1930 θεῖαι
1508 1903 1636 1938 δυνάμεις
1652 1902 1712 1929 καθ’
1729 1902 1785 1935 ἕξιν

161 1949 171 1965 ε
193 1936 283 1974 έχουσι
299 1939 330 1965 τὸ
347 1938 471 1974 οεοειδές”
489 1939 545 1972 ἕξις
560 1939 589 1965 δέ
600 1940 658 1966 ἐστι
676 1939 786 1974 ποιότης
806 1939 932 1974 ἔμμονος.
957 1936 1095 1965 Ἐνσέεὖθεν
1111 1936 1157 1965 οὖν
1169 1936 1309 1974 δηλοῦται,
1330 1940 1370 1965 ὅτι
1387 1938 1552 1971 αὑτεξούσιοί
1573 1936 1651 1970 sicut,
1667 1938 1721 1971 ἕξει
1735 1946 1787 1974 fug

161 1985 171 2000 ε
191 1973 455 2011 ἄρειζὰςῗκτώμεναι.
473 1974 557 2000 Τοῦτο
573 1974 739 2011 πλατύτερον
756 1973 876 2011 παριοῒᾴ
887 1974 1009 2011 Δ¹Αμμων
1025 1974 1039 1999 ὁ
1061 1973 1294 2011 ξΛδριανοπολίτης
1314 1975 1343 2000 ὲν
1358 1976 1415 2005 τοῖς
1436 1974 1506 2011 »περὶ
1527 1973 1699 2011 ἀναστάᾳςως
1712 1973 1785 2006 αὐτῷ

161 2020 170 2035 ‹
192 2009 262 2036 κατὰ
280 2010 432 2044 Ὠριγένονς
442 2010 645 2045 γεγραμμένοις
654 2009 752 2044 λόγοις
768 2019 777 2035 ι
793 2009 872 2041 Nota,
886 2009 945 2044 inqt

997 2010 1068 2043 quod
1081 2010 1176 2036 divina:
1189 2014 1337 2043 potesmtes
1351 2009 1475 2045 (angelos
1486 2010 1563 2043 dicit)
1578 2009 1785 2035 similitudinem

160 2046 207 2072 Dei
228 2045 380 2072 secundum
404 2044 661 2078 habitum'liabeut;
675 2046 784 2072 habitus
796 2050 886 2072 autetn
899 2050 941 2072 est
949 2045 1180 2080 qualitasstabilis
1189 2049 1216 2071 et
1231 2046 1294 2070 lixa.
1310 2044 1377 2071 Hinc
1389 2045 1472 2080 igitur
1483 2046 1587 2079 patelit,
1606 2046 1785 2077 quemadmo-

159 2085 224 2107 dum
247 2080 325 2107 liberi
340 2080 447 2107 arbitrii
467 2084 540 2113 sunt,
555 2081 689 2114 siquidem
712 2081 827 2107 virtutes
853 2077 1111 2107 habent’secundum
1136 2080 1245 2107 habitus
1261 2077 1420 2114 acquisitas‘.
1434 2077 1510 2113 Quod
1523 2081 1657 2113 copiosius
1670 2080 1786 2105 Ammon

157 2115 417 2149 Adrianopolitanus
440 2116 518 2142 docet
531 2118 557 2143 in
579 2113 612 2142 iis
629 2124 690 2150 quae
713 2121 809 2142 contra
822 2115 967 2149 Origenem
983 2116 1016 2141 de
1031 2116 1230 2142 resurrectione
1243 2113 1353 2150 scripsit
1370 2136 1376 2142 .
1396 2125 1405 2140 ι
1422 2115 1562 2142 Hactenus
1574 2120 1685 2141 sanctus
1699 2113 1781 2139 Manu-

159 2158 230 2178 tnus.
248 2150 304 2177 Hos
316 2158 381 2185 ergo
396 2151 506 2177 habitus
521 2151 587 2178 dicit
601 2155 712 2179 sanctus
728 2150 861 2177 Maximus
885 2158 938 2176 non
965 2158 1026 2177 esse
1041 2155 1171 2184 tanquam
1187 2149 1316 2177 accidens
1331 2150 1356 2176 in
1370 2151 1504 2185 subjecto,
1521 2150 1592 2177 sicut
1606 2149 1632 2176 in
1647 2149 1745 2181 nobis;
1759 2154 1786 2176 et

160 2186 295 2213 rationem
312 2185 448 2218 reddidit,
461 2185 524 2220 quia
538 2186 627 2221 angeli
641 2191 736 2213 carent
752 2187 864 2213 materia
884 2191 911 2212 et
928 2186 1001 2212 omni
1023 2185 1165 2219 tuaterialig
1177 2186 1384 2219 coznpositione.
1418 2185 1496 2220 103
1526 2185 1674 2212 Dicendqu
1687 2219 1690 2221 ρ
1704 2185 1786 2221 igitur

158 2225 201 2248 est
224 2221 397 2254 summatim,
423 2219 559 2255 quomodo
578 2219 608 2248 iu
634 2222 712 2248 nobis
735 2222 790 2248 sint
811 2222 919 2248 habitus
944 2221 1063 2247 scientiae
1084 2225 1112 2247 et
1134 2221 1273 2254 virtutum,
1304 2219 1598 2255 tauquaui’accidcutia
1612 2220 1638 2246 in
1650 2219 1785 2252 subjecto,

159 2261 190 2283 ut
204 2261 314 2283 sanctus
331 2255 464 2282 Maximus
477 2260 552 2283 recte
564 2257 641 2284 dixit.
655 2257 769 2283 Habitus
781 2256 903 2283 scientia:
919 2257 944 2282 in
960 2256 1039 2283 nobis
1056 2255 1206 2289 acquiritur
1218 2257 1352 2290 principio
1362 2264 1410 2291 per
1421 2257 1629 2283 conversionem
1647 2255 1680 2280 ad
1697 2255 1785 2288 phan—

161 2296 286 2321 tasmata.
309 2298 369 2325 qua:
383 2297 446 2318 sunt
462 2291 488 2317 iu
511 2292 641 2324 potentiis
664 2291 851 2318 niaterialibus
876 2299 1014 2322 sensuum,
1041 2292 1111 2317 unde
1136 2291 1313 2318 materialiter
1325 2296 1353 2318 et.
1371 2292 1540 2326 disliositive,
1563 2295 1591 2317 ut
1607 2291 1655 2326 ait
1670 2294 1784 2326 sanctus

160 2326 291 2358 Thomas,
307 2324 396 2358 actus,
409 2334 442 2353 ex
461 2333 515 2360 quo
530 2327 638 2354 habitus
653 2332 809 2362 generatur,
823 2327 850 2354 in
872 2326 1000 2361 potentiis
1022 2326 1158 2353 seusitivis
1171 2331 1222 2353 est.
1241 2325 1343 2354 idcirco
1355 2324 1490 2360 corrumpi
1503 2331 1592 2360 potest
1605 2325 1631 2351 in
1647 2324 1784 2362 intellectu

161 2362 269 2388 habitus
286 2361 408 2388 scientiae
424 2369 472 2396 per
486 2360 697 2389 oblivionem’ex
719 2368 797 2396 parte
821 2360 970 2395 memoriae,
986 2362 1011 2387 in
1029 2369 1082 2395 qua
1106 2366 1250 2388 servantur
1270 2362 1460 2395 phantasmata
1486 2362 1638 2392 sensiliuin,
1654 2369 1669 2386 a
1686 2360 1786 2396 quibus

159 2396 266 2430 species
281 2395 450 2423 intellectilcs
466 2398 661 2424 abstrahuntur
677 2409 683 2425 :
698 2395 726 2425 et
740 2405 789 2431 per
812 2398 1000 2431 deceptiouem
1024 2398 1098 2423 falsae
1120 2397 1376 2431 argumentationis,
1393 2405 1445 2430 qua
1458 2398 1589 2424 suadetur
1614 2395 1783 2422 contrarium

158 2433 217 2466 ejus
233 2431 304 2465 quod
320 2432 396 2465 prius
410 2433 559 2467 sciebatur.
573 2433 704 2459 Neutrqu
720 2438 810 2459 autem
833 2434 930 2459 horum
948 2433 975 2458 iu
990 2433 1087 2466 angelo
1104 2433 1216 2458 eVeiiire
1233 2437 1335 2467 potest,
1351 2433 1395 2466 qui
1413 2441 1463 2459 nec
1476 2431 1600 2459 oblivisci
1625 2434 1722 2464 potest,
1738 2437 1785 2467 nc-

159 2465 213 2500 q’ue
224 2467 328 2502 decipi;
343 2467 408 2501 quia
423 2466 493 2494 liber
505 2469 537 2494 ab
553 2468 627 2495 oumi
645 2469 757 2495 materia
769 2475 820 2502 per
833 2469 936 2502 species
952 2465 1042 2494 rerum
1059 2474 1074 2493 a
1095 2467 1151 2494 Deo
1174 2465 1274 2495 inditas
1287 2472 1315 2495 et
1328 2465 1508 2502 cuugenitas,
1523 2468 1621 2501 quibus
1637 2465 1785 2502 habituali-

159 2508 214 2533 ter,
232 2505 261 2527 ut
288 2501 326 2527 ait
347 2507 458 2529 sanctus
485 2502 615 2535 Thomas,
640 2501 791 2537 perﬁcitur,
815 2501 910 2530 omnes
930 2507 1041 2529 naturas
1064 2510 1154 2529 rerum
1180 2503 1252 2529 scire
1270 2509 1369 2537 potest.
1390 2506 1480 2536 Quare
1506 2502 1659 2536 hujusmodi
1677 2501 1787 2527 habitus

159 2544 213 2562 non
228 2542 270 2563 est
281 2537 307 2562 in
319 2544 351 2564 eo
363 2538 418 2574 tale
432 2538 558 2574 accidens
570 2536 649 2572 quale
664 2540 692 2565 in
709 2539 798 2570 nobis,
814 2544 842 2564 ut
858 2539 926 2565 dixit
943 2543 1054 2574 sanctus
1069 2537 1213 2571 Maximus,
1229 2536 1280 2565 nec
1302 2539 1360 2574 ipse
1375 2539 1487 2574 angelus
1501 2537 1656 2574 hujusmodi
1670 2536 1784 2574 habitus

160 2577 289 2605 tauquam
311 2573 458 2599 accidentis
471 2571 623 2608 subjectum
638 2579 698 2607 est;
721 2575 767 2601 sed
783 2574 874 2608 potius
897 2575 938 2600 sic
950 2573 1103 2608 hujusmodi
1120 2574 1230 2600 habitus
1245 2574 1272 2600 iit
1294 2571 1327 2601 eo
1343 2579 1394 2605 est,
1412 2571 1445 2601 Ῑιι
1463 2575 1552 2600 virtus
1563 2571 1740 2599 calefacimtdt
1755 2578 1784 2597 In
1818 2575 1821 2578 ί

160 2614 231 2644 igne,
250 2611 279 2644 ut
295 2608 332 2634 ait
348 2607 418 2644 idem
435 2614 546 2644 sanctus
561 2608 705 2637 Maximus.
727 2607 859 2636 Similiter
875 2609 985 2636 habitus
999 2610 1127 2634 virtutum
1147 2615 1215 2642 quas
1231 2617 1278 2644 per
1292 2617 1401 2636 sensum
1426 2610 1558 2643 capimus,
1577 2614 1606 2634 ut
1618 2609 1656 2633 ait
1673 2611 1783 2644 sanctus

160 2642 326 2675 Diadochus,
343 2644 370 2669 in
398 2642 468 2669 libro
480 2643 518 2671 De
531 2644 692 2678 perfectione
707 2645 834 2677 spiritali,
850 2646 875 2671 Id
893 2650 934 2671 cst
954 2652 1003 2679 per
1019 2643 1123 2677 justum
1144 2642 1385 2679 usum‘sensuum,
1400 2650 1427 2671 et
1442 2642 1536 2671 earum
1553 2651 1643 2670 rerum
1660 2650 1719 2676 qua:
1732 2642 1786 2668 sui»

160 2683 257 2716 sensus
281 2679 394 2716 cadunt,
410 2685 478 2712 quas
493 2677 582 2716 lsaac'
595 2680 681 2716 Syrus
697 2680 833 2716 ἐξωτέρας
849 2677 964 2712 τάξεως]
989 2679 1091 2716 idest,
1116 2681 1256 2707 exterioris
1283 2677 1383 2707 ordinis
1400 2685 1488 2712 vocat,
1507 2679 1534 2705 iu
1552 2680 1631 2706 nobis
1654 2683 1783 2716 tanquam

161 2712 309 2739 accidentia
325 2715 422 2741 adesse
445 2720 474 2741 et
487 2715 583 2742 abesse
596 2712 729 2751 pbssunt;
745 2712 808 2751 quia
828 2722 892 2744 sunt
908 2714 1090 2743 materialiter
1108 2716 1136 2742 in
1161 2717 1289 2751 potentiis
1304 2716 1443 2744 scnsitivis
1455 2735 1463 2749 ,
1490 2720 1518 2743 et
1534 2719 1660 2748 tanquam
1678 2713 1704 2739 iu
1719 2718 1783 2740 suu-

815 2796 930 2825 VARl/E
951 2797 1152 2826 LECTlONES.

197 2871 220 2888 "
244 2873 302 2906 lege
323 2872 516 2906 ἀποκαλῶμεν.
