  <div class='ocr_page' id='page_1' title='image "/cluster/home/n/w/nwhite01/storage/ocr_20150623/3/njp.32101077772356/168.png"; bbox 0 0 1933 3075; ppageno 0'>
   <div class='ocr_carea' id='block_1_1' title="bbox 134 162 189 190">
    <p class='ocr_par' dir='ltr' id='par_1_1' title="bbox 134 162 189 190">
     <span class='ocr_line' id='line_1_1' title="bbox 134 162 189 190; baseline 0 0"><span class='ocrx_word' id='word_1_1' title='bbox 134 162 189 190; x_wconf 65' lang='lat'><strong>289</strong></span> 
     </span>
    </p>
   </div>
   <div class='ocr_carea' id='block_1_2' title="bbox 383 160 1507 197">
    <p class='ocr_par' dir='ltr' id='par_1_2' title="bbox 383 160 1507 197">
     <span class='ocr_line' id='line_1_2' title="bbox 383 160 1507 197; baseline 0.004 -8"><span class='ocrx_word' id='word_1_2' title='bbox 383 161 428 189; x_wconf 86' lang='lat' dir='ltr'><strong>DE</strong></span> <span class='ocrx_word' id='word_1_3' title='bbox 444 160 607 190; x_wconf 78' lang='lat' dir='ltr'><strong>C(ELESTI</strong></span> <span class='ocrx_word' id='word_1_4' title='bbox 624 161 846 197; x_wconf 70' lang='lat' dir='ltr'><strong>IIIERARCHIA,</strong></span> <span class='ocrx_word' id='word_1_5' title='bbox 864 163 940 191; x_wconf 80' lang='lat' dir='ltr'><strong>CAP.</strong></span> <span class='ocrx_word' id='word_1_6' title='bbox 958 163 1003 190; x_wconf 72' lang='lat' dir='ltr'><strong>XI.</strong></span> <span class='ocrx_word' id='word_1_7' title='bbox 1022 179 1057 184; x_wconf 87' lang='lat'><strong>-—</strong></span> <span class='ocrx_word' id='word_1_8' title='bbox 1073 161 1249 192; x_wconf 75' lang='lat' dir='ltr'><strong>PAllAI’HR.</strong></span> <span class='ocrx_word' id='word_1_9' title='bbox 1268 164 1507 193; x_wconf 70' lang='lat' dir='ltr'><strong>PACHYMERA‘I.</strong></span> 
     </span>
    </p>
   </div>
   <div class='ocr_carea' id='block_1_3' title="bbox 1717 164 1770 192">
    <p class='ocr_par' dir='ltr' id='par_1_3' title="bbox 1717 164 1770 192">
     <span class='ocr_line' id='line_1_3' title="bbox 1717 164 1770 192; baseline 0.019 -1"><span class='ocrx_word' id='word_1_10' title='bbox 1717 164 1770 192; x_wconf 68' lang='lat'><strong>290</strong></span> 
     </span>
    </p>
   </div>
   <div class='ocr_carea' id='block_1_4' title="bbox 135 220 926 258">
    <p class='ocr_par' dir='ltr' id='par_1_4' title="bbox 135 220 926 258">
     <span class='ocr_line' id='line_1_4' title="bbox 135 220 926 258; baseline -0.004 -9"><span class='ocrx_word' id='word_1_11' title='bbox 135 222 227 258; x_wconf 71' lang='grc' dir='ltr'>ἱερεὺς</span> <span class='ocrx_word' id='word_1_12' title='bbox 244 221 357 248; x_wconf 81' lang='grc' dir='ltr'>δύναται</span> <span class='ocrx_word' id='word_1_13' title='bbox 377 223 464 248; x_wconf 84' lang='grc' dir='ltr'>ποιεῖν</span> <span class='ocrx_word' id='word_1_14' title='bbox 482 221 530 248; x_wconf 83' lang='grc' dir='ltr'><strong>ὅλα</strong></span> <span class='ocrx_word' id='word_1_15' title='bbox 547 222 623 257; x_wconf 83' lang='grc' dir='ltr'>παρὰ</span> <span class='ocrx_word' id='word_1_16' title='bbox 643 220 677 248; x_wconf 84' lang='grc' dir='ltr'>τὰ</span> <span class='ocrx_word' id='word_1_17' title='bbox 701 221 755 247; x_wconf 90' lang='grc' dir='ltr'><strong>τῶν</strong></span> <span class='ocrx_word' id='word_1_18' title='bbox 772 221 926 247; x_wconf 82' lang='grc' dir='ltr'>ὑποδεεστέ-</span> 
     </span>
    </p>
   </div>
   <div class='ocr_carea' id='block_1_5' title="bbox 978 220 1770 258">
    <p class='ocr_par' dir='ltr' id='par_1_5' title="bbox 984 221 1770 250">
     <span class='ocr_line' id='line_1_5' title="bbox 984 221 1770 250; baseline -0.001 -2"><span class='ocrx_word' id='word_1_19' title='bbox 984 221 1044 248; x_wconf 84' lang='lat' dir='ltr'><strong>chia</strong></span> <span class='ocrx_word' id='word_1_20' title='bbox 1071 221 1211 250; x_wconf 72' lang='lat' dir='ltr'><strong>cmlestem</strong></span> <span class='ocrx_word' id='word_1_21' title='bbox 1240 222 1366 250; x_wconf 84' lang='lat' dir='ltr'><strong>ordinem</strong></span> <span class='ocrx_word' id='word_1_22' title='bbox 1395 223 1530 250; x_wconf 87' lang='lat' dir='ltr'><strong>imitatur.</strong></span> <span class='ocrx_word' id='word_1_23' title='bbox 1545 222 1611 250; x_wconf 88' lang='lat' dir='ltr'><strong>Nam</strong></span> <span class='ocrx_word' id='word_1_24' title='bbox 1641 224 1770 250; x_wconf 77' lang='lat' dir='ltr'><strong>sacerdos</strong></span> 
     </span>
    </p>
   </div>
   <div class='ocr_carea' id='block_1_6' title="bbox 135 266 931 304">
    <p class='ocr_par' dir='ltr' id='par_1_6' title="bbox 135 266 931 304">
     <span class='ocr_line' id='line_1_6' title="bbox 135 266 931 304; baseline -0.001 -11"><span class='ocrx_word' id='word_1_25' title='bbox 135 277 201 304; x_wconf 86' lang='grc' dir='ltr'>ρων,</span> <span class='ocrx_word' id='word_1_26' title='bbox 219 268 301 303; x_wconf 73' lang='grc' dir='ltr'>ἧγουν</span> <span class='ocrx_word' id='word_1_27' title='bbox 312 267 444 293; x_wconf 86' lang='grc' dir='ltr'>διακόνων</span> <span class='ocrx_word' id='word_1_28' title='bbox 461 268 507 294; x_wconf 83' lang='grc' dir='ltr'>καὶ</span> <span class='ocrx_word' id='word_1_29' title='bbox 521 268 576 294; x_wconf 87' lang='grc' dir='ltr'><strong>τῶν</strong></span> <span class='ocrx_word' id='word_1_30' title='bbox 591 267 664 303; x_wconf 59' lang='grc' dir='ltr'>ἑξῆς</span> <span class='ocrx_word' id='word_1_31' title='bbox 681 269 696 294; x_wconf 81' lang='grc' dir='ltr'>ὁ</span> <span class='ocrx_word' id='word_1_32' title='bbox 711 267 739 293; x_wconf 87' lang='grc' dir='ltr'>δὲ</span> <span class='ocrx_word' id='word_1_33' title='bbox 755 267 877 298; x_wconf 87' lang='grc' dir='ltr'>διάκονος</span> <span class='ocrx_word' id='word_1_34' title='bbox 896 266 931 292; x_wconf 77' lang='grc' dir='ltr'>τὰ</span> 
     </span>
    </p>
   </div>
   <div class='ocr_carea' id='block_1_7' title="bbox 133 312 930 349">
    <p class='ocr_par' dir='ltr' id='par_1_7' title="bbox 133 312 930 349">
     <span class='ocr_line' id='line_1_7' title="bbox 133 312 930 349; baseline -0.003 -9"><span class='ocrx_word' id='word_1_35' title='bbox 133 313 190 340; x_wconf 89' lang='grc' dir='ltr'><strong>τῶν</strong></span> <span class='ocrx_word' id='word_1_36' title='bbox 212 313 307 349; x_wconf 78' lang='grc' dir='ltr'>ἱερέων</span> <span class='ocrx_word' id='word_1_37' title='bbox 323 313 375 339; x_wconf 85' lang='grc' dir='ltr'><strong>οὐκ</strong></span> <span class='ocrx_word' id='word_1_38' title='bbox 399 313 595 348; x_wconf 76' lang='grc' dir='ltr'><strong>ἐπιτέτραπται</strong></span> <span class='ocrx_word' id='word_1_39' title='bbox 620 314 714 339; x_wconf 78' lang='grc' dir='ltr'>ποιεῖν.</span> <span class='ocrx_word' id='word_1_40' title='bbox 735 312 781 348; x_wconf 84' lang='grc' dir='ltr'><strong>Μὴ</strong></span> <span class='ocrx_word' id='word_1_41' title='bbox 804 312 870 347; x_wconf 81' lang='grc' dir='ltr'>γοῦν</span> <span class='ocrx_word' id='word_1_42' title='bbox 887 312 930 339; x_wconf 80' lang='grc' dir='ltr'><strong>διὰ</strong></span> 
     </span>
    </p>
   </div>
   <div class='ocr_carea' id='block_1_8' title="bbox 134 357 929 393">
    <p class='ocr_par' dir='ltr' id='par_1_8' title="bbox 134 357 929 393">
     <span class='ocr_line' id='line_1_8' title="bbox 134 357 929 393; baseline -0.001 -9"><span class='ocrx_word' id='word_1_43' title='bbox 134 357 214 384; x_wconf 83' lang='grc' dir='ltr'>τοῦτο</span> <span class='ocrx_word' id='word_1_44' title='bbox 230 357 333 393; x_wconf 76' lang='grc' dir='ltr'><strong>οἰηθείη</strong></span> <span class='ocrx_word' id='word_1_45' title='bbox 347 366 399 389; x_wconf 88' lang='grc' dir='ltr'>τις,</span> <span class='ocrx_word' id='word_1_46' title='bbox 417 358 527 389; x_wconf 78' lang='grc' dir='ltr'><strong>ἁπάσας</strong></span> <span class='ocrx_word' id='word_1_47' title='bbox 543 357 592 389; x_wconf 85' lang='grc' dir='ltr'>τὰς</span> <span class='ocrx_word' id='word_1_48' title='bbox 611 358 758 392; x_wconf 78' lang='grc' dir='ltr'>ἀγγελικὰς</span> <span class='ocrx_word' id='word_1_49' title='bbox 775 358 869 384; x_wconf 77' lang='grc' dir='ltr'><strong>οὐσίας</strong></span> <span class='ocrx_word' id='word_1_50' title='bbox 882 357 929 383; x_wconf 91' lang='grc' dir='ltr'>δυ-</span> 
     </span>
    </p>
   </div>
   <div class='ocr_carea' id='block_1_9' title="bbox 134 402 929 438">
    <p class='ocr_par' dir='ltr' id='par_1_9' title="bbox 134 402 929 438">
     <span class='ocr_line' id='line_1_9' title="bbox 134 402 929 438; baseline -0.001 -9"><span class='ocrx_word' id='word_1_51' title='bbox 134 403 231 437; x_wconf 81' lang='grc' dir='ltr'>νάμεις</span> <span class='ocrx_word' id='word_1_52' title='bbox 242 402 379 437; x_wconf 86' lang='grc' dir='ltr'>λέγεσθαι,</span> <span class='ocrx_word' id='word_1_53' title='bbox 401 402 442 428; x_wconf 81' lang='grc' dir='ltr'>ὅτι</span> <span class='ocrx_word' id='word_1_54' title='bbox 453 402 523 437; x_wconf 80' lang='grc' dir='ltr'>τάχα</span> <span class='ocrx_word' id='word_1_55' title='bbox 539 404 566 429; x_wconf 80' lang='grc' dir='ltr'><strong>αἱ</strong></span> <span class='ocrx_word' id='word_1_56' title='bbox 584 403 715 438; x_wconf 85' lang='grc' dir='ltr'>δυνάμεις</span> <span class='ocrx_word' id='word_1_57' title='bbox 730 403 825 438; x_wconf 81' lang='grc' dir='ltr'><strong>τάγμα</strong></span> <span class='ocrx_word' id='word_1_58' title='bbox 835 402 929 428; x_wconf 81' lang='grc' dir='ltr'>τελευ-</span> 
     </span>
    </p>
   </div>
   <div class='ocr_carea' id='block_1_10' title="bbox 133 449 930 485">
    <p class='ocr_par' dir='ltr' id='par_1_10' title="bbox 133 449 930 485">
     <span class='ocr_line' id='line_1_10' title="bbox 133 449 930 485; baseline 0 -10"><span class='ocrx_word' id='word_1_59' title='bbox 133 449 207 476; x_wconf 85' lang='grc' dir='ltr'>ταίόν</span> <span class='ocrx_word' id='word_1_60' title='bbox 219 449 301 475; x_wconf 84' lang='grc' dir='ltr'>ἐστιν·</span> <span class='ocrx_word' id='word_1_61' title='bbox 321 450 345 475; x_wconf 81' lang='grc' dir='ltr'>οἱ</span> <span class='ocrx_word' id='word_1_62' title='bbox 357 449 411 484; x_wconf 89' lang='grc' dir='ltr'>γὰρ</span> <span class='ocrx_word' id='word_1_63' title='bbox 420 449 540 483; x_wconf 79' lang='grc' dir='ltr'>ἄγγελοι,</span> <span class='ocrx_word' id='word_1_64' title='bbox 548 450 595 476; x_wconf 78' lang='grc' dir='ltr'>καὶ</span> <span class='ocrx_word' id='word_1_65' title='bbox 606 449 658 485; x_wconf 76' lang='grc' dir='ltr'>πρὸ</span> <span class='ocrx_word' id='word_1_66' title='bbox 669 449 772 475; x_wconf 79' lang='grc' dir='ltr'>τούτων</span> <span class='ocrx_word' id='word_1_67' title='bbox 783 450 806 475; x_wconf 82' lang='grc' dir='ltr'><strong>οί</strong></span> <span class='ocrx_word' id='word_1_68' title='bbox 823 449 930 484; x_wconf 86' lang='grc' dir='ltr'><strong>ἀρχάγ-</strong></span> 
     </span>
    </p>
   </div>
   <div class='ocr_carea' id='block_1_11' title="bbox 132 499 929 535">
    <p class='ocr_par' dir='ltr' id='par_1_11' title="bbox 132 499 929 535">
     <span class='ocr_line' id='line_1_11' title="bbox 132 499 929 535; baseline 0.001 -10"><span class='ocrx_word' id='word_1_69' title='bbox 132 499 217 533; x_wconf 84' lang='grc' dir='ltr'>γελοι,</span> <span class='ocrx_word' id='word_1_70' title='bbox 235 499 282 526; x_wconf 74' lang='grc' dir='ltr'>καὶ</span> <span class='ocrx_word' id='word_1_71' title='bbox 297 500 325 526; x_wconf 83' lang='grc' dir='ltr'><strong>αἱ</strong></span> <span class='ocrx_word' id='word_1_72' title='bbox 337 500 429 535; x_wconf 78' lang='grc' dir='ltr'><strong>ἀρχαὶ,</strong></span> <span class='ocrx_word' id='word_1_73' title='bbox 439 499 484 526; x_wconf 75' lang='grc' dir='ltr'>καὶ</span> <span class='ocrx_word' id='word_1_74' title='bbox 496 499 536 525; x_wconf 79' lang='grc' dir='ltr'><strong>ἐτι</strong></span> <span class='ocrx_word' id='word_1_75' title='bbox 553 499 606 526; x_wconf 80' lang='grc' dir='ltr'><strong>ἀπὸ</strong></span> <span class='ocrx_word' id='word_1_76' title='bbox 617 500 666 534; x_wconf 86' lang='grc' dir='ltr'>τῆς</span> <span class='ocrx_word' id='word_1_77' title='bbox 675 500 803 535; x_wconf 70' lang='grc' dir='ltr'>δευτέρας</span> <span class='ocrx_word' id='word_1_78' title='bbox 818 499 929 534; x_wconf 78' lang='grc' dir='ltr'><strong>τριάδος</strong></span> 
     </span>
    </p>
   </div>
   <div class='ocr_carea' id='block_1_12' title="bbox 133 545 930 582">
    <p class='ocr_par' dir='ltr' id='par_1_12' title="bbox 133 545 930 582">
     <span class='ocr_line' id='line_1_12' title="bbox 133 545 930 582; baseline 0.001 -11"><span class='ocrx_word' id='word_1_79' title='bbox 133 547 162 571; x_wconf 84' lang='grc' dir='ltr'>αἱ</span> <span class='ocrx_word' id='word_1_80' title='bbox 179 545 296 578; x_wconf 74' lang='grc' dir='ltr'><strong>ἐξουσίαι</strong></span> <span class='ocrx_word' id='word_1_81' title='bbox 309 566 316 578; x_wconf 94' lang='grc'><strong>,</strong></span> <span class='ocrx_word' id='word_1_82' title='bbox 336 545 405 581; x_wconf 85' lang='grc' dir='ltr'>μετὰ</span> <span class='ocrx_word' id='word_1_83' title='bbox 428 546 477 577; x_wconf 79' lang='grc' dir='ltr'>τὰς</span> <span class='ocrx_word' id='word_1_84' title='bbox 495 546 623 581; x_wconf 85' lang='grc' dir='ltr'>δυνάμεις</span> <span class='ocrx_word' id='word_1_85' title='bbox 642 546 694 573; x_wconf 79' lang='grc' dir='ltr'>ὑπὸ</span> <span class='ocrx_word' id='word_1_86' title='bbox 718 547 768 582; x_wconf 85' lang='grc' dir='ltr'><strong>τῆς</strong></span> <span class='ocrx_word' id='word_1_87' title='bbox 790 545 930 580; x_wconf 84' lang='grc' dir='ltr'>Θεολογίας</span> 
     </span>
    </p>
   </div>
   <div class='ocr_carea' id='block_1_13' title="bbox 133 591 926 627">
    <p class='ocr_par' dir='ltr' id='par_1_13' title="bbox 133 591 926 627">
     <span class='ocr_line' id='line_1_13' title="bbox 133 591 926 627; baseline 0.001 -10"><span class='ocrx_word' id='word_1_88' title='bbox 133 591 286 618; x_wconf 79' lang='grc' dir='ltr'><strong>τάττονται·</strong></span> <span class='ocrx_word' id='word_1_89' title='bbox 301 592 356 618; x_wconf 85' lang='grc' dir='ltr'>ἀλλ’</span> <span class='ocrx_word' id='word_1_90' title='bbox 373 592 447 627; x_wconf 80' lang='grc' dir='ltr'>ὅμως</span> <span class='ocrx_word' id='word_1_91' title='bbox 464 592 561 624; x_wconf 81' lang='grc' dir='ltr'>κοινῶς</span> <span class='ocrx_word' id='word_1_92' title='bbox 576 593 622 619; x_wconf 77' lang='grc' dir='ltr'><strong>καὶ</strong></span> <span class='ocrx_word' id='word_1_93' title='bbox 638 592 724 619; x_wconf 76' lang='grc' dir='ltr'>ταῦτα</span> <span class='ocrx_word' id='word_1_94' title='bbox 742 591 777 618; x_wconf 81' lang='grc' dir='ltr'>τὰ</span> <span class='ocrx_word' id='word_1_95' title='bbox 797 592 926 619; x_wconf 79' lang='grc' dir='ltr'>ὑποκάτω</span> 
     </span>
    </p>
   </div>
   <div class='ocr_carea' id='block_1_14' title="bbox 133 637 573 674">
    <p class='ocr_par' dir='ltr' id='par_1_14' title="bbox 133 637 573 674">
     <span class='ocr_line' id='line_1_14' title="bbox 133 637 573 674; baseline 0.002 -11"><span class='ocrx_word' id='word_1_96' title='bbox 133 638 262 672; x_wconf 77' lang='grc' dir='ltr'><strong>τάγματα</strong></span> <span class='ocrx_word' id='word_1_97' title='bbox 272 638 400 674; x_wconf 86' lang='grc' dir='ltr'>δυνάμεις</span> <span class='ocrx_word' id='word_1_98' title='bbox 415 637 573 664; x_wconf 81' lang='grc' dir='ltr'>καλοῦνται.</span> 
     </span>
    </p>
   </div>
   <div class='ocr_carea' id='block_1_15' title="bbox 171 728 928 766">
    <p class='ocr_par' dir='ltr' id='par_1_15' title="bbox 171 728 928 766">
     <span class='ocr_line' id='line_1_15' title="bbox 171 728 928 766; baseline 0.001 -11"><span class='ocrx_word' id='word_1_99' title='bbox 171 728 186 764; x_wconf 82' lang='lat'><strong>§</strong></span> <span class='ocrx_word' id='word_1_100' title='bbox 204 729 237 756; x_wconf 90' lang='lat' dir='ltr'><strong>Il.</strong></span> <span class='ocrx_word' id='word_1_101' title='bbox 255 729 377 764; x_wconf 84' lang='grc' dir='ltr'>Λέγομεν</span> <span class='ocrx_word' id='word_1_102' title='bbox 388 728 486 761; x_wconf 79' lang='grc' dir='ltr'><strong>τοίνυν,</strong></span> <span class='ocrx_word' id='word_1_103' title='bbox 498 729 550 760; x_wconf 79' lang='grc' dir='ltr'>ὅτι,</span> <span class='ocrx_word' id='word_1_104' title='bbox 563 728 660 761; x_wconf 81' lang='grc' dir='ltr'>κοινῶς</span> <span class='ocrx_word' id='word_1_105' title='bbox 673 729 720 755; x_wconf 58' lang='grc' dir='ltr'><strong>ἐπὶ¹</strong></span> <span class='ocrx_word' id='word_1_106' title='bbox 736 729 802 756; x_wconf 79' lang='grc' dir='ltr'>πᾶσι</span> <span class='ocrx_word' id='word_1_107' title='bbox 821 738 928 766; x_wconf 81' lang='grc' dir='ltr'>κεχρη-</span> 
     </span>
    </p>
   </div>
   <div class='ocr_carea' id='block_1_16' title="bbox 136 775 926 812">
    <p class='ocr_par' dir='ltr' id='par_1_16' title="bbox 136 775 926 812">
     <span class='ocr_line' id='line_1_16' title="bbox 136 775 926 812; baseline 0.001 -11"><span class='ocrx_word' id='word_1_108' title='bbox 136 776 212 810; x_wconf 81' lang='grc' dir='ltr'>μένοι</span> <span class='ocrx_word' id='word_1_109' title='bbox 230 775 269 810; x_wconf 87' lang='grc' dir='ltr'>τῷ</span> <span class='ocrx_word' id='word_1_110' title='bbox 291 776 340 811; x_wconf 87' lang='grc' dir='ltr'>τῆς</span> <span class='ocrx_word' id='word_1_111' title='bbox 361 775 502 810; x_wconf 82' lang='grc' dir='ltr'>δυνάμεως</span> <span class='ocrx_word' id='word_1_112' title='bbox 519 775 649 811; x_wconf 82' lang='grc' dir='ltr'>ὀνόματι,</span> <span class='ocrx_word' id='word_1_113' title='bbox 671 777 701 802; x_wconf 85' lang='grc' dir='ltr'><strong>οὐ</strong></span> <span class='ocrx_word' id='word_1_114' title='bbox 721 776 851 812; x_wconf 75' lang='grc' dir='ltr'>σύγχυσίν</span> <span class='ocrx_word' id='word_1_115' title='bbox 867 785 926 803; x_wconf 86' lang='grc' dir='ltr'>τινα</span> 
     </span>
    </p>
   </div>
   <div class='ocr_carea' id='block_1_17' title="bbox 134 821 927 858">
    <p class='ocr_par' dir='ltr' id='par_1_17' title="bbox 134 821 927 858">
     <span class='ocr_line' id='line_1_17' title="bbox 134 821 927 858; baseline -0.001 -9"><span class='ocrx_word' id='word_1_116' title='bbox 134 822 249 849; x_wconf 77' lang='grc' dir='ltr'>ἑκάστου</span> <span class='ocrx_word' id='word_1_117' title='bbox 263 821 408 856; x_wconf 77' lang='grc' dir='ltr'><strong>εἰσάγομεν</strong></span> <span class='ocrx_word' id='word_1_118' title='bbox 421 822 571 857; x_wconf 81' lang='grc' dir='ltr'><strong>τάγματος,</strong></span> <span class='ocrx_word' id='word_1_119' title='bbox 581 822 619 853; x_wconf 86' lang='grc' dir='ltr'>ὡς</span> <span class='ocrx_word' id='word_1_120' title='bbox 629 822 694 857; x_wconf 79' lang='grc' dir='ltr'>φέρε</span> <span class='ocrx_word' id='word_1_121' title='bbox 712 823 810 853; x_wconf 80' lang='grc' dir='ltr'>εἰπεῖν,</span> <span class='ocrx_word' id='word_1_122' title='bbox 821 822 868 848; x_wconf 83' lang='grc' dir='ltr'>νῦν</span> <span class='ocrx_word' id='word_1_123' title='bbox 879 823 927 858; x_wconf 83' lang='grc' dir='ltr'>μὲν</span> 
     </span>
    </p>
   </div>
   <div class='ocr_carea' id='block_1_18' title="bbox 133 865 927 902">
    <p class='ocr_par' dir='ltr' id='par_1_18' title="bbox 133 865 927 902">
     <span class='ocr_line' id='line_1_18' title="bbox 133 865 927 902; baseline 0 -10"><span class='ocrx_word' id='word_1_124' title='bbox 133 865 262 900; x_wconf 85' lang='grc' dir='ltr'>λέγεσθαι</span> <span class='ocrx_word' id='word_1_125' title='bbox 276 865 348 897; x_wconf 83' lang='grc' dir='ltr'>ίδίως</span> <span class='ocrx_word' id='word_1_126' title='bbox 362 865 412 898; x_wconf 81' lang='grc' dir='ltr'>τὰς</span> <span class='ocrx_word' id='word_1_127' title='bbox 431 866 460 892; x_wconf 79' lang='grc' dir='ltr'>ὲν</span> <span class='ocrx_word' id='word_1_128' title='bbox 477 867 510 901; x_wconf 83' lang='grc' dir='ltr'>τῇ</span> <span class='ocrx_word' id='word_1_129' title='bbox 527 866 641 902; x_wconf 62' lang='grc' dir='ltr'>δευτέρᾳ.</span> <span class='ocrx_word' id='word_1_130' title='bbox 656 867 745 902; x_wconf 78' lang='grc' dir='ltr'>τριάδι</span> <span class='ocrx_word' id='word_1_131' title='bbox 769 867 840 894; x_wconf 77' lang='grc' dir='ltr'>κατὰ</span> <span class='ocrx_word' id='word_1_132' title='bbox 852 866 927 899; x_wconf 77' lang='grc' dir='ltr'>τάξιν</span> 
     </span>
    </p>
   </div>
   <div class='ocr_carea' id='block_1_19' title="bbox 134 910 926 948">
    <p class='ocr_par' dir='ltr' id='par_1_19' title="bbox 134 910 926 948">
     <span class='ocr_line' id='line_1_19' title="bbox 134 910 926 948; baseline 0.003 -12"><span class='ocrx_word' id='word_1_133' title='bbox 134 910 346 945; x_wconf 85' lang='grc' dir='ltr'>δευτερευούσας</span> <span class='ocrx_word' id='word_1_134' title='bbox 360 910 498 946; x_wconf 82' lang='grc' dir='ltr'>δυνάμεις,</span> <span class='ocrx_word' id='word_1_135' title='bbox 519 910 566 938; x_wconf 81' lang='grc' dir='ltr'>νῦν</span> <span class='ocrx_word' id='word_1_136' title='bbox 582 911 611 938; x_wconf 80' lang='grc' dir='ltr'>δὲ</span> <span class='ocrx_word' id='word_1_137' title='bbox 631 912 738 938; x_wconf 75' lang='grc' dir='ltr'>ἅπαντα</span> <span class='ocrx_word' id='word_1_138' title='bbox 759 912 793 938; x_wconf 85' lang='grc' dir='ltr'>τὰ</span> <span class='ocrx_word' id='word_1_139' title='bbox 814 912 926 948; x_wconf 83' lang='grc' dir='ltr'>οὐράνια</span> 
     </span>
    </p>
   </div>
   <div class='ocr_carea' id='block_1_20' title="bbox 133 955 927 993">
    <p class='ocr_par' dir='ltr' id='par_1_20' title="bbox 133 955 927 993">
     <span class='ocr_line' id='line_1_20' title="bbox 133 955 927 993; baseline 0.004 -11"><span class='ocrx_word' id='word_1_140' title='bbox 133 955 272 991; x_wconf 80' lang='grc' dir='ltr'>τάγματα·</span> <span class='ocrx_word' id='word_1_141' title='bbox 292 955 348 983; x_wconf 74' lang='grc' dir='ltr'>ἀλλ’</span> <span class='ocrx_word' id='word_1_142' title='bbox 360 955 503 992; x_wconf 76' lang='grc' dir='ltr'>ὁμώνυμόν</span> <span class='ocrx_word' id='word_1_143' title='bbox 516 957 588 983; x_wconf 76' lang='grc' dir='ltr'>ἐστιν</span> <span class='ocrx_word' id='word_1_144' title='bbox 601 957 684 993; x_wconf 83' lang='grc' dir='ltr'>ὄνομα</span> <span class='ocrx_word' id='word_1_145' title='bbox 697 959 724 984; x_wconf 81' lang='grc' dir='ltr'><strong>αἱ</strong></span> <span class='ocrx_word' id='word_1_146' title='bbox 736 957 873 993; x_wconf 85' lang='grc' dir='ltr'>δυνάμεις·</span> <span class='ocrx_word' id='word_1_147' title='bbox 882 958 927 984; x_wconf 85' lang='grc' dir='ltr'>λέ-</span> 
     </span>
    </p>
   </div>
   <div class='ocr_carea' id='block_1_21' title="bbox 135 1001 926 1039">
    <p class='ocr_par' dir='ltr' id='par_1_21' title="bbox 135 1001 926 1039">
     <span class='ocr_line' id='line_1_21' title="bbox 135 1001 926 1039; baseline 0.004 -11"><span class='ocrx_word' id='word_1_148' title='bbox 135 1009 216 1035; x_wconf 88' lang='grc' dir='ltr'>γεται</span> <span class='ocrx_word' id='word_1_149' title='bbox 238 1001 293 1037; x_wconf 81' lang='grc' dir='ltr'><strong>γὰρ</strong></span> <span class='ocrx_word' id='word_1_150' title='bbox 318 1001 389 1029; x_wconf 78' lang='grc' dir='ltr'>οὕτω</span> <span class='ocrx_word' id='word_1_151' title='bbox 411 1003 458 1028; x_wconf 77' lang='grc' dir='ltr'><strong>καὶ</strong></span> <span class='ocrx_word' id='word_1_152' title='bbox 479 1002 510 1029; x_wconf 80' lang='grc' dir='ltr'>τὸ</span> <span class='ocrx_word' id='word_1_153' title='bbox 535 1003 616 1030; x_wconf 76' lang='grc' dir='ltr'>ἰδικὸν</span> <span class='ocrx_word' id='word_1_154' title='bbox 642 1004 743 1039; x_wconf 84' lang='grc' dir='ltr'><strong>τάγμα,</strong></span> <span class='ocrx_word' id='word_1_155' title='bbox 766 1004 813 1031; x_wconf 80' lang='grc' dir='ltr'>καὶ</span> <span class='ocrx_word' id='word_1_156' title='bbox 830 1004 926 1037; x_wconf 83' lang='grc' dir='ltr'>κοινῶς</span> 
     </span>
    </p>
   </div>
   <div class='ocr_carea' id='block_1_22' title="bbox 135 1046 927 1085">
    <p class='ocr_par' dir='ltr' id='par_1_22' title="bbox 135 1046 927 1085">
     <span class='ocr_line' id='line_1_22' title="bbox 135 1046 927 1085; baseline 0.004 -13"><span class='ocrx_word' id='word_1_157' title='bbox 135 1046 227 1073; x_wconf 80' lang='grc' dir='ltr'>πάντα</span> <span class='ocrx_word' id='word_1_158' title='bbox 241 1046 276 1073; x_wconf 84' lang='grc' dir='ltr'>τὰ</span> <span class='ocrx_word' id='word_1_159' title='bbox 290 1047 427 1082; x_wconf 80' lang='grc' dir='ltr'><strong>τάγματα,</strong></span> <span class='ocrx_word' id='word_1_160' title='bbox 444 1047 481 1079; x_wconf 84' lang='grc' dir='ltr'>ὡς</span> <span class='ocrx_word' id='word_1_161' title='bbox 497 1047 610 1083; x_wconf 89' lang='grc' dir='ltr'>δύναμιν</span> <span class='ocrx_word' id='word_1_162' title='bbox 624 1047 720 1083; x_wconf 79' lang='grc' dir='ltr'>έχοντά</span> <span class='ocrx_word' id='word_1_163' title='bbox 730 1057 799 1075; x_wconf 90' lang='grc' dir='ltr'>τινα.</span> <span class='ocrx_word' id='word_1_164' title='bbox 819 1049 927 1085; x_wconf 81' lang='grc' dir='ltr'>Ἐπειδὴ</span> 
     </span>
    </p>
   </div>
   <div class='ocr_carea' id='block_1_23' title="bbox 134 1095 926 1132">
    <p class='ocr_par' dir='ltr' id='par_1_23' title="bbox 134 1095 926 1132">
     <span class='ocr_line' id='line_1_23' title="bbox 134 1095 926 1132; baseline 0.001 -10"><span class='ocrx_word' id='word_1_165' title='bbox 134 1095 227 1122; x_wconf 87' lang='grc' dir='ltr'>τοίνυν</span> <span class='ocrx_word' id='word_1_166' title='bbox 243 1096 283 1128; x_wconf 84' lang='grc' dir='ltr'>εἰς</span> <span class='ocrx_word' id='word_1_167' title='bbox 295 1095 358 1131; x_wconf 88' lang='grc' dir='ltr'>τρία</span> <span class='ocrx_word' id='word_1_168' title='bbox 373 1095 515 1131; x_wconf 79' lang='grc' dir='ltr'><strong>διῄρηνται</strong></span> <span class='ocrx_word' id='word_1_169' title='bbox 532 1096 571 1132; x_wconf 83' lang='grc' dir='ltr'>τῷ</span> <span class='ocrx_word' id='word_1_170' title='bbox 585 1097 645 1122; x_wconf 81' lang='grc' dir='ltr'>κατ’</span> <span class='ocrx_word' id='word_1_171' title='bbox 659 1096 759 1128; x_wconf 81' lang='grc' dir='ltr'>αὐτοὺς</span> <span class='ocrx_word' id='word_1_172' title='bbox 772 1096 866 1132; x_wconf 75' lang='grc' dir='ltr'>ὑψηλῷ</span> <span class='ocrx_word' id='word_1_173' title='bbox 882 1096 926 1123; x_wconf 86' lang='grc' dir='ltr'>λό-</span> 
     </span>
    </p>
   </div>
   <div class='ocr_carea' id='block_1_24' title="bbox 135 1141 928 1179">
    <p class='ocr_par' dir='ltr' id='par_1_24' title="bbox 135 1141 928 1179">
     <span class='ocr_line' id='line_1_24' title="bbox 135 1141 928 1179; baseline 0.001 -11"><span class='ocrx_word' id='word_1_174' title='bbox 135 1149 179 1177; x_wconf 79' lang='grc' dir='ltr'>γῳ</span> <span class='ocrx_word' id='word_1_175' title='bbox 192 1141 236 1176; x_wconf 82' lang='grc' dir='ltr'><strong>(τὰ</strong></span> <span class='ocrx_word' id='word_1_176' title='bbox 248 1141 302 1177; x_wconf 81' lang='grc' dir='ltr'>γὰρ</span> <span class='ocrx_word' id='word_1_177' title='bbox 318 1141 410 1178; x_wconf 78' lang='grc' dir='ltr'>ὑψηλὰ</span> <span class='ocrx_word' id='word_1_178' title='bbox 421 1141 541 1178; x_wconf 74' lang='grc' dir='ltr'>ὑψηλῶς,</span> <span class='ocrx_word' id='word_1_179' title='bbox 560 1142 652 1169; x_wconf 76' lang='grc' dir='ltr'>καὶτὰ</span> <span class='ocrx_word' id='word_1_180' title='bbox 662 1142 834 1178; x_wconf 84' lang='grc' dir='ltr'>ὑπερκόσμια</span> <span class='ocrx_word' id='word_1_181' title='bbox 843 1143 928 1179; x_wconf 89' lang='grc' dir='ltr'>ὑπερ-</span> 
     </span>
    </p>
   </div>
   <div class='ocr_carea' id='block_1_25' title="bbox 135 1187 926 1224">
    <p class='ocr_par' dir='ltr' id='par_1_25' title="bbox 135 1187 926 1224">
     <span class='ocr_line' id='line_1_25' title="bbox 135 1187 926 1224; baseline 0.001 -10"><span class='ocrx_word' id='word_1_182' title='bbox 135 1187 258 1223; x_wconf 87' lang='grc' dir='ltr'>κοσμίως</span> <span class='ocrx_word' id='word_1_183' title='bbox 280 1187 415 1222; x_wconf 81' lang='grc' dir='ltr'>ὀφείλουσι</span> <span class='ocrx_word' id='word_1_184' title='bbox 435 1187 604 1223; x_wconf 85' lang='grc' dir='ltr'>λέγεσθαι),</span> <span class='ocrx_word' id='word_1_185' title='bbox 622 1188 766 1224; x_wconf 85' lang='grc' dir='ltr'>διῄρηνται</span> <span class='ocrx_word' id='word_1_186' title='bbox 788 1188 877 1215; x_wconf 82' lang='grc' dir='ltr'>τοίνυν</span> <span class='ocrx_word' id='word_1_187' title='bbox 902 1189 926 1215; x_wconf 80' lang='grc' dir='ltr'>οἱ</span> 
     </span>
    </p>
   </div>
   <div class='ocr_carea' id='block_1_26' title="bbox 136 1232 926 1269">
    <p class='ocr_par' dir='ltr' id='par_1_26' title="bbox 136 1232 926 1269">
     <span class='ocr_line' id='line_1_26' title="bbox 136 1232 926 1269; baseline 0 -10"><span class='ocrx_word' id='word_1_188' title='bbox 136 1232 203 1259; x_wconf 82' lang='grc' dir='ltr'>Θείοι</span> <span class='ocrx_word' id='word_1_189' title='bbox 219 1232 277 1265; x_wconf 82' lang='grc' dir='ltr'>νόες</span> <span class='ocrx_word' id='word_1_190' title='bbox 293 1233 332 1265; x_wconf 79' lang='grc' dir='ltr'>εἰς</span> <span class='ocrx_word' id='word_1_191' title='bbox 348 1233 452 1265; x_wconf 84' lang='grc' dir='ltr'>οὐσίαν,</span> <span class='ocrx_word' id='word_1_192' title='bbox 467 1233 506 1265; x_wconf 84' lang='grc' dir='ltr'><strong>είς</strong></span> <span class='ocrx_word' id='word_1_193' title='bbox 522 1233 645 1268; x_wconf 83' lang='grc' dir='ltr'>δύναμιν,</span> <span class='ocrx_word' id='word_1_194' title='bbox 661 1233 706 1259; x_wconf 78' lang='grc' dir='ltr'><strong>καὶ</strong></span> <span class='ocrx_word' id='word_1_195' title='bbox 724 1233 874 1269; x_wconf 76' lang='grc' dir='ltr'><strong>ἐνέργειαν,</strong></span> <span class='ocrx_word' id='word_1_196' title='bbox 888 1233 926 1265; x_wconf 87' lang='grc' dir='ltr'>ὡς</span> 
     </span>
    </p>
   </div>
   <div class='ocr_carea' id='block_1_27' title="bbox 136 1276 926 1314">
    <p class='ocr_par' dir='ltr' id='par_1_27' title="bbox 136 1276 926 1314">
     <span class='ocr_line' id='line_1_27' title="bbox 136 1276 926 1314; baseline 0 -10"><span class='ocrx_word' id='word_1_197' title='bbox 136 1278 166 1304; x_wconf 82' lang='grc' dir='ltr'>ὲν</span> <span class='ocrx_word' id='word_1_198' title='bbox 180 1277 367 1313; x_wconf 69' lang='grc' dir='ltr'>ὑποδείγματι,</span> <span class='ocrx_word' id='word_1_199' title='bbox 385 1278 478 1305; x_wconf 84' lang='grc' dir='ltr'>οὐσίαν</span> <span class='ocrx_word' id='word_1_200' title='bbox 499 1278 546 1313; x_wconf 81' lang='grc' dir='ltr'><strong>μὲν</strong></span> <span class='ocrx_word' id='word_1_201' title='bbox 562 1276 631 1305; x_wconf 78' lang='grc' dir='ltr'>εἶναι</span> <span class='ocrx_word' id='word_1_202' title='bbox 647 1278 697 1313; x_wconf 86' lang='grc' dir='ltr'>τὴν</span> <span class='ocrx_word' id='word_1_203' title='bbox 714 1277 762 1304; x_wconf 78' lang='grc' dir='ltr'>τοῦ</span> <span class='ocrx_word' id='word_1_204' title='bbox 779 1279 864 1314; x_wconf 86' lang='grc' dir='ltr'>πυρὸς</span> <span class='ocrx_word' id='word_1_205' title='bbox 874 1278 926 1312; x_wconf 82' lang='grc' dir='ltr'><strong>φύ-</strong></span> 
     </span>
    </p>
   </div>
   <div class='ocr_carea' id='block_1_28' title="bbox 137 1322 927 1360">
    <p class='ocr_par' dir='ltr' id='par_1_28' title="bbox 137 1322 927 1360">
     <span class='ocr_line' id='line_1_28' title="bbox 137 1322 927 1360; baseline 0 -10"><span class='ocrx_word' id='word_1_206' title='bbox 137 1331 192 1356; x_wconf 86' lang='grc' dir='ltr'>σιν,</span> <span class='ocrx_word' id='word_1_207' title='bbox 204 1322 316 1359; x_wconf 88' lang='grc' dir='ltr'>δύναμιν</span> <span class='ocrx_word' id='word_1_208' title='bbox 327 1324 356 1351; x_wconf 87' lang='grc' dir='ltr'>δὲ</span> <span class='ocrx_word' id='word_1_209' title='bbox 372 1324 474 1360; x_wconf 86' lang='grc' dir='ltr'>ταύτης</span> <span class='ocrx_word' id='word_1_210' title='bbox 487 1324 517 1350; x_wconf 83' lang='grc' dir='ltr'><strong>τὸ</strong></span> <span class='ocrx_word' id='word_1_211' title='bbox 535 1324 697 1359; x_wconf 81' lang='grc' dir='ltr'>φωτιστικὸν</span> <span class='ocrx_word' id='word_1_212' title='bbox 711 1325 757 1350; x_wconf 75' lang='grc' dir='ltr'><strong>καὶ</strong></span> <span class='ocrx_word' id='word_1_213' title='bbox 769 1324 799 1350; x_wconf 82' lang='grc' dir='ltr'>τὸ</span> <span class='ocrx_word' id='word_1_214' title='bbox 816 1333 927 1351; x_wconf 89' lang='grc' dir='ltr'>καυστι-</span> 
     </span>
    </p>
   </div>
   <div class='ocr_carea' id='block_1_29' title="bbox 136 1368 926 1408">
    <p class='ocr_par' dir='ltr' id='par_1_29' title="bbox 136 1368 926 1408">
     <span class='ocr_line' id='line_1_29' title="bbox 136 1368 926 1408; baseline 0 -10"><span class='ocrx_word' id='word_1_215' title='bbox 136 1371 196 1404; x_wconf 63' lang='lat' dir='ltr'><strong>nov,</strong></span> <span class='ocrx_word' id='word_1_216' title='bbox 209 1371 346 1407; x_wconf 77' lang='grc' dir='ltr'>ἐνέργειαν</span> <span class='ocrx_word' id='word_1_217' title='bbox 359 1372 386 1399; x_wconf 83' lang='grc' dir='ltr'><strong>δὲ</strong></span> <span class='ocrx_word' id='word_1_218' title='bbox 402 1372 432 1398; x_wconf 81' lang='grc' dir='ltr'><strong>τὸ</strong></span> <span class='ocrx_word' id='word_1_219' title='bbox 448 1372 497 1407; x_wconf 82' lang='grc' dir='ltr'>τῆς</span> <span class='ocrx_word' id='word_1_220' title='bbox 519 1371 658 1408; x_wconf 87' lang='grc' dir='ltr'>δυνάμεως</span> <span class='ocrx_word' id='word_1_221' title='bbox 675 1371 857 1407; x_wconf 82' lang='grc' dir='ltr'>ἀποτέλεσμα,</span> <span class='ocrx_word' id='word_1_222' title='bbox 872 1368 926 1398; x_wconf 79' lang='grc' dir='ltr'>οἷον</span> 
     </span>
    </p>
   </div>
   <div class='ocr_carea' id='block_1_30' title="bbox 135 1417 927 1454">
    <p class='ocr_par' dir='ltr' id='par_1_30' title="bbox 135 1417 927 1454">
     <span class='ocr_line' id='line_1_30' title="bbox 135 1417 927 1454; baseline 0 -10"><span class='ocrx_word' id='word_1_223' title='bbox 135 1418 169 1444; x_wconf 84' lang='grc' dir='ltr'><strong>τὸ</strong></span> <span class='ocrx_word' id='word_1_224' title='bbox 186 1417 312 1453; x_wconf 75' lang='grc' dir='ltr'>φωτίζειν</span> <span class='ocrx_word' id='word_1_225' title='bbox 335 1419 382 1444; x_wconf 74' lang='grc' dir='ltr'><strong>καὶ</strong></span> <span class='ocrx_word' id='word_1_226' title='bbox 403 1418 434 1444; x_wconf 86' lang='grc' dir='ltr'><strong>τδ</strong></span> <span class='ocrx_word' id='word_1_227' title='bbox 457 1418 555 1445; x_wconf 83' lang='grc' dir='ltr'>καίειν.</span> <span class='ocrx_word' id='word_1_228' title='bbox 579 1418 686 1454; x_wconf 82' lang='grc' dir='ltr'>Ἐπειδὴ</span> <span class='ocrx_word' id='word_1_229' title='bbox 702 1417 789 1444; x_wconf 82' lang='grc' dir='ltr'>ταῦτα</span> <span class='ocrx_word' id='word_1_230' title='bbox 814 1418 860 1444; x_wconf 78' lang='grc' dir='ltr'><strong>καὶ</strong></span> <span class='ocrx_word' id='word_1_231' title='bbox 877 1426 927 1444; x_wconf 89' lang='grc' dir='ltr'>κα-</span> 
     </span>
    </p>
   </div>
   <div class='ocr_carea' id='block_1_31' title="bbox 136 1462 926 1498">
    <p class='ocr_par' dir='ltr' id='par_1_31' title="bbox 136 1462 926 1498">
     <span class='ocr_line' id='line_1_31' title="bbox 136 1462 926 1498; baseline -0.001 -9"><span class='ocrx_word' id='word_1_232' title='bbox 136 1462 247 1489; x_wconf 82' lang='grc' dir='ltr'>λοῦνται</span> <span class='ocrx_word' id='word_1_233' title='bbox 263 1462 392 1494; x_wconf 83' lang='grc' dir='ltr'>πολλάκις</span> <span class='ocrx_word' id='word_1_234' title='bbox 414 1463 462 1489; x_wconf 74' lang='grc' dir='ltr'>καὶ</span> <span class='ocrx_word' id='word_1_235' title='bbox 481 1463 512 1489; x_wconf 72' lang='grc' dir='ltr'>ἐκ</span> <span class='ocrx_word' id='word_1_236' title='bbox 530 1463 579 1498; x_wconf 85' lang='grc' dir='ltr'>τῆς</span> <span class='ocrx_word' id='word_1_237' title='bbox 601 1463 711 1495; x_wconf 84' lang='grc' dir='ltr'>οὐσίας,</span> <span class='ocrx_word' id='word_1_238' title='bbox 737 1463 781 1489; x_wconf 79' lang='grc' dir='ltr'>ὅτε</span> <span class='ocrx_word' id='word_1_239' title='bbox 805 1462 926 1497; x_wconf 89' lang='grc' dir='ltr'>λέγονται</span> 
     </span>
    </p>
   </div>
   <div class='ocr_carea' id='block_1_32' title="bbox 137 1508 926 1544">
    <p class='ocr_par' dir='ltr' id='par_1_32' title="bbox 137 1508 926 1544">
     <span class='ocr_line' id='line_1_32' title="bbox 137 1508 926 1544; baseline -0.003 -8"><span class='ocrx_word' id='word_1_240' title='bbox 137 1509 223 1544; x_wconf 86' lang='grc' dir='ltr'>νόεςῆ</span> <span class='ocrx_word' id='word_1_241' title='bbox 237 1508 387 1544; x_wconf 75' lang='grc' dir='ltr'>πνεύματαο</span> <span class='ocrx_word' id='word_1_242' title='bbox 410 1508 554 1535; x_wconf 82' lang='grc' dir='ltr'>καλοῦνται</span> <span class='ocrx_word' id='word_1_243' title='bbox 575 1508 621 1535; x_wconf 80' lang='grc' dir='ltr'>καὶ</span> <span class='ocrx_word' id='word_1_244' title='bbox 640 1508 693 1535; x_wconf 81' lang='grc' dir='ltr'>ἀπὸ</span> <span class='ocrx_word' id='word_1_245' title='bbox 710 1509 759 1544; x_wconf 84' lang='grc' dir='ltr'>τῆς</span> <span class='ocrx_word' id='word_1_246' title='bbox 776 1508 926 1544; x_wconf 88' lang='grc' dir='ltr'>ἐνεργείας,</span> 
     </span>
    </p>
   </div>
   <div class='ocr_carea' id='block_1_33' title="bbox 136 1554 926 1590">
    <p class='ocr_par' dir='ltr' id='par_1_33' title="bbox 136 1554 926 1590">
     <span class='ocr_line' id='line_1_33' title="bbox 136 1554 926 1590; baseline -0.001 -8"><span class='ocrx_word' id='word_1_247' title='bbox 136 1556 183 1582; x_wconf 80' lang='grc' dir='ltr'>ὅτε</span> <span class='ocrx_word' id='word_1_248' title='bbox 200 1555 309 1589; x_wconf 81' lang='grc' dir='ltr'>ἄγγελοι</span> <span class='ocrx_word' id='word_1_249' title='bbox 330 1556 464 1590; x_wconf 90' lang='grc' dir='ltr'>λέγονται·</span> <span class='ocrx_word' id='word_1_250' title='bbox 482 1556 532 1582; x_wconf 85' lang='grc' dir='ltr'><strong>οὐκ</strong></span> <span class='ocrx_word' id='word_1_251' title='bbox 549 1555 700 1586; x_wconf 79' lang='grc' dir='ltr'>ἀπεικότως</span> <span class='ocrx_word' id='word_1_252' title='bbox 716 1554 860 1582; x_wconf 82' lang='grc' dir='ltr'>καλοῦνται</span> <span class='ocrx_word' id='word_1_253' title='bbox 879 1555 926 1581; x_wconf 78' lang='grc' dir='ltr'><strong>καὶ</strong></span> 
     </span>
    </p>
   </div>
   <div class='ocr_carea' id='block_1_34' title="bbox 136 1598 925 1636">
    <p class='ocr_par' dir='ltr' id='par_1_34' title="bbox 136 1598 925 1636">
     <span class='ocr_line' id='line_1_34' title="bbox 136 1598 925 1636; baseline -0.004 -8"><span class='ocrx_word' id='word_1_254' title='bbox 136 1600 193 1628; x_wconf 77' lang='grc' dir='ltr'>ἀπὸ</span> <span class='ocrx_word' id='word_1_255' title='bbox 208 1601 257 1636; x_wconf 83' lang='grc' dir='ltr'><strong>τῆς</strong></span> <span class='ocrx_word' id='word_1_256' title='bbox 268 1601 410 1636; x_wconf 83' lang='grc' dir='ltr'>δυνάμεως</span> <span class='ocrx_word' id='word_1_257' title='bbox 425 1600 563 1635; x_wconf 86' lang='grc' dir='ltr'>δυνάμεις.</span> <span class='ocrx_word' id='word_1_258' title='bbox 583 1600 647 1626; x_wconf 86' lang='grc' dir='ltr'><strong>Ὅτε</strong></span> <span class='ocrx_word' id='word_1_259' title='bbox 662 1599 751 1626; x_wconf 85' lang='grc' dir='ltr'>τοίνυν</span> <span class='ocrx_word' id='word_1_260' title='bbox 772 1599 893 1630; x_wconf 77' lang='grc' dir='ltr'>ἅπαντας</span> <span class='ocrx_word' id='word_1_261' title='bbox 908 1598 925 1634; x_wconf 78' lang='grc' dir='ltr'><strong>ἢ</strong></span> 
     </span>
    </p>
   </div>
   <div class='ocr_carea' id='block_1_35' title="bbox 136 1644 927 1682">
    <p class='ocr_par' dir='ltr' id='par_1_35' title="bbox 136 1644 927 1682">
     <span class='ocr_line' id='line_1_35' title="bbox 136 1644 927 1682; baseline -0.004 -9"><span class='ocrx_word' id='word_1_262' title='bbox 136 1646 214 1677; x_wconf 80' lang='grc' dir='ltr'>τινὰς</span> <span class='ocrx_word' id='word_1_263' title='bbox 231 1646 329 1678; x_wconf 87' lang='grc' dir='ltr'>αὐτῶν,</span> <span class='ocrx_word' id='word_1_264' title='bbox 343 1645 404 1681; x_wconf 87' lang='grc' dir='ltr'>δίχα</span> <span class='ocrx_word' id='word_1_265' title='bbox 419 1645 490 1677; x_wconf 76' lang='grc' dir='ltr'>τινὸς</span> <span class='ocrx_word' id='word_1_266' title='bbox 506 1645 731 1682; x_wconf 82' lang='grc' dir='ltr'>παρατηρήσεως,</span> <span class='ocrx_word' id='word_1_267' title='bbox 744 1644 871 1680; x_wconf 86' lang='grc' dir='ltr'>οὐρανίας</span> <span class='ocrx_word' id='word_1_268' title='bbox 882 1644 927 1670; x_wconf 87' lang='grc' dir='ltr'>οὐ-</span> 
     </span>
    </p>
   </div>
   <div class='ocr_carea' id='block_1_36' title="bbox 137 1690 928 1728">
    <p class='ocr_par' dir='ltr' id='par_1_36' title="bbox 137 1690 928 1728">
     <span class='ocr_line' id='line_1_36' title="bbox 137 1690 928 1728; baseline -0.004 -10"><span class='ocrx_word' id='word_1_269' title='bbox 137 1691 200 1724; x_wconf 86' lang='grc' dir='ltr'>σίας</span> <span class='ocrx_word' id='word_1_270' title='bbox 221 1691 237 1728; x_wconf 78' lang='grc' dir='ltr'><strong>ἥ</strong></span> <span class='ocrx_word' id='word_1_271' title='bbox 251 1692 378 1727; x_wconf 74' lang='grc' dir='ltr'>οὐρανίας</span> <span class='ocrx_word' id='word_1_272' title='bbox 397 1691 525 1727; x_wconf 84' lang='grc' dir='ltr'>δυνάμεις</span> <span class='ocrx_word' id='word_1_273' title='bbox 541 1690 748 1726; x_wconf 77' lang='grc' dir='ltr'>ἀποκαλοῦμεν,</span> <span class='ocrx_word' id='word_1_274' title='bbox 767 1690 870 1725; x_wconf 80' lang='grc' dir='ltr'>οἰητέον</span> <span class='ocrx_word' id='word_1_275' title='bbox 881 1690 928 1725; x_wconf 80' lang='grc' dir='ltr'>ἐμ-</span> 
     </span>
    </p>
   </div>
   <div class='ocr_carea' id='block_1_37' title="bbox 138 1732 927 1776">
    <p class='ocr_par' dir='ltr' id='par_1_37' title="bbox 138 1732 927 1776">
     <span class='ocr_line' id='line_1_37' title="bbox 138 1732 927 1776; baseline -0.004 -12"><span class='ocrx_word' id='word_1_276' title='bbox 138 1739 246 1772; x_wconf 85' lang='grc' dir='ltr'>φαίνειν</span> <span class='ocrx_word' id='word_1_277' title='bbox 262 1738 310 1764; x_wconf 69' lang='grc' dir='ltr'>καὶ</span> <span class='ocrx_word' id='word_1_278' title='bbox 320 1737 485 1776; x_wconf 77' lang='grc' dir='ltr'>ἐκδεικνύειν</span> <span class='ocrx_word' id='word_1_279' title='bbox 502 1737 575 1773; x_wconf 82' lang='grc' dir='ltr'><strong>ἡμᾶς</strong></span> <span class='ocrx_word' id='word_1_280' title='bbox 592 1737 690 1768; x_wconf 77' lang='grc' dir='ltr'>αὐτοὺς</span> <span class='ocrx_word' id='word_1_281' title='bbox 706 1736 768 1768; x_wconf 80' lang='grc' dir='ltr'>τοὺς</span> <span class='ocrx_word' id='word_1_282' title='bbox 780 1736 845 1772; x_wconf 77' lang='grc' dir='ltr'>περὶ</span> <span class='ocrx_word' id='word_1_283' title='bbox 860 1732 896 1762; x_wconf 83' lang='grc' dir='ltr'>ὧν</span> <span class='ocrx_word' id='word_1_284' title='bbox 913 1736 927 1762; x_wconf 84' lang='grc' dir='ltr'>ὁ</span> 
     </span>
    </p>
   </div>
   <div class='ocr_carea' id='block_1_38' title="bbox 137 1780 928 1819">
    <p class='ocr_par' dir='ltr' id='par_1_38' title="bbox 137 1780 928 1819">
     <span class='ocr_line' id='line_1_38' title="bbox 137 1780 928 1819; baseline -0.004 -9"><span class='ocrx_word' id='word_1_285' title='bbox 137 1783 226 1818; x_wconf 83' lang='grc' dir='ltr'>λόγος,</span> <span class='ocrx_word' id='word_1_286' title='bbox 244 1784 314 1810; x_wconf 84' lang='grc' dir='ltr'>κατά</span> <span class='ocrx_word' id='word_1_287' title='bbox 326 1792 386 1810; x_wconf 89' lang='grc' dir='ltr'>τινα</span> <span class='ocrx_word' id='word_1_288' title='bbox 400 1783 532 1819; x_wconf 83' lang='grc' dir='ltr'>περισσὴν</span> <span class='ocrx_word' id='word_1_289' title='bbox 545 1783 655 1818; x_wconf 78' lang='grc' dir='ltr'>φράσιν·</span> <span class='ocrx_word' id='word_1_290' title='bbox 677 1782 736 1809; x_wconf 73' lang='grc' dir='ltr'>ἀντὶ</span> <span class='ocrx_word' id='word_1_291' title='bbox 752 1781 806 1817; x_wconf 90' lang='grc' dir='ltr'><strong>γὰρ</strong></span> <span class='ocrx_word' id='word_1_292' title='bbox 822 1780 868 1807; x_wconf 81' lang='grc' dir='ltr'>τοῦ</span> <span class='ocrx_word' id='word_1_293' title='bbox 889 1782 928 1807; x_wconf 78' lang='grc' dir='ltr'>ει-</span> 
     </span>
    </p>
   </div>
   <div class='ocr_carea' id='block_1_39' title="bbox 138 1827 928 1865">
    <p class='ocr_par' dir='ltr' id='par_1_39' title="bbox 138 1827 928 1865">
     <span class='ocr_line' id='line_1_39' title="bbox 138 1827 928 1865; baseline -0.005 -8"><span class='ocrx_word' id='word_1_294' title='bbox 138 1832 200 1858; x_wconf 80' lang='grc' dir='ltr'>πεῖν</span> <span class='ocrx_word' id='word_1_295' title='bbox 215 1830 357 1865; x_wconf 81' lang='grc' dir='ltr'>ἀγγέλους,</span> <span class='ocrx_word' id='word_1_296' title='bbox 374 1830 488 1865; x_wconf 89' lang='grc' dir='ltr'>λέγομεν</span> <span class='ocrx_word' id='word_1_297' title='bbox 504 1829 630 1865; x_wconf 79' lang='grc' dir='ltr'>οὐρανίας</span> <span class='ocrx_word' id='word_1_298' title='bbox 646 1828 749 1859; x_wconf 84' lang='grc' dir='ltr'>οὐσίας,</span> <span class='ocrx_word' id='word_1_299' title='bbox 766 1828 783 1863; x_wconf 81' lang='grc' dir='ltr'>ἣ</span> <span class='ocrx_word' id='word_1_300' title='bbox 799 1827 928 1862; x_wconf 81' lang='grc' dir='ltr'>οὐρανίας</span> 
     </span>
    </p>
   </div>
   <div class='ocr_carea' id='block_1_40' title="bbox 136 1873 927 1913">
    <p class='ocr_par' dir='ltr' id='par_1_40' title="bbox 136 1873 927 1913">
     <span class='ocr_line' id='line_1_40' title="bbox 136 1873 927 1913; baseline -0.006 -9"><span class='ocrx_word' id='word_1_301' title='bbox 136 1877 277 1913; x_wconf 86' lang='grc' dir='ltr'>δυνάμεις,</span> <span class='ocrx_word' id='word_1_302' title='bbox 297 1877 329 1903; x_wconf 87' lang='grc' dir='ltr'><strong>ἐκ</strong></span> <span class='ocrx_word' id='word_1_303' title='bbox 344 1877 393 1912; x_wconf 81' lang='grc' dir='ltr'>τῆς</span> <span class='ocrx_word' id='word_1_304' title='bbox 413 1876 506 1911; x_wconf 85' lang='grc' dir='ltr'>κοινῆς</span> <span class='ocrx_word' id='word_1_305' title='bbox 525 1875 615 1902; x_wconf 86' lang='grc' dir='ltr'>αὐτῶν</span> <span class='ocrx_word' id='word_1_306' title='bbox 632 1874 736 1906; x_wconf 86' lang='grc' dir='ltr'>οὐσίας,</span> <span class='ocrx_word' id='word_1_307' title='bbox 755 1874 771 1909; x_wconf 86' lang='grc' dir='ltr'><strong>ἢ</strong></span> <span class='ocrx_word' id='word_1_308' title='bbox 790 1875 837 1900; x_wconf 72' lang='grc' dir='ltr'>καὶ</span> <span class='ocrx_word' id='word_1_309' title='bbox 847 1873 927 1900; x_wconf 88' lang='grc' dir='ltr'>δυνά-</span> 
     </span>
    </p>
   </div>
   <div class='ocr_carea' id='block_1_41' title="bbox 139 1919 927 1959">
    <p class='ocr_par' dir='ltr' id='par_1_41' title="bbox 139 1919 927 1959">
     <span class='ocr_line' id='line_1_41' title="bbox 139 1919 927 1959; baseline -0.005 -10"><span class='ocrx_word' id='word_1_310' title='bbox 139 1932 223 1959; x_wconf 84' lang='grc' dir='ltr'>μεως,</span> <span class='ocrx_word' id='word_1_311' title='bbox 235 1923 285 1958; x_wconf 83' lang='grc' dir='ltr'><strong>τῆς</strong></span> <span class='ocrx_word' id='word_1_312' title='bbox 297 1922 357 1949; x_wconf 81' lang='grc' dir='ltr'><strong>καθ’</strong></span> <span class='ocrx_word' id='word_1_313' title='bbox 370 1922 483 1948; x_wconf 75' lang='grc' dir='ltr'>ἕκαστον</span> <span class='ocrx_word' id='word_1_314' title='bbox 498 1921 699 1956; x_wconf 78' lang='grc' dir='ltr'>ἐμφαινομένης</span> <span class='ocrx_word' id='word_1_315' title='bbox 715 1919 814 1946; x_wconf 89' lang='grc' dir='ltr'>αὐτῶν.</span> <span class='ocrx_word' id='word_1_316' title='bbox 826 1920 863 1946; x_wconf 88' lang='grc' dir='ltr'>Οὐ</span> <span class='ocrx_word' id='word_1_317' title='bbox 875 1919 927 1955; x_wconf 78' lang='grc' dir='ltr'><strong>μὴν</strong></span> 
     </span>
    </p>
   </div>
   <div class='ocr_carea' id='block_1_42' title="bbox 135 1964 928 2005">
    <p class='ocr_par' dir='ltr' id='par_1_42' title="bbox 135 1964 928 2005">
     <span class='ocr_line' id='line_1_42' title="bbox 135 1964 928 2005; baseline -0.009 -8"><span class='ocrx_word' id='word_1_318' title='bbox 135 1970 166 1997; x_wconf 84' lang='grc' dir='ltr'>δὲ</span> <span class='ocrx_word' id='word_1_319' title='bbox 179 1969 294 2005; x_wconf 76' lang='grc' dir='ltr'>οἰητέον,</span> <span class='ocrx_word' id='word_1_320' title='bbox 313 1968 480 2004; x_wconf 84' lang='grc' dir='ltr'>προσάπτειν</span> <span class='ocrx_word' id='word_1_321' title='bbox 497 1967 570 2002; x_wconf 81' lang='grc' dir='ltr'>ἡμᾶς</span> <span class='ocrx_word' id='word_1_322' title='bbox 585 1968 644 1998; x_wconf 88' lang='grc' dir='ltr'>ταῖς</span> <span class='ocrx_word' id='word_1_323' title='bbox 662 1964 873 2001; x_wconf 75' lang='grc' dir='ltr'>ὑποῦεϐηκυίαις</span> <span class='ocrx_word' id='word_1_324' title='bbox 884 1964 928 1991; x_wconf 89' lang='grc' dir='ltr'><strong>οὺ-</strong></span> 
     </span>
    </p>
   </div>
   <div class='ocr_carea' id='block_1_43' title="bbox 138 2011 928 2051">
    <p class='ocr_par' dir='ltr' id='par_1_43' title="bbox 138 2011 928 2051">
     <span class='ocr_line' id='line_1_43' title="bbox 138 2011 928 2051; baseline -0.006 -9"><span class='ocrx_word' id='word_1_325' title='bbox 138 2016 213 2047; x_wconf 85' lang='grc' dir='ltr'>σίαις</span> <span class='ocrx_word' id='word_1_326' title='bbox 233 2014 282 2051; x_wconf 87' lang='grc' dir='ltr'><strong>τὴν</strong></span> <span class='ocrx_word' id='word_1_327' title='bbox 301 2014 419 2049; x_wconf 78' lang='grc' dir='ltr'>ἰδιότητα</span> <span class='ocrx_word' id='word_1_328' title='bbox 438 2012 492 2040; x_wconf 88' lang='grc' dir='ltr'><strong>τῶν</strong></span> <span class='ocrx_word' id='word_1_329' title='bbox 508 2013 598 2044; x_wconf 89' lang='grc' dir='ltr'>καλῶς</span> <span class='ocrx_word' id='word_1_330' title='bbox 613 2012 827 2048; x_wconf 85' lang='grc' dir='ltr'>διακεκριμένων</span> <span class='ocrx_word' id='word_1_331' title='bbox 844 2011 928 2045; x_wconf 82' lang='grc' dir='ltr'>ἁγίων</span> 
     </span>
    </p>
   </div>
   <div class='ocr_carea' id='block_1_44' title="bbox 137 2057 928 2098">
    <p class='ocr_par' dir='ltr' id='par_1_44' title="bbox 137 2057 928 2098">
     <span class='ocr_line' id='line_1_44' title="bbox 137 2057 928 2098; baseline -0.008 -10"><span class='ocrx_word' id='word_1_332' title='bbox 137 2062 280 2098; x_wconf 81' lang='grc' dir='ltr'>δυνάμεων</span> <span class='ocrx_word' id='word_1_333' title='bbox 303 2060 350 2096; x_wconf 80' lang='grc' dir='ltr'><strong>(αἳ</strong></span> <span class='ocrx_word' id='word_1_334' title='bbox 368 2061 400 2097; x_wconf 80' lang='grc' dir='ltr'>δὴ</span> <span class='ocrx_word' id='word_1_335' title='bbox 418 2060 494 2094; x_wconf 82' lang='grc' dir='ltr'>ἆγιαι</span> <span class='ocrx_word' id='word_1_336' title='bbox 517 2059 645 2094; x_wconf 84' lang='grc' dir='ltr'>δυνάμεις</span> <span class='ocrx_word' id='word_1_337' title='bbox 660 2057 855 2094; x_wconf 87' lang='grc' dir='ltr'>ὐπερκείμεναί</span> <span class='ocrx_word' id='word_1_338' title='bbox 875 2057 928 2083; x_wconf 74' lang='grc' dir='ltr'>εισι</span> 
     </span>
    </p>
   </div>
   <div class='ocr_carea' id='block_1_45' title="bbox 136 2102 927 2144">
    <p class='ocr_par' dir='ltr' id='par_1_45' title="bbox 136 2102 927 2144">
     <span class='ocr_line' id='line_1_45' title="bbox 136 2102 927 2144; baseline -0.006 -10"><span class='ocrx_word' id='word_1_339' title='bbox 136 2108 207 2144; x_wconf 76' lang='grc' dir='ltr'>πρὸς</span> <span class='ocrx_word' id='word_1_340' title='bbox 222 2107 257 2134; x_wconf 80' lang='grc' dir='ltr'>τὰ</span> <span class='ocrx_word' id='word_1_341' title='bbox 275 2106 428 2142; x_wconf 76' lang='grc' dir='ltr'>ὑφειμένα).</span> <span class='ocrx_word' id='word_1_342' title='bbox 450 2106 534 2132; x_wconf 79' lang='grc' dir='ltr'>Τοῦτο</span> <span class='ocrx_word' id='word_1_343' title='bbox 552 2105 606 2141; x_wconf 82' lang='grc' dir='ltr'>γὰρ</span> <span class='ocrx_word' id='word_1_344' title='bbox 629 2105 690 2140; x_wconf 79' lang='grc' dir='ltr'>ἐμοὶ</span> <span class='ocrx_word' id='word_1_345' title='bbox 716 2104 804 2138; x_wconf 83' lang='grc' dir='ltr'>λόγος,</span> <span class='ocrx_word' id='word_1_346' title='bbox 826 2103 870 2129; x_wconf 85' lang='grc' dir='ltr'>ἵνα</span> <span class='ocrx_word' id='word_1_347' title='bbox 889 2102 927 2138; x_wconf 84' lang='grc' dir='ltr'>μὴ</span> 
     </span>
    </p>
   </div>
   <div class='ocr_carea' id='block_1_46' title="bbox 136 2147 927 2189">
    <p class='ocr_par' dir='ltr' id='par_1_46' title="bbox 136 2147 927 2189">
     <span class='ocr_line' id='line_1_46' title="bbox 136 2147 927 2189; baseline -0.01 -9"><span class='ocrx_word' id='word_1_348' title='bbox 136 2153 241 2189; x_wconf 70' lang='grc' dir='ltr'>οἰηθείη</span> <span class='ocrx_word' id='word_1_349' title='bbox 254 2153 296 2184; x_wconf 86' lang='grc' dir='ltr'>τις</span> <span class='ocrx_word' id='word_1_350' title='bbox 313 2161 340 2178; x_wconf 86' lang='grc' dir='ltr'><strong>τι</strong></span> <span class='ocrx_word' id='word_1_351' title='bbox 357 2150 487 2183; x_wconf 82' lang='grc' dir='ltr'>τοιοῦτον,</span> <span class='ocrx_word' id='word_1_352' title='bbox 505 2150 545 2176; x_wconf 84' lang='grc' dir='ltr'>ὃτι</span> <span class='ocrx_word' id='word_1_353' title='bbox 562 2149 756 2185; x_wconf 86' lang='grc' dir='ltr'>προσάπτομεν</span> <span class='ocrx_word' id='word_1_354' title='bbox 773 2149 833 2178; x_wconf 88' lang='grc' dir='ltr'>ταῖς</span> <span class='ocrx_word' id='word_1_355' title='bbox 851 2147 927 2182; x_wconf 78' lang='grc' dir='ltr'>ὑφει-</span> 
     </span>
    </p>
   </div>
   <div class='ocr_carea' id='block_1_47' title="bbox 138 2193 928 2237">
    <p class='ocr_par' dir='ltr' id='par_1_47' title="bbox 138 2193 928 2237">
     <span class='ocr_line' id='line_1_47' title="bbox 138 2193 928 2237; baseline -0.01 -11"><span class='ocrx_word' id='word_1_356' title='bbox 138 2200 235 2237; x_wconf 87' lang='grc' dir='ltr'>μέναις</span> <span class='ocrx_word' id='word_1_357' title='bbox 245 2198 279 2225; x_wconf 82' lang='grc' dir='ltr'>τὰ</span> <span class='ocrx_word' id='word_1_358' title='bbox 295 2198 489 2234; x_wconf 84' lang='grc' dir='ltr'>ὑπερκείμενα.</span> <span class='ocrx_word' id='word_1_359' title='bbox 501 2197 555 2223; x_wconf 81' lang='grc' dir='ltr'><strong>Καὶ</strong></span> <span class='ocrx_word' id='word_1_360' title='bbox 566 2196 665 2232; x_wconf 83' lang='grc' dir='ltr'>λύομεν</span> <span class='ocrx_word' id='word_1_361' title='bbox 672 2194 795 2221; x_wconf 76' lang='grc' dir='ltr'>ἐντεῦθεν</span> <span class='ocrx_word' id='word_1_362' title='bbox 807 2194 856 2229; x_wconf 79' lang='grc' dir='ltr'>τὴν</span> <span class='ocrx_word' id='word_1_363' title='bbox 865 2193 928 2228; x_wconf 79' lang='grc' dir='ltr'>περὶ</span> 
     </span>
    </p>
   </div>
   <div class='ocr_carea' id='block_1_48' title="bbox 135 2241 925 2279">
    <p class='ocr_par' dir='ltr' id='par_1_48' title="bbox 135 2241 925 2279">
     <span class='ocr_line' id='line_1_48' title="bbox 135 2241 925 2279; baseline -0.008 -7"><span class='ocrx_word' id='word_1_364' title='bbox 135 2245 195 2278; x_wconf 80' lang='grc' dir='ltr'>τοῦ,</span> <span class='ocrx_word' id='word_1_365' title='bbox 213 2245 271 2276; x_wconf 82' lang='grc' dir='ltr'><strong>πῶς</strong></span> <span class='ocrx_word' id='word_1_366' title='bbox 287 2243 383 2276; x_wconf 84' lang='grc' dir='ltr'>κοινῶς</span> <span class='ocrx_word' id='word_1_367' title='bbox 399 2243 433 2270; x_wconf 80' lang='grc' dir='ltr'>τὰ</span> <span class='ocrx_word' id='word_1_368' title='bbox 448 2243 559 2279; x_wconf 82' lang='grc' dir='ltr'>οὐράνια</span> <span class='ocrx_word' id='word_1_369' title='bbox 568 2243 694 2278; x_wconf 85' lang='grc' dir='ltr'>τάγματα</span> <span class='ocrx_word' id='word_1_370' title='bbox 705 2241 827 2276; x_wconf 79' lang='grc' dir='ltr'>λέγονται</span> <span class='ocrx_word' id='word_1_371' title='bbox 843 2241 925 2274; x_wconf 85' lang='grc' dir='ltr'>ἄγγε-</span> 
     </span>
    </p>
   </div>
   <div class='ocr_carea' id='block_1_49' title="bbox 136 2283 924 2323">
    <p class='ocr_par' dir='ltr' id='par_1_49' title="bbox 136 2283 924 2323">
     <span class='ocr_line' id='line_1_49' title="bbox 136 2283 924 2323; baseline -0.008 -7"><span class='ocrx_word' id='word_1_372' title='bbox 136 2290 195 2321; x_wconf 85' lang='grc' dir='ltr'>λοι,</span> <span class='ocrx_word' id='word_1_373' title='bbox 217 2287 398 2315; x_wconf 85' lang='grc' dir='ltr'>διδασκαλίαν.</span> <span class='ocrx_word' id='word_1_374' title='bbox 419 2288 487 2323; x_wconf 82' lang='grc' dir='ltr'>Περὶ</span> <span class='ocrx_word' id='word_1_375' title='bbox 512 2287 540 2314; x_wconf 85' lang='grc' dir='ltr'>δὲ</span> <span class='ocrx_word' id='word_1_376' title='bbox 563 2287 618 2313; x_wconf 85' lang='grc' dir='ltr'><strong>τῶν</strong></span> <span class='ocrx_word' id='word_1_377' title='bbox 641 2285 847 2322; x_wconf 83' lang='grc' dir='ltr'>ὑπερκειμένων</span> <span class='ocrx_word' id='word_1_378' title='bbox 878 2283 924 2310; x_wconf 73' lang='grc' dir='ltr'><strong>καὶ</strong></span> 
     </span>
    </p>
   </div>
   <div class='ocr_carea' id='block_1_50' title="bbox 137 2329 924 2369">
    <p class='ocr_par' dir='ltr' id='par_1_50' title="bbox 137 2329 924 2369">
     <span class='ocr_line' id='line_1_50' title="bbox 137 2329 924 2369; baseline -0.009 -7"><span class='ocrx_word' id='word_1_379' title='bbox 137 2335 223 2367; x_wconf 78' lang='grc' dir='ltr'>αὐτὰς</span> <span class='ocrx_word' id='word_1_380' title='bbox 238 2335 288 2366; x_wconf 84' lang='grc' dir='ltr'>τὰς</span> <span class='ocrx_word' id='word_1_381' title='bbox 300 2334 438 2369; x_wconf 86' lang='grc' dir='ltr'>δυνάμεις,</span> <span class='ocrx_word' id='word_1_382' title='bbox 455 2333 542 2365; x_wconf 79' lang='grc' dir='ltr'>οὐδείς</span> <span class='ocrx_word' id='word_1_383' title='bbox 561 2342 606 2369; x_wconf 89' lang='grc' dir='ltr'><strong>μοι</strong></span> <span class='ocrx_word' id='word_1_384' title='bbox 625 2333 713 2367; x_wconf 81' lang='grc' dir='ltr'>λόγος,</span> <span class='ocrx_word' id='word_1_385' title='bbox 733 2332 757 2358; x_wconf 78' lang='grc' dir='ltr'><strong>εί</strong></span> <span class='ocrx_word' id='word_1_386' title='bbox 776 2331 823 2357; x_wconf 81' lang='grc' dir='ltr'><strong>καὶ</strong></span> <span class='ocrx_word' id='word_1_387' title='bbox 838 2329 924 2356; x_wconf 82' lang='grc' dir='ltr'>ταῦτα</span> 
     </span>
    </p>
   </div>
   <div class='ocr_carea' id='block_1_51' title="bbox 135 2374 925 2414">
    <p class='ocr_par' dir='ltr' id='par_1_51' title="bbox 135 2374 925 2414">
     <span class='ocr_line' id='line_1_51' title="bbox 135 2374 925 2414; baseline -0.006 -8"><span class='ocrx_word' id='word_1_388' title='bbox 135 2380 266 2414; x_wconf 83' lang='grc' dir='ltr'>δυνάμεις</span> <span class='ocrx_word' id='word_1_389' title='bbox 286 2378 440 2405; x_wconf 72' lang='grc' dir='ltr'>καλοῦνται*</span> <span class='ocrx_word' id='word_1_390' title='bbox 465 2377 534 2404; x_wconf 85' lang='grc' dir='ltr'>αὐτὰ</span> <span class='ocrx_word' id='word_1_391' title='bbox 553 2377 607 2414; x_wconf 88' lang='grc' dir='ltr'>γὰρ</span> <span class='ocrx_word' id='word_1_392' title='bbox 623 2378 661 2409; x_wconf 88' lang='grc' dir='ltr'>ὡς</span> <span class='ocrx_word' id='word_1_393' title='bbox 684 2376 868 2412; x_wconf 82' lang='grc' dir='ltr'>ὑπερκείμενα</span> <span class='ocrx_word' id='word_1_394' title='bbox 890 2374 925 2402; x_wconf 77' lang='grc' dir='ltr'><strong>τὰ</strong></span> 
     </span>
    </p>
   </div>
   <div class='ocr_carea' id='block_1_52' title="bbox 135 2421 926 2460">
    <p class='ocr_par' dir='ltr' id='par_1_52' title="bbox 135 2421 926 2460">
     <span class='ocr_line' id='line_1_52' title="bbox 135 2421 926 2460; baseline -0.005 -10"><span class='ocrx_word' id='word_1_395' title='bbox 135 2423 272 2460; x_wconf 84' lang='grc' dir='ltr'>προσόντα</span> <span class='ocrx_word' id='word_1_396' title='bbox 288 2424 343 2454; x_wconf 85' lang='grc' dir='ltr'>τοῖς</span> <span class='ocrx_word' id='word_1_397' title='bbox 360 2423 515 2458; x_wconf 83' lang='grc' dir='ltr'>ὑφειμένοις</span> <span class='ocrx_word' id='word_1_398' title='bbox 526 2423 624 2454; x_wconf 84' lang='grc' dir='ltr'>ὁλικῶς</span> <span class='ocrx_word' id='word_1_399' title='bbox 641 2422 741 2457; x_wconf 78' lang='grc' dir='ltr'>έχουσι,</span> <span class='ocrx_word' id='word_1_400' title='bbox 758 2421 792 2447; x_wconf 80' lang='grc' dir='ltr'>τά</span> <span class='ocrx_word' id='word_1_401' title='bbox 803 2421 832 2447; x_wconf 74' lang='grc' dir='ltr'><strong>δὲ</strong></span> <span class='ocrx_word' id='word_1_402' title='bbox 850 2421 926 2455; x_wconf 78' lang='grc' dir='ltr'>ὑφει-</span> 
     </span>
    </p>
   </div>
   <div class='ocr_carea' id='block_1_53' title="bbox 137 2465 925 2505">
    <p class='ocr_par' dir='ltr' id='par_1_53' title="bbox 137 2465 925 2505">
     <span class='ocr_line' id='line_1_53' title="bbox 137 2465 925 2505; baseline -0.005 -10"><span class='ocrx_word' id='word_1_403' title='bbox 137 2469 207 2505; x_wconf 83' lang='grc' dir='ltr'>μένα</span> <span class='ocrx_word' id='word_1_404' title='bbox 219 2468 254 2495; x_wconf 81' lang='grc' dir='ltr'>τὰ</span> <span class='ocrx_word' id='word_1_405' title='bbox 268 2468 322 2495; x_wconf 85' lang='grc' dir='ltr'><strong>τῶν</strong></span> <span class='ocrx_word' id='word_1_406' title='bbox 339 2468 544 2505; x_wconf 85' lang='grc' dir='ltr'>ὑπερκειμένων</span> <span class='ocrx_word' id='word_1_407' title='bbox 560 2469 609 2504; x_wconf 78' lang='grc' dir='ltr'><strong>οὐχ</strong></span> <span class='ocrx_word' id='word_1_408' title='bbox 620 2467 716 2499; x_wconf 76' lang='grc' dir='ltr'>ὑλικῶς</span> <span class='ocrx_word' id='word_1_409' title='bbox 728 2468 845 2502; x_wconf 75' lang='grc' dir='ltr'>ἔχουσιν,</span> <span class='ocrx_word' id='word_1_410' title='bbox 858 2465 925 2492; x_wconf 84' lang='grc' dir='ltr'>ἀλλὰ</span> 
     </span>
    </p>
   </div>
   <div class='ocr_carea' id='block_1_54' title="bbox 137 2514 924 2551">
    <p class='ocr_par' dir='ltr' id='par_1_54' title="bbox 137 2514 924 2551">
     <span class='ocr_line' id='line_1_54' title="bbox 137 2514 924 2551; baseline -0.004 -9"><span class='ocrx_word' id='word_1_411' title='bbox 137 2515 269 2551; x_wconf 86' lang='grc' dir='ltr'>μερικῶς.</span> <span class='ocrx_word' id='word_1_412' title='bbox 279 2515 358 2542; x_wconf 78' lang='grc' dir='ltr'>Ὅθεν</span> <span class='ocrx_word' id='word_1_413' title='bbox 370 2515 420 2541; x_wconf 84' lang='grc' dir='ltr'><strong>οὐκ</strong></span> <span class='ocrx_word' id='word_1_414' title='bbox 431 2514 620 2549; x_wconf 82' lang='grc' dir='ltr'>ἀνατρέπομεν</span> <span class='ocrx_word' id='word_1_415' title='bbox 626 2515 675 2550; x_wconf 85' lang='grc' dir='ltr'><strong>τὴν</strong></span> <span class='ocrx_word' id='word_1_416' title='bbox 683 2514 821 2549; x_wconf 83' lang='grc' dir='ltr'>ἡμετέραν</span> <span class='ocrx_word' id='word_1_417' title='bbox 834 2514 924 2539; x_wconf 78' lang='grc' dir='ltr'>ὁπωσ-</span> 
     </span>
    </p>
   </div>
   <div class='ocr_carea' id='block_1_55' title="bbox 135 2560 924 2596">
    <p class='ocr_par' dir='ltr' id='par_1_55' title="bbox 135 2560 924 2596">
     <span class='ocr_line' id='line_1_55' title="bbox 135 2560 924 2596; baseline -0.005 -7"><span class='ocrx_word' id='word_1_418' title='bbox 135 2562 184 2589; x_wconf 82' lang='grc' dir='ltr'>οῦν</span> <span class='ocrx_word' id='word_1_419' title='bbox 198 2561 383 2589; x_wconf 74' lang='grc' dir='ltr'>διδασκαλίανο</span> <span class='ocrx_word' id='word_1_420' title='bbox 401 2561 472 2587; x_wconf 76' lang='grc' dir='ltr'>κατὰ</span> <span class='ocrx_word' id='word_1_421' title='bbox 489 2561 543 2596; x_wconf 79' lang='grc' dir='ltr'>γὰρ</span> <span class='ocrx_word' id='word_1_422' title='bbox 565 2561 610 2587; x_wconf 75' lang='grc' dir='ltr'><strong>τὸν</strong></span> <span class='ocrx_word' id='word_1_423' title='bbox 628 2560 757 2591; x_wconf 87' lang='grc' dir='ltr'>πολλάκις</span> <span class='ocrx_word' id='word_1_424' title='bbox 770 2561 834 2595; x_wconf 75' lang='grc' dir='ltr'>ἡμῖν</span> <span class='ocrx_word' id='word_1_425' title='bbox 856 2560 924 2586; x_wconf 87' lang='grc' dir='ltr'>ἀπο-</span> 
     </span>
    </p>
   </div>
   <div class='ocr_carea' id='block_1_56' title="bbox 135 2604 924 2642">
    <p class='ocr_par' dir='ltr' id='par_1_56' title="bbox 135 2604 924 2642">
     <span class='ocr_line' id='line_1_56' title="bbox 135 2604 924 2642; baseline -0.004 -8"><span class='ocrx_word' id='word_1_426' title='bbox 135 2607 248 2634; x_wconf 87' lang='grc' dir='ltr'>δοθέντα</span> <span class='ocrx_word' id='word_1_427' title='bbox 263 2607 340 2640; x_wconf 80' lang='grc' dir='ltr'>λόγον</span> <span class='ocrx_word' id='word_1_428' title='bbox 354 2607 417 2642; x_wconf 73' lang='grc' dir='ltr'>περὶ</span> <span class='ocrx_word' id='word_1_429' title='bbox 433 2606 533 2638; x_wconf 85' lang='grc' dir='ltr'>αὐτῶν,</span> <span class='ocrx_word' id='word_1_430' title='bbox 551 2607 578 2632; x_wconf 81' lang='grc' dir='ltr'>αἱ</span> <span class='ocrx_word' id='word_1_431' title='bbox 588 2606 636 2641; x_wconf 76' lang='grc' dir='ltr'><strong>μὲν</strong></span> <span class='ocrx_word' id='word_1_432' title='bbox 651 2605 864 2641; x_wconf 74' lang='grc' dir='ltr'>ὑπερϐεϐηκυῖαι</span> <span class='ocrx_word' id='word_1_433' title='bbox 875 2604 924 2636; x_wconf 79' lang='grc' dir='ltr'>τὰς</span> 
     </span>
    </p>
   </div>
   <div class='ocr_carea' id='block_1_57' title="bbox 134 2651 925 2688">
    <p class='ocr_par' dir='ltr' id='par_1_57' title="bbox 134 2651 925 2688">
     <span class='ocr_line' id='line_1_57' title="bbox 134 2651 925 2688; baseline -0.005 -7"><span class='ocrx_word' id='word_1_434' title='bbox 134 2653 191 2681; x_wconf 84' lang='grc' dir='ltr'><strong>τῶν</strong></span> <span class='ocrx_word' id='word_1_435' title='bbox 208 2653 361 2688; x_wconf 79' lang='grc' dir='ltr'>ὑφειμένων</span> <span class='ocrx_word' id='word_1_436' title='bbox 370 2653 475 2688; x_wconf 76' lang='grc' dir='ltr'>ἔχουσιν</span> <span class='ocrx_word' id='word_1_437' title='bbox 490 2652 633 2687; x_wconf 79' lang='grc' dir='ltr'>ἰδιότητας,</span> <span class='ocrx_word' id='word_1_438' title='bbox 648 2652 716 2678; x_wconf 85' lang='grc' dir='ltr'>ἀλλὰ</span> <span class='ocrx_word' id='word_1_439' title='bbox 727 2651 875 2688; x_wconf 81' lang='grc' dir='ltr'>περισσῶς,</span> <span class='ocrx_word' id='word_1_440' title='bbox 887 2651 925 2682; x_wconf 83' lang='grc' dir='ltr'>ὡς</span> 
     </span>
    </p>
   </div>
   <div class='ocr_carea' id='block_1_58' title="bbox 135 2697 924 2733">
    <p class='ocr_par' dir='ltr' id='par_1_58' title="bbox 135 2697 924 2733">
     <span class='ocr_line' id='line_1_58' title="bbox 135 2697 924 2733; baseline -0.004 -7"><span class='ocrx_word' id='word_1_441' title='bbox 135 2700 184 2726; x_wconf 75' lang='grc' dir='ltr'>καὶ</span> <span class='ocrx_word' id='word_1_442' title='bbox 200 2698 279 2725; x_wconf 87' lang='grc' dir='ltr'>πλέον</span> <span class='ocrx_word' id='word_1_443' title='bbox 292 2707 318 2724; x_wconf 90' lang='grc' dir='ltr'><strong>τι</strong></span> <span class='ocrx_word' id='word_1_444' title='bbox 331 2697 450 2733; x_wconf 72' lang='grc' dir='ltr'>ἔχουσαι·</span> <span class='ocrx_word' id='word_1_445' title='bbox 465 2699 491 2724; x_wconf 82' lang='grc' dir='ltr'>αἱ</span> <span class='ocrx_word' id='word_1_446' title='bbox 504 2698 532 2724; x_wconf 81' lang='grc' dir='ltr'><strong>δέ</strong></span> <span class='ocrx_word' id='word_1_447' title='bbox 542 2697 696 2724; x_wconf 85' lang='grc' dir='ltr'>τελευταῖαι</span> <span class='ocrx_word' id='word_1_448' title='bbox 706 2698 755 2729; x_wconf 82' lang='grc' dir='ltr'>τὰς</span> <span class='ocrx_word' id='word_1_449' title='bbox 771 2697 826 2723; x_wconf 88' lang='grc' dir='ltr'><strong>τῶν</strong></span> <span class='ocrx_word' id='word_1_450' title='bbox 840 2697 924 2732; x_wconf 86' lang='grc' dir='ltr'>ὑπερ-</span> 
     </span>
    </p>
   </div>
   <div class='ocr_carea' id='block_1_59' title="bbox 135 2748 925 2785">
    <p class='ocr_par' dir='ltr' id='par_1_59' title="bbox 135 2748 925 2785">
     <span class='ocr_line' id='line_1_59' title="bbox 135 2748 925 2785; baseline -0.003 -9"><span class='ocrx_word' id='word_1_451' title='bbox 135 2749 288 2785; x_wconf 73' lang='grc' dir='ltr'>σεὸηκυιῶν</span> <span class='ocrx_word' id='word_1_452' title='bbox 299 2748 429 2783; x_wconf 84' lang='grc' dir='ltr'>ὸλότητας</span> <span class='ocrx_word' id='word_1_453' title='bbox 444 2748 577 2783; x_wconf 82' lang='grc' dir='ltr'>οὐδαμῶς,</span> <span class='ocrx_word' id='word_1_454' title='bbox 597 2748 717 2783; x_wconf 83' lang='grc' dir='ltr'>μερικῶς</span> <span class='ocrx_word' id='word_1_455' title='bbox 734 2749 762 2775; x_wconf 85' lang='grc' dir='ltr'>δὲ</span> <span class='ocrx_word' id='word_1_456' title='bbox 779 2749 819 2780; x_wconf 77' lang='grc' dir='ltr'>εἰς</span> <span class='ocrx_word' id='word_1_457' title='bbox 840 2748 925 2780; x_wconf 80' lang='grc' dir='ltr'>αὐτὰς</span> 
     </span>
    </p>
   </div>
   <div class='ocr_carea' id='block_1_60' title="bbox 135 2793 924 2831">
    <p class='ocr_par' dir='ltr' id='par_1_60' title="bbox 135 2793 924 2831">
     <span class='ocr_line' id='line_1_60' title="bbox 135 2793 924 2831; baseline -0.003 -8"><span class='ocrx_word' id='word_1_458' title='bbox 135 2797 163 2823; x_wconf 72' lang='grc' dir='ltr'><strong>αἱ</strong></span> <span class='ocrx_word' id='word_1_459' title='bbox 178 2793 365 2831; x_wconf 82' lang='grc' dir='ltr'>πρωτοφανεῖς</span> <span class='ocrx_word' id='word_1_460' title='bbox 381 2793 527 2829; x_wconf 72' lang='grc' dir='ltr'>ἐλλάμψεις</span> <span class='ocrx_word' id='word_1_461' title='bbox 538 2793 582 2820; x_wconf 82' lang='grc' dir='ltr'><strong>διὰ</strong></span> <span class='ocrx_word' id='word_1_462' title='bbox 591 2793 645 2820; x_wconf 88' lang='grc' dir='ltr'><strong>τῶν</strong></span> <span class='ocrx_word' id='word_1_463' title='bbox 663 2794 778 2830; x_wconf 81' lang='grc' dir='ltr'>πρώτων</span> <span class='ocrx_word' id='word_1_464' title='bbox 785 2794 924 2829; x_wconf 84' lang='grc' dir='ltr'>ἀναλόγως</span> 
     </span>
    </p>
   </div>
   <div class='ocr_carea' id='block_1_61' title="bbox 135 2840 923 2877">
    <p class='ocr_par' dir='ltr' id='par_1_61' title="bbox 135 2840 923 2877">
     <span class='ocr_line' id='line_1_61' title="bbox 135 2840 923 2877; baseline 0 -9"><span class='ocrx_word' id='word_1_465' title='bbox 135 2843 190 2873; x_wconf 83' lang='grc' dir='ltr'>τοῖς</span> <span class='ocrx_word' id='word_1_466' title='bbox 207 2842 397 2877; x_wconf 80' lang='grc' dir='ltr'>ὑποκειμένοις</span> <span class='ocrx_word' id='word_1_467' title='bbox 408 2840 659 2876; x_wconf 76' lang='grc' dir='ltr'>διαπορθμεύονται.</span> <span class='ocrx_word' id='word_1_468' title='bbox 673 2842 752 2868; x_wconf 83' lang='grc' dir='ltr'>Δοκεῖ</span> <span class='ocrx_word' id='word_1_469' title='bbox 763 2841 791 2867; x_wconf 87' lang='grc' dir='ltr'><strong>δέ</strong></span> <span class='ocrx_word' id='word_1_470' title='bbox 805 2850 863 2873; x_wconf 84' lang='grc' dir='ltr'><strong>πως</strong></span> <span class='ocrx_word' id='word_1_471' title='bbox 880 2842 923 2868; x_wconf 85' lang='grc' dir='ltr'>ἐν-</span> 
     </span>
    </p>
   </div>
   <div class='ocr_carea' id='block_1_62' title="bbox 136 2887 924 2923">
    <p class='ocr_par' dir='ltr' id='par_1_62' title="bbox 136 2887 924 2923">
     <span class='ocr_line' id='line_1_62' title="bbox 136 2887 924 2923; baseline 0.001 -10"><span class='ocrx_word' id='word_1_472' title='bbox 136 2887 222 2914; x_wconf 76' lang='grc' dir='ltr'>ταῦθα</span> <span class='ocrx_word' id='word_1_473' title='bbox 232 2888 331 2921; x_wconf 84' lang='grc' dir='ltr'>λέγειν,</span> <span class='ocrx_word' id='word_1_474' title='bbox 349 2888 389 2914; x_wconf 71' lang='grc' dir='ltr'>ὅτι</span> <span class='ocrx_word' id='word_1_475' title='bbox 406 2888 465 2915; x_wconf 70' lang='grc' dir='ltr'>κατ’</span> <span class='ocrx_word' id='word_1_476' title='bbox 483 2888 558 2921; x_wconf 75' lang='grc' dir='ltr'>ἀξίαν</span> <span class='ocrx_word' id='word_1_477' title='bbox 576 2889 602 2914; x_wconf 82' lang='grc' dir='ltr'><strong>αἱ</strong></span> <span class='ocrx_word' id='word_1_478' title='bbox 620 2887 762 2921; x_wconf 74' lang='grc' dir='ltr'>ἁγγελικαὶ</span> <span class='ocrx_word' id='word_1_479' title='bbox 775 2887 924 2923; x_wconf 76' lang='grc' dir='ltr'>διακοσμή-</span> 
     </span>
    </p>
   </div>
   <div class='ocr_carea' id='block_1_63' title="bbox 981 265 1769 302">
    <p class='ocr_par' dir='ltr' id='par_1_63' title="bbox 981 265 1769 302">
     <span class='ocr_line' id='line_1_63' title="bbox 981 265 1769 302; baseline 0.001 -10"><span class='ocrx_word' id='word_1_480' title='bbox 981 270 1072 300; x_wconf 83' lang='lat' dir='ltr'><strong>potest</strong></span> <span class='ocrx_word' id='word_1_481' title='bbox 1086 265 1178 293; x_wconf 78' lang='lat' dir='ltr'><strong>facere</strong></span> <span class='ocrx_word' id='word_1_482' title='bbox 1192 273 1359 302; x_wconf 61' lang='lat' dir='ltr'><strong>quaecunque</strong></span> <span class='ocrx_word' id='word_1_483' title='bbox 1373 268 1483 294; x_wconf 93' lang='lat' dir='ltr'><strong>ordines</strong></span> <span class='ocrx_word' id='word_1_484' title='bbox 1497 267 1653 299; x_wconf 83' lang='lat' dir='ltr'><strong>inferiores,</strong></span> <span class='ocrx_word' id='word_1_485' title='bbox 1666 267 1769 294; x_wconf 75' lang='lat' dir='ltr'><strong>scilicet</strong></span> 
     </span>
    </p>
   </div>
   <div class='ocr_carea' id='block_1_64' title="bbox 981 312 1769 348">
    <p class='ocr_par' dir='ltr' id='par_1_64' title="bbox 981 312 1769 348">
     <span class='ocr_line' id='line_1_64' title="bbox 981 312 1769 348; baseline 0 -9"><span class='ocrx_word' id='word_1_486' title='bbox 981 312 1088 339; x_wconf 83' lang='lat' dir='ltr'><strong>diaconi</strong></span> <span class='ocrx_word' id='word_1_487' title='bbox 1109 316 1138 339; x_wconf 91' lang='lat' dir='ltr'><strong>et</strong></span> <span class='ocrx_word' id='word_1_488' title='bbox 1152 317 1296 348; x_wconf 89' lang='lat' dir='ltr'><strong>sequentes</strong></span> <span class='ocrx_word' id='word_1_489' title='bbox 1312 332 1319 345; x_wconf 88' lang='lat'><strong>,</strong></span> <span class='ocrx_word' id='word_1_490' title='bbox 1345 320 1440 340; x_wconf 87' lang='lat' dir='ltr'><strong>verum</strong></span> <span class='ocrx_word' id='word_1_491' title='bbox 1464 321 1516 340; x_wconf 90' lang='lat' dir='ltr'><strong>non</strong></span> <span class='ocrx_word' id='word_1_492' title='bbox 1544 313 1705 347; x_wconf 88' lang='lat' dir='ltr'><strong>permissum</strong></span> <span class='ocrx_word' id='word_1_493' title='bbox 1728 317 1769 340; x_wconf 85' lang='lat' dir='ltr'><strong>est</strong></span> 
     </span>
    </p>
   </div>
   <div class='ocr_carea' id='block_1_65' title="bbox 981 357 1767 392">
    <p class='ocr_par' dir='ltr' id='par_1_65' title="bbox 981 357 1767 392">
     <span class='ocr_line' id='line_1_65' title="bbox 981 357 1767 392; baseline 0 -9"><span class='ocrx_word' id='word_1_494' title='bbox 981 357 1097 384; x_wconf 78' lang='lat' dir='ltr'><strong>diacono</strong></span> <span class='ocrx_word' id='word_1_495' title='bbox 1112 358 1285 384; x_wconf 75' lang='lat' dir='ltr'><strong>sacerdotum</strong></span> <span class='ocrx_word' id='word_1_496' title='bbox 1301 357 1392 385; x_wconf 83' lang='lat' dir='ltr'><strong>munia</strong></span> <span class='ocrx_word' id='word_1_497' title='bbox 1418 365 1562 392; x_wconf 76' lang='lat' dir='ltr'><strong>peragere.</strong></span> <span class='ocrx_word' id='word_1_498' title='bbox 1591 357 1649 385; x_wconf 79' lang='lat' dir='ltr'><strong>Non</strong></span> <span class='ocrx_word' id='word_1_499' title='bbox 1676 357 1767 391; x_wconf 93' lang='lat' dir='ltr'><strong>itaque</strong></span> 
     </span>
    </p>
   </div>
   <div class='ocr_carea' id='block_1_66' title="bbox 980 402 1769 438">
    <p class='ocr_par' dir='ltr' id='par_1_66' title="bbox 980 402 1769 438">
     <span class='ocr_line' id='line_1_66' title="bbox 980 402 1769 438; baseline 0 -9"><span class='ocrx_word' id='word_1_500' title='bbox 980 402 1083 429; x_wconf 85' lang='lat' dir='ltr'><strong>idcirco</strong></span> <span class='ocrx_word' id='word_1_501' title='bbox 1097 403 1160 437; x_wconf 90' lang='lat' dir='ltr'><strong>quis</strong></span> <span class='ocrx_word' id='word_1_502' title='bbox 1171 402 1329 435; x_wconf 75' lang='lat' dir='ltr'><strong>existimet,</strong></span> <span class='ocrx_word' id='word_1_503' title='bbox 1356 411 1452 431; x_wconf 90' lang='lat' dir='ltr'><strong>omnes</strong></span> <span class='ocrx_word' id='word_1_504' title='bbox 1475 404 1611 438; x_wconf 83' lang='lat' dir='ltr'><strong>angelieas</strong></span> <span class='ocrx_word' id='word_1_505' title='bbox 1633 403 1769 432; x_wconf 80' lang='lat' dir='ltr'><strong>essentias</strong></span> 
     </span>
    </p>
   </div>
   <div class='ocr_carea' id='block_1_67' title="bbox 980 448 1765 484">
    <p class='ocr_par' dir='ltr' id='par_1_67' title="bbox 980 448 1765 484">
     <span class='ocr_line' id='line_1_67' title="bbox 980 448 1765 484; baseline 0.004 -11"><span class='ocrx_word' id='word_1_506' title='bbox 980 448 1097 475; x_wconf 88' lang='lat' dir='ltr'><strong>virtutes</strong></span> <span class='ocrx_word' id='word_1_507' title='bbox 1114 449 1256 483; x_wconf 85' lang='lat' dir='ltr'><strong>appellari,</strong></span> <span class='ocrx_word' id='word_1_508' title='bbox 1277 449 1348 484; x_wconf 88' lang='lat' dir='ltr'><strong>quod</strong></span> <span class='ocrx_word' id='word_1_509' title='bbox 1371 450 1442 477; x_wconf 81' lang='lat' dir='ltr'><strong>forte</strong></span> <span class='ocrx_word' id='word_1_510' title='bbox 1463 450 1578 477; x_wconf 85' lang='lat' dir='ltr'><strong>virtutes</strong></span> <span class='ocrx_word' id='word_1_511' title='bbox 1598 449 1687 477; x_wconf 91' lang='lat' dir='ltr'><strong>ultimi</strong></span> <span class='ocrx_word' id='word_1_512' title='bbox 1711 449 1765 476; x_wconf 86' lang='lat' dir='ltr'><strong>sint</strong></span> 
     </span>
    </p>
   </div>
   <div class='ocr_carea' id='block_1_68' title="bbox 980 493 1768 530">
    <p class='ocr_par' dir='ltr' id='par_1_68' title="bbox 980 493 1768 530">
     <span class='ocr_line' id='line_1_68' title="bbox 980 493 1768 530; baseline 0.003 -10"><span class='ocrx_word' id='word_1_513' title='bbox 980 493 1104 522; x_wconf 81' lang='lat' dir='ltr'><strong>ordinis;</strong></span> <span class='ocrx_word' id='word_1_514' title='bbox 1122 502 1184 521; x_wconf 86' lang='lat' dir='ltr'><strong>nam</strong></span> <span class='ocrx_word' id='word_1_515' title='bbox 1208 494 1319 529; x_wconf 84' lang='lat' dir='ltr'><strong>angeli,</strong></span> <span class='ocrx_word' id='word_1_516' title='bbox 1341 499 1369 522; x_wconf 91' lang='lat' dir='ltr'><strong>et</strong></span> <span class='ocrx_word' id='word_1_517' title='bbox 1396 499 1459 522; x_wconf 89' lang='lat' dir='ltr'><strong>ante</strong></span> <span class='ocrx_word' id='word_1_518' title='bbox 1485 494 1535 522; x_wconf 90' lang='lat' dir='ltr'><strong>hos</strong></span> <span class='ocrx_word' id='word_1_519' title='bbox 1560 495 1716 530; x_wconf 79' lang='lat' dir='ltr'><strong>archangeli</strong></span> <span class='ocrx_word' id='word_1_520' title='bbox 1739 499 1768 522; x_wconf 85' lang='lat' dir='ltr'><strong>et</strong></span> 
     </span>
    </p>
   </div>
   <div class='ocr_carea' id='block_1_69' title="bbox 981 540 1768 576">
    <p class='ocr_par' dir='ltr' id='par_1_69' title="bbox 981 540 1768 576">
     <span class='ocr_line' id='line_1_69' title="bbox 981 540 1768 576; baseline 0.005 -10"><span class='ocrx_word' id='word_1_521' title='bbox 981 540 1169 575; x_wconf 79' lang='lat' dir='ltr'><strong>principatus,</strong></span> <span class='ocrx_word' id='word_1_522' title='bbox 1199 547 1282 576; x_wconf 88' lang='lat' dir='ltr'><strong>atque</strong></span> <span class='ocrx_word' id='word_1_523' title='bbox 1310 542 1421 576; x_wconf 92' lang='lat' dir='ltr'><strong>insuper</strong></span> <span class='ocrx_word' id='word_1_524' title='bbox 1447 542 1473 569; x_wconf 88' lang='lat' dir='ltr'><strong>in</strong></span> <span class='ocrx_word' id='word_1_525' title='bbox 1501 542 1621 570; x_wconf 85' lang='lat' dir='ltr'><strong>secundo</strong></span> <span class='ocrx_word' id='word_1_526' title='bbox 1648 543 1768 570; x_wconf 75' lang='lat' dir='ltr'><strong>ternario</strong></span> 
     </span>
    </p>
   </div>
   <div class='ocr_carea' id='block_1_70' title="bbox 980 588 1767 624">
    <p class='ocr_par' dir='ltr' id='par_1_70' title="bbox 980 588 1767 624">
     <span class='ocr_line' id='line_1_70' title="bbox 980 588 1767 624; baseline 0.001 -11"><span class='ocrx_word' id='word_1_527' title='bbox 980 592 1141 620; x_wconf 78' lang='lat' dir='ltr'><strong>potestates,</strong></span> <span class='ocrx_word' id='word_1_528' title='bbox 1157 592 1216 622; x_wconf 74' lang='lat' dir='ltr'><strong>post</strong></span> <span class='ocrx_word' id='word_1_529' title='bbox 1229 588 1344 616; x_wconf 89' lang='lat' dir='ltr'><strong>virtutes</strong></span> <span class='ocrx_word' id='word_1_530' title='bbox 1369 596 1384 614; x_wconf 90' lang='lat' dir='ltr'><strong>a</strong></span> <span class='ocrx_word' id='word_1_531' title='bbox 1410 588 1546 624; x_wconf 79' lang='lat' dir='ltr'><strong>theologia</strong></span> <span class='ocrx_word' id='word_1_532' title='bbox 1572 589 1767 624; x_wconf 79' lang='lat' dir='ltr'><strong>colloCautur;</strong></span> 
     </span>
    </p>
   </div>
   <div class='ocr_carea' id='block_1_71' title="bbox 980 634 1767 670">
    <p class='ocr_par' dir='ltr' id='par_1_71' title="bbox 980 634 1767 670">
     <span class='ocr_line' id='line_1_71' title="bbox 980 634 1767 670; baseline 0.008 -11"><span class='ocrx_word' id='word_1_533' title='bbox 980 638 1101 660; x_wconf 85' lang='lat' dir='ltr'><strong>attamen</strong></span> <span class='ocrx_word' id='word_1_534' title='bbox 1118 634 1145 661; x_wconf 93' lang='lat' dir='ltr'><strong>in</strong></span> <span class='ocrx_word' id='word_1_535' title='bbox 1159 635 1298 662; x_wconf 90' lang='lat' dir='ltr'><strong>communi</strong></span> <span class='ocrx_word' id='word_1_536' title='bbox 1317 634 1399 662; x_wconf 90' lang='lat' dir='ltr'><strong>etiam</strong></span> <span class='ocrx_word' id='word_1_537' title='bbox 1426 634 1453 662; x_wconf 92' lang='lat' dir='ltr'><strong>hi</strong></span> <span class='ocrx_word' id='word_1_538' title='bbox 1478 635 1589 663; x_wconf 81' lang='lat' dir='ltr'><strong>ordines</strong></span> <span class='ocrx_word' id='word_1_539' title='bbox 1612 635 1767 670; x_wconf 79' lang='lat' dir='ltr'><strong>inferiores,</strong></span> 
     </span>
    </p>
   </div>
   <div class='ocr_carea' id='block_1_72' title="bbox 980 678 1293 714">
    <p class='ocr_par' dir='ltr' id='par_1_72' title="bbox 980 678 1293 714">
     <span class='ocr_line' id='line_1_72' title="bbox 980 678 1293 714; baseline 0.01 -9"><span class='ocrx_word' id='word_1_540' title='bbox 980 678 1095 706; x_wconf 83' lang='lat' dir='ltr'><strong>\irtutes</strong></span> <span class='ocrx_word' id='word_1_541' title='bbox 1109 680 1293 714; x_wconf 84' lang='lat' dir='ltr'><strong>appellantur.</strong></span> 
     </span>
    </p>
   </div>
   <div class='ocr_carea' id='block_1_73' title="bbox 1016 723 1768 760">
    <p class='ocr_par' dir='ltr' id='par_1_73' title="bbox 1016 723 1768 760">
     <span class='ocr_line' id='line_1_73' title="bbox 1016 723 1768 760; baseline 0.007 -10"><span class='ocrx_word' id='word_1_542' title='bbox 1016 723 1073 759; x_wconf 85' lang='lat' dir='ltr'><strong>§ll.</strong></span> <span class='ocrx_word' id='word_1_543' title='bbox 1094 725 1213 752; x_wconf 86' lang='lat' dir='ltr'><strong>Dicimus</strong></span> <span class='ocrx_word' id='word_1_544' title='bbox 1225 725 1318 760; x_wconf 79' lang='lat' dir='ltr'><strong>itaque</strong></span> <span class='ocrx_word' id='word_1_545' title='bbox 1337 733 1386 753; x_wconf 86' lang='lat' dir='ltr'><strong>nos</strong></span> <span class='ocrx_word' id='word_1_546' title='bbox 1399 745 1406 758; x_wconf 86' lang='lat'><strong>,</strong></span> <span class='ocrx_word' id='word_1_547' title='bbox 1422 733 1482 752; x_wconf 91' lang='lat' dir='ltr'><strong>cum</strong></span> <span class='ocrx_word' id='word_1_548' title='bbox 1501 727 1637 754; x_wconf 82' lang='lat' dir='ltr'><strong>communi</strong></span> <span class='ocrx_word' id='word_1_549' title='bbox 1658 728 1768 755; x_wconf 77' lang='lat' dir='ltr'><strong>virtutis</strong></span> 
     </span>
    </p>
   </div>
   <div class='ocr_carea' id='block_1_74' title="bbox 980 770 1766 803">
    <p class='ocr_par' dir='ltr' id='par_1_74' title="bbox 980 770 1766 803">
     <span class='ocr_line' id='line_1_74' title="bbox 980 770 1766 803; baseline 0.008 -7"><span class='ocrx_word' id='word_1_550' title='bbox 980 770 1088 796; x_wconf 87' lang='lat' dir='ltr'><strong>nomine</strong></span> <span class='ocrx_word' id='word_1_551' title='bbox 1116 770 1143 797; x_wconf 93' lang='lat' dir='ltr'><strong>in</strong></span> <span class='ocrx_word' id='word_1_552' title='bbox 1170 771 1299 798; x_wconf 88' lang='lat' dir='ltr'><strong>omnibus</strong></span> <span class='ocrx_word' id='word_1_553' title='bbox 1330 771 1453 803; x_wconf 91' lang='lat' dir='ltr'><strong>utimur,</strong></span> <span class='ocrx_word' id='word_1_554' title='bbox 1483 771 1585 798; x_wconf 89' lang='lat' dir='ltr'><strong>nullam</strong></span> <span class='ocrx_word' id='word_1_555' title='bbox 1628 774 1766 802; x_wconf 76' lang='lat' dir='ltr'><strong>confusio—</strong></span> 
     </span>
    </p>
   </div>
   <div class='ocr_carea' id='block_1_75' title="bbox 981 815 1766 851">
    <p class='ocr_par' dir='ltr' id='par_1_75' title="bbox 981 815 1766 851">
     <span class='ocr_line' id='line_1_75' title="bbox 981 815 1766 851; baseline 0.01 -10"><span class='ocrx_word' id='word_1_556' title='bbox 981 823 1043 842; x_wconf 86' lang='lat' dir='ltr'><strong>nem</strong></span> <span class='ocrx_word' id='word_1_557' title='bbox 1069 815 1174 842; x_wconf 84' lang='lat' dir='ltr'><strong>ordinis</strong></span> <span class='ocrx_word' id='word_1_558' title='bbox 1207 816 1369 851; x_wconf 90' lang='lat' dir='ltr'><strong>cujusquam</strong></span> <span class='ocrx_word' id='word_1_559' title='bbox 1411 816 1604 851; x_wconf 86' lang='lat' dir='ltr'><strong>introducere,</strong></span> <span class='ocrx_word' id='word_1_560' title='bbox 1634 824 1663 846; x_wconf 93' lang='lat' dir='ltr'><strong>ut</strong></span> <span class='ocrx_word' id='word_1_561' title='bbox 1690 821 1766 849; x_wconf 83' lang='lat' dir='ltr'><strong>verbi</strong></span> 
     </span>
    </p>
   </div>
   <div class='ocr_carea' id='block_1_76' title="bbox 979 860 1766 900">
    <p class='ocr_par' dir='ltr' id='par_1_76' title="bbox 979 860 1766 900">
     <span class='ocr_line' id='line_1_76' title="bbox 979 860 1766 900; baseline 0.009 -14"><span class='ocrx_word' id='word_1_562' title='bbox 979 860 1086 895; x_wconf 82' lang='lat' dir='ltr'><strong>gratia,</strong></span> <span class='ocrx_word' id='word_1_563' title='bbox 1114 861 1193 888; x_wconf 93' lang='lat' dir='ltr'><strong>modo</strong></span> <span class='ocrx_word' id='word_1_564' title='bbox 1232 862 1340 896; x_wconf 86' lang='lat' dir='ltr'><strong>quidem</strong></span> <span class='ocrx_word' id='word_1_565' title='bbox 1378 863 1488 897; x_wconf 88' lang='lat' dir='ltr'><strong>proprie</strong></span> <span class='ocrx_word' id='word_1_566' title='bbox 1523 863 1639 892; x_wconf 83' lang='lat' dir='ltr'><strong>virtutes</strong></span> <span class='ocrx_word' id='word_1_567' title='bbox 1672 867 1766 900; x_wconf 88' lang='lat' dir='ltr'><strong>appel-</strong></span> 
     </span>
    </p>
   </div>
   <div class='ocr_carea' id='block_1_77' title="bbox 942 897 1767 941">
    <p class='ocr_par' dir='ltr' id='par_1_77' title="bbox 942 897 1767 941">
     <span class='ocr_line' id='line_1_77' title="bbox 942 897 1767 941; baseline 0.006 -9"><span class='ocrx_word' id='word_1_568' title='bbox 942 897 963 925; x_wconf 78' lang='grc' dir='ltr'>Β</span> <span class='ocrx_word' id='word_1_569' title='bbox 978 905 1065 933; x_wconf 90' lang='lat' dir='ltr'><strong>lemus</strong></span> <span class='ocrx_word' id='word_1_570' title='bbox 1090 905 1168 941; x_wconf 82' lang='lat'><strong>105</strong></span> <span class='ocrx_word' id='word_1_571' title='bbox 1199 914 1245 934; x_wconf 90' lang='lat' dir='ltr'><strong>eas</strong></span> <span class='ocrx_word' id='word_1_572' title='bbox 1258 914 1319 941; x_wconf 73' lang='lat' dir='ltr'><strong>qua:</strong></span> <span class='ocrx_word' id='word_1_573' title='bbox 1334 907 1361 934; x_wconf 92' lang='lat' dir='ltr'><strong>in</strong></span> <span class='ocrx_word' id='word_1_574' title='bbox 1377 909 1497 936; x_wconf 85' lang='lat' dir='ltr'><strong>secundo</strong></span> <span class='ocrx_word' id='word_1_575' title='bbox 1521 909 1618 936; x_wconf 88' lang='lat' dir='ltr'><strong>ordine</strong></span> <span class='ocrx_word' id='word_1_576' title='bbox 1641 897 1767 938; x_wconf 62' lang='lat' dir='ltr'><strong>secundm</strong></span> 
     </span>
    </p>
   </div>
   <div class='ocr_carea' id='block_1_78' title="bbox 978 953 1764 985">
    <p class='ocr_par' dir='ltr' id='par_1_78' title="bbox 978 953 1764 985">
     <span class='ocr_line' id='line_1_78' title="bbox 978 953 1764 985; baseline 0.009 -7"><span class='ocrx_word' id='word_1_577' title='bbox 978 956 1052 983; x_wconf 85' lang='lat' dir='ltr'><strong>sunt,</strong></span> <span class='ocrx_word' id='word_1_578' title='bbox 1065 953 1147 980; x_wconf 85' lang='lat' dir='ltr'><strong>modo</strong></span> <span class='ocrx_word' id='word_1_579' title='bbox 1160 959 1225 980; x_wconf 87' lang='lat' dir='ltr'><strong>vero</strong></span> <span class='ocrx_word' id='word_1_580' title='bbox 1247 960 1341 981; x_wconf 87' lang='lat' dir='ltr'><strong>omnes</strong></span> <span class='ocrx_word' id='word_1_581' title='bbox 1363 953 1473 982; x_wconf 83' lang='lat' dir='ltr'><strong>ordines</strong></span> <span class='ocrx_word' id='word_1_582' title='bbox 1497 955 1645 983; x_wconf 74' lang='lat' dir='ltr'><strong>ctelestes:</strong></span> <span class='ocrx_word' id='word_1_583' title='bbox 1670 964 1764 985; x_wconf 88' lang='lat' dir='ltr'><strong>verum</strong></span> 
     </span>
    </p>
   </div>
   <div class='ocr_carea' id='block_1_79' title="bbox 978 999 1765 1036">
    <p class='ocr_par' dir='ltr' id='par_1_79' title="bbox 978 999 1765 1036">
     <span class='ocr_line' id='line_1_79' title="bbox 978 999 1765 1036; baseline 0.006 -11"><span class='ocrx_word' id='word_1_584' title='bbox 978 999 1029 1026; x_wconf 89' lang='lat' dir='ltr'><strong>hoc</strong></span> <span class='ocrx_word' id='word_1_585' title='bbox 1045 1007 1145 1026; x_wconf 89' lang='lat' dir='ltr'><strong>nomen</strong></span> <span class='ocrx_word' id='word_1_586' title='bbox 1168 999 1278 1027; x_wconf 87' lang='lat' dir='ltr'><strong>virtutis</strong></span> <span class='ocrx_word' id='word_1_587' title='bbox 1291 1004 1334 1028; x_wconf 86' lang='lat' dir='ltr'><strong>est</strong></span> <span class='ocrx_word' id='word_1_588' title='bbox 1347 1001 1537 1036; x_wconf 74' lang='lat' dir='ltr'><strong>aequivocum;</strong></span> <span class='ocrx_word' id='word_1_589' title='bbox 1553 1010 1615 1029; x_wconf 90' lang='lat' dir='ltr'><strong>nam</strong></span> <span class='ocrx_word' id='word_1_590' title='bbox 1631 1007 1685 1030; x_wconf 87' lang='lat' dir='ltr'><strong>tam</strong></span> <span class='ocrx_word' id='word_1_591' title='bbox 1698 1005 1765 1031; x_wconf 84' lang='lat' dir='ltr'><strong>ordo</strong></span> 
     </span>
    </p>
   </div>
   <div class='ocr_carea' id='block_1_80' title="bbox 977 1044 1763 1080">
    <p class='ocr_par' dir='ltr' id='par_1_80' title="bbox 977 1044 1763 1080">
     <span class='ocr_line' id='line_1_80' title="bbox 977 1044 1763 1080; baseline 0.005 -9"><span class='ocrx_word' id='word_1_592' title='bbox 977 1044 1103 1079; x_wconf 87' lang='lat' dir='ltr'><strong>propritts</strong></span> <span class='ocrx_word' id='word_1_593' title='bbox 1118 1052 1202 1080; x_wconf 85' lang='lat' dir='ltr'><strong>quam</strong></span> <span class='ocrx_word' id='word_1_594' title='bbox 1221 1045 1248 1072; x_wconf 91' lang='lat' dir='ltr'><strong>in</strong></span> <span class='ocrx_word' id='word_1_595' title='bbox 1267 1045 1408 1073; x_wconf 90' lang='lat' dir='ltr'><strong>communi</strong></span> <span class='ocrx_word' id='word_1_596' title='bbox 1424 1053 1520 1074; x_wconf 88' lang='lat' dir='ltr'><strong>omnes</strong></span> <span class='ocrx_word' id='word_1_597' title='bbox 1533 1047 1643 1075; x_wconf 86' lang='lat' dir='ltr'><strong>ordines</strong></span> <span class='ocrx_word' id='word_1_598' title='bbox 1659 1048 1695 1075; x_wconf 86' lang='lat' dir='ltr'><strong>ita</strong></span> <span class='ocrx_word' id='word_1_599' title='bbox 1713 1056 1763 1075; x_wconf 91' lang='lat' dir='ltr'><strong>no-</strong></span> 
     </span>
    </p>
   </div>
   <div class='ocr_carea' id='block_1_81' title="bbox 978 1090 1765 1129">
    <p class='ocr_par' dir='ltr' id='par_1_81' title="bbox 978 1090 1765 1129">
     <span class='ocr_line' id='line_1_81' title="bbox 978 1090 1765 1129; baseline 0.008 -13"><span class='ocrx_word' id='word_1_600' title='bbox 978 1090 1126 1123; x_wconf 83' lang='lat' dir='ltr'><strong>minantur,</strong></span> <span class='ocrx_word' id='word_1_601' title='bbox 1140 1095 1234 1125; x_wconf 90' lang='lat' dir='ltr'><strong>utpote</strong></span> <span class='ocrx_word' id='word_1_602' title='bbox 1245 1091 1335 1125; x_wconf 86' lang='lat' dir='ltr'><strong>aliqua</strong></span> <span class='ocrx_word' id='word_1_603' title='bbox 1348 1091 1452 1119; x_wconf 85' lang='lat' dir='ltr'><strong>virtute</strong></span> <span class='ocrx_word' id='word_1_604' title='bbox 1464 1092 1580 1126; x_wconf 76' lang='lat' dir='ltr'><strong>pra-diti.</strong></span> <span class='ocrx_word' id='word_1_605' title='bbox 1592 1093 1659 1120; x_wconf 87' lang='lat' dir='ltr'><strong>Cum</strong></span> <span class='ocrx_word' id='word_1_606' title='bbox 1674 1094 1765 1129; x_wconf 86' lang='lat' dir='ltr'><strong>itaque</strong></span> 
     </span>
    </p>
   </div>
   <div class='ocr_carea' id='block_1_82' title="bbox 976 1136 1764 1175">
    <p class='ocr_par' dir='ltr' id='par_1_82' title="bbox 976 1136 1764 1175">
     <span class='ocr_line' id='line_1_82' title="bbox 976 1136 1764 1175; baseline 0.006 -13"><span class='ocrx_word' id='word_1_607' title='bbox 976 1143 1026 1170; x_wconf 91' lang='lat' dir='ltr'><strong>pro</strong></span> <span class='ocrx_word' id='word_1_608' title='bbox 1042 1136 1152 1163; x_wconf 84' lang='lat' dir='ltr'><strong>sublimi</strong></span> <span class='ocrx_word' id='word_1_609' title='bbox 1169 1145 1216 1164; x_wconf 87' lang='lat' dir='ltr'><strong>sua</strong></span> <span class='ocrx_word' id='word_1_610' title='bbox 1234 1138 1341 1166; x_wconf 87' lang='lat' dir='ltr'><strong>ratione</strong></span> <span class='ocrx_word' id='word_1_611' title='bbox 1366 1138 1392 1165; x_wconf 95' lang='lat' dir='ltr'><strong>in</strong></span> <span class='ocrx_word' id='word_1_612' title='bbox 1422 1138 1474 1165; x_wconf 89' lang='lat' dir='ltr'><strong>tria</strong></span> <span class='ocrx_word' id='word_1_613' title='bbox 1499 1138 1667 1172; x_wconf 87' lang='lat' dir='ltr'><strong>dividantur,</strong></span> <span class='ocrx_word' id='word_1_614' title='bbox 1684 1139 1764 1175; x_wconf 87' lang='lat' dir='ltr'><strong>(nam</strong></span> 
     </span>
    </p>
   </div>
   <div class='ocr_carea' id='block_1_83' title="bbox 976 1182 1764 1220">
    <p class='ocr_par' dir='ltr' id='par_1_83' title="bbox 976 1182 1764 1220">
     <span class='ocr_line' id='line_1_83' title="bbox 976 1182 1764 1220; baseline 0.006 -11"><span class='ocrx_word' id='word_1_615' title='bbox 976 1182 1103 1209; x_wconf 82' lang='lat' dir='ltr'><strong>sublimia</strong></span> <span class='ocrx_word' id='word_1_616' title='bbox 1128 1183 1284 1210; x_wconf 87' lang='lat' dir='ltr'><strong>sublimiter</strong></span> <span class='ocrx_word' id='word_1_617' title='bbox 1299 1189 1327 1211; x_wconf 89' lang='lat' dir='ltr'><strong>et</strong></span> <span class='ocrx_word' id='word_1_618' title='bbox 1348 1184 1570 1218; x_wconf 86' lang='lat' dir='ltr'><strong>supermundalia</strong></span> <span class='ocrx_word' id='word_1_619' title='bbox 1597 1193 1764 1220; x_wconf 84' lang='lat' dir='ltr'><strong>supramun-</strong></span> 
     </span>
    </p>
   </div>
   <div class='ocr_carea' id='block_1_84' title="bbox 976 1228 1764 1265">
    <p class='ocr_par' dir='ltr' id='par_1_84' title="bbox 976 1228 1764 1265">
     <span class='ocr_line' id='line_1_84' title="bbox 976 1228 1764 1265; baseline 0.004 -10"><span class='ocrx_word' id='word_1_620' title='bbox 976 1228 1085 1255; x_wconf 83' lang='lat' dir='ltr'><strong>dialiter</strong></span> <span class='ocrx_word' id='word_1_621' title='bbox 1099 1229 1228 1263; x_wconf 86' lang='lat' dir='ltr'><strong>distingui</strong></span> <span class='ocrx_word' id='word_1_622' title='bbox 1244 1228 1362 1265; x_wconf 91' lang='lat' dir='ltr'><strong>debent)</strong></span> <span class='ocrx_word' id='word_1_623' title='bbox 1377 1231 1536 1257; x_wconf 87' lang='lat' dir='ltr'><strong>dividuntur</strong></span> <span class='ocrx_word' id='word_1_624' title='bbox 1550 1250 1557 1263; x_wconf 89' lang='lat'><strong>,</strong></span> <span class='ocrx_word' id='word_1_625' title='bbox 1573 1231 1683 1265; x_wconf 89' lang='lat' dir='ltr'><strong>inquam</strong></span> <span class='ocrx_word' id='word_1_626' title='bbox 1696 1251 1704 1264; x_wconf 94' lang='lat'><strong>,</strong></span> <span class='ocrx_word' id='word_1_627' title='bbox 1720 1231 1764 1258; x_wconf 86' lang='lat' dir='ltr'><strong>di-</strong></span> 
     </span>
    </p>
   </div>
   <div class='ocr_carea' id='block_1_85' title="bbox 975 1277 1764 1313">
    <p class='ocr_par' dir='ltr' id='par_1_85' title="bbox 975 1277 1764 1313">
     <span class='ocr_line' id='line_1_85' title="bbox 975 1277 1764 1313; baseline 0.004 -10"><span class='ocrx_word' id='word_1_628' title='bbox 975 1277 1046 1304; x_wconf 87' lang='lat' dir='ltr'><strong>viuae</strong></span> <span class='ocrx_word' id='word_1_629' title='bbox 1059 1281 1166 1304; x_wconf 85' lang='lat' dir='ltr'><strong>mentes</strong></span> <span class='ocrx_word' id='word_1_630' title='bbox 1197 1277 1224 1304; x_wconf 94' lang='lat' dir='ltr'><strong>in</strong></span> <span class='ocrx_word' id='word_1_631' title='bbox 1251 1278 1409 1310; x_wconf 80' lang='lat' dir='ltr'><strong>essentiam,</strong></span> <span class='ocrx_word' id='word_1_632' title='bbox 1425 1278 1452 1305; x_wconf 89' lang='lat' dir='ltr'><strong>in</strong></span> <span class='ocrx_word' id='word_1_633' title='bbox 1468 1278 1609 1311; x_wconf 84' lang='lat' dir='ltr'><strong>virtutem,</strong></span> <span class='ocrx_word' id='word_1_634' title='bbox 1624 1283 1652 1306; x_wconf 91' lang='lat' dir='ltr'><strong>et</strong></span> <span class='ocrx_word' id='word_1_635' title='bbox 1666 1286 1764 1313; x_wconf 88' lang='lat' dir='ltr'><strong>opera-</strong></span> 
     </span>
    </p>
   </div>
   <div class='ocr_carea' id='block_1_86' title="bbox 977 1323 1765 1360">
    <p class='ocr_par' dir='ltr' id='par_1_86' title="bbox 977 1323 1765 1360">
     <span class='ocr_line' id='line_1_86' title="bbox 977 1323 1765 1360; baseline 0.003 -10"><span class='ocrx_word' id='word_1_636' title='bbox 977 1323 1095 1356; x_wconf 84' lang='lat' dir='ltr'><strong>tionem;</strong></span> <span class='ocrx_word' id='word_1_637' title='bbox 1114 1323 1151 1350; x_wconf 90' lang='lat' dir='ltr'><strong>ita</strong></span> <span class='ocrx_word' id='word_1_638' title='bbox 1171 1327 1211 1354; x_wconf 86' lang='lat' dir='ltr'><strong>ut,</strong></span> <span class='ocrx_word' id='word_1_639' title='bbox 1226 1324 1342 1358; x_wconf 79' lang='lat' dir='ltr'><strong>exempli</strong></span> <span class='ocrx_word' id='word_1_640' title='bbox 1358 1324 1456 1359; x_wconf 85' lang='lat' dir='ltr'><strong>gratia,</strong></span> <span class='ocrx_word' id='word_1_641' title='bbox 1473 1326 1591 1352; x_wconf 84' lang='lat' dir='ltr'><strong>essentia</strong></span> <span class='ocrx_word' id='word_1_642' title='bbox 1603 1325 1712 1360; x_wconf 88' lang='lat' dir='ltr'><strong>quidem</strong></span> <span class='ocrx_word' id='word_1_643' title='bbox 1729 1326 1765 1353; x_wconf 87' lang='lat' dir='ltr'><strong>sit</strong></span> 
     </span>
    </p>
   </div>
   <div class='ocr_carea' id='block_1_87' title="bbox 977 1369 1763 1405">
    <p class='ocr_par' dir='ltr' id='par_1_87' title="bbox 977 1369 1763 1405">
     <span class='ocr_line' id='line_1_87' title="bbox 977 1369 1763 1405; baseline 0.001 -8"><span class='ocrx_word' id='word_1_644' title='bbox 977 1375 1074 1397; x_wconf 82' lang='lat' dir='ltr'><strong>natura</strong></span> <span class='ocrx_word' id='word_1_645' title='bbox 1086 1369 1171 1405; x_wconf 85' lang='lat' dir='ltr'><strong>ignis,</strong></span> <span class='ocrx_word' id='word_1_646' title='bbox 1187 1371 1273 1397; x_wconf 90' lang='lat' dir='ltr'><strong>virtus</strong></span> <span class='ocrx_word' id='word_1_647' title='bbox 1286 1377 1352 1397; x_wconf 86' lang='lat' dir='ltr'><strong>vero</strong></span> <span class='ocrx_word' id='word_1_648' title='bbox 1369 1371 1410 1398; x_wconf 91' lang='lat' dir='ltr'><strong>vis</strong></span> <span class='ocrx_word' id='word_1_649' title='bbox 1424 1371 1597 1398; x_wconf 88' lang='lat' dir='ltr'><strong>illuminaudi</strong></span> <span class='ocrx_word' id='word_1_650' title='bbox 1613 1376 1641 1398; x_wconf 87' lang='lat' dir='ltr'><strong>et</strong></span> <span class='ocrx_word' id='word_1_651' title='bbox 1656 1372 1763 1405; x_wconf 90' lang='lat' dir='ltr'><strong>urendi,</strong></span> 
     </span>
    </p>
   </div>
   <div class='ocr_carea' id='block_1_88' title="bbox 976 1416 1764 1452">
    <p class='ocr_par' dir='ltr' id='par_1_88' title="bbox 976 1416 1764 1452">
     <span class='ocr_line' id='line_1_88' title="bbox 976 1416 1764 1452; baseline 0.003 -10"><span class='ocrx_word' id='word_1_652' title='bbox 976 1416 1099 1450; x_wconf 83' lang='lat' dir='ltr'><strong>operatio</strong></span> <span class='ocrx_word' id='word_1_653' title='bbox 1114 1416 1232 1450; x_wconf 87' lang='lat' dir='ltr'><strong>denique</strong></span> <span class='ocrx_word' id='word_1_654' title='bbox 1248 1416 1358 1443; x_wconf 84' lang='lat' dir='ltr'><strong>virtutis</strong></span> <span class='ocrx_word' id='word_1_655' title='bbox 1374 1416 1616 1451; x_wconf 89' lang='lat' dir='ltr'><strong>complementum,</strong></span> <span class='ocrx_word' id='word_1_656' title='bbox 1631 1417 1710 1452; x_wconf 81' lang='lat' dir='ltr'><strong>quale</strong></span> <span class='ocrx_word' id='word_1_657' title='bbox 1721 1423 1764 1444; x_wconf 79' lang='lat' dir='ltr'><strong>est</strong></span> 
     </span>
    </p>
   </div>
   <div class='ocr_carea' id='block_1_89' title="bbox 976 1462 1764 1497">
    <p class='ocr_par' dir='ltr' id='par_1_89' title="bbox 976 1462 1764 1497">
     <span class='ocr_line' id='line_1_89' title="bbox 976 1462 1764 1497; baseline 0.003 -8"><span class='ocrx_word' id='word_1_658' title='bbox 976 1462 1131 1489; x_wconf 86' lang='lat' dir='ltr'><strong>illuminare</strong></span> <span class='ocrx_word' id='word_1_659' title='bbox 1145 1467 1172 1489; x_wconf 88' lang='lat' dir='ltr'><strong>et</strong></span> <span class='ocrx_word' id='word_1_660' title='bbox 1187 1469 1277 1489; x_wconf 90' lang='lat' dir='ltr'><strong>urere.</strong></span> <span class='ocrx_word' id='word_1_661' title='bbox 1291 1462 1359 1490; x_wconf 89' lang='lat' dir='ltr'><strong>Cum</strong></span> <span class='ocrx_word' id='word_1_662' title='bbox 1376 1462 1467 1497; x_wconf 86' lang='lat' dir='ltr'><strong>itaque</strong></span> <span class='ocrx_word' id='word_1_663' title='bbox 1482 1470 1669 1496; x_wconf 68' lang='lat' dir='ltr'><strong>saepenumero</strong></span> <span class='ocrx_word' id='word_1_664' title='bbox 1681 1464 1764 1491; x_wconf 85' lang='lat' dir='ltr'><strong>etiam</strong></span> 
     </span>
    </p>
   </div>
   <div class='ocr_carea' id='block_1_90' title="bbox 977 1508 1763 1544">
    <p class='ocr_par' dir='ltr' id='par_1_90' title="bbox 977 1508 1763 1544">
     <span class='ocr_line' id='line_1_90' title="bbox 977 1508 1763 1544; baseline 0.004 -9"><span class='ocrx_word' id='word_1_665' title='bbox 977 1508 1010 1535; x_wconf 89' lang='lat' dir='ltr'><strong>ab</strong></span> <span class='ocrx_word' id='word_1_666' title='bbox 1023 1508 1142 1536; x_wconf 87' lang='lat' dir='ltr'><strong>essentia</strong></span> <span class='ocrx_word' id='word_1_667' title='bbox 1159 1515 1256 1535; x_wconf 82' lang='lat' dir='ltr'><strong>nomen</strong></span> <span class='ocrx_word' id='word_1_668' title='bbox 1273 1508 1421 1543; x_wconf 87' lang='lat' dir='ltr'><strong>accipiant,</strong></span> <span class='ocrx_word' id='word_1_669' title='bbox 1436 1513 1465 1535; x_wconf 91' lang='lat' dir='ltr'><strong>ut</strong></span> <span class='ocrx_word' id='word_1_670' title='bbox 1476 1509 1587 1544; x_wconf 88' lang='lat' dir='ltr'><strong>quando</strong></span> <span class='ocrx_word' id='word_1_671' title='bbox 1603 1515 1708 1538; x_wconf 76' lang='lat' dir='ltr'><strong>utentes</strong></span> <span class='ocrx_word' id='word_1_672' title='bbox 1721 1511 1763 1539; x_wconf 96' lang='lat' dir='ltr'><strong>vel</strong></span> 
     </span>
    </p>
   </div>
   <div class='ocr_carea' id='block_1_91' title="bbox 978 1554 1764 1590">
    <p class='ocr_par' dir='ltr' id='par_1_91' title="bbox 978 1554 1764 1590">
     <span class='ocr_line' id='line_1_91' title="bbox 978 1554 1764 1590; baseline 0.004 -9"><span class='ocrx_word' id='word_1_673' title='bbox 978 1555 1091 1589; x_wconf 83' lang='lat' dir='ltr'><strong>spiritus</strong></span> <span class='ocrx_word' id='word_1_674' title='bbox 1106 1558 1240 1584; x_wconf 79' lang='lat' dir='ltr'><strong>vocatur;</strong></span> <span class='ocrx_word' id='word_1_675' title='bbox 1257 1554 1420 1587; x_wconf 88' lang='lat' dir='ltr'><strong>quandoque</strong></span> <span class='ocrx_word' id='word_1_676' title='bbox 1439 1554 1521 1581; x_wconf 90' lang='lat' dir='ltr'><strong>etiam</strong></span> <span class='ocrx_word' id='word_1_677' title='bbox 1547 1555 1581 1582; x_wconf 89' lang='lat' dir='ltr'><strong>ab</strong></span> <span class='ocrx_word' id='word_1_678' title='bbox 1605 1556 1764 1590; x_wconf 87' lang='lat' dir='ltr'><strong>operatione</strong></span> 
     </span>
    </p>
   </div>
   <div class='ocr_carea' id='block_1_92' title="bbox 978 1599 1765 1634">
    <p class='ocr_par' dir='ltr' id='par_1_92' title="bbox 978 1599 1765 1634">
     <span class='ocr_line' id='line_1_92' title="bbox 978 1599 1765 1634; baseline 0.001 -7"><span class='ocrx_word' id='word_1_679' title='bbox 978 1601 1164 1634; x_wconf 85' lang='lat' dir='ltr'><strong>nominentur,</strong></span> <span class='ocrx_word' id='word_1_680' title='bbox 1181 1605 1209 1627; x_wconf 92' lang='lat' dir='ltr'><strong>ut</strong></span> <span class='ocrx_word' id='word_1_681' title='bbox 1223 1608 1282 1628; x_wconf 86' lang='lat' dir='ltr'><strong>cum</strong></span> <span class='ocrx_word' id='word_1_682' title='bbox 1297 1599 1386 1634; x_wconf 81' lang='lat' dir='ltr'><strong>angeli</strong></span> <span class='ocrx_word' id='word_1_683' title='bbox 1411 1605 1622 1634; x_wconf 86' lang='lat' dir='ltr'><strong>nuncupantur:</strong></span> <span class='ocrx_word' id='word_1_684' title='bbox 1644 1609 1696 1628; x_wconf 84' lang='lat' dir='ltr'><strong>non</strong></span> <span class='ocrx_word' id='word_1_685' title='bbox 1714 1602 1765 1628; x_wconf 89' lang='lat' dir='ltr'><strong>int-</strong></span> 
     </span>
    </p>
   </div>
   <div class='ocr_carea' id='block_1_93' title="bbox 979 1646 1765 1681">
    <p class='ocr_par' dir='ltr' id='par_1_93' title="bbox 979 1646 1765 1681">
     <span class='ocr_line' id='line_1_93' title="bbox 979 1646 1765 1681; baseline 0.001 -7"><span class='ocrx_word' id='word_1_686' title='bbox 979 1646 1076 1674; x_wconf 84' lang='lat' dir='ltr'><strong>merito</strong></span> <span class='ocrx_word' id='word_1_687' title='bbox 1089 1647 1173 1674; x_wconf 89' lang='lat' dir='ltr'><strong>etiam</strong></span> <span class='ocrx_word' id='word_1_688' title='bbox 1189 1654 1204 1673; x_wconf 93' lang='lat' dir='ltr'><strong>a</strong></span> <span class='ocrx_word' id='word_1_689' title='bbox 1217 1647 1318 1673; x_wconf 90' lang='lat' dir='ltr'><strong>virtute</strong></span> <span class='ocrx_word' id='word_1_690' title='bbox 1331 1647 1446 1673; x_wconf 87' lang='lat' dir='ltr'><strong>virtutes</strong></span> <span class='ocrx_word' id='word_1_691' title='bbox 1459 1646 1638 1681; x_wconf 85' lang='lat' dir='ltr'><strong>appellantur.</strong></span> <span class='ocrx_word' id='word_1_692' title='bbox 1651 1647 1765 1680; x_wconf 86' lang='lat' dir='ltr'><strong>Quando</strong></span> 
     </span>
    </p>
   </div>
   <div class='ocr_carea' id='block_1_94' title="bbox 978 1693 1764 1729">
    <p class='ocr_par' dir='ltr' id='par_1_94' title="bbox 978 1693 1764 1729">
     <span class='ocr_line' id='line_1_94' title="bbox 978 1693 1764 1729; baseline 0 -8"><span class='ocrx_word' id='word_1_693' title='bbox 978 1694 1063 1729; x_wconf 81' lang='lat' dir='ltr'><strong>igitur</strong></span> <span class='ocrx_word' id='word_1_694' title='bbox 1078 1700 1174 1721; x_wconf 82' lang='lat' dir='ltr'><strong>omnes</strong></span> <span class='ocrx_word' id='word_1_695' title='bbox 1190 1693 1234 1720; x_wconf 89' lang='lat' dir='ltr'><strong>vel</strong></span> <span class='ocrx_word' id='word_1_696' title='bbox 1248 1693 1353 1727; x_wconf 87' lang='lat' dir='ltr'><strong>aliquas</strong></span> <span class='ocrx_word' id='word_1_697' title='bbox 1367 1699 1462 1719; x_wconf 90' lang='lat' dir='ltr'><strong>earum</strong></span> <span class='ocrx_word' id='word_1_698' title='bbox 1482 1693 1541 1720; x_wconf 92' lang='lat' dir='ltr'><strong>sine</strong></span> <span class='ocrx_word' id='word_1_699' title='bbox 1559 1693 1611 1720; x_wconf 90' lang='lat' dir='ltr'><strong>ulla</strong></span> <span class='ocrx_word' id='word_1_700' title='bbox 1632 1694 1764 1722; x_wconf 85' lang='lat' dir='ltr'><strong>observa-</strong></span> 
     </span>
    </p>
   </div>
   <div class='ocr_carea' id='block_1_95' title="bbox 980 1738 1774 1776">
    <p class='ocr_par' dir='ltr' id='par_1_95' title="bbox 980 1738 1774 1776">
     <span class='ocr_line' id='line_1_95' title="bbox 980 1738 1774 1776; baseline -0.006 -9"><span class='ocrx_word' id='word_1_701' title='bbox 980 1740 1052 1767; x_wconf 89' lang='lat' dir='ltr'><strong>tione</strong></span> <span class='ocrx_word' id='word_1_702' title='bbox 1066 1739 1192 1767; x_wconf 75' lang='lat' dir='ltr'><strong>caelestes</strong></span> <span class='ocrx_word' id='word_1_703' title='bbox 1203 1740 1337 1766; x_wconf 88' lang='lat' dir='ltr'><strong>essentias</strong></span> <span class='ocrx_word' id='word_1_704' title='bbox 1352 1738 1394 1765; x_wconf 87' lang='lat' dir='ltr'><strong>vel</strong></span> <span class='ocrx_word' id='word_1_705' title='bbox 1410 1738 1537 1766; x_wconf 65' lang='lat' dir='ltr'><strong>cmlestes</strong></span> <span class='ocrx_word' id='word_1_706' title='bbox 1553 1738 1671 1766; x_wconf 87' lang='lat' dir='ltr'><strong>virtutes</strong></span> <span class='ocrx_word' id='word_1_707' title='bbox 1682 1743 1774 1776; x_wconf 73' lang='lat' dir='ltr'><strong>appet-</strong></span> 
     </span>
    </p>
   </div>
   <div class='ocr_carea' id='block_1_96' title="bbox 978 1783 1764 1817">
    <p class='ocr_par' dir='ltr' id='par_1_96' title="bbox 978 1783 1764 1817">
     <span class='ocr_line' id='line_1_96' title="bbox 978 1783 1764 1817; baseline 0.001 -6"><span class='ocrx_word' id='word_1_708' title='bbox 978 1785 1082 1817; x_wconf 87' lang='lat' dir='ltr'><strong>lamus,</strong></span> <span class='ocrx_word' id='word_1_709' title='bbox 1101 1783 1311 1812; x_wconf 83' lang='lat' dir='ltr'><strong>existimandqu</strong></span> <span class='ocrx_word' id='word_1_710' title='bbox 1336 1788 1395 1815; x_wconf 89' lang='lat' dir='ltr'><strong>est,</strong></span> <span class='ocrx_word' id='word_1_711' title='bbox 1411 1791 1460 1811; x_wconf 93' lang='lat' dir='ltr'><strong>nos</strong></span> <span class='ocrx_word' id='word_1_712' title='bbox 1481 1783 1543 1811; x_wconf 89' lang='lat' dir='ltr'><strong>illos</strong></span> <span class='ocrx_word' id='word_1_713' title='bbox 1566 1783 1708 1811; x_wconf 75' lang='lat' dir='ltr'><strong>insinuare</strong></span> <span class='ocrx_word' id='word_1_714' title='bbox 1731 1791 1764 1812; x_wconf 84' lang='lat' dir='ltr'><strong>ac</strong></span> 
     </span>
    </p>
   </div>
   <div class='ocr_carea' id='block_1_97' title="bbox 978 1829 1762 1864">
    <p class='ocr_par' dir='ltr' id='par_1_97' title="bbox 978 1829 1762 1864">
     <span class='ocr_line' id='line_1_97' title="bbox 978 1829 1762 1864; baseline -0.001 -7"><span class='ocrx_word' id='word_1_715' title='bbox 978 1831 1167 1858; x_wconf 87' lang='lat' dir='ltr'><strong>detuonstrare</strong></span> <span class='ocrx_word' id='word_1_716' title='bbox 1179 1831 1211 1857; x_wconf 89' lang='lat' dir='ltr'><strong>de</strong></span> <span class='ocrx_word' id='word_1_717' title='bbox 1226 1830 1324 1864; x_wconf 89' lang='lat' dir='ltr'><strong>quibus</strong></span> <span class='ocrx_word' id='word_1_718' title='bbox 1339 1829 1416 1856; x_wconf 89' lang='lat' dir='ltr'><strong>nobis</strong></span> <span class='ocrx_word' id='word_1_719' title='bbox 1433 1836 1523 1856; x_wconf 90' lang='lat' dir='ltr'><strong>sermo</strong></span> <span class='ocrx_word' id='word_1_720' title='bbox 1535 1834 1595 1863; x_wconf 87' lang='lat' dir='ltr'><strong>est,</strong></span> <span class='ocrx_word' id='word_1_721' title='bbox 1612 1830 1762 1857; x_wconf 86' lang='lat' dir='ltr'><strong>secundum</strong></span> 
     </span>
    </p>
   </div>
   <div class='ocr_carea' id='block_1_98' title="bbox 978 1874 1763 1910">
    <p class='ocr_par' dir='ltr' id='par_1_98' title="bbox 978 1874 1763 1910">
     <span class='ocr_line' id='line_1_98' title="bbox 978 1874 1763 1910; baseline 0.001 -8"><span class='ocrx_word' id='word_1_722' title='bbox 978 1876 1098 1910; x_wconf 83' lang='lat' dir='ltr'><strong>phrasitu</strong></span> <span class='ocrx_word' id='word_1_723' title='bbox 1120 1875 1240 1910; x_wconf 87' lang='lat' dir='ltr'><strong>aliquam</strong></span> <span class='ocrx_word' id='word_1_724' title='bbox 1265 1874 1447 1901; x_wconf 88' lang='lat' dir='ltr'><strong>abundantem</strong></span> <span class='ocrx_word' id='word_1_725' title='bbox 1463 1880 1471 1900; x_wconf 85' lang='lat'><strong>:</strong></span> <span class='ocrx_word' id='word_1_726' title='bbox 1489 1881 1538 1908; x_wconf 88' lang='lat' dir='ltr'><strong>pro</strong></span> <span class='ocrx_word' id='word_1_727' title='bbox 1552 1882 1585 1902; x_wconf 87' lang='lat' dir='ltr'><strong>eo</strong></span> <span class='ocrx_word' id='word_1_728' title='bbox 1601 1876 1672 1902; x_wconf 91' lang='lat' dir='ltr'><strong>enim</strong></span> <span class='ocrx_word' id='word_1_729' title='bbox 1691 1876 1763 1910; x_wconf 88' lang='lat' dir='ltr'><strong>quod</strong></span> 
     </span>
    </p>
   </div>
   <div class='ocr_carea' id='block_1_99' title="bbox 977 1920 1763 1955">
    <p class='ocr_par' dir='ltr' id='par_1_99' title="bbox 977 1920 1763 1955">
     <span class='ocr_line' id='line_1_99' title="bbox 977 1920 1763 1955; baseline 0 -7"><span class='ocrx_word' id='word_1_730' title='bbox 977 1922 1130 1949; x_wconf 83' lang='lat' dir='ltr'><strong>diceremus</strong></span> <span class='ocrx_word' id='word_1_731' title='bbox 1147 1920 1269 1955; x_wconf 83' lang='lat' dir='ltr'><strong>angelos,</strong></span> <span class='ocrx_word' id='word_1_732' title='bbox 1287 1920 1405 1947; x_wconf 86' lang='lat' dir='ltr'><strong>dicimus</strong></span> <span class='ocrx_word' id='word_1_733' title='bbox 1416 1920 1543 1948; x_wconf 66' lang='lat' dir='ltr'><strong>caelestes</strong></span> <span class='ocrx_word' id='word_1_734' title='bbox 1558 1921 1705 1954; x_wconf 88' lang='lat' dir='ltr'><strong>essentias,</strong></span> <span class='ocrx_word' id='word_1_735' title='bbox 1721 1922 1763 1949; x_wconf 86' lang='lat' dir='ltr'><strong>vel</strong></span> 
     </span>
    </p>
   </div>
   <div class='ocr_carea' id='block_1_100' title="bbox 979 1968 1763 2001">
    <p class='ocr_par' dir='ltr' id='par_1_100' title="bbox 979 1968 1763 2001">
     <span class='ocr_line' id='line_1_100' title="bbox 979 1968 1763 2001; baseline 0 -5"><span class='ocrx_word' id='word_1_736' title='bbox 979 1969 1104 1996; x_wconf 76' lang='lat' dir='ltr'><strong>cmlestes</strong></span> <span class='ocrx_word' id='word_1_737' title='bbox 1120 1969 1245 1999; x_wconf 88' lang='lat' dir='ltr'><strong>virtutes,</strong></span> <span class='ocrx_word' id='word_1_738' title='bbox 1255 1975 1288 1994; x_wconf 73' lang='lat' dir='ltr'><strong>ex</strong></span> <span class='ocrx_word' id='word_1_739' title='bbox 1304 1968 1441 1994; x_wconf 85' lang='lat' dir='ltr'><strong>coutmuni</strong></span> <span class='ocrx_word' id='word_1_740' title='bbox 1455 1968 1562 1995; x_wconf 92' lang='lat' dir='ltr'><strong>illorum</strong></span> <span class='ocrx_word' id='word_1_741' title='bbox 1580 1970 1709 2001; x_wconf 81' lang='lat' dir='ltr'><strong>essentia,</strong></span> <span class='ocrx_word' id='word_1_742' title='bbox 1721 1970 1763 1997; x_wconf 76' lang='lat' dir='ltr'><strong>vel</strong></span> 
     </span>
    </p>
   </div>
   <div class='ocr_carea' id='block_1_101' title="bbox 977 2013 1763 2049">
    <p class='ocr_par' dir='ltr' id='par_1_101' title="bbox 977 2013 1763 2049">
     <span class='ocr_line' id='line_1_101' title="bbox 977 2013 1763 2049; baseline 0 -8"><span class='ocrx_word' id='word_1_743' title='bbox 977 2015 1060 2042; x_wconf 85' lang='lat' dir='ltr'><strong>etiam</strong></span> <span class='ocrx_word' id='word_1_744' title='bbox 1084 2014 1186 2042; x_wconf 88' lang='lat' dir='ltr'><strong>virtute</strong></span> <span class='ocrx_word' id='word_1_745' title='bbox 1197 2021 1259 2048; x_wconf 72' lang='lat' dir='ltr'><strong>quae</strong></span> <span class='ocrx_word' id='word_1_746' title='bbox 1275 2014 1301 2040; x_wconf 89' lang='lat' dir='ltr'><strong>in</strong></span> <span class='ocrx_word' id='word_1_747' title='bbox 1317 2013 1432 2048; x_wconf 85' lang='lat' dir='ltr'><strong>singulis</strong></span> <span class='ocrx_word' id='word_1_748' title='bbox 1454 2013 1568 2041; x_wconf 87' lang='lat' dir='ltr'><strong>relucet.</strong></span> <span class='ocrx_word' id='word_1_749' title='bbox 1584 2013 1763 2049; x_wconf 84' lang='lat' dir='ltr'><strong>Nequaquam</strong></span> 
     </span>
    </p>
   </div>
   <div class='ocr_carea' id='block_1_102' title="bbox 978 2059 1760 2094">
    <p class='ocr_par' dir='ltr' id='par_1_102' title="bbox 978 2059 1760 2094">
     <span class='ocr_line' id='line_1_102' title="bbox 978 2059 1760 2094; baseline -0.001 -6"><span class='ocrx_word' id='word_1_750' title='bbox 978 2066 1069 2088; x_wconf 88' lang='lat' dir='ltr'><strong>autem</strong></span> <span class='ocrx_word' id='word_1_751' title='bbox 1086 2059 1300 2088; x_wconf 82' lang='lat' dir='ltr'><strong>existimandum</strong></span> <span class='ocrx_word' id='word_1_752' title='bbox 1316 2063 1368 2092; x_wconf 88' lang='lat' dir='ltr'><strong>est,</strong></span> <span class='ocrx_word' id='word_1_753' title='bbox 1383 2066 1432 2086; x_wconf 91' lang='lat' dir='ltr'><strong>nos</strong></span> <span class='ocrx_word' id='word_1_754' title='bbox 1446 2059 1496 2086; x_wconf 86' lang='lat' dir='ltr'><strong>rite</strong></span> <span class='ocrx_word' id='word_1_755' title='bbox 1510 2059 1679 2094; x_wconf 67' lang='lat' dir='ltr'><strong>digestarum</strong></span> <span class='ocrx_word' id='word_1_756' title='bbox 1695 2068 1760 2087; x_wconf 88' lang='lat' dir='ltr'><strong>san-</strong></span> 
     </span>
    </p>
   </div>
   <div class='ocr_carea' id='block_1_103' title="bbox 978 2105 1764 2140">
    <p class='ocr_par' dir='ltr' id='par_1_103' title="bbox 978 2105 1764 2140">
     <span class='ocr_line' id='line_1_103' title="bbox 978 2105 1764 2140; baseline 0 -6"><span class='ocrx_word' id='word_1_757' title='bbox 978 2111 1082 2134; x_wconf 90' lang='lat' dir='ltr'><strong>ctarum</strong></span> <span class='ocrx_word' id='word_1_758' title='bbox 1099 2108 1229 2133; x_wconf 87' lang='lat' dir='ltr'><strong>virtutum</strong></span> <span class='ocrx_word' id='word_1_759' title='bbox 1244 2106 1440 2140; x_wconf 89' lang='lat' dir='ltr'><strong>proprietatem</strong></span> <span class='ocrx_word' id='word_1_760' title='bbox 1452 2105 1626 2133; x_wconf 80' lang='lat' dir='ltr'><strong>inferioribus</strong></span> <span class='ocrx_word' id='word_1_761' title='bbox 1637 2107 1764 2135; x_wconf 81' lang='lat' dir='ltr'><strong>essentiis</strong></span> 
     </span>
    </p>
   </div>
   <div class='ocr_carea' id='block_1_104' title="bbox 978 2150 1761 2187">
    <p class='ocr_par' dir='ltr' id='par_1_104' title="bbox 978 2150 1761 2187">
     <span class='ocr_line' id='line_1_104' title="bbox 978 2150 1761 2187; baseline 0 -9"><span class='ocrx_word' id='word_1_762' title='bbox 978 2152 1131 2179; x_wconf 89' lang='lat' dir='ltr'><strong>attribuere</strong></span> <span class='ocrx_word' id='word_1_763' title='bbox 1144 2150 1333 2187; x_wconf 63' lang='lat' dir='ltr'><strong>(superpositae</strong></span> <span class='ocrx_word' id='word_1_764' title='bbox 1347 2150 1441 2184; x_wconf 86' lang='lat' dir='ltr'><strong>utique</strong></span> <span class='ocrx_word' id='word_1_765' title='bbox 1457 2155 1520 2177; x_wconf 88' lang='lat' dir='ltr'><strong>sunt</strong></span> <span class='ocrx_word' id='word_1_766' title='bbox 1537 2151 1692 2186; x_wconf 86' lang='lat' dir='ltr'><strong>superiores</strong></span> <span class='ocrx_word' id='word_1_767' title='bbox 1705 2152 1761 2179; x_wconf 85' lang='lat' dir='ltr'><strong>vir—</strong></span> 
     </span>
    </p>
   </div>
   <div class='ocr_carea' id='block_1_105' title="bbox 980 2195 1763 2234">
    <p class='ocr_par' dir='ltr' id='par_1_105' title="bbox 980 2195 1763 2234">
     <span class='ocr_line' id='line_1_105' title="bbox 980 2195 1763 2234; baseline 0.003 -10"><span class='ocrx_word' id='word_1_768' title='bbox 980 2202 1050 2224; x_wconf 89' lang='lat' dir='ltr'><strong>tutes</strong></span> <span class='ocrx_word' id='word_1_769' title='bbox 1064 2197 1271 2231; x_wconf 82' lang='lat' dir='ltr'><strong>inferioribus).</strong></span> <span class='ocrx_word' id='word_1_770' title='bbox 1286 2195 1342 2223; x_wconf 82' lang='lat' dir='ltr'><strong>Hoc</strong></span> <span class='ocrx_word' id='word_1_771' title='bbox 1357 2197 1430 2223; x_wconf 88' lang='lat' dir='ltr'><strong>enitn</strong></span> <span class='ocrx_word' id='word_1_772' title='bbox 1451 2196 1512 2223; x_wconf 90' lang='lat' dir='ltr'><strong>dico</strong></span> <span class='ocrx_word' id='word_1_773' title='bbox 1524 2216 1532 2230; x_wconf 90' lang='lat'><strong>,</strong></span> <span class='ocrx_word' id='word_1_774' title='bbox 1550 2204 1584 2224; x_wconf 89' lang='lat' dir='ltr'><strong>ne</strong></span> <span class='ocrx_word' id='word_1_775' title='bbox 1609 2198 1671 2232; x_wconf 87' lang='lat' dir='ltr'><strong>quis</strong></span> <span class='ocrx_word' id='word_1_776' title='bbox 1697 2198 1763 2234; x_wconf 86' lang='lat' dir='ltr'><strong>quid</strong></span> 
     </span>
    </p>
   </div>
   <div class='ocr_carea' id='block_1_106' title="bbox 940 2241 1763 2284">
    <p class='ocr_par' dir='ltr' id='par_1_106' title="bbox 940 2241 1763 2284">
     <span class='ocr_line' id='line_1_106' title="bbox 940 2241 1763 2284; baseline 0.002 -14"><span class='ocrx_word' id='word_1_777' title='bbox 940 2254 964 2284; x_wconf 76' lang='grc' dir='ltr'>ο</span> <span class='ocrx_word' id='word_1_778' title='bbox 980 2243 1068 2270; x_wconf 79' lang='lat' dir='ltr'><strong>simile</strong></span> <span class='ocrx_word' id='word_1_779' title='bbox 1079 2243 1227 2275; x_wconf 82' lang='lat' dir='ltr'><strong>existimet,</strong></span> <span class='ocrx_word' id='word_1_780' title='bbox 1241 2243 1318 2277; x_wconf 88' lang='lat' dir='ltr'><strong>quasi</strong></span> <span class='ocrx_word' id='word_1_781' title='bbox 1334 2241 1508 2270; x_wconf 82' lang='lat' dir='ltr'><strong>inferioribus</strong></span> <span class='ocrx_word' id='word_1_782' title='bbox 1524 2244 1679 2277; x_wconf 73' lang='lat' dir='ltr'><strong>superiores</strong></span> <span class='ocrx_word' id='word_1_783' title='bbox 1692 2252 1763 2272; x_wconf 72' lang='lat' dir='ltr'><strong>eote-</strong></span> 
     </span>
    </p>
   </div>
   <div class='ocr_carea' id='block_1_107' title="bbox 978 2288 1761 2324">
    <p class='ocr_par' dir='ltr' id='par_1_107' title="bbox 978 2288 1761 2324">
     <span class='ocr_line' id='line_1_107' title="bbox 978 2288 1761 2324; baseline 0 -8"><span class='ocrx_word' id='word_1_784' title='bbox 978 2297 1104 2324; x_wconf 87' lang='lat' dir='ltr'><strong>quemus.</strong></span> <span class='ocrx_word' id='word_1_785' title='bbox 1129 2290 1217 2323; x_wconf 87' lang='lat' dir='ltr'><strong>Atque</strong></span> <span class='ocrx_word' id='word_1_786' title='bbox 1243 2288 1307 2316; x_wconf 86' lang='lat' dir='ltr'><strong>hinc</strong></span> <span class='ocrx_word' id='word_1_787' title='bbox 1331 2288 1461 2316; x_wconf 85' lang='lat' dir='ltr'><strong>solvimus</strong></span> <span class='ocrx_word' id='word_1_788' title='bbox 1482 2288 1553 2315; x_wconf 81' lang='lat' dir='ltr'><strong>illam</strong></span> <span class='ocrx_word' id='word_1_789' title='bbox 1582 2290 1761 2323; x_wconf 76' lang='lat' dir='ltr'><strong>quaestionem</strong></span> 
     </span>
    </p>
   </div>
   <div class='ocr_carea' id='block_1_108' title="bbox 976 2334 1762 2370">
    <p class='ocr_par' dir='ltr' id='par_1_108' title="bbox 976 2334 1762 2370">
     <span class='ocr_line' id='line_1_108' title="bbox 976 2334 1762 2370; baseline -0.001 -7"><span class='ocrx_word' id='word_1_790' title='bbox 976 2337 1033 2363; x_wconf 81' lang='lat' dir='ltr'><strong>sive</strong></span> <span class='ocrx_word' id='word_1_791' title='bbox 1052 2335 1219 2367; x_wconf 84' lang='lat' dir='ltr'><strong>doctrinam,</strong></span> <span class='ocrx_word' id='word_1_792' title='bbox 1237 2334 1374 2368; x_wconf 88' lang='lat' dir='ltr'><strong>quomodo</strong></span> <span class='ocrx_word' id='word_1_793' title='bbox 1396 2334 1521 2361; x_wconf 79' lang='lat' dir='ltr'><strong>caelestes</strong></span> <span class='ocrx_word' id='word_1_794' title='bbox 1548 2334 1658 2362; x_wconf 89' lang='lat' dir='ltr'><strong>ordines</strong></span> <span class='ocrx_word' id='word_1_795' title='bbox 1683 2336 1762 2370; x_wconf 88' lang='lat' dir='ltr'><strong>vulgo</strong></span> 
     </span>
    </p>
   </div>
   <div class='ocr_carea' id='block_1_109' title="bbox 977 2380 1762 2416">
    <p class='ocr_par' dir='ltr' id='par_1_109' title="bbox 977 2380 1762 2416">
     <span class='ocr_line' id='line_1_109' title="bbox 977 2380 1762 2416; baseline 0.001 -8"><span class='ocrx_word' id='word_1_796' title='bbox 977 2381 1066 2416; x_wconf 81' lang='lat' dir='ltr'><strong>angeli</strong></span> <span class='ocrx_word' id='word_1_797' title='bbox 1081 2381 1260 2416; x_wconf 82' lang='lat' dir='ltr'><strong>appellentur.</strong></span> <span class='ocrx_word' id='word_1_798' title='bbox 1274 2380 1311 2407; x_wconf 91' lang='lat' dir='ltr'><strong>De</strong></span> <span class='ocrx_word' id='word_1_799' title='bbox 1329 2380 1517 2415; x_wconf 85' lang='lat' dir='ltr'><strong>superioribus</strong></span> <span class='ocrx_word' id='word_1_800' title='bbox 1528 2385 1628 2412; x_wconf 89' lang='lat' dir='ltr'><strong>autem.</strong></span> <span class='ocrx_word' id='word_1_801' title='bbox 1640 2382 1762 2416; x_wconf 84' lang='lat' dir='ltr'><strong>adeoque</strong></span> 
     </span>
    </p>
   </div>
   <div class='ocr_carea' id='block_1_110' title="bbox 977 2426 1760 2462">
    <p class='ocr_par' dir='ltr' id='par_1_110' title="bbox 977 2426 1760 2462">
     <span class='ocr_line' id='line_1_110' title="bbox 977 2426 1760 2462; baseline -0.003 -6"><span class='ocrx_word' id='word_1_802' title='bbox 977 2429 1009 2456; x_wconf 89' lang='lat' dir='ltr'><strong>de</strong></span> <span class='ocrx_word' id='word_1_803' title='bbox 1025 2429 1090 2462; x_wconf 89' lang='lat' dir='ltr'><strong>ipsis</strong></span> <span class='ocrx_word' id='word_1_804' title='bbox 1106 2427 1266 2460; x_wconf 87' lang='lat' dir='ltr'><strong>virtutibus,</strong></span> <span class='ocrx_word' id='word_1_805' title='bbox 1284 2426 1373 2454; x_wconf 85' lang='lat' dir='ltr'><strong>nullus</strong></span> <span class='ocrx_word' id='word_1_806' title='bbox 1390 2427 1454 2454; x_wconf 90' lang='lat' dir='ltr'><strong>tuibi</strong></span> <span class='ocrx_word' id='word_1_807' title='bbox 1471 2434 1561 2454; x_wconf 90' lang='lat' dir='ltr'><strong>sermo</strong></span> <span class='ocrx_word' id='word_1_808' title='bbox 1575 2432 1618 2454; x_wconf 90' lang='lat' dir='ltr'><strong>est</strong></span> <span class='ocrx_word' id='word_1_809' title='bbox 1629 2448 1636 2460; x_wconf 92' lang='lat'><strong>,</strong></span> <span class='ocrx_word' id='word_1_810' title='bbox 1654 2429 1760 2454; x_wconf 87' lang='lat' dir='ltr'><strong>tametsi</strong></span> 
     </span>
    </p>
   </div>
   <div class='ocr_carea' id='block_1_111' title="bbox 977 2474 1760 2509">
    <p class='ocr_par' dir='ltr' id='par_1_111' title="bbox 977 2474 1760 2509">
     <span class='ocr_line' id='line_1_111' title="bbox 977 2474 1760 2509; baseline -0.001 -9"><span class='ocrx_word' id='word_1_811' title='bbox 977 2474 1018 2501; x_wconf 73' lang='lat' dir='ltr'><strong>lue</strong></span> <span class='ocrx_word' id='word_1_812' title='bbox 1034 2481 1142 2509; x_wconf 88' lang='lat' dir='ltr'><strong>quoque</strong></span> <span class='ocrx_word' id='word_1_813' title='bbox 1162 2474 1277 2500; x_wconf 87' lang='lat' dir='ltr'><strong>virtutes</strong></span> <span class='ocrx_word' id='word_1_814' title='bbox 1299 2478 1513 2506; x_wconf 88' lang='lat' dir='ltr'><strong>nuncupentur:</strong></span> <span class='ocrx_word' id='word_1_815' title='bbox 1538 2474 1602 2508; x_wconf 63' lang='lat' dir='ltr'><strong>ipsw</strong></span> <span class='ocrx_word' id='word_1_816' title='bbox 1626 2474 1760 2508; x_wconf 76' lang='lat' dir='ltr'><strong>Siquidem</strong></span> 
     </span>
    </p>
   </div>
   <div class='ocr_carea' id='block_1_112' title="bbox 978 2518 1761 2553">
    <p class='ocr_par' dir='ltr' id='par_1_112' title="bbox 978 2518 1761 2553">
     <span class='ocr_line' id='line_1_112' title="bbox 978 2518 1761 2553; baseline 0 -8"><span class='ocrx_word' id='word_1_817' title='bbox 978 2525 1106 2553; x_wconf 85' lang='lat' dir='ltr'><strong>tanquam</strong></span> <span class='ocrx_word' id='word_1_818' title='bbox 1120 2519 1274 2553; x_wconf 85' lang='lat' dir='ltr'><strong>superiores</strong></span> <span class='ocrx_word' id='word_1_819' title='bbox 1300 2525 1333 2545; x_wconf 91' lang='lat' dir='ltr'><strong>ea</strong></span> <span class='ocrx_word' id='word_1_820' title='bbox 1359 2525 1419 2552; x_wconf 64' lang='lat' dir='ltr'><strong>qum</strong></span> <span class='ocrx_word' id='word_1_821' title='bbox 1445 2522 1509 2545; x_wconf 90' lang='lat' dir='ltr'><strong>sunt</strong></span> <span class='ocrx_word' id='word_1_822' title='bbox 1534 2519 1560 2545; x_wconf 91' lang='lat' dir='ltr'><strong>in</strong></span> <span class='ocrx_word' id='word_1_823' title='bbox 1585 2518 1761 2545; x_wconf 78' lang='lat' dir='ltr'><strong>inferioribus</strong></span> 
     </span>
    </p>
   </div>
   <div class='ocr_carea' id='block_1_113' title="bbox 977 2564 1758 2599">
    <p class='ocr_par' dir='ltr' id='par_1_113' title="bbox 977 2564 1758 2599">
     <span class='ocr_line' id='line_1_113' title="bbox 977 2564 1758 2599; baseline 0 -8"><span class='ocrx_word' id='word_1_824' title='bbox 977 2565 1128 2591; x_wconf 81' lang='lat' dir='ltr'><strong>universim</strong></span> <span class='ocrx_word' id='word_1_825' title='bbox 1151 2565 1271 2597; x_wconf 83' lang='lat' dir='ltr'><strong>habent,</strong></span> <span class='ocrx_word' id='word_1_826' title='bbox 1296 2572 1392 2591; x_wconf 87' lang='lat' dir='ltr'><strong>verum</strong></span> <span class='ocrx_word' id='word_1_827' title='bbox 1419 2564 1563 2592; x_wconf 75' lang='lat' dir='ltr'><strong>inferiores</strong></span> <span class='ocrx_word' id='word_1_828' title='bbox 1589 2572 1758 2599; x_wconf 83' lang='lat' dir='ltr'><strong>nequaquam</strong></span> 
     </span>
    </p>
   </div>
   <div class='ocr_carea' id='block_1_114' title="bbox 978 2609 1761 2644">
    <p class='ocr_par' dir='ltr' id='par_1_114' title="bbox 978 2609 1761 2644">
     <span class='ocr_line' id='line_1_114' title="bbox 978 2609 1761 2644; baseline 0.001 -9"><span class='ocrx_word' id='word_1_829' title='bbox 978 2610 1139 2642; x_wconf 89' lang='lat' dir='ltr'><strong>universim,</strong></span> <span class='ocrx_word' id='word_1_830' title='bbox 1153 2609 1199 2636; x_wconf 88' lang='lat' dir='ltr'><strong>sed</strong></span> <span class='ocrx_word' id='word_1_831' title='bbox 1214 2614 1317 2636; x_wconf 86' lang='lat' dir='ltr'><strong>tantum</strong></span> <span class='ocrx_word' id='word_1_832' title='bbox 1334 2617 1367 2636; x_wconf 77' lang='lat' dir='ltr'><strong>es</strong></span> <span class='ocrx_word' id='word_1_833' title='bbox 1383 2613 1460 2644; x_wconf 88' lang='lat' dir='ltr'><strong>parte</strong></span> <span class='ocrx_word' id='word_1_834' title='bbox 1477 2610 1578 2637; x_wconf 87' lang='lat' dir='ltr'><strong>habent</strong></span> <span class='ocrx_word' id='word_1_835' title='bbox 1591 2617 1622 2636; x_wconf 90' lang='lat' dir='ltr'><strong>ea</strong></span> <span class='ocrx_word' id='word_1_836' title='bbox 1639 2618 1699 2644; x_wconf 78' lang='lat' dir='ltr'><strong>qua:</strong></span> <span class='ocrx_word' id='word_1_837' title='bbox 1713 2617 1761 2636; x_wconf 89' lang='lat' dir='ltr'><strong>sn-</strong></span> 
     </span>
    </p>
   </div>
   <div class='ocr_carea' id='block_1_115' title="bbox 976 2655 1760 2690">
    <p class='ocr_par' dir='ltr' id='par_1_115' title="bbox 976 2655 1760 2690">
     <span class='ocr_line' id='line_1_115' title="bbox 976 2655 1760 2690; baseline 0.003 -8"><span class='ocrx_word' id='word_1_838' title='bbox 976 2657 1112 2690; x_wconf 86' lang='lat' dir='ltr'><strong>periorum</strong></span> <span class='ocrx_word' id='word_1_839' title='bbox 1135 2660 1208 2684; x_wconf 91' lang='lat' dir='ltr'><strong>sunt.</strong></span> <span class='ocrx_word' id='word_1_840' title='bbox 1227 2655 1304 2683; x_wconf 89' lang='lat' dir='ltr'><strong>Unde</strong></span> <span class='ocrx_word' id='word_1_841' title='bbox 1321 2663 1374 2683; x_wconf 92' lang='lat' dir='ltr'><strong>non</strong></span> <span class='ocrx_word' id='word_1_842' title='bbox 1390 2657 1539 2684; x_wconf 90' lang='lat' dir='ltr'><strong>evertimus</strong></span> <span class='ocrx_word' id='word_1_843' title='bbox 1555 2657 1625 2684; x_wconf 89' lang='lat' dir='ltr'><strong>hanc</strong></span> <span class='ocrx_word' id='word_1_844' title='bbox 1641 2662 1760 2684; x_wconf 84' lang='lat' dir='ltr'><strong>nostram</strong></span> 
     </span>
    </p>
   </div>
   <div class='ocr_carea' id='block_1_116' title="bbox 976 2702 1760 2737">
    <p class='ocr_par' dir='ltr' id='par_1_116' title="bbox 976 2702 1760 2737">
     <span class='ocr_line' id='line_1_116' title="bbox 976 2702 1760 2737; baseline 0 -9"><span class='ocrx_word' id='word_1_845' title='bbox 976 2702 1194 2737; x_wconf 82' lang='lat' dir='ltr'><strong>qualemcunque</strong></span> <span class='ocrx_word' id='word_1_846' title='bbox 1229 2702 1406 2735; x_wconf 89' lang='lat' dir='ltr'><strong>doctrinam;</strong></span> <span class='ocrx_word' id='word_1_847' title='bbox 1441 2710 1502 2729; x_wconf 89' lang='lat' dir='ltr'><strong>nam</strong></span> <span class='ocrx_word' id='word_1_848' title='bbox 1523 2703 1599 2737; x_wconf 79' lang='lat' dir='ltr'><strong>juxta</strong></span> <span class='ocrx_word' id='word_1_849' title='bbox 1628 2703 1760 2729; x_wconf 82' lang='lat' dir='ltr'><strong>rationem</strong></span> 
     </span>
    </p>
   </div>
   <div class='ocr_carea' id='block_1_117' title="bbox 977 2747 1760 2783">
    <p class='ocr_par' dir='ltr' id='par_1_117' title="bbox 977 2747 1760 2783">
     <span class='ocr_line' id='line_1_117' title="bbox 977 2747 1760 2783; baseline -0.001 -8"><span class='ocrx_word' id='word_1_850' title='bbox 977 2756 1059 2783; x_wconf 83' lang='lat' dir='ltr'><strong>quam</strong></span> <span class='ocrx_word' id='word_1_851' title='bbox 1077 2755 1148 2783; x_wconf 63' lang='lat' dir='ltr'><strong>saepe</strong></span> <span class='ocrx_word' id='word_1_852' title='bbox 1165 2748 1198 2775; x_wconf 89' lang='lat' dir='ltr'><strong>de</strong></span> <span class='ocrx_word' id='word_1_853' title='bbox 1213 2747 1255 2775; x_wconf 83' lang='lat' dir='ltr'><strong>Itis</strong></span> <span class='ocrx_word' id='word_1_854' title='bbox 1268 2748 1390 2775; x_wconf 88' lang='lat' dir='ltr'><strong>dedimus</strong></span> <span class='ocrx_word' id='word_1_855' title='bbox 1400 2768 1407 2780; x_wconf 89' lang='lat'><strong>,</strong></span> <span class='ocrx_word' id='word_1_856' title='bbox 1422 2749 1579 2783; x_wconf 84' lang='lat' dir='ltr'><strong>superiores</strong></span> <span class='ocrx_word' id='word_1_857' title='bbox 1593 2747 1701 2782; x_wconf 82' lang='lat' dir='ltr'><strong>quidem</strong></span> <span class='ocrx_word' id='word_1_858' title='bbox 1718 2748 1760 2774; x_wconf 93' lang='lat' dir='ltr'><strong>in-</strong></span> 
     </span>
    </p>
   </div>
   <div class='ocr_carea' id='block_1_118' title="bbox 977 2794 1760 2828">
    <p class='ocr_par' dir='ltr' id='par_1_118' title="bbox 977 2794 1760 2828">
     <span class='ocr_line' id='line_1_118' title="bbox 977 2794 1760 2828; baseline -0.001 -7"><span class='ocrx_word' id='word_1_859' title='bbox 977 2795 1107 2822; x_wconf 74' lang='lat' dir='ltr'><strong>feriorum</strong></span> <span class='ocrx_word' id='word_1_860' title='bbox 1131 2794 1314 2828; x_wconf 87' lang='lat' dir='ltr'><strong>proprietates</strong></span> <span class='ocrx_word' id='word_1_861' title='bbox 1327 2794 1542 2827; x_wconf 85' lang='lat' dir='ltr'><strong>habent,verum</strong></span> <span class='ocrx_word' id='word_1_862' title='bbox 1557 2794 1720 2827; x_wconf 86' lang='lat' dir='ltr'><strong>entiuenter,</strong></span> <span class='ocrx_word' id='word_1_863' title='bbox 1731 2798 1760 2820; x_wconf 84' lang='lat' dir='ltr'><strong>ut</strong></span> 
     </span>
    </p>
   </div>
   <div class='ocr_carea' id='block_1_119' title="bbox 976 2838 1759 2875">
    <p class='ocr_par' dir='ltr' id='par_1_119' title="bbox 976 2838 1759 2875">
     <span class='ocr_line' id='line_1_119' title="bbox 976 2838 1759 2875; baseline 0.003 -9"><span class='ocrx_word' id='word_1_864' title='bbox 976 2839 1058 2867; x_wconf 82' lang='lat' dir='ltr'><strong>etiam</strong></span> <span class='ocrx_word' id='word_1_865' title='bbox 1074 2838 1138 2874; x_wconf 87' lang='lat' dir='ltr'><strong>quid</strong></span> <span class='ocrx_word' id='word_1_866' title='bbox 1155 2839 1274 2874; x_wconf 84' lang='lat' dir='ltr'><strong>amplius</strong></span> <span class='ocrx_word' id='word_1_867' title='bbox 1290 2840 1427 2868; x_wconf 90' lang='lat' dir='ltr'><strong>habeant:</strong></span> <span class='ocrx_word' id='word_1_868' title='bbox 1451 2845 1596 2875; x_wconf 68' lang='lat' dir='ltr'><strong>postremae</strong></span> <span class='ocrx_word' id='word_1_869' title='bbox 1608 2844 1698 2867; x_wconf 90' lang='lat' dir='ltr'><strong>autem</strong></span> <span class='ocrx_word' id='word_1_870' title='bbox 1712 2847 1759 2868; x_wconf 80' lang='lat' dir='ltr'><strong>su-</strong></span> 
     </span>
    </p>
   </div>
   <div class='ocr_carea' id='block_1_120' title="bbox 976 2885 1762 2922">
    <p class='ocr_par' dir='ltr' id='par_1_120' title="bbox 976 2885 1762 2922">
     <span class='ocr_line' id='line_1_120' title="bbox 976 2885 1762 2922; baseline -0.001 -7"><span class='ocrx_word' id='word_1_871' title='bbox 976 2887 1113 2922; x_wconf 85' lang='lat' dir='ltr'><strong>periorqu</strong></span> <span class='ocrx_word' id='word_1_872' title='bbox 1136 2885 1256 2915; x_wconf 88' lang='lat' dir='ltr'><strong>totaliter</strong></span> <span class='ocrx_word' id='word_1_873' title='bbox 1283 2893 1457 2921; x_wconf 74' lang='lat' dir='ltr'><strong>nequaquam</strong></span> <span class='ocrx_word' id='word_1_874' title='bbox 1478 2887 1621 2919; x_wconf 88' lang='lat' dir='ltr'><strong>obtinent,</strong></span> <span class='ocrx_word' id='word_1_875' title='bbox 1641 2888 1687 2914; x_wconf 83' lang='lat' dir='ltr'><strong>sed</strong></span> <span class='ocrx_word' id='word_1_876' title='bbox 1712 2895 1762 2921; x_wconf 89' lang='lat' dir='ltr'><strong>per</strong></span> 
     </span>
    </p>
   </div>
  </div>
