1933 3075
192 141 241 169 291

797 140 826 169 S.
845 139 995 175 DIONYSII
1013 139 1245 169 AREOPAGITE

1767 144 1822 172 292

192 199 294 234 primas
309 197 462 233 primilucaa
486 197 685 224 illuStrationes
706 196 732 223 in
757 196 903 225 inferiores
928 205 972 233 pro

1030 205 1086 228 σεις
1095 197 1297 234 δημιουργικῶς
1305 199 1468 236 ἐτάχθησαν,
1476 200 1507 226 οὐ
1518 200 1612 235 σαφῶς
1622 201 1651 228 δὲ
1660 201 1740 228 τοῦτο
1750 211 1821 239 παρ-

192 253 288 272 earum
301 250 383 279 captu
401 244 640 271 translundnntur.
658 244 773 271 Videtur
795 249 886 271 autem
911 252 980 279 quo-

192 291 338 318 dummodo
354 291 399 317 hic
411 290 504 317 dicere
515 310 523 322 ,
542 290 691 317 secundum
716 290 875 325 dignitatem
898 298 981 325 ange-

192 336 257 363 licas
276 336 469 371 dispositiones
485 342 533 370 per
549 335 629 370 106
653 335 821 362 creationem
839 335 980 362 ordinatas

191 389 263 414 esse,
276 390 328 409 non
345 386 434 409 tamen
449 381 593 407 manifeste
608 381 660 408 hoc
673 381 802 415 exponit;
815 388 896 416 supra
907 381 978 408 enim

192 427 354 464 prrecedcnti
371 428 460 461 capite
472 427 545 454 clare
557 427 636 458 dicit,
651 434 746 454 earum
763 426 936 454 allectionem
952 431 980 454 et

193 473 403 508 intelligentiam
418 479 479 500 esse
494 479 592 500 causas
608 472 765 507 [superioris
787 473 907 507 ipsarum
931 480 977 500 or-

193 519 272 551 dinis.
289 519 415 546 videlicet
430 520 493 554 quia
507 519 574 546 dixit
586 519 658 553 ipsas
670 519 787 553 expiari,
797 523 824 546 et
834 519 976 553 illustrari,

191 569 220 591 et
234 565 336 599 perlici.
352 565 429 592 Licet
443 566 533 599 itaque
550 572 598 599 per
610 563 798 598 conjecturam
814 565 858 599 pic
875 565 976 599 dicere,

192 610 293 642 Deum,
319 610 471 638 affectionis
498 618 594 637 eorum
621 615 695 636 tnotu
721 611 856 644 przeviso,
884 612 978 646 dignos

192 656 313 690 ipsarunt
329 657 439 684 ordines
456 657 635 691 produxisse,
653 664 685 682 ex
707 657 806 690 quibus
831 665 911 685 nemo
936 658 978 685 di-

191 703 279 734 xerit,
307 703 380 736 ipsas
408 702 489 730 dilabi
517 703 657 737 potuisse,
687 712 720 731 eo
748 704 819 738 quod
851 704 976 731 allectum

192 749 338 783 quemdam
355 749 388 776 ad
405 750 504 777 bonum
521 750 666 778 habuerint
682 758 730 786 per
745 751 891 778 vehemens
904 751 976 779 desi-

191 795 307 822 deriutn.
327 794 384 822 lloc
397 800 439 822 est
454 803 486 822 ex
499 800 595 823 sancto
609 801 637 823 et
653 804 751 831 magno
776 796 904 823 Maximo.
918 797 976 823 An-

191 840 265 875 gelos
281 846 385 873 autent,
400 841 427 868 id
452 846 494 869 est
506 862 514 874 ,
529 847 682 877 postrentos
703 849 817 870 ornatus
830 863 838 876 ,
853 843 976 877 permisit

1033 243 1155 278 ίστησιν·
1173 244 1228 270 ἄνω
1245 244 1298 280 γὰρ
1323 245 1352 271 ἐν
1373 245 1412 281 τῷ
1426 246 1479 282 πρὸ
1500 246 1595 273 τούτου
1612 247 1752 283 κεφαλαίῳ
1772 257 1823 283 φα-

1031 288 1118 324 νερῶς
1133 289 1182 324 τὴν
1198 290 1289 317 αὐτῶν
1300 290 1392 325 ἔφεσιν
1405 292 1452 319 καὶ
1468 292 1516 328 τὴν
1539 293 1631 328 νόησιν
1643 293 1717 328 λέγει
1734 295 1824 328 αίτίας

1030 335 1120 362 αὐτῶν
1141 334 1210 362 εἶναι
1234 337 1283 372 τῆς
1307 338 1459 374 ὑπερτέρας
1482 339 1570 365 αὐτῶν
1592 339 1705 373 τάξεως,
1727 341 1823 376 ἀμέλει

1030 384 1077 410 καὶ
1093 383 1271 419 καθαίρεσθαι
1288 384 1336 410 καὶ
1346 385 1521 420 φωτίζεσθαι,
1538 387 1584 413 καὶ
1599 387 1768 415 τελειοῦσθαι
1784 387 1823 415 εί-

1029 438 1080 455 πεν
1093 430 1186 461 αὑτάς.
1203 431 1297 457 Ἔστιν
1310 429 1355 458 οὖν
1366 433 1579 469 ἐπιχειρήσαντα
1588 434 1677 461 εἰπεῖν
1688 435 1821 468 εὐσεϐῶς,

1029 476 1069 502 ὅτι
1085 476 1098 501 ὁ
1111 476 1185 508 Θεὸς,
1202 477 1334 512 προειδὼς
1345 478 1434 505 αὐτῶν
1446 479 1494 515 τὴν
1506 480 1556 515 τῆς
1571 480 1691 515 ἐφέσεως
1703 481 1822 517 κίνησιν.

1028 522 1075 548 καὶ
1086 522 1136 554 τὰς
1147 523 1237 549 αὐτῶν
1253 523 1343 556 τάξεις
1357 524 1436 558 ἀξίας
1451 525 1541 552 αὐτῶν
1554 527 1725 562 παρήγαγεν,
1744 526 1774 559 ἐξ
1786 524 1823 553 ὧν

1027 568 1078 594 οὐκ
1094 568 1126 595 ἂν
1139 568 1210 596 εἴποι
1223 578 1265 601 τις
1281 570 1365 603 αὐτὰς
1376 571 1506 598 δύνασθαι
1519 573 1656 605 ἐκπεσεῖν,
1673 573 1718 600 διὰ
1728 573 1758 600 τὸ
1765 573 1821 607 ἕξιν

1027 615 1088 642 τινὰ
1105 615 1257 651 κτήσασθαι
1281 618 1349 652 πρὸς
1367 618 1397 644 τὸ
1413 618 1513 652 ἀγαθὸν
1526 618 1569 645 διὰ
1586 619 1638 655 τῆς
1653 620 1723 654 ἄγαν
1740 621 1821 657 θελή-

1029 669 1106 693 σεως.
1125 661 1210 689 Τοῦτό
1220 663 1292 690 ἐστιν
1310 664 1341 689 ὲκ
1354 663 1408 690 τῶν
1423 663 1471 690 τοῦ
1484 664 1561 698 ἁγίου
1573 665 1620 690 καὶ
1634 666 1752 700 μεγάλου
1761 667 1822 693 Μα-

1028 705 1116 741 Ιξίμου.
1135 708 1204 740 Τοὺς
1218 708 1246 734 δὲ
1263 708 1412 743 ἀγγέλους,
1429 709 1552 736 τουτέστι
1569 711 1632 742 τοὺς
1648 711 1820 744 τελευταίους

1026 753 1198 789 διακόσμους,
1216 755 1354 790 ἐνεδέχετο
1370 755 1434 787 ἴσως
1451 756 1498 782 καὶ
1509 756 1555 782 ἐπὶ
1566 757 1597 783 τὺ
1613 758 1706 793 χεῖρον
1715 758 1806 793 τραπῆ

1027 807 1080 825 ναι·
1095 797 1154 826 εἷπε
1171 800 1226 835 γὰρ
1242 801 1341 833 αὐτοὺς
1357 802 1563 838 περικοσμίους·
1583 803 1612 836 ἐξ
1629 800 1666 830 ὧν
1678 802 1755 838 οἶμαι
1773 804 1821 830 καὶ

1025 844 1071 871 τὸν
1082 845 1204 872 διάϐολόν
1219 856 1284 873 ποτε
1301 845 1371 874 εἶναι
1390 849 1442 884 πρὸ
1459 849 1505 876 τοῦ
1519 850 1656 876 ἐκπεσεῖν.
1669 849 1724 876 Καὶ
1740 849 1820 881 εἴτις

189 887 316 914 fortassis
329 889 411 914 etiam
426 888 460 914 ad
473 888 574 916 ntalum
591 889 713 916 converti
726 897 733 922 ;
750 889 820 916 dixit
834 888 906 916 enim
928 896 972 916 eos

1027 890 1129 918 τούτων
1138 892 1304 929 τελειότερον
1315 891 1395 927 οἶδεν,
1403 895 1471 921 αίτῶ
1481 895 1587 931 μαθεῖν.
1601 895 1685 922 Τοῦτο
1695 896 1723 922 δέ
1735 897 1818 928 ἐστιν,

189 934 262 962 circa
277 936 405 962 mundum
420 935 515 963 afﬁci:
537 944 553 964 e
576 937 673 971 quibus
696 937 816 964 arbitror
838 936 974 965 diabolum

1029 936 1115 973 οἶμαι,
1134 938 1181 965 τοῦ
1196 939 1294 966 πολλοῦ
1310 939 1345 966 τὰ
1363 941 1422 968 θεῖα
1439 942 1486 968 καὶ
1506 942 1661 976 σοφωτάτου
1678 942 1818 978 Μαξίμου.

192 982 273 1007 etiam
287 981 369 1008 fuisse
382 986 527 1014 antequam
545 981 706 1008 corruisset.
719 981 747 1009 Si
760 982 870 1016 quidem
897 982 997 1016 aliquis
1020 983 1170 1016 perfectius
1196 984 1256 1012 istis
1277 985 1343 1020 quid
1367 986 1474 1014 noverit
1494 987 1598 1015 discere
1621 988 1738 1022 postulo.
1761 988 1819 1015 Hoc

194 1028 276 1056 etiant
293 1036 354 1056 esse
371 1033 437 1063 puto
460 1029 625 1056 dirinissimi
652 1029 905 1064 sapientissimique
927 1029 1048 1058 Maximi.

189 1105 1806 1122 .———-———————-———n——_—__

416 1190 610 1234 CAPUT
633 1190 751 1233 XII.

277 1262 332 1289 Cur
345 1262 479 1289 hominum
495 1261 625 1288 antistites
646 1261 732 1295 angeli
753 1267 886 1289 vocentur.

1209 1190 1532 1234 ΚΕΦΑΛΑΙΟΝ
1560 1189 1632 1233 ΙΒ’.

1063 1260 1115 1288 Διὰ
1131 1260 1160 1287 τι
1180 1261 1208 1287 ol
1224 1259 1300 1287 κατὰ
1316 1259 1489 1294 ἀνθρώπους
1511 1259 1641 1294 ἱεράρχαι
1662 1259 1782 1295 ἄγγελοι

1340 1295 1510 1322 καλοῦνται.

829 1373 996 1402 SYNOPSIS
1013 1373 1160 1402 CAPITIS.

189 1443 206 1468 Ι.
221 1441 294 1477 Petit.
308 1448 366 1476 cum.
374 1441 500 1477 inferiores
512 1440 778 1477 ordinesjuperiqrunt
787 1441 944 1477 perfectiones
953 1449 972 1467 tu

1025 1442 1138 1477 (abigant,
1147 1448 1191 1466 cur
1201 1447 1216 1465 a
1228 1440 1350 1476 Μαιαρίιίιι
1361 1447 1416 1472 cap.
1428 1447 1453 1477 ιι,
1465 1442 1488 1477 7,
1498 1441 1620 1476 δαείη-ἀρδ-
1628 1440 1724 1477 dicatur
1741 1447 1815 1474 ango-

218 1474 257 1498 lus
272 1473 366 1498 Domini
378 1472 555 1507 omnipotentis.
569 1473 602 1507 ll._
612 1473 754 1507 Respondet,
768 1472 907 1507 inferiores.
920 1472 975 1507 licet
985 1473 1027 1507 ,αα
1039 1472 1202 1507 wqitalitatcm
1213 1472 1368 1507 strperiornm
1388 1472 1546 1507 perfectiones
1561 1472 1661 1507 minime
1680 1472 1796 1507 attingant
1806 1491 1813 1502 ,

218 1478 257 1498 rus
272 1478 366 1498 uommz
378 1478 555 1505 omnipotentis.
569 1478 599 1497 ιι.
612 1478 754 1504 Respondet,
768 1478 907 1507 "acriores.
920 1478 975 1507 ιιεει
994 1478 1026 1497 αα
1039 1478 1202 1506 ωιιιιαιιιαιειη
1213 1478 1368 1507 superiorum
1388 1478 1546 1507 pet-lectiones
1561 1479 1660 1498 mmmte
1680 1478 1739 1497 num
1756 1478 1796 1497 aut
1806 1491 1813 1502 ,

215 1511 299 1537 eorum
311 1507 389 1529 tamen
398 1503 585 1537 similitudinem
595 1502 871 1537 imiumdoexprnnere.
887 1507 911 1537 _et
925 1503 1033 1536 ofﬁcium
1045 1503 1167 1537 wmulart,
1178 1506 1200 1528 et
1210 1504 1266 1537 ideo
1276 1506 1349 1537 etiam
1361 1509 1446 1537 nomen
1458 1503 1615 1535 pnrlictpare.
1629 1503 1670 1528 lli.
1684 1478 1814 1535 Conﬂth

215 1534 242 1560 id
252 1541 284 1561 ex
294 1542 331 1566 eo,
340 1535 403 1567 quod
416 1539 464 1560 tant
476 1534 565 1567 angeli,
576 1541 649 1566 quam
658 1533 768 1560 homines
781 1533 811 1559 ob
819 1535 931 1560 euntdem
940 1533 1040 1559 causam
1053 1535 1198 1567 quandoque
1210 1533 1283 1560 etiam
1290 1533 1327 1558 dii
1338 1533 1498 1566 appellentur.

970 1610 1030 1646 δι.

219 1702 355 1731 Caeterum
366 1706 394 1730 et
408 1702 460 1730 hoc
471 1709 485 1729 a
500 1700 604 1729 sedulis
611 1701 780 1736 eloquiorum
793 1701 972 1737 spiritualium

1063 1702 1187 1737 Ζητεῖται
1211 1701 1239 1728 δὲ
1269 1702 1316 1728 καὶ
1342 1702 1421 1729 τοῦτο
1445 1703 1501 1734 τοῖς
1525 1703 1579 1729 τῶν
1597 1702 1700 1739 νοητῶν
1716 1702 1813 1738 λογίων

183 1750 450 1785 contemplatoribus
468 1750 618 1784 quatritur;
637 1750 737 1777 etenim
750 1750 772 1777 si
796 1757 856 1784 qua:
882 1749 973 1777 novis-

183 1798 252 1826 sima
265 1802 340 1830 sunt,
357 1801 429 1824 totas
451 1797 624 1831 superiorum
641 1804 754 1825 suorum
779 1797 900 1824 rationes
921 1796 973 1823 mi-

184 1844 258 1871 ninte
268 1843 520 1878 attingunt,quam
543 1842 578 1870 ob
603 1850 714 1871 causam
740 1847 834 1870 noster
857 1842 972 1869 antistes

183 1890 294 1925 angelus
317 1889 423 1917 Domini
449 1890 645 1924 omnipotentis
664 1890 698 1917 alt
717 1889 834 1924 eloquiis
847 1888 971 1916 denomi—

182 1941 262 1963 notur
277 1940 289 1954 °
302 1935 315 1963 7

1024 1748 1200 1783 φιλοθεάμοσι
1212 1756 1219 1763 ·
1237 1748 1284 1774 καὶ
1300 1748 1354 1783 γὰρ
1382 1748 1551 1783 ἀμέθεκτα⁸³
1575 1748 1630 1776 τῶν
1652 1750 1811 1786 ὑπερτέρων

1022 1795 1156 1830 ὁλοτήτων
1172 1794 1225 1821 εἰσὶ
1237 1793 1272 1820 τὰ
1283 1794 1436 1827 τελευταῖα,
1447 1795 1481 1821 δι’
1498 1795 1531 1830 ἣν
1542 1796 1631 1822 αἰτίαν
1643 1796 1725 1823 ὁκαθ⁹
1737 1797 1812 1832 ἡμᾶς

1022 1841 1153 1877 ἱεράρχης
1164 1841 1279 1876 ἄγγελος
1290 1842 1392 1879 Κυρίου
1410 1842 1629 1878 παντοκράτορος
1645 1842 1697 1869 ὑπὸ
1706 1842 1760 1869 τῶν
1771 1842 1812 1869 λο-

1022 1887 1089 1922 γίων
1099 1887 1122 1903 ⁸⁵
1132 1887 1288 1922 ὠνόμασται
1298 1896 1304 1920 ;

970 1991 1043 2030 gn.

217 2064 278 2091 llaec
291 2069 381 2092 autem
397 2071 466 2093 ratto
479 2074 532 2093 non
545 2067 708 2095 adversatur
724 2066 756 2094 iis
769 2073 828 2101 quae
841 2071 904 2093 ante
920 2072 967 2093 oe-

181 2109 257 2136 linita
274 2115 356 2137 sunt:
374 2111 491 2139 dicimus
505 2113 589 2145 enim,
606 2113 769 2140 novissimas
781 2112 965 2147 antiquiorum

180 2155 387 2189 dispositionum
404 2158 536 2192 integram
549 2163 577 2185 et
591 2159 757 2186 eminentem
771 2159 898 2186 virtutem
912 2166 965 2186 tton

179 2202 333 2237 attingere;
349 2211 410 2230 nattt
427 2204 514 2238 partis
540 2205 623 2232 etiam
649 2212 698 2240 pro
721 2209 801 2240 captu
825 2212 875 2232 suo
901 2209 968 2232 sunt

180 2248 348 2282 participes,
377 2250 527 2277 secundum
549 2258 630 2278 unatn
655 2251 777 2277 omnium
805 2251 966 2278 concinnam

180 2293 375 2328 ccllectamque
389 2297 619 2323 conmtunionem.
636 2296 757 2331 Exempli
774 2297 862 2331 gratia
876 2317 884 2330 ,
901 2305 966 2324 san—

179 2342 285 2364 ctorum
299 2340 441 2366 cherubim
458 2341 526 2368 ordo
553 2341 695 2376 sapientia:
720 2341 897 2376 scientiaeque
923 2342 965 2369 al-

1057 2064 1134 2090 Ἔστι
1158 2063 1187 2090 δὲ
1215 2063 1265 2089 οὐκ
1293 2063 1413 2095 ἐναντίος
1438 2064 1451 2090 ό
1466 2062 1552 2097 λόγος,
1576 2063 1614 2095 ὠς
1636 2061 1722 2099 οἶμαι,
1742 2073 1811 2101 προ-

1019 2110 1205 2146 διωρισμένοις
1214 2110 1247 2125 π’
1262 2110 1351 2144 φαμὲν
1368 2110 1432 2146 γὰρ,
1443 2110 1483 2136 ὅτι
1493 2110 1543 2145 τῆς
1553 2110 1646 2145 όλικῆς
1662 2111 1710 2137 καὶ
1723 2112 1795 2148 ὑπερ

1019 2155 1148 2191 κειμένης
1157 2154 1211 2181 τῶν
1220 2155 1411 2190 πρεσϐυτέρων
1418 2155 1570 2190 διακόσμων
1586 2156 1726 2192 δυνάμεως
1738 2158 1809 2184 ἀπο-

1017 2202 1122 2229 δέουσιν
1136 2203 1160 2229 οί
1176 2202 1334 2228 τελευταῖοι·
1352 2202 1403 2236 τῆς
1419 2201 1472 2237 γὰρ
1490 2202 1605 2238 μερικῆς
1615 2203 1661 2229 καὶ
1675 2203 1808 2238 ἀναλόγου

1019 2247 1173 2283 μετέχουσι,
1195 2247 1266 2274 κατὰ
1288 2247 1337 2282 τὴν
1359 2248 1422 2283 μίαν
1438 2248 1565 2275 ἁπάντων
1582 2247 1740 2283 ἐναρμόνιον
1760 2251 1808 2277 καὶ

1019 2293 1174 2328 συνδετικὴν
1197 2293 1348 2319 κοινωνίαν.
1369 2291 1440 2324 Οἶον,
1461 2294 1477 2328 ἡ
1497 2293 1553 2320 τῶν
1569 2293 1654 2326 ἁγίων
1675 2294 1809 2330 χερουδὶμ

1017 2338 1094 2371 τάξις
1107 2338 1216 2373 μετέχει
1231 2339 1326 2373 σοφίας
1343 2339 1389 2365 καὶ
1404 2338 1529 2373 γνώσεως
1546 2338 1726 2375 ὑψηλοτέρας,
1738 2339 1808 2366 αἰδὲ

181 2384 258 2412 tioris
270 2390 311 2412 est
324 2387 471 2421 particeps,
490 2392 649 2415 naturarum
675 2393 767 2415 autem
794 2388 847 2416 illis
869 2389 964 2416 subdi-

1025 2384 1069 2411 τῶν
1086 2385 1132 2410 ὑπ’
1149 2385 1249 2416 αὐτοὺς
1268 2384 1366 2411 οὐσιῶν
1382 2384 1576 2420 διακοσμήσεις
1592 2385 1735 2420 μετέχουσι
1756 2386 1807 2421 μὲν

179 2435 267 2458 tarutn
307 2432 515 2461 distributiones
543 2434 683 2469 sapientiae
713 2435 823 2469 quidem
847 2440 874 2462 et
898 2436 962 2470 ipsae

177 2477 395 2513 cognitionisque
417 2484 558 2513 compotes
586 2480 743 2513 exsistunt,
772 2485 961 2507 verumtamen

178 2522 312 2550 duntaxat
328 2523 451 2557 partialis
464 2524 542 2559 107
559 2531 610 2559 pro
621 2529 701 2558 captu
717 2531 768 2552 suo
781 2529 809 2552 et
825 2524 963 2552 inferioris

175 2568 290 2597 ordinis.
305 2569 393 2604 Atque
409 2570 557 2597 universint
571 2570 682 2605 quidem
698 2571 840 2606 sapientiae
866 2570 962 2606 cogni—

217 2667 229 2682 ι
241 2666 356 2695 Malach.
372 2675 403 2700 ιι,
422 2668 438 2695 7
449 2676 457 2702 δ
468 2668 555 2704 Apoc.
573 2677 603 2697 tt.

1016 2432 1062 2458 καὶ
1073 2432 1153 2458 αὐταὶ
1160 2432 1183 2447 ⁸⁸
1195 2433 1291 2466 σοφίας
1303 2431 1349 2457 καὶ
1366 2431 1500 2465 γνώσεως,
1515 2432 1628 2467 μερικῆς
1643 2432 1670 2458 δὲ
1683 2433 1757 2467 ὅμως
1768 2433 1807 2464 ὡς

1017 2478 1085 2513 πρὸς
1098 2477 1230 2509 ἐκείνους,
1251 2477 1298 2502 καὶ
1315 2477 1472 2512 ὑφειμένης,
1502 2477 1557 2503 Καὶ
1575 2477 1606 2503 τὺ
1624 2477 1672 2512 μὲν
1692 2477 1760 2508 ὅλως
1777 2477 1808 2503 ὲν

1018 2522 1148 2558 μετουσίᾳ
1163 2523 1257 2557 σοφίας
1270 2520 1338 2549 εἶναι
1356 2523 1403 2549 καὶ
1422 2522 1548 2556 γνώσεως
1561 2523 1649 2549 κοινόν
1665 2524 1722 2549 ἐστι
1738 2524 1806 2549 πᾶσι

1016 2571 1072 2601 τοῖς
1087 2569 1215 2596 θεοειδέσι
1232 2568 1286 2595 τῶν
1294 2568 1404 2604 νοερῶν·
1423 2568 1454 2595 τὸ
1468 2568 1496 2595 δὲ
1507 2568 1648 2605 προσεχᾶκ
1663 2569 1710 2596 καὶ
1725 2568 1804 2604 ἰτρὼ-

815 2759 932 2787 VARIIE
952 2759 1158 2788 LECTIONES.

210 2834 232 2875 ξ’
246 2834 281 2875 ita
304 2835 417 2875 habebat
432 2836 518 2875 Mart
541 2837 570 2875 ὃ.
589 2837 644 2875 ΔΑιὶἰ
660 2838 768 2875 codices
788 2839 838 2866 Clt.
859 2839 890 2866 Ι).
914 2840 943 2867 P.
965 2841 990 2867 ει
1006 2839 1042 2875 γὰ

1078 2839 1413 2886 dp_é0:xﬁa.clttterpretcs
1435 2841 1571 2876 legerunt.
1609 2842 1631 2858 "
1651 2842 1717 2869 Ὑπὸ
1743 2841 1800 2869 τῶν

191 2848 231 2883 ’,ν
247 2848 281 2860 ua
304 2848 417 2863 nnueuat
432 2848 466 2863 ιιι.
493 2848 518 2863 ιιι
542 2848 570 2880 9.
593 2848 644 2864 mu
660 2848 768 2865 (mulces
788 2848 838 2881 ιιιι.
860 2848 890 2866 υ.
914 2848 943 2882 ιζ.
965 2848 990 2867 ει
1006 2848 1060 2891 γαρ
1078 2848 1227 2886 apertum.
1252 2848 1338 2876 mterp

175 2877 252 2897 ιιιιων
268 2869 375 2905 λογίων,
389 2872 438 2900 C-h.
477 2873 499 2888 ⁸⁸
511 2881 566 2905 τοις
586 2873 783 2909 διωρισμένως,
797 2875 846 2902 (.h.
862 2874 894 2903 υ,
919 2878 947 2903 δ.
964 2876 992 2904 Ρ.
1031 2877 1042 2892 ⁸
1076 2884 1166 2910 αυται,
1184 2875 1213 2902 D.
1235 2875 1264 2904 S.
1280 2875 1310 2903 Ρ.
1327 2901 1338 2908 ,
