1933 3075
118 182 174 209 295

436 179 480 206 DE
495 178 657 207 C(ELESTI
673 176 894 210 HIEBABCHIA,
912 176 988 205 CAP.
1005 175 1064 204 ΧΠ.
1082 192 1117 198 -
1131 176 1296 204 CORDERll
1311 177 1428 206 NOTJE.

1693 179 1747 207 204

118 248 175 270 τως
188 239 205 274 ἢ
221 238 353 273 δευτέρως
372 237 420 264 καὶ
434 237 586 272 ὑφειμένως
601 235 692 262 οὐκέτι
702 236 724 251 ⁸⁷
738 235 837 267 κοινὸν,
851 234 908 261 ἀλλ’

966 235 1100 269 tionisqne
1107 235 1266 269 participem
1274 235 1415 268 exsistere,
1426 243 1570 264 commune
1577 243 1617 264 est
1625 237 1749 264 omnibus

119 286 159 317 ὠς
170 285 278 320 ἑκάστῳ
288 284 355 320 πρὸς
364 284 415 319 τῆς
425 284 529 315 οἰκείας
539 283 683 317 ἀναλογίας
690 282 814 317 ὥρινπαι.
826 281 913 308 Τοῦτο

119 332 149 359 δὲ
161 333 209 358 καὶ
221 331 285 367 περὶ
300 331 408 357 πάντων
425 330 479 356 τῶν
490 330 569 356 θείων
583 329 651 356 νοῶν
665 329 714 355 οὐκ
720 329 755 356 ἄν
769 337 810 360 τις
827 328 910 364 ἡμαρ-

119 377 247 412 τημένως
262 376 392 413 ὁρίσαιτο·
408 376 456 402 καὶ
472 375 526 410 γὰρ
541 375 635 410 ὥσπερ
654 375 677 401 οἱ
695 373 797 410 πρῶτοι
815 381 911 409 περισ-

122 422 178 454 σῶς
191 422 281 457 ἔχουσι
294 421 344 453 τὰς
357 421 411 447 τῶν
423 421 574 456 ὑφειμένων
583 421 759 456 ὰγιοπρεπεῖς
768 419 911 455 ἰδιότητας,

121 467 209 499 οὕτως
231 467 337 502 ἔχουσιν
359 468 383 493 οἱ
398 466 546 493 τελευταῖοι
564 466 613 497 τὰς
630 465 684 492 τῶν
706 465 856 501 προτέρων,
881 464 912 491 οὔ

124 512 178 548 μὴν
190 513 299 548 ὁμοίως,
315 512 372 538 ἀλλ’
387 512 550 547 ὑφειμένως.
565 511 647 538 Οὐδὲν
660 509 717 542 οὖν,
734 511 772 542 ὡς
782 508 868 545 οἶμαι,
881 510 912 537 τὸ

122 559 233 591 ἄτοπον,
252 560 276 585 εί
295 559 342 586 καὶ
359 558 406 585 τὸν
424 559 484 585 καθ’
506 559 579 594 ἡμᾶς
599 559 739 595 ἱεράρχην,
765 558 879 592 ἄγγελον
896 559 912 594 ἡ

124 605 249 639 θεολογία
268 606 346 632 καλεῖ
359 606 406 632 τὸν
424 604 495 631 κατὰ
516 605 630 640 δύναμιν
649 604 752 632 οἰκείαν
768 605 914 640 μετέχοντα

122 651 173 686 τῆς
190 651 245 677 τῶν
259 651 380 685 ἀγγέλων
393 651 565 686 ὑποφητικῆς
577 651 717 686 ἰδιότητος,
729 650 777 676 καὶ
791 650 857 685 πρὸς
866 649 914 685 τὴν

122 698 323 733 ἐκφαντορικὴν
338 697 428 723 αὐτῶν
436 697 574 733 ὁμοίωσιν,
583 697 620 729 ὡς
632 697 742 732 ἐφικτὸν
750 696 913 732 ἀνθρώποις,

123 744 341 779 ἀνατεινόμενον.

966 281 1145 308 deiformibus
1169 281 1377 316 intclligentiis;
1405 289 1498 309 verum
1529 285 1702 310 continenter
1720 289 1749 310 et

965 327 1143 360 immediate,
1177 326 1300 361 primove
1337 327 1380 353 vel
1413 328 1534 355 secundo
1568 329 1749 362 inferiorique

965 373 1063 408 gradu,
1079 381 1131 400 non
1149 379 1191 400 est
1202 373 1258 408 jam
1279 381 1442 406 commune,
1468 375 1514 401 sed
1537 379 1617 408 prout
1637 374 1749 402 cuilibet

965 427 1015 454 pro
1034 420 1165 455 cujusque
1182 424 1263 454 captu
1281 419 1364 447 fuerit
1380 420 1569 447 distributum.
1585 419 1641 448 Hoc
1656 422 1749 456 utique

965 466 999 493 de
1012 466 1138 493 omnibus
1153 473 1260 501 quoque
1278 467 1415 494 mentibus
1430 466 1530 493 divinis
1545 466 1590 500 qui
1606 467 1748 498 statuerit,

965 512 1076 539 minime
1089 513 1208 544 errabit;
1227 512 1297 539 sicut
1311 513 1381 539 enitn
1408 512 1502 547 prima:
1526 513 1678 539 eminenter
1703 519 1750 538 sa-

966 564 1127 587 crosanctus
1148 559 1307 586 inferiorum
1333 559 1476 586 continent
1502 560 1692 593 proprietates,
1709 559 1748 586 ita

964 613 1071 641 quoque
1081 605 1182 632 ultimae
1197 606 1329 640 priorum,
1339 605 1402 631 licet
1415 612 1466 631 non
1479 604 1549 638 pari,
1562 604 1610 631 sed
1626 604 1748 631 infcriori

963 652 1061 686 gradu.
1077 651 1150 679 Nihil
1166 652 1250 687 igitur
1266 651 1377 678 absurdi
1389 651 1443 685 sit,
1467 656 1495 678 ut
1514 657 1580 686 puto
1592 671 1600 683 ,
1622 651 1644 677 si
1664 650 1748 678 nostri

964 698 1070 725 ordinis
1085 699 1237 725 antistitem
1256 698 1390 732 theologia
1418 705 1525 732 quoque
1549 697 1673 731 angelum
1699 705 1749 731 ap-

965 743 1057 778 pellet.
1076 748 1105 769 ut
1120 744 1165 778 qui
1183 750 1232 778 pro
1247 743 1320 770 virili
1337 749 1415 778 parte
1436 743 1584 777 angelicam
1605 743 1687 770 etiam
1702 742 1750 769 do-

125 791 218 817 cendo
257 791 403 825 participet
429 789 644 825 proprietatem,
673 794 755 823 atque
780 788 812 814 ad
837 795 930 815 eorum
947 788 1175 822 similitudinem,
1204 793 1336 823 quantum
1362 788 1389 816 in
1424 788 1581 816 hominibus
1612 793 1675 820 est,
1703 794 1751 822 per

124 835 324 870 interpretandi
349 843 447 863 munus
468 835 591 862 accedat.

899 912 913 949 ς
934 910 992 941 ttt.

162 987 296 1022 Εὑρήσεις
315 986 353 1019 δὲ,
363 987 404 1013 ὃτι
420 987 468 1013 καὶ
481 987 558 1018 θεοὺς
571 987 588 1022 ἠ
603 985 726 1020 θεολογία
739 985 815 1012 καλεῖ
829 985 878 1016 τάς
885 993 914 1011 τε

125 1033 254 1069 οὐρανίας
269 1033 315 1059 καὶ
324 1033 394 1068 ὑπὲρ
403 1034 476 1068 ἡμᾶς
483 1033 586 1065 οὐσίας,
601 1032 648 1058 καὶ
658 1032 721 1063 τοὺς
729 1040 767 1058 πα
772 1032 794 1066 ρ’
806 1032 822 1066 ἡ
827 1030 883 1066 μῶν
891 1030 913 1046 ⁸⁸

126 1078 339 1114 φιλοθεωτάτους
374 1080 421 1106 καὶ
450 1080 539 1116 ἱεροὺς
571 1080 687 1115 ἄνδρας,
717 1079 763 1106 καί
796 1087 836 1105 τοι
865 1078 915 1114 τῆς

126 1124 275 1160 θεαρχικῆς
286 1125 466 1161 κρυφιότητος
488 1126 655 1162 ὑπερουσίως
676 1126 803 1153 ἁπάντων
815 1123 916 1161 ἐξῃρη-

128 1169 214 1205 μένης
225 1179 255 1196 τε
270 1171 317 1197 καὶ
336 1171 565 1207 ὑπεριδρυμένης,
580 1171 627 1198 καὶ
648 1171 761 1208 μηδενὸς
775 1171 843 1207 αὐτῇ
860 1170 915 1197 τῶν

126 1215 211 1242 ὄντων
231 1216 367 1252 ἐμφεροῦς
381 1217 560 1252 ὀνομάζεσθαι
580 1217 680 1253 κυρίως
694 1217 740 1243 καὶ
760 1216 858 1248 ὑλικῶς
871 1216 916 1242 δυ-

127 1262 256 1298 ναμένου·
275 1262 343 1298 πλὴν
361 1263 411 1290 ὅσα
424 1263 478 1289 τῶν
493 1263 593 1299 νοερῶν
605 1271 635 1289 τε
650 1263 697 1290 καὶ
714 1261 830 1297 λογικῶν
847 1262 916 1299 πρὸς

127 1309 178 1343 τὴν
192 1308 287 1334 ἕνωσιν
299 1308 394 1344 αὐτῆς,
406 1309 456 1345 ὅση
469 1309 593 1344 δύναμις,
611 1308 708 1340 ὁλικῶς
718 1308 915 1343 ὲπέστραπται,

128 1355 176 1381 καὶ
191 1353 260 1390 πρὸς
271 1354 321 1386 τὰς
341 1354 417 1387 θείας
439 1355 525 1390 αὐτῆς
544 1354 707 1390 ἐλλάμψεις,
732 1354 771 1386 ὡς
794 1353 915 1388 ἐφικτὸν,

128 1399 326 1436 ἁκαταλήκτως
336 1401 514 1432 ἀνατείνεται,
530 1402 563 1436 τῇ
578 1400 648 1427 κατὰ
660 1400 783 1436 δύναμιν,
797 1400 821 1426 εί
838 1399 917 1434 Θέμις

128 1444 228 1478 εἰπεῖν,
238 1446 313 1482 Θεομι
319 1447 414 1482 μησίᾳ,
425 1447 529 1482 καὶτῆς
537 1446 630 1482 θεῐκῆς
638 1446 660 1462 θ’
668 1445 827 1482 ὁμωνυμίας
837 1444 918 1480 ἠξιω-

128 1499 186 1519 ςαι.

1001 983 1129 1017 Quiuimo
1145 983 1266 1018 reperias
1278 983 1291 1003 ἀ
1302 1004 1309 1016 ,
1326 984 1487 1019 theologiam
1504 993 1610 1020 quoque
1627 986 1692 1014 deos
1702 994 1751 1020 ap-

949 1029 1067 1066 :pellare
1080 1030 1205 1057 caelestes
1221 1030 1280 1057 illas
1295 1037 1480 1066 supernasque
1498 1031 1666 1059 substantias
1679 1052 1687 1065 ,
1713 1033 1750 1060 uti

965 1079 994 1104 et
1009 1081 1129 1107 sanctos,
1146 1076 1192 1110 qui
1207 1076 1279 1109 apud
1294 1083 1345 1103 nos
1362 1082 1423 1103 sunt
1434 1096 1442 1108 ,
1459 1077 1531 1104 viros
1549 1077 1659 1112 Deoqne
1681 1079 1750 1106 ami-

965 1122 1090 1149 cissimos
1104 1130 1112 1154 ;
1128 1129 1188 1148 cum
1206 1126 1296 1149 tamen
1313 1129 1429 1150 arcanus
1445 1122 1490 1150 ille
1512 1123 1559 1150 Dei
1583 1125 1752 1159 principatus

967 1168 1235 1204 superessentialiter
1247 1169 1374 1196 omnibus
1386 1169 1516 1204 emineat,
1529 1174 1559 1197 ut
1569 1178 1648 1205 supra
1661 1171 1751 1198 omnia

966 1215 1083 1247 locatus,
1099 1214 1221 1249 nihilque
1234 1214 1271 1241 illi
1289 1216 1399 1249 proprie
1419 1220 1501 1250 atque
1524 1224 1559 1243 ex
1582 1221 1640 1244 tuto
1664 1217 1753 1245 simile

966 1261 992 1288 in
1006 1261 1087 1288 rebus
1101 1260 1145 1288 vel
1160 1268 1229 1293 esse,
1247 1260 1289 1287 vel
1304 1261 1439 1288 nominari
1453 1263 1553 1297 possit;
1569 1268 1752 1290 verumtamen

967 1314 1136 1342 quaecunque
1149 1315 1197 1335 seu
1210 1306 1375 1342 spiritalium
1390 1315 1437 1335 seu
1453 1308 1628 1336 rationalium
1645 1315 1753 1336 creatu-

967 1360 1060 1380 rarum
1075 1353 1107 1380 ad
1123 1353 1181 1388 ejus
1205 1355 1333 1382 unionem
1348 1375 1355 1387 ,
1371 1359 1504 1390 quantum
1529 1354 1622 1387 valet,
1647 1354 1754 1388 integre

967 1405 1098 1425 conversa
1121 1398 1220 1430 fuerit,
1237 1404 1265 1427 et
1279 1400 1313 1427 ad
1335 1400 1442 1427 divinas
1463 1399 1521 1434 ejus
1544 1399 1754 1432 illustrationes,

971 1445 1060 1479 quoad
1074 1450 1173 1480 potest.
1189 1446 1374 1475 indesinenter
1389 1446 1546 1477 intenderit,
1567 1446 1639 1481 quod
1653 1453 1702 1480 pro
1716 1445 1755 1472 vi-

972 1491 1027 1523 rili.
1044 1491 1066 1519 si
1083 1491 1157 1519 dictu
1174 1492 1214 1519 fas
1230 1496 1281 1524 est,
1301 1491 1386 1519 Deum
1402 1492 1534 1525 imitetur,
1546 1492 1638 1520 divino
1647 1499 1756 1528 quoque

972 1539 1081 1565 nomine
1096 1539 1302 1566 condecoratur.

722 1613 989 1643 ADNOTATIONES
1007 1615 1182 1644 CORDERII.

167 1694 183 1730 §
201 1695 222 1722 ι.
244 1694 310 1722 Nota
326 1702 358 1722 ex
374 1694 404 1722 P.
417 1694 544 1723 Cornelio
566 1695 600 1724 ad
624 1694 715 1724 locum
738 1695 878 1724 Malachia:
902 1696 1014 1724 citatum
1042 1700 1145 1731 septem
1167 1695 1302 1729 rationes,
1315 1696 1349 1723 oh
1363 1703 1431 1731 quas
1445 1696 1574 1724 sacerdos
1587 1696 1693 1725 dicatur
1707 1705 1757 1724 an-

131 1732 212 1766 gelus
229 1731 289 1758 Dei.

167 1765 270 1802 Prima,
286 1765 348 1802 quia
365 1769 407 1793 est
423 1766 537 1802 nuntius
551 1765 598 1794 Dei
614 1766 647 1794 ad
664 1766 810 1799 homines;
826 1767 898 1794 unde
912 1766 1044 1802 Tigurina
1060 1767 1163 1802 vertit:
1180 1766 1293 1802 Legatus
1318 1766 1388 1793 enim
1402 1772 1438 1794 ut
1456 1767 1563 1794 Domini
1581 1767 1756 1796 exercituum.

131 1800 212 1828 Sicut
226 1800 297 1828 enim
313 1800 420 1837 legatus
436 1809 488 1828 non
504 1801 577 1829 aliud
593 1809 673 1836 quam
698 1802 827 1837 principis
841 1809 871 1829 se
885 1800 1002 1836 legantis
1023 1801 1190 1829 voluntatem
1213 1800 1377 1834 annuntiat,
1391 1802 1474 1836 eique
1498 1803 1563 1829 nihil
1588 1803 1687 1829 addere
1709 1809 1757 1829 aut

130 1837 245 1872 demere
266 1841 374 1872 potest;
390 1836 426 1862 ita
441 1841 470 1863 et
479 1838 607 1864 sacerdos
623 1837 667 1864 Dei
683 1836 847 1865 voluntatem
873 1838 1015 1864 annuntiat
1039 1838 1145 1872 populo,
1161 1837 1240 1872 eique
1257 1837 1322 1864 nihil
1337 1837 1438 1864 addere
1460 1842 1513 1864 aut"
1526 1839 1636 1864 demere
1657 1843 1756 1871 potest,

132 1871 172 1897 ait
186 1875 297 1898 sanctus
308 1870 519 1907 Chrysostomus
532 1872 606 1899 hom.
620 1872 647 1902 2,
660 1872 687 1898 in
703 1872 789 1907 Epist.
802 1873 836 1899 ad
853 1872 929 1899 Rom.
941 1872 980 1899 Ac
995 1870 1112 1899 vicissim
1126 1877 1186 1899 vota
1197 1870 1293 1907 populi
1311 1873 1393 1899 rel'ert
1405 1873 1439 1898 ad
1457 1872 1551 1899 Deum.
1567 1872 1614 1899 Est
1625 1870 1688 1907 ergo
1701 1878 1756 1899 tant

131 1907 238 1942 legatus
252 1906 343 1942 populi
357 1906 390 1933 ad
406 1906 501 1939 Deutn,
516 1914 597 1942 quam
614 1907 660 1935 Dei
677 1908 710 1934 ad
726 1907 865 1942 populutn,
880 1913 943 1942 puta
961 1908 1031 1934 inter
1046 1913 1190 1941 utrumque
1203 1906 1399 1939 internuntius.
1415 1908 1548 1934 mediator
1562 1911 1590 1933 et
1602 1906 1753 1941 sequester.
1789 1922 1798 1928 ε

170 1941 296 1968 Secunda
310 1961 318 1973 ,
337 1941 401 1975 quia
424 1941 494 1969 sicut
510 1943 598 1976 angeli
622 1941 779 1970 ministrant
799 1942 855 1970 Deo
867 1941 928 1975 {ita
945 1947 972 1969 et
986 1943 1162 1974 Sacerdotes;
1181 1944 1251 1970 unde
1275 1943 1418 1970 Chaldaeus
1432 1944 1512 1969 vertit
1526 1951 1533 1969 :
1554 1942 1623 1975 Quia
1638 1943 1758 1969 minister

131 1981 170 2003 est
182 1984 271 2013 coram
286 1976 399 2013 Domino
412 1978 582 2004 eaercituum.
598 1978 668 2005 Deus
684 1983 784 2010 autem,
802 1978 889 2013 inquit
904 1977 1085 2005 Tertullianus
1102 1978 1147 2005 lib.
1167 1983 1258 2005 contra
1271 1977 1394 2010 Judwaa,
1409 1985 1470 2012 cap.
1482 1978 1509 2010 9.
1518 1985 1565 2005 eos
1579 1984 1676 2005 vocare
1692 1985 1758 2005 cou-

131 2011 227 2039 auevit
242 2012 362 2046 angelos,
380 2019 450 2046 quos
465 2012 574 2040 virtutis
588 2021 644 2040 sua:
659 2013 799 2040 ministros
818 2011 950 2046 praefecit.

815 2022 959 2075 Eximi}.
973 2048 1171 2081 collaudantes,
1190 2048 1226 2075 ita
1242 2053 1269 2076 et
1284 2048 1412 2075 sacerdos
1424 2048 1526 2083 jngiter
1537 2055 1618 2075 orare
1639 2052 1667 2074 et
1683 2047 1754 2082 psal-

170 2047 275 2078 Tertia,
290 2047 354 2081 quia
370 2048 441 2074 sicut
453 2048 544 2082 angeli
556 2048 657 2082 jugiter
671 2049 803 2075 assistunt

132 2081 191 2110 lere
204 2082 295 2114 debet,
309 2083 385 2117 juxta
401 2082 464 2109 illud
479 2081 677 2111 Pisahcixxvn
690 2090 697 2109 :
713 2083 746 2110 In
761 2088 901 2117 conspectu
916 2083 1068 2117 angelorum
1081 2084 1193 2118 psallam
1205 2085 1263 2111 tibi.

170 2118 287 2151 Quarta,
302 2118 365 2151 quia
378 2119 538 2152 angelorum
561 2120 691 2154 virtulein
715 2126 747 2146 ac
769 2119 915 2153 puritatem
942 2118 1041 2145 imitari
1068 2119 1167 2154 debet;
1194 2120 1265 2146 umle
1288 2118 1425 2152 Isidorus,
1452 2117 1581 2145 Dorotltei
1606 2118 1757 2154 presbyteri

135 2153 274 2180 levitatem
289 2155 435 2187 castigans.
453 2153 501 2189 lib.
514 2159 538 2186 ι,
550 2154 630 2188 epist.
644 2153 708 2186 519,
725 2155 783 2181 ait:
803 2162 812 2178 ι
829 2154 962 2181 Sacerdos
971 2154 1042 2181 enim
1067 2153 1174 2181 Domini
1197 2154 1392 2189 omnipotentis
1421 2155 1532 2189 angelus
1557 2159 1619 2187 est;
1644 2153 1758 2188 angelus

137 2193 226 2215 autent
237 2189 326 2223 risum
339 2189 437 2221 nescit,
451 2187 507 2216 Deo
523 2187 584 2216 cum
602 2194 674 2216 metu
691 2195 718 2215 et
733 2196 833 2223 pavore
845 2189 1013 2216 tninistratts.
1026 2197 1036 2214 ι
1274 2187 1281 2189 ’
1430 2199 1434 2202 ~

174 2222 255 2257 108
265 2223 374 2260 Quinta,
390 2227 519 2251 sacerdos
531 2224 643 2258 angelus
652 2222 907 2251 estconsccratione
920 2224 1025 2260 divina,
1041 2231 1105 2260 iqua
1132 2225 1262 2259 majorem
1278 2229 1438 2259 potestatem
1449 2226 1553 2260 accepit
1563 2232 1643 2260 quam
1657 2223 1757 2259 angeli,

138 2263 168 2284 ut
183 2261 296 2292 pulchre
312 2266 344 2285 ac
362 2259 421 2285 l'use
437 2260 533 2293 prohat
544 2264 658 2286 sanctus
672 2259 884 2294 Cbrysostotnus
901 2260 927 2285 in
942 2259 1019 2286 libris
1036 2259 1072 2285 De
1101 2260 1260 2287 sacerdotio.

173 2294 278 2331 Sexta,
290 2294 353 2329 quia
371 2295 528 2328 angelorum
545 2296 597 2322 tria
608 2300 672 2322 sunt
689 2295 792 2327 munia,
808 2295 912 2322 scilicet
922 2302 1048 2329 purgare,
1066 2294 1228 2327 illuminare,
1237 2301 1265 2322 et
1279 2296 1421 2331 perﬁcere,
1435 2303 1495 2330 quae
1511 2295 1576 2323 item
1589 2299 1651 2322 sunt
1667 2294 1758 2321 munia

139 2329 298 2356 sacerdotis.

174 2364 306 2399 Septima,
319 2365 381 2399 quia
394 2365 551 2399 angelorum
573 2369 614 2392 est
631 2373 807 2400 perseverare
832 2366 858 2392 in
883 2364 1028 2392 sanctitate
1051 2373 1083 2393 ac
1107 2366 1324 2400 sanctiﬁcatione
1336 2387 1344 2400 ,
1357 2372 1386 2393 ut.
1401 2366 1440 2393 ait
1462 2366 1587 2398 Basilius,
1604 2364 1698 2392 homil.
1720 2363 1759 2390 De

139 2399 240 2433 Spiritu
254 2405 345 2427 sancto
355 2408 366 2432 ;
378 2401 423 2435 qui
437 2401 510 2427 enim
524 2401 551 2427 in
565 2408 596 2428 ea
613 2408 666 2428 non
680 2405 932 2435 perseveraverunt,
946 2400 1010 2427 facti
1026 2407 1089 2428 sunt
1102 2399 1238 2430 daemones
1250 2411 1257 2434 ;
1273 2402 1311 2429 ita
1325 2403 1461 2429 sacerdoti
1478 2402 1630 2429 necessaria
1646 2405 1687 2426 est
1701 2407 1764 2433 per-

139 2435 291 2472 seyerantia
306 2436 334 2462 in
342 2443 398 2472 suo
411 2443 495 2469 opere
507 2441 536 2463 et
548 2436 639 2463 ofﬁcio
653 2443 661 2468 ;
676 2438 709 2464 de
724 2436 824 2470 quibus
834 2443 918 2472 aurea
942 2442 984 2462 est
1003 2438 1137 2472 sententia
1163 2439 1250 2464 sancti
1272 2437 1395 2472 Gregorii
1415 2437 1578 2464 Nazianzcni
1594 2435 1716 2472 inﬂApot.
1731 2442 1738 2461 l
1753 2441 1760 2459 :

139 2479 150 2495 ι
171 2469 307 2503 Veritatis,
322 2471 371 2503 ait,
390 2472 505 2499 antistes
521 2476 549 2498 et
562 2469 748 2506 propugnator
763 2479 825 2498 cum
840 2471 999 2506 angelorum
1014 2471 1100 2499 classe
1113 2477 1194 2506 atque
1211 2473 1307 2499 ordine
1322 2469 1364 2500 est
1375 2492 1382 2502 ,
1397 2480 1459 2499 cum
1480 2471 1652 2505 archangelis
1675 2469 1758 2495 Deum

137 2505 269 2537 celebrat,
283 2507 317 2543 ad
332 2514 480 2540 supernum
497 2505 584 2543 altare
601 2505 735 2543 sacrihcia
752 2505 925 2536 transmittit,
942 2505 1156 2540 simulquecunl
1166 2507 1275 2534 Christo
1286 2508 1406 2542 Iungitur
1418 2507 1581 2537 sacerdotio.
1602 2506 1758 2543 ﬁgmentqu

137 2546 290 2574 instaurat,
312 2542 510 2576 imaginemque
533 2542 664 2577 Creatori?
677 2542 769 2574 sistit,
791 2546 819 2568 et
844 2548 992 2576 supernum
1014 2543 1115 2570 mundo
1143 2544 1268 2577 opilicetu
1293 2544 1366 2577 agit,
1390 2548 1435 2576 et,
1456 2542 1569 2575 utquod
1595 2542 1683 2574 majus
1706 2543 1758 2570 esi,

136 2577 241 2612 dicant,
254 2577 325 2602 Deus
337 2582 389 2609 est,
406 2578 530 2612 aliosque
549 2578 613 2604 deos
626 2576 732 2604 allicit.»

175 2610 191 2647 ξ
207 2612 240 2637 ll.
256 2613 415 2639 Sanctorum
429 2609 563 2639 cherubim
576 2613 640 2639 ordo
651 2613 787 2647 sapientiw
796 2612 962 2645 scientiwque
973 2611 1076 2639 altioris
1090 2619 1126 2640 est
1138 2615 1279 2647 particeps,
1297 2617 1349 2641 etc.
1362 2613 1401 2641 Ex
1414 2613 1466 2640 hoc
1480 2611 1539 2640 loco
1551 2611 1630 2638 divus
1642 2609 1760 2647 Thomas

137 2645 226 2684 pinna
237 2654 325 2681 parte,
334 2649 485 2682 quaestione
498 2648 542 2680 55,
553 2649 629 2675 artic.
640 2647 667 2679 5,
679 2645 775 2682 probat
784 2647 905 2684 angelus,
914 2652 1016 2680 quanto
1027 2645 1184 2682 superiores
1199 2645 1276 2681 sunt,
1286 2654 1362 2676 tanto
1372 2656 1420 2684 per
1435 2649 1538 2682 species
1547 2645 1759 2684 universaliores

137 2683 302 2716 intelligere.
322 2692 331 2708 ι
347 2684 404 2711 lloc
418 2684 503 2716 cuitu,
517 2685 616 2718 inquit,
630 2689 694 2710 sunt
707 2684 734 2710 in
754 2685 837 2710 rebus
851 2683 943 2717 aliqua
957 2684 1110 2716 superiora,
1123 2691 1177 2719 quo
1190 2689 1253 2712 sunt
1269 2693 1314 2712 unt
1328 2682 1434 2720 primo,
1449 2684 1521 2719 quod
1544 2682 1614 2710 Deus
1626 2686 1678 2714 est,
1696 2685 1761 2715 μνο-

173 2728 186 2747 ἀ
199 2728 271 2756 ίέειι.
285 2737 357 2764 xciv,
370 2738 452 2757 um
463 2738 471 2763 ;
483 2730 551 2758 Gen.
571 2738 648 2758 nam
661 2739 668 2764 ;
682 2730 769 2759 Exod.
784 2736 833 2757 vn.

764 2808 879 2836 VARl/E
899 2807 1101 2842 LECTIQNES.

172 2871 195 2888 ³⁷
212 2879 257 2905 γρ.
284 2870 334 2897 οὐκ
347 2870 413 2898 ἔστι.
452 2870 475 2886 ³³
491 2869 556 2906 παρ’
573 2870 649 2906 ἡμῖν,
665 2868 715 2898 Ch.
730 2868 781 2897 ΞΡ.
796 2868 827 2897 D.
843 2868 889 2896 Sc.
904 2867 913 2895 ξ

979 2867 1041 2896 Ver.
1079 2866 1101 2884 "
1119 2866 1167 2894 Ch.
1184 2865 1230 2892 καὶ
1241 2864 1291 2902 τῆς
1307 2863 1393 2894 Θείας,
