1933 3075
82 170 131 198 297

337 168 381 196 DE
396 167 557 196 C(ELESTI
577 165 785 194 HIERARCHIA
803 164 879 193 CAP.
898 163 954 192 ΧΠ.
973 178 1007 183 -
1024 162 1196 191 PARAPHR.
1214 161 1450 190 PACHYMERE.

1651 162 1705 191 9.98

114 227 127 263 ς
137 227 170 254 il.
179 226 246 254 Λύει
255 225 343 253 τοίνυν
353 224 476 252 ἐντεῦθεν
483 224 514 251 τὸ
526 223 699 259 ζήτημα,καὶ
709 222 783 256 λέγει
792 230 799 236 ·
809 221 866 249 υὺκ

955 217 1007 254 §ll.
1024 217 1110 246 Solvit
1125 218 1170 246 hic
1184 218 1267 252 igitur
1276 217 1465 252 quaestionem.
1474 221 1497 246 el
1511 217 1575 245 dicit
1586 218 1604 246 ιι
1615 226 1639 246 ὀ
1653 226 1706 246 non

80 273 199 302 ἐναντίον
223 273 283 299 ἐστὶ
306 271 386 298 τοῦτο
408 272 466 302 τοῖς
490 269 753 305 προδιωρισμένοις,
777 267 870 300 καθὼς

81 322 134 357 ἄρα
145 319 356 348 κατασκευάσει.
380 317 474 353 Φαμὲν
488 316 554 352 γὰρ,
573 316 615 342 Mt.
629 315 681 350 τῆς
698 314 792 349 ὁλικῆς
809 314 870 340 ίδιό-

80 376 158 403 τητος
178 367 233 395 τῶν
250 365 407 402 ὑπερτέρων
427 365 461 392 τὰ
482 364 621 391 τελευταία
643 362 804 392 ἀποδέουσι,
820 361 871 396 τῆς

80 414 109 441 δέ
124 413 240 449 μερικῆς
261 413 430 448 μετέχουσιν,
451 412 490 443 ὡς
504 411 635 445 ἀναλόγου
647 411 707 441 ταῖς
721 409 869 444 δυνάμεσιν

82 459 184 486 αὐτῶν·
201 459 266 486 διότι
282 458 335 486 ὑπὸ
349 458 414 494 μίαν
427 457 584 487 δεσποτείαν
600 458 669 484 εἰσιν
689 456 806 486 ἅπαντα,
823 455 870 482 καλ¹

82 507 140 533 καθ’
155 507 188 542 ἢν
210 507 257 533 καὶ
272 506 468 543 ὲναρμόζονται
487 506 533 533 καὶ
557 505 720 532 συνδέονται.
743 502 804 532 Οἷον
823 506 871 531 ἐπὶ

81 553 310 589 παραδείγματος,
326 552 361 580 τὰ
381 552 515 588 χερουϐὶμ
533 551 641 587 μετέχει
662 550 757 585 σοφίας
771 550 872 586 ὑψηλο-

80 599 161 635 τέρας
180 599 228 626 καὶ
248 599 385 634 γνώσεως,
409 599 436 626 αἱ
459 598 488 625 δὲ
511 597 707 632 ὖποδεὸηκυῑαι
728 597 871 632 μετέχουσι

81 647 127 672 καὶ
140 646 221 672 αὐταὶ
233 645 328 680 σοφίας
341 645 388 672 καὶ
402 644 538 679 γνώσεως,
553 643 668 679 (sapuit;
680 643 707 670 δὲ
719 643 786 679 πρὸς
801 643 872 669 έκεῖ-

80 700 122 718 να.
137 692 192 719 Καὶ
203 691 235 718 τὸ
252 692 299 727 μὲν
311 691 378 722 ὅλως
388 691 417 717 ὲν
433 690 562 726 μετουσίᾳ.
576 689 677 725 ταύτης
698 686 767 716 εἶναι
781 689 870 716 κοινόν

81 738 138 764 ἐστι
153 738 200 764 καὶ
212 738 268 768 τοῖς
283 736 414 772 χερουὸὶμ
427 737 474 763 καὶ
488 737 544 767 τοῖς
554 735 643 767 ἄλλοις
652 743 659 750 ·
671 735 701 761 τὸ
712 735 740 761 δὲ
755 734 871 770 πρώτως

82 785 127 811 καὶ
139 783 316 820 προσεχῶς,ἢ
331 783 411 810 πάλιν
425 783 556 818 δευτέρως
571 783 617 809 καλ.
629 782 790 818 ὑφειμένως,
806 782 871 808 οὐκ-

81 830 121 857 έτι
136 829 235 860 κοινὸν,
253 829 320 856 ἀλλά
339 829 430 861 καθὼς
440 829 473 856 ἂν
493 828 600 864 ἑκάστῳ
613 827 690 864 παρὰ
706 828 755 864 τῆς
770 828 874 860 οἰκείας

81 875 226 910 ἀναλογίας
233 875 355 911 ὥρισται.
364 876 488 911 Ὢρισται
495 875 523 902 δὲ
533 873 618 906 εἶπεν,
628 875 658 901 οὺ
673 874 760 910 δηλῶν
773 874 872 910 εἱμαρ-

83 922 166 957 μένην
180 922 241 948 τινὰ
257 922 304 949 καὶ
326 921 502 958 ἀπαράϐατον
531 921 653 957 ἀνάγκην
666 941 673 952 ,
695 920 733 953 ὡς
748 920 873 948 εἰώθασιν

80 968 105 995 οί
120 968 213 995 πολλοὶ
223 967 325 1002 λέγειν·
341 968 408 995 ἀλλά
422 968 641 1004 περιωρισμένην
654 968 715 994 τινὰ
725 967 873 1002 ἀναλογίαν

81 1013 230 1049 δυνάμεως,
245 1014 292 1040 τοῦ
311 1013 357 1040 νοῦ
380 1013 470 1050 τυχὸν,
495 1014 566 1050 ὑπὲρ
592 1014 625 1050 ἣν
640 1014 735 1049 νοῆσαι
755 1014 786 1040 οὐ
807 1014 871 1050 χρή.

82 1059 169 1086 τοῦτο
181 1059 210 1086 δὲ
231 1059 261 1086 τὺ
274 1059 419 1095 λεγόμενον
438 1059 502 1095 ’περὶ¹
525 1059 580 1086 τῶν
602 1059 735 1095 χερουσὶμ
751 1059 798 1086 καὶ
819 1059 873 1086 τῶν

81 1105 270 1141 ὑποκειμένων
289 1106 381 1138 αὐτοῖς
400 1106 450 1132 οὐκ
470 1106 502 1132 ἄν
518 1114 560 1137 τις
576 1105 778 1142 ἡμαρτημένως
802 1106 873 1133 είποι

83 1152 130 1180 καὶ
143 1152 206 1188 περὶ
213 1151 267 1178 τῶν
281 1151 439 1179 ἄλλων.Καὶ
454 1151 509 1187 γὰρ
518 1151 612 1188 ὥσπερ
623 1152 648 1179 οξ
660 1151 761 1187 πρῶτοι
773 1151 874 1187 πληρε-

83 1198 188 1230 στὰτως
203 1198 293 1234 έχουσι
307 1197 342 1225 τὰ
354 1198 408 1225 τῶν
423 1198 585 1233 ὑφειμένων,
599 1197 685 1229 οὕτως
693 1199 718 1224 οἱ
727 1197 874 1225 τελευταῖοι

81 1244 116 1271 τὰ
130 1244 185 1271 τῶν
198 1244 348 1280 προτέρων,
359 1244 430 1280 πλὴν
443 1244 492 1280 οὐχ
508 1244 620 1279 ὁμοίως,
636 1244 693 1271 ἀλλ’
709 1244 871 1280 ὑφειμένως.

79 1290 165 1317 υὺδὲν
177 1288 234 1322 οὖν,
249 1290 287 1322 ὡς
300 1287 387 1326 οἶμαι,
401 1290 433 1317 τὸ
454 1290 565 1321 ἄτοπον,
582 1291 606 1317 εί
629 1291 676 1318 καὶ
689 1291 704 1317 ὁ
717 1290 778 1318 καθ’
799 1291 872 1326 ἡμᾶς

81 1337 216 1373 ίεράρχης
230 1337 344 1372 ἄγγελος
357 1337 472 1372 λέγοιτο,
486 1337 552 1364 διότι
563 1337 633 1364 κατὰ
643 1337 757 1372 δύναμιν
771 1337 874 1364 οἰκείαν

83 1384 193 1420 μετέχει
214 1384 263 1419 τῆς
281 1384 334 1410 τῶν
348 1383 471 1417 ἀγγέλων
484 1383 694 1418 ίδιότητος,ἥτις
711 1383 785 1412 ἐστὶν
807 1383 874 1410 ὑπο-

82 1429 185 1465 φητικὴ
199 1429 253 1456 τῶν
268 1428 357 1461 θείων,
373 1429 403 1455 ἐν
412 1425 433 1463 ᾧ
446 1429 649 1465 διαπράττεται,
667 1430 714 1456 καὶ
727 1429 793 1456 διότι
807 1429 874 1456 ἀνα-

80 1476 210 1506 τείνεται,
226 1475 265 1507 ὡς
278 1475 387 1510 ἐφικτὸν
400 1475 429 1502 δὲ
443 1475 605 1511 ἀνθρώποις,
623 1476 670 1502 καὶ
685 1475 715 1502 οὑ
728 1475 799 1502 κατὰ
811 1476 875 1508 τοὺς

80 1521 215 1556 ἀγγέλους
237 1522 305 1558 πρὸς
320 1522 369 1558 τὴν
391 1521 592 1558 ἐκφαντορικὴν
613 1522 742 1557 ὁμοίωσιν
757 1521 811 1548 τῶν
824 1522 875 1556 ἀγ-

81 1568 179 1603 γέλων.
201 1568 244 1600 Ὠς
263 1568 317 1604 γὰρ
332 1569 357 1595 oi.
372 1568 481 1603 ἄγγελοι
506 1569 664 1604 ἐκφαίνουσι
679 1569 710 1595 τὸ
728 1567 798 1595 θετον
814 1567 875 1603 βού-

79 1614 168 1650 λημα,
196 1614 268 1641 οὕτω
291 1615 338 1642 καὶ
362 1615 387 1641 οἱ
412 1615 537 1651 ίεράρχαι
561 1614 606 1642 διὰ
628 1615 679 1650 τῆς
702 1614 874 1646 διδασκαλίας

929 1605 982 1633 tur,
1002 1605 1133 1635 quantum

81 1661 184 1687 αὐτῶν.
207 1661 239 1688 Et
259 1661 288 1688 δὲ
307 1661 354 1688 καὶ
375 1661 419 1688 διὰ
435 1661 485 1696 τῆς
499 1661 626 1697 πράξεως
647 1660 718 1688 κατά
738 1660 779 1687 τό·
794 1661 874 1687 Ὅσα

79 1707 242 1740 ἐποίησαν,
257 1708 305 1735 καὶ
320 1707 379 1735 ὅσα
391 1706 533 1739 ἐδίδαξαν
544 1727 552 1739 ,
577 1707 657 1733 τοῦτο
678 1708 801 1742 κρεῖττον
827 1706 876 1733 καὶ

81 1753 196 1780 τέλειον.

118 1877 133 1912 §
147 1877 192 1904 lll.
208 1877 341 1914 Εὑρήσεις
354 1878 382 1905 δὲ
395 1879 442 1905 καὶ
462 1878 525 1906 ἀλλο
539 1879 628 1906 κοινὸν
644 1878 729 1914 δνομα
740 1879 878 1916 ὑπερύψη-

80 1923 129 1950 λον
141 1923 252 1959 ἔχοντας
265 1924 328 1956 τούς
338 1933 368 1951 τε
382 1925 514 1960 ἀγγέλους
523 1926 570 1952 καὶ
584 1926 648 1958 τοὺς
664 1926 878 1960 φιλοθεαηάτους

80 1970 246 2006 ἀνθρώπους
255 1970 309 1997 ἀπὸ
316 1970 363 1997 τοῦ
372 1972 543 2008 ἀσυγκρίτως
552 1972 770 2009 ὑπρὸεὸηκότος
779 1973 878 2004 αὐτοὺς

81 2015 153 2042 Θεοῦ
163 2025 170 2031 ·
188 2016 205 2052 ὴ
220 2018 274 2052 γὰρ
295 2016 426 2053 θεαρχικὴ
441 2018 589 2054 κρυφιὸτης
606 2018 775 2054 ὕπερουσίως
790 2018 876 2045 ἁπάν-

80 2071 139 2089 των
155 2062 295 2098 ἐξῄρηται,
306 2063 353 2090 καὶ
368 2064 553 2100 ὑπερίδρυται,
567 2065 614 2091 καὶ
623 2065 674 2091 οὐκ
682 2065 739 2091 ἐστι
753 2065 876 2100 τοιαύτη,

79 2110 122 2141 ὡς
144 2109 273 2137 δύνασθαί
287 2119 313 2137 τι
328 2110 383 2137 τῶν
407 2111 562 2146 κτισμάτων
584 2112 702 2148 ἐμφερὲς
722 2110 806 2144 εἶναι,
831 2114 878 2139 καὶ

80 2155 184 2187 ὀλικῶς
209 2155 238 2189 ἐξ
252 2156 360 2192 ἐκείνης
373 2157 570 2192 ὀνομάζεσθαι,
594 2157 686 2190 καθὼς
711 2159 728 2194 ἠ
751 2158 878 2190 ὑπόθεσις

80 2202 154 2237 ἔχει,
169 2203 210 2229 ὅτι
231 2203 285 2229 ἀπὺ
297 2203 351 2230 τῶν
366 2203 573 2239 ὑποϐεϐηκότων
589 2205 777 2240 ὀνομάζονται.
803 2205 836 2231 Τί
849 2205 878 2231 δὲ

80 2248 114 2274 τὸ
128 2248 230 2284 ovatus;
252 2250 325 2285 Ἐγὼ
340 2250 420 2283 εἶπα,
440 2251 506 2278 Θεοί
521 2250 602 2283 ἐστε,
633 2251 683 2278 καὶ
701 2251 761 2278 vlol
791 2252 877 2286 Ὑψί-

921 271 981 292 esse
992 263 1159 291 contrarium
1175 263 1209 290 iis
1220 269 1280 297 quae
1293 266 1356 290 ante
1367 262 1477 289 deﬁnita
1493 267 1567 290 sunt.
1588 262 1707 292 Dicimus

922 309 1006 344 t’llilﬂ,
1024 314 1178 343 postremas
1199 308 1369 344 superiorum
1395 308 1515 343 integras
1529 310 1708 344 proprietates

923 364 976 384 non
1001 355 1136 388 obtinere.
1159 355 1206 382 sed
1229 362 1263 381 ex
1285 358 1379 389 parte,
1404 360 1454 388 pro
1479 353 1575 380 virium
1598 362 1708 381 suerunt

922 407 1022 436 captu,
1055 401 1212 428 earumdem
1245 400 1390 435 participes
1412 400 1548 433 existere;
1580 407 1707 434 quontum

922 454 1017 475 onmes
1029 448 1080 475 sub
1096 447 1176 474 unius
1190 451 1252 473 sunt
1266 446 1415 477 dominatu.
1433 450 1460 473 et
1473 446 1620 473 secundum
1637 447 1707 475 hune

922 501 1016 522 onmes
1025 498 1225 528 componuntur
1239 499 1271 520 ac
1284 493 1495 527 conjtlngmltur.
1512 493 1632 527 Exempli
1646 501 1709 528 gra-

924 540 972 573 tia,
988 540 1129 568 cherubim
1143 539 1288 574 participes
1303 544 1367 566 sunt
1383 539 1522 573 sapientius
1541 538 1710 568 sublimioris

923 590 1005 620 atque
1022 585 1153 617 scientiae,
1168 584 1311 612 inferiores
1325 592 1397 618 vero,
1418 590 1445 612 et
1466 586 1530 620 ipsa!
1548 584 1709 619 sapientiam

923 631 1158 667 cognitionemque
1181 631 1355 666 participant,
1381 631 1429 658 sed
1448 635 1571 665 respectu
1602 630 1710 659 illorqu

924 677 1078 712 partialem.
1100 678 1188 712 Atque
1207 677 1354 705 universim
1371 678 1481 712 quidem
1505 678 1575 705 hanc
1599 678 1710 713 partici-

924 732 1007 759 pare.
1029 732 1173 752 commune
1195 729 1238 751 est
1264 729 1318 751 tam
1347 724 1489 752 cherubim
1514 732 1597 758 quam
1627 725 1710 751 aliis:

924 778 1017 798 verum
1036 771 1161 805 primitus
1182 774 1210 797 et
1232 771 1416 802 continenter,
1441 770 1481 797 vel
1506 770 1588 797 etiam
1611 777 1711 798 secun-

924 816 1000 844 dario
1015 821 1042 845 et
1057 816 1178 844 inferiori
1191 817 1286 852 gradu,
1303 825 1356 844 non
1370 822 1412 844 est
1425 817 1481 851 jam
1497 825 1651 849 commune,
1664 817 1712 845 sed

925 869 1004 897 prout
1016 863 1136 895 cuilibet,
1150 870 1199 897 pro
1210 863 1341 898 cujusque
1353 868 1445 898 captu,
1462 863 1544 891 fuerit
1557 864 1711 891 deﬁnitum.

889 902 910 929 Β
926 907 997 936 Ilixit
1011 914 1100 936 autem
1115 909 1268 942 deﬁnitum,
1289 916 1341 936 non
1365 909 1449 936 fatum
1469 909 1577 944 aliquod
1591 915 1638 936 aut
1654 911 1712 937 ine-

923 955 1061 983 vitabilem
1092 955 1281 983 necessitatem
1315 956 1452 989 indicans,
1483 957 1713 991 quemadmodum

924 1000 1001 1029 multi
1014 1001 1106 1030 dicere
1128 1007 1343 1034 consueverunt;
1368 1002 1416 1030 sed
1437 1003 1579 1030 limitatam
1595 1003 1713 1037 aliquant

923 1047 1042 1080 virtutis,
1064 1047 1133 1075 forte
1159 1048 1276 1080 mentis,
1299 1050 1501 1083 proportionem
1525 1056 1608 1084 supra
1629 1057 1712 1084 quant

925 1093 991 1121 nihil
1006 1098 1130 1128 oporteat
1143 1094 1273 1129 cogitare.
1294 1093 1350 1121 Hoc
1369 1099 1460 1122 autem
1479 1096 1550 1130 quod
1566 1096 1598 1123 de
1613 1096 1713 1122 cheru—

925 1140 993 1171 bim.
1016 1144 1044 1168 et
1066 1140 1105 1167 eis
1120 1140 1167 1175 qui
1189 1141 1240 1168 sub
1256 1141 1321 1175 ipsis
1340 1145 1414 1174 sunt,
1439 1141 1540 1168 dictum
1560 1147 1612 1175 est,
1632 1143 1655 1170 si
1678 1143 1714 1170 de

924 1186 986 1213 aliis
1008 1192 1117 1220 quoque
1138 1185 1199 1220 quis
1222 1185 1339 1217 dixerit.
1364 1193 1417 1213 non
1438 1186 1552 1214 errabit.
1576 1187 1713 1221 Quemad-

926 1231 1033 1259 modum
1050 1231 1123 1258 enim
1135 1231 1216 1266 primi
1232 1232 1389 1266 plenissime
1403 1232 1502 1260 habent
1522 1241 1551 1260 ea
1568 1242 1628 1268 qua:
1643 1233 1713 1261 infe-

926 1278 1026 1304 riorum
1051 1281 1124 1310 sunt,
1151 1278 1188 1304 ita
1211 1285 1319 1313 quoque
1346 1278 1433 1305 ultimi
1456 1279 1597 1314 priorum,
1620 1287 1713 1307 verum

928 1321 1008 1356 110
1025 1329 1077 1349 non
1091 1321 1200 1357 aequali,
1220 1322 1267 1349 sed
1292 1323 1413 1350 inferiori
1429 1326 1524 1358 gradu.
1544 1323 1616 1352 Nihil
1632 1324 1715 1360 igitur

929 1368 1041 1395 absurdl
1053 1368 1098 1401 sit,
1113 1373 1139 1394 ut
1163 1373 1239 1403 pulo,
1256 1369 1278 1396 si
1293 1374 1386 1397 noster
1404 1377 1513 1405 quoilue
1526 1371 1645 1405 pontifex
1662 1379 1714 1399 an-

926 1413 1003 1448 gelus
1021 1413 1140 1447 dicatur,
1153 1415 1245 1450 utqui
1265 1416 1415 1443 secundum
1433 1417 1561 1444 virtutem
1577 1420 1716 1453 propriam

926 1460 1085 1496 angelorum
1101 1462 1245 1497 participet
1257 1462 1530 1498 proprietatem.un
1550 1472 1594 1492 res
1609 1465 1716 1493 divinas

928 1507 1138 1542 interpretatur;
1160 1507 1186 1535 in
1206 1515 1260 1542 quo
1282 1515 1394 1536 munere
1414 1510 1571 1544 perﬁcitur,
1595 1511 1716 1546 adeoque

924 1553 960 1581 ad
973 1553 1130 1589 angelorum
1146 1554 1350 1588 interpretandi
1369 1554 1575 1583 similitudinem
1588 1560 1715 1585 extendi-

1158 1601 1283 1628 videlicot
1309 1601 1465 1629 hominibus
1487 1601 1528 1629 las
1548 1607 1601 1636 est,
1617 1607 1646 1630 et
1661 1611 1714 1630 non

928 1652 1059 1682 quantum
1087 1646 1191 1682 angelis
1214 1647 1354 1682 competit.
1380 1646 1613 1680 Quemadmodum
1642 1650 1715 1676 enim

927 1693 1016 1729 angeli
1042 1693 1161 1721 divinam
1191 1697 1330 1727 exponunt
1354 1693 1543 1724 voluntatem,
1569 1695 1608 1721 sic
1632 1695 1715 1722 etiam

929 1738 1071 1774 pontiﬁces
1083 1745 1131 1773 per
1145 1738 1283 1765 doctrinas
1302 1744 1377 1765 suas.
1401 1737 1477 1771 Quod
1497 1738 1519 1765 si
1537 1738 1620 1766 etiam
1634 1745 1717 1773 opere

925 1784 1004 1818 juxta
1020 1784 1111 1812 illud:
1134 1784 1302 1818 Quaecunque
1320 1784 1450 1818 fecerunt,
1474 1789 1500 1812 et
1530 1793 1590 1820 qum
1616 1785 1715 1812 docue-

929 1837 1002 1865 runt,
1019 1832 1071 1860 hoc
1086 1832 1183 1860 melius
1197 1837 1281 1866 atque
1295 1831 1446 1866 perfectum
1462 1837 1514 1859 est.

963 1877 1028 1913 §lll.
1038 1878 1108 1911 Quin
1118 1877 1199 1905 etiam
1211 1879 1331 1912 reperies
1343 1878 1415 1905 aliud
1439 1878 1572 1913 quoddam
1585 1886 1715 1914 perquam

928 1924 1042 1952 sublime
1064 1931 1161 1951 nomen
1186 1929 1241 1951 tam
1270 1924 1382 1959 angelos
1404 1932 1486 1959 quam
1514 1925 1638 1952 homines
1662 1925 1718 1954 Deo

927 1971 1099 2005 gratissimos
1113 1971 1225 2003 habere,
1242 1970 1276 1998 ab
1296 1970 1356 2005 ipso
1371 1970 1502 1999 nimirum
1524 1971 1579 1999 Deo
1600 1972 1646 2007 qui
1664 1971 1717 2000 illis

927 2017 987 2045 sine
999 2016 1205 2052 comparatione
1221 2017 1351 2052 praecellit
1368 2027 1374 2045 :
1390 2025 1451 2044 nam
1471 2025 1590 2045 arcanus
1609 2018 1654 2046 ille
1667 2019 1717 2047 Dei

928 2063 1096 2098 principatus
1111 2063 1377 2099 superessentialiter
1390 2064 1517 2092 omnibus
1531 2065 1643 2097 eminet,
1666 2073 1718 2093 su—

929 2116 1030 2143 praque
1044 2108 1135 2136 omnia
1157 2108 1262 2136 locatus
1279 2113 1338 2141 est,
1356 2108 1522 2144 minimeque
1542 2109 1603 2138 talis
1620 2116 1672 2144 est,
1689 2117 1719 2139 ut

928 2162 963 2182 ex
988 2155 1069 2182 rebus
1093 2155 1195 2182 Creatis
1215 2155 1354 2189 quidpiam
1381 2155 1405 2182 ei
1431 2156 1521 2183 simile
1537 2156 1580 2183 Vel
1598 2164 1658 2184 esse
1674 2157 1717 2185 vel

928 2202 1040 2228 omnino
1055 2201 1110 2228 dici
1134 2206 1226 2236 queat,
1249 2206 1330 2236 prout
1345 2208 1378 2229 ea
1397 2202 1432 2229 ab
1444 2202 1716 2230 inhrioribusdcno-

930 2247 1027 2274 minari
1040 2248 1215 2283 supponitur.
1231 2248 1372 2281 Quodnam
1387 2256 1453 2276 vero
1463 2253 1506 2276 est
1525 2249 1643 2277 nomen?
1659 2249 1717 2284 Ego

79 2301 162 2321 στου
175 2294 285 2329 πάντες
294 2304 301 2311 ⁸
312 2296 392 2324 τοῦτο
403 2298 468 2333 περὶ
481 2297 535 2324 τῶν
544 2297 708 2333 ἀνθρώπων.
726 2298 781 2325 Καὶ
796 2298 874 2324 πάλιν

928 2294 985 2322 dixi
996 2303 1006 2322 :
1018 2295 1064 2322 Dii
1076 2296 1149 2328 estis,
1172 2299 1196 2322 et
1209 2295 1373 2329 filiiExcelsi
1386 2304 1473 2324 omnes
1490 2296 1499 2316 ί
1517 2303 1525 2323 :
1550 2297 1602 2324 hoc
1616 2296 1651 2324 de
1667 2298 1718 2324 ho-

81 2340 133 2366 καὶ
149 2341 279 2376 περὶτῶν
293 2343 426 2378 ἀγγέλων,
440 2344 487 2370 καὶ
501 2344 566 2380 περὶ
578 2343 632 2371 τῶν
654 2343 814 2379 ἀνθρώπων·
846 2345 877 2371 '0

81 2389 160 2421 Θεὸς
171 2388 246 2422 ἔστη
261 2389 296 2415 ὲν
308 2389 471 2424 συναγωγῇ
484 2389 559 2417 θεῶν
569 2410 576 2422 ,
597 2391 632 2417 ὲν
646 2390 731 2424 μέσῳ
747 2390 782 2417 δὲ
803 2391 878 2418 θεῶν

79 2435 174 2468 θεοὺς
192 2435 343 2469 διακρινεῖ.
362 2435 395 2462 Τί
410 2436 532 2472 φήσομεν
546 2437 610 2472 περὶ
620 2436 726 2469 τούτου,
741 2438 766 2463 εί
784 2437 822 2473 μὴ
836 2437 877 2464 ὅτι

77 2481 135 2508 ὅσα
149 2480 205 2507 τῶν
215 2481 315 2517 νοερῶν
329 2482 437 2508 πάντων
450 2482 573 2517 ἀγγέλων
584 2483 630 2509 καὶ
642 2482 759 2517 λογικῶν
772 2481 877 2519 ἀνθρώ-

78 2537 144 2555 πων
168 2527 238 2563 πρὸς
260 2527 310 2564 τὴν
329 2527 426 2554 ἕνωσιν
450 2528 536 2563 αὐτῆς
558 2528 744 2564 ὲπέστραπται
766 2529 876 2561 ὑλικῶς,

78 2574 282 2609 (Ἀγαπήσεις
301 2574 356 2608 γὰρ
379 2575 432 2601 τὸν
453 2574 542 2606 Θεὸν,
564 2575 630 2610 φησι
651 2574 686 2601 τὰ
708 2575 755 2602 τοῦ
776 2575 878 2610 νόμου,

78 2620 115 2653 ἐξ
126 2620 203 2653 ὅλης
217 2619 272 2654 τῆς
286 2620 390 2655 ψυχῆς
400 2628 468 2652 σου,
483 2621 532 2648 καὶ
542 2621 576 2653 ἐξ
588 2621 664 2655 ὅλης
676 2621 733 2656 τῆς
742 2622 877 2655 διανοίας

78 2675 152 2699 σου,
172 2667 222 2694 καὶ
240 2667 275 2700 ἐξ
297 2667 372 2701 ὅλης
391 2667 446 2702 τῆς
461 2669 566 2702 ἰσχύος
583 2668 664 2703 crov')
679 2670 726 2696 καὶ
744 2669 812 2705 πρὸς
829 2669 878 2702 τὰς

78 2713 158 2745 Θείας
169 2713 255 2748 αὐτῆς
269 2713 426 2749 ὲλλάμψεις,
437 2714 507 2750 πλὴν
518 2715 579 2741 ὅσον
593 2715 667 2742 ἐστὶν
678 2715 799 2751 ἐφικτὸν,
808 2715 877 2743 ἀνα-

76 2760 232 2786 τείνονται·
258 2759 326 2786 ἀλλά
346 2761 393 2787 καὶ
409 2761 615 2797 ἀκαταλήκτως,
639 2761 683 2788 ἵνα
707 2762 744 2798 μή
768 2771 826 2792 πως
847 2761 877 2788 τὺ

76 2805 184 2839 ἀγαθὸν
201 2805 399 2842 μεσολαὸηοείη
414 2807 453 2842 τῷ
468 2808 582 2844 ἐναντίῳ
592 2817 599 2841 ;
611 2808 699 2844 πέρας
708 2808 762 2844 γὰρ
777 2809 877 2845 ἀρετῆς

118 2895 126 2914 ί
147 2896 220 2924 ΡῂῐιΙ.
235 2904 329 2929 Lxxxi,
340 2897 367 2924 6.
397 2898 419 2925 ,³
432 2897 511 2930 lbid.,
528 2898 554 2926 l.
573 2938 578 2941 _
593 2898 606 2918 ιι
620 2898 696 2927 Deut.
710 2905 747 2932 γι,
763 2898 788 2925 ες.

202 2944 339 2975 ΡΑτιιοι..
372 2944 432 2975 Gn.
460 2943 517 2976 ΙΙΙ.

930 2342 1050 2370 minibus
1065 2343 1178 2376 dictum,
1194 2347 1221 2370 et
1243 2343 1343 2370 iterum
1364 2343 1446 2370 etiam
1468 2343 1502 2370 de
1516 2344 1621 2378 angelis
1645 2343 1719 2371 etds

929 2389 1085 2417 hominibus
1098 2399 1104 2417 :
1122 2390 1192 2416 Deus
1206 2390 1277 2416 stetit
1293 2390 1320 2416 in
1341 2398 1475 2425 synagoga
1488 2390 1607 2423 deorum,
1622 2390 1648 2416 in
1661 2399 1714 2416 me-

928 2435 973 2463 dio
991 2442 1079 2463 autem
1109 2437 1218 2463 deorum
1237 2437 1299 2463 deos
1314 2437 1444 2471 dijudicat
1463 2438 1485 2463 Β.
1499 2436 1567 2470 Quid
1596 2437 1718 2465 ditemus

929 2482 963 2510 de
978 2483 1040 2515 hoc,
1055 2483 1107 2510 nisi
1131 2483 1205 2517 quod
1220 2483 1357 2518 spiritales
1370 2490 1464 2510 omnes
1475 2483 1565 2518 angeli
1578 2484 1716 2511 homines-

933 2537 986 2564 que
1008 2529 1156 2557 rationales
1173 2530 1206 2557 ad
1233 2529 1361 2557 unionem
1378 2530 1436 2564 ejus
1452 2529 1573 2556 totaliter
1592 2530 1718 2558 conversi

933 2576 989 2602 sint
1005 2575 1116 2611 (Diliges
1130 2574 1214 2614 enim,
1229 2574 1316 2610 inquit
1331 2575 1384 2607 lex,
1405 2574 1489 2602 Deum
1508 2582 1540 2601 ex
1552 2580 1609 2602 tota
1627 2576 1719 2601 animo

931 2627 989 2654 tua,
999 2627 1022 2648 et
1037 2630 1071 2649 ea:
1089 2626 1144 2648 tota
1161 2625 1246 2648 urente
1260 2627 1317 2655 tua,
1332 2626 1354 2648 et
1370 2629 1402 2648 ea;
1417 2622 1478 2648 totis
1499 2622 1596 2648 viribus
1609 2621 1661 2648 luis
1678 2620 1718 2655 Ιι),

932 2674 961 2696 et
984 2669 1018 2696 ad
1040 2668 1146 2696 divinas
1170 2667 1229 2702 eius
1254 2667 1459 2700 lllustrationes,
1485 2673 1616 2702 quantum
1644 2667 1719 2695 scil.-

932 2720 976 2744 cet
994 2715 1053 2744 ﬁeri
1072 2721 1172 2751 potest,
1187 2716 1395 2751 expanduntur,
1419 2715 1502 2749 idque
1521 2714 1716 2746 indesinenter,

932 2770 966 2790 ne
980 2763 1120 2791 contrario
1135 2763 1226 2798 aliquo
1237 2761 1339 2790 bonum
1356 2761 1570 2796 intercipiatur?
1585 2760 1718 2787 terminus

931 2809 1002 2838 enim
1017 2809 1126 2838 virtutis
1140 2809 1244 2837 malitia
1261 2812 1313 2841 est,
1335 2808 1410 2843 juxta
1430 2807 1495 2835 illud
1511 2816 1518 2834 :
1537 2806 1629 2834 Omnis
1654 2812 1718 2832 con-

1522 2943 1556 2972 10
