1933 3075
48 166 158 197 31ml

603 169 647 197 DE
662 169 824 198 C(ELESTI
841 169 1061 203 lHERABCH‘lA,
1078 170 1153 199 CAP.
1173 171 1238 203 Xlll.

1680 174 1732 201 δια

18 229 61 254 περ
108 229 156 255 tut
174 227 262 254 πάντα
277 227 396 261 φοιτῶσα
409 229 503 263 χωρεῖ,
526 229 573 255 καὶ
585 228 629 255 διὰ
652 229 760 255 πάντων
775 228 888 263 ἀσχέτω,

950 229 1085 262 quomodo
1100 229 1140 256 vis
1162 230 1207 256 illa
1234 229 1280 257 Dei
1304 230 1476 265 principalis,
1504 239 1565 259 cum
1590 233 1623 260 ad
1643 235 1733 260 oinnriia

18 275 41 291 L1;
48 276 61 292 Τ⁴

106 275 206 309 διήκει,
224 275 272 301 καὶ
289 274 372 301 πᾶσιν
396 273 476 306 αὖθίς
496 275 572 301 ἐστιν
587 276 704 310 ἀφανὴς,
718 275 748 302 οὐ
766 275 846 310 μόνον
861 275 898 307 ὡς

19 331 22 334 ν
34 311 60 345 δεμ
107 321 218 347 πάντων
232 321 399 356 ὐπερουσίως
414 320 580 357 ἐξῃρημένη,
589 321 656 347 ἀλλὰ
671 321 718 347 καὶ
727 321 765 353 ὡς
776 322 899 357 κρυφίως

28 357 56 383 ΘΞ.

106 367 155 393 ἐπὶ
165 368 267 399 πάντας
277 367 300 383 ’⁸
307 367 393 394 διεϊσα
404 367 452 399 τὰς
462 367 644 403 προνοητικάς
652 367 737 402 αὐτῆς
747 368 898 403 ἐνεργείας,

18 402 58 429 λίην
107 413 176 440 ἀλλά
190 413 242 449 μὴν
258 415 302 440 καὶ
322 415 389 441 πᾶσι
408 416 464 446 τοῖς
481 415 583 450 νοεροῖς
602 413 740 447 ἀναλόγως
758 402 898 448 ἐπί-φαίνε-

106 468 162 491 ται,
179 461 226 487 καὶ
239 460 286 496 τὴν
301 461 403 488 οἰκείαν
418 461 582 496 φωτοδοσίαν
596 461 618 476 ⁸⁷
634 459 825 496 ὲγχειρίζουσα
837 462 897 492 ταῖς

106 506 309 541 πρεσϐυτάταις
321 507 426 539 οὐσίαις
436 527 443 539 ,
462 507 496 534 δι’
510 507 599 534 αὐτῶν
614 507 652 538 ὡς
665 506 784 542 πρώτων
795 508 834 538 εἰς
849 506 898 538 τὰς

106 551 309 586 υποόεδηκυίας
323 551 392 587 αὐτὴ
403 552 544 587 εὐκόσμως
558 551 694 578 διαδίδωσι
708 552 743 583 ’⁸,
763 551 833 578 κατά
847 551 896 586 τὴν

52 614 53 618 η
105 596 226 632 ἑκάστης
239 597 443 633 διακοσμήσεως
458 597 602 633 θεοπτικὴν
622 598 806 634 συμμετρίαν·
819 598 836 633 ἢ
852 599 896 625 ἵνα

105 644 272 680 σαφέστερον
285 644 365 676 εἴπω,
380 645 427 671 καὶ
440 644 472 671 δι’
484 645 590 671 οἰκείων
601 645 840 681 παραδειγμάτων,
859 644 895 680 (εἰ

102 690 152 717 καὶ
171 689 336 717 ἀποδεόντων
349 690 416 717 Θεοῦ
431 690 478 718 τοῦ
492 691 599 718 πάντων
624 691 806 728 ὲξῃρημένου,
827 691 897 726 πλὴν

101 737 171 772 ἡμῖν
187 737 406 773 έμφανεστὲρων)
422 737 439 772 ἠ
455 737 504 772 τῆς
519 737 634 773 ἡλιακῆς
649 738 671 753 ’⁵
687 738 794 769 ἀκτῖνος
808 737 895 764 διάδο-

104 790 148 814 σις
162 783 203 814 εις
224 783 335 818 πρώτην
357 782 422 818 ὕλην
435 783 591 816 εὐδιαδότως
609 784 710 819 χωρεῖ,
729 783 779 819 τὴν
800 782 895 809 πασῶν

101 829 293 864 διειδεστέραν,
314 830 360 857 καὶ
372 830 405 856 δι’
423 831 507 866 αὐτῆς
520 830 720 865 ἐμφανέστερον
739 829 894 865 ἀναλάμπει

101 874 152 906 τὰς
166 875 269 907 οἰκείας
285 876 485 912 μαρμαρυγὰς⁸
502 876 708 912 προσῦάλλουσα
722 875 750 902 δὲ
764 877 824 907 ταῖς
841 884 894 902 πα-

953 274 1104 302 emanando
1115 275 1296 309 pertingeret,
1306 275 1446 311 libereque
1457 282 1554 305 cuncta
1569 285 1732 313 permearet,

953 319 1035 347 etiam
1050 324 1105 346 tum
1122 324 1211 347 tamen
1226 320 1354 347 omnibus
1373 321 1575 356 inaspectabilis
1590 324 1732 356 existeret,

953 372 1007 392 non
1035 365 1122 392 solum
1153 370 1288 400 quatenus
1317 367 1584 400 superessentialitcr
1607 369 1732 397 omnibus

952 411 1099 442 antecellit.
1115 419 1208 439 verum
1226 411 1307 439 etiam
1324 411 1351 439 in
1367 417 1497 446 quantum
1519 414 1626 442 occulte
1641 416 1731 442 omnia

951 457 1128 491 providentia:
1142 465 1198 486 suae
1213 462 1335 492 penetral
1350 458 1429 493 112
1438 459 1596 493 operatione
1609 471 1615 488 z
1627 462 1732 488 cunctis

952 501 1016 530 item
1031 503 1136 530 naturis
1149 503 1318 538 spiritalibus
1331 511 1380 538 pro
1393 504 1526 539 cujusque
1543 506 1652 533 modulo
1669 506 1732 533 illu-

950 554 1005 580 cet,
1021 548 1139 584 dumque
1154 549 1353 584 antiquissimis
1366 549 1420 577 illis
1438 551 1581 585 spiritibus
1595 551 1664 580 lucis
1677 560 1733 580 sua:

951 594 1042 622 radios
1062 595 1195 628 immittit,
1210 603 1260 630 per
1285 597 1404 627 eosdem,
1418 601 1510 630 utpote
1530 598 1643 632 primos.
1662 598 1732 626 infe-

951 640 1068 668 rioribus
1087 648 1217 676 perquam
1233 642 1357 670 ordinate
1371 651 1401 671 se
1417 644 1454 672 ad
1475 650 1584 679 captum
1601 645 1732 680 cujusque

949 687 1054 716 ordinis
1074 695 1106 715 ac
1130 689 1330 724 contemplandi
1356 690 1513 719 facultatem
1535 693 1669 726 dispertit.
1697 692 1732 720 Ut

949 736 1039 760 autem
1058 734 1146 761 dicam
1168 734 1290 768 clarius,
1313 737 1445 771 exemplis
1467 742 1530 765 utar
1551 738 1731 767 faliiiliaribus

949 778 1020 811 (qua:
1034 779 1139 806 tametsi
1163 779 1228 813 Deo,
1245 781 1290 815 qui
1305 783 1413 810 cunctis
1425 783 1537 816 eminet,
1550 792 1602 812 non
1617 786 1652 811 ita
1665 793 1726 812 «son-

948 828 1056 858 gruant,
1065 825 1142 852 nobis
1157 829 1245 853 tamen
1258 826 1379 860 planiora
1392 829 1591 864 sunt),solaris,
1608 831 1728 865 inquam,

948 869 1015 896 radii
1032 869 1139 898 dill'usio
1155 872 1294 899 materiam
1306 873 1357 900 sibi
1379 875 1530 908 proximam
1542 896 1549 908 ,
1563 876 1662 911 quippe
1676 885 1729 904 cae-

101 920 232 955 χυτέραις
258 907 352 952 ὕλαις,
376 907 563 957 ἀμυδροτέραν
591 921 646 956 ἔχει
667 921 716 957 τὴν
741 921 888 957 διαδοτικὴι

945 915 1009 941 teris
1035 914 1219 950 liquidiorem,
1247 907 1386 947 facillime,
1401 920 1521 956 trajicit,
1545 907 1579 949 οι.
1595 907 1644 957 per
1666 931 1726 950 eam

101 965 274 1000 ἐπιφάνειαν,
291 966 323 993 ὲκ
334 967 385 1002 τῆς
396 967 450 994 τῶν
466 967 656 1003 φωτιζομένων
668 967 738 994 ὑλῶν
749 967 817 1004 πρὸς
836 976 893 1002 φω-

99 1012 227 1039 τοδοσίαν
242 1012 279 1029 ⁸⁸⁸
292 1013 540 1050 διαπορθμευτικὴν
555 1013 611 1046 ἕξιν
632 1014 892 1050 άνεπιτηδειότητος,

99 1057 150 1085 καὶ
160 1057 232 1084 κατά
247 1058 360 1093 σμικρὸν
377 1059 409 1085 ὲκ
423 1058 517 1085 τούτου
532 1059 600 1095 πρὸς
611 1059 641 1086 τὸ
653 1059 762 1091 τελείως
776 1060 784 1075 ¹
802 1059 893 1095 σχεδὸν

100 1102 241 1130 ἀδιάδοτον
273 1104 454 1131 συστέλλεται.
487 1105 571 1132 Πάλιν
599 1106 616 1141 ὴ
644 1106 730 1142 πυρὸς
759 1105 893 1142 θερμότης

101 1149 204 1185 μᾶλλον
225 1150 323 1186 ἑαυτὴν
344 1150 494 1178 διαδίδωσιν
513 1152 553 1183 είς
575 1152 610 1178 τὰ
629 1152 823 1189 δεκτικώτερα,
847 1154 894 1180 καὶ

99 1195 170 1230 πρὸς
191 1195 240 1231 τὴν
259 1195 345 1230 αὐτῆς
364 1196 531 1231 ἀφομοίωσιν
554 1196 663 1224 εὕεικτα
682 1199 729 1225 καὶ
745 1198 890 1232 ἀνάγωγα·

98 1241 169 1276 πρὸς
190 1240 218 1267 δὲ
237 1240 286 1273 τὰς
307 1241 461 1272 ἀπιτυπείς
479 1241 604 1273 ἐναντίας
623 1242 632 1257 ¹
645 1241 764 1277 οὐσίαςῆ
779 1243 853 1269 οὐδὲν
875 1243 891 1279 ἢ

98 1285 221 1321 ἀμυδρόν
241 1294 268 1312 τι
283 1285 334 1320 τῆς
357 1286 548 1322 ὲκπυρωτικῆς
565 1287 705 1322 ἐνεργείας
729 1286 800 1323 ῐχνος
824 1288 891 1314 ἀνα-

98 1331 242 1365 φαίνεται⁹
259 1332 307 1358 καὶ
326 1331 357 1358 τὸ
374 1332 470 1359 τούτου
485 1340 517 1367 γε
538 1332 640 1365 πλεῖον,
661 1333 701 1360 ὅτι
715 1335 775 1366 ταῖς
795 1342 893 1369 συγγε-

98 1378 156 1405 νέσι
171 1377 216 1404 διὰ
230 1378 284 1404 τῶν
298 1378 405 1410 οῑκείως
432 1377 500 1414 πρὸς
516 1378 600 1414 αὐτὴν
622 1379 737 1414 ἐχόντων
757 1381 892 1415 προσϐάλ-

98 1423 149 1455 λει,
180 1423 306 1459 πρῶτον,
334 1424 358 1450 εί
387 1422 464 1458 τύχοι
489 1423 599 1460 πυρώδη
625 1424 741 1452 ποιοῦσα
762 1425 797 1452 τὰ
824 1427 892 1462 πρὸς

96 1469 255 1504 ἐκπύρωσιν
272 1468 446 1500 εὐαλλοίωτα,
459 1468 506 1495 καὶ
518 1468 551 1495 δι’
567 1468 656 1496 αὐτῶν
670 1469 686 1505 ἢ
700 1469 782 1506 ὕδωρ,
800 1470 816 1506 ἢ
835 1471 892 1498 ἓτε-

96 1515 145 1550 ρόν
159 1523 187 1541 τι
210 1514 265 1542 τῶν
294 1515 344 1542 οὐκ
372 1514 490 1546 εὐκόλως
515 1515 723 1550 ὲκπυρουμένων
754 1516 892 1551 ἀναλόγως

96 1561 293 1597 θερμαίνουσα.
308 1561 387 1588 Κατὰ
397 1561 443 1588 τὸν
454 1561 535 1588 αὐτὸν
547 1559 593 1589 οὖν
605 1562 656 1596 τῆς
678 1563 795 1598 φυσικῆς
811 1563 890 1590 εὐτα-
903 1579 925 1607 c

97 1607 156 1640 ξίας
180 1607 259 1642 λόγον
279 1607 425 1644 ὑπερφυῶς
448 1608 464 1644 ή
493 1607 584 1643 πάσης
620 1608 768 1644 εὐκοσμίας
789 1609 889 1645 ὁρατῆς

94 1655 142 1682 καὶ
161 1654 281 1690 ἀοράτου
303 1654 447 1690 ταξιαρχία
475 1653 523 1690 τὴν
538 1653 588 1689 τῆς
604 1654 706 1687 οἰκείας
725 1655 888 1689 φωτοδοσίας

94 1699 276 1735 λαμπρότητα
296 1698 481 1735 πρωτοφανῶς
495 1700 523 1726 ὲν
539 1698 696 1732 πανολϐίαις
712 1699 809 1735 χύσεσι
828 1701 888 1732 ταῖς

96 1743 264 1780 ὑπερτάταις
275 1744 379 1776 οὐσίαις
393 1744 546 1778 ἀναφαίνει,
563 1744 609 1771 καὶ
619 1744 664 1771 διὰ
678 1744 779 1772 τούτων
789 1746 817 1771 αἱ
830 1747 887 1781 μετ’

95 1790 182 1822 αὐτὰς
203 1790 293 1817 οὐσίαι
314 1790 364 1826 τῆς
387 1790 463 1822 θείας
482 1791 591 1823 ἀκτῖνος
613 1790 779 1826 μετέχουσιν.
805 1789 887 1819 Αὖται

95 1836 160 1872 γὰρ,
187 1836 349 1870 ὲπιγνοῦσαι
376 1836 485 1872 πρῶται
511 1837 595 1868 Θεὸν,
617 1837 663 1864 καὶ
688 1836 764 1869 θείας
789 1838 887 1873 ἀρετῆς

93 1882 302 1918 ὐπερκειμένως
322 1882 479 1918 ὲφιέμεναι,
504 1882 551 1909 καὶ
566 1883 737 1918 πρωτουργοὶ
760 1883 885 1917 γενέσθαι

94 1928 153 1963 τῆς,
165 1928 205 1960 ὡς
218 1928 338 1962 ἐφικτὸν,
354 1928 520 1964 θεομιμήτου
535 1929 673 1964 δυνάμεως
686 1930 734 1957 καὶ
746 1930 886 1965 ἐνεργείας

93 1973 236 2009 ⁴Ιδξίωνται,
249 1974 297 2001 καὶ
312 1974 361 2006 τὰς
377 1976 435 2010 μετ’
450 1975 534 2007 αὐτὰς
548 1975 641 2007 οὐσίας
653 1975 734 2003 αὑταὶ
749 1977 759 1991 ³
773 1976 841 2011 πρὸς
855 1977 886 2002 τὸ

94 2020 260 2056 ἐφάμιλλον,
282 2021 332 2056 ὅση
355 2021 479 2056 δύναμις,
502 2021 666 2056 ἀγαθωιδῶς
690 2023 884 2055 ἀνατείνουσιν,

94 2065 219 2101 ἀφθόνως
232 2066 328 2098 αὐταῖς
353 2067 539 2102 μεταδιδοῦσαι
551 2068 600 2103 τῆς
620 2068 660 2099 είς
680 2068 764 2100 αὐτὰς
778 2069 884 2103 ἐπιφοι-

94 2113 218 2149 τησάσης
232 2113 339 2150 αῐγλης,
357 2115 404 2141 καὶ
417 2112 495 2146 αὖθις
508 2115 611 2142 ἐκεῖναι
629 2116 689 2147 ταῖς
706 2115 865 2151 ὑφειμέναις
875 2125 881 2130 ·

95 2159 141 2185 καὶ
153 2159 216 2186 καθ’
226 2160 345 2195 ἑκάστην
359 2161 376 2195 ή
398 2160 493 2196 πρώτη
504 2161 538 2195 τῇ
557 2161 615 2196 μετ’
627 2160 711 2196 αὐτὴν
724 2161 883 2195 μεταδίδωσι

94 2208 141 2235 τοῦ
152 2209 324 2246 δωρουμένου
334 2230 341 2242 ,
357 2211 404 2237 καὶ
422 2211 461 2242 εἰς
477 2211 566 2242 πάσας
588 2210 724 2245 ἀναλόγως
738 2211 749 2226 ⁸
771 2211 882 2247 προνοίᾳ

93 2255 286 2291 διαφωτῶντος
304 2256 376 2283 θείου
396 2257 493 2291 φωτός.
517 2258 609 2283 Ἔστιν
632 2255 679 2284 οὖν
701 2257 711 2272 ⁸
729 2257 814 2284 ἅπασι
826 2258 882 2289 τοῖς

94 2302 291 2338 φιιπιζομένοις
305 2303 378 2339 ἀρχὴ
390 2302 438 2329 τοῦ
453 2303 621 2337 φωτίζεσθαι
638 2303 704 2335 Θεὸς
722 2304 771 2338 μὲν
791 2303 882 2338 φύσει,

94 2348 141 2374 καὶ
155 2342 267 2378 δντως,⁸
273 2348 320 2374 καὶ
341 2347 453 2383 κυρίως,
467 2347 504 2380 ὡς
525 2348 614 2383 φωτὸς
628 2348 716 2380 οὐσία,
729 2348 776 2374 καὶ
797 2348 880 2375 αὐτοῦ

93 2395 140 2422 τοῦ
159 2394 230 2423 εἶναι
246 2397 293 2423 καὶ
309 2397 377 2433 ὀρᾷν
405 2398 502 2429 αῐτιος·
526 2397 599 2424 θέσει
618 2397 647 2424 δὲ
671 2398 718 2424 καὶ
746 2397 880 2433 θεομιμή-

93 2450 147 2474 τως
162 2443 173 2458 ⁸
189 2444 206 2478 ἡ
222 2442 292 2470 κατὰ
306 2443 387 2479 μέρος
400 2443 584 2479 ὑπερκειμένη
598 2444 631 2478 τῇ
646 2443 704 2478 μετ’
718 2442 802 2478 αὐτὴν
816 2443 880 2469 ἑκά-

95 2496 155 2526 στῃ,
174 2489 216 2525 τῷ
236 2489 270 2516 τὰ
284 2489 343 2517 θεῖα
364 2489 441 2525 φῶτα
459 2490 491 2516 δι’
505 2490 590 2526 αὐτῆς
606 2490 646 2521 είς
665 2489 771 2525 ἐκείνην
785 2489 881 2524 ἐποχε-

92 2535 230 2562 τεύεσθαι.
240 2535 295 2571 Τὴν
305 2535 352 2562 οὖν
365 2536 519 2572 ὑπερτάτην
529 2535 584 2562 τῶν
598 2535 729 2571 οὐρανίων
740 2534 808 2561 νοῶν
824 2534 882 2560 δια-

93 2582 229 2617 κόσμησιν
247 2582 276 2609 αί
297 2582 352 2609 τῶν
373 2582 472 2609 λοιπῶν
496 2582 621 2609 ἁπάντων
647 2581 770 2616 ἀγγέλων
793 2581 881 2608 οὐσίαι

93 2628 164 2655 κατά
187 2629 219 2655 τὸ
243 2628 316 2660 εἰκὸς
342 2629 412 2664 μετὰ
433 2628 498 2654 Θεὸν
519 2629 606 2664 ἀρχὴν
623 2628 753 2663 ἡγοῦνται
790 2627 882 2662 πάσης

943 961 1146 988 coruscationes
1160 969 1225 990 suas
1241 963 1342 991 clarius
1356 965 1514 998 succendit;
1530 974 1624 995 verum
1641 968 1687 996 ubi
1700 969 1726 996 in

943 1006 1083 1034 densiores
1102 1007 1208 1042 aliquas
1228 1010 1356 1037 materias
1376 1010 1518 1045 inciderit,
1541 1013 1726 1041 obscuriorem

943 1054 1064 1079 cernitur
1077 1053 1176 1081 habere
1200 1054 1313 1082 luminis
1334 1056 1521 1091 dill'usionem,
1543 1059 1577 1086 ob
1596 1059 1727 1086 materia-

945 1104 1015 1130 rum,
1031 1105 1091 1131 qua
1110 1098 1295 1128 illuminanda:
1314 1106 1388 1135 sunt,
1413 1102 1446 1130 ad
1463 1102 1555 1130 lumen
1572 1103 1726 1132 dilfunden-

943 1142 1006 1169 dum
1024 1143 1247 1178 ineptiludinem;
1264 1152 1344 1181 atque
1357 1148 1418 1176 inde
1431 1149 1530 1176 sensim
1546 1151 1579 1176 ad
1596 1151 1647 1178 hoc
1661 1158 1726 1179 con-

944 1188 1073 1221 trahitur,
1088 1195 1117 1217 ut
1132 1191 1176 1217 vix
1199 1192 1270 1220 ultra
1291 1194 1414 1221 distribui
1434 1194 1490 1228 jam
1512 1196 1606 1230 possit.
1625 1196 1724 1224 Eodem

943 1235 1022 1262 modo
1036 1235 1110 1263 calor
1122 1237 1189 1272 ignis
1205 1239 1291 1274 magis
1303 1246 1332 1267 se
1344 1239 1467 1268 diﬂ'undit
1480 1241 1509 1268 in
1522 1248 1555 1269 ea
1568 1249 1626 1276 quae
1640 1243 1726 1277 ipsius

942 1285 1005 1308 sunt
1021 1282 1177 1316 capaciora,
1195 1288 1224 1310 et
1240 1284 1273 1311 ad
1288 1285 1348 1320 ejus
1366 1286 1570 1315 similitudinem
1585 1287 1665 1317 facile
1679 1297 1725 1317 ce-

942 1326 1019 1360 dunt,
1039 1333 1067 1355 et
1090 1329 1280 1363 adducuntur;
1298 1337 1391 1358 verum
1409 1331 1437 1358 'm
1464 1333 1569 1361 naturis
1589 1334 1626 1361 illi
1653 1335 1725 1362 relu-

942 1375 1080 1404 ctantibus
1089 1377 1284 1410 contrariisve,
1298 1379 1339 1407 vel
1351 1380 1453 1407 nullum
1465 1386 1512 1409 aut
1526 1383 1596 1410 exile
1607 1383 1725 1413 silit-aci-

944 1419 1009 1446 talis
1022 1421 1081 1456 ejus
1096 1421 1182 1457 igneae
1206 1424 1349 1459 vestigium
1371 1431 1500 1461 apparet;
1524 1429 1650 1464 quodque
1671 1431 1724 1459 hoc

942 1465 1029 1500 majus
1042 1471 1094 1500 est,
1109 1469 1136 1495 in
1157 1475 1188 1496 ea
1210 1477 1270 1504 qua:
1293 1478 1345 1497 non
1370 1477 1434 1499 sunt
1459 1473 1580 1508 ejusdem
1604 1478 1725 1511 generis,

942 1519 991 1547 per
1005 1513 1049 1540 illa
1062 1521 1123 1548 quae
1136 1515 1185 1549 ipsi
1195 1515 1252 1548 jam
1266 1518 1468 1546 accommodata
1482 1524 1546 1547 sunt
1560 1529 1589 1548 se
1612 1524 1723 1558 ingerit,

943 1558 978 1584 ita
996 1561 1168 1594 utprimum,
1182 1561 1204 1588 si
1221 1561 1257 1589 ita
1273 1570 1316 1590 res
1332 1562 1410 1596 ferat,
1430 1564 1507 1600 ignea
1521 1565 1603 1594 faciat
1616 1575 1648 1595 ea
1664 1576 1724 1603 qua:

941 1603 1020 1632 facile
1042 1605 1196 1641 ignescunt,
1213 1612 1297 1642 atque
1319 1608 1353 1636 iis
1375 1609 1518 1644 adhibitis,
1541 1617 1589 1640 aut
1611 1620 1721 1649 aquam,

940 1654 988 1677 aut
1004 1651 1108 1686 aliquid
1133 1652 1206 1680 aliud
1229 1660 1324 1681 eorum
1355 1663 1416 1690 quae
1438 1656 1721 1694 dillicileiignescunt,

940 1697 1035 1724 eodem
1045 1698 1125 1726 modo
1134 1699 1286 1727 calefaciat.
1302 1700 1455 1729 Secundum
1468 1703 1537 1731 hanc
1551 1704 1632 1740 igitur
1643 1711 1721 1734 natu-

940 1742 1003 1771 ralis
1018 1744 1121 1772 ordinis
1135 1745 1281 1779 rationem,
1299 1749 1544 1781 supernatur.iliIcr
1558 1751 1619 1778 fone
1632 1754 1723 1782 omnis

937 1788 1052 1822 ordinis,
1068 1797 1130 1818 cum
1146 1791 1262 1819 visibilis
1277 1795 1332 1819 tum
1347 1793 1494 1823 invisibilis
1509 1795 1720 1832 distributionis,

938 1835 1055 1869 propria:
1088 1836 1261 1872 splendorem
1291 1838 1482 1868 illustrationis
1509 1842 1722 1876 primordialiter

937 1889 986 1916 per
1005 1881 1122 1910 inlluxus
1145 1883 1320 1911 beatissimos
1345 1886 1481 1920 supremis
1509 1887 1568 1916 istis
1593 1891 1719 1919 csseutiis

937 1928 1105 1961 manifestat,
1121 1933 1148 1956 et
1162 1936 1211 1964 per
1231 1929 1291 1957 illas
1308 1930 1423 1965 reliqum
1448 1932 1575 1969 deinceps
1597 1936 1717 1964 divinum

937 1975 1019 2003 istum
1043 1976 1149 2004 radium
1176 1977 1350 2011 participant.
1376 1978 1424 2006 Hae
1447 1987 1520 2008 cum
1545 1989 1608 2009 cum
1623 1984 1719 2018 prima!

936 2021 1021 2049 Deum
1037 2028 1229 2057 agnoscerent,
1249 2024 1403 2059 divinaeque
1426 2026 1534 2054 virtutis
1561 2027 1620 2062 ejus
1641 2029 1714 2058 desi-

935 2066 1012 2094 derio
1026 2074 1132 2096 summo
1148 2072 1314 2102 tenerentur,
1336 2071 1388 2098 hoc
1397 2071 1480 2098 etiam
1497 2079 1627 2101 assecuta;
1640 2081 1716 2109 sunt,

936 2117 965 2139 ut
977 2113 1072 2148 prima:
1084 2115 1118 2141 ad
1133 2114 1232 2142 divinae
1248 2117 1392 2150 potestatis
1414 2121 1497 2152 atque
1514 2119 1631 2146 actionis
1654 2121 1716 2148 imi-

935 2160 1064 2187 tationem
1087 2167 1137 2196 pro
1161 2165 1242 2195 captu
1272 2169 1321 2189 suo
1348 2163 1537 2198 pervenirent;
1561 2166 1716 2201 eaedemque

935 2205 1079 2233 inferiores
1099 2206 1134 2233 ad
1148 2206 1271 2234 eamdem
1291 2207 1480 2240 imitationem,
1501 2216 1630 2244 quantum
1651 2220 1714 2247 pos~

934 2256 1007 2285 sent,
1021 2251 1137 2287 benigne
1160 2258 1362 2287 promoverent,
1379 2254 1441 2282 dum]
1454 2255 1556 2290 absque
1571 2257 1671 2284 invidia
1689 2259 1714 2284 in

934 2298 995 2325 illas
1016 2298 1109 2327 indita!
1131 2298 1183 2326 sibi
1206 2298 1275 2328 lucis
1297 2305 1401 2334 partem
1425 2301 1570 2335 derivant,
1597 2304 1716 2339 ipsaeque

933 2344 1055 2372 vicissim
1079 2345 1106 2372 in
1121 2345 1282 2379 inieriores;
1305 2351 1387 2381 atque
1407 2347 1443 2374 ita
1457 2348 1613 2383 sigillatim,
1628 2350 1713 2385 prima

932 2391 984 2419 sibi
999 2393 1151 2426 proximam
1165 2393 1223 2427 ejus
1241 2394 1312 2428 quod
1327 2394 1378 2421 sibi
1391 2394 1483 2422 datum
1496 2399 1539 2422 est
1554 2396 1712 2431 participem

931 2437 1008 2471 facit,
1026 2441 1120 2474 sicque
1135 2447 1182 2474 per
1195 2440 1395 2474 providentiam
1411 2442 1437 2468 in
1452 2448 1546 2469 omnrs
1559 2450 1607 2476 pio
1622 2444 1712 2475 iuius-

933 2492 986 2520 que
996 2490 1077 2519 captu
1088 2485 1179 2512 divina
1194 2485 1237 2512 lux
1250 2486 1431 2515 distribuitur.
1444 2487 1490 2514 Est
1502 2487 1582 2522 igitur
1593 2495 1713 2516 omn.uu|

934 2539 994 2567 quae
1009 2531 1181 2559 illustrantur
1202 2531 1373 2559 illuminandi
1390 2532 1554 2567 principium
1568 2533 1638 2561 Deus
1651 2535 1713 2568 qui—

935 2578 996 2605 dem
1030 2583 1138 2611 natura,
1162 2582 1190 2605 et
1214 2584 1308 2605 revera
1332 2579 1438 2613 proprie
1456 2583 1485 2606 ut
1501 2579 1569 2608 lucis
1586 2580 1714 2612 essentia.

936 2625 1076 2660 ipsiusque
1087 2629 1172 2652 status
1179 2629 1206 2652 et
1216 2626 1367 2660 aspectus]
1374 2625 1424 2660 13
1432 2631 1527 2653 auctor
1537 2634 1582 2654 :ex
1590 2627 1714 2655 instituto

736 2702 854 2730 VABUE
873 2701 1075 2730 LECTIONES.

99 2781 101 2784 ι
125 2765 147 2800 δέ
156 2773 207 2800 νγρ.
222 2764 321 2791 πάντα.

383 2763 406 2779 ’⁷
421 2763 468 2790 καὶ
479 2763 527 2798 τὴν
538 2761 641 2798 οἰκείαν
654 2762 726 2798 γᾶμα
736 2759 1038 2798 γφωτοδοσίαν..(]11ε-[).
1076 2759 1099 2774 ⁹³
1113 2760 1152 2798 εἰς
1163 2758 1213 2798 τὰς
1229 2759 1430 2798 ὺποᾷεϐηκυίας
1453 2759 1550 2798 ἑαυτὴν
1573 2759 1715 2795 εὐκόσμως

92 2794 238 2830 διαδίδωσι,
259 2801 289 2825 ι).
306 2799 401 2834 αὐτήν,
414 2798 449 2834 β.
462 2794 573 2834 ὲαύτήν,
589 2797 617 2834 l‘:
631 2794 700 2834 αὐτὴ
717 2794 967 2834 εὐκόσμέυςρὺτῇν,
984 2794 1140 2834 M._cunt_P.
1165 2796 1264 2834 §cotus
1291 2796 1366 2834 facit,
1397 2803 1458 2834 CIIII"
1488 2794 1622 2834 impresso
1649 2797 1713 2834 S_at'.

93 2835 114 2849 ³³
127 2835 168 2860 ὅτι
180 2835 198 2870 ἡ
209 2834 259 2869 τῆς
270 2833 396 2870 ἡλιακῆς,

482 2833 515 2848 ¹⁰⁰
531 2829 704 2867 φωτοδοσίας,
721 2832 750 2858 S.
766 2829 908 2867 P.'D.‘$c.
925 2831 985 2867 sar.
1001 2830 1031 2867 .H‘
1044 2829 1152 2867 τελέως,
1171 2829 1203 2857 Ι).

1254 2831 1270 2864 ’ξ
1280 2829 1329 2860 τὰς
1345 2829 1506 2860 ἀντιτύπους
1534 2829 1550 2864 ἦ
1578 2830 1713 2862 ἐναντίας,

94 2870 122 2895 ὃ.
136 2870 165 2896 Ρ.
187 2862 218 2895 ὑ.
239 2862 289 2896 illi:
305 2862 395 2896 Satn."
407 2869 417 2883 ⁸
431 2866 522 2899 αὗται,
537 2862 574 2895 ’5.
591 2868 620 2894 P.
641 2867 670 2894 υ.
682 2862 734 2894 Ch.
772 2866 782 2881 ⁵
797 2865 930 2900 ἀναλόγῳ,
945 2864 976 2893 D.
991 2865 1040 2892 Ch.
1078 2865 1088 2879 ⁸
1107 2864 1165 2891 ἐστι
1180 2865 1229 2900 μὲν
1243 2862 1299 2898 οὖν,
1317 2864 1368 2893 Cll.
1406 2864 1416 2879 ⁸
1427 2865 1506 2891 Θέσει
1519 2862 1557 2896 δὲ’,
1572 2864 1715 2901 καὶ-θεοει-

92 2904 152 2938 δῶς,
167 2904 202 2933 Μ.
216 2904 338 2936 θεοειδῶς
354 2904 382 2932 δὲ
395 2905 440 2931 καὶ
456 2904 637 2940 θεομιμήτως,
654 2903 682 2929 S.
702 2904 747 2929 δε.
