1933 3075
217 142 268 170 506

804 139 833 168 S.
852 139 999 168 DIONYSII
1015 139 1244 169 AREOPAGITE

1784 144 1836 172 5οι

217 205 309 228 autent
339 199 442 234 Deique
462 198 615 226 imitatione
628 219 636 232 ,
659 198 787 234 quaelibet
820 199 947 233 superior
967 207 992 227 ei

1053 201 1128 237 ἱερᾶς
1143 201 1306 236 θεογνωσίας
1316 210 1347 228 τε
1359 203 1406 230 καὶ
1418 202 1608 238 θεομιμτισίας,
1620 203 1658 235 ὡς
1674 203 1707 230 δι’
1725 204 1837 231 ἐκείνων

217 251 294 281 parte
308 244 454 279 cujuslibet
469 245 620 278 inferioris,
632 245 666 272 ad
680 252 761 280 quam
774 245 834 280 ejus
849 245 999 273 interventu

216 292 308 320 divina
325 292 427 319 lumina
444 292 629 326 trajiciuntur.
646 291 807 326 Supremam
822 291 904 326 igitur
915 291 1000 319 cmle-

215 339 297 366 stium
323 338 563 373 intelligentiarum
589 338 815 372 dispositionem,
837 343 998 365 caeterorum

215 384 374 419 angelorum
401 384 521 411 omnium
552 383 696 415 essentia,
727 383 790 417 jure
815 385 912 411 merito
940 388 1001 418 post

215 430 311 462 Deum,
326 430 416 458 omnis
430 435 611 457 sacrosanctae
629 429 675 456 Dei
688 429 851 463 cOgnitionis
867 429 999 457 imitatio-

216 476 313 510 nisque
339 475 501 510 principium
515 482 575 502 esse
589 478 703 502 censent
714 494 722 506 .
742 474 813 509 quod
835 481 884 508 per
897 474 956 501 illas
971 475 998 501 in

215 530 311 550 omnes
324 522 357 549 ad
373 529 422 549 nos
437 529 522 556 usque
543 521 591 548 Dei
607 521 768 556 principalis
787 520 935 548 illustratio
951 521 999 548 dc-

215 569 337 600 rivetor;
354 570 521 601 quapropter
535 574 642 594 sacram
657 573 766 594 omnem
784 566 886 601 Deique
906 566 997 593 imita-

216 614 310 642 tricem
339 614 475 642 actionem
503 613 537 640 ad
563 612 647 639 Deum
670 612 778 648 quidem
804 616 834 638 ut
858 616 997 639 auctorem

216 660 348 693 referunt,
365 660 399 687 ad
424 661 528 695 primas
548 664 639 686 autem
661 666 694 686 ac
714 658 862 686 deiformes
882 663 995 689 mentis,

215 711 244 733 ut
257 706 402 741 primarios
421 704 568 733 eii'ectores
588 704 741 732 divinorum
757 711 869 738 operum
893 711 924 730 ac
938 711 998 730 ma-

213 754 324 787 gistros.
342 751 432 779 Prima
445 752 538 787 itaque
552 756 711 779 sanctorum
728 751 888 786 angelorum
904 750 998 778 distri-

214 798 289 826 butio
319 797 406 832 magis
439 803 495 831 prae
522 796 635 831 reliquis
666 796 773 831 igneam
803 794 996 830 proprietatem

1050 247 1091 278 εἰς
1107 247 1198 279 πάσας
1219 248 1266 274 καὶ
1280 248 1321 280 είς
1335 249 1409 284 ἡμᾶς
1424 249 1433 263 ⁷
1446 249 1496 284 τῆς
1517 248 1665 284 θεαρχικῆς
1681 248 1838 284 ἐλλάμψεως

1049 292 1248 328 διαδιδομένης·
1273 293 1313 320 διὸ
1333 294 1379 321 καὶ
1404 295 1494 322 πᾶσαν
1515 294 1589 330 ἱερὰν
1605 295 1653 321 ναὶ
1675 294 1838 331 θεομίμητον

1049 338 1188 375 ἐνέργειαν
1202 340 1248 366 ἐπὶ
1267 339 1332 366 Θεὸν
1358 340 1407 376 μὲν
1423 341 1460 372 ὡς
1478 340 1564 367 αἴτιον
1583 340 1774 376 ἀναφέρουσιν,
1790 340 1838 367 ἐπὶ

1049 384 1078 411 δέ
1104 385 1167 417 τοὺς
1192 385 1316 421 πρώτους
1350 386 1474 418 θεοειδεῖς
1499 387 1562 418 νόας
1581 387 1620 418 ὡς
1645 386 1837 422 πρωτουργοὺς

1049 430 1102 457 τῶν
1121 430 1200 458 θείων
1225 432 1272 458 καὶ
1291 432 1476 465 διδασκάλους.
1501 432 1606 459 Οὐκοῦν
1624 433 1642 468 ἡ
1665 432 1761 468 πρώτη
1783 431 1838 458 τῶν

1049 478 1133 511 ἁγίων
1147 478 1270 512 ἀγγέλων
1282 477 1462 513 διακόσμησις
1475 478 1574 513 μᾶλλον
1589 478 1701 504 ἀπασῶν
1714 478 1771 513 ἔχει
1788 477 1838 512 τὴν

1048 523 1182 559 ἐμπόριον
1199 523 1326 560 ἰδιότητα,
1339 524 1387 551 καὶ
1398 524 1447 560 τὴν
1460 524 1613 560 κεχυμένην
1627 523 1677 558 τῆς
1690 523 1838 559 θεαρχικῆς

1050 569 1144 604 σοφίας
1162 570 1317 604 μετάδοσιν,
1339 570 1386 597 καὶ
1401 570 1431 596 τὸ
1444 569 1595 604 γνωστικδν
1614 570 1664 605 τῆς
1682 569 1837 606 ὑπερτάτης

1047 614 1102 641 τῶν
1125 615 1204 643 θείων
1225 616 1382 652 ἐλλάμψεων
1401 617 1565 651 ἐπιστήμης,
1589 616 1636 642 καὶ
1655 615 1705 650 τὴν
1729 615 1838 651 θρονίαν

1050 662 1167 698 ίδιάτητα
1177 663 1226 698 τὴν
1240 663 1469 699 ἀναπεπταμένην
1484 662 1620 698 θεοδοχίαν
1633 661 1818 697 ἐμφαίνουσαν
1827 670 1836 677 ·

1047 707 1076 733 αἱ
1086 707 1116 734 δὲ
1129 707 1183 734 τῶν
1195 707 1348 742 ὑφειμένων
1362 706 1461 734 οὐσιῶν
1474 706 1668 741 διακοσμήσεις
1685 705 1735 740 τῆς
1748 705 1836 740 ἐμπυ-

1049 753 1116 789 ρίου,
1129 753 1180 788 τῆς
1197 753 1293 788 σοφῆς,
1310 753 1361 788 τῆς
1374 753 1535 788 γνωπικῆς,
1549 751 1600 787 τῆς
1613 751 1736 786 θεοόὁχου
1756 749 1837 776 δυνά-

1049 808 1121 834 μεως
1143 799 1286 835 μετέχουσι
1313 799 1371 834 μὲν,
1396 798 1550 834 ὑφειμένως
1569 797 1608 832 δὲ,
1633 796 1682 824 καὶ
1701 796 1769 832 πρὸς
1787 796 1837 828 τὰς

213 844 351 876 continet,
378 842 523 876 I‘nsamque
541 841 640 868 divinae
664 841 804 876 sapientia:
827 841 992 867 communio<

1047 844 1158 881 πρώτας
1172 844 1285 880 ὁρῶσαι,
1301 844 1348 871 καὶ
1372 844 1405 870 δι’
1429 843 1519 870 αὐτῶν
1541 843 1579 874 ὡς
1599 841 1648 869 τοῦ
1672 841 1837 876 θεομιμήτου

213 897 284 923 nem,
299 898 331 918 ac
343 896 457 917 summae
473 888 628 915 divinarum
648 887 859 914 illustrationum
873 886 992 913 scientia

1047 876 1229 926 πρωτουρίῶς
1243 888 1401 924 ἠξιωμένων
1417 889 1463 915 ἐπὶ
1475 888 1506 914 τὸ
1517 888 1565 914 τοῦ
1581 886 1713 918 θεοειδοῦς
1727 885 1837 920 ἐφικτὸν

211 945 290 966 usum
305 941 386 972 atque
412 935 550 971 peritiam,
570 934 686 969 soliique
711 933 917 969 proprietatem,
936 940 992 967 qua:

1046 935 1222 970 ἀναγόμεναι.
1234 935 1291 967 Τὰς
1310 935 1458 971 εἰρημένας
1475 933 1522 961 οὖν
1543 933 1622 968 ἁγίας
1639 932 1782 967 ἰδιότητας,
1798 927 1837 958 ὧν

209 985 331 1018 patulam
345 984 378 1011 ad
392 982 475 1011 Deum
486 981 676 1017 excipiendum
688 981 866 1016 capacitatem
878 980 992 1008 indicat:

1045 982 1073 1008 ἐν
1090 981 1219 1017 μετουσίᾳ
1233 981 1278 1008 διὰ
1297 981 1352 1008 τῶν
1377 980 1494 1016 πρώτων
1515 980 1544 1006 αἱ
1565 979 1633 1015 μετὰ
1647 978 1730 1010 αὑτὰς
1747 977 1838 1004 οὐσίαι

209 1030 371 1058 inferiorum
387 1033 479 1057 autem
502 1028 685 1056 essentiarum
707 1027 900 1062 dispositiones
916 1026 992 1060 huius

1045 1026 1196 1061 γεγόνασιν,
1214 1027 1310 1059 αὑταῖς
1326 1027 1444 1058 ἐκείναις
1467 1026 1536 1062 μετὰ
1555 1025 1620 1052 Θεὸν
1639 1024 1677 1057 ὡς
1696 1024 1836 1060 ίεράρχαις

207 1076 307 1111 ignem,
323 1075 456 1111 sapientis
467 1095 475 1107 ,
500 1073 625 1105 scientis,
652 1079 685 1100 ac
702 1072 750 1100 Dei
764 1072 874 1106 capacis
887 1072 992 1100 virtutis

1045 1073 1226 1100 ἀνατιθέασιν.

209 1121 358 1157 participes
370 1120 478 1156 quidem
491 1124 594 1147 suntet
606 1119 684 1154 ipsae,
696 1119 743 1146 sed
759 1117 882 1145 inferiori
910 1118 1007 1153 gradu,
1035 1123 1063 1146 et
1088 1127 1149 1147 cum
1172 1124 1297 1154 respectu
1325 1121 1358 1147 ad
1384 1119 1490 1154 priores
1511 1127 1559 1154 per
1577 1127 1657 1154 quas,
1681 1123 1711 1146 ut
1736 1117 1837 1146 divina

210 1167 369 1195 imitationis
381 1165 623 1201 prmformatrices,
647 1165 680 1192 ad
705 1163 921 1192 deiformitatem‘
945 1171 994 1198 pro
1006 1167 1087 1198 captu
1108 1173 1158 1192 suo
1183 1170 1390 1199 promoventur.
1417 1166 1508 1194 Dictas
1535 1167 1626 1201 itaque
1654 1165 1836 1201 proprietate:

209 1219 410 1246 sacrosanctus,
432 1219 548 1247 quarum
567 1212 692 1239 secunda
720 1216 824 1238 natura:
839 1218 888 1246 per
905 1211 1006 1246 primas
1027 1212 1176 1248 participes
1200 1213 1305 1241 ell'ecuc
1333 1218 1410 1246 sunt,
1434 1213 1469 1241 iis
1495 1213 1560 1248 ipsis
1573 1218 1635 1249 post
1655 1213 1752 1244 Deum.
1775 1217 1837 1240 tan-

208 1267 289 1295 quam
302 1259 456 1296 prapositis
472 1259 538 1292 suis.
553 1262 683 1293 acceptas
700 1257 802 1285 ierunt.

984 1304 999 1340 ᾗ
1018 1304 1072 1335 ιν.

242 1359 342 1387 Aiebat
355 1358 446 1393 itaque
463 1357 509 1391 qui
525 1357 583 1385 [nec
609 1356 758 1390 referebat.
779 1356 911 1384 visionem
932 1355 993 1391 qui-

208 1408 269 1435 deni
303 1406 377 1433 illam
414 1403 565 1432 exliibitam
589 1410 651 1431 esse
680 1403 806 1438 theologo
834 1410 849 1430 a
876 1402 992 1437 quodam

1046 1414 1095 1442 νην
1118 1407 1309 1442 ὐποδειχθῆναι
1324 1406 1364 1442 τῷ
1379 1407 1496 1442 θεολόγῳ
1521 1407 1554 1434 δι’
1569 1407 1628 1439 ἐνὸς
1646 1407 1700 1434 τῶν
1723 1408 1836 1435 ἐπιστα-

207 1460 314 1485 eorum,
333 1451 380 1487 qui
396 1450 476 1478 nobis
489 1455 620 1484 praesunt,
636 1454 793 1477 sanctorum
806 1457 838 1476 ac
853 1449 992 1477 beatorum

1047 1452 1164 1479 τούντων
1177 1453 1242 1487 ἡμῖν
1251 1452 1335 1487 ἁγίων
1346 1453 1392 1479 καὶ
1410 1452 1550 1488 μακαρίων
1561 1452 1693 1486 ἀγγέλων,
1705 1452 1753 1479 καὶ
1765 1453 1836 1488 πρὸς

208 1498 386 1533 angelorum,
411 1496 488 1531 cujus
510 1495 704 1522 illuminatrice
728 1493 940 1522 manuduetione
960 1493 992 1520 ad

1047 1497 1100 1532 τῆς
1116 1498 1283 1533 φωτιστικῆς
1293 1497 1375 1524 αὐτοῦ
1390 1498 1574 1534 χειραγωγίας
1598 1498 1644 1525 ἐπὶ
1660 1498 1710 1534 τὴν
1720 1498 1836 1534 νοερὰν⁸

209 1544 360 1580 spiritalem
391 1543 469 1571 istam
492 1541 748 1576 contemplationem
770 1540 860 1568 inierat
872 1543 992 1572 evectus.

1045 1542 1154 1578 ἐκείνην
1169 1542 1286 1578 θεωρίαν
1297 1541 1470 1577 ἀνατεθῆναι,
1488 1542 1547 1569 καθ’
1557 1543 1590 1578 ἢν
1602 1543 1675 1579 ἐώρα
1684 1543 1733 1575 τὰς
1750 1543 1835 1579 ὑπερ-

206 1591 233 1618 in
250 1598 302 1626 qua
323 1597 465 1625 supremas
477 1589 538 1617 illas
553 1587 688 1615 essentias
703 1586 793 1622 (quasi
807 1586 834 1613 in
850 1586 992 1622 symbolis,

1045 1589 1129 1620 τάτας
1142 1588 1236 1620 οὐσίας
1252 1588 1300 1624 (ὡς
1315 1589 1344 1615 ἐν
1356 1588 1500 1624 συμϐόλοις
1516 1589 1613 1625 εἰπεῖν)
1639 1588 1691 1616 ὑπὸ
1705 1589 1771 1616 Θεὸν
1785 1589 1835 1616 καὶ

1083 1359 1196 1396 Ἔλεγεν
1205 1359 1253 1388 οὖν
1267 1360 1282 1387 6
1300 1360 1386 1387 ταῦτα
1402 1360 1501 1396 φήσας,
1518 1361 1567 1397 τὴν
1587 1361 1636 1396 μὲν
1653 1360 1747 1397 ὅρασιν
1761 1361 1835 1390 ἐκεί-

205 1641 236 1664 ut
257 1636 297 1664 sic
322 1635 429 1671 loquar)
446 1634 514 1662 vidit
539 1634 609 1661 infra
628 1633 711 1660 Deum
733 1631 848 1666 etjuxta
866 1632 949 1659 Deum
966 1636 994 1659 et

205 1682 278 1709 circa
294 1682 377 1709 Deum
393 1682 551 1714 collocatas,
567 1684 650 1714 atque
662 1678 783 1706 omnium
799 1678 910 1712 insuper
922 1678 993 1713 ipsa-

206 1736 267 1756 rum
280 1727 539 1762 superineﬂ'ubilitcr
551 1726 717 1754 eminentem
730 1724 991 1759 superprincipalem

204 1775 351 1807 verticem,
368 1775 394 1802 in
411 1773 500 1801 medio
514 1772 779 1808 supercminentium
801 1771 930 1798 virtutum
947 1779 991 1798 su-

204 1820 384 1855 perpositum.
402 1818 501 1847 Didicit
513 1818 606 1853 itaque
616 1825 650 1845 ex
663 1817 737 1845 hisce
748 1816 900 1844 visionibus
915 1817 993 1844 theo-

204 1866 293 1902 lngus.
308 1865 497 1897 Divinitatem,
512 1864 660 1892 secundum
673 1870 782 1891 omnem
794 1868 991 1898 supernatura-

204 1912 256 1940 lem
268 1911 474 1943 excellentiam,
487 1911 547 1938 sine
558 1910 762 1945 comparatione
771 1916 901 1945 praestare
916 1909 989 1937 omni

202 1957 303 1985 visibili
326 1962 355 1985 et
384 1956 514 1984 invisibili
541 1956 658 1988 virtuti,
673 1955 855 1990 omnibusque
879 1956 991 1990 insuper

202 2007 356 2038 exemptam
375 2010 447 2034 esse,
464 2007 494 2030 ut
506 2009 567 2037 quae
585 2010 619 2030 ne
641 2001 736 2037 primis
747 2002 857 2036 quidem
873 2001 933 2029 istis
946 2009 990 2030 es-

202 2048 299 2077 sentiis
325 2048 380 2076 ullo
398 2048 478 2076 modo
497 2047 595 2076 similis
619 2048 741 2074 existat:
760 2047 795 2074 ad
811 2047 886 2080 hazc,
901 2046 988 2081 ipsam

202 2096 324 2123 omnium
337 2103 398 2124 esse
412 2095 577 2130 principium
592 2099 620 2122 et
633 2101 743 2122 causam
758 2095 987 2128 substantiiicam,

1046 1634 1114 1670 μετὰ
1130 1634 1198 1660 Θεοῦ
1209 1635 1220 1651 ⁹
1232 1635 1279 1661 καὶ
1292 1635 1356 1670 περὶ
1370 1635 1436 1661 θεὸν
1453 1635 1606 1671 ἱδρυμένας,
1624 1635 1670 1661 καὶ
1686 1634 1734 1670 τὴν
1750 1634 1835 1662 ἁπάν-

1043 1688 1097 1706 των
1114 1680 1160 1707 καὶ
1175 1679 1265 1707 αὐτῶν
1279 1680 1477 1716 ὑπεμρρήτως
1486 1679 1656 1716 ἐξῃρημένην
1667 1680 1834 1716 ὑπεράρχιον

1043 1725 1181 1762 ἀκρότητα
1198 1727 1228 1752 ἐν
1246 1725 1321 1761 μέσῳ
1339 1725 1395 1752 τῶν
1415 1726 1640 1762 ὑπερϐεϐηκυιῶν
1651 1726 1673 1742 ¹⁶
1689 1726 1833 1762 δυνάμεων

1043 1770 1271 1807 ὐπεριδρυμένην.
1297 1770 1463 1807 Ἐμάνθανεν
1485 1768 1532 1798 οὖν
1553 1773 1608 1803 τοῖς
1623 1773 1800 1808 ὁρωμένοις¹¹
1817 1774 1833 1800 6

1043 1817 1175 1852 θεολόγος,
1187 1817 1228 1844 ὁτι
1240 1817 1311 1844 κατὰ
1321 1818 1410 1844 πᾶσαν
1422 1818 1581 1853 ὑπερούσιον
1593 1819 1728 1854 ὑπεροχὴν
1744 1819 1830 1853 ἀσυγ-

1042 1864 1143 1898 κρίτως
1157 1863 1351 1901 ὑπερίδρυτο¹¹
1374 1864 1404 1891 τὸ
1425 1863 1516 1896 Θεῖον,
1534 1864 1643 1900 ἀπάσης
1666 1864 1768 1900 ὁρατῆς
1783 1865 1832 1892 καὶ

1042 1909 1156 1944 ἀοράτου
1170 1909 1320 1944 δυνάμεως,
1337 1910 1384 1936 καὶ
1401 1909 1455 1945 μὴν
1468 1909 1509 1936 ὅτι
1522 1910 1630 1936 πάντων
1647 1911 1719 1937 ἐστὶν
1731 1910 1833 1947 ἐξῃρη-

1044 1957 1122 1991 μένον
1136 1956 1173 1988 ὠς
1184 1956 1310 1989 καθόλου,
1330 1957 1397 1993 μηδὲ
1408 1959 1468 1989 ταῖς
1482 1957 1603 1994 πρώταις
1618 1957 1673 1984 τῶν
1685 1957 1769 1984 ὄντων
1783 1958 1831 1985 οὗ·

1042 2001 1112 2032 σίαις
1128 2002 1246 2037 ἐμφερές
1258 2011 1265 2017 ·
1283 2002 1394 2038 προσέτι
1409 2003 1495 2030 καὶτὸ
1505 2003 1613 2030 πάντων
1629 2003 1695 2030 αὐτὸ
1710 2003 1798 2040 ἀρχὴν
1808 2004 1832 2021 ¹³

1040 2047 1088 2073 καὶ
1102 2047 1190 2073 αἰτίαν
1205 2047 1359 2075 οὺσιοποιὸν
1380 2046 1459 2082 εἶναι,
1472 2049 1520 2075 καὶ
1533 2048 1583 2084 τῆς
1591 2048 1644 2075 τῶν
1656 2048 1740 2075 ὄντων
1751 2049 1831 2076 ἀδια-

1040 2092 1119 2119 λύτου
1147 2093 1230 2129 μονῆς
1254 2093 1430 2121 ἀναλλοίωτον
1454 2095 1574 2131 ἵδρυσιν,
1596 2094 1641 2129 ὑφ’
1664 2092 1698 2130 ἧς
1722 2096 1771 2122 καὶ
1798 2096 1832 2122 τὸ

203 2141 455 2176 indissolubilisque
466 2149 559 2169 rerum
576 2141 729 2169 mansionis
748 2140 917 2168 immutabile
941 2141 989 2168 llr-

1045 2136 1112 2166 εῖναι
1129 2140 1176 2166 καὶ
1200 2140 1231 2166 τὸ
1252 2137 1281 2166 εὗ
1307 2138 1393 2173 εἶναι,
1414 2141 1461 2168 uolt
1476 2141 1571 2172 αὑταῖς
1591 2142 1652 2172 ταῖς
1674 2140 1831 2176 ὑπερεεση-

203 2193 382 2220 momentum,
399 2195 433 2215 ex
455 2195 509 2222 quo
531 2192 562 2215 ιιι
580 2193 685 2220 essent,
697 2191 726 2214 et
741 2187 811 2215 bene
828 2192 932 2220 essent,
942 2194 989 2215 Bll-

201 2242 302 2269 premte
332 2235 415 2261 etiam
446 2233 527 2270 115
560 2235 675 2261 virtutes
706 2233 865 2261 habuissent
886 2242 894 2260 :
914 2233 988 2268 ipsas

201 2281 300 2308 deinde
331 2281 478 2308 deiiormcs
496 2280 732 2307 sanctissimorum
749 2279 886 2313 seraphim
903 2279 989 2306 virtu-

202 2332 244 2354 tes
259 2327 420 2358 docebatur,
433 2333 549 2361 quorum
565 2333 673 2353 sacrum
689 2332 785 2352 nomen
802 2325 866 2359 quid
879 2325 984 2360 igneum

200 2374 325 2408 designat
336 2372 417 2408 (17'),
427 2373 460 2399 de
471 2380 525 2407 quo
537 2379 586 2399 nos
599 2371 679 2407 paulo
690 2376 751 2406 post
762 2371 895 2405 dicemus,
908 2377 988 2405 prout

199 2419 352 2454 poterimus
367 2419 556 2453 interpretari.
573 2418 652 2445 istius
669 2417 757 2453 igneae
772 2418 880 2445 virtutis
895 2418 928 2444 ad
943 2417 986 2444 di-

199 2464 292 2491 vinam
309 2464 519 2492 similitudinem
546 2464 688 2498 impulsus.
713 2463 799 2490 Porro
819 2471 880 2490 cum
905 2470 985 2491 sena-

199 2518 259 2537 rqu
279 2511 383 2537 alarum
400 2517 486 2538 sacrm
498 2509 616 2537 ﬁctionis
630 2509 781 2537 absolutam
797 2516 985 2544 summamque

198 2556 226 2584 in
241 2557 326 2584 Deum
342 2558 368 2584 in
386 2557 483 2592 primis
498 2564 530 2583 ac
545 2556 641 2584 mediis
660 2556 872 2591 navissimisque
887 2557 985 2583 menti-

1041 2185 1130 2216 κυίαις
1144 2186 1202 2212 ἐστὶ
1227 2186 1389 2221 δυνάμεσιν·
1407 2185 1466 2214 εἶτα
1484 2186 1534 2219 τὰς
1555 2186 1644 2214 αὐτῶν
1666 2187 1723 2214 τῶν
1741 2188 1831 2222 ἁγιω-

1040 2231 1127 2258 τάτων
1145 2233 1266 2268 σεραφὶμ
1285 2233 1394 2268 ἐμυεῖτο
1414 2232 1540 2264 θεοειδεῖς
1555 2233 1692 2268 δυνάμεις,
1707 2232 1759 2268 τῆς
1777 2233 1832 2268 μὲν

1041 2277 1116 2312 ἱερᾶς
1131 2277 1219 2304 αὐτῶν
1236 2279 1394 2314 ἐπωνυμίας
1413 2278 1444 2305 τὸ
1466 2278 1600 2314 ἐμπύριον
1623 2278 1830 2313 σημαινούσης,

1040 2323 1105 2359 περὶ
1125 2321 1156 2350 οὗ
1182 2324 1278 2359 μικρὸν
1302 2324 1416 2360 ὕστερον
1439 2325 1519 2360 ἡμεῖς
1540 2324 1675 2359 ἐροῦμεν,
1699 2323 1738 2355 ὡς
1758 2324 1831 2360 ἡμῖν

1039 2369 1149 2404 ἐφικτὸν
1163 2370 1354 2406 ὑφηγήσασθαι
1369 2371 1419 2402 τὰς
1435 2372 1482 2397 ἐπὶ
1492 2371 1522 2397 τὸ
1539 2370 1653 2402 θεοειδές
1669 2369 1720 2404 τῆς
1735 2370 1830 2404 ἐμπυ-

1040 2415 1097 2450 ρίου
1113 2416 1254 2451 δυνάμεως
1273 2417 1428 2451 ἀναγωγάς.
1447 2417 1503 2452 Τῆς
1521 2416 1550 2443 δέ
1564 2416 1618 2443 τῶν
1637 2415 1746 2450 πτερῶν
1762 2414 1830 2446 ἐξα-

1039 2462 1108 2498 πλῆς
1129 2462 1320 2498 ίεροπλαστίας
1331 2463 1381 2499 τὴν
1399 2463 1445 2489 ἐπὶ
1458 2463 1490 2489 τὸ
1504 2462 1581 2489 Θεῖον
1599 2463 1629 2488 ἐν
1646 2460 1781 2496 πρώταις,
1797 2461 1831 2486 ἐν

1040 2510 1149 2545 μέσαις,
1165 2511 1194 2536 ἐν
1209 2510 1374 2541 τελευταίαις
1393 2509 1516 2544 νοήσεσιν
1530 2508 1661 2535 ὰπόλυτον
1677 2508 1724 2534 καὶ
1739 2508 1831 2542 ὑπερ-

1036 2555 1121 2590 τάτην
1145 2555 1292 2582 ἀνάστασιν
1305 2574 1313 2586 ,
1334 2553 1402 2580 ἀλλὰ
1423 2554 1469 2580 καὶ
1492 2554 1521 2580 τὺ
1544 2553 1708 2588 ἁπειρόπουν
1733 2553 1829 2580 αὐτῶν

843 2634 958 2663 νΑιιιΑῑ
977 2633 1179 2662 LLCTIONES.

256 2706 296 2737 είς
309 2713 361 2731 non
387 2711 430 2732 est
448 2707 474 2732 iu
502 2706 531 2732 Ι).
556 2705 585 2741 Ρ.
609 2695 672 2733 Ch.-
697 2706 708 2721 ⁸
723 2705 773 2741 τὴν
787 2706 874 2741 ἱεράν,
889 2705 940 2732 Cll.

1049 2703 1133 2741 ῚΔευτ’.
1146 2703 1335 2741 ᾼάναταθῇναιε
1354 2703 1392 2741 M,
1406 2703 1434 2731 S.
1445 2703 1488 2741 ‘P.
1513 2703 1543 2731 D.
1639 2701 1701 2741 Sar.
1757 2703 1769 2717 ¹³
1785 2702 1825 2741 μ.

196 2746 300 2767 tantum
325 2741 416 2767 habet.
439 2742 485 2767 καὶ

197 2777 217 2791 ’⁸
231 2776 416 2812 ὺπερίδρυται,
434 2777 482 2803 Cll.
523 2776 543 2791 ¹³
563 2777 610 2802 καὶ
633 2777 731 2813 ἀρχήν,
751 2777 783 2803 ι).
796 2776 847 2804 Cll.

514 2740 582 2784 μετὰ
599 2741 776 2784 ,Θεόνηίιιιυξί
793 2740 918 2784 sciturum
952 2740 996 2766 Sc.

1051 2739 1071 2754 ¹⁰
1085 2738 1301 2774 ὑποϐεϐηκυιῶν,
1324 2740 1354 2768 Ρ.
1381 2740 1412 2766 ι).
1442 2739 1502 2767 Sar.
1554 2739 1574 2753 “
1595 2738 1764 2773 εἰρημένοις,
1790 2738 1824 2764 D.

229 2843 295 2877 (IT)
311 2843 410 2870 Nomen
424 2843 528 2871 scilicet
547 2843 679 2872 llcliraicc
705 2852 880 2880 expressum,
905 2847 1005 2875 nunc:
1027 2843 1098 2877 quod
1113 2842 1258 2879 signiﬁcat,
1272 2843 1404 2875 ardentes,
1429 2842 1573 2878 fulgentes,-
1588 2849 1603 2869 ιι
1621 2842 1711 2870 radlca
1732 2845 1825 2876 nam,

194 2878 319 2912 iuumlit,
336 2880 478 2907 succendit.
497 2880 598 2907 DﬂAC'J.
