1933 3075
97 198 155 227 305

590 192 635 219 DE
652 191 817 220 CLELESTI
834 189 1056 221 HIERARCHIA,
1074 187 1150 215 CAP.
1168 187 1234 214 Xlll.
1670 183 1723 212 30’3

100 256 149 283 καὶ
171 254 383 290 πολυπρόσωπον
406 252 477 289 ὁρῶν
497 254 511 280 ὁ
536 252 608 288 ἱερὸς
625 250 765 285 θεολόγος,
791 251 839 276 καὶ
859 248 885 276 τὶ

941 248 992 276 bus
1016 246 1230 278 excitationem,
1247 252 1297 272 nec
1318 251 1371 271 non
1394 243 1605 271 innumerabiles
1628 250 1722 270 eorum

95 303 158 333 τοῖς
174 302 282 337 πτεροῖς
301 298 556 326 ἀποδιαστέλλεσθαι
589 297 639 332 τὴν
653 296 705 323 ὑπὸ
719 297 782 328 τοὺς
806 295 888 328 πόδας

99 347 150 374 καὶ
163 347 214 382 τὴν
230 347 300 382 ὑπὲρ
316 345 351 372 τὰ
362 345 496 381 πρόσωπα
511 343 638 380 Θεωρίαν,
654 343 701 369 καὶ
716 343 765 378 τὴν
783 343 812 369 ὲν
832 343 889 373 τοῖς

101 393 197 429 μέσοις
219 393 328 428 πτεροῖς
351 392 538 426 ἀεικινησίαν,
558 390 627 426 πρὸς
644 389 694 425 τὴν
716 389 815 425 νοητὴν
834 388 888 415 τῶν

97 437 247 473 ὁρωμένων
263 437 377 472 ἀνήγετο
400 437 510 471 γνῶσιν,
526 435 723 470 ὲκιραινομένης
743 433 819 470 αὺτῷ
838 434 888 469 τῆς

99 483 157 510 τῶν
177 483 335 518 ὑπερτάτων
362 483 429 509 νοῶν
454 482 606 518 πολυπύρου
625 482 671 508 καὶ
690 481 889 516 πολυθεάμονος

99 528 252 564 δυνάμεως,
269 529 315 554 καί
328 528 378 563 τῆς
392 528 468 564 ἱερᾶς
484 527 573 554 αὐτῶν
589 527 745 559 εὐλαϐείας,
763 526 797 562 ἢν
813 526 890 561 ἔχου·

100 582 144 600 σιν
162 574 353 610 ὑπερκοσμίως
367 574 406 605 είς
421 574 471 609 τὴν
484 574 539 600 τῶν
556 573 727 609 ὑψηλοτέρων
738 573 761 589 ¹¹⁵
775 573 822 600 καὶ
843 573 890 608 βα-

99 619 222 656 θυτέρων
233 620 334 655 αὐθάδη
349 621 395 647 καὶ
406 620 533 656 θρασεῖαν
548 620 595 647 καὶ
610 620 753 654 ἀνέφικτον
768 619 889 655 ἔρευναν,

99 665 148 691 καὶ
169 665 220 700 τῆς
244 666 272 691 ὲν
297 666 452 701 συμμετρίᾳ
475 665 531 692 τῶν
552 665 723 701 θεομιμήτων
744 665 889 701 ἐνεργειῶν

98 711 291 746 ἀκαταλήκτου
308 712 355 738 καὶ
372 707 521 746 ὑψιπτοῦς
542 711 721 747 ἀεικινησίας.
742 710 822 737 Ἀλλὰ
842 711 889 738 καὶ

98 755 151 791 τὴν
175 756 322 792 θεαρχικὴν
344 757 451 792 ἐκείνην
474 757 521 784 καὶ⁸
545 756 725 792 πολυτίμητον
754 756 888 791 ὑμνῳδίαν

98 801 323 836 ἐμυσταγωγεῖτο
333 822 340 834 ,
357 801 404 829 τοῦ
420 802 569 834 τυποῦντος
589 802 638 838 τὴν
661 803 755 838 ὅρασιν
772 801 887 836 ἀγγέλου

99 847 173 874 κατά
196 847 310 883 δύναμιν
325 848 365 884 τῷ
380 848 496 884 θεολόγῳ
517 849 699 885 μεταδιδόντος
721 848 770 884 τῆς
785 848 887 880 οἰκείας

100 893 288 928 ἱερογνωσίας.
312 894 464 921 Ἐδίδασκεν
477 892 522 922 οὖν
535 894 617 922 αὑτὸν
630 893 771 926 καὶτοῦτο,
786 894 826 920 δτι
838 894 887 920 κά-

940 295 1036 330 pedes,
1051 293 1208 327 multasque
1229 291 1314 319 facies
1328 296 1438 319 sanctus
1460 291 1503 318 ille
1523 291 1663 326 theologus
1681 290 1721 317 vi-

940 342 1028 373 deret,
1044 345 1128 374 utque
1143 339 1194 367 alis
1211 343 1266 365 tam
1283 337 1380 372 pedum
1399 344 1480 372 quam
1499 336 1628 364 facierum
1643 344 1723 372 aspe-

939 392 999 414 ctus
1014 390 1184 416 arcerentur,
1198 384 1306 419 altaque
1319 382 1415 410 media:
1428 387 1559 416 perpetuo
1580 389 1724 410 moveren-

939 437 994 463 tur,
1014 431 1048 458 ad
1072 429 1268 465 intelligibilem
1291 436 1386 456 eorum
1401 435 1461 462 qua
1482 428 1613 455 cernebat
1633 427 1724 455 scien-

940 478 1004 505 tiam
1019 476 1216 506 adducebatur.
1237 474 1370 509 explicata
1386 473 1425 500 illi
1440 480 1628 507 supremorum
1642 472 1725 507 spiri—

940 528 1014 551 tuum
1032 522 1179 556 multivaga
1195 521 1364 556 plurimaque
1384 519 1510 547 cernendi
1527 518 1664 551 facultate,
1680 526 1726 546 sa-

939 576 1040 604 craque
1051 576 1146 596 eorum
1164 567 1318 595 reverentia
1332 587 1340 600 ,
1361 574 1442 601 quam
1468 564 1724 600 supermundialiter

939 616 1070 644 exhibent
1091 615 1117 642 in
1142 614 1330 642 sublimiorum
1346 612 1606 648 profundiorumque
1620 614 1723 646 myste-

939 662 1042 689 riorum
1055 660 1183 688 insolenti
1195 667 1226 687 ac
1241 659 1387 686 temeraria
1403 656 1655 693 impenetrabilique
1665 663 1725 691 per-

938 707 1118 740 scrutatione,
1135 713 1185 734 nec
1202 713 1259 733 non
1280 704 1383 740 optime
1397 704 1498 739 digesta
1514 703 1598 730 Deum
1614 702 1725 729 imitan-

939 757 1004 783 tium
1019 754 1159 781 actionum
1182 751 1337 780 incessabili
1361 755 1390 779 et
1411 749 1571 778 altivolante
1593 752 1723 783 perpetua

937 802 1069 830 motione.
1083 801 1154 835 Quin
1176 805 1204 829 et
1221 801 1342 829 divinum
1364 800 1430 827 illud
1452 798 1724 835 praestantissimum-

937 856 990 883 que
1006 848 1096 876 laudis
1110 848 1247 876 canticum
1267 846 1400 879 discebat,
1419 845 1514 880 angelo
1528 844 1574 879 qui
1590 843 1724 871 visionem

938 894 1120 927 eﬂ‘ormabat,
1144 898 1224 929 prout
1249 897 1373 929 poterat,
1397 892 1446 927 ipsi
1468 891 1593 926 tbeologo
1616 897 1721 918 sacram

99 937 197 973 θαρσίς
213 939 269 965 ἐστι
283 940 339 971 τοῖς
355 939 479 967 ὁπωσοῦν
496 940 625 976 καθαροῖς
641 941 658 975 ἡ
671 940 720 975 τῆς
739 939 885 975 θεαρχικῆς

938 947 1014 967 suam
1029 940 1170 968 scientiam
1187 939 1416 966 communicante.
1431 937 1501 971 Quin
1518 941 1546 964 et
1566 937 1617 963 hoc
1633 935 1721 970 ipsmn

97 984 238 1018 διαυγείας
262 985 441 1021 ἀγνότητος¹⁸
462 987 500 1018 ὡς
520 986 630 1021 ἐφικτὸν
655 986 792 1021 μετουσία.
812 985 886 1022 Abel]

98 1030 128 1057 δὲ
139 1030 171 1062 ¹⁶,
189 1031 258 1066 πρὸς
275 1031 361 1066 αὐτῆς
381 1031 509 1068 θεαρχίας
530 1032 711 1069 ὲξῃρημέναις
726 1033 827 1064 αἰτίαις
846 1033 887 1065 είς

99 1076 204 1107 πάντας
214 1077 277 1108 τοὺς
290 1077 380 1112 ἱεροὺς
396 1077 458 1110 νόας
473 1079 627 1114 ὑπερουσίῳ
638 1079 799 1114 κρυφιότητι
812 1079 887 1105 τελε-

97 1121 285 1157 τουργουμένη
300 1122 320 1138 "
336 1124 396 1154 ταῖς
416 1124 480 1159 περὶ
498 1123 582 1159 αὐτὴν
599 1123 637 1155 ὡς
656 1124 820 1159 ὑπερτάταις
839 1124 886 1151 δυ-

98 1167 224 1202 νάμεσιν,
240 1168 423 1204 ἐκφανεστέρα
440 1169 498 1201 πώς
518 1170 576 1196 ἐστι
596 1170 642 1196 καὶ
665 1170 763 1205 μᾶλλον
788 1171 886 1208 ἑαυτὴν

98 1211 221 1246 ἐκφαίνει
233 1214 279 1240 καὶ
295 1214 443 1241 διαδίδωσιν
453 1223 459 1230 ·
479 1215 524 1242 ἐπὶ
537 1215 565 1242 δὲ
577 1215 630 1242 τῶν
651 1216 784 1252 δευτέρων
799 1216 816 1252 ἦ
831 1215 887 1243 τῶν

98 1259 220 1294 ἐσχάτων
244 1260 322 1296 ἡμῶν
338 1262 437 1297 νοερῶν
448 1263 469 1278 ¹⁸
489 1263 628 1298 δυνάμεων
640 1284 647 1296 ,
671 1263 709 1295 ὡς
727 1264 811 1299 αὐτῆς
824 1264 886 1291 ἐχά-

99 1312 150 1340 στη
172 1305 242 1332 κατὰ
257 1306 287 1332 τὸ
309 1307 423 1339 θεοειδὲς
443 1308 591 1344 διέστηκεν,
609 1309 679 1336 οὕτω
692 1310 741 1346 τὴν
755 1310 842 1346 φανὴν
864 1310 886 1326 ¹⁹

97 1350 185 1386 αὐτῆς
205 1351 336 1387 ἔλλαμψιν
360 1354 469 1388 συνάγει
487 1355 556 1391 πρὸς
576 1355 606 1381 τὸ
619 1355 670 1390 τῆς
698 1355 800 1388 οίκείας
819 1365 881 1392 κρυ·

99 1397 227 1432 φιότητος
247 1398 345 1425 ὲνιαίον
366 1399 514 1434 ἄγνωστον.
542 1400 688 1436 Ἑλλάμπει
710 1401 738 1427 δὲ
753 1403 809 1433 τοῖς
824 1401 885 1429 καθ’

97 1439 214 1467 ἕκαστον
228 1440 363 1477 δευτέροις
375 1441 419 1468 διὰ
432 1442 485 1469 τῶν
499 1442 624 1479 πρώτων,
640 1444 697 1475 καὶ,
710 1445 734 1470 εἰ
744 1443 784 1470 δεῖ
792 1444 885 1471 συντό-

101 1492 160 1518 μως
180 1485 282 1516 εἰπεῖν,
299 1486 413 1521 πρώτως
431 1487 464 1513 ὲκ
478 1488 525 1514 τοῦ
541 1489 657 1525 κρυφίου
672 1489 740 1524 πρὸς
752 1489 782 1516 τὸ
794 1490 885 1525 ἐμφα-

99 1529 144 1560 νὲς
159 1529 254 1563 ἄγεται
268 1530 311 1558 διὰ
321 1532 374 1558 τῶν
394 1532 508 1568 πρώτων
523 1534 673 1570 δυνάμεων.
691 1535 777 1562 Τοῦτο
791 1535 857 1570 γοῦν
870 1537 885 1562 ὁ

99 1574 224 1609 θεολόγος
243 1577 399 1605 ὲδιδάσκετο
416 1580 484 1615 πρὸς
500 1579 546 1607 τοῦ
562 1580 792 1616 φωταγωγῶντος
802 1581 884 1608 αὐτὸν

937 986 1076 1017 edocebat,
1092 985 1229 1020 quomodo
1255 984 1353 1012 divinas
1376 982 1509 1011 claritatis
1527 989 1560 1009 ac
1581 980 1722 1008 munditiei

938 1039 987 1068 pro
1015 1031 1147 1067 cujusque
1173 1036 1255 1065 captu
1283 1030 1479 1066 participatio,
1505 1035 1615 1064 quoquo
1642 1027 1726 1054 modo

937 1076 1044 1103 mundis
1056 1075 1138 1103 etiam
1154 1079 1225 1102 esset
1241 1074 1400 1110 expiationi.
1417 1073 1483 1107 Quae
1499 1081 1560 1101 cum
1577 1072 1721 1108 praecipuis

937 1121 971 1149 de
986 1123 1079 1149 causis
1093 1129 1107 1148 a
1125 1122 1170 1150 Dei
1185 1121 1338 1157 principatu
1354 1121 1382 1148 in
1398 1121 1506 1148 cunctis
1520 1121 1608 1148 sacris
1623 1119 1720 1146 menti-

937 1167 988 1195 bus
1003 1167 1226 1202 superessentiali
1252 1167 1369 1202 quodam
1392 1172 1498 1195 secreto
1519 1170 1654 1202 operatur,
1676 1172 1722 1193 su-

937 1213 1038 1248 premis
1056 1217 1145 1241 tamen
1169 1213 1317 1241 virtutibus
1343 1212 1453 1249 Deoque
1472 1212 1606 1247 proximis
1632 1212 1721 1239 mani-

935 1259 1032 1287 festior
1054 1259 1254 1294 quodammodo
1276 1260 1385 1293 existit;
1412 1260 1503 1294 iisque
1528 1259 1615 1294 magis
1627 1267 1657 1287 se
1672 1266 1722 1287 ex-

936 1305 1028 1333 ulanat
1054 1310 1082 1332 et
1117 1305 1409 1337 insinuat;secundis
1436 1313 1502 1333 vero
1530 1305 1722 1333 DOViSalllllSVC

936 1351 1040 1378 nostris
1055 1350 1204 1378 virtutibus
1218 1351 1294 1379 hisce
1307 1351 1488 1386 spiritalibus,
1511 1355 1593 1385 prout
1606 1358 1721 1386 qumque

935 1402 950 1421 a
967 1394 1151 1424 deiformitate
1166 1396 1224 1431 ipsa
1239 1397 1339 1429 distat,
1358 1397 1396 1424 ita
1409 1397 1512 1424 claram
1529 1397 1587 1432 ejus
1603 1397 1721 1425 illustra-

935 1442 1036 1469 tionem
1051 1444 1085 1470 ad
1100 1443 1201 1470 secreti
1220 1442 1262 1470 sui
1275 1443 1439 1478 singularem
1452 1443 1559 1470 confert
1574 1443 1721 1478 ignoratio-

935 1494 1006 1514 nem.
1020 1487 1161 1515 Secundas
1173 1495 1256 1523 porro
1265 1487 1406 1521 sigillatim
1416 1494 1465 1522 per
1477 1487 1578 1523 primas
1590 1488 1719 1520 illustrat,

934 1537 963 1561 et
977 1538 1007 1560 ut
1019 1534 1177 1561 summatim
1193 1533 1293 1566 dicam,
1306 1534 1432 1569 primitus
1445 1541 1478 1561 ex
1490 1534 1596 1561 occulto
1610 1534 1635 1561 iu
1645 1542 1721 1570 aper-

935 1584 991 1606 tum
1007 1579 1117 1607 ducitur
1134 1587 1184 1615 per
1201 1580 1316 1608 virtutes
1341 1580 1454 1615 primas.
1476 1579 1532 1607 Hoc
1543 1580 1626 1615 igitur
1641 1581 1719 1608 theo-

99 1620 227 1654 ἀγγέλου,
243 1622 274 1649 τὸ
294 1623 344 1659 τὴν
367 1624 499 1660 κάθαρσιν
513 1626 559 1652 καὶ
573 1626 662 1658 πάσας
671 1626 721 1658 τὰς
732 1627 880 1663 θεαρχικάς

934 1624 1010 1660 logus
1028 1625 1062 1652 ab
1085 1625 1192 1661 angelo,
1216 1626 1263 1661 qui
1280 1625 1368 1661 ipsum
1387 1625 1560 1659 illustrabat,
1585 1625 1717 1658 discebat,

98 1666 255 1702 ἐνεργείας,
272 1669 316 1696 διὰ
335 1669 391 1697 τῶν
407 1670 521 1706 πρώτων
540 1672 637 1699 οὐσιῶν
661 1673 881 1709 ἀναλαμπούσας,

99 1711 139 1743 είς
154 1712 244 1745 πάσας
257 1713 306 1746 τὰς
319 1715 414 1747 λοιπὰς
430 1716 590 1744 διαδίδοσθαι
614 1717 684 1744 κατά
700 1718 749 1754 τὴν
765 1718 883 1754 ἑκάστης

99 1756 169 1792 πρὸς
188 1757 238 1790 τὰς
255 1759 415 1795 θεουργικὰς
435 1762 579 1796 μετουσίας
598 1763 756 1798 ἀναλογίαν·
777 1763 818 1790 διὸ
838 1763 886 1790 καὶ
903 1792 905 1794 ,

97 1803 148 1838 τὴν
169 1804 309 1840 ὲμπυρίως
325 1807 492 1843 καθαρτικὴν
511 1808 630 1844 ίδιᾶτητα
642 1811 699 1841 τοῖς
713 1811 833 1846 σεραφὶμ
846 1809 885 1836 εἰ-

100 1849 187 1882 κότως
201 1851 271 1886 μετὰ
286 1852 352 1879 Θεὸν
369 1853 550 1882 ἀνατέθεικεν.
569 1855 651 1883 Οὐδὲν
667 1853 714 1882 οὖν
731 1856 840 1888 ἄτοπον,
859 1857 884 1883 εί

100 1895 242 1932 καθαίρειν
262 1897 367 1932 λέγεται
384 1899 430 1927 τὸν
447 1901 569 1936 θεολόγον
585 1903 599 1928 ὀ
620 1902 750 1938 σεραφίμ.
771 1902 814 1933 Ὧς
829 1901 884 1938 γὰρ

98 1942 113 1968 ὁ
128 1941 195 1973 Θεὸς
214 1942 336 1980 καθαίρει
355 1946 460 1977 πάντας
477 1946 517 1982 τῷ
537 1947 627 1982 πάσης
642 1947 800 1983 καθάρσεως
816 1945 884 1975 εῖναι

97 1987 187 2019 αἰτίας
196 1988 230 2020 ὀ,
246 1989 344 2024 μᾶλλον
360 1991 389 2017 δὲ
414 1991 606 2028 (παραπλησίῳ
618 1993 673 2029 γὰρ
684 1993 820 2029 χρήσομαι
833 2002 884 2020 πα-

100 2033 283 2070 ραδείγματι),
297 2035 421 2072 καθάπερ
437 2037 451 2063 ὁ
465 2037 525 2064 καθ’
538 2038 611 2073 ἡμᾶς
628 2039 756 2074 ἱεράρχης
768 2038 812 2065 διὰ
829 2038 884 2065 τῶν

98 2079 182 2106 αὑτοῦ
206 2080 368 2117 λειτουργῶν
386 2081 403 2117 ἦ
433 2082 527 2118 ἱερέων
549 2083 688 2119 καθαίρων
709 2084 726 2119 ἤ
749 2083 882 2119 φωτίζων,

98 2125 179 2157 αὐτὸς
210 2125 318 2160 λέγεται
348 2127 489 2164 καθαίρειν
519 2129 567 2155 καὶ
603 2129 730 2164 φωτίζειν
764 2130 819 2156 τῶν
849 2130 884 2157 δι’

97 2170 180 2198 αὑτοῦ
207 2171 417 2208 καθιερωμένων
444 2174 547 2207 τάξεων
573 2174 617 2201 ἐπ’
642 2175 723 2202 αὑτὸν
747 2175 883 2203 ἀνατιθει-

98 2217 153 2243 σῶν
173 2216 224 2249 τὰς
243 2217 344 2250 οἰκείας
375 2218 450 2254 ίεράς
471 2219 622 2254 ἐνεργείας
658 2219 729 2247 οὕτω
760 2221 808 2247 καὶ
834 2221 883 2257 τὴν

96 2262 201 2289 οἰκείαν
227 2263 395 2300 καθαρτικὴν
418 2265 572 2301 ἐπιστήμην
596 2266 644 2293 καὶ
663 2266 778 2302 δύναμιν
798 2268 813 2294 ὁ
833 2268 884 2303 τὴν

932 1670 1067 1704 quomodo
1080 1678 1142 1698 cum
1157 1672 1273 1706 ipsamet
1289 1671 1429 1707 expiatio,
1456 1677 1512 1699 tum
1537 1677 1643 1700 canora:
1668 1671 1718 1699 Dei

932 1715 1096 1751 principales
1104 1717 1276 1752 operationes
1290 1724 1395 1749 omnes,
1414 1724 1463 1751 per
1474 1718 1574 1752 primas
1585 1717 1719 1744 essential;

931 1761 1082 1794 elucentes,
1106 1763 1132 1789 in
1156 1770 1252 1791 omnes
1277 1763 1397 1798 reliquas
1420 1763 1628 1795 distribuantur,
1641 1763 1717 1798 juxta

931 1807 1079 1842 cujuslibet.
1094 1809 1127 1836 ad
1148 1809 1261 1837 deiticas
1276 1810 1505 1845 participationes
1519 1810 1715 1844 capacitatem:

931 1861 1100 1891 quapropter
1124 1863 1173 1891 per
1197 1857 1288 1892 ignem
1303 1857 1434 1891 expiandi
1453 1857 1647 1892 proprietatem
1660 1865 1717 1886 mc-

932 1903 984 1929 rito
1000 1903 1068 1938 ipsis
1083 1903 1222 1938 serapbim
1248 1903 1397 1930 secundum
1423 1903 1507 1931 Deum
1532 1904 1638 1931 tribuit.
1662 1904 1716 1932 Ne-

931 1955 1069 1983 quaquam
1084 1949 1168 1985 igitur
1181 1948 1331 1977 absurdum
1347 1949 1392 1982 sit,
1405 1949 1426 1976 si
1440 1949 1594 1984 theologum
1607 1951 1717 1985 expiare

932 1995 1070 2030 serapbim
1086 1995 1256 2030 perhibetur.
1269 1995 1304 2024 Ut
1319 1996 1392 2023 enim
1409 1996 1492 2029 Deus,
1504 1997 1555 2024 hoc
1570 1997 1629 2032 ipso
1644 1998 1716 2032 quod

932 2043 1021 2070 omnis
1038 2042 1203 2078 expiationis
1218 2049 1301 2070 causa
1318 2044 1365 2077 sit,
1379 2051 1473 2071 omnes
1484 2044 1620 2078 puriﬁcat,
1637 2043 1717 2080 115

932 2088 974 2116 vel
986 2090 1078 2123 potius
1092 2089 1134 2122 (ut
1147 2089 1234 2124 magis
1247 2089 1326 2117 obvio
1339 2089 1463 2124 exemplo
1474 2089 1545 2125 utar)
1562 2091 1631 2117 sicut
1645 2091 1715 2124 apud

932 2143 982 2164 nos
1001 2136 1136 2171 pontifex,
1152 2137 1215 2164 dum
1231 2145 1279 2172 per
1305 2137 1449 2165 ministros
1473 2145 1538 2165 suos
1553 2146 1601 2165 seu
1623 2145 1715 2166 sacer-

931 2183 1009 2210 dotes
1029 2183 1134 2217 expiat,
1157 2183 1340 2214 illuminatve.
1363 2184 1478 2219 ipsemet
1492 2184 1604 2220 expiare
1615 2190 1642 2212 et
1655 2185 1716 2213 illu-

931 2230 1036 2258 minare
1059 2230 1170 2262 dicitur,
1186 2231 1257 2265 quod
1274 2230 1310 2258 illi
1337 2232 1456 2264 ordines,
1478 2239 1545 2266 quos
1559 2239 1714 2265 consecrat,

930 2280 1122 2304 sacrosanctas
1133 2284 1198 2304 suas
1215 2277 1241 2304 in
1258 2277 1345 2311 ipsum
1368 2278 1489 2305 referant
1512 2278 1636 2306 actiones
1653 2289 1659 2305 :
1675 2280 1715 2305 sic

95 2308 231 2344 κάθαρσιν
249 2309 296 2336 τοῦ
319 2309 442 2345 θεολόγον
461 2311 644 2347 τελετουργῶν
655 2312 677 2328 ²¹
691 2313 820 2347 ἄγγελος,
836 2313 882 2340 ἐπὶ

934 2323 1043 2357 angelus
1055 2329 1164 2357 quoque
1174 2322 1220 2357 qui
1237 2308 1393 2358 theologum
1420 2323 1561 2358 expiabat,
1577 2323 1713 2358 propriam

95 2353 162 2380 Θεὸν
176 2354 225 2389 μὲν
236 2354 274 2387 ὡς
289 2354 383 2387 αῐτιον,
398 2355 444 2382 ἐπὶ
455 2355 484 2382 δὲ
492 2355 546 2383 τῶν
558 2357 677 2392 σεραφὶμ
688 2356 725 2388 ὡς
739 2365 880 2392 πρωτουρ-

95 2398 144 2432 γὸν
161 2399 308 2434 ἱεράρχην,
332 2400 497 2435 ἀνατίθησιν·
516 2401 553 2433 ὡς
569 2402 602 2429 ἀν
616 2410 658 2433 τις
672 2402 748 2438 φαίη,
765 2402 823 2437 μετ’
835 2402 881 2428 εὐ-

95 2443 206 2475 λαϐείας
221 2445 368 2480 ἀγγελικῆς
383 2445 430 2472 τὸν
444 2446 490 2472 ὑπ’
503 2446 586 2473 αὐτοῦ
603 2446 798 2483 καθαιρόμενον
811 2447 880 2474 ἐκδι-

930 2367 1064 2404 purgandi
1090 2369 1145 2396 vim
1173 2373 1256 2403 atque
1280 2368 1425 2396 scientiam
1454 2369 1509 2396 Deo
1536 2369 1657 2402 quidem.
1684 2373 1715 2395 ut

928 2414 1045 2447 auctori,
1061 2415 1198 2449 seraphin:
1214 2422 1291 2447 vero,
1308 2420 1436 2449 tanquam
1454 2415 1612 2450 primicerio
1627 2422 1717 2442 sacro-

927 2469 989 2489 rum
1013 2461 1143 2493 antistiti,
1162 2461 1300 2495 attribuit;
1316 2469 1348 2489 ac
1363 2463 1386 2489 si
1403 2462 1488 2495 dicat,
1506 2469 1568 2489 cum
1588 2461 1713 2495 angelica

94 2488 212 2516 δάσκων·
227 2489 288 2517 Ὀτι
299 2491 349 2526 τῆς
364 2491 404 2523 είς
415 2491 445 2517 σὲ
457 2491 524 2527 πρὸς
537 2492 604 2528 ἐμοῦ
617 2492 878 2528 τελετουργουμένης

934 2507 1044 2542 ιυιιὰιιω
1063 2507 1214 2534 reverentia
1229 2515 1292 2534 eum
1308 2508 1354 2542 qui
1367 2508 1536 2543 purgabatur
1549 2508 1712 2535 instituens:

95 2536 255 2571 καθάρσεως
277 2537 347 2573 ἀρχὴ
365 2538 415 2573 μέν
431 2539 504 2566 ἐστιν
526 2539 698 2575 ἐξῃρημένη,
714 2539 761 2566 καὶ
782 2538 876 2571 οὐσία,

95 2583 142 2609 καὶ
160 2581 325 2618 δημιουργὸς
339 2584 386 2611 καὶ
402 2584 496 2617 αἴτιος,
513 2586 528 2611 ὁ
543 2585 589 2612 καὶ
601 2584 649 2617 τὰς
660 2584 772 2620 πρώτας
786 2585 878 2617 οὐσίας

926 2552 992 2588 Ejus
1014 2554 1116 2587 quain
1134 2557 1158 2580 te
1174 2560 1235 2580 meo
1253 2553 1406 2581 ministerio
1420 2553 1562 2588 perficitur
1580 2553 1714 2587 expiatio-

930 2599 973 2627 nis
986 2619 994 2631 ,
1011 2599 1176 2634 principium
1198 2599 1311 2634 quidem
1337 2600 1523 2635 praecipuum,
1537 2604 1565 2626 ct
1588 2599 1710 2626 essentia

725 2686 841 2715 VARUE
862 2687 1062 2718 LECTIONES.

127 2759 278 2804 'ﬁfkf‘llv
293 2761 349 2804 τῶν
364 2763 547 2804 ὑψηλοτέρων,
560 2766 590 2793 D.
630 2767 652 2782 “
665 2767 881 2804 xa‘tﬁyvdtnrog,
901 2769 932 2796 ι).
944 2775 971 2796 et
985 2769 1053 2796 Bud.
1066 2769 1098 2796 V.
1113 2768 1237 2803 διαυγέας
1260 2768 1417 2803 ἁγνότητος.
1439 2767 1580 2804 ἀγνόητοςι
1593 2766 1631 2804 Μ·
1647 2774 1708 2804 90"-

91 2800 173 2837 εξξβιξ
194 2799 310 2837 οιξὶξιοτέ
326 2799 385 2832 ejus
408 2799 529 2837 l‘ectio‘uis
547 2805 638 2837 tamen
653 2799 796 2837 vestigium
816 2799 857 2830 est
871 2799 896 2831 in
913 2804 1092 2831 translatione
1104 2799 1190 2837 Scoti,
1207 2799 1383 2836 vertitetlilh,
1400 2799 1552 2837 incognitis.
1592 2802 1614 2837 ’ἓ
1627 2801 1707 2837 αὕτη,

91 2830 140 2874 cy.
154 2830 190 2874 0..
225 2831 247 2847 ιτ
261 2830 463 2874 τελεεῄουμένη,
482 2833 514 2862 n.
552 2836 574 2851 η
590 2836 608 2871 ὴ
622 2836 677 2874 τῶν
698 2830 786 2874 mihi,
800 2838 835 2864 M.
848 2830 944 2867 P.7Cb.
959 2830 1004 2873 se.
1022 2830 1113 2874 sm
1129 2830 1190 2865 ea;
1201 2830 1255 2874 πρδ
1276 2830 1364 2874 ἡμῶν.
1377 2830 1412 2865 ’1)-
1425 2830 1670 2874 γγῖῖῷνὲσχάτευν
1690 2830 1707 2872 ἦ

90 2863 143 2907 ῖξῖιν
155 2865 248 2907 μέσων

264 2870 376 2920 vespam.
438 2870 459 2886 "
472 2878 516 2906 γρ.
537 2870 660 2908 φαεινήν.

141 2920 153 2927 ,ν
171 2915 183 2927 .-.
249 2910 305 2937 ργω
312 2911 331 2936 ι,
345 2903 396 2931 Ch.

724 2873 745 2889 ¹⁰
757 2871 826 2900 εἶναι
840 2873 924 2906 αἰτία,
940 2869 982 2908 υ.)
992 2874 1020 2902 S.
1036 2874 1066 2903 Ρ.
1080 2869 1148 2902 εἶναι
1161 2869 1234 2902 αἰτίά
1248 2869 1391 2910 καί”ἀρχή,
1412 2873 1460 2900 Ch.
1482 2873 1513 2901 V.
1525 2869 1598 2899 εἶναι
1610 2869 1707 2903 αῐτυοςέ
