1933 3075
96 168 153 196 309

351 165 394 193 DE
410 164 574 194 C(ELESTI
592 163 803 192 HlERARCHlA
815 185 822 196 ,
839 162 914 190 CAP.
934 163 1002 190 Xlll.
1022 179 1055 183 ——
1072 159 1243 189 PARAPllR.
1261 157 1493 188 PACIIYMERE.

1678 159 1737 186 510

98 225 160 251 sive
186 223 237 250 alia
258 223 363 258 species
378 231 478 251 arcana
496 223 661 259 prophetiae,
681 230 733 250 non
759 228 870 257 possum
897 220 1051 253 aﬂirmare;
1077 219 1148 247 Deus
1173 218 1369 253 prophetarum
1393 216 1468 244 novit
1481 236 1488 249 ,
1508 219 1535 243 et
1554 216 1653 251 quibus
1665 215 1730 243 talia

98 259 288 294 contigerunt.
309 269 319 285 ι

139 286 206 321 Νυῖο
228 298 318 320 autem
334 301 368 321 ex
385 294 421 327 3P.
437 294 563 321 Cornelio
578 300 714 327 congruas
731 292 837 328 aliquot
852 291 976 328 rationes
990 290 1072 328 hujus
1084 290 1217 328 _v_isioni_s_.
1238 288 1340 320 Prima,
1355 293 1385 314 ut
1399 294 1449 328 per
1464 286 1616 328 eamquasi
1632 293 1729 328 conse-

100 335 227 357 craretur
243 329 376 363 propheta
385 321 420 356 ἐι
435 328 585 364 apostolus.
606 321 743 361 secunda,
761 321 790 354 ιιὶ
805 335 820 354 a
840 327 999 364 caelestibus
1024 321 1168 364 spiritibus
1183 325 1312 364 disceret,
1328 321 1465 364 quomodo
1479 321 1573 349 divina
1590 321 1730 364 tractanda

102 365 171 391 sint.
194 358 306 393 Ter'tia'.
333 368 361 390 ut
384 358 554 391 animaretur
569 372 583 390 a
600 364 655 391 Deo
672 364 704 390 ad
721 358 806 390 libere
833 361 1003 396 arguendam
1030 360 1181 396 carcitatem
1203 358 1369 396 Iudaeorum.

1391 357 1511 390 Quarta,
1537 361 1566 384 ut
1588 357 1731 384 doceretur

103 400 277 440 Iliysterimii_
368 399 530 440 Trinitatis,
555 403 581 440 et
602 399 681 427 nobis
701 399 775 440 idem
797 392 992 440 adumbraret...
1006 395 1087 423 Plura
1106 396 1168 422 vide
1188 395 1259 435 apud
1339 392 1512 440 Corneliqm,
1526 392 1572 427 qui
1594 393 1628 419 ad
1648 395 1732 432 caput

101 427 212 461 se'xtum
228 433 304 462 Isaia:
320 436 390 462 hanc
408 427 542 462 visionem
568 434 628 462 fuse
646 433 786 469 explicat,
809 438 837 460 et
858 432 942 459 simul
964 431 1009 457 illa
1033 438 1093 465 qua:
1118 427 1247 466 superius
1262 429 1295 456 ad
1312 433 1394 463 caput
1408 431 1513 455 sextum
1535 432 1564 455 et
1586 427 1730 461 septimum

102 469 270 498 notavimus.

629 569 871 598 PARAPHRASIS
889 566 1110 596 PACHYMERAS
1129 567 1195 602 (18).

142 651 157 687 §
179 651 199 677 Ι.
220 651 287 686 Φέρε
307 651 353 677 καὶ¹
378 650 474 686 ἑτέραν
497 649 615 684 ἀπορίαν
632 648 814 684 ζητήσωμεν,
837 645 898 672 ἐπεὶ

989 644 1003 680 ς
1023 644 1044 671 l.
1063 643 1184 679 Agedum
1208 644 1292 670 etiam
1315 642 1395 670 aliam
1421 641 1598 676 quaestionem
1623 640 1735 674 indage-

102 699 294 733 ὲναντιοφανὲς
317 695 387 724 εἶναι
412 697 486 724 δοκεῖ
510 698 566 728 τοῖς
589 696 737 731 λεχθεῖσιν·
763 695 815 730 ἔφη
842 694 897 730 γὰρ

103 746 159 781 πρὸ
182 744 295 775 τούτων,
318 744 359 770 ὅτι
383 742 418 769 τὰ
438 742 579 778 κατώτερα
596 742 647 769 ὑπὸ
660 742 715 768 τῶν
732 741 895 777 ὑπρκειμέ-

102 801 169 822 νων,
184 791 215 818 οὺ
232 790 285 826 μὴν
297 790 350 817 τῶν
363 789 494 816 ἀνωτάτω
506 788 647 824 μυοῦνται.
661 789 732 823 Ὅρα
746 788 785 819 δὲ,
799 787 839 813 ὅτι
851 787 897 813 καὶ

101 837 166 863 τότε
181 835 300 871 ὲζητήθη
308 835 404 867 ταῦτα,
417 835 463 862 καὶ
480 835 616 870 διαφόρως
628 834 756 869 ὲπελύθη.
771 835 897 868 Ζητεῖται

104 883 171 918 γὰρ,
187 883 260 914 τίνος
272 882 355 908 ἕνεκα
376 882 446 917 πρὸς
464 881 510 908 τὸν
526 881 639 907 Ἡσαΐαν
657 881 671 906 6
691 880 811 916 σεραφὶμ
831 880 897 906 ἀπο-

106 928 264 959 στέλλεται,
290 927 337 954 καὶ
359 927 408 954 οὐκ
432 928 464 953 ὲκ
481 926 536 953 τῶν
565 926 714 953 κατωτάτω
735 924 896 959 ταγμάτων,

105 975 168 1001 ἐπεὶ
181 974 324 1009 ἐλέγομεν,
342 972 481 1004 εὐτάκτως
503 973 520 1007 ἡ
546 971 645 1007 μύησις
656 971 760 1005 γίνεται
779 969 824 996 διὰ
843 968 898 995 τῶν

106 1020 225 1056 πρώτων
249 1020 289 1051 είς
305 1018 340 1046 τὰ
358 1018 488 1054 δεύτερα·
512 1018 557 1045 διὰ
571 1019 597 1044 τί
620 1017 686 1052 γοῦν
708 1016 833 1052 καθαίρει
853 1016 899 1042 τὸν

105 1066 251 1102 ὑποφήτην
264 1066 279 1092 6
293 1066 352 1096 ταῖς
368 1064 498 1091 ἀνωτάτω
516 1063 625 1096 τάξεσιν
636 1063 809 1099 ὲναρίθμιοςς

144 1112 160 1148 §
181 1112 212 1139 ΙΙ.
233 1111 311 1141 Τινὲς
329 1111 379 1146 μὲν
398 1108 444 1137 οὖν
468 1118 565 1145 φασιν,
587 1110 627 1136 ὅτι
646 1109 693 1136 καὶ
712 1109 727 1136 ὁ
751 1109 899 1144 κατωτέρω

105 1157 223 1192 ἄγγελος
247 1156 400 1192 ὁμωνύμως
416 1155 537 1192 σεραφὶμ
553 1154 725 1190 ὀνομάζεται,
747 1155 807 1181 κατ’
820 1154 899 1181 αὑτὸν

105 1202 153 1229 τὸν
173 1202 223 1237 τῆς
239 1201 381 1233 κοινωνίας
393 1201 482 1234 λόγον,
499 1200 528 1227 ὃν
543 1200 590 1227 καί
611 1200 743 1236 πρότερον
759 1199 898 1234 ἐλέγομεν,

104 1250 149 1276 ὅτι
169 1248 310 1284 μετέχουσι
327 1249 374 1275 καὶ
389 1248 425 1274 τά
437 1248 512 1274 κάτω
531 1247 586 1274 τῶν
601 1247 839 1283 ὑπερϐεϐηκότων,
854 1247 900 1273 καὶ

105 1295 143 1322 τὰ
159 1295 367 1331 ὑπερϐεϐηκότα
388 1295 442 1321 τῶν
460 1295 551 1321 κάτω·
569 1295 594 1320 εί
614 1294 661 1320 καὶ¹
677 1293 762 1319 ταῦτα
781 1293 830 1328 μὲν
846 1292 901 1318 ολι-

950 699 1027 723 mus,
1042 690 1172 725 quoniam
1190 690 1296 717 videtur
1318 696 1379 716 esse
1396 688 1477 715 dictis
1498 686 1651 715 contraria:
1665 686 1735 713 dixit

948 737 1020 765 enim
1034 742 1127 769 antea,
1143 735 1288 763 inferiores
1303 742 1318 762 a
1332 734 1562 770 prmcedentibus,
1578 740 1632 760 non
1644 738 1734 760 autem

949 790 964 809 a
980 784 1116 817 supremis
1130 781 1234 810 doceri.
1250 781 1371 809 Observa
1392 786 1495 813 autem,
1511 784 1541 807 ut
1556 784 1584 807 et
1601 779 1659 806 haec
1673 783 1738 806 tunc

948 828 1074 863 qumsita,
1087 832 1115 855 et
1129 827 1314 855 diversimode
1325 826 1413 854 soluta
1425 826 1490 854 sint.
1503 825 1640 858 Quaeritur
1651 824 1734 856 enim,

948 882 998 901 cur
1012 874 1044 900 ad
1057 872 1154 900 lsaiam
1170 873 1308 908 seraphim
1323 873 1461 903 mittatur,
1475 877 1501 899 et
1519 879 1573 899 non
1587 870 1736 905 aliquise:

949 921 1092 948 ordinibus
1114 919 1305 951 inferioribus.
1327 917 1549 953 quandoquidem
1573 917 1735 947 dixerimus,

949 968 1074 996 ordinate
1088 966 1244 995 doctrinam
1268 965 1338 993 tradi
1359 972 1408 1000 per
1422 965 1524 1000 primos
1538 963 1713 991 inferioribus
1727 972 1735 990 :

949 1021 1035 1048 quare
1048 1020 1114 1048 ergo
1129 1012 1293 1047 prophetam
1318 1011 1410 1046 expiat
1432 1010 1456 1038 is
1479 1010 1525 1045 qui
1542 1009 1677 1045 supremis
1692 1016 1737 1036 or-

950 1059 1058 1088 dinibus
1074 1058 1293 1086 annumeratur?

986 1105 1000 1142 ς
1018 1105 1049 1134 ll.
1067 1105 1159 1140 Aliqui
1183 1105 1277 1139 itaque
1293 1103 1401 1137 dicunt,
1428 1103 1587 1130 inferiorem
1610 1101 1738 1137 angelum

950 1153 1067 1181 uuivoce
1090 1152 1230 1187 seraphim
1253 1150 1409 1183 nominari,
1435 1149 1586 1178 secundum
1612 1149 1737 1176 eamdem

950 1198 1212 1226 communicationis
1227 1197 1359 1224 rationem
1374 1203 1456 1231 quam
1481 1199 1564 1222 antea
1589 1194 1740 1229 assignavi-

951 1252 1013 1272 mus
1025 1264 1034 1278 ,
1050 1245 1129 1280 117
1145 1244 1218 1279 quod
1233 1243 1363 1270 nimirum
1386 1241 1533 1269 inferiores
1553 1247 1585 1268 ea
1607 1247 1668 1275 qua:
1691 1246 1739 1266 su-

951 1291 1087 1326 periorum
1113 1296 1177 1319 sunt
1195 1289 1382 1325 participent,
1406 1287 1446 1315 uti
1470 1291 1498 1314 et
1523 1286 1680 1322 superiores
1706 1292 1739 1311 ea

107 1342 185 1373 κῶς,
203 1341 238 1368 τὰ
253 1342 281 1368 δὲ
298 1342 373 1369 κάτω
395 1341 450 1368 τῶν
477 1341 704 1378 ὑπερϐεϐηκότων
727 1339 847 1376 μερικῶς
870 1348 899 1365 τε

957 1345 1011 1372 quae
1026 1342 1089 1365 sunt
1111 1336 1288 1369 inferiorum;
1305 1336 1369 1363 licet
1380 1335 1408 1362 hi
1421 1334 1531 1369 quidem
1549 1332 1684 1365 totaliter,
1698 1332 1738 1359 illi

108 1388 158 1414 καὶ
173 1388 374 1424 άμυδροτέρως.
392 1387 441 1414 Διὰ
453 1386 533 1414 τοῦτο
544 1387 593 1422 οὐχ
605 1387 653 1414 ἕνα
668 1386 722 1413 τῶν
740 1385 900 1420 πρωτίστων

109 1434 234 1470 σεραφὶμ
251 1434 379 1470 ὀνομάζει
397 1434 428 1460 τὸ
450 1433 539 1468 λόγιον
559 1434 605 1460 ἐπὶ
627 1433 676 1469 τὴν
700 1433 832 1468 κάθαρσιν
853 1433 901 1459 τοῦ

109 1481 251 1516 προφήτου
269 1479 443 1515 ἐληλυθέναι,
459 1478 522 1506 τινὰ
541 1479 569 1506 δὲ
590 1479 644 1505 τῶν
664 1479 828 1506 κατωτάτων
850 1479 901 1513 ἀγ-

109 1527 208 1560 γέλων,
225 1525 272 1552 καὶ
287 1527 344 1556 τοῖς
356 1524 511 1561 ἀνθρώποις
529 1524 729 1560 ἐφεστηκότων,
742 1525 780 1556 ὠς
798 1525 903 1560 ἱερουρ-

109 1574 159 1608 γὸν
175 1572 226 1608 τῆς
242 1572 401 1608 καθάρσεως
412 1593 419 1604 ,
438 1573 559 1608 σεραφὶμ
574 1571 726 1608 ὁμωνύμως
751 1572 882 1607 κληθῆναι
893 1580 900 1588 ο

111 1621 235 1656 σεραφὶμ
249 1619 302 1655 γὰρ
319 1618 511 1654 ὲμπρηστὴςῆ
535 1618 690 1654 θερμαίνων
710 1618 901 1654 ἑρμηνεύεται.

117 1666 196 1693 Ἐπεὶ
201 1664 247 1692 οὖν
256 1666 309 1692 ἔδει
317 1665 449 1701 πρότερον
460 1665 514 1691 ἀπὸ
522 1664 575 1691 τῶν
584 1664 726 1701 ἁμαρτιῶν
734 1664 903 1699 καθαρθῆναι

111 1714 158 1739 τὸν
182 1712 323 1748 προφήτην
333 1732 341 1744 ,
359 1713 405 1738 καὶ
421 1709 478 1737 εἶτα
492 1711 627 1750 μυηθῆναι
642 1710 677 1737 τὰ
693 1711 760 1743 θεῖα,
778 1709 878 1745 ἐκλήθη
889 1711 904 1736 6

113 1759 254 1795 καθαίρων
271 1759 318 1785 καὶ
329 1756 514 1793 ἀναζωπυρῶν
527 1757 641 1792 ἄγγελος
657 1756 702 1783 διὰ
714 1757 764 1793 τὴν
777 1756 904 1792 τοιαύτην

112 1805 258 1840 ἐνέργειαν
275 1803 403 1840 σεραφίμ.
432 1803 476 1834 Ὦς
495 1802 559 1836 γοῦν
575 1802 735 1837 ὲμπρηστὴς
750 1801 799 1833 τὰς
816 1801 905 1836 ἁμαρ-

111 1851 174 1883 τίας
184 1851 353 1878 κατέκαυσεν
362 1858 368 1864 ·
380 1849 417 1880 ὡς
427 1849 455 1876 δὲ
466 1848 619 1884 θερμαίνων
631 1848 680 1883 τὴν
693 1848 761 1883 πρὸς
770 1847 819 1883 τὴν
830 1846 904 1873 θείαν

115 1897 239 1933 ὑπακοὴν
255 1897 405 1933 ἐνήργησεν
421 1895 640 1930 ἀναζωπύρησιν·
662 1893 738 1921 Ἰδοὺ
758 1893 813 1928 γὰρ
832 1893 903 1927 ἐγὼ,

115 1944 209 1979 φησιν.
225 1942 305 1970 Ὅθεν
316 1943 363 1969 καὶ
371 1941 425 1968 ἀπὸ
436 1941 484 1976 τῆς
501 1941 638 1976 ἐνεργείας
653 1940 754 1975 ἐκλήθη
767 1940 780 1965 6
792 1938 905 1974 ἄγγελος

117 1990 249 2026 σεραφὶμ,
263 1990 309 2016 καὶ
324 1989 373 2015 οὐκ
388 1986 422 2024 ἧν
440 1986 481 2019 εἷς
496 1987 550 2015 τῶν
568 1986 637 2022 πρὸς
655 1986 701 2013 τὸν
713 1985 778 2013 Θεὸν
794 1986 841 2012 καὶ
855 1985 906 2020 τῆς

117 2037 231 2073 πρώτης
248 2035 361 2068 τάξεως.

156 2132 171 2168 §
191 2132 238 2158 llI.
259 2131 371 2166 Ἕτερος
386 2129 414 2156 δέ
431 2137 474 2160 τις
489 2128 588 2155 δέδωκε
604 2126 680 2154 λύσιν
704 2126 754 2161 τῆς
779 2125 906 2160 τοιαύτης

119 2178 236 2213 ἀπορίας
249 2177 279 2203 οὺ
293 2177 394 2212 σφόδρα
410 2175 520 2202 ἄτοπον.
537 2174 622 2201 Τοῦτο
634 2173 662 2200 δὲ
677 2173 708 2199 οὐ
721 2173 830 2204 πάντως
840 2171 909 2207 πρὸς

121 2226 267 2260 σύγκρισιν
278 2223 325 2250 τοῦ
343 2222 453 2258 μετρίου
466 2220 586 2256 εἴρηκεν,
604 2220 687 2255 ήγουν
702 2219 783 2254 τυχὸν
810 2218 910 2245 ἄτοπον

122 2272 184 2307 μὲν,
202 2269 299 2297 άλλόὺ
317 2268 429 2303 σφόδρα,
447 2266 516 2293 ἀλλὰ
533 2265 650 2302 μετρίως
667 2265 776 2292 ἄτοπον.
795 2264 832 2290 Οὐ
849 2262 910 2290 τοῦ-

119 2327 162 2350 το,
175 2316 242 2344 ἀλλὰ
259 2315 320 2342 οὔτε
338 2315 448 2346 ἄτοπον,
466 2313 527 2339 οὔτε
544 2312 656 2347 σφόδρα,
674 2311 744 2338 κατὰ
771 2311 864 2345 σχῆμα
879 2310 910 2336 τὸ

121 2365 178 2395 ἀπὸ
185 2363 275 2391 κοινοῦ
286 2372 292 2378 ”
308 2362 399 2393 καθὼς
417 2361 486 2388 καὶὸ
499 2360 586 2395 μέγας
595 2358 744 2395 Γρηγόριος
756 2359 770 2384 6
781 2357 911 2391 Θεολὸγος

121 2411 151 2437 ἐν
167 2419 220 2437 τινι
233 2409 287 2436 τῶν
303 2407 385 2435 αὐτοῦ
402 2407 490 2441 λόγων
506 2405 635 2436 διδάσκει,
656 2405 693 2436 ὡς
703 2403 751 2431 τοῦ
761 2412 768 2418 ·
790 2412 799 2428 ι
813 2402 850 2429 Οὐ
867 2400 911 2427 διὰ

120 2457 172 2488 τὰς
188 2455 359 2485 δικαιοσύνας
376 2453 454 2489 ἡμῶν
465 2451 498 2483 ἃς
513 2451 680 2487 ἐποιήσαμεν
690 2458 698 2465 ·
708 2450 738 2475 οὐ
750 2449 805 2485 γὰρ
820 2447 912 2482 ἐποιή-

123 2510 222 2538 σαμεν.
235 2511 243 2527 ι
258 2500 312 2526 Καὶ
326 2499 420 2526 πάλιν·
433 2498 493 2524 Οὐκ
507 2497 541 2523 ἐκ
551 2496 660 2531 μέτρου
672 2494 796 2522 δίδωσιν
807 2495 823 2520 ὁ
840 2491 912 2523 Θεὸς

123 2549 157 2575 τὸ
181 2546 310 2580 πνεῦμα,
323 2544 414 2575 καθὼς
430 2542 507 2579 παρὰ
531 2542 571 2577 τῷ
594 2540 781 2575 Εὐαγγελιστῇ
800 2538 912 2572 Ἰωάννῃ

123 2594 248 2630 εὓρηται.
267 2589 334 2618 Είπε
351 2589 440 2616 τοίνυν
458 2589 561 2619 ἐκεῖνος
575 2586 722 2621 ἀπολογίαν
738 2585 858 2619 εΰλογον,
872 2584 913 2610 ὅτι

954 1392 1021 1412 vero
1035 1388 1138 1411 tantum
1151 1390 1184 1410 et
1196 1387 1274 1417 parte
1285 1387 1312 1409 et
1325 1379 1476 1409 remissiori
1491 1379 1587 1414 gradu.
1604 1378 1739 1412 Quocirca

953 1437 1008 1457 non
1025 1429 1092 1456 dicit
1115 1427 1268 1462 oraculum,
1288 1426 1438 1462 primorum
1457 1424 1576 1459 aliquem
1601 1422 1739 1457 serapliim

953 1476 986 1503 ad
1001 1475 1165 1511 prophetam
1176 1473 1341 1509 expiandum
1364 1471 1525 1501 advenisse,
1535 1470 1583 1498 sed
1596 1468 1740 1504 quemdam

955 1529 989 1548 ex
1016 1519 1196 1547 inferioribus
1217 1518 1324 1554 angelis
1352 1517 1399 1552 qui
1429 1515 1587 1543 hominibus
1610 1518 1740 1548 praesunt,

955 1572 1085 1601 tanQuam
1105 1565 1274 1600 expiationis
1290 1563 1498 1592 administrum.
1511 1561 1606 1588 eodem
1622 1567 1684 1586 cum
1699 1565 1742 1586 se-

954 1613 1061 1648 raphim
1084 1612 1196 1639 nomine
1216 1615 1361 1638 vocatum:
1379 1607 1517 1642 seraphim
1530 1607 1602 1634 enim
1618 1606 1742 1632 incenror

955 1659 996 1687 vel
1012 1659 1157 1694 calefactor
1182 1658 1389 1691 interpretatur.
1413 1655 1480 1682 Cum
1506 1654 1599 1688 itaque
1623 1651 1741 1687 primutn

955 1710 1095 1741 oporteret
1109 1713 1123 1732 a
1142 1704 1263 1739 peccatis
1277 1702 1439 1738 prophetam
1456 1699 1580 1735 expiari.
1596 1705 1628 1725 ac
1644 1696 1743 1724 deinde

955 1752 1048 1779 divina
1068 1750 1194 1782 edoceri,
1217 1750 1240 1777 is
1257 1749 1388 1784 angelus,
1405 1746 1452 1782 qui
1474 1752 1536 1772 eum
1562 1742 1688 1778 expiabat
1710 1749 1742 1770 ac

956 1797 1137 1825 resuscitabat
1149 1815 1156 1828 ,
1173 1799 1284 1830 propter
1300 1792 1453 1821 istiusmodi
1468 1790 1654 1825 operationem
1668 1795 1743 1816 sern-

957 1844 1032 1878 phim
1049 1842 1210 1870 vocabatur.
1225 1841 1367 1874 Tanquam
1385 1839 1512 1865 incensor
1527 1837 1619 1871 itaque
1632 1838 1743 1870 peccata

957 1887 1146 1920 eomburebat,
1170 1891 1299 1921 tanquam
1316 1883 1464 1911 calefactor
1489 1889 1555 1909 vero
1571 1881 1604 1908 ad
1623 1880 1743 1907 divinam

957 1935 1142 1964 obedientiam
1159 1934 1247 1968 ipsum
1261 1932 1408 1959 excitabat.
1424 1928 1492 1956 Ecce
1516 1928 1586 1955 enim
1608 1935 1648 1953 me
1661 1925 1685 1959 ι,
1703 1926 1744 1953 in-

959 1983 1028 2017 quit.
1042 1982 1133 2015 Quare
1145 1981 1226 2008 etiam
1243 1979 1276 2006 ab
1299 1979 1352 2005 isto
1376 1981 1438 2004 actu
1468 1975 1584 2010 angelus
1604 1973 1743 2007 seraphim

960 2033 1074 2057 vocatus
1091 2032 1143 2059 est,
1170 2034 1232 2054 cum
1256 2034 1310 2053 non
1335 2030 1408 2053 esset
1432 2031 1503 2052 unus
1528 2029 1562 2049 ex
1589 2022 1677 2057 primo
1693 2020 1744 2047 isto

960 2076 1068 2108 ordine,
1083 2080 1111 2102 et
1124 2074 1169 2108 qui
1185 2074 1258 2100 circa
1274 2073 1357 2100 Deum
1371 2076 1445 2099 sunt.

998 2122 1012 2157 θ
1033 2121 1075 2148 lll.
1093 2120 1207 2154 Quidam
1231 2118 1300 2145 alius
1325 2117 1388 2145 item
1403 2124 1456 2144 non
1470 2114 1616 2142 admodum
1642 2113 1742 2140 incon.-

959 2176 1055 2204 gruam
1083 2168 1162 2201 hujus
1179 2163 1339 2201 quaestionis
1353 2163 1515 2191 solutionem
1531 2159 1657 2187 tradidit.
1675 2157 1744 2186 Illud

960 2220 1051 2243 autem
1068 2221 1122 2241 non
1136 2212 1248 2241 omnino
1273 2211 1307 2238 ad
1320 2209 1554 2245 comparationem
1572 2206 1744 2234 mediocrita»

961 2263 996 2290 tis
1009 2260 1112 2292 retulit,
1128 2266 1160 2286 ac
1176 2258 1199 2285 si
1224 2257 1295 2284 forte
1311 2255 1460 2283 absurdum
1483 2254 1605 2289 quidem,
1623 2252 1670 2280 sed
1688 2259 1744 2279 non

961 2307 1049 2340 valde,
1065 2311 1094 2333 at
1106 2304 1282 2332 mediocriter
1294 2302 1441 2329 absurdum
1458 2304 1540 2328 esset.
1555 2299 1614 2327 Non
1627 2299 1682 2326 ita:
1697 2298 1744 2325 sed

961 2360 1049 2388 neque
1076 2352 1236 2383 absurdum,
1260 2355 1349 2383 neque
1372 2347 1451 2374 valde
1477 2346 1636 2378 absurdum,
1665 2343 1743 2379 juxta

961 2405 1134 2428 communem
1152 2396 1280 2431 loquendi
1298 2395 1426 2427 formam,
1439 2391 1671 2427 quemadmbdum
1687 2397 1745 2416 ma-

962 2452 1032 2480 gnus
1049 2443 1095 2471 ille
1111 2439 1418 2477 GregoriusTlteologus
1434 2438 1462 2465 in
1477 2437 1595 2472 quodam
1619 2442 1745 2463 sermone

962 2498 1012 2518 suo
1024 2490 1153 2522 docet,ut
1164 2488 1191 2514 in
1203 2487 1249 2514 illo
1264 2493 1272 2513 ε
1287 2485 1360 2513 tNon
1377 2484 1524 2512 secundum
1535 2482 1744 2516 iustiﬁcationes

963 2541 1082 2569 nostras,
1096 2541 1165 2569 quas
1183 2533 1298 2560 fecimus
1315 2538 1383 2563 nos;
1398 2537 1486 2565 neque
1499 2529 1571 2555 enim
1583 2527 1715 2557 fecimus;
1731 2535 1742 2553 ι

963 2587 990 2609 et
1003 2582 1102 2608 iterum
1116 2589 1123 2607 :
1140 2578 1201 2606 Non
1222 2579 1257 2605 ad
1279 2584 1430 2604 mensuram
1442 2575 1485 2602 dat
1498 2574 1569 2601 Deus
1581 2573 1701 2607 spiritum
1711 2576 1743 2604 ',

123 2618 312 2668 ούζιΊάπεικὸς
328 2633 372 2671 ἦν,
394 2634 440 2660 τὸν
465 2633 514 2668 μὲν
537 2618 680 2668 προφήτην
696 2618 846 2665 ἀναχθῆναι
869 2629 904 2655 διε

964 2627 1035 2655 sicut
1054 2627 1081 2653 in
1098 2625 1266 2660 evangelista
1282 2623 1388 2651 Joanne
1406 2621 1551 2655 reperitur.
1566 2618 1743 2646 Protulitita-

123 2692 196 2715 τινος
219 2683 273 2710 τῶν
299 2679 459 2716 ἐφεστώτων
485 2678 564 2714 ἡμῶν
588 2677 720 2712 άγγέλων’
750 2676 819 2707 τέως
850 2674 879 2700 δὲ
899 2674 914 2700 ὁ

124 2730 247 2762 τοιοῦτος
262 2728 377 2764 ἄγγελος
393 2729 407 2755 6
422 2726 572 2756 διαπλάσας
592 2725 642 2760 τὴν
657 2722 786 2758 τοιαύτην
801 2721 912 2757 ὅρασιν·

125 2779 157 2806 οὐ
186 2777 242 2812 γὰρ
256 2774 348 2811 γυμνὰ
364 2773 514 2810 πράγματα
541 2771 589 2799 καὶ
613 2770 708 2801 οὐσίας
729 2769 754 2795 ol.
777 2767 914 2804 προφῆται

167 2850 173 2870 ¹
193 2850 244 2876 lsa.
261 2857 298 2876 vt.
337 2854 356 2867 ιη
369 2847 448 2875 Joan.
462 2853 504 2878 ιιι,
521 2845 565 2873 54.

166 2908 223 2942 (18)
247 2905 314 2934 Vide
325 2905 416 2934 Schol.
430 2904 459 2932 S.
474 2902 597 2937 Maximi,
613 2907 677 2929 tom.
696 2900 727 2933 ll,
742 2907 800 2935 cap.
822 2898 864 2930 15,

964 2679 1017 2707 que
1043 2672 1187 2698 honestam
1204 2667 1427 2704 praecautionem,
1444 2663 1514 2699 quod
1541 2670 1594 2690 non
1620 2661 1745 2689 absimile

965 2722 1047 2750 esset,
1065 2716 1224 2752 prophetam
1247 2713 1395 2740 adductum
1412 2717 1474 2738 esse
1489 2716 1538 2744 per
1551 2707 1669 2742 aliquem
1694 2713 1745 2733 tto-

966 2765 1007 2792 bis
1026 2762 1232 2799 pmpositorum
1248 2759 1419 2795 angelorum.
1442 2756 1491 2785 Hic
1518 2760 1609 2784 autern
1634 2754 1749 2789 angelus
