1933 3075
181 185 236 214 295
775 183 804 210 S.
824 181 974 210 DIONYSII
990 181 1225 210 AREOPAGITXE
1755 181 1805 209 296

199 242 325 276 iuquiora
353 245 380 268 et
396 241 559 268 similiora.)
575 240 602 267 In
618 240 672 267 Deo
686 244 775 276 autem
794 244 848 266 tota
865 239 1004 274 plenitudo
1023 239 1212 276 intellectualis
1236 239 1399 274 cognitionis
1422 240 1578 268 continetur
1598 239 1631 276 in
1647 247 1712 276 _nno
1724 261 1732 274 ,
1754 241 1805 269 sci-

192 274 246 305 ieci
273 278 298 303 in
314 277 434 304 essentia
459 276 563 306 divina.
582 283 629 309 per
646 284 728 309 quam
744 275 814 302 Deus
840 275 931 301 otnuia
954 275 1104 309 cognoscit.
1119 275 1184 308 Quae
1201 276 1310 310 quidem
1336 275 1517 310 intelligibilis
1532 274 1672 310 plenitudo
1684 275 1711 302 in
1725 276 1805 303 intel-

182 312 333 346 ligibilibus
347 312 483 338 creaturis
499 311 621 338 infcriori
644 311 723 338 modo
738 315 766 337 et
786 311 876 336 minus
889 309 1053 346 simpliciter
1070 309 1215 344 reperitur.
1234 310 1310 338 Unde
1325 309 1432 344 oportet
1448 318 1480 338 ea
1497 309 1556 344 quae
1573 310 1645 346 Deus
1666 312 1804 346 cognoscit

201 355 230 374 er
243 355 340 379 unum,
356 346 513 373 inferiorem
539 346 705 372 intellectum
725 353 891 379 cognoscere
906 352 955 378 per
969 345 1066 376 multa,
1081 351 1108 372 et
1122 353 1170 379 per
1187 352 1261 373 tanto
1275 345 1365 379 plura.
1380 352 1484 380 quanto
1501 345 1615 372 interior
1631 345 1712 380 fuerit
1724 345 1801 372 intel-

201 355 230 374 er
243 355 340 379 unum,
356 355 513 373 Interiorem
539 355 705 372 intellectum
725 355 891 379 cognoscere
906 355 955 378 per
969 355 1066 376 tritinia,
1081 355 1108 372 et
1122 355 1170 379 per
1187 355 1261 373 tanto
1275 355 1365 379 plura.
1380 355 1484 380 quanto
1501 355 1615 372 Interior
1631 355 1712 372 mem
1724 355 1801 372 tutet-

154 407 162 415 ,
182 355 279 410 rectus.
296 381 341 408 Sic
354 382 454 415 igitur.
472 386 575 416 quanto
590 381 701 415 angelus
728 380 810 408 fuerit
823 381 967 416 isnperior,
983 384 1059 416 tanto
1072 388 1118 414 per
1130 381 1273 415 pauciores
1288 382 1394 415 species
1410 389 1499 408 rerum
1517 379 1727 414 intelligibiliutn
1745 382 1806 407 uui-

153 416 157 420 ⁴
182 417 341 444 versitatem
367 417 465 450 poterit
481 415 711 450 apprehendere,
727 421 809 449 atque
823 415 883 442 ideo
900 421 1009 449 oportet
1026 415 1085 449 eius
1100 416 1202 443 formas
1215 424 1263 443 seu
1279 417 1385 450 species
1399 424 1459 443 esse
1475 416 1697 446 nuiversaliorcs.
1713 420 1807 449 utpote

183 453 216 479 ad
242 452 320 486 plura
346 459 375 478 se
395 453 584 478 extendentes.
601 451 634 478 Et
650 451 730 484 hujus
744 451 782 477 rei
797 450 906 485 aliquod
917 451 950 476 .in
967 450 1046 476 nobis
1062 451 1214 485 exemplum
1243 452 1344 478 habere
1371 452 1507 478 videmur.
1524 451 1595 477 Sunt
1608 451 1679 477 enim
1696 451 1805 486 quidam

182 487 228 521 qui
243 485 389 514 ueritatem
410 486 606 522 intelligibilem
631 494 729 519 capere
742 493 794 512 non
811 489 923 522 possunt
937 505 946 522 ,
959 486 1010 522 nisi
1034 486 1074 512 eis
1100 487 1283 520 particulatim
1308 494 1356 520 per
1370 487 1484 522 singula
1509 486 1683 522 explicetur,
1696 485 1730 512 Ει
1754 486 1806 512 hoc.

181 520 291 556 quidem
308 529 341 548 ex
357 520 508 549 debilitate
525 521 678 549 intellectus
699 529 792 549 eorum
809 521 917 547 accidit.
933 520 987 547 Ahi
1005 528 1070 548 vero
1087 523 1132 556 qui
1151 527 1214 548 sunt
1229 521 1353 549 fortioris
1369 520 1539 554 intellectus,
1555 528 1588 548 ex
1608 521 1702 556 paucis
1722 521 1805 547 multa

182 564 281 584 canere
298 561 422 584 υοδευιιι.

253 565 281 583 re
316 564 331 583 ο
348 564 422 583 sunt.

217 564 322 628 veruiit
334 565 363 618 ssi
379 591 469 618 sancti
495 591 615 627 Dionysii
632 591 706 619 locus
722 591 766 628 hic
780 592 904 628 exactius
920 591 1120 628 consideretur,
1141 597 1246 620 tantum
1266 592 1362 624 docet,
1378 592 1520 620 inferiores
1542 592 1652 628 angelos
1677 591 1805 628 pauciora

184 627 254 662 scire
269 634 349 661 quam
365 627 541 662 superiores;
567 627 682 661 ideoque
708 627 849 654 scientiam
874 635 968 653 eorum
993 627 1138 660 appellavit
1157 628 1299 662 partlalem
1326 633 1449 662 respectu
1475 628 1596 654 scientia:
1622 627 1804 662 superiorum.

182 661 220 689 De
240 662 384 697 speciebus
400 661 498 689 autem
511 682 519 695 ,
534 670 602 696 quas
629 662 786 690 scholastici
811 662 934 688 tribtumt
957 661 1061 696 angelis
1073 682 1080 694 ,
1096 667 1126 689 ut
1146 663 1308 697 principium
1333 661 1389 689 sint
1411 664 1584 698 cognitionis,
1602 662 1748 691 Diouvsius
1760 661 1805 688 hic

181 705 235 724 llOl'I
251 703 316 724 32H.

216 705 415 767 ἕιῗὲιδιιίηὶηιο
425 733 536 766 reperias
547 732 703 767 theologiam
711 739 812 767 quoque
822 731 883 758 deos
894 732 1035 765 appellare,
1045 736 1097 760 etc.
1109 731 1153 759 Sic
1162 732 1261 760 Psalm.
1275 740 1345 765 xcrv,
1355 732 1466 760 dicitur:
1478 732 1607 765 Quoniam
1617 732 1685 760 Deus
1694 739 1805 766 magnus

182 767 321 799 Dominus.
334 772 357 793 et
378 775 423 794 rex
436 775 546 802 magnus
560 776 638 801 super
654 777 741 795 omnes
754 770 827 799 deos,
843 767 886 793 ubi
901 768 982 794 etiam
1008 768 1118 802 angelos
1141 768 1276 802 intelligit.
1293 769 1326 794 Et
1349 769 1460 802 angelus
1484 769 1644 795 Colluctator
1666 775 1695 794 se
1720 768 1804 794 Dcunt

181 803 309 838 appellat,
324 805 391 829 tien.
407 811 523 838 c.7xxxtt
538 813 545 830 :
562 802 747 838 Nequaquam.
761 803 857 836 inquit,
873 801 957 828 Jucob
973 801 1147 836 appellabitur
1160 801 1252 830 nomen
1269 809 1353 834 tuum,
1368 801 1413 830 sed
1423 803 1508 830 Israel
1519 811 1528 830 :
1540 804 1664 838 quoniam
1676 803 1698 829 δί
1712 807 1804 828 contra

182 837 262 863 Divum
277 837 354 872 form
369 837 455 872 fuisti,
470 843 567 872 quanto
583 839 666 872 magis
681 846 772 864 contra
787 838 904 864 homines
918 837 1073 870 prwttalebia
1084 838 1097 864 .7

214 871 314 908 Ibidem
328 881 335 899 :
355 871 397 899 Uti
412 878 436 899 et
454 871 557 900 iunctos
571 873 617 908 qui
629 871 700 906 apud
716 881 763 900 nos
779 878 839 900 sunt
862 873 941 908 viras.
958 872 1065 908 Psalmo
1079 880 1159 900 Lxxxt
1174 881 1182 900 :
1199 872 1255 908 Ego
1266 873 1334 905 dixi,
1348 874 1387 900 dii
1403 873 1464 900 esti:
1478 878 1502 901 et
1516 874 1566 908 ﬁlii
1580 873 1683 901 Excelai
1703 879 1802 908 omnes.

179 906 256 943 Quod
274 907 388 942 ipsemet
404 908 528 934 Christus
547 906 582 935 de
598 909 764 940 hominibus,
781 908 814 934 ad
830 915 898 943 quos
916 907 963 934 Dei
977 914 1069 934 sermo
1085 908 1173 934 factus
1187 906 1241 943 esi,
1258 909 1451 943 interpretetur
1461 906 1573 937 Joannis
1587 917 1604 936 κ
1622 909 1720 943 capite.
1733 907 1766 934 Et
1777 914 1803 933 ιιι

180 942 271 969 Exodo
287 950 345 978 cap.
361 951 399 970 vtt
413 951 420 970 :
438 943 472 970 ad
488 943 597 979 Moysen
612 944 745 971 Dominus
760 943 818 970 ait:
833 942 900 969 Ecce
916 943 1041 969 constitui
1056 949 1081 970 te
1092 943 1169 970 deum
1182 942 1343 971 Pharaonis.

707 1130 954 1160 PARAPHRASIS
970 1128 1196 1159 PACIlYMERIE
1215 1130 1282 1166 (Π).

213 1232 228 1270 ς
242 1233 262 1260 Ι.
279 1232 390 1267 Reperit
405 1232 449 1259 hic
467 1236 577 1259 sanctus
589 1251 597 1264 ,
621 1239 635 1259 a
651 1231 821 1259 divinissimo
834 1231 959 1258 Malachi:

1056 1229 1106 1266 §I.
1122 1230 1250 1266 Εὑρίσκει
1272 1230 1287 1256 ό
1310 1229 1387 1263 ἆγιος
1409 1228 1483 1264 παρὰ
1504 1229 1543 1265 τῷ
1562 1228 1804 1265 θεοληπτικωτάτῳ

176 1286 285 1314 quoque
299 1283 422 1305 nostrum
445 1278 600 1312 pontiﬁcem
616 1277 742 1312 angelum
765 1277 872 1304 Domini
899 1284 963 1304 esse

177 1330 362 1359 nuncupatum
376 1332 384 1357 ;
401 1323 483 1356 Quia,
499 1324 652 1358 inquiente.
666 1323 774 1358 angelus
787 1322 894 1350 Domini
908 1331 965 1349 om-

176 1374 315 1407 nipotentis
342 1378 378 1400 est
395 1377 418 1399 ε.
448 1371 514 1399 Cum
546 1373 635 1406 itaque
659 1371 779 1399 ostendit
804 1371 963 1399 inferiorum

177 1419 287 1447 nomine
300 1419 456 1453 superiores
469 1418 565 1445 merito
581 1419 727 1450 nominari,
738 1417 963 1452 demonstrando,

174 1473 290 1500 quanam
306 1465 412 1492 ratione
423 1465 550 1493 ccelestes
559 1471 654 1492 onmes
666 1464 776 1491 ordines
789 1464 815 1492 in
826 1465 963 1492 communi

175 1511 266 1545 angeli
295 1516 444 1544 vocentur;
474 1510 519 1538 ubi
548 1510 727 1545 quorumdam
749 1511 783 1537 de
808 1511 963 1538 cwlcstibus

174 1557 325 1584 virtutibus
339 1557 493 1591 opinionem
509 1556 601 1588 solvit,
617 1556 688 1590 quod
703 1556 786 1583 etiam
811 1557 961 1583 secundum

174 1604 319 1638 quamdam
339 1603 421 1630 aliam
438 1602 606 1637 tequivocam
625 1602 754 1629 virtutem
773 1609 826 1637 qua
848 1602 962 1637 pollent,

173 1656 269 1676 omnes
285 1649 394 1676 ordines
408 1669 416 1682 ,
434 1653 488 1676 tam
503 1650 658 1683 superiores
669 1668 677 1681 ,
701 1656 783 1683 quam
807 1649 961 1682 inferiores,

173 1697 286 1724 virtutes
309 1695 494 1731 appellentur;
522 1696 618 1730 quaerit
640 1695 685 1723 hic
705 1696 787 1722 etiam
801 1715 809 1728 ,
825 1697 962 1730 quomodo

175 1748 268 1770 noster
286 1743 416 1778 pontifex,
434 1750 495 1769 cum
513 1743 585 1770 inter
595 1742 725 1769 emlestes
740 1748 836 1770 omnes
849 1743 962 1770 ordines

173 1794 327 1824 postremus
342 1790 387 1822 sit,
406 1788 486 1824 109
503 1788 652 1822 superioris
665 1795 774 1822 quoque
787 1789 897 1816 nomine
913 1797 961 1817 vo-

172 1841 260 1866 cetur,
277 1841 359 1871 atque
372 1835 485 1870 angelus
500 1834 665 1869 appelletur.
682 1834 820 1868 Quaeritur
837 1835 931 1870 itaque
945 1843 961 1863 a

172 1882 273 1910 sedulis
299 1881 561 1917 contemplatoribus
599 1888 742 1908 sacrorum
769 1881 957 1915 oraculorum,

173 1936 234 1963 qua:
250 1928 285 1956 de
299 1928 381 1955 rebus
396 1927 599 1955 intellectilibus
615 1927 960 1962 loquuntur,quemadmo~
975 1923 996 1951 Β

171 1975 237 2002 dum
264 1975 291 2001 in
315 1974 422 2002 decimo
440 1978 538 2009 quarto
558 1973 648 2008 capite
671 1973 840 2008 spiritualcm
862 1974 960 2009 praefe-

172 2025 278 2047 cturam
295 2024 383 2053 vocat,
395 2019 584 2054 praifecturam
599 2027 688 2046 rerum
700 2019 893 2053 spiritualium.
905 2019 961 2047 Cur

171 2070 262 2091 autem
278 2065 321 2092 hic
334 2065 447 2092 oracula
462 2070 542 2092 vocat
559 2065 739 2099 intellectilia,
756 2065 794 2093 ibi
808 2073 873 2093 vero
889 2073 958 2100 prae-

170 2111 306 2137 fecturam
330 2111 594 2146 spiritalem?quia,
616 2111 682 2140 licet
704 2112 816 2139 oracula
841 2113 896 2139 sint
925 2112 959 2140 de

171 2157 254 2184 rebus
268 2157 447 2192 spiritalibus,
464 2165 518 2185 non
534 2163 624 2185 tamen
639 2164 714 2185 recte
728 2163 860 2186 vocantur
875 2159 957 2193 spiri-

172 2203 235 2230 talia
251 2203 292 2231 vel
309 2204 438 2232 mentalia
453 2212 461 2237 ;
487 2206 615 2238 quoniam
633 2213 685 2232 non
703 2210 767 2232 sunt
791 2205 904 2239 spiritus
925 2212 959 2233 ac

171 2255 285 2283 utentes,
299 2251 449 2278 etoracula
479 2257 570 2279 tuente
595 2252 761 2287 diriguntur.
790 2253 957 2287 Angelorum

171 2302 261 2324 autem
277 2298 467 2331 praefecturam
492 2304 572 2326 vocat
594 2299 743 2333 spiritalem
757 2320 765 2332 ,
789 2300 852 2334 quia
876 2300 958 2327 rebus

171 2342 340 2377 spiritalibus
355 2343 482 2375 intendit,
496 2349 523 2371 et
540 2351 618 2371 mens
630 2351 689 2379 qua:
702 2345 958 2379 iutenditspirilalis

169 2392 222 2415 est.
238 2387 376 2422 Quatritur
401 2389 493 2424 itaque
508 2397 522 2417 a
539 2390 670 2418 studiosis
693 2391 865 2418 oraculorqu
889 2400 957 2420 cou-

171 2434 387 2469 templatoribus,
402 2436 448 2470 qui
461 2436 576 2463 omnino
594 2436 641 2463 illo
663 2436 735 2471 quod
757 2443 870 2472 apparet
892 2445 958 2473 pro-

170 2479 295 2506 fundiora
312 2481 464 2508 rimantur:
480 2482 615 2516 siquidem
631 2487 800 2517 spectatores
822 2488 885 2510 sunt
909 2484 956 2518 qui

171 2526 235 2554 illud
253 2531 357 2554 tantuut
372 2528 443 2562 quod
459 2528 570 2556 obvium
582 2533 623 2555 est
637 2529 824 2564 speculantur,
841 2530 955 2558 studiosi

170 2581 234 2601 vero
250 2575 479 2610 contemplatores
496 2580 570 2608 sunt,
584 2577 630 2610 qui
643 2583 770 2603 amorose
785 2577 858 2604 circa
874 2577 956 2604 visio-

1015 1277 1154 1312 Μαλαχίᾳ,
1174 1275 1220 1302 τὸν
1240 1275 1300 1302 καθ’
1317 1275 1391 1310 ἡμᾶς
1413 1275 1542 1311 ἱεράρχην
1562 1275 1676 1310 ἄγγελον
1699 1276 1803 1311 Κυρίου

1014 1322 1223 1357 ὀνομαζόμενον,
1246 1322 1305 1347 Ὅτι
1329 1321 1456 1356 ἅγγελος
1471 1322 1581 1355 Κυρίου
1604 1321 1804 1356 παντοκράτο-

1010 1369 1065 1402 ρός
1075 1369 1150 1399 ἐστι,
1167 1367 1281 1402 λέγοντι.
1303 1367 1379 1393 Ἐπεὶ
1391 1367 1480 1393 τοίνυν
1488 1367 1628 1401 ἀπέδειξεν
1638 1368 1679 1394 δτι
1692 1367 1805 1401 δικαίως

1013 1414 1052 1450 τῷ
1070 1414 1124 1440 τῶν
1145 1413 1346 1450 ὑποδεεστέρων
1365 1414 1476 1451 ὀνόματι
1490 1416 1515 1442 oi.
1535 1415 1727 1452 ὑπερκείμενοι
1741 1415 1802 1441 ὀνο-

1016 1460 1155 1496 μάζονται,
1169 1460 1201 1488 ἐκ
1214 1469 1244 1486 τε
1257 1460 1303 1486 τοῦ
1325 1460 1409 1494 δεῖξαι
1430 1461 1489 1494 πῶς
1512 1461 1620 1488 ἅπαντα
1639 1461 1674 1488 τὰ
1688 1461 1802 1498 οὐράνια

1014 1507 1085 1535 κατὰ
1099 1508 1187 1534 κοινοῦ
1200 1507 1308 1542 ἄγγελοι
1321 1507 1453 1542 λέγονται,
1469 1508 1501 1535 ὲκ
1514 1507 1560 1535 τοῦ
1572 1508 1650 1535 λῦσαι
1662 1509 1712 1544 τήν
1721 1516 1802 1534 τινων

1014 1559 1147 1595 ὑπόληψιν
1157 1559 1222 1596 περὶ
1237 1559 1290 1586 τῶν
1300 1559 1433 1594 οὐρανίων
1445 1559 1595 1595 δυνάμεων,
1606 1560 1647 1587 ὅτι
1659 1559 1730 1586 κατά
1740 1568 1802 1586 τινα

1013 1606 1108 1641 ἑτέραν
1124 1605 1267 1642 ὁμώνυμον
1285 1605 1409 1641 δύναμιν,
1431 1605 1491 1633 καθ’
1506 1606 1538 1641 ἢν
1555 1605 1700 1639 δύνανται,
1721 1606 1802 1633 δυνά-

1015 1660 1074 1687 μεις
1089 1652 1176 1679 πάντα
1185 1651 1218 1678 τὰ
1232 1652 1359 1687 τάγματα
1367 1651 1553 1686 λέγονται,καὶ
1569 1651 1603 1678 τὰ
1616 1652 1802 1688 ὑπερκείμενα

1013 1698 1109 1725 καὶτὰ
1125 1698 1326 1733 ὑποῦεϐηκόταο
1343 1698 1419 1734 ζητεῖ
1431 1698 1548 1725 ἐνταῦθα
1566 1697 1615 1725 καὶ
1635 1698 1695 1729 πῶς
1707 1698 1722 1724 ὁ
1737 1697 1798 1724 καθ’

1011 1745 1086 1780 ἡμᾶς
1100 1744 1230 1780 ἱεράρχης
1241 1764 1248 1776 ,
1263 1744 1378 1779 ἔσχατος
1394 1744 1431 1772 ὣν
1445 1744 1499 1771 τῶν
1518 1744 1651 1780 οὐρανίων
1672 1744 1800 1771 ἁπάντων

1011 1789 1168 1825 ταγμάτων,
1182 1790 1220 1825 τῷ
1232 1789 1279 1816 τοῦ
1292 1790 1489 1826 ὑπερκειμένου
1503 1790 1613 1826 ὀνόματι
1627 1789 1798 1825 ὀνομάζεται,

1011 1836 1059 1862 καί
1073 1836 1194 1863 καλεῖται
1203 1835 1326 1870 ἄγγελος.
1343 1837 1469 1872 Ζητεῖται
1490 1837 1579 1863 τοίνυν
1590 1836 1669 1863 τοῦτο
1682 1837 1739 1868 τοῖς
1755 1844 1801 1870 φι-

1010 1882 1155 1918 λοθεάμοσι
1168 1881 1222 1908 τῶν
1231 1882 1312 1918 ιερῶν
1324 1881 1431 1916 λογίων,
1442 1881 1497 1909 τῶν
1504 1883 1567 1918 περὶ
1577 1881 1632 1908 τῶν
1641 1881 1743 1918 νοητῶν
1756 1881 1800 1908 λε-

1010 1929 1121 1963 γόντων,
1141 1928 1234 1963 ὥσπερ
1244 1929 1273 1955 ὲν
1284 1928 1323 1965 τῷ
1340 1928 1371 1954 ιδ’
1387 1928 1525 1964 κεφαλαίῳ
1535 1928 1631 1964 νοερὰν
1639 1928 1798 1955 ἐπιστασίαν

1011 1975 1088 2011 φησὶ,
1101 1976 1152 2011 τὴν
1164 1976 1228 2011 περὶ
1237 1976 1292 2002 τῶν
1306 1975 1408 2012 νοερῶν
1425 1975 1596 2002 ἐπιστασίαν.
1611 1974 1661 2002 Διὰ
1672 1976 1699 2002 τί
1710 1975 1738 2002 δὲ
1752 1975 1797 2001 ὲν-

1009 2023 1096 2049 ταῦθα
1111 2022 1194 2058 νοητὰ
1208 2023 1285 2057 λόγια
1306 2022 1396 2057 λέγει,
1415 2023 1504 2049 ἐκεῖσε
1517 2022 1554 2055 δὲ,
1569 2022 1619 2058 τὴν
1637 2022 1798 2050 ἐπιστασίαν

1009 2070 1122 2105 νοεράν;
1136 2069 1177 2095 ὅτι
1193 2069 1217 2095 εἰ
1234 2069 1281 2095 καὶ
1295 2069 1358 2104 περὶ
1372 2068 1426 2095 τῶν
1443 2067 1544 2103 νοερῶν
1564 2066 1597 2094 τὰ
1617 2067 1695 2101 λόγια
1717 2067 1786 2093 είσιν

1010 2115 1067 2142 ἁλλ’
1082 2115 1112 2141 οὑ
1128 2114 1218 2145 καλῶς
1240 2114 1364 2150 κληθεῖεν
1377 2113 1410 2141 ἂν
1421 2113 1511 2149 νοερά·
1532 2113 1562 2139 οὐ
1583 2112 1637 2148 γὰρ
1650 2113 1708 2144 νόες
1731 2112 1798 2144 εἰσὶ,

1009 2162 1058 2188 καὶ
1064 2161 1103 2196 τῷ
1110 2161 1148 2196 νῷ
1155 2161 1317 2187 διοικοῦνται
1330 2159 1364 2187 τὰ
1372 2160 1458 2194 λόγια,
1472 2159 1527 2194 Τὴν
1538 2159 1566 2185 δὲ
1576 2159 1639 2193 περὶ
1649 2158 1702 2184 τῶν
1714 2157 1797 2192 ἀγγέ-

1008 2206 1061 2233 λων
1076 2206 1247 2237 ὲπιστασίαν,
1261 2205 1357 2241 νοεράν
1376 2213 1469 2240 φησιν,
1488 2204 1528 2230 ὅτι
1544 2204 1589 2230 καὶ
1612 2203 1674 2238 περὶ
1695 2202 1797 2238 νοερῶν

1009 2252 1116 2286 ἐφιστᾷ,
1141 2250 1214 2277 καὶὸ
1235 2250 1354 2285 ὲφιστῶν
1373 2249 1445 2281 νοῦς,
1470 2248 1562 2284 νοερός
1584 2248 1652 2274 ἐστι.
1670 2247 1797 2282 Ζητεῖται

1007 2299 1097 2325 τοίνυν
1120 2299 1177 2329 τοῖς
1204 2297 1378 2332 φιλοθεάμοσι
1400 2296 1454 2322 τῶν
1474 2294 1582 2329 λογίων,
1605 2294 1662 2325 τοῖς
1684 2293 1796 2327 ζητοῦσι

1008 2345 1116 2376 πάντως
1134 2345 1182 2372 καὶ
1194 2343 1228 2370 τὰ
1240 2342 1287 2370 τοῦ
1303 2341 1462 2377 φαινομένου
1479 2339 1621 2376 βαθύτερα·
1631 2338 1726 2365 θεαταὶ
1741 2338 1796 2374 γάρ

1007 2393 1076 2419 εἰσιν
1087 2392 1111 2417 οἱ
1127 2391 1206 2426 μόνον
1218 2389 1249 2416 τὸ
1264 2389 1457 2425 παρεμπῖπτον
1471 2386 1624 2421 βλέποντες,
1637 2383 1793 2419 φιλοθεάμο-

1007 2448 1052 2471 νες
1061 2439 1090 2465 δὲ
1107 2439 1131 2465 οἱ
1148 2436 1326 2473 ὰγαπητικῶς
1338 2436 1402 2471 περὶ
1413 2435 1462 2470 τὴν
1476 2434 1540 2460 θέαν
1556 2433 1672 2468 ἔχοντες,
1686 2433 1732 2459 καὶ
1743 2441 1796 2467 μα-

1007 2484 1063 2511 θεῖν
1077 2484 1123 2510 καὶ
1141 2482 1220 2510 πλέον
1236 2491 1262 2508 τι
1278 2481 1423 2515 ἐφιέμενοι.
1446 2479 1501 2506 Καὶ
1521 2479 1537 2514 ἡ
1558 2478 1669 2514 ζήτησις
1686 2477 1743 2513 ἥδε·
1763 2477 1796 2503 Et

1005 2530 1059 2566 γὰρ
1078 2529 1217 2565 ἀμέθεκτα
1235 2528 1290 2555 τῶν
1305 2526 1464 2562 ὑπερτέρων
1479 2525 1526 2552 καὶ
1541 2524 1711 2559 ὀλικωτέρων
1733 2523 1795 2549 ἰδιο-

1005 2577 1094 2612 τήτων
1106 2575 1141 2602 τὰ
1161 2574 1304 2602 τελευταῖά
1325 2574 1387 2605 εἰσι,
1411 2572 1455 2599 διὰ
1474 2572 1501 2598 τι
1525 2571 1640 2606 ἄγγελος
1659 2569 1762 2606 Κυρίου
1779 2569 1795 2595 ὁ

170 2628 230 2648 nem
244 2621 409 2655 afﬁciuntur,
426 2621 541 2657 eiusque
565 2627 594 2650 et
614 2623 681 2657 quid
707 2624 824 2658 amplius
852 2631 953 2659 cogno-

1010 2622 1066 2650 “0'
1081 2623 1154 2658 ἡμᾶς
1165 2621 1296 2657 ἱεράρχης
1307 2620 1426 2655 λέγεται.

169 2669 260 2696 scendi
278 2669 415 2697 desiderio
429 2674 567 2698 tenentur.
583 2670 647 2698 Haec
669 2677 734 2705 ergo
758 2671 872 2705 quaestio
897 2675 939 2698 est
953 2680 960 2698 :
974 2671 1003 2698 Si
1016 2678 1046 2698 ea
1063 2677 1124 2704 qua:
1137 2669 1283 2696 novissima
1299 2672 1361 2695 sunt
1391 2666 1561 2701 superiorum
1586 2665 1705 2700 integras
1724 2669 1791 2697 pro--

169 2716 298 2751 prietates
310 2716 422 2744 minime
435 2716 581 2752 attingant,
600 2724 680 2750 quam
693 2717 728 2744 ob
740 2724 849 2744 causam
863 2721 954 2744 noster
968 2716 1082 2744 antistes
1100 2714 1212 2750 angelus
1230 2714 1333 2742 Domini
1347 2718 1470 2741 vocatur.

207 2812 218 2825 ε
236 2805 349 2832 Mulach.
365 2812 396 2837 ll,
415 2804 442 2833 7.

205 2906 260 2941 (l7)
276 2906 339 2934 Vide
347 2907 435 2935 Schol.
451 2906 479 2935 S.
493 2907 600 2935 Martini
625 2912 688 2935 tom.
707 2906 739 2940 ll,
755 2914 813 2941 cap.
830 2906 874 2934 12.
