1933 3075
92 173 143 201 297

349 171 392 199 DE
408 170 568 200 C(ELESTI
587 168 796 197 HIEBARCHIA
815 167 890 197 CAP.
909 166 966 195 XII.
984 181 1019 186 —
1035 165 1207 194 PARAPHR.
1226 165 1460 193 PACHYMERJE.

1662 165 1716 194 298

124 231 138 266 §
148 230 183 257 ll.
191 229 257 256 Λύει
266 229 355 256 τοίνυν
365 227 487 255 ἐντεῦθεν
494 227 526 254 τὸ
537 226 656 263 ζήτημα,
663 227 710 253 καὶ
721 225 794 259 λέγει
804 233 810 239 ·
820 224 877 253 Οὐκ

966 221 1019 257 §ll.
1035 221 1121 249 Solvit
1136 221 1180 249 hic
1195 222 1279 255 igitur
1287 221 1476 256 quaestionem.
1485 225 1508 249 el
1522 220 1586 248 dicit
1597 221 1615 249 ιι
1627 229 1650 250 ἰι
1664 230 1717 250 non

89 277 211 305 ἐναντίον
235 276 295 302 ἐστὶ
317 274 398 301 τοῦτο
420 275 478 305 τοῖς
501 272 764 308 προδιωρισμένοις,
788 270 881 303 καθὼς

89 325 144 360 ἄρα
157 322 367 351 κατασκευάσει.
391 321 485 356 Φαμὲν
500 319 565 356 γὰρ,
584 319 627 346 ἄτι
641 318 692 353 τῆς
709 317 803 352 ὁλικῆς
820 317 882 344 [6L6-

89 379 170 406 τητος
189 370 244 397 τῶν
261 368 418 405 ὑπερτέρων
439 368 472 395 τὰ
493 368 632 394 τελευταῖα
655 365 815 395 ἀποδέουσι,
832 363 882 399 τῆς

88 417 118 444 δὲ
135 416 252 452 μερικῆς
272 415 442 452 μετέχουσιν,
463 415 501 446 ὼς
515 413 647 448 ἀναλόγου
658 414 718 444 ταῖς
733 412 880 447 δυνάμεσιν

90 462 195 490 αὐτῶν·
212 462 278 490 διότι
294 462 346 489 ὑπὸ
361 462 425 497 μίαν
439 460 596 488 δεσποτείαν
612 461 680 487 εἰσὶν
700 459 817 490 ἅπαντα,
834 458 882 485 καὶ

90 509 151 536 καθ’
166 510 200 545 ἣν
221 510 268 536 καὶ
283 509 479 546 ὲναρμόζονται
498 509 545 535 καὶ
569 508 732 535 συνδέονται.
753 504 816 535 Οἷον
835 509 882 534 ἐπὶ

89 557 321 592 παραδείγματος.
337 555 372 583 τὰ
392 555 526 591 χερουὸὶμ
543 555 652 590 μετέχει
673 553 769 588 σοφίας
783 553 883 589 ὑψηλο-

89 602 173 638 τέρας
191 603 239 629 καὶ
260 602 397 637 γνώσεως,
420 602 448 628 αἱ
470 601 499 628 δὲ
522 600 718 635 ὺποὸεὗηκυίαι
739 600 882 635 μετέχουσι

90 649 138 675 καὶ
151 649 232 675 αὑταὶ
244 648 339 683 σοφίας
353 648 400 675 καὶ
413 647 549 682 γνώσεως.
564 646 679 682 μερικῆς
691 646 718 673 δὲ
730 646 797 682 πρὸς
812 646 883 672 ὲκεί-

89 703 133 721 να.
148 695 204 722 Καὶ
215 695 246 721 τὸ
263 695 310 730 μὲν
322 694 389 725 ὅλως
399 694 428 720 ὲν
445 693 573 729 μετουσίᾳ.
587 692 688 728 ταύτης
709 689 778 718 εἶναι
793 692 882 719 κοινόν

90 741 149 766 ἐστι
164 740 211 766 καί
224 741 279 771 τοῖς
294 739 425 775 χερουὸὶμ
438 740 485 766 καὶ
499 740 555 770 τοῖς
565 738 654 770 ἄλλοις
664 746 670 753 ·
682 737 712 764 τὺ
723 738 751 764 δὲ
766 737 882 773 πρώτως

91 787 138 814 καὶ
150 787 299 822 προσεχῶς.
311 786 328 822 ἦ
343 785 422 813 πάλιν
436 786 567 821 δευτέρως
583 785 628 812 καὶ
641 785 801 821 ὑφειμένως,
817 785 882 811 οὑκ-

90 833 132 860 έτι
146 833 246 863 κοινὸν,
265 832 332 860 ἀλλὰ
351 832 441 864 καθὼς
451 832 483 859 ἂν
504 831 611 867 ἑκάστῳ
625 830 701 867 παρὰ
717 831 766 867 τῆς
781 831 885 863 οἰκείας

90 878 237 912 ἀναλογίας
244 878 366 914 ὥρισται.
376 878 499 914 Ὥρισται
506 878 533 905 δὲ
544 876 629 909 εἶπεν,
639 878 669 904 οὐ
684 877 770 913 δηλῶν
785 877 883 913 εἱμαρ-

92 924 177 961 μένην
191 925 252 951 τινὰ
268 925 316 952 καὶ
337 924 513 960 ἀπαράϐατον
542 924 665 960 ἀνάγκην
677 944 684 956 ,
706 923 744 956 ὡς
759 923 884 951 εἰώθασιν

89 971 115 997 οἱ
131 971 225 997 πολλοὶ
235 971 336 1005 λέγειν’
353 971 419 998 ἀλλὰ
432 971 652 1007 περιωρισμένην
666 971 726 997 τινὰ
736 970 884 1005 ἀναλογίαν

90 1016 242 1052 δυνάμεως,
256 1016 303 1043 τοῦ
322 1016 367 1043 νοῦ
391 1017 482 1052 τυχὸν,
506 1017 576 1053 ὑπὲρ
603 1017 636 1052 ἣν
651 1017 746 1051 νοῆσαι
766 1017 797 1043 οὺ
818 1017 882 1053 χρὴ.

91 1062 180 1090 Τοῦτο
193 1063 221 1089 δὲ
242 1062 272 1089 τδ
286 1062 430 1098 λεγόμενον
449 1063 514 1098 περὶ
537 1062 591 1089 τῶν
614 1062 746 1098 χερουσὶμ
762 1062 809 1089 καὶ
830 1062 884 1089 τῶν

90 1109 282 1145 ὑποκειμένων
300 1109 393 1141 αὺτοῖς
411 1109 460 1135 οὐκ
481 1108 513 1135 ἄν
530 1117 571 1141 τις
587 1109 789 1145 ἡμαρτημένως
813 1109 884 1136 εἴποι

92 1155 141 1183 καὶ
154 1154 278 1191 περὶτῶν
292 1154 388 1182 ἄλλων.
396 1155 450 1182 Καὶ
465 1154 520 1190 γὰρ
530 1154 624 1191 ὥσπερ
634 1155 659 1182 οἱ
672 1154 772 1191 πρῶτοι
784 1154 885 1190 πληρε-

93 1201 199 1233 στάτως
215 1201 304 1237 έχουσι
318 1200 353 1228 τὰ
365 1201 420 1228 τῶν
434 1201 596 1236 ὑφειμένων,
610 1201 696 1233 οὕτως
704 1202 729 1228 οἱ
738 1201 885 1228 τελευταῖοι

91 1247 127 1274 τὰ
141 1247 196 1274 τῶν
210 1247 359 1283 προτέρων,
371 1247 441 1283 πλὴν
454 1247 503 1283 οὐχ
519 1247 631 1282 ὁμοίως,
646 1247 704 1274 ἀλλ’
720 1247 882 1283 ὑφειμένως.

90 1293 176 1320 Οὐδὲν
188 1291 245 1325 οὖν,
260 1293 298 1324 ὡς
311 1291 398 1328 οἶμαι,
412 1293 443 1320 τὸ
465 1293 576 1325 ἄτοπον,
593 1294 617 1320 εί
640 1294 687 1321 καὶ
700 1294 715 1320 ὸ
728 1293 788 1321 καθ’
810 1294 883 1329 ἡμᾶς

92 1340 227 1376 ίεράρχης
241 1340 355 1375 ἄγγελος
368 1340 483 1374 λέγοιτο,
497 1340 563 1368 διότι
574 1340 644 1368 κατὰ
654 1340 768 1376 δύναμιν
782 1340 885 1367 οἰκείαν

94 1387 204 1422 μετέχει
225 1386 274 1422 τῆς
292 1386 345 1413 τῶν
359 1386 482 1420 ἀγγέλων
495 1386 705 1422 ίδιότητος,ῆτις
722 1386 796 1415 ἐστὶν
818 1386 886 1413 ὐπο-

93 1432 197 1468 φητικὴ
210 1432 264 1459 τῶν
279 1431 368 1464 θείων,
384 1429 445 1466 ὲνῷ
457 1431 660 1468 διαπράττεται,
678 1433 725 1459 καὶ
738 1432 804 1459 διότι
818 1432 885 1459 ἁνα-

91 1479 222 1509 τείνεται,
238 1478 276 1510 ὡς
289 1478 398 1513 ἐφικτὸν
411 1478 439 1505 δὲ
454 1477 616 1514 ἀνθρώποις,
635 1479 680 1505 καὶ
696 1478 726 1505 οὐ
739 1478 810 1505 κατὰ
822 1479 886 1511 τοὺς

91 1524 227 1559 ἀγγέλους
247 1525 316 1561 πρὸς
331 1525 380 1560 τὴν
402 1524 603 1561 ἐκφαντορικὴν
624 1525 753 1560 ὁμοίωσιν
768 1524 822 1551 τῶν
835 1525 886 1559 ἀγ-

92 1571 191 1606 γέλων.
212 1571 255 1603 Ὠς
274 1571 328 1606 γὰρ
343 1572 368 1598 oi.
383 1571 493 1606 ἄγγελοι
516 1571 675 1607 ἐκφαίνουσι
690 1572 721 1598 τδ
739 1571 809 1598 θεῖον
825 1570 886 1606 βού-

933 275 992 295 (sse
1003 266 1170 294 contrarium
1187 266 1220 294 iis
1231 273 1291 300 qua;
1304 269 1367 293 ante
1378 265 1488 293 deﬁnita
1505 270 1578 294 sunt.
1599 265 1718 295 Dicimus

933 312 1018 347 Plliln,
1035 317 1189 347 postremas
1210 312 1380 347 superiorum
1406 311 1526 347 lntegras
1540 313 1720 348 proprietates

934 367 987 388 non
1013 358 1147 392 obtinere,
1171 358 1217 385 sed
1240 365 1274 384 ex
1296 361 1390 392 parte,
1415 364 1465 391 pro
1490 357 1586 383 virium
1609 365 1719 385 suarum

933 410 1034 439 captu,
1066 404 1223 431 earumdem
1256 403 1401 438 participes
1423 404 1559 436 existere;
1592 407 1719 438 quoniam

933 458 1028 478 omnes
1041 451 1092 479 sub
1107 450 1187 477 unius
1201 455 1263 476 sunt
1277 449 1426 480 dominatu,
1444 454 1471 476 et
1484 450 1631 476 secundum
1648 451 1718 478 hunc

933 504 1027 524 omnes
1037 501 1237 531 componuntur
1250 503 1282 523 ac
1295 496 1506 531 conjungnntnr.
1523 496 1643 531 Exempli
1657 504 1720 532 gra-

935 543 983 576 tia,
999 543 1140 571 cherubim
1154 543 1300 578 participes
1314 547 1378 570 sunt
1395 542 1533 576 sapientia:
1552 542 1720 570 sublimioris

934 593 1016 623 atque
1034 589 1164 620 scientiae,
1179 588 1322 615 inferiores
1336 596 1409 622 vero,
1429 594 1456 616 et
1477 589 1541 623 ipsa!
1560 588 1720 623 sapientiam

934 634 1170 670 cognitionemque
1193 634 1366 669 participant.
1392 634 1440 662 sed
1459 639 1583 669 respectu
1613 634 1721 663 illorum

935 681 1089 715 partialem.
1111 681 1199 715 Atque
1218 681 1365 708 universim
1382 681 1492 716 quidem
1517 682 1586 708 hunc
1610 682 1722 716 partici-

935 735 1018 762 pare.
1040 735 1184 755 commune
1207 732 1249 754 est
1275 733 1328 754 tam
1358 727 1500 755 cherubim
1525 735 1608 762 quam
1638 729 1721 755 aliis:

936 781 1028 801 verum
1047 774 1172 809 primitus
1193 778 1221 801 et
1244 774 1428 805 continenter,
1452 773 1492 800 vel
1518 773 1599 800 etiam
1622 781 1722 802 seetln-

935 819 1012 847 dario
1026 824 1053 847 et
1068 819 1190 847 inferiori
1202 820 1297 855 gradu,
1314 828 1367 847 non
1381 825 1423 848 est
1437 820 1492 855 jam
1508 828 1662 852 commune.
1676 821 1723 848 sed

936 872 1016 900 prout
1027 866 1148 898 cuilibet,
1161 874 1210 900 pro
1221 866 1352 901 cujusque
1365 872 1457 900 captu,
1473 867 1555 894 fuerit
1569 867 1722 895 deﬁnitum.

900 906 921 932 Β
937 911 1008 939 Dixit
1022 917 1112 939 autem
1127 912 1279 945 deﬁnitum,
1300 919 1353 939 non
1377 912 1460 940 fatum
1480 913 1588 947 aliquod
1603 919 1650 940 aut
1665 914 1724 940 itte-

934 958 1072 986 vitabilem
1103 959 1292 986 necessitatem
1326 959 1463 992 indicans.
1494 961 1724 995 quemadmodum

936 1003 1013 1032 multi
1025 1005 1118 1033 dicere
1139 1010 1355 1037 consueverunt;
1379 1006 1427 1033 sed
1448 1006 1590 1033 limitatam
1606 1006 1724 1040 aliquam

934 1050 1053 1083 virtutis,
1076 1050 1144 1078 forte
1170 1051 1287 1083 mentis,
1311 1054 1512 1086 proportionem
1536 1059 1619 1087 supra
1641 1060 1723 1087 quam

936 1097 1002 1124 nihil
1017 1101 1142 1132 oporteat
1154 1097 1284 1133 cogitare.
1306 1096 1361 1124 Hoc
1380 1103 1471 1125 autem
1491 1099 1562 1133 quod
1577 1099 1610 1126 de
1625 1099 1724 1126 cheru-

937 1143 1004 1174 bim.
1027 1147 1055 1171 et
1078 1143 1117 1171 eis
1131 1143 1178 1178 qui
1200 1144 1251 1171 sub
1267 1144 1332 1179 ipsis
1351 1148 1425 1177 sunt,
1450 1145 1551 1172 dictum
1572 1150 1623 1178 est,
1643 1146 1666 1173 si
1690 1146 1724 1174 de

935 1189 997 1216 aliis
1019 1195 1128 1223 quoque
1149 1189 1210 1223 quis
1233 1189 1350 1220 dixerit,
1376 1197 1428 1216 non
1449 1189 1562 1217 errabit.
1587 1191 1724 1224 Quemad-

937 1234 1044 1262 modum
1061 1235 1134 1262 euim
1146 1234 1228 1270 primi
1243 1235 1400 1270 plenissime
1415 1236 1513 1263 habent
1533 1244 1562 1264 ea
1579 1245 1640 1272 quae
1654 1237 1724 1265 infe-

936 1281 1038 1307 riorum
1062 1285 1135 1313 sunt,
1163 1281 1199 1308 ita
1222 1288 1330 1316 quoque
1357 1281 1444 1309 ultimi
1467 1282 1608 1318 priorum,
1631 1290 1724 1311 verum

939 1324 1019 1359 ιιο
1036 1332 1088 1352 non
1103 1324 1211 1360 aequali.
1231 1325 1278 1352 sed
1303 1325 1424 1354 inferiori
1440 1329 1535 1362 gradu.
1556 1327 1627 1355 Nihil
1643 1327 1726 1363 igitur

940 1371 1052 1398 absurdl
1064 1371 1109 1404 sit,
1124 1375 1150 1398 ul
1174 1377 1250 1406 puto,
1267 1373 1290 1399 si
1304 1378 1397 1400 noster
1415 1380 1524 1408 quoque
1537 1374 1657 1409 pontifex
1673 1383 1725 1402 an-

937 1416 1014 1451 gelus
1033 1417 1151 1450 dicatur,
1164 1422 1196 1445 ut
1209 1418 1256 1454 qui
1277 1419 1426 1446 secundum
1444 1421 1572 1447 virtutem
1588 1423 1726 1456 propriam

937 1464 1095 1499 angelorum
1112 1465 1256 1500 participet
1268 1466 1541 1501 proprietatem,quae
1561 1475 1605 1495 rcs
1620 1469 1727 1497 divinas

939 1510 1149 1545 interpretatur;
1171 1511 1197 1538 in
1217 1518 1271 1545 quo
1293 1519 1405 1539 munere
1425 1513 1582 1547 perﬁcitur,
1605 1514 1727 1550 adeoque

935 1557 971 1584 ad
984 1557 1141 1592 angelorum
1164 1557 1361 1591 interpretandi
1380 1557 1585 1586 similitudinem
1599 1563 1726 1588 extendi-

90 1604 180 1653 λημα,
207 1604 285 1644 οὕτω.
302 1604 349 1645 καὶ
373 1604 617 1654 οἱ-ίεράρχαινδιὰ
639 1617 690 1653 τῆς
712 1604 885 1650 διδασκαλίας

940 1608 993 1636 tur,
1013 1608 1144 1638 quantum
1168 1604 1294 1631 videlicet
1320 1604 1476 1632 hominibus
1498 1605 1540 1632 ias
1559 1610 1612 1639 est,
1628 1610 1657 1634 et
1672 1614 1725 1634 non

92 1663 194 1690 αὐτῶν.
218 1664 250 1691 El
270 1664 299 1691 δὲ
318 1664 365 1691 καὶ
386 1663 430 1690 διὰ
445 1663 496 1699 τῆς
510 1663 636 1700 πράξεως
659 1664 729 1690 κατὰ
749 1663 790 1690 τό·
805 1664 885 1690 Ὅσα

91 1710 254 1743 ἐποίησαν,
268 1711 316 1738 καὶ
331 1709 389 1737 ὅσα
402 1710 544 1742 ἐδίδαξαν
555 1729 562 1742 ,
588 1710 668 1737 τοῦτο
690 1711 812 1746 κρεῖττον
838 1709 887 1736 καὶ

92 1756 207 1784 τέλειον.

130 1880 145 1916 §
159 1879 203 1907 Ill.
219 1880 352 1917 Εὗρήσεις
364 1881 392 1908 δὲ
406 1882 453 1908 καὶ
472 1881 536 1910 ἄλλο
550 1882 638 1909 κοινὸν
655 1882 740 1918 ὖνομα
751 1882 889 1918 ὑπερύψη-

92 1926 141 1953 λον
152 1926 264 1962 ἔχοντας
276 1927 339 1959 τούς
349 1936 379 1954 τε
392 1928 524 1963 ἀγγέλους
534 1929 581 1956 καὶ
595 1929 659 1961 τοὺς
675 1929 889 1964 φιλοθεωτάτους

93 1972 256 2009 ἀνθρώπους
266 1973 374 2001 ἀπὸτοῦ
383 1975 554 2011 ἀσυγκρίτως
563 1975 781 2012 ὑπερϐεϐηκότος
790 1976 889 2007 αὐτοὺς

93 2018 164 2045 Θεοῦ
174 2027 181 2034 ·
199 2020 216 2054 ὴ
231 2021 285 2055 γὰρ
306 2019 437 2056 θεαρχικὴ
452 2021 600 2057 κρυφιότης
616 2022 786 2057 ὑπερουσίως
801 2022 887 2048 ἁπάν-

93 2073 151 2092 των
166 2065 306 2101 ἐξῄρηται,
317 2067 364 2093 καὶ
378 2067 564 2102 ὑπερίδρυται,
578 2068 624 2094 καὶ
634 2068 685 2094 οὐκ
693 2068 750 2094 ἔστι
764 2068 887 2104 τοιαύτη,

93 2112 134 2144 ('0;
155 2112 284 2140 δύνασθαί
298 2121 324 2139 τι
339 2113 393 2140 τῶν
417 2114 573 2150 κτισμάτων
595 2115 714 2151 ἐμφερὲς
733 2114 816 2147 εἶναι,
842 2117 889 2143 καὶ

94 2158 194 2190 ὁλικῶς
220 2159 249 2192 ἐξ
263 2159 371 2196 ἐκείνης
384 2160 581 2196 ὀνομάζεσθαι,
605 2161 697 2193 καθὼς
722 2162 738 2197 ἡ
762 2161 889 2193 ὑπόθεσις

94 2204 165 2240 ἔχει,
179 2205 220 2232 ὃτι
241 2206 296 2233 ἀπὸ
308 2206 362 2233 τῶν
376 2206 584 2242 ὑποϐεϐηκότων
600 2207 788 2243 ὀνομάζονται.
814 2209 846 2234 Τί
860 2208 888 2234 δὲ

94 2251 127 2277 τὸ
140 2251 241 2287 δνομα;
263 2253 336 2288 Ἐγὼ
351 2253 431 2286 εἶπα,
451 2254 517 2280 Θεοί
532 2254 613 2286 ἐστε,
644 2254 694 2281 καί
712 2254 772 2281 υἱοὶ
801 2255 888 2289 ’Υψι-

939 1655 1070 1685 quantum
1098 1649 1202 1685 angelis
1226 1650 1365 1685 competit.
1391 1650 1624 1684 Quemadmodum
1653 1653 1726 1679 enim

939 1696 1027 1732 angeli
1053 1696 1172 1724 divinam
1202 1699 1341 1730 exponunt
1365 1696 1554 1728 voluntatem,
1579 1698 1618 1724 sic
1643 1698 1726 1725 etiam

940 1741 1082 1777 pontiﬁces
1094 1748 1142 1776 per
1156 1741 1294 1768 doctrinas
1313 1747 1388 1768 suas.
1412 1740 1488 1774 Quod
1509 1741 1530 1768 si
1548 1742 1630 1769 etiam
1645 1749 1728 1776 opus

937 1787 1015 1821 juxta
1031 1787 1122 1815 illud:
1145 1787 1313 1822 Quacunque
1331 1787 1461 1822 fecerunt,
1486 1792 1512 1815 et
1541 1796 1600 1823 quia
1626 1788 1726 1816 docue-

940 1840 1013 1868 runt,
1030 1835 1082 1863 hoc
1097 1835 1194 1863 melius
1208 1840 1292 1870 atque
1306 1835 1458 1870 perfectum
1473 1840 1525 1863 est.

974 1880 1039 1916 §|ll.
1049 1881 1118 1914 Quin
1129 1881 1210 1908 etiam
1222 1882 1342 1915 reperies
1354 1881 1426 1908 aliud
1450 1882 1583 1916 quoddam
1597 1889 1726 1918 perquam

939 1927 1053 1955 sublime
1075 1934 1173 1954 nomen
1197 1932 1251 1954 tam
1281 1927 1393 1963 angelos
1415 1935 1497 1962 quam
1525 1928 1649 1956 homines
1673 1929 1729 1957 Deo

938 1973 1110 2008 gratissimos
1124 1974 1236 2006 habere,
1253 1973 1287 2001 ab
1307 1974 1367 2008 ipso
1383 1973 1513 2002 nimirum
1535 1975 1590 2002 Deo
1611 1975 1657 2011 qui
1675 1975 1729 2003 illis

938 2020 998 2048 sine
1010 2019 1216 2055 comparatione
1232 2020 1362 2056 praecellit
1379 2030 1385 2048 :
1401 2028 1462 2047 nam
1482 2028 1601 2048 arcatms
1621 2021 1665 2049 illc
1678 2022 1727 2050 Dei

939 2067 1107 2101 principatus
1122 2066 1388 2102 superessentialiter
1401 2067 1528 2095 omnibus
1542 2068 1653 2101 eminet,
1677 2077 1729 2096 διι-

940 2119 1041 2146 praque
1054 2112 1146 2139 omnia
1168 2112 1273 2139 locatus
1290 2116 1348 2144 est,
1367 2112 1533 2147 minimeque
1553 2113 1614 2141 talis
1631 2119 1683 2147 est,
1699 2120 1730 2142 ut

939 2165 974 2185 ex
998 2158 1080 2186 rebus
1104 2158 1206 2185 creatis
1226 2158 1366 2192 quidpiam
1392 2158 1416 2185 ei
1442 2159 1532 2186 simile
1547 2159 1591 2186 vel
1609 2167 1670 2187 esse
1685 2160 1728 2188 vel

939 2205 1051 2231 omnino
1066 2204 1121 2231 dici
1145 2209 1237 2239 queat,
1260 2209 1341 2239 prout
1356 2211 1389 2232 ea
1408 2205 1442 2232 ab
1455 2205 1727 2234 inﬁrioribusdcno-

941 2250 1038 2278 minari
1051 2251 1226 2286 supponitur.
1242 2251 1382 2284 Quodnam
1398 2259 1464 2280 vero
1474 2257 1517 2279 est
1535 2252 1654 2280 nomen?
1670 2253 1728 2288 Ego

94 2304 174 2324 στου
186 2297 296 2332 πάντες
305 2307 312 2313 ·
323 2299 403 2326 τοῦτο
414 2301 479 2336 περὶ
491 2300 546 2327 τῶν
555 2299 719 2336 ἀνθρώπων.
737 2301 792 2328 Καὶ
807 2301 885 2328 πάλιν

939 2297 996 2325 σίίωί
1007 2306 1017 2326 :
1028 2297 1075 2325 Dii
1087 2299 1159 2331 estis,
1182 2302 1207 2326 et
1219 2298 1271 2332 ﬁlii
1278 2298 1384 2326 Emeisi
1396 2307 1484 2327 omnes
1501 2299 1510 2319 ί
1528 2306 1536 2326 :
1560 2299 1612 2328 hoc
1627 2299 1662 2327 de
1678 2301 1728 2328 ho—

96 2343 145 2368 καὶ
160 2343 224 2379 περὶ
235 2344 289 2372 τῶν
303 2346 436 2381 ἀγγέλων,
451 2347 498 2373 καὶ
512 2347 577 2382 περὶ
588 2346 643 2374 τῶν
665 2346 825 2382 ἀνθρώπιον·
857 2347 888 2374 '0

96 2391 171 2424 Θεὸς
182 2391 257 2425 ἔστη
272 2392 307 2419 ἐν
319 2392 481 2428 συναγωγῇ
495 2392 571 2420 θεῶν
580 2413 587 2425 ,
608 2394 643 2420 ὲν
657 2393 741 2427 μέσῳ
758 2393 793 2420 δὲ
813 2394 888 2421 θεῶν

94 2438 184 2471 θεοὺς
203 2437 354 2472 διακρινεῖ,
373 2439 405 2465 Τί
420 2440 542 2475 φήσομεν
557 2440 621 2475 περὶ
631 2439 737 2472 τούτου,
752 2440 776 2466 εἰ
795 2440 832 2476 μὴ
846 2441 887 2467 ὅτι

92 2484 146 2510 ὅσα
161 2484 216 2510 τῶν
226 2484 325 2520 νοερῶν
339 2484 448 2511 πάντων
461 2485 583 2520 ἀγγέλων
594 2486 641 2512 καὶ
653 2485 770 2520 λογικῶν
782 2485 887 2521 ἀνθρώ-

92 2539 155 2558 ¹ιτων
179 2530 249 2566 πρὸς
272 2530 321 2566 τὴν
340 2530 436 2558 ἕνωσιν
460 2531 547 2566 αὐτῆς
568 2531 756 2567 ὲπέστραπται
776 2532 886 2564 «suum,

91 2576 293 2612 (Ἂταπήσεις
312 2577 367 2611 γὰρ
389 2578 442 2604 τὸν
464 2577 553 2609 Θεὸν,
575 2579 641 2613 φησὶ
663 2577 697 2604 τὰ
719 2577 766 2605 τοῦ
786 2578 889 2613 νόμου,

90 2623 128 2656 ἐξ
138 2623 215 2656 ὅλης
228 2622 283 2657 τῆς
297 2623 400 2658 ψυχῆς
410 2632 479 2656 σου,
494 2624 543 2652 καὶ
552 2623 587 2656 ἐξ
599 2624 674 2658 ὅλης
687 2624 743 2659 τῆς
752 2625 887 2658 διανοίας

90 2678 163 2702 σου,
183 2670 233 2696 καὶ
252 2670 286 2702 ἐξ
308 2670 383 2704 ὅλης
401 2670 456 2705 τῆς
472 2672 577 2705 ἰσχύος
594 2671 675 2706 σου·)
690 2673 737 2699 καὶ
754 2673 823 2708 πρὸς
839 2672 889 2705 τὰς

91 2716 169 2748 θείας
180 2716 266 2751 αὐτῆς
280 2716 437 2752 ὲλλάμψεις,
448 2717 517 2754 πλὴν
528 2718 589 2745 ὅσον
604 2718 677 2745 ἐστὶν
688 2719 810 2753 ἐφικτὸν,
818 2719 888 2746 ἁνα-

90 2763 244 2789 τείνονται·
269 2762 336 2789 ἀλλὰ
357 2764 403 2790 καὶ
419 2764 625 2800 ἀκαταλήκτως,
650 2765 693 2792 ἵνα
717 2765 754 2801 μή
779 2774 837 2795 πως
857 2764 888 2791 τὸ

91 2808 196 2842 ἀγαθὸν
212 2808 409 2845 μεσολαϐηθείη
424 2810 464 2846 τῷ
478 2811 592 2847 ἐναντίῳ
603 2820 610 2844 ;
621 2811 709 2848 πέρας
719 2811 772 2847 γὰρ
787 2811 888 2848 ἀρετῆς

130 2899 137 2918 ί
158 2899 231 2927 Psal.
245 2907 339 2932 Luxu,
351 2900 377 2927 6.
408 2901 429 2928 ,⁸
443 2900 521 2933 lbid.,
539 2901 565 2930 l.
583 2941 588 2945 .
603 2901 616 2922 δ
631 2901 707 2930 Deut.
721 2909 757 2936 τι,
773 2901 799 2928 ὕ.

213 2947 350 2978 Ρηιιοι..
383 2947 442 2978 Gn.
471 2947 527 2980 lll.

940 2345 1060 2373 minibus
1075 2346 1189 2379 dictum,
1204 2350 1232 2373 et
1254 2346 1354 2373 iterum
1374 2347 1457 2373 etiam
1478 2346 1512 2374 de
1527 2347 1632 2381 angelis
1656 2351 1684 2374 ct
1695 2347 1729 2374 da

940 2392 1115 2420 hominibus:
1133 2393 1202 2419 Deus
1217 2393 1287 2420 stetit
1303 2393 1330 2419 in
1351 2401 1486 2428 synagoga
1498 2393 1618 2426 deorum,
1633 2393 1659 2420 in
1672 2402 1724 2420 m2-

939 2439 983 2465 dio
1002 2445 1090 2466 autem
1120 2439 1229 2466 deorum
1248 2440 1310 2466 deos
1325 2439 1455 2474 dijudicat
1473 2441 1496 2467 ε.
1509 2440 1578 2474 Quid
1607 2440 1729 2468 ditentus

940 2485 974 2513 de
989 2486 1050 2518 hoc,
1065 2485 1118 2513 nisi
1142 2486 1216 2521 quod
1231 2486 1368 2520 spiritales
1381 2493 1475 2513 omnes
1486 2487 1576 2521 angeli
1588 2487 1727 2515 homines—

944 2540 997 2567 que
1019 2533 1167 2560 rationales
1184 2533 1217 2560 ad
1243 2533 1371 2560 unionem
1388 2533 1447 2568 ejus
1462 2532 1583 2560 totaliter
1602 2533 1728 2561 conversi

944 2579 999 2606 sint
1016 2578 1127 2614 (Diliges
1141 2577 1225 2617 enim,
1240 2578 1327 2613 inquit
1341 2578 1395 2611 lex,
1416 2578 1499 2605 Deum
1518 2586 1551 2605 ex
1562 2583 1619 2605 tota
1637 2579 1730 2604 anima

942 2630 1000 2658 tua,
1010 2630 1033 2651 et
1048 2633 1082 2652 ea;
1099 2629 1154 2651 tota
1172 2629 1256 2652 meme
1271 2630 1328 2658 tua,
1342 2629 1365 2652 et
1381 2633 1413 2652 ea:
1428 2626 1488 2652 totis
1509 2626 1607 2652 viribus
1620 2625 1672 2652 tuis
1689 2624 1728 2659 1³),

942 2677 972 2698 et
995 2672 1028 2699 ad
1051 2671 1157 2699 divinas
1181 2670 1240 2705 ejus
1264 2670 1470 2703 illustrationes,
1496 2677 1627 2705 quantum
1654 2670 1730 2698 scil.-

942 2723 987 2747 τοι
1005 2719 1063 2747 ﬁeri
1083 2724 1183 2754 potest,
1198 2719 1405 2754 expenduntur,
1430 2718 1512 2753 idque
1532 2717 1727 2750 indesinenter,

943 2773 977 2793 ne
991 2766 1131 2794 contrario
1146 2766 1237 2800 aliquo
1248 2765 1349 2793 bonum
1367 2764 1580 2799 intercipiatur?
1596 2763 1728 2790 terminus

942 2812 1013 2841 enim
1027 2813 1136 2841 virtutis
1151 2811 1255 2840 malitia
1272 2815 1324 2845 est,
1346 2811 1421 2846 juxta
1440 2810 1506 2838 illud
1521 2819 1529 2837 :
1548 2809 1640 2838 Omnis
1664 2815 1729 2836 con-

1533 2946 1567 2975 10
