1933 3075
91 170 153 198 σαι

599 169 643 197 DE
659 169 820 198 C(ELESTI
838 169 1057 202 IHERARCH'IA,
1075 170 1150 199 CAP.
1169 171 1234 203 ΧΙΙΙ,

1676 174 1729 201 31η

94 229 151 255 ἐπὶ
171 227 259 254 πάντα
274 227 393 261 φοιτῶσα
406 229 499 263 χωρεῖ,
523 229 569 254 καὶ
582 228 626 254 διὰ
648 229 756 255 πάντων
772 227 885 263 ἀσχέτως

946 229 1081 262 quomodo
1097 229 1136 256 vis
1158 229 1203 256 illa
1231 229 1277 256 Dei
1301 230 1472 265 principalis.
1500 239 1561 259 cum
1587 233 1620 259 ad
1640 235 1729 260 uninia

93 275 204 309 διήκει,
222 275 269 301 καὶ
286 274 369 301 πᾶσιν
393 273 472 306 αὖθίς
493 276 569 301 ἐστιν
583 276 700 311 ἀφανὴς,
715 275 745 302 οὐ
763 275 842 310 μόνον
857 275 895 306 ὡς

95 321 215 347 πάντων
229 320 395 356 ὑπερουσίως
411 320 653 357 ἑξῃρημένη,ἀλλὰ
667 321 714 347 καὶ
723 321 761 352 ὡς
773 321 895 357 κρυφίως

94 367 149 393 ἐπὶ
159 367 265 398 πάντας
274 368 297 383 ⁹⁶
304 367 390 394 διεῖσα
400 367 449 399 τὰς
459 367 641 402 πῳνοητικάς
648 367 734 402 αὐτῆς
744 367 894 403 ἐνεργείας,

95 413 171 440 ἀλλά
186 413 238 449 μὴν
254 414 299 440 καὶ
319 415 386 440 πᾶσι
405 415 460 446 τοῖς
478 415 579 450 νοεροϊς
599 413 736 447 ἀναλόγως
755 413 894 448 ἐπιφαίνε-

95 468 157 491 ται,
174 461 222 486 καὶ
235 460 283 496 τὴν
297 460 400 487 οἰκείαν
415 460 578 495 φωτοδοσίαν
592 460 615 476 ⁸⁷
630 459 821 496 ὲγχειρίζουσα
834 462 893 492 ταῖς

95 506 305 541 πρεσϐυτάταις
318 507 423 538 οὐσίαις
433 527 440 538 ,
459 507 492 534 δι’
507 506 596 534 αὐτῶν
610 507 648 538 ὡς
662 506 780 542 πρώτων
791 507 831 538 είς
845 506 894 538 τὰς

96 550 306 586 υποῦεὸηκυίας
320 551 389 587 αὑτὴ
400 551 540 587 εὐκόσμως
555 551 690 578 διαδίδωσι
705 552 739 583 ’⁸,
759 551 830 578 κατὰ
844 551 893 586 τὴν

96 596 222 632 ἑκάστης
235 597 440 633 διακοσμήσεως
455 597 599 633 θεοπτικὴν
618 598 802 633 συμμετρίαν·
816 598 832 633 ἢ
848 598 892 624 ἵνα

96 643 268 679 σαφέστερον
282 644 361 676 εἴπω,
377 645 424 671 καὶ
437 644 469 670 δι’
480 645 587 671 οἰκείων
598 645 836 680 παραδειγμάτων,
856 644 892 679 (εἰ

93 690 147 716 καὶ
167 690 333 716 ἀποδεόντων
346 690 413 717 Θεοῦ
427 690 475 718 τοῦ
488 691 596 718 πάντων
621 691 802 727 ὲξῃρημένου,
823 690 893 726 πλὴν

92 737 166 772 ἡμῖν
182 736 402 772 έμφανεστέρων)
419 737 436 772 ἠ
451 737 501 773 τῆς
515 737 630 772 ἡλιακῆς
646 738 668 753 ’³
684 737 791 769 ἀκτῖνος
804 737 891 764 διάδο-

95 790 143 813 σις
157 783 199 814 είς
220 782 331 818 πρώτην
353 782 418 818 ὕλην
431 783 587 815 εὐδιαδότως
605 784 706 818 χωρεῖ,
725 783 775 819 τὴν
797 782 892 809 πασῶν

93 828 290 864 διειδεστέραν,
310 830 356 856 καὶ
369 830 401 856 δι’
420 830 503 865 αὐτῆς
516 830 717 865 ἐμφανέστερον
735 829 890 864 ἀναλάμπει

94 874 148 906 τὰς
163 875 266 907 οἰκείας
281 875 465 911 μαρμαρυγάς
475 884 481 891 ·
498 875 705 911 προσϐάλλουσα
718 875 747 901 δὲ
761 876 821 907 ταῖς
837 884 890 902 πα-

950 274 1100 301 emanandu
1112 274 1235 308 pertinge
1241 279 1292 308 ret,
1303 275 1443 311 libereque
1453 282 1550 305 cuncta
1566 286 1728 313 perniearct,

949 319 1031 346 etiam
1046 324 1102 346 tum
1118 324 1207 347 tamen
1223 319 1350 347 omnibus
1370 321 1572 356 inaspectabilis
1587 324 1728 356 existeret.

950 372 1003 392 non
1031 364 1119 392 solum
1149 370 1285 400 quatenus
1314 367 1580 400 superessentialiter
1603 369 1728 397 omnibus

949 410 1095 442 antecellit,
1112 418 1204 439 vermn
1223 412 1303 439 etiam
1321 411 1347 438 in
1363 417 1493 446 quantum
1515 414 1622 441 occulte
1637 416 1727 442 omnia

948 457 1125 491 providentia:
1139 465 1194 486 Sua:
1209 462 1331 492 penetrat
1347 458 1426 493 112
1435 459 1592 493 operatione
1606 471 1611 487 :
1623 462 1729 488 cunctis

948 501 1012 529 item
1027 503 1132 530 naturis
1146 503 1315 538 spiritalibus
1328 511 1376 538 pro
1390 504 1522 539 cujusque
1539 505 1648 533 modulo
1665 506 1728 533 illu-

946 553 1001 580 cet,
1018 548 1135 583 dumque
1151 549 1349 584 antiquissimis
1362 549 1416 577 illis
1435 551 1577 585 spiritibus
1591 551 1660 580 lucis
1673 560 1729 580 sua:

948 593 1038 621 radios
1058 595 1191 628 immittit,
1207 603 1257 630 per
1281 597 1401 627 eosdem,
1415 601 1506 630 utpote
1526 598 1640 632 primus,
1658 598 1728 626 infc-

947 639 1065 668 rioribus
1084 648 1214 676 perquam
1230 642 1353 670 ordinate
1368 651 1397 671 se
1412 644 1450 672 ad
1472 650 1581 679 captum
1597 645 1728 679 cujusque

945 687 1050 715 ordinis
1070 695 1103 715 ac
1127 689 1327 724 contemplandi
1352 690 1508 719 facultatem
1531 693 1666 726 dispertit.
1693 692 1728 720 Ut

945 737 1035 760 autem
1054 733 1142 761 dicam
1165 734 1286 768 clarius.
1309 737 1441 771 exemplis
1464 742 1526 765 utar
1547 738 1727 767 familiaribus

945 778 1017 811 (qua:
1031 779 1136 806 tametsi
1160 779 1224 812 Deo,
1241 780 1286 815 qui
1301 783 1410 810 cunctis
1422 783 1533 816 eminet,
1546 792 1598 812 non
1613 785 1648 811 ita
1662 792 1722 812 con—

944 828 1052 857 gruant,
1061 825 1139 852 nobis
1154 829 1242 853 tamen
1255 826 1375 860 (dattiura
1388 829 1473 863 sunt).
1483 829 1587 864 solaris,
1604 830 1724 866 inquam,

944 868 1011 896 radii
1029 869 1136 897 diﬂ‘usio
1151 872 1291 899 materiam
1303 873 1354 900 sibi
1375 875 1527 908 proximam
1538 895 1545 908 ,
1559 876 1658 911 quippe
1672 885 1725 904 ca:-

94 920 228 955 χυτέραις
254 907 348 952 ὕλαις,
373 907 559 957 ἀμυδροτέραν
587 920 642 956 ἔχει
663 921 712 957 τὴν
738 920 885 957 διαδοτικὴν

941 915 1005 942 leris
1032 914 1216 949 liquidioer,
1244 907 1382 947 facillime
1398 920 1517 955 trajicit,
1541 907 1576 949 οι.-
1592 907 1640 957 per
1662 931 1723 950 eam

94 965 270 1000 ὲπιφάνειαν,
287 967 320 993 ὲκ
331 967 381 1002 τῆς
392 967 446 994 τῶν
462 967 652 1003 φιιγτιζομένων
665 966 735 994 ὑλῶν
745 967 814 1003 πρὸς
832 976 889 1002 φω-

93 1012 222 1039 τοδοσίαν
237 1012 275 1029 ‘”
289 1013 537 1049 διαπορθμευτικὴν
551 1013 607 1046 ἕξιν
629 1014 888 1049 ἀνεπιτηδειότητος,

93 1057 146 1084 καὶ
157 1056 228 1084 κατά
243 1058 357 1093 σμικρὸν
373 1059 405 1085 ἐκ
419 1058 513 1085 τούτου
528 1059 597 1094 πρὸς
607 1059 638 1086 τδ
649 1059 758 1091 τελείως
772 1060 781 1075 ¹
798 1060 890 1094 σχεδὸν

94 1102 237 1130 ἀδιάδοτον
269 1103 451 1131 συστέλλεται.
484 1104 568 1132 Πάλιν
595 1106 612 1141 ἡ
641 1105 726 1142 πυρὸς
755 1105 890 1142 θερμότης

96 1149 200 1184 μᾶλλον
220 1149 318 1185 ἑαυτὴν
340 1149 490 1177 διαδίδωσιν
509 1152 549 1184 εἰς
572 1152 606 1178 τὰ
625 1152 819 1188 δεκτικώτερα,
843 1154 890 1180 καὶ

94 1195 167 1230 πρὸς
186 1194 237 1230 τὴν
255 1195 341 1230 αὐτῆς
361 1195 528 1231 ἀφομοίωσιν
550 1196 659 1224 εὕεικτα
679 1198 726 1225 καὶ
742 1198 886 1232 ἀνάγωγα·

93 1240 167 1276 πρὸς
186 1240 215 1266 δὲ
233 1240 282 1272 τὰς
302 1241 457 1272 ἀπιτυπεῖς
475 1241 600 1273 ἐναντίας
619 1242 629 1257 ¹
641 1241 761 1277 οὐσίαςῆ
776 1242 849 1269 οὐδὲν
871 1243 887 1278 ἢ

93 1285 216 1321 ἀμυδρόν
237 1294 264 1312 τι
279 1285 331 1320 τῆς
354 1286 544 1322 ὲκπυριιγτικῆς
562 1286 701 1321 ἐνεργείας
725 1286 797 1322 ῐχνος
820 1288 887 1314 ἀνα-

94 1331 237 1365 φαίνεται·
255 1332 302 1358 καὶ
322 1331 353 1358 τὺ
370 1332 466 1358 τούτου
482 1341 513 1367 γε
535 1332 636 1364 πλεῖον,
657 1333 697 1360 ὅτι
711 1334 772 1365 ταῖς
791 1342 889 1368 συγγε-

93 1378 154 1404 νέσι
169 1377 212 1404 διὰ
226 1378 280 1404 τῶν
294 1378 401 1410 οἰκείως
428 1377 496 1414 πρὸς
513 1378 596 1414 αὐτὴν
619 1379 733 1414 ἐχόντων
753 1380 888 1415 προσϐάλ-

94 1422 148 1455 λει,
177 1422 302 1459 πρῶτον,
331 1424 354 1450 εί
383 1422 460 1458 τύχοι
485 1423 595 1460 πυρώδη
622 1423 737 1452 ποιοῦσα
759 1425 793 1452 τὰ
820 1427 888 1462 πρὸς

93 1468 251 1504 ἐκπύρωσιν
268 1468 442 1500 εὐαλλοίωτα,
456 1468 503 1495 καὶ
514 1468 547 1495 δι’
563 1468 653 1495 αὐτῶν
666 1469 682 1505 ἢ
697 1469 778 1506 ὕδωρ,
796 1470 812 1506 ἢ
831 1471 888 1498 ἓτε-

94 1515 144 1550 ρόν
157 1523 185 1541 τι
207 1514 262 1542 τῶν
290 1515 340 1542 οὐκ
368 1514 486 1547 εὐκόλως
511 1515 720 1550 ὲκπυρουμένων
750 1516 888 1550 ἀναλόγως

939 960 1143 988 coruscationes
1157 969 1222 989 suas
1237 963 1339 991 clarius
1352 965 1511 998 succendit;
1526 974 1620 995 verum
1637 968 1683 995 ubi
1696 969 1723 995 in

940 1006 1079 1034 densiores
1098 1007 1204 1042 aliquas
1224 1009 1353 1037 materias
1372 1010 1514 1045 inciderit,
1537 1013 1723 1041 obscuriorem

940 1054 1060 1079 cernitur
1073 1053 1173 1080 habere
1197 1054 1310 1082 luminis
1330 1055 1517 1091 diﬂ‘usionem,
1539 1059 1573 1086 ob
1593 1059 1724 1086 materia-

941 1104 1011 1130 rum,
1028 1105 1087 1132 qua:
1107 1097 1292 1128 illuminanda
1311 1106 1384 1135 sunt,
1409 1102 1443 1129 ad
1459 1102 1551 1130 lumen
1568 1102 1723 1132 diffunden-

939 1141 1002 1169 dum
1020 1143 1244 1178 ineptiludiuem;
1260 1151 1341 1181 atque
1353 1148 1415 1176 inde
1427 1149 1526 1176 sensim
1542 1150 1575 1176 ad
1592 1151 1643 1178 hoc
1657 1158 1722 1178 con-

941 1188 1069 1221 trahitur,
1085 1194 1114 1217 ut
1129 1191 1173 1217 vix
1196 1191 1266 1219 ultra
1287 1193 1411 1221 distribui
1431 1193 1486 1228 jam
1508 1196 1603 1230 possit.
1621 1197 1720 1224 Eodem

940 1235 1018 1262 modo
1032 1235 1106 1263 calor
1118 1236 1186 1272 ignis
1202 1239 1288 1274 magis
1299 1246 1328 1266 se
1341 1238 1464 1268 dill'undit
1478 1241 1505 1268 in
1519 1248 1552 1269 ea
1564 1249 1622 1276 quae
1636 1243 1722 1277 ipsius

938 1285 1002 1308 sunt
1018 1282 1174 1316 capacior-a,
1192 1288 1220 1310 et
1236 1283 1269 1311 ad
1285 1284 1344 1320 ejus
1362 1286 1567 1315 similitudinem
1581 1287 1662 1316 facile
1675 1297 1721 1317 ce-

939 1326 1016 1360 dunt,
1035 1332 1063 1354 et
1087 1328 1277 1363 adducuntur;
1294 1337 1388 1358 verum
1405 1331 1433 1358 in
1460 1333 1565 1361 naturis
1585 1334 1622 1361 illi
1650 1335 1721 1362 relu-

938 1375 1077 1403 ctantibus
1088 1377 1281 1410 contrariisve.
1294 1379 1336 1406 vel
1346 1379 1449 1407 nullum
1462 1386 1509 1409 aut
1522 1383 1592 1410 exile
1604 1383 1721 1413 emt-aci-

939 1419 1005 1446 tatis
1019 1421 1077 1455 ejus
1093 1421 1179 1457 igneae
1202 1423 1346 1459 vestigium
1368 1431 1496 1460 apparet;
1521 1428 1647 1464 quodque
1668 1431 1721 1459 huc

939 1465 1025 1500 majus
1038 1471 1090 1500 est,
1105 1468 1132 1495 in
1153 1475 1184 1496 ea
1207 1477 1266 1504 qu:e
1290 1478 1342 1497 non
1367 1476 1431 1499 sunt
1456 1473 1577 1508 ejusdem
1601 1478 1721 1510 generis,

939 1519 988 1546 per
1001 1512 1046 1539 illa
1059 1521 1119 1547 qua:
1132 1515 1248 1549 ipsijam
1262 1518 1465 1546 accommodata
1479 1525 1543 1547 sunt
1556 1528 1586 1548 se
1609 1524 1719 1557 ingerit,

94 1561 289 1597 θερμαίνουσα.
304 1561 383 1588 Κατὰ
393 1561 438 1588 τὸν
451 1561 531 1588 αὐτὸν
543 1559 589 1589 οὖν
602 1562 652 1596 τῆς
675 1563 792 1598 φυσικῆς
808 1563 885 1590 εὐτα-

940 1557 975 1584 ita
993 1560 1164 1593 utprimum,
1179 1561 1201 1588 si
1217 1561 1253 1588 ita
1269 1570 1312 1590 res
1328 1562 1407 1596 ferat,
1426 1564 1504 1600 ignea
1518 1564 1600 1594 faciat
1612 1575 1644 1595 ea
1660 1576 1721 1603 quae

95 1607 155 1640 ξίας
178 1607 255 1642 λόγον
276 1607 421 1644 ὑπερφυῶς
444 1609 461 1644 ἡ
490 1608 580 1644 πάσης
617 1608 764 1644 εὐκοσμίας
786 1609 885 1644 ὁρατῆς

92 1654 141 1681 καὶ
159 1654 277 1689 ἀοράτου
299 1653 444 1689 ταξιαρχία
471 1654 520 1690 τὴν
534 1653 584 1689 τῆς
600 1654 702 1686 οἰκείας
721 1655 885 1689 φωτοδοσίας

93 1698 272 1734 λαμπρότητα
292 1698 477 1735 πρωτοφανῶς
491 1700 519 1726 ὲν
535 1699 692 1732 πανολϐίαις
708 1699 805 1734 χύσεσι
824 1701 884 1732 ταῖς

95 1743 260 1779 ὑπερτάταις
271 1744 376 1776 οὐσίαις
390 1743 542 1778 ἀναφαίνει,
559 1744 606 1770 καὶ
615 1744 660 1771 διὰ
673 1744 775 1771 τούτων
785 1746 813 1771 αἱ
826 1747 883 1780 μετ’

95 1789 180 1821 αὑτὰς
201 1789 290 1817 οὐσίαι
311 1790 360 1826 τῆς
384 1789 459 1822 θείας
479 1790 587 1822 ἀκτῖνος
609 1790 776 1826 μετέχουσιν.
800 1789 884 1819 Δῦται

94 1835 159 1871 γὰρ,
185 1835 345 1870 ὲπιγνοῦσαι
373 1836 481 1872 πρῶται
507 1836 591 1868 Θεὸν,
614 1837 660 1863 καὶ
684 1836 760 1869 θείας
784 1837 883 1873 ἀρετῆς

93 1882 298 1917 ὑπερκειμένως
318 1882 476 1917 ἐφιέμεναι,
500 1882 547 1909 καὶ
562 1883 733 1918 πρωτουργοὶ
756 1882 881 1916 γενέσθαι

93 1927 153 1962 τῆς,
165 1928 203 1959 ὡς
216 1928 335 1962 ἐφικτὸν,
351 1927 516 1963 θεομιμήτου
531 1928 670 1963 δυνάμεως
683 1930 730 1956 καὶ
743 1929 882 1964 ἐνεργείας

94 1972 232 2008 ἠξίωνται,
246 1973 294 2001 καὶ
309 1974 357 2006 τάς
374 1975 432 2010 μετ’
447 1975 530 2006 αὐτὰς
545 1975 637 2006 οὐσίας
650 1975 730 2002 αὑταὶ
745 1976 755 1991 ³
769 1976 836 2011 πρὸς
851 1976 882 2003 τὺ

95 2019 257 2055 ἐφάμιλλον,
279 2021 329 2055 ὅση
351 2020 475 2056 δύναμις,
498 2021 663 2055 ἀγαθοειδῶς
686 2022 880 2055 ἀνατείνουσιν,

95 2064 216 2101 ἀφθόνως
229 2066 324 2098 αὑταῖς
350 2066 535 2102 μεταδιδοῦσαι
547 2068 597 2103 τῆς
616 2067 657 2099 εἰς
677 2068 760 2100 αὑτὰς
774 2069 880 2103 ἐπιφοι-

95 2112 215 2148 τησάσης
229 2113 335 2149 αἴγλης,
353 2113 400 2141 καὶ
413 2112 491 2146 αὖθις
505 2114 607 2141 ἐκεῖναι
625 2116 685 2146 ταῖς
701 2115 861 2151 ὑφειμέναις
871 2124 877 2129 ·

96 2159 141 2184 καὶ
152 2158 213 2185 καθ’
223 2159 341 2195 ἑκάστην
355 2160 372 2195 ἡ
394 2159 489 2195 πρώτη
501 2160 535 2195 τῇ
553 2160 612 2195 μετ’
623 2160 707 2195 αὐτὴν
720 2160 879 2194 μεταδίδωσι

937 1603 1016 1632 facile
1039 1605 1192 1641 ignescunt,
1209 1612 1293 1642 atque
1316 1608 1349 1636 iis
1371 1609 1515 1644 adhibitis,
1537 1617 1585 1639 aut
1608 1620 1717 1648 aquam.

935 1654 984 1677 aut
1000 1651 1104 1686 aliquid
1129 1652 1202 1680 aliud
1226 1661 1321 1681 eorum
1352 1663 1412 1690 quae
1435 1656 1717 1693 dimeileiignescuut.

936 1697 1031 1724 eodem
1041 1698 1121 1726 modo
1130 1699 1282 1727 calefaciat.
1298 1701 1452 1729 Secundum
1465 1703 1534 1731 lianc
1548 1704 1628 1740 igitur
1639 1711 1703 1734 natu
1712 1722 1718 1726 -

936 1742 999 1770 ralis
1013 1744 1117 1772 ordinis
1131 1745 1277 1779 rationem,
1295 1749 1540 1781 supernatunliter
1555 1751 1615 1778 fone
1628 1753 1719 1782 omnis

934 1789 1048 1822 ordinis,
1065 1797 1126 1817 cum
1142 1791 1258 1819 visibilis
1273 1795 1328 1819 tum
1343 1793 1490 1822 invisibilis
1505 1795 1717 1832 distributionis,

934 1835 1051 1869 propriae
1084 1836 1258 1871 splendorem
1288 1838 1479 1868 illustrationis
1505 1842 1718 1876 ptimordiuliter

933 1888 982 1915 per
1001 1881 1118 1910 inﬂuxus
1142 1883 1316 1911 beatissimos
1341 1886 1477 1919 supremis
1505 1886 1565 1916 istis
1590 1891 1716 1919 essentiis

934 1928 1101 1961 manifestat,
1117 1933 1144 1956 et
1158 1936 1207 1963 per
1227 1929 1287 1957 illas
1305 1930 1419 1966 reliquae
1444 1932 1571 1970 deinceps
1593 1936 1713 1964 divinum

933 1975 1015 2003 istum
1039 1976 1145 2004 radium
1172 1977 1346 2012 participant.
1373 1978 1420 2006 Hae
1443 1987 1517 2008 cum
1541 1989 1604 2009 cum
1619 1983 1715 2018 prima:

932 2021 1018 2049 Deum
1033 2028 1225 2058 agnoscerent,
1245 2024 1400 2059 divinaeque
1423 2027 1530 2054 virtutis
1557 2027 1616 2062 ejus
1638 2029 1711 2058 desi-

932 2066 1008 2094 derio
1022 2075 1128 2096 summo
1144 2072 1310 2102 tenerentur,
1332 2071 1383 2098 hoc
1394 2071 1476 2098 etiam
1493 2078 1623 2101 assecuta:
1636 2081 1712 2109 sunt,

932 2117 961 2139 ut
973 2113 1069 2147 prima:
1080 2115 1114 2141 ad
1129 2114 1229 2142 divmae
1244 2117 1387 2150 potestatis
1410 2121 1493 2152 atque
1510 2119 1627 2146 actionis
1650 2120 1713 2148 inii-

931 2159 1060 2187 tationem
1083 2167 1133 2195 pro
1157 2165 1238 2195 captu
1268 2169 1317 2189 suo
1344 2163 1533 2197 pervenirent;
1557 2166 1712 2201 eaedemque

95 2208 141 2235 τοῦ
152 2209 320 2245 δωρουμένου
330 2229 337 2241 ,
353 2210 399 2236 καὶ
419 2210 458 2241 είς
473 2210 562 2241 πάσας
584 2209 720 2244 ἀναλόγως
734 2211 745 2226 ⁸
767 2211 878 2247 προνοίᾳ

942 2205 1075 2233 inferiores
1095 2206 1130 2233 ad
1143 2206 1267 2234 eamdem
1287 2207 1476 2240 imitationem,
1497 2216 1626 2244 quantum
1647 2220 1710 2247 pos-

96 2244 282 2291 διαφοιτῶντος
301 2255 372 2282 θείου
392 2256 489 2290 φωτός.
513 2257 606 2283 Ἔστιν
628 2255 675 2283 οὖν
697 2257 707 2271 ³
725 2244 810 2283 ἅπασι
822 2244 878 2288 τοῖς

938 2256 1003 2285 ient,
1017 2251 1133 2287 benigne
1156 2258 1358 2287 promoverent,
1375 2254 1437 2282 dim
1450 2255 1552 2290 absque
1567 2244 1668 2284 invidia
1685 2259 1710 2284 in

97 2301 288 2338 φωτιζομένοις
301 2302 374 2338 ἀρχὴ
386 2302 434 2329 τοῦ
450 2302 617 2337 φωτίζεσθαι
634 2302 700 2335 Θεὸς
718 2304 767 2338 μὲν
787 2303 878 2338 φύσει,

930 2298 991 2325 illas
1012 2298 1105 2326 inditae
1127 2298 1179 2326 sibi
1202 2298 1271 2327 lucis
1293 2305 1397 2334 partem
1421 2301 1566 2335 derivant,
1593 2304 1712 2339 ipsaeque

97 2347 141 2374 καὶ
155 2342 263 2379 δντως,⁶
270 2347 316 2373 καὶ
338 2347 450 2383 κυρίως,
463 2347 501 2379 ὡς
522 2347 610 2382 φωτὸς
624 2347 712 2380 οὐσία,
725 2348 772 2374 καὶ
793 2347 876 2375 αὐτοῦ

938 2344 1051 2372 Iicissim
1075 2345 1102 2372 in
1117 2345 1278 2379 interiores;
1301 2350 1383 2382 atque
1403 2347 1439 2374 ita
1454 2348 1609 2383 sigillatim,
1624 2350 1710 2385 prima

96 2395 140 2422 τοῦ
158 2393 227 2422 εἶναι
242 2397 289 2423 καὶ
305 2397 372 2432 όρᾷν
401 2397 499 2429 αῐτιος·
522 2397 596 2424 θέσει
615 2397 643 2423 δὲ
668 2397 714 2424 καὶ
742 2396 876 2433 θεομιμή-

96 2450 147 2474 τως
161 2442 172 2458 ⁸
187 2443 204 2478 ἡ
218 2442 288 2469 κατά
302 2443 384 2478 μέρος
397 2443 580 2479 ὑπερκειμένη
594 2444 627 2478 τῇ
643 2443 700 2478 μετ’
714 2441 798 2478 αὐτὴν
812 2443 876 2469 ἑκά-

98 2496 155 2526 στῃ,
173 2488 213 2524 τῷ
232 2489 266 2516 τὰ
280 2489 339 2516 θεῖα
360 2489 438 2525 φῶτα
455 2489 487 2516 δι’
501 2489 586 2525 αὐτῆς
603 2490 643 2521 εἰς
661 2488 767 2524 ἐκείνην
781 2489 877 2523 ἐποχε-

97 2535 227 2562 τεύεσθαι.
236 2534 291 2571 Τὴν
301 2535 349 2562 οὖν
361 2535 515 2572 ὑπερτάτην
526 2535 580 2562 τῶν
594 2534 725 2570 οὐρανίων
736 2534 803 2561 νοῶν
820 2534 878 2560 δια-

97 2582 226 2617 κόσμησιν
243 2582 272 2608 αί
294 2582 348 2609 τῶν
369 2581 468 2608 λοιπῶν
492 2581 618 2609 ἀπάντων
644 2581 767 2616 ἀγγέλων
789 2581 877 2607 οὐσίαι

97 2628 163 2655 κατά
185 2628 216 2654 τὸ
240 2628 312 2660 εἰκὸς
339 2629 408 2663 μετά
429 2628 495 2654 Θεὸν
515 2628 602 2663 ἀρχὴν
619 2628 750 2663 ἡγοῦνται
786 2627 877 2662 πάσης

929 2391 980 2418 sibi
995 2393 1148 2426 proximam
1161 2393 1219 2428 ejus
1237 2394 1308 2428 quod
1323 2394 1375 2421 sibi
1387 2394 1479 2422 datum
1492 2399 1535 2422 est
1550 2396 1708 2431 participem

927 2437 1005 2471 facit,
1022 2441 1116 2473 sicque
1130 2446 1179 2474 per
1191 2440 1391 2474 providentiam
1407 2441 1434 2468 in
1448 2448 1542 2469 onnu-s
1555 2450 1603 2476 pio
1617 2444 1708 2475 (ujtis—

929 2492 982 2520 que
992 2490 1073 2519 captu
1084 2485 1176 2512 divina
1190 2485 1234 2512 lux
1246 2486 1427 2516 distribuitur.
1440 2486 1487 2514 Est
1498 2487 1578 2522 igitur
1589 2495 1709 2516 omnum

930 2539 990 2566 quae
1006 2531 1177 2558 illustrantur
1198 2531 1368 2559 illuminandi
1386 2533 1550 2567 principium
1563 2533 1634 2561 Deus
1648 2536 1709 2568 qui-

931 2578 992 2604 dem
1025 2583 1134 2610 natura,
1158 2582 1186 2604 et
1210 2584 1304 2606 revera
1328 2579 1434 2613 proprie
1452 2583 1481 2606 ut
1498 2579 1565 2607 lucis
1583 2581 1711 2612 essentia,

932 2625 1072 2660 ipsiusque
1083 2629 1202 2652 statuset
1213 2626 1363 2660 aspectus]
1370 2625 1419 2660 13
1428 2631 1524 2653 auctor
1533 2635 1538 2653 :
1547 2627 1710 2655 exinstituto

732 2702 850 2730 VARUE
870 2701 1071 2730 LECTIONES.

102 2783 105 2785 .
126 2765 146 2780 ³⁸
160 2772 204 2799 γρ.
218 2763 317 2790 πάντα.

380 2763 403 2779 ’τ
418 2763 464 2790 καὶ
475 2762 523 2798 τὴν
534 2761 637 2798 οἰκείαν
651 2762 721 2798 papa
732 2759 1035 2798 _<pto1080cria_v,_ClI:_D.
1072 2759 1095 2774 ’⁸
1109 2760 1149 2798 είς
1159 2759 1209 2798 τὰς
1225 2759 1426 2798 ὑποβεϐηκυίας
1449 2759 1546 2798 ἑαυτὴν
1569 2759 1711 2795 εὐκόσμως

96 2794 235 2830 διαδίδωσι,
255 2800 289 2834 υι
302 2799 397 2834 αὐτήν,
409 2798 445 2834 iS.
458 2794 569 2834 ἑαυτήν,
585 2797 613 2834 P_.
628 2794 696 2834 αὐτῆ
713 2794 964 2834 εὐκόσμως-αὑτῷ,
979 2794 1137 2834 Μηοιιῃιιυ.
1162 2796 1260 2834 ξεοιιιξ
1288 2796 1362 2834 l'ficit,
1393 2803 1454 2834 cum
1484 2796 1617 2834 impresso
1644 2794 1708 2834 sar.

96 2836 116 2851 ”
128 2836 166 2862 δτι
178 2835 194 2870 ἡ
206 2829 256 2869 τῆς
267 2829 394 2869 ἡλιακῆξέ
406 2833 459 2870 Ρι,
478 2833 512 2848 ¹⁰⁶
528 2829 707 2870 φφτρδοεῖέαςὲγ
717 2832 746 2858 δι
762 2829 904 2870 Ρ-ζυ-.ξο-
921 2831 980 2870 δεῖ·
1040 2829 1148 2870 “We
1167 2829 1199 2869 υτ

1250 2830 1266 2864 ’_
1276 2829 1325 2860 τὰς
1341 2829 1502 2860 ἀντιτύπους
1530 2829 1546 2864 ῆ
1574 2830 1708 2862 ἐναντίας,

97 2872 122 2897 ὃ.
135 2870 162 2896 Ρ.
185 2862 214 2895 ί).
235 2862 285 2896 Ειιῖ
302 2862 391 2896 Sam.“
404 2869 414 2884 ³
428 2866 518 2899 αὗται,
534 2862 569 2894 ’5.
587 2868 616 2894 Ρ.
637 2867 666 2894 υ.
679 2868 730 2894 CII.
768 2866 778 2880 ‘
793 2866 925 2900 ἀναλόγῳ,
942 2864 972 2892 D.
986 2865 1036 2892 Uli.
1075 2864 1085 2879 ⁵
1103 2864 1161 2891 ἔστι
1175 2864 1226 2900 μὲν
1240 2862 1295 2898 οὖν,
1313 2864 1364 2893 Ch.
1402 2864 1412 2879 ⁸
1424 2865 1502 2891 Θέσει
1515 2862 1553 2895 δὲ’,
1568 2865 1711 2901 καὶρὒοει-

95 2906 149 2940 δὼς,
164 2905 198 2933 Μ.
212 2904 335 2936 θεοειδῶς
351 2904 378 2931 δὲ
391 2905 437 2931 καὶ
452 2904 633 2940 θεομιμήτως,
650 2903 678 2929 S.
698 2905 743 2929 bc.
