1933 3075
218 157 269 185 ’5οό

805 154 834 183 S.
853 154 1000 183 DIONYSII
1017 155 1246 185 AREOPAGITAS

1781 161 1825 188 504

218 220 309 243 autem
340 214 442 249 Deique
463 214 616 242 imitatione
629 234 637 247 ,
660 213 788 249 qutelibet
821 214 948 249 superior
968 222 993 242 et

1055 216 1129 252 ἱερᾶς
1144 216 1308 252 θεογνωσίας
1317 226 1347 244 τε
1360 218 1407 245 καὶ
1420 218 1610 254 θεομιμησίας,
1622 219 1660 251 ὡς
1675 219 1709 246 δι’
1727 220 1827 247 ἐκείνων

217 267 295 297 parte
309 259 454 295 cujuslibet
469 260 620 293 inferioris,
634 261 667 287 ad
681 267 762 295 quam
775 260 835 296 ejus
850 260 1000 288 interventu

217 308 310 336 divina
325 307 428 335 lumina
444 307 629 342 trajiciuntur.
647 307 808 341 Supremam
824 307 905 341 igitur
917 306 1001 335 cccle-

216 354 298 382 stium
323 353 564 388 intelligentiarum
590 353 816 387 dispositionem,
838 358 999 380 cacterorum

216 399 375 434 angelorum
401 399 521 426 omnium
553 399 697 431 essentia,
728 398 790 432 jure
816 399 912 426 merito
940 403 1002 433 post

217 446 311 478 Deum,
326 445 416 472 omnis
430 450 611 473 sacrosanctae
629 444 676 471 Dei
689 444 852 478 cognitionis
869 443 999 472 imitatio-

217 491 314 525 nisque
339 490 501 525 principium
515 497 575 518 esse
590 493 723 522 censent,
742 489 814 524 quod
835 497 884 524 per
897 489 957 516 illas
972 490 999 516 in

215 545 311 565 omnes
324 537 357 564 ad
373 544 422 564 nos
437 544 522 571 usque
543 536 591 563 Dei
608 535 769 571 principalis
788 535 936 563 illustratio
952 535 999 563 dc-

215 583 336 615 rivetur;
354 586 521 617 quapropter
535 588 642 609 sacram
658 588 767 609 omnetn
785 582 887 616 Deique
907 581 998 608 imita-

216 629 311 656 tricem
339 628 476 656 actionem
504 628 537 655 ad
564 627 647 655 Deum
671 627 779 663 quidem
805 632 835 654 ut
859 631 997 654 auctorem

217 675 349 708 referunt,
366 675 399 702 ad
424 676 529 710 primas
548 679 640 701 autem
662 681 695 702 ac
715 673 863 701 deiformes
883 678 996 704 ntentrs.

216 726 245 748 ut
257 721 403 756 primarios
422 719 568 748 eﬂ'ectores
588 719 742 747 divinorum
757 727 870 754 operum
894 727 925 746 ac
939 726 998 746 ma-

214 769 325 802 gistros.
342 766 433 794 Prima
446 767 539 801 itaque
553 771 712 794 sanctorum
729 766 890 801 angelorum
905 766 998 793 distri-

215 813 290 840 butio
319 812 406 847 magis
439 818 496 846 prae
523 811 636 846 reliquis
667 811 774 846 igneam
805 809 997 845 proprietatem

213 859 351 891 continet,
379 857 524 891 l‘nsamque
542 857 641 884 divinae
665 856 805 891 sapientiae
828 857 998 883 communio-

1052 262 1092 294 εἰς
1108 262 1198 294 πάσας
1220 263 1268 290 καὶ
1281 264 1322 295 εἰς
1336 264 1410 300 ἡμᾶς
1425 265 1434 279 ⁷
1448 265 1497 300 τῆς
1519 264 1666 300 θεαρχικῆς
1682 265 1828 301 ἐλλάμψεως

1051 307 1249 344 διαδιδομένηςο
1275 309 1314 335 διὸ
1334 310 1380 336 καὶ
1406 311 1495 338 πᾶσαν
1516 310 1590 346 ἱερὰν
1607 311 1654 337 ναὶ
1676 311 1829 347 θεομίμητον

1051 353 1189 390 ἐνέργειαν
1203 355 1249 382 ἐπὶ
1268 355 1333 382 Θεὸν
1359 356 1407 392 μὲν
1425 357 1461 388 ὡς
1480 356 1566 383 αἴτιον
1584 356 1771 392 ἀναφέρουσιν,
1786 356 1828 383 ἐπὶ

1050 399 1078 426 δὲ
1105 401 1168 432 τοὺς
1193 400 1317 437 πρώτους
1351 402 1475 434 θεοειδεῖς
1500 402 1562 434 νόας
1583 403 1621 434 ὡς
1646 403 1828 439 πρωτουργοὺς

1049 446 1103 472 τῶν
1122 445 1202 474 θείων
1226 448 1273 474 καὶ
1292 448 1476 480 διδασκάλους.
1503 447 1607 475 οὐκοῦν
1625 449 1643 484 ἡ
1666 448 1760 485 πρώτη
1780 448 1829 475 τῶν

1050 493 1134 527 ἁγίων
1148 493 1271 528 ἀγγέλων
1284 493 1463 529 διακόσμησις
1476 493 1575 529 μᾶλλον
1589 494 1702 520 ἁπασῶν
1715 494 1769 529 ἔχει
1785 493 1829 529 τὴν

1049 539 1183 575 ἐμπύριον
1200 539 1327 575 ίδιότητα,
1341 540 1388 567 καὶ
1400 539 1448 575 τὴν
1461 540 1613 576 κεχυμένην
1628 539 1677 574 τῆς
1691 538 1830 575 θεαρχιχῆς

1051 585 1146 620 σοφίας
1163 585 1318 620 μετάδοσιν,
1340 586 1387 612 καὶ
1402 586 1432 612 τὸ
1445 585 1595 620 γνωστικὸν
1615 586 1665 620 τῆς
1683 585 1830 621 ὑπερτάτης

1048 630 1103 657 τῶν
1126 631 1205 658 θείων
1226 631 1384 667 ἐλλάμψεων
1402 632 1566 667 ἐπιστήμης,
1590 631 1636 658 καὶ
1656 631 1705 667 τὴν
1730 631 1831 668 θρονίαν

1051 678 1168 714 ἰδιότητα
1177 679 1228 713 τὴν
1241 679 1469 715 ἀναπεπταμένην
1485 678 1621 714 θεοδοχίαν
1634 677 1829 714 ἐμφαίνουσαν·

1048 723 1077 749 αἱ
1088 723 1117 749 δὲ
1130 723 1184 749 τῶν
1197 723 1349 758 ὑφειμένων
1363 722 1461 750 οὐσιῶν
1475 722 1669 757 διακοσμήσεις
1686 721 1735 756 τῆς
1748 721 1830 756 ἐμπν-

1050 769 1117 804 ρίου,
1130 769 1181 804 τῆς
1199 769 1294 804 σοφῆς,
1311 768 1362 804 τῆς
1375 768 1536 804 γνωπιχῆς,
1550 767 1601 802 τῆς
1614 766 1737 802 θεοδόχου
1756 765 1831 792 δυνά-

1050 823 1122 850 μεως
1144 814 1287 850 μετέχουσι
1314 814 1372 850 μὲν,
1397 813 1550 849 ὑφειμένως
1570 813 1608 846 δὲ,
1634 812 1682 839 καὶ
1701 812 1768 848 πρὸς
1784 812 1832 844 τὰς

1049 860 1158 896 πρώτας
1173 860 1285 895 ὁρῶσαι,
1302 860 1349 886 καὶ
1373 860 1406 886 δι’
1430 858 1519 886 αὐτῶν
1542 859 1580 890 ὡς
1600 857 1648 884 τοῦ
1672 857 1832 892 θεομιμήτου

214 912 285 938 nem,
301 913 332 933 ac
343 911 458 932 summae
475 903 629 931 divinarum
649 902 860 930 illustrationum
874 901 993 929 scientia!

1049 891 1230 941 πρωτουργῶς
1244 903 1402 940 ἠξιωμένων
1418 904 1465 931 ἐπὶ
1476 904 1506 930 τὸ
1518 903 1565 930 τοῦ
1582 891 1832 936 θεοειδοῦςγέφιιιτὸν

212 960 291 980 usum
306 956 387 987 atque
413 951 551 986 peritiam,
572 949 688 985 soliique
713 949 918 984 proprietatem,
937 955 998 983 quae

209 1000 332 1034 patulam
347 999 379 1026 ad
393 997 476 1026 Deum
488 997 676 1032 excipiendum
690 996 867 1031 capacitatem
880 995 996 1023 indicat:

211 1045 372 1073 inferiorum
389 1049 480 1072 autem
503 1043 687 1071 essentiarum
708 1042 901 1077 dispositiones
917 1041 998 1076 huius

208 1091 308 1126 ignem,
324 1090 457 1126 sapientis
468 1110 476 1122 ,
501 1089 626 1120 scientis,
653 1095 686 1115 ac
703 1087 751 1115 Dei
765 1087 875 1122 capacis
888 1087 997 1116 virtutis

1047 950 1222 986 ἀναγόμεναι.
1235 951 1291 983 Τὰς
1311 950 1458 987 εἰρημένας
1476 948 1523 977 οὖν
1543 949 1623 984 ἁγίας
1640 948 1780 983 ἰδιότητας,
1795 943 1833 974 ὧν

1046 997 1074 1024 ἐν
1091 997 1220 1033 μετουσίᾳ
1233 996 1279 1023 διὰ
1298 997 1353 1023 τῶν
1378 995 1495 1032 πρώτων
1516 996 1544 1022 αί
1565 994 1634 1030 μετὰ
1648 993 1730 1026 αὑτὰς
1747 993 1833 1020 οὐσίαι

1045 1042 1197 1076 γεγόνασιν,
1215 1042 1310 1074 αὑταῖς
1327 1043 1445 1074 ἐκείναις
1469 1041 1537 1078 μετὰ
1555 1041 1621 1068 Θεὸν
1640 1040 1678 1072 ὡς
1696 1040 1832 1076 ίεράρχαις

1045 1088 1226 1116 ἀνατιθέασιν.

210 1136 358 1172 participes
371 1135 479 1172 quidem
492 1139 555 1162 sunt
567 1139 595 1162 et
607 1134 685 1169 ipsae,
697 1134 744 1161 sed
760 1133 883 1160 inferiori
910 1133 1008 1168 gradu,
1037 1138 1064 1162 et
1089 1142 1150 1162 cum
1173 1140 1298 1169 respectu
1325 1136 1358 1162 ad
1385 1135 1490 1170 priores
1512 1143 1559 1170 per
1578 1142 1657 1170 quas,
1681 1139 1712 1162 ut
1737 1133 1834 1162 divina

211 1182 370 1211 imitationis
382 1180 623 1217 prtei‘ormatrices,
648 1180 681 1207 ad
705 1178 921 1207 deiformitatem‘
945 1187 994 1214 pro
1007 1183 1088 1214 captu
1109 1188 1158 1208 suo
1184 1185 1391 1215 promoventur.
1418 1182 1508 1209 Dictas
1536 1182 1627 1216 itaque
1655 1180 1833 1216 proprietate:

210 1234 411 1261 sacrosanctus,
433 1235 548 1262 quarum
567 1228 693 1254 secundae
721 1232 825 1254 natura:
840 1233 888 1262 per
905 1227 1007 1262 primas
1028 1228 1176 1263 participes
1201 1228 1306 1256 eﬂ'ecta:
1334 1233 1411 1262 sunt,
1435 1229 1470 1256 iis
1495 1228 1561 1264 ipsis
1574 1233 1635 1265 post
1656 1228 1752 1261 Deum,
1774 1232 1835 1255 tan-

209 1283 290 1310 quam
303 1274 456 1311 pmpositis
472 1274 539 1308 suis,
554 1277 683 1309 acceptas
700 1272 803 1301 ferunt.

985 1319 1000 1356 5
1018 1319 1073 1351 ιν.

242 1375 342 1403 Aiebat
356 1373 446 1409 itaque
464 1373 510 1407 qui
525 1373 584 1401 luteo
610 1372 759 1405 referebat,
779 1371 911 1399 visionem
932 1371 994 1406 qui-

209 1423 269 1450 dem
303 1421 377 1449 illam
415 1419 566 1447 exbibitam
590 1426 652 1447 esse
681 1419 807 1454 theologo
834 1426 849 1446 a
877 1418 993 1454 quodam

1084 1376 1196 1411 Ἔλεγεν
1207 1374 1253 1403 οὖν
1268 1376 1283 1402 6
1301 1376 1386 1403 ταῦτα
1403 1376 1501 1412 φήσας,
1519 1377 1568 1413 τὴν
1588 1377 1637 1412 μὲν
1654 1376 1747 1413 ὅρασιν
1760 1377 1834 1405 ἐκεί-

1047 1430 1096 1458 νην
1119 1422 1310 1458 ὑποδειχθῆναι
1325 1422 1364 1458 τῷ
1380 1422 1497 1458 θεολόγῳ
1522 1423 1555 1449 δι’
1570 1423 1628 1455 ἑνὸς
1647 1423 1701 1450 τῶν
1724 1423 1835 1451 Eme-ta-

208 1476 315 1500 eorum,
334 1467 380 1503 qui
396 1465 477 1494 nobis
490 1470 621 1500 praesunt,
637 1470 794 1493 sanctorum
807 1473 838 1492 ac
853 1465 993 1492 beatorum

1047 1467 1164 1494 τούντων
1177 1468 1242 1503 ἡμῖν
1251 1467 1336 1502 ἁγίων
1347 1468 1393 1495 καὶ
1411 1468 1550 1504 μακαρίων
1562 1468 1694 1502 ἀγγέλων,
1706 1468 1753 1495 καὶ
1766 1468 1835 1504 πρὸς

209 1513 386 1549 angelorum,
412 1512 488 1546 cujus
511 1510 705 1538 illuminatrice
729 1509 941 1538 manuductione
960 1508 995 1535 ad

210 1559 360 1596 spiritalem
391 1559 469 1587 istam
493 1556 749 1592 contemplationem
771 1555 860 1584 fuerat
873 1559 994 1588 evectus,

207 1607 234 1634 in
250 1614 302 1641 qua
324 1613 466 1641 supremas
477 1605 539 1632 illas
553 1603 689 1631 essentias
704 1602 794 1638 (quasi
807 1601 834 1629 in
851 1601 993 1638 symbolis,

206 1657 237 1680 ut
258 1652 298 1680 sic
323 1650 430 1687 loquar)
447 1651 514 1678 vidit
539 1650 610 1677 infra
629 1648 713 1676 Deum
734 1647 850 1681 etjuxta
866 1647 950 1675 Deum
966 1651 995 1675 et

206 1698 279 1725 circa
295 1698 378 1725 Deunt
395 1698 552 1730 collocatas,
568 1700 651 1730 atque
663 1694 784 1722 omnium
800 1693 910 1728 insuper
923 1693 993 1729 ipsa-

207 1751 268 1771 rum
281 1743 540 1778 superineﬂ‘abiliter
552 1742 718 1769 etninentem
731 1739 992 1775 superprincipalem

205 1791 352 1823 verticem,
370 1791 396 1817 in
412 1790 502 1817 medio
516 1787 780 1824 supercminentium
801 1787 931 1813 virtutum
947 1794 992 1813 su-

205 1836 385 1871 perpositum.
403 1834 502 1862 Didicit
515 1834 607 1869 itaque
617 1840 652 1861 ex
664 1832 739 1860 hisce
749 1831 901 1860 visionibus
915 1831 993 1859 theo-

205 1882 294 1918 logus,
309 1881 498 1912 Divinitatem,
514 1880 661 1908 secundum
674 1886 782 1906 omnem
795 1883 992 1914 supernatura-

205 1928 257 1956 lem
270 1927 433 1955 excellentia
439 1934 475 1958 nt,
488 1927 548 1954 sine
559 1925 762 1960 comparatione
772 1931 902 1960 praestare
917 1925 989 1952 omni

203 1973 304 2002 visibili
328 1978 357 2000 et
386 1972 516 2000 invisibili
542 1972 658 2004 virtuti,
675 1971 856 2005 omnibusque
880 1972 991 2006 insuper

203 2023 357 2054 exemptam
377 2025 448 2050 esse,
466 2023 495 2046 ut
507 2025 568 2053 quae
585 2025 620 2045 ne
641 2017 737 2053 primis
748 2017 857 2051 quidem
873 2017 934 2045 istis
946 2025 991 2046 es-

203 2064 301 2093 sentiis
327 2064 381 2092 ullo
400 2064 480 2091 modo
499 2062 596 2091 similis
620 2063 741 2090 existat:
761 2063 796 2089 ad
812 2063 886 2095 haec,
902 2061 988 2097 ipsam

204 2113 325 2140 omnium
338 2119 399 2139 esse
414 2111 578 2146 principium
593 2115 621 2138 et
633 2117 743 2138 causam
759 2110 987 2144 substantiﬁcam,

1048 1512 1100 1548 τῆς
1117 1513 1283 1548 φωτιστικῆς
1294 1512 1375 1540 αὑτοῦ
1391 1514 1575 1550 χειραγωγίας
1599 1514 1645 1540 ἐπὶ
1661 1514 1710 1550 τὴν
1721 1514 1836 1550 νυερὰν⁸

1045 1557 1155 1594 ἐκείνην
1170 1558 1286 1594 Θεωρίαν
1298 1558 1470 1593 ἀνατεθῆναι,
1489 1558 1548 1585 καθ’
1558 1559 1591 1594 ἣν
1603 1558 1676 1595 ἐώρα
1685 1559 1734 1591 τὰς
1750 1559 1836 1595 ὑπερ-

1045 1605 1129 1635 τάτας
1142 1604 1237 1636 οὐσίας
1253 1603 1300 1640 (ὡς
1316 1604 1345 1630 ἐν
1357 1603 1501 1639 συμϐόλοις
1517 1605 1614 1641 εἰπεῖν)
1639 1604 1691 1631 ὑπὸ
1705 1605 1771 1632 Θεὸν
1785 1605 1835 1632 καὶ

1047 1649 1115 1685 μετὰ
1131 1649 1199 1676 Θεοῦ
1209 1651 1220 1666 ⁹
1233 1651 1280 1676 καὶ
1293 1650 1356 1685 περὶ
1371 1650 1436 1677 Θεὸν
1454 1650 1607 1686 ἱδρυμένας,
1625 1650 1671 1677 καὶ
1686 1650 1735 1686 τὴν
1751 1650 1837 1678 ἁπάν-

1043 1703 1098 1722 των
1114 1695 1160 1722 καὶ
1176 1694 1266 1722 αὐτῶν
1280 1695 1478 1732 ὑπεραῤῥήτως
1487 1695 1657 1732 ἐξῃρημένην
1668 1696 1836 1732 ὑπεράρχιον

1044 1741 1182 1777 ἀκρότητα
1199 1742 1229 1768 ἐν
1247 1741 1321 1777 μέσῳ
1339 1741 1396 1768 τῶν
1416 1742 1641 1778 ὑπερϐεϐηκυιῶν
1652 1742 1674 1758 ιο
1689 1742 1835 1778 δυνάμεων

1044 1786 1272 1822 ὑπεριδρυμένην.
1298 1786 1464 1822 Ἐμάνθανεν
1486 1784 1533 1814 οὖν
1553 1789 1610 1820 τοῖς
1624 1788 1802 1823 ὁρωμένοις¹¹
1819 1789 1835 1816 ό

1043 1832 1176 1867 θεολόγος,
1188 1833 1228 1859 ὅτι
1241 1833 1311 1860 κατὰ
1321 1834 1410 1860 πᾶσαν
1423 1834 1582 1869 ὑπερούσιον
1593 1834 1728 1870 ὑπεροχὴν
1744 1835 1833 1870 ἀσυγ-

1043 1879 1144 1914 κρίτως
1158 1879 1351 1916 ὐπερίδρυτο¹¹
1375 1879 1405 1907 τὸ
1425 1879 1516 1912 Θεῖον,
1535 1880 1644 1916 ἀπάσης
1667 1880 1768 1916 ὁρατῆς
1784 1881 1834 1908 καὶ

1042 1924 1157 1959 ἀοράτου
1171 1925 1321 1960 δυνάμεως,
1338 1925 1385 1952 καὶ
1402 1925 1456 1961 μὴν
1469 1925 1510 1952 ὄτι
1523 1926 1631 1952 πάντων
1648 1927 1719 1952 ἐστὶν
1732 1925 1835 1963 ἐξῃρη-

1044 1971 1123 2006 μένον
1137 1972 1174 2003 ὼς
1185 1972 1310 2005 καθόλου,
1331 1972 1398 2009 μηδέ
1408 1974 1469 2005 ταῖς
1483 1973 1604 2010 πρώταις
1619 1973 1673 2000 τῶν
1685 1974 1770 2000 ὄντων
1784 1974 1835 2000 οὑ-

1043 2017 1113 2048 σίαις
1129 2017 1247 2053 ἐμφερές
1259 2026 1266 2033 ·
1283 2018 1395 2053 προσέτι
1410 2019 1496 2046 καὶτὸ
1506 2019 1614 2046 πάντων
1630 2019 1695 2046 αὐτὸ
1711 2019 1800 2055 ἀρχὴν
1812 2020 1836 2037 ³⁸

1041 2063 1088 2088 καὶ
1103 2062 1191 2089 αἰτίαν
1207 2063 1360 2090 οὐσιοποιὸν
1381 2062 1460 2098 εἶναι,
1473 2064 1520 2091 καὶ
1534 2065 1584 2100 τῆς
1591 2064 1645 2091 τῶν
1657 2064 1741 2091 ὄντων
1751 2065 1835 2092 ἀδια-

1041 2108 1120 2135 λύτου
1148 2109 1230 2144 μονῆς
1255 2109 1431 2137 ἀναλλοίωτον
1455 2110 1574 2146 ἵδρυσιν,
1597 2110 1642 2144 ὑφ’
1664 2108 1698 2145 ἧς
1723 2112 1771 2138 καὶ
1802 2112 1836 2138 τδ

204 2158 456 2193 indissolubilisque
467 2165 560 2185 rerum
577 2156 730 2184 mansionis
749 2156 918 2184 immutabile
942 2157 989 2184 llr-

1046 2152 1113 2181 εἷναι
1130 2155 1177 2182 καὶ
1201 2156 1232 2182 τὸ
1253 2153 1282 2182 εὖ
1308 2153 1394 2189 εἶναι,
1415 2156 1462 2183 xui.
1477 2157 1572 2188 αὐταῖς
1592 2157 1652 2187 ταῖς
1675 2156 1836 2192 ὑπερδεᾶή-

204 2209 384 2236 mamentum,
400 2211 434 2231 ex
457 2211 510 2238 quo
532 2207 562 2231 ut
580 2209 685 2236 essent,
698 2207 726 2231 et
741 2203 812 2231 bene
828 2207 932 2236 essent,
943 2210 989 2231 su-

202 2259 303 2285 prema:
333 2251 416 2278 etiam
447 2250 527 2286 114
561 2251 676 2277 virtutes
706 2249 866 2277 habuissent
887 2258 894 2276 :
915 2249 989 2284 ipsas

202 2298 301 2324 deinde
332 2298 479 2324 deilormes
497 2297 733 2324 sanctissimorum
749 2295 886 2330 seraphim
903 2295 990 2322 virtu-

204 2349 245 2370 tes
260 2343 420 2374 docebatur,
434 2350 549 2378 quorum
565 2350 674 2369 sacrum
690 2349 786 2369 nomen
803 2341 866 2376 quid
879 2341 985 2377 igneunr

201 2390 326 2425 designat
337 2389 417 2425 (17'),
427 2390 460 2417 de
472 2397 525 2424 quo
537 2397 585 2416 nos
598 2388 680 2424 paulo
690 2393 751 2424 post
763 2388 895 2422 dicemus,
909 2393 989 2422 prout

200 2436 353 2470 poterimus
368 2435 555 2470 interpretari,
573 2435 652 2462 istius
670 2434 757 2470 igneae
772 2434 880 2461 virtutis
895 2434 928 2461 ad
943 2433 986 2461 di-

199 2481 292 2508 vinam
309 2481 519 2508 similitudinem
546 2481 689 2515 impulsus.
713 2480 799 2508 Porro
820 2487 881 2508 cum
905 2486 986 2507 sena-

199 2535 260 2554 rutn
279 2527 384 2554 alarum
400 2535 486 2554 sacrm
499 2527 616 2554 ﬁctionis
630 2527 782 2554 absolutam
797 2533 986 2560 summamque

199 2573 226 2601 in
242 2573 327 2601 Deum
342 2574 369 2601 in
386 2574 483 2609 primis
499 2582 531 2600 ac
545 2574 642 2601 mediis
660 2574 872 2607 novissimisque
888 2573 987 2598 menti-

1042 2200 1131 2232 χιλίαις
1145 2202 1203 2228 ἐστὶ
1228 2201 1390 2237 δυνάμεσιν·
1408 2200 1467 2229 εἶτα
1485 2202 1535 2234 τὰς
1556 2202 1645 2230 αὐτῶν
1666 2202 1722 2229 τῶν
1742 2204 1836 2237 ἁγιω-

1040 2247 1129 2274 τάτων
1146 2249 1267 2283 σεραφὶμ
1286 2249 1395 2284 ἐμυεῖτο
1415 2248 1541 2279 Θεοειδείς
1556 2248 1694 2284 δυνάμεις,
1708 2248 1760 2284 τῆς
1779 2248 1837 2284 μὲν

1042 2293 1117 2329 ἱερᾶς
1132 2293 1220 2320 αὐτῶν
1236 2294 1395 2329 ἐπωνυμίας
1414 2293 1445 2320 τὸ
1467 2293 1600 2330 ἐμπύριον
1624 2293 1814 2329 σημαινούσης
1825 2313 1836 2326 ,

1040 2340 1106 2375 περὶ
1125 2336 1156 2366 οὗ
1182 2339 1279 2375 μικρὸν
1303 2339 1416 2376 ὕστερον
1439 2341 1520 2375 ἡμεῖς
1541 2339 1676 2375 ἐροῦμεν,
1700 2339 1738 2371 ὡς
1760 2340 1836 2375 ἡμῖν

1040 2386 1150 2420 ἐφικτὸν
1164 2386 1355 2421 ὑφηγήσασθαι
1370 2386 1420 2418 τὰς
1436 2388 1482 2413 ἐπὶ
1493 2386 1523 2413 τὸ
1539 2385 1654 2417 θεοειδές
1670 2385 1721 2420 τῆς
1736 2386 1836 2420 ἐμπυ-

1041 2431 1098 2467 ρίου
1114 2432 1254 2467 δυνάμεως
1274 2433 1428 2466 ἁναγωγάς.
1448 2433 1504 2468 Τῆς
1522 2432 1551 2458 δὲ
1566 2432 1620 2458 τῶν
1638 2431 1747 2466 πτερῶν
1764 2429 1836 2462 ἐξα-

1039 2478 1109 2514 πλῆς
1130 2479 1320 2514 ίεροπλαστίας
1332 2480 1382 2515 τὴν
1399 2479 1446 2505 ἐπὶ
1459 2479 1491 2505 τὸ
1505 2478 1583 2505 Θεῖον
1601 2479 1631 2504 ἐν
1648 2476 1784 2512 πρώταις,
1801 2476 1836 2502 ἐν

1041 2526 1150 2561 μέσαις,
1166 2526 1195 2552 ὲν
1209 2525 1375 2556 τελευταίαις
1394 2525 1516 2560 νοήσεσιν
1531 2524 1663 2551 ἀπόλυταν
1678 2524 1724 2551 καὶ
1741 2524 1836 2558 ὑπερ-

1038 2571 1122 2605 τάτην
1146 2571 1293 2598 ἀνάστασιν
1306 2590 1313 2602 ,
1336 2569 1404 2596 ἀλλὰ
1423 2571 1470 2597 καὶ
1493 2570 1523 2596 τὸ
1546 2570 1710 2605 ἁπειρὸπουν
1734 2569 1836 2596 αὐτῶν

844 2649 959 2678 VARUS
979 2649 1180 2677 LECTIONES.

257 2724 296 2754 είς
310 2731 361 2749 mm
387 2727 430 2749 est
449 2723 475 2749 in
503 2723 532 2749 Ι).
557 2722 586 2748 ί).
610 2710 673 2749 (ΣΙι.⁵
699 2722 709 2737 ³
725 2720 774 2756 τὴν
789 2721 875 2756 ίεράν,
890 2720 942 2746 Cb.
1012 2718 1134 2756 ScaSrar.
1148 2720 1336 2756 γὰναταθῆναι,
1355 2720 1388 2747 M.
1407 2720 1435 2748 S.
1461 2720 1489 2748 P.
1514 2720 1545 2747 D.
1565 2719 1620 2756 Ch,
1641 2717 1703 2756 Sar.

196 2763 300 2785 tantum
326 2758 416 2785 habet.
439 2759 486 2784 καὶ
515 2756 583 2792 μετὰ
610 2757 685 2788 Θεόν,
705 2755 778 2791 ψιύιί
794 2755 920 2792 secturtur
953 2755 998 2781 Sc.

197 2794 217 2808 “
232 2793 417 2829 ὑπερίδρυται,
434 2794 483 2820 (ὶΙι.
516 2791 544 2807 ⁷³³
565 2793 611 2818 καί
634 2793 732 2827 ἀρχὴν,
753 2791 785 2818 ι).
798 2791 849 2818 Cb.

1052 2754 1072 2769 '°
1086 2754 1301 2790 ὑποϐεϐηκυιῶν,
1325 2756 1355 2784 P.
1382 2757 1413 2783 ι).
1443 2755 1504 2784 Sar.
1555 2755 1576 2770 “
1598 2754 1767 2789 εἰρημένοις,
1794 2754 1832 2780 υ.

230 2861 296 2894 (17⁸)
311 2860 411 2887 Nomen
425 2860 529 2887 scilicet
549 2859 681 2887 llebraicc
707 2866 881 2894 expressum,
907 2862 1007 2889 εἲς-ιω
1028 2859 1099 2894 quod
1114 2858 1259 2895 signiﬁcat,
1273 2860 1404 2892 ardeam,
1430 2859 1575 2895 fulgentes;
1590 2866 1605 2886 ιι
1623 2858 1712 2886 radtcs
1733 2862 1811 2887 mu:
1823 2878 1834 2893 ,

195 2895 319 2929 incendit,
337 2897 479 2923 succendit.
499 2895 599 2922 Diuum.
