1933 3075
107 197 162 226 305

597 192 642 219 DE
659 190 823 219 C(ELESTI
842 188 1063 221 IIIERARCIIIA,
1081 187 1156 215 CAP.
1175 187 1240 214 XIII.
1677 184 1730 212 3M

108 255 156 282 καὶ
177 253 390 289 πολυπρόσωπον
413 251 483 288 ὁρῶν
503 253 517 279 ὁ
543 251 615 287 ἱερὸς
632 249 772 284 θεολόγος,
798 250 845 276 καὶ
866 248 890 275 τί

948 248 998 275 bus
1023 246 1238 278 excitationem,
1254 252 1304 272 nec
1324 251 1377 271 non
1401 243 1612 271 innumerabiles
1635 251 1729 271 eorum

104 302 165 332 τοῖς
181 300 289 335 πτεροῖς
308 298 562 326 άποδιαστέλλεσθαι
596 296 646 331 τὴν
660 296 712 322 ὑπὸ
726 296 789 327 τοὺς
812 295 895 328 πόδας

107 346 157 373 καὶ
169 345 220 381 τὴν
236 345 307 381 ὑπὲρ
322 344 358 371 τὰ
369 344 502 380 πρόσωπα
518 343 644 379 θεωρίαν,
660 342 707 368 καὶ
722 342 772 378 τὴν
790 342 819 368 ὲν
838 342 895 373 τοῖς

109 391 204 428 μέσοις
225 392 335 427 πτεροῖς
358 391 544 426 ἀεικινησίαν,
564 389 633 425 πρὸς
651 389 700 425 τὴν
723 388 822 424 νοητὴν
840 387 895 414 τῶν

105 436 253 472 ὁρωμένων
270 436 384 471 ἀνήγετο
406 436 516 470 γνῶσιν,
532 434 729 470 ὲκφαινομένης
750 433 825 469 αὐτῷ
844 433 895 468 τῆς

107 482 164 508 τῶν
183 481 341 517 ὑπερτάτων
368 481 436 508 νοῶν
460 481 613 517 πολυπύρου
631 481 677 507 καὶ
696 480 896 515 πολυθεάμονος

107 527 259 562 δυνάμεως,
276 528 321 554 καὶ
335 527 385 562 τῆς
399 527 475 563 ἱερᾶς
491 526 580 553 αὐτῶν
595 526 751 558 εὐλαϐείας,
769 526 804 561 ἣν
819 525 896 560 ἕχον-

107 581 151 600 σιν
168 572 360 609 ὑπερκοσμίως
373 573 413 604 είς
429 573 477 609 τὴν
490 573 546 599 τῶν
563 573 734 608 ὑψηλοτέρων
745 572 767 588 ¹⁸
781 573 828 599 καὶ
850 572 897 608 βα-

107 618 228 654 θυτέρων
239 619 340 654 αὐθάδη
355 620 401 646 καὶ
412 619 539 655 θρασεῖαν
554 620 602 646 καὶ
616 619 759 653 ἀνέφικτον
775 619 895 655 ἔρευναν,

106 663 155 690 καὶ
175 664 226 699 τῆς
250 665 278 690 ὲν
303 665 458 700 συμμετρίᾳ
481 665 537 692 τῶν
558 664 729 700 θεομιμήτων
751 665 896 701 ἐνεργειῶν

105 709 297 745 ἀκαταλήκτου
315 711 361 737 καὶ
378 706 527 745 ὑψιπετοῦς
549 710 726 746 ἁεικινησίας.
749 710 828 737 Ἀλλὰ
849 711 896 737 καὶ

104 755 158 790 τὴν
182 755 328 791 θεαρχικὴν
350 755 457 791 ἐκείνην
480 756 527 783 καὶ
551 755 731 792 πολυτίμητον
759 755 894 791 ὑμνῳδίαν

104 799 346 835 ἐμυσταγωγεῖτο,
364 801 410 828 τοῦ
426 801 574 833 τυποῦντος
595 801 645 837 τὴν
667 802 761 838 ὅρασιν
778 801 893 836 ἀγγέλου

105 845 179 873 κατὰ
202 846 316 882 δύναμιν
331 847 371 882 τῷ
385 847 502 884 θεολόγῳ
523 848 705 884 μεταδιδόντος
727 848 777 883 τῆς
791 848 893 880 οἰκείας

107 892 294 927 ίερογνωσίας.
318 893 471 920 Ἐδίδασκεν
483 891 529 920 οὖν
542 894 623 920 αὐτὸν
636 893 777 925 καὶτοῦτο,
792 893 832 920 ὅτι
844 893 893 920 κά-

947 295 1042 330 pedes,
1057 293 1214 327 multasque
1236 292 1321 319 facies
1334 296 1445 319 sanctus
1467 291 1510 318 ille
1530 291 1670 327 theologus
1687 291 1728 318 vi-

947 342 1034 372 deret.
1050 345 1135 374 utque
1150 339 1200 367 alis
1218 343 1273 366 tam
1290 338 1386 373 pedum
1406 344 1487 372 quam
1505 337 1635 364 facierum
1650 344 1729 372 aspe-

946 392 1006 414 ctus
1020 389 1191 416 arceremur.
1205 384 1312 418 absque
1325 382 1422 410 media:
1435 387 1565 417 perpetuo
1587 389 1730 410 moveren-

946 436 1000 463 tur,
1021 431 1054 458 ad
1079 429 1274 465 intelligibilem
1298 436 1392 456 eorum
1407 435 1467 463 qua:
1489 428 1619 455 cernebat
1640 428 1730 455 scien-

947 478 1011 504 tiam
1026 475 1223 506 adducebatur,
1244 473 1376 509 explicata
1392 473 1431 501 illi
1446 480 1634 508 supremorum
1649 472 1731 508 spiri-

946 527 1020 551 tuum
1038 522 1185 555 multivaga
1202 521 1370 556 plurimaque
1390 519 1517 547 cernendi
1532 519 1671 552 facultate,
1686 527 1731 546 sa-

946 576 1046 604 craque
1058 576 1152 596 eorum
1171 567 1324 595 reverentia
1339 587 1346 600 ,
1367 574 1448 601 quam
1474 564 1730 600 supermundialiter

945 616 1076 644 exhibent
1097 615 1123 642 in
1149 614 1336 641 sublimiorum
1352 612 1612 648 profundiorumque
1627 615 1730 647 myste—

946 661 1048 689 riorum
1061 660 1189 688 insolenti
1202 667 1232 687 ac
1247 659 1393 687 temeraria
1409 656 1661 694 impenetrabilique
1672 664 1731 691 per-

944 707 1124 739 scrutatione,
1141 713 1192 734 nee
1208 713 1265 733 non
1286 705 1389 740 optime
1402 704 1504 740 digesta
1520 703 1604 730 Deum
1621 702 1730 729 imitan-

945 756 1010 782 tium
1025 754 1165 781 actionum
1188 751 1343 779 incessabili
1367 755 1395 779 et
1417 749 1577 778 altivolante
1599 753 1729 783 perpetua

944 802 1075 829 motione.
1089 801 1160 835 Quin
1183 805 1210 829 et
1227 801 1348 829 divinum
1370 800 1436 827 illud
1458 798 1730 835 prastantissimum-

943 855 996 883 que
1012 848 1102 876 laudis
1116 848 1253 876 canticum
1273 847 1406 879 discebat,
1425 845 1520 881 angelo
1534 844 1581 880 qui
1596 844 1729 871 visionem

944 894 1126 927 eﬂ‘ormabat,
1150 898 1230 929 prout
1255 897 1380 929 poterat,
1403 892 1452 927 ipsi
1474 891 1599 927 tlteologo
1622 898 1727 919 sacram

106 936 203 972 Θαρσίς
218 938 275 964 ἐστι
289 940 345 970 τοῖς
360 939 485 966 ὁπωσοῦν
501 940 630 976 καθαροῖς
647 940 664 975 ἡ
677 939 726 974 τῆς
746 938 890 975 θεαρχικῆς

944 947 1019 967 suam
1035 939 1175 967 scientiam
1193 939 1423 966 eommunicante.
1438 937 1507 971 Quin
1525 941 1551 964 et
1572 937 1623 964 hoc
1640 937 1726 971 ipsum

104 982 244 1017 διαυγείας
268 984 446 1020 ἁγνότητος¹¹
468 986 506 1018 ὡς
526 986 636 1021 ἐφικτὸν
661 986 798 1020 μετουσία.
817 985 892 1021 Ain?)

105 1029 133 1055 δὲ
145 1029 177 1061 ",
195 1030 263 1066 πρὸς
281 1030 366 1065 αὐτῆς
387 1030 516 1067 θεαρχίας
535 1032 717 1068 έξῃρημέναις
732 1032 833 1064 αίτίαις
852 1033 893 1064 είς

105 1075 210 1106 πάντας
220 1076 282 1107 τοὺς
296 1076 386 1111 ἱεροὺς
401 1077 464 1109 νόας
478 1078 633 1114 ὐπερουσίῳ
643 1078 805 1114 κρυφιότητι
818 1078 893 1105 τελε-

103 1120 291 1156 τουργουμένη
305 1121 326 1136 ¹⁷
341 1123 402 1153 ταῖς
422 1123 486 1158 περὶ
504 1123 588 1158 αὐτὴν
604 1123 642 1155 ὡς
662 1124 826 1159 ὑπερτάταις
845 1123 892 1150 δυ-

104 1165 230 1201 νάμεσιν,
245 1167 428 1204 ὲκφανεστέρα
445 1168 503 1201 πώς
524 1169 581 1196 ἔστι
602 1169 648 1196 καὶ
671 1170 769 1204 μᾶλλον
793 1170 892 1207 ἑαυτὴν

104 1209 226 1245 ἐκφαίνει
238 1213 285 1238 καὶ
300 1213 464 1240 διαδίδωσιν·
484 1214 530 1241 ἐπὶ
543 1215 571 1242 δὲ
582 1214 636 1241 τῶν
656 1215 790 1251 δευτέρων
805 1216 821 1252 ἢ
836 1215 892 1242 τῶν

104 1257 226 1292 ἐσχάτων
250 1259 327 1294 ἡμῶν
343 1260 442 1296 νοερῶν
454 1262 475 1278 ¹⁸
495 1262 634 1298 δυνάμεων
645 1283 652 1295 ,
677 1263 714 1295 ῶς
733 1263 816 1299 αὐτῆς
829 1264 892 1290 ἑκά-

105 1311 156 1338 στη
177 1304 248 1331 κατὰ
262 1305 292 1332 τὸ
315 1305 428 1338 θεοειδές
448 1307 597 1343 διέστηκεν,
614 1308 685 1335 οὕτω
698 1309 746 1345 τὴν
761 1310 847 1345 φανὴν
869 1310 891 1326 ¹⁹

103 1349 191 1385 αὐτῆς
210 1349 341 1386 ἔλλαμψιν
365 1353 474 1387 συνάγει
493 1354 561 1390 πρὸς
581 1354 611 1381 τὺ
624 1354 675 1390 τῆς
703 1355 806 1387 οίκείας
825 1364 887 1392 x9e-

104 1395 232 1431 φιότητος
252 1397 350 1424 ἑνιαίον
371 1398 520 1433 ἄγνωστον.
548 1399 693 1436 Ἑλλάμπει
715 1400 743 1427 δὲ
757 1402 814 1433 τοῖς
830 1401 890 1429 καθ’

102 1437 219 1466 ἕκαστον
234 1439 368 1476 δευτέροις
380 1440 424 1467 διὰ
437 1441 491 1468 τῶν
504 1442 629 1478 πρώτων,
646 1443 702 1475 καὶ,
716 1444 740 1469 εί
750 1443 790 1470 δεῖ
797 1444 890 1471 συντό-

107 1490 166 1516 μως
185 1484 287 1516 εἰπεῖν,
304 1485 418 1520 πρώτως
437 1486 469 1513 ὲκ
483 1487 530 1514 τοῦ
546 1488 662 1524 κρυφίου
677 1489 746 1523 πρὸς
757 1488 787 1515 τὸ
800 1490 890 1525 ἐμφα-

104 1528 150 1559 νὲς
165 1528 259 1562 ἄγεται
273 1529 316 1557 διὰ
326 1531 380 1557 τῶν
399 1531 514 1568 πρώτων
528 1533 678 1569 δυνάμεων,
697 1534 782 1561 Τοῦτο
796 1535 862 1570 γοῦν
876 1536 890 1562 δ

104 1572 229 1608 θεολόγος
248 1575 404 1604 ὲδιδάσκετο
421 1578 489 1614 πρὸς
505 1579 551 1606 τοῦ
567 1580 796 1615 φωταγωγοῦντος
807 1581 889 1608 αὑτὸν

943 985 1081 1017 edocebat,
1097 986 1235 1020 quomodo
1261 984 1359 1012 divinae
1382 982 1515 1011 claritatis
1533 990 1566 1009 ac
1586 981 1727 1009 munditiei

944 1039 993 1067 pro
1021 1031 1152 1066 cujusque
1179 1036 1261 1065 captu
1289 1030 1485 1066 participatio,
1510 1036 1621 1064 quoquo
1648 1028 1729 1055 modo

943 1076 1050 1103 mundis
1061 1075 1144 1103 etiam
1159 1079 1231 1102 esset
1246 1074 1406 1110 expiationi.
1423 1074 1488 1107 Quae
1505 1080 1566 1101 cum
1583 1072 1728 1108 prmeipuis

943 1121 977 1148 de
991 1122 1084 1149 causis
1099 1129 1112 1149 a
1130 1122 1176 1149 Dei
1191 1121 1343 1157 principatu
1360 1121 1388 1148 in
1404 1121 1512 1149 cunctis
1526 1121 1614 1148 sacris
1629 1119 1726 1147 menti-

942 1167 994 1194 bus
1008 1167 1232 1202 superessentiali
1258 1167 1374 1202 quodam
1398 1172 1504 1195 secreto
1524 1171 1660 1202 operatur,
1681 1173 1727 1193 su-

942 1213 1044 1247 premis
1061 1217 1151 1241 tatnen
1175 1213 1322 1242 virtutibus
1348 1212 1458 1249 Deoque
1478 1212 1612 1248 proximis
1637 1213 1727 1239 mani-

941 1258 1037 1287 festior
1059 1259 1260 1294 quodammodo
1282 1259 1391 1293 existit;
1418 1260 1509 1295 iisque
1534 1260 1620 1294 magis
1632 1267 1662 1287 se
1677 1267 1728 1288 ex-

941 1304 1034 1332 planat
1059 1310 1087 1332 et
1122 1305 1414 1337 insinuat;secundis
1442 1313 1508 1333 vero
1535 1305 1727 1333 novissimisve

941 1350 1045 1377 nostris
1060 1350 1209 1378 virtutibus
1223 1351 1299 1379 hisce
1313 1351 1493 1386 spiritalibus,
1517 1356 1598 1385 prout
1612 1359 1726 1387 quaeque

940 1402 955 1421 a
972 1394 1156 1424 deiformitate
1171 1396 1230 1431 ipsa
1244 1397 1345 1429 distat,
1363 1397 1401 1424 ita
1415 1397 1518 1425 claram
1534 1397 1592 1432 ejus
1609 1398 1726 1426 illustra-

941 1441 1042 1468 tionem
1057 1443 1090 1469 ad
1106 1443 1206 1470 secreti
1226 1442 1267 1470 sui
1281 1443 1444 1478 singularem
1457 1443 1564 1471 confert
1579 1444 1726 1478 ignoratio-

939 1494 1012 1514 nem.
1026 1486 1166 1515 Secundas
1179 1495 1261 1522 porro
1271 1487 1411 1521 sigillatim
1421 1494 1470 1523 per
1482 1488 1584 1523 primas
1595 1488 1724 1520 illustrat,

939 1537 968 1560 et
982 1538 1012 1560 ut
1025 1533 1182 1561 summatim
1198 1534 1298 1566 dicam,
1312 1534 1436 1569 primitus
1450 1541 1483 1561 ex
1495 1534 1601 1561 occulto
1615 1535 1640 1562 iu
1650 1542 1727 1570 aper-

940 1584 996 1606 tum
1013 1579 1122 1606 ducitur
1139 1587 1189 1615 per
1207 1580 1321 1608 virtutes
1346 1580 1459 1615 primas.
1481 1579 1538 1607 Hoc
1548 1580 1631 1615 igitur
1647 1581 1724 1608 theo-

104 1619 232 1653 ἀγγέλου,
249 1621 280 1648 τὸ
300 1623 349 1658 τὴν
373 1623 504 1659 κάθαρσιν
518 1625 564 1651 καὶ
578 1625 667 1657 πάσας
676 1626 726 1657 τὰς
737 1626 885 1662 θεαρχικὰς

939 1624 1015 1660 logus
1033 1625 1067 1652 ab
1089 1625 1197 1661 angelo.
1221 1625 1268 1661 qui
1285 1626 1373 1661 ipsum
1392 1625 1565 1659 illustrabat,
1590 1625 1722 1658 discebat.

103 1665 260 1701 ἐνεργείας,
277 1667 321 1694 διὰ
341 1669 396 1696 τῶν
412 1669 526 1705 πρώτων
545 1671 643 1698 οὐσιῶν
667 1672 886 1708 ἀναλαμπούσας,

104 1710 145 1742 είς
159 1711 248 1743 πάσας
263 1713 311 1745 τὰς
324 1714 419 1746 λοιπὰς
436 1715 595 1743 διαδίδοσθαι
618 1716 689 1744 κατὰ
705 1718 754 1754 τὴν
770 1717 888 1753 ἑκάστης

104 1755 174 1790 πρὸς
193 1756 243 1789 τὰς
259 1758 420 1794 θεουργικὰς
440 1761 584 1795 μετουσίας
603 1762 761 1797 ἀναλογίαν·
782 1762 822 1790 διὸ
843 1763 891 1790 καὶ

102 1802 153 1837 τὴν
174 1802 314 1838 ἔμπυρίως
330 1806 497 1842 καθαρτικὴν
516 1807 634 1843 iam“
647 1810 704 1841 τοῖς
717 1810 838 1845 σεραφὶμ
851 1809 889 1836 εἰ-

105 1848 192 1880 κότως
206 1850 276 1885 μετὰ
291 1851 356 1878 Θεὸν
373 1852 555 1881 ἀνατέθεικεν.
574 1855 656 1882 Οὐδὲν
672 1853 719 1882 οὖν
736 1855 844 1888 ἄτοπον,
864 1857 888 1882 εἰ

104 1895 247 1931 καθαίρειν
266 1897 372 1932 λέγεται
388 1899 434 1926 τὸν
451 1900 574 1935 θεολόγον
590 1902 604 1928 ό
625 1901 754 1937 σεραφίμ.
775 1901 819 1933 Ὠς
835 1901 889 1937 γὰρ

102 1941 118 1966 ὸ
133 1940 200 1972 Θεὸς
218 1941 341 1978 καθαίρει
360 1944 465 1977 πάντας
482 1945 521 1980 τῷ
542 1946 632 1982 πάσης
647 1946 806 1983 καθάρσεως
821 1944 889 1975 εἶναι

102 1986 191 2018 αἰτίας
201 1987 234 2020 ’⁸,
251 1988 349 2023 μᾶλλον
365 1989 394 2016 δὲ
418 1990 610 2028 (παραπλησίῳ
623 1992 677 2028 γὰρ
688 1993 824 2028 χρήσομαι
838 2001 889 2020 πα-

104 2031 288 2069 ραδείγματι),
302 2034 426 2071 καθάπερ
442 2036 456 2062 ὁ
469 2037 530 2064 καθ’
543 2038 617 2073 ἡμᾶς
632 2038 760 2074 ίεράρχης
773 2037 817 2064 διὰ
833 2038 888 2065 τῶν

102 2078 186 2105 αὐτοῦ
210 2079 373 2116 λειτουργῶν
391 2080 407 2116 ἢ
438 2082 532 2118 ἱερέων
554 2082 692 2119 καθαίρων
713 2083 730 2118 ἢ
753 2083 887 2118 φωτίζων,

101 2124 184 2156 αὐτὸς
214 2124 323 2159 λέγεται
353 2126 493 2163 καθαίρειν
524 2128 571 2154 καὶ
607 2128 735 2163 φωτίζειν
768 2129 823 2156 τῶν
854 2129 888 2156 δι’

100 2169 184 2197 αὑτοῦ
212 2171 421 2207 καθιερωμένων
448 2173 551 2206 τάξεων
578 2173 621 2200 ἐπ’
647 2174 727 2201 αὐτὸν
752 2175 887 2202 ἀνατιθει-

101 2216 157 2242 σῶν
178 2215 229 2248 τὰς
248 2216 348 2249 οἰκείας
380 2217 454 2253 ίερὰς
476 2218 627 2253 ἐνεργείας·
662 2219 733 2246 οὕτω
765 2220 813 2246 καὶ
839 2220 888 2256 τὴν

99 2262 206 2288 οἰκείαν
231 2263 399 2299 καθαρτικὴν
422 2264 577 2300 ἐπιστήμην
601 2266 648 2292 καὶ
667 2265 782 2302 δύναμιν
802 2267 817 2293 ὁ
838 2267 888 2303 τὴν

99 2307 235 2343 κάθαρσιν
253 2308 300 2335 τοῦ
323 2309 446 2344 θεολόγου
465 2310 649 2347 τελετουργῶν
659 2311 682 2327 ³¹
695 2312 824 2346 ἄγγελος,
840 2313 886 2339 ἐπὶ
901 2307 922 2334 Ι)

98 2352 166 2379 Θεὸν
180 2353 229 2388 μὲν
240 2353 278 2386 ὡς
292 2353 387 2386 αῐτιον,
402 2354 448 2381 ἐπὶ
460 2354 488 2381 δὲ
496 2354 551 2382 τῶν
562 2355 682 2391 σεραφὶμ
692 2355 729 2387 ὡς
743 2364 884 2392 πρωτουρ-

98 2397 147 2431 γδν
165 2398 312 2434 ἱεράρχην,
336 2399 502 2434 ἀνατίθησιν·
519 2400 558 2431 ὡς
573 2401 606 2428 ἄν
621 2409 662 2433 τις
676 2401 752 2436 φαίη,
769 2402 827 2437 μετ’
839 2402 885 2428 εὑ-

98 2442 211 2474 λαῦείας
225 2443 373 2479 ἁγγελικῆς
386 2445 435 2471 τὸν
448 2445 494 2471 ὑπ’
508 2445 590 2472 αὑτοῦ
607 2445 801 2482 καθαιρόμενον
815 2447 885 2474 έκδι-

937 1670 1072 1704 quomodo
1085 1678 1147 1698 cum
1163 1672 1278 1706 ipsamet
1294 1671 1434 1706 expiatio.
1461 1678 1517 1699 tum
1541 1677 1648 1700 cattcra:
1673 1671 1723 1699 Dei

936 1715 1101 1750 principales
1109 1717 1281 1751 operationes
1295 1724 1400 1749 omnes,
1419 1724 1468 1752 per
1479 1718 1579 1752 primas
1589 1717 1724 1745 essentias

936 1760 1087 1794 elucentes,
1111 1763 1137 1789 in
1161 1770 1257 1790 omnes
1282 1763 1402 1798 reliquas
1425 1763 1633 1796 distribuantur,
1647 1763 1727 1799 iuxta.

936 1807 1083 1842 cujuslibet
1099 1809 1132 1835 ad
1153 1810 1266 1837 deilicas
1281 1809 1510 1845 participationes
1525 1810 1720 1844 capacitatem:

936 1860 1104 1891 quapropter
1128 1863 1178 1891 per
1201 1857 1293 1891 ignem
1308 1857 1439 1891 expiandi
1458 1857 1651 1893 proprietatem
1665 1866 1722 1886 me-

937 1903 989 1929 rito
1005 1902 1072 1937 ipsis
1088 1903 1227 1938 serapltim
1252 1903 1402 1930 secundum
1428 1903 1512 1931 Deum
1536 1905 1642 1932 tribuit.
1667 1904 1720 1932 Ne-

936 1955 1074 1983 quaquam
1088 1949 1172 1984 igitur
1186 1949 1335 1977 absurdunt
1352 1949 1396 1982 sit,
1410 1949 1431 1977 si
1445 1949 1599 1985 theologum
1612 1951 1722 1985 expiare

937 1995 1075 2030 serapbim
1090 1995 1260 2030 perhibetur.
1274 1995 1309 2024 Ut
1323 1996 1397 2023 enim
1413 1997 1496 2029 Deus,
1509 1997 1559 2025 hoc
1575 1998 1633 2032 ipso
1649 1999 1720 2032 quod

936 2042 1026 2070 omnis
1042 2042 1208 2078 expiationis
1223 2049 1306 2070 causa
1322 2043 1369 2077 sit,
1383 2051 1478 2071 omnes
1488 2044 1624 2078 purillcat,
1641 2044 1721 2080 115

936 2088 979 2116 vel
991 2090 1082 2123 ponus
1096 2089 1138 2122 (ut
1151 2089 1239 2124 magis
1252 2088 1331 2116 obvio
1344 2089 1468 2124 exemplo
1479 2090 1549 2126 utar)
1566 2091 1636 2117 sicut
1649 2091 1720 2125 apud

936 2143 987 2163 nos
1005 2135 1140 2171 pontifex,
1156 2137 1220 2164 dum
1236 2144 1283 2171 per
1309 2137 1454 2165 ministros
1477 2145 1542 2165 suos
1558 2146 1606 2165 seu
1628 2146 1719 2166 sacer-

935 2183 1013 2210 dotes
1033 2183 1138 2217 expiat,
1161 2182 1345 2215 illuminatve.
1367 2184 1482 2219 ipsemet
1496 2185 1608 2220 expiare
1619 2190 1647 2212 et
1659 2185 1720 2213 illu-

935 2230 1040 2257 minare
1063 2230 1173 2262 dicitur,
1190 2231 1262 2265 quod
1278 2230 1314 2258 illi
1341 2232 1461 2264 ordines,
1482 2239 1550 2266 quos
1563 2239 1718 2265 consecrat,

935 2280 1125 2304 sacrosanctas
1137 2283 1203 2304 suas
1219 2277 1245 2304 in
1261 2277 1350 2311 ipsum
1372 2278 1493 2306 referant
1516 2279 1641 2306 actiones
1657 2290 1663 2306 ;
1679 2280 1719 2306 sic

935 2322 1047 2357 angelus
1059 2329 1169 2357 quoque
1178 2322 1225 2358 qui
1241 2322 1397 2358 theologum
1424 2323 1565 2358 expiabat,
1581 2323 1717 2358 propriam

934 2367 1068 2403 purgandi
1094 2369 1149 2395 vim
1178 2373 1260 2403 atque
1284 2367 1429 2396 scientiam
1458 2369 1514 2396 Deo
1540 2370 1662 2403 quidem,
1689 2373 1719 2395 ut

932 2414 1049 2447 auctori,
1066 2414 1202 2449 seraphin:
1218 2422 1295 2447 vero,
1312 2419 1440 2449 tanquam
1458 2415 1615 2450 primicerio
1631 2423 1721 2442 sacro-

932 2468 993 2489 rum
1017 2461 1147 2493 antistiti,
1166 2461 1304 2495 attribuit;
1320 2469 1352 2489 ae
1367 2463 1391 2489 si
1407 2462 1493 2496 dicat,
1510 2470 1572 2489 cum
1592 2461 1717 2496 angelica

97 2487 216 2515 δάσκωψ
231 2488 291 2516 Ὀτι
303 2490 353 2525 τῆς
368 2490 408 2522 είς
420 2490 449 2516 σὲ
461 2490 528 2526 πρὸς
541 2491 608 2527 ἐμοῦ
621 2491 882 2527 τελετουργουμένης

939 2507 1048 2541 luadam
1067 2507 1219 2534 reverentia
1233 2515 1295 2534 eum
1312 2508 1358 2542 qui
1371 2508 1540 2543 purgabatur
1553 2508 1716 2536 instituens:

99 2534 259 2570 καθάρσεως
281 2535 351 2572 ἀρχὴ
370 2537 420 2572 μέν
435 2539 508 2564 ἐστιν
530 2537 702 2574 ἐξῃρημένη,
718 2539 765 2565 καὶ
787 2537 880 2570 οὐσία,

99 2581 146 2607 καὶ
165 2580 328 2617 δημιουργὸς
343 2583 391 2610 καί
405 2583 500 2616 αἴτιος,
517 2585 532 2611 ό
547 2584 653 2617 καὶτὰς
664 2583 775 2619 πρώτας
790 2584 882 2616 οὐσίας

930 2552 996 2587 Ejus
1018 2559 1079 2587 qua:
1093 2553 1120 2579 in
1137 2557 1162 2580 te
1177 2560 1238 2580 meo
1257 2553 1411 2581 ministerio
1424 2553 1566 2587 perficitur
1584 2553 1718 2587 expiatio-

934 2599 976 2627 nis
990 2618 998 2631 ,
1014 2599 1180 2634 principium
1202 2599 1314 2634 quidem
1341 2600 1527 2635 prtecipuum.
1541 2604 1569 2627 et
1592 2600 1714 2627 essentia

729 2686 845 2714 VARIJE
865 2687 1065 2718 LECTIONES.

162 2759 281 2804 ,είς-Τὴν
297 2759 353 2802 τῶδε
368 2761 551 2804 ὑψηλοῖῗέΡῳἫ
564 2765 594 2792 θ’
634 2765 656 2781 ¹⁸
669 2766 885 2804 καὶ,ἀγνότηίτοῇ
904 2769 935 2796 D.
948 2775 975 2796 et
988 2769 1056 2796 Bud.
1070 2769 1102 2796 V.
1117 2768 1240 2802 διαυγίας
1264 2767 1420 2804 ἁγνότητος.
1443 2767 1584 2804 ἀγνόητος,
1651 2775 1712 2804 cor-

95 2798 179 2838 rupt:
199 2798 314 2838 opi'uor‘;
330 2798 389 2831 ejus
412 2798 533 2838 lectionis
551 2798 800 2838 tarnenAvestigijtm
819 2798 900 2838 estin
916 2804 1096 2831 translatione
1107 2798 1193 2837 Scoti',
1210 2798 1295 2831 vertit
1303 2798 1387 2835 enim,
1402 2798 1556 2838 ἶηςοῂηίιὶε.
1596 2803 1618 2838 ¹ἒ
1631 2801 1710 2838 αὕτη.

94 2828 147 2874 ρει,
159 2828 194 2874 οἱ
203 2830 250 2874 ﬂ"
264 2828 467 2874 τελειῄουμένη,
486 2833 517 2861 ι).
556 2835 577 2850 η
594 2836 612 2871 ἠ
626 2835 680 2874 τῶν
701 2828 790 2874 misy,
804 2828 1193 2874 Μ⁷ξιξζῑῑίῖὲξξὲξιῖῖῇ⁷ἒῐῖὶἷ
1205 2828 1415 2874 erigaris;
1425 2828 1674 2874 ίνῗξῷν-ισχάψν
1693 2828 1711 2873 ἦ

94 2862 147 2901 τῷν
160 2864 252 2901 μέσων
268 2866 380 2901 νοερῶν.

95 2869 389 2936 ξῗέείέἑῗῗέρῖἒῗεῶἔὶι
442 2869 463 2885 ”’
476 2877 520 2905 γρ·
542 2869 664 2907 ww

727 2872 749 2888 ¹⁰
761 2870 830 2900 εἶναι
843 2873 927 2906 αἰτία,
943 2869 986 2908 υς
995 2873 1024 2902 S.
1039 2874 1070 2902 P.
1083 2869 1151 2901 εἶναι
1164 2869 1237 2901 αίτίὰ
1252 2869 1395 2909 καῗάρχή,
1415 2873 1464 2900 Ch.
1487 2873 1516 2901 V.
1529 2869 1601 2900 εἶναι’
1614 2869 1710 2904 αῖτιοςζ
