1933 3075
219 161 275 190 307

809 166 837 195 S.
857 167 1006 197 DIONYSII
1024 170 1255 201 AREOPAGITE

1794 183 1848 213 308

218 219 363 254 opifexque
380 225 459 255 atque
479 224 574 248 auctor
596 226 637 249 est
655 222 697 254 is,
718 223 766 258 qui
793 224 898 258 primas
918 226 998 253 etiam

1056 229 1102 276 καὶ
1127 230 1195 265 πρὸς
1211 231 1241 258 τὸ
1264 230 1332 259 εἶναι
1354 235 1534 270 παραγαγὼν,
1555 238 1600 265 καὶ
1623 239 1657 274 τῇ
1679 240 1743 276 περὶ
1767 242 1844 271 αὐτὸν

217 267 350 294 essentias
366 271 395 294 et
416 267 443 294 in
466 267 554 294 lucem
577 268 701 302 protulit,
725 274 753 297 et
767 269 844 304 juxta
868 278 898 298 se
921 272 1005 299 collo-

217 314 306 341 cando
321 314 456 345 continet,
473 319 555 348 atque
578 320 724 342 conservat
749 316 951 350 immulahiles,
967 318 1006 345 la-

215 367 338 394 psusque
354 365 491 395 expertes,
508 366 534 388 et
550 362 659 389 easdem
676 367 766 389 movet
782 363 815 390 ad
829 364 932 397 primas
946 373 1006 399 pro-

215 405 342 433 Videntire
355 414 411 434 sum
424 407 599 442 operati‘ones
621 408 847 444 participandas;
863 411 914 438 hoc
926 412 999 439 enim

215 453 239 480 is
253 453 298 488 qui
313 454 371 481 haec
393 462 436 481 me
452 455 555 487 docuit,
571 455 709 490 seraphim
726 456 896 491 legationem
911 457 1002 485 decla-

215 508 277 526 rare
288 500 369 528 dixit.
381 500 524 536 Principes
535 506 626 529 autem
639 509 791 536 sacrorum,
803 507 830 530 et
842 508 904 538 post
918 505 1001 532 Deum

212 547 278 580 dux,
294 547 443 580 primarum
468 548 650 575 essentiarum
665 548 746 581 ordo,
762 556 777 576 a
800 556 855 584 quo
869 556 919 584 ego
944 549 1002 577 dei—

212 592 337 620 fortniter
359 593 470 628 expiare
496 593 589 627 didici,
619 594 643 622 is
671 594 767 629 ipsius,
792 596 921 631 inquam,
945 602 999 630 est,

211 639 258 674 qui
272 646 322 673 per
346 646 389 666 me
406 645 431 667 te
447 641 551 675 expiat,
574 649 622 675 per
650 649 731 676 quem
754 643 931 676 providentia
944 651 1000 672 sua:

210 686 332 714 actiones
349 693 382 713 ex
400 686 493 714 abdito
507 687 540 714 ad
557 695 605 714 nos
619 688 749 723 produxit
773 689 812 722 is,
830 689 876 723 qui
892 694 935 717 est
948 698 998 717 au-

209 738 270 760 ctor
292 737 321 761 et
348 732 461 761 eil'ector
496 734 586 762 omnis
619 735 792 769 expiationis.
818 737 905 770 Atque
942 735 1000 765 haec

208 779 254 807 ille
277 780 387 815 quidem
412 787 456 808 me
478 780 614 814 docebat,
633 781 681 809 tibi
703 787 796 810 autem
825 783 885 818 ipse
902 785 996 818 trado;

208 831 262 853 tuae
277 833 342 854 vero
366 826 534 862 intelligendi
551 827 919 864 diseernendique-seieutiae
932 832 997 864 erit,

207 877 255 900 aut
281 879 329 906 per
352 872 467 901 alteram
491 874 626 902 dictarum
647 881 792 904 causarum
816 877 889 905 omni
911 878 998 904 ambi-

1059 275 1160 311 ἱδρύσει
1187 278 1307 313 συνέχων
1334 281 1381 307 καὶ
1405 280 1541 318 διατηρῶν
1566 275 1722 321 ἀτρέπτους
1744 296 1775 315 τε
1800 290 1847 317 καὶ

1054 322 1266 357 ἀμεταπτώτως
1277 325 1386 358 αὐτοὺς,
1402 327 1515 354 κινῶν¹¹
1533 329 1580 356 ἐπὶ
1598 330 1648 362 τὰς
1666 332 1777 368 πρώτας
1791 334 1843 362 τῶν

1053 368 1161 395 οἰκείων
1195 371 1381 406 προνοητικῶν
1406 374 1551 413 ὲνεργεεῷν
1578 378 1738 411 μετουσίας·
1765 379 1842 408 τοῦτο

1053 413 1106 461 γὰρ
1175 415 1262 443 ταῦτά
1285 425 1318 452 με
1346 408 1478 446 διδάσκιυν
1578 408 1632 457 ἰτὴν
1653 423 1701 450 τοῦ
1714 408 1842 461 γσεραφὶμ

1053 459 1197 494 ἐμφαίνειν
1217 462 1379 498 ἀποστολήν.
1401 463 1541 502 Ίεράρχης
1559 466 1588 493 δὲ
1612 467 1660 494 καὶ
1686 459 1763 504 μετὰ.
1776 459 1840 497 Θεδν

1051 506 1173 552 ἡγεμὼν,
1189 508 1204 534 ὁ
1220 508 1274 535 τῶν
1293 511 1453 545 πρωτίστων
1467 513 1564 539 οὐσιῶν
1585 513 1733 550 διάκοσμος
1743 535 1751 548 ,
1776 518 1840 552 παρῒ

1051 551 1081 580 οὔ
1099 554 1129 580 τὸ
1153 555 1293 592 καθαίρειν
1314 557 1369 592 ὲγὼ
1392 558 1515 591 θεοειδῶς
1534 561 1675 597 ἐμυήθην,
1696 559 1774 595 οὗτος
1795 551 1842 590 οὖν

1050 600 1125 626 ἐστιν
1149 603 1164 628 ὁ
1186 602 1219 628 δι’
1242 603 1309 639 ἐμοῦ
1332 613 1362 631 σε
1386 606 1542 642 καθαίρων·
1567 607 1600 634 δι’
1623 606 1654 636 οὗ
1669 608 1719 641 τὰς
1739 610 1844 642 οἰκείας

1050 649 1231 684 προνοητικὰς
1244 651 1383 686 ἐνεργείας
1399 652 1430 679 ἐκ
1449 653 1496 680 τοῦ
1513 654 1630 690 κρυφίου
1647 656 1694 682 καὶ
1708 656 1749 688 είς
1767 657 1838 692 ἡμᾶς

1050 694 1207 730 προήγαγεν
1228 696 1245 731 ἡ
1270 697 1360 732 πάσης
1389 699 1462 725 αἰτία
1485 700 1532 726 καὶ
1552 700 1717 736 δημιουργὸς
1735 701 1837 738 καθάρφ

1051 748 1127 771 σεως.
1146 741 1237 768 Ταῦτα
1254 743 1303 778 μὲν
1325 744 1428 776 ἐκεῖνος
1441 745 1570 773 ἐδίδασκέΔ
1588 755 1622 782 με
1634 767 1642 778 ,
1665 747 1708 774 σοὶ
1731 748 1759 775 δὲ
1782 748 1836 783 ἐγὼ

1051 787 1213 824 μεταδίδωμι
1225 797 1232 803 ·
1257 790 1308 825 τῆς
1325 790 1376 826 σῆς
1395 791 1417 817 δ’
1441 791 1475 818 ἂν
1492 792 1537 829 ετη
1551 795 1647 829 νοερᾶς
1667 795 1713 821 καὶ
1730 795 1836 830 διακρι-

1048 834 1127 869 τικῆς
1143 835 1305 871 ἐπιστήμης,
1321 836 1338 872 ἦ
1352 837 1469 873 θατέραν
1480 839 1535 866 τῶν
1546 840 1698 876 εἰρημένων
1706 840 1729 856 ’³
1743 841 1835 867 αἰτιῶν

1048 879 1215 916 ἀπολυθῆναι
1229 881 1277 917 τῆς
1297 882 1429 918 ἀπορίας,
1451 885 1499 911 καὶ
1519 885 1622 921 ταύτην
1644 885 1758 922 τιμῆσαι
1782 887 1841 923 πρὸ.

206 918 319 952 guitatis
336 919 468 954 scrupulo
489 920 616 953 absolvi,
641 929 757 956 eamque
782 922 879 954 alteri,
903 927 996 958 utpote

1049 926 1095 961 τῆς
1109 926 1204 963 ἐτέρας
1216 947 1223 959 ,
1239 927 1277 959 ὼς
1291 929 1321 955 τὸ
1339 930 1426 963 εἰκὸς,
1451 931 1497 958 καὶ
1517 931 1550 958 τδ
1570 918 1696 966 εῠλογον,
1706 918 1756 960 διαὶ
1771 918 1834 966 locis;

204 965 385 999 probabilem,
399 971 426 994 et
439 973 652 996 consentaneam
663 989 671 1002 ,
686 977 719 997 ac
740 969 811 997 forte
827 977 932 1002 veram,
944 977 994 996 an-

206 1017 353 1046 teponere;
368 1019 416 1041 aut
430 1021 479 1048 per
494 1019 529 1047 te,
542 1015 607 1050 quid
617 1023 679 1043 cum
691 1016 808 1043 veritate
823 1016 995 1050 coniunctius

204 1058 242 1085 sit
257 1058 380 1086 invenire
393 1080 401 1093 ,
417 1065 465 1088 aut
480 1061 514 1087 ab
527 1061 583 1089 alio
599 1061 707 1090 discere
723 1062 790 1098 (Deo
805 1062 911 1090 scilicet
931 1070 994 1091 ver-

204 1105 268 1131 bum
295 1105 448 1140 tribuente,
472 1107 546 1141 quod
576 1112 604 1135 et
632 1108 721 1144 angeli
748 1109 993 1144 interpretentur),

204 1151 339 1185 nobisque
364 1153 523 1187 angelorum
547 1154 679 1182 studiosis
702 1155 825 1183 revelare
847 1154 990 1183 clariorem

203 1197 238 1231 (si
256 1197 313 1225 fieri
338 1199 443 1234 possit)
465 1199 588 1235 mihique
611 1201 757 1235 gratiorem
778 1200 989 1236 contemplatio-

203 1251 279 1271 Hell].-

1044 972 1076 998 τδ
1090 972 1188 1009 ἀληθὲς
1207 973 1321 1009 ἔχουσαν
1331 984 1337 990 ·
1354 975 1370 1012 ἢ
1383 978 1448 1012 παρ’
1462 977 1558 1004 ἑαυτοῦ
1570 987 1597 1005 τι
1609 978 1656 1005 τοῦ
1671 979 1756 1011 ὅντως
1769 979 1834 1015 ἀλη-

1045 1016 1107 1049 θοῦς
1126 1019 1338 1056 συγγενέστερον
1351 1020 1481 1057 ἐξευρεῖν,
1503 1022 1520 1058 ἢ
1536 1024 1600 1059 παρ’
1620 1024 1714 1060 ἑτέρου
1738 1024 1833 1060 μαθεῖν

1044 1063 1127 1098 (Θεοῦ
1142 1064 1240 1101 δηλαδὴ
1262 1066 1378 1098 διδόντος
1398 1067 1483 1104 ῥῆμα,
1502 1068 1550 1095 καὶ
1565 1069 1766 1105 προξενούντων
1783 1071 1833 1105 ἀγ·-

1043 1108 1150 1145 γέλων),
1167 1111 1278 1143 καὶτοῖς
1289 1112 1462 1146 φιλαγγέλοις
1475 1115 1541 1149 ἡμῖν
1555 1114 1724 1151 ἀνακαλύψω
1735 1115 1837 1151 διαυγῆ

1043 1155 1143 1190 μᾶλλον
1157 1156 1247 1193 (εἴπερ
1263 1155 1318 1184 οἶόν
1332 1167 1361 1185 τε
1376 1157 1435 1195 ﬁ”)
1464 1161 1511 1187 ml.
1525 1161 1586 1196 ἐμοὶ
1601 1161 1700 1197 μᾶλλον
1714 1162 1837 1198 ἐραστὴν.

1041 1201 1168 1238 θεωρίαν.

777 1369 1049 1398 ΑυΝοτΑτιοΝΕδ.
1064 1369 1235 1398 (ΣΟΙωΕΒΙΙ.

239 1437 276 1465 Ex
301 1437 354 1464 hoc
377 1437 467 1471 capite
493 1437 583 1472 sancti
598 1436 719 1472 Dionysii
743 1437 821 1464 divus
844 1436 964 1464 Thomas
989 1436 1016 1463 in
1042 1437 1129 1472 prima
1145 1442 1232 1471 parte,
1252 1444 1280 1472 q.
1297 1437 1359 1470 ΗΞ,
1390 1441 1444 1465 art.
1468 1437 1510 1472 ει
1530 1441 1620 1464 movet
1641 1439 1822 1472 quaestionem

201 1479 292 1501 utrum
311 1480 407 1500 omnes
421 1471 509 1507 angeli
532 1472 558 1498 in
581 1471 763 1500 ministerium
778 1472 933 1504 mittantur,
949 1477 976 1499 et
996 1472 1022 1498 in
1040 1471 1155 1506 corpore
1169 1471 1326 1507 respondet,
1343 1471 1454 1507 angelos
1470 1471 1614 1500 inferiores
1627 1471 1732 1500 tantum
1751 1476 1828 1503 mitti:

201 1510 236 1536 ile
251 1509 310 1544 lege
327 1508 482 1544 touununi,
498 1508 653 1544 superiores
667 1515 731 1535 vero
746 1514 778 1534 ex
795 1507 885 1544 divina
901 1507 1113 1544 dispensatione.
1131 1507 1291 1544 Hoeenimi,
1308 1507 1408 1542 inquit,
1426 1508 1513 1544 habet
1521 1508 1589 1535 ordo
1609 1508 1709 1544 divinae
1730 1509 1832 1538 Provi-.

201 1541 311 1575 dentiaa,
328 1550 380 1570 non
398 1543 484 1570 solum
505 1541 662 1577 in’angelis,
677 1544 724 1570 sed
746 1544 831 1570 etiam
846 1543 872 1569 in
893 1546 950 1570 toto
973 1543 1114 1575 universo,
1129 1542 1201 1576 quod
1217 1541 1353 1570 inferiora
1362 1550 1410 1577 per
1424 1543 1566 1577 superiora
1580 1543 1823 1575 administrentur;

200 1581 247 1606 sed
263 1581 297 1606 ab
313 1579 364 1606 hoc
377 1578 472 1606 ordine
497 1578 524 1605 in
549 1579 630 1614 rebus
653 1578 847 1614 corporalibus
858 1577 1003 1614 aliquando
1018 1585 1051 1605 ex
1066 1578 1158 1614 divina
1174 1577 1379 1614 dispensatione
1404 1578 1551 1611 receditur,
1575 1582 1687 1614 propter
1700 1580 1830 1608 ordinem.

200 1615 339 1648 altiorem,
356 1614 506 1641 secundum
521 1613 649 1640 videlicet
665 1612 735 1648 quod
751 1613 861 1648 expedit
878 1614 912 1639 ad
928 1613 1021 1648 gratiae
1035 1612 1293 1640 manifestationem.

236 1649 406 1677 Deteriuinat
423 1649 505 1676 etiam
521 1649 572 1676 hoc
583 1647 679 1684 capite
690 1653 802 1676 sanctus
817 1647 961 1683 Dionysius
977 1648 1335 1684 quamdamiqutestionem,
1356 1656 1417 1683 qua:
1433 1653 1506 1676 mota
1520 1649 1572 1676 fuit
1586 1655 1620 1676 ex
1634 1648 1667 1677 iis
1679 1657 1739 1684 quae
1753 1658 1778 1678 c.
1795 1651 1830 1683 6,,

200 1684 256 1722 5‘3,
270 1685 340 1722 dicta
358 1690 419 1711 sunt
431 1693 438 1711 :
451 1685 510 1722 tibi
525 1685 613 1722 d_ocet_
631 1685 746 1722 primam
765 1684 950 1722 hierarchiam
974 1684 1049 1711 circa
1067 1683 1148 1722 116
1163 1684 1248 1722 Deurn
1262 1684 1371 1722 assidue
1387 1683 1723 1722 Ve[sari,_illlqttejttgitur
1738 1686 1823 1714 iulia--

197 1718 269 1748 fere.
289 1721 354 1747 Item
373 1727 434 1754 cap.
451 1718 478 1752 7,
498 1719 511 1755 §
533 1719 571 1755 2,7
589 1718 750 1754 ait’primas
770 1719 831 1746 illas
845 1718 992 1755 essentias,
1016 1721 1093 1753 quasi
1106 1720 1145 1755 riu
1170 1718 1304 1746 vestibqu
1320 1718 1406 1753 ipsius
1421 1718 1578 1746 Divinitatis
1597 1719 1755 1753 collocatas,
1767 1726 1822 1749 etc.

198 1756 304 1789 Quibus
328 1756 394 1782 locis
409 1753 572 1790 'siguit‘icari
598 1753 728 1788 videtur,
751 1755 824 1790 quod
849 1761 957 1786 semper
979 1753 1034 1790 Deo
1054 1754 1205 1790 assistant.
1238 1758 1265 1790 et
1288 1755 1322 1781 ad
1353 1761 1409 1790 nos,
1433 1755 1555 1781 exterius
1577 1762 1630 1782 nou
1655 1756 1823 1784 mittantur:

198 1791 275 1824 cujus
302 1790 471 1818 contrarium
496 1790 604 1817 videtur
626 1791 727 1818 docere
752 1789 837 1817 Isaias
854 1796 880 1816 c.
906 1795 943 1821 vr,
969 1789 1015 1816 ubi
1043 1789 1112 1817 dicit
1134 1796 1217 1816 unum
1243 1789 1278 1816 de
1301 1789 1439 1824 seraphim
1463 1790 1575 1818 missum
1600 1790 1634 1818 ad
1651 1791 1822 1825 purgandum

197 1827 370 1861 prophetam.

235 1859 254 1897 5'
275 1861 296 1888 I.
321 1861 453 1896 Proponit
477 1861 679 1897 quaestionem:
698 1867 758 1895 quae
782 1868 844 1888 cum
869 1859 998 1897 fundetur
1020 1859 1046 1897 in
1069 1859 1244 1897 distinctione
1270 1860 1392 1897 muneris
1416 1859 1559 1897 assistendi
1586 1865 1613 1888 et
1636 1861 1821 1895 ministrandi,

198 1895 346 1924 uniandtun
375 1896 486 1930 angelos
510 1903 588 1930 posse
611 1896 664 1923 dici
690 1896 872 1923 diversimode
896 1895 952 1923 Deo
975 1895 1115 1931 assistere.
1138 1896 1177 1923 Ac
1202 1896 1292 1930 primo
1311 1896 1436 1930 quidem,
1451 1896 1473 1922 si
1490 1896 1615 1931 assistere
1629 1901 1754 1923 sumatur
1771 1905 1822 1931 pro

197 1930 293 1966 [aciem
309 1931 355 1958 Dei
371 1929 554 1966 contemplari,
568 1932 607 1958 sic
622 1931 754 1958 assistunt
769 1939 864 1958 omnes
881 1931 945 1958 boui
969 1930 1079 1965 angeli,
1096 1930 1142 1964 qui
1166 1929 1275 1966 semper
1296 1929 1389 1966 vident
1415 1931 1513 1958 faciem
1535 1929 1626 1966 Patris
1640 1932 1686 1966 qui
1699 1932 1725 1958 iu
1741 1929 1822 1960 ctialis

195 1972 239 1993 est
255 1967 364 2002 (Matt/1.
378 1967 466 2002 xvtn).
491 1966 631 1998 Secundo,
645 1967 666 1993 si
676 1967 804 2002 assistere
816 1970 939 1994 sumatur
962 1973 1012 2000 pro
1021 1965 1175 2002 immediate
1186 1965 1300 2000 recipere
1317 1965 1525 1993 illuminationes
1539 1974 1555 1992 a
1572 1965 1627 1993 Deo
1638 1965 1702 1998 {sic
1716 1970 1820 1994 tantum

196 2001 330 2029 assistunt
353 2007 408 2029 tres
433 2001 514 2037 primi
532 2002 654 2029 ordines.
673 2001 778 2034 Tertio,
792 2002 814 2029 si
830 2002 956 2028 assistere
967 2001 1119 2037 accipiatur
1132 2009 1181 2035 pro
1200 2001 1411 2035 appropinquare
1424 2001 1489 2032 Dea,
1506 2006 1531 2027 et
1546 2007 1699 2029 extraneum
1716 2009 1772 2028 esse
1787 2004 1821 2029 ab

195 2039 311 2064 exterius
325 2035 466 2070 missione,
483 2037 524 2064 sic
548 2038 681 2064 assistunt
695 2042 813 2071 quatuor
829 2037 909 2071 primi
925 2037 1045 2072 ordines.
1068 2035 1224 2063 Ministrare
1238 2043 1302 2072 vero
1314 2037 1496 2072 estnuutiare
1509 2043 1559 2071 pro
1574 2037 1707 2071 temporis
1722 2044 1821 2072 oppor-

196 2073 327 2104 tunitate,
345 2073 385 2100 vel
399 2073 508 2106 operari
524 2074 673 2100 secundum
686 2070 804 2100 cilicium
815 2070 879 2104 {est
891 2071 964 2098 enim
981 2071 1163 2098 ministerium
1179 2071 1265 2098 nuntii
1282 2076 1309 2098 et
1322 2070 1413 2098 otIicii.

233 2107 249 2143 ἓ
269 2107 297 2133 Il.
319 2108 414 2135 Tradit
440 2109 555 2142 primam
581 2107 741 2142 quastionis
762 2107 948 2138 solutionem,
971 2106 1097 2143 scilicet,
1120 2107 1190 2143 quod
1207 2107 1252 2133 ille
1274 2106 1320 2141 qui
1344 2107 1479 2143 purgavit
1492 2107 1665 2141 prophetam.
1682 2107 1766 2136 fuerit
1785 2109 1820 2138 de

196 2141 376 2171 inferioribus
399 2141 558 2176 ordinibus,
583 2141 673 2170 dictus
690 2144 829 2177 seraphim
849 2143 1005 2177 aiquivoce,
1022 2149 1070 2175 per
1089 2141 1270 2170 imitationem
1290 2147 1367 2170 actus
1390 2142 1582 2178 superiorum,
1605 2143 1669 2177 quia
1692 2145 1821 2179 purgavit

195 2186 245 2212 per
261 2179 359 2213 ignem.

233 2213 248 2249 ς
267 2211 310 2240 ΠΙ.
333 2214 412 2242 Ponit
428 2214 577 2242 secundam
594 2214 767 2246 solutionem,
785 2213 891 2241 scilicet
904 2212 976 2249 quod
991 2212 1035 2239 ille
1055 2213 1100 2247 qui
1123 2213 1250 2247 purgavit
1271 2213 1442 2247 prophetam,
1458 2211 1540 2240 fuerit
1552 2213 1585 2240 de
1599 2212 1687 2247 primo
1701 2214 1817 2249 ordine;

194 2251 243 2275 sed
271 2257 323 2276 non
351 2251 508 2286 purgaverit
534 2249 704 2282 ministerio,
722 2249 783 2286 rsed
803 2248 982 2286 auctoritate,
1012 2249 1038 2286 in
1055 2253 1187 2286 quantum
1207 2249 1333 2286 videlicet
1355 2249 1469 2276 inferior
1491 2249 1603 2286 angelus
1617 2248 1719 2286 virtute
1733 2250 1820 2284 ipsius

194 2289 305 2320 recepta
322 2283 449 2320 purgavit
465 2285 627 2319 prophetam
641 2292 648 2310 :
665 2289 692 2312 et
705 2285 746 2311 sic
762 2285 901 2311 reducitur
916 2284 1039 2320 operatio
1053 2284 1087 2320 in
1103 2283 1202 2320 ipsum.
1224 2284 1370 2320 Continuat
1381 2288 1471 2320 autem
1491 2284 1543 2311 hoc
1556 2283 1692 2318 persimile
1709 2283 1819 2313 virtutis

195 2319 303 2352 ditium,
320 2318 550 2348 universaliter'iu
573 2320 665 2347 omnia
686 2319 801 2352 dill‘usa:,
816 2327 893 2353 cuius
915 2318 1076 2345 illuminatio
1093 2319 1216 2353 pervenit
1239 2321 1265 2345 in
1288 2319 1481 2346 intellectualia
1497 2319 1748 2353 proportionaliter,
1762 2329 1817 2348 non

194 2361 274 2381 secus
290 2361 372 2390 atque
387 2356 432 2383 lux
453 2356 497 2383 vel
514 2355 590 2383 calor
606 2355 767 2386 tuaterialis.
781 2362 814 2382 ea
826 2361 940 2389 corpora
957 2361 1017 2388 qua:
1031 2354 1116 2389 magis
1130 2358 1191 2389 apta
1207 2355 1240 2381 ad
1252 2355 1292 2381 sui
1309 2354 1510 2388 susceptionem
1524 2353 1639 2387 invertit,
1653 2355 1740 2388 magis
1753 2355 1819 2382 illu-

193 2396 282 2417 minat
297 2397 343 2417 aut
356 2392 491 2419 accendit.

231 2424 247 2460 ﬁ
267 2425 310 2452 IV.
335 2427 469 2454 Describit
491 2427 623 2454 visionem
643 2430 671 2453 et
687 2425 868 2460 expiationem
885 2423 963 2452 Isaiae
975 2424 1131 2458 prophetae,
1147 2431 1229 2458 quam
1251 2425 1308 2460 ipse
1318 2425 1355 2460 de
1372 2431 1403 2451 se
1413 2431 1476 2459 cap.
1494 2433 1521 2452 \u
1539 2429 1642 2457 narrat,
1658 2424 1692 2452 de
1704 2432 1757 2460 qua
1777 2426 1816 2452 ita

193 2459 500 2497 Gt‘égoriusTheologus
516 2463 636 2489 secundo
653 2461 690 2488 De
706 2459 839 2496 theologia
855 2461 925 2487 libro
941 2461 980 2486 ait
996 2468 1029 2497 ενι
1048 2460 1118 2497 Quid
1135 2465 1168 2486 de
1182 2459 1297 2497 Isaia’et
1316 2459 1475 2497 Ezechiele,
1489 2462 1534 2497 qui
1551 2467 1666 2497 uterque
1674 2459 1819 2497 maximo-

194 2503 254 2531 rum
270 2495 463 2531 mysteriorum
475 2502 617 2531 spectator
634 2497 694 2529 fuit,
709 2505 741 2524 at:
760 2497 793 2524 de
812 2496 923 2530 reliquis
936 2496 1078 2530 prophetis
1093 2496 1184 2522 dicere
1199 2496 1310 2529 poteris,
1327 2502 1359 2521 ex
1377 2495 1475 2529 quibus
1491 2496 1536 2523 ille
1548 2495 1656 2531 quidem
1671 2496 1817 2523 Dominum

194 2530 317 2558 Sabaoth
331 2533 473 2560 sedentem
486 2530 513 2559 iu
525 2534 623 2559 throno
639 2532 732 2566 gloria:
745 2532 824 2564 vidit,
837 2536 864 2559 et
877 2532 948 2558 hunc
959 2538 973 2556 a
986 2531 1140 2565 seraphinis
1151 2531 1309 2565 sexaligeris
1322 2531 1463 2565 stipatum,
1476 2530 1613 2558 laudatum
1626 2536 1653 2557 et
1663 2531 1816 2564 obtectum,

193 2573 279 2603 seque
295 2568 414 2595 carbone
430 2569 502 2603 ignis
515 2575 670 2603 purgatum,
687 2573 715 2594 et
729 2568 763 2594 ad
780 2568 950 2602 prophetiam
973 2566 1153 2603 instructum;
1170 2566 1213 2593 hic
1228 2574 1294 2593 vero
1312 2566 1465 2603 vehiculum
1473 2573 1518 2603 “ex
1533 2566 1691 2594 eheruhinis
1706 2566 1816 2603 descri-

193 2601 251 2634 bit,
274 2607 302 2629 et
326 2611 409 2637 super
433 2600 480 2630 eos
505 2600 653 2634 thronum,
679 2608 707 2630 et
728 2600 810 2637 super
830 2600 957 2629 ihrouuut
982 2602 1202 2634 ﬁrmamentum,
1223 2606 1251 2628 et
1274 2608 1335 2627 euttt
1351 2600 1444 2637 quiin
1469 2601 1639 2628 lirtnamento
1653 2601 1816 2635 apparebat,

193 2641 222 2663 et
243 2644 322 2665 voces
343 2636 474 2672 quasdam
488 2643 516 2666 et
535 2639 668 2673 impetus,
692 2643 719 2664 et
745 2636 890 2666 actiones:
907 2642 988 2671 atque
1003 2637 1054 2663 hoc
1068 2637 1197 2673 quidem,
1220 2636 1279 2663 sive
1302 2641 1362 2662 erat
1383 2636 1469 2663 visum
1488 2637 1613 2663 diurnum
1629 2637 1695 2663 solis
1709 2642 1817 2663 sanctis

193 2675 358 2706 aspectabile
401 2677 460 2701 sive
486 2672 620 2702 nocturna
638 2679 666 2701 et
683 2681 744 2700 Vera
771 2674 852 2706 visio,
871 2673 929 2700 sive
953 2672 1110 2699 informatio
1134 2672 1288 2699 futurorum
1305 2677 1433 2706 tanquam
1453 2673 1627 2706 praesentium
1651 2673 1678 2699 in
1703 2677 1815 2704 mente,

825 2763 944 2791 VARIJ‘I
963 2761 1162 2790 LECTIONES.

227 2838 253 2854 ”
272 2838 318 2864 καὶ
330 2838 410 2869 αὐτὸς
424 2836 516 2868 κινῶν,
531 2836 560 2863 S.
573 2836 603 2863 Ρ.
621 2837 650 2863 D.
669 2836 714 2862 Sc.
736 2836 780 2863 Sa.
799 2834 957 2863 αὐτοχινών.
973 2833 1005 2861 Μ.
1020 2834 1069 2861 Ch.
1108 2833 1130 2849 "
1145 2833 1259 2870 θατέρᾳ,
1280 2833 1328 2870 C_h.
1343 2833 1373 2860 D.
1387 2832 1507 2870 θατέριρν
1520 2832 1683 2870 είρημενων,
1697 2833 1727 2861 S.
1742 2833 1814 2861 Butl.

192 2880 276 2900 rmtcx
290 2884 296 2900 ;
309 2865 424 2901 inuexit
443 2865 541 2906 mnta,
559 2872 657 2907 θατέω
671 2872 734 2903 τῶι,
751 2873 872 2904 IlI/ctam,
902 2875 1007 2898 vertunt
1029 2871 1072 2897 Sc.
1090 2874 1116 2897 ct
1141 2869 1200 2897 Sar.
1215 2865 1220 2869 ’
1237 2865 1263 2885 ’τι
1293 2865 1308 2903 ᾖ
1333 2876 1385 2896 non
1413 2865 1460 2897 est'
1476 2869 1504 2896 iit
1521 2865 1699 2901 (ihj'videtur
1720 2870 1816 2906 lege“.

193 2911 253 2935 dum
271 2910 324 2945 εἰη.
