1933 3075
100 125 163 154 309

362 125 404 153 DE
421 126 584 155 ῦοΕιΕδΤι
603 127 814 156 HIERARCHIA
826 149 832 161 ,
850 127 925 156 CAP.
947 129 1012 156 XIII.
1032 145 1066 150 —-
1083 128 1254 156 PARAPIIR.
1272 127 1504 159 PACIIYMEBE.

1688 131 1747 160 δια

102 181 248 222 sive_alia
268 183 374 217 species
388 191 488 212 arcana
506 186 672 220 prophetiae.
691 194 743 213 non
770 193 880 221 possum
907 186 1061 220 aﬂirmare;
1087 187 1158 215 Deus
1183 187 1379 222 prophetarum
1403 187 1478 214 n0vit
1491 207 1498 220 ,
1517 190 1545 214 et
1563 187 1663 222 quibus
1675 188 1739 216 talia

102 217 298 252 contigerunt.
319 229 329 245 ι

146 252 216 279 Nota
238 258 329 293 autem
344 261 378 281 ex
394 254 430 287 3P.
447 255 573 293 Cornelio
587 263 724 293 congruas
741 256 847 292 aliquot
862 257 985 293 rationes
1000 257 1081 292 hujus
1102 258 1226 284 visionis.
1248 256 1349 289 Prima,
1365 263 1395 284 ut
1409 265 1459 292 per
1473 265 1532 285 eam
1548 258 1625 293 quasi
1641 266 1738 286 conse-

103 293 237 328 craretur
253 290 385 328 propheta
402 290 594 328 etapostulus.
610 291 752 328 §ecunda,
770 290 798 318 ui
815 300 829 318 a
849 292 1009 328 caelestibus
1033 290 1177 328 Spiritibus
1192 293 1321 328 disceret,
1337 290 1474 328 quomodo
1488 290 1582 320 divina
1599 294 1739 321 tractanda

105 323 179 349 sint.
203 323 563 361 'I‘_ertiaLut*animaretur
578 334 592 353 a
609 327 664 354 Deo
681 327 713 354 ad
730 323 814 354 libere
841 327 1012 361 argnendam
1038 323 1190 354 caecitatem
1212 323 1378 354 Iudaeorum.

1399 327 1500 360 Quarta
1513 348 1520 360 ,
1546 333 1575 355 ut
1597 329 1740 356 doceretur

107 359 286 399 mysterium
300 358 352 399 SS.
376 359 538 399 Trinitatis,
563 366 590 399 et
611 362 689 390 nobis
709 363 783 399 idem
805 358 1000 399 adumbraret.
1015 362 1095 390 Plura
1115 364 1177 390 vide
1197 364 1267 397 apud
1292 361 1321 399 Ρ.
1347 358 1520 395 Cornelium,
1534 364 1580 398 qui
1602 365 1636 391 ad
1657 368 1740 398 caput

104 397 220 433 sextum
236 392 313 422 Isaia:
328 396 399 422 hanc
417 397 550 423 visionem
576 397 636 425 fuse
654 397 794 432 explicat,
818 402 845 425 et
866 397 950 424 simul
972 397 1017 424 illa
1041 405 1101 432 quae
1125 392 1254 433 superius
1269 398 1303 425 ad
1320 402 1401 432 caput
1416 392 1521 426 sextum
1542 392 1572 426 Et
1594 392 1738 433 septimum

104 428 278 457 notavimus.

636 533 878 562 PARAPHRASIS
896 533 1116 562 PACHYMERIE
1136 534 1202 570 (I8).

147 609 162 645 ᾗ
185 610 205 636 Ι.
226 611 294 645 ¹Φέρε
313 611 360 637 καὶ
384 611 480 647 ἑτέραν
504 611 621 646 ἀπορίαν
638 612 820 647 ζητήσωμεν,
843 610 899 638 ἐπεὶ

995 611 1008 647 §
1030 610 1050 638 Ι.
1069 611 1191 646 Agedum
1214 612 1297 639 etiam
1320 612 1401 639 aliam
1427 612 1604 647 quaestionem
1629 612 1741 647 indage-

103 658 300 692 ὲναντιοφανὲς
323 655 392 684 εἶναι
417 658 491 684 δοκεί
516 660 572 690 τοῖς
595 659 742 694 λεχθεῖσιν·
768 659 821 694 ἔφη
847 659 902 695 γὰρ

105 704 164 739 πρὸ
187 703 300 734 τούτων,
324 704 364 730 ὅτι
389 703 423 730 τὰ
443 704 584 740 κατώτερα
601 705 652 731 ὑπὸ
665 705 720 732 τῶν
737 706 901 742 ὑπερκειμέ-

104 758 174 781 νων,
189 750 220 776 οὑ
236 749 290 785 μὴν
302 750 355 776 τῶν
368 750 499 778 ἀνωτάτω
511 751 651 786 μυοῦνται.
666 752 737 787 Ὅρα
751 751 790 783 δὲ,
804 752 844 778 ὅτι
856 753 902 778 καὶ

103 794 171 821 τότε
185 794 305 830 ἐζητήθη
313 795 409 827 ταῦτα,
422 796 468 823 καὶ
485 796 620 832 διαφόρως
632 797 760 833 έπελύθη.
776 799 901 833 Ζητεῖται

105 841 175 877 γὰρ,
191 841 264 873 τίνος
276 841 359 868 ἕνεκα
380 842 450 878 πρὸς
468 842 514 869 τὸν
530 843 644 870 Ἡσαΐαν
661 844 676 869 ὁ
695 844 814 879 σεραφὶμ
834 845 901 871 ἀπο-

107 887 268 918 στέλλεται,
294 887 341 914 καὶ
363 888 412 914 οὐκ
435 888 467 914 ἐκ
484 888 539 914 τῶν
569 889 717 915 κατωτάτω
739 889 899 924 ταγμάτων,

106 932 172 959 ἐπεὶ
185 933 327 968 ἐλέγομεν,
346 933 485 966 εὐτάκτως
507 934 523 969 ή
549 933 648 969 μύησις
659 934 762 968 γίνεται
782 933 826 960 διὰ
846 933 901 960 τῶν

107 978 228 1013 πρώτων
251 979 291 1010 είς
308 978 343 1006 τὰ
361 979 491 1016 δεύτερα·
515 979 560 1006 διὰ
574 980 600 1007 τί
623 980 689 1015 γοῦν
711 980 836 1016 καθαίρει
855 981 901 1008 τὸν

106 1025 253 1060 ὑποφήτην
266 1025 281 1051 ὀ
296 1026 355 1056 ταῖς
371 1025 501 1053 ἀνωτάτω
518 1025 627 1058 τάξεσιν
638 1026 811 1062 ὲναρίθμιος;

146 1070 161 1106 §
184 1070 214 1098 ll.
235 1071 313 1101 Τινὲς
331 1071 381 1106 μὲν
400 1069 446 1098 οὖν
469 1080 567 1106 φασιν,
589 1072 629 1099 ὅτι
648 1073 694 1099 καὶ
714 1073 728 1099 ὁ
753 1074 900 1109 κατωτέρω

105 1115 225 1150 ἄγγελος
249 1116 402 1151 ὁμωνύμως
418 1117 538 1153 σεραφὶμ
555 1117 726 1152 ὀνομάζεται,
748 1120 808 1145 κατ’
821 1119 900 1146 αὐτὸν

105 1160 155 1186 τδν
174 1160 224 1195 τῆς
241 1161 382 1193 κοινωνίας
395 1161 483 1195 λόγον,
500 1162 529 1188 ὃν
544 1162 591 1189 καί
611 1163 744 1199 πρότερον
760 1163 899 1199 ἐλέγομεν,

104 1207 149 1234 δτι
169 1207 311 1242 μετέχουσι
328 1209 375 1235 καὶ
390 1208 425 1235 τὰ
437 1209 512 1236 κάτω
531 1209 586 1236 τῶν
602 1209 839 1246 ὑπερϐεϐηκότων,
854 1212 900 1238 καὶ

105 1253 142 1280 τὰ
159 1253 368 1289 ὑπερὸεόηκότα
388 1255 443 1282 τῶν
460 1256 551 1282 κάτω·
569 1257 594 1283 ει
614 1257 661 1283 καὶ
676 1256 762 1283 ταῦτα
780 1257 830 1292 μὲν
846 1257 901 1283 ὁλι-

955 665 1032 690 mus.
1048 657 1178 692 quoniam
1195 658 1302 685 videtur
1323 666 1385 686 esse
1402 659 1482 686 dictis
1503 659 1657 686 contraria:
1671 659 1741 687 dixit

952 703 1025 731 enim
1039 708 1133 736 antea,
1149 703 1293 731 inferiores
1308 711 1322 731 a
1338 705 1568 739 praecedentibus,
1583 712 1637 733 non
1649 711 1740 733 autem

954 756 968 775 a
985 751 1120 783 supremis
1135 749 1238 778 doceri.
1254 750 1375 778 Observa
1397 756 1499 785 autem,
1515 755 1545 778 ut
1561 756 1589 779 et
1606 751 1663 779 haec
1677 756 1744 779 tunc

952 795 1078 828 qumsita,
1092 799 1119 822 et
1133 795 1318 824 diversimode
1329 796 1418 824 soluta
1429 797 1494 824 sint.
1507 796 1645 830 Quaeritur
1656 797 1738 830 enim,

952 847 1002 867 cur
1016 840 1048 867 ad
1060 839 1158 868 Isaiam
1174 842 1311 876 seraphim
1327 842 1465 874 mittatur,
1478 848 1505 870 et
1523 850 1577 870 non
1591 843 1740 878 aliquisex

953 887 1096 915 ordinibus
1117 888 1308 920 inferioribus,
1331 889 1552 924 quandoquidem
1576 889 1738 921 dixerimus,

952 934 1077 962 ordinate
1091 934 1247 962 doctrinam
1271 935 1340 962 tradi
1362 942 1411 970 per
1425 936 1527 970 primos
1541 935 1716 963 inferioribus
1729 944 1738 963 ς

951 987 1037 1013 quare
1050 987 1116 1015 ergo
1131 980 1295 1015 prophetam
1320 981 1413 1016 expiat
1435 981 1459 1008 is
1481 981 1528 1016 qui
1545 981 1679 1016 supremis
1694 989 1740 1009 or-

951 1026 1060 1054 dinibus
1076 1027 1296 1054 annumeratur?

987 1071 1002 1109 ᾗ
1019 1071 1050 1100 II.
1069 1073 1161 1107 Aliqui
1185 1072 1278 1108 itaque
1295 1073 1402 1107 dicunt,
1430 1073 1589 1102 inferiorem
1611 1073 1739 1110 angelum

951 1120 1068 1147 univoce
1091 1120 1231 1154 serapbim
1254 1119 1410 1153 nominari,
1437 1121 1588 1148 secundum
1612 1121 1738 1148 eamdem

951 1165 1213 1193 communicationis
1228 1165 1360 1192 rationem
1375 1173 1456 1200 quam
1482 1171 1564 1193 antea
1589 1167 1740 1202 assignavi-

951 1218 1013 1238 mus
1025 1230 1034 1244 ,
1050 1211 1130 1247 117
1146 1211 1218 1247 quod
1232 1211 1363 1239 nimirum
1387 1211 1533 1239 inferiores
1553 1219 1585 1239 ea
1607 1219 1668 1247 quae
1692 1219 1739 1239 su-

951 1257 1087 1293 periurum
1113 1264 1177 1286 sunt
1195 1258 1382 1293 participent,
1407 1258 1446 1285 uti
1470 1262 1497 1285 et
1523 1258 1680 1293 superiores
1706 1265 1738 1284 ea

106 1299 166 1331 κῶς
178 1321 185 1332 ,
203 1300 238 1327 τὰ
253 1301 280 1327 δὲ
298 1302 372 1328 κάτω
395 1301 450 1328 τῶν
477 1303 703 1340 ὑπερδεσηκότων
726 1303 847 1340 μερικῶς
869 1313 898 1330 τε

953 1311 1011 1338 quae
1025 1309 1089 1332 sunt
1110 1304 1287 1338 inferiorum;
1304 1305 1368 1332 licet
1380 1305 1407 1332 hi
1421 1304 1530 1340 quidem
1549 1304 1683 1337 letaliter,
1698 1305 1737 1332 illi

107 1346 157 1372 καὶ
173 1347 374 1383 ἀμυδρατέρως.
391 1348 441 1375 Διὰ
452 1348 532 1375 τοῦτο
543 1349 591 1384 οὐχ
605 1349 652 1376 ἕνα
667 1349 721 1376 τῶν
738 1350 899 1384 πρωτίστων

109 1392 232 1428 σεραφὶμ
250 1393 378 1429 ὀνομάζει
396 1395 427 1421 τὸ
449 1394 538 1429 λόγιον
558 1396 604 1422 ἐπὶ
626 1396 675 1432 τὴν
699 1397 831 1432 κάθαρσιν
852 1398 899 1424 τοῦ

108 1439 250 1474 προφήτου
267 1438 441 1474 ἐληλυθέναι,
458 1440 521 1467 τινὰ
539 1441 567 1467 δὲ
588 1441 642 1468 τῶν
663 1443 826 1470 κατωτάτων
848 1443 898 1478 ἀγ-

107 1484 206 1518 γέλων,
224 1485 270 1511 καὶ
285 1486 342 1516 τοῖς
354 1485 509 1521 ἀνθρώποις
527 1487 726 1522 ἐφεστηκότων,
740 1488 778 1520 ὡς
795 1489 901 1525 ἱερουρ-

107 1532 157 1566 γδν
173 1531 224 1566 τῆς
239 1531 399 1568 καθάρσεως
409 1553 416 1564 ,
436 1534 556 1569 σεραφὶμ
571 1535 724 1570 ὁμωνύμως
748 1536 879 1571 κληθῆναι
890 1545 898 1553 ο

109 1579 233 1614 σεραφὶμ
245 1578 300 1615 γὰρ
316 1579 508 1615 ἐμπρηστὴςῆ
532 1580 687 1616 θερμαίνων
707 1582 897 1618 ἑρμηνεύεται.

114 1623 244 1651 Ἐπεὶοῦν
253 1625 305 1651 ἔδει
314 1626 445 1661 πρότερον
456 1626 510 1652 ἀπὸ
518 1626 571 1653 τῶν
580 1627 722 1663 ἁμαρτιῶν
730 1628 899 1664 καθαρθῆναι

108 1672 155 1697 τὸν
178 1672 319 1707 προφήτην
329 1692 336 1703 ,
355 1673 401 1699 καὶ
417 1670 474 1698 εἶτα
488 1673 623 1712 μυηθῆναι
638 1673 673 1700 τὰ
689 1674 756 1707 θεῖα,
774 1674 875 1710 ἐκλήθη
885 1676 900 1701 ὁ

110 1717 250 1753 καθαίρων
267 1718 313 1744 καὶ
325 1716 510 1754 ἀναζωωρῶν
523 1719 637 1753 ἄγγελος
653 1719 697 1746 διὰ
710 1720 759 1756 τὴν
772 1721 899 1757 τοιαύτην

109 1763 253 1798 ἐνέργειαν
270 1763 399 1799 σεραφίμ.
428 1764 472 1795 Ὠς
490 1764 555 1798 γοῦν
570 1765 730 1800 ἐμπρηστὴς
746 1765 794 1797 τὰς
811 1766 900 1801 ἀμαρ-

108 1810 170 1841 τίας
179 1810 347 1836 κατέκαυσεν
357 1818 362 1824 ·
375 1809 412 1841 ὡς
422 1809 450 1836 δὲ
461 1809 614 1846 θερμαίνων
626 1811 675 1846 τὴν
688 1811 756 1846 πρὸς
765 1811 814 1847 τὴν
825 1811 899 1838 θείαν

111 1855 234 1891 ὑπακοὴν
249 1857 399 1892 ἐνήργησεν
415 1856 634 1893 ἀναζωπύρησιν·
657 1856 733 1884 Ἰδοὺ
752 1857 807 1891 γὰρ
826 1858 897 1892 ἐγὼ,

111 1902 203 1938 φησιν.
219 1902 298 1928 ὐθεν
309 1902 356 1928 καὶ
364 1902 419 1929 ἀπὺ
430 1902 478 1937 τῆς
495 1903 632 1938 ἐνεργείας
646 1903 748 1939 ἐκλήθη
760 1904 774 1929 ὁ
786 1903 899 1937 ἄγγελος

113 1949 242 1984 σεραφὶμ,
256 1949 303 1976 κα).
317 1949 365 1975 οὐκ
381 1946 415 1985 ἦν
434 1947 474 1980 εἷς
490 1949 544 1976 τῶν
561 1949 631 1985 πρὸς
648 1949 694 1976 τὸν
706 1949 771 1976 Θεὸν
787 1950 834 1976 καὶ
849 1949 899 1985 τῆς

113 1996 224 2031 πρώτης
241 1994 354 2028 τάξεως.

149 2091 163 2126 ς
183 2091 229 2117 IIl.
251 2090 363 2126 Ἕτερος
377 2089 406 2116 δέ
423 2098 466 2121 τις
481 2089 580 2117 δέδωκε
596 2089 671 2116 λύσιν
696 2089 746 2125 τῆς
770 2090 898 2125 τοιαύτης

115 2137 228 2171 ἀπορίας
240 2136 270 2162 οὐ
284 2136 385 2172 σφόδρα
402 2136 511 2162 ἄτοπον.
529 2136 613 2162 Τοῦτο
625 2136 653 2162 δέ
669 2136 699 2162 οὺ
713 2137 821 2168 πάντως
831 2136 900 2172 πρὸς

116 2184 258 2219 σύγκρισιν
268 2183 316 2209 τοῦ
334 2182 445 2218 μετρίου
457 2181 577 2217 εἴρηκεν,
595 2183 677 2218 ήγουν
693 2183 774 2218 τυχὸν
800 2182 901 2209 ἄτοπον

117 2230 175 2265 μὲν,
193 2229 249 2255 ἀλλ’
260 2229 289 2255 οὺ
307 2228 420 2264 σφόδρα,
437 2227 506 2254 ἀλλὰ
523 2227 640 2263 μετρίως
657 2228 767 2255 ἄτοπον.
785 2228 823 2255 Οὐ
840 2227 900 2254 τοῦ-

115 2285 154 2308 το,
166 2275 233 2302 ἀλλὰ
249 2274 309 2301 οὕτε
328 2275 439 2307 ἄτοπον,
456 2274 517 2301 οὔτε
534 2274 646 2310 σφόδρα,
664 2274 734 2301 κατὰ
761 2275 854 2310 σχῆμα
869 2275 900 2301 τὸ

116 2324 168 2352 ἀπὸ
175 2323 265 2350 κοινοῦ
275 2331 281 2338 ’
297 2322 388 2354 καθὼς
407 2322 454 2348 καὶ
462 2323 475 2348 ό
489 2322 575 2357 μέγας
585 2321 734 2357 Γρηγόριος
745 2322 759 2348 ὁ
771 2321 901 2356 Θεολόγος

115 2369 143 2395 ἐν
157 2377 210 2395 τινι
223 2369 276 2395 τῶν
292 2368 374 2395 αὐτοῦ
392 2368 479 2402 λόγων
495 2367 624 2398 διδάσκει,
645 2367 682 2399 ὡς
692 2367 740 2394 τοῦ
750 2375 757 2382 θ
779 2376 788 2392 ι
803 2367 840 2394 Οὐ
857 2366 900 2392 διὰ

114 2414 162 2447 τὰς
177 2414 348 2445 δικαιοσύνας
365 2414 443 2449 ἡμῶν
453 2413 486 2444 ἃς
502 2413 686 2449 ἐποιήσαμεν·
697 2413 727 2439 οὐ
739 2412 793 2449 γὰρ
808 2412 901 2447 ἐποιή-

117 2469 210 2496 σαμεν.
223 2469 232 2485 ι
246 2460 300 2486 Καὶ
314 2459 408 2486 πάλιν·
421 2459 481 2485 Οὐκ
495 2459 529 2485 ἐκ
538 2458 648 2493 μέτρου
660 2457 785 2485 δίδωσιν
795 2459 812 2484 ὁ
829 2456 900 2489 Θεὸς

117 2507 147 2533 τὸ
170 2505 298 2540 πνεῦμα,
311 2504 402 2536 καθὼς
418 2503 494 2540 παρὰ
519 2503 558 2539 τῷ
583 2503 769 2539 Εὑαγγελιστῇ
788 2503 900 2537 Ἰωάννῃ

117 2552 235 2588 εὕρηται.
254 2549 321 2577 Εῐπε
338 2550 427 2576 τοίνυν
445 2551 548 2581 ἐκεῖνος
561 2549 709 2584 ἀπολογίαν
725 2549 845 2583 εῠλογον,
860 2549 901 2575 ὅτι

953 1357 1020 1378 vero
1034 1354 1137 1378 tantum
1150 1358 1183 1378 ex
1195 1355 1273 1385 parte
1284 1356 1311 1378 et
1324 1350 1475 1378 remissiori
1490 1350 1587 1386 gradu.
1603 1350 1738 1384 Quocirca

951 1403 1006 1424 non
1023 1396 1091 1423 dicit
1113 1395 1267 1430 oraculum,
1286 1396 1436 1431 primorum
1455 1395 1574 1430 aliquem
1599 1394 1737 1429 serapbim

950 1442 983 1470 ad
999 1442 1163 1477 prophetam
1174 1442 1339 1478 expiandum
1363 1442 1523 1472 advenisse.‘
1532 1441 1580 1468 sed
1593 1441 1738 1476 quemdam

952 1495 986 1515 ex
1014 1486 1193 1514 inferioribus
1215 1487 1321 1522 angelis
1349 1487 1397 1522 qui
1426 1486 1584 1514 hominibus
1608 1490 1737 1521 przesunt,

951 1538 1082 1568 tanquam
1102 1533 1272 1568 expiationis
1287 1533 1495 1563 administrum.
1508 1532 1602 1558 eodem
1619 1539 1681 1558 cum
1696 1538 1739 1559 se-

951 1579 1057 1614 raphim
1081 1580 1193 1607 nomine
1212 1584 1358 1606 vocatum:
1375 1578 1513 1612 seraphim
1527 1579 1599 1605 enim
1615 1578 1739 1605 incentor

951 1625 993 1653 vel
1009 1625 1154 1660 calefaclor
1179 1626 1385 1660 interpretatur.
1409 1625 1475 1652 Cum
1503 1625 1595 1660 itaque
1620 1624 1737 1659 primum

950 1676 1091 1707 oporteret
1105 1680 1119 1699 a
1138 1672 1259 1707 peccatis
1273 1671 1434 1707 prophetam
1452 1670 1576 1706 expiari.
1592 1677 1624 1697 ac
1640 1669 1738 1697 deinde

950 1718 1044 1745 divina
1063 1718 1189 1750 edoceri,
1212 1719 1236 1746 is
1253 1718 1383 1753 angelus,
1401 1717 1447 1752 qui
1469 1723 1531 1744 eum
1557 1715 1684 1750 expiabat
1705 1722 1737 1743 ac

951 1763 1132 1791 resuscitabat
1144 1783 1151 1796 ,
1167 1767 1279 1798 propter
1295 1763 1447 1790 istiusmodi
1463 1762 1648 1796 operationem
1662 1769 1738 1788 sern-

951 1810 1026 1844 pbim
1043 1809 1205 1837 vocabatur.
1220 1809 1361 1844 Tanquam
1379 1808 1506 1836 incensor
1522 1808 1614 1843 itaque
1626 1811 1737 1842 peccata

951 1854 1140 1887 comburebat,
1165 1859 1293 1889 tanquam
1311 1853 1458 1881 calefactor
1484 1860 1548 1880 vero
1565 1853 1598 1880 ad
1616 1852 1737 1880 divinam

950 1902 1135 1929 obedientiam
1153 1902 1241 1936 ipsum
1254 1901 1401 1928 excitabat.
1418 1899 1486 1926 Ecce
1510 1900 1579 1927 enim
1601 1907 1641 1926 me
1655 1897 1678 1932 ι,
1696 1899 1737 1926 itt-

952 1949 1021 1983 quit.
1036 1948 1126 1982 Quare
1138 1948 1219 1975 etiam
1237 1948 1270 1974 ab
1292 1948 1345 1975 isto
1369 1952 1431 1974 actu
1461 1946 1577 1982 angelus
1597 1946 1736 1980 seraphim

913 1988 935 2016 (ἶ
953 1999 1066 2023 vocatus
1084 1999 1136 2026 est,
1163 2002 1225 2022 cum
1249 2002 1303 2022 non
1328 2000 1401 2022 esset
1425 2002 1496 2022 unus
1520 2001 1554 2021 ex
1581 1994 1670 2029 primo
1685 1993 1737 2020 isto

952 2042 1059 2074 ordine,
1075 2047 1103 2069 et
1117 2042 1161 2076 qui
1177 2041 1250 2068 circa
1266 2042 1349 2068 Deum
1363 2047 1437 2069 sunt.

990 2088 1003 2124 §
1025 2087 1067 2115 ΙΙΙ.
1085 2087 1199 2120 Quidam
1222 2086 1292 2114 alius
1316 2087 1380 2114 item
1395 2094 1448 2114 non
1462 2086 1608 2113 admodum
1634 2085 1734 2112 incon.-

950 2142 1047 2169 gruam
1074 2134 1154 2168 hujus
1171 2132 1331 2169 quaestionis
1345 2132 1506 2160 solutionem
1522 2131 1648 2158 tradidit.
1666 2130 1735 2159 Illud

951 2185 1042 2209 autem
1059 2188 1113 2207 non
1128 2180 1239 2208 omnino
1264 2180 1298 2207 ad
1311 2179 1545 2214 comparationem
1563 2179 1736 2206 mediocrita—

952 2229 987 2255 tis
1000 2226 1102 2258 retulit,
1118 2233 1150 2253 ac
1167 2226 1189 2253 si
1214 2225 1285 2252 forte
1302 2225 1451 2252 absurdum
1474 2225 1595 2260 quidem,
1613 2225 1660 2252 sed
1679 2233 1734 2251 non

951 2273 1039 2306 valde,
1055 2277 1084 2300 at
1096 2272 1273 2299 mediocriter
1285 2271 1431 2298 absurdum
1448 2275 1530 2299 esset.
1545 2270 1604 2298 Non
1617 2271 1672 2298 ita:
1686 2271 1734 2298 sed

950 2327 1038 2354 neque
1065 2319 1225 2351 absurdum,
1250 2324 1338 2352 neque
1362 2317 1441 2344 valde
1467 2317 1626 2349 absurdum,
1655 2316 1733 2351 juxta

950 2372 1123 2394 communem
1141 2364 1269 2399 loquendi
1287 2364 1415 2397 formam,
1428 2363 1660 2397 quemadmbdum
1676 2370 1734 2389 ma-

951 2419 1021 2446 gnus
1038 2410 1084 2438 ille
1100 2408 1406 2445 GregoriusTheologus
1423 2408 1450 2435 in
1466 2408 1584 2442 quodam
1608 2415 1734 2435 sermone

950 2464 1000 2484 suo
1012 2457 1142 2489 docet,ut
1153 2456 1180 2482 in
1191 2455 1237 2482 illo
1253 2462 1260 2482 :
1275 2454 1348 2482 «Non
1365 2454 1512 2482 secundum
1523 2453 1732 2488 justiﬁcationes

951 2507 1070 2535 nostras,
1084 2508 1153 2536 quas
1171 2501 1286 2528 fecimus
1303 2508 1371 2533 nos;
1386 2507 1474 2535 neque
1487 2500 1559 2527 enim
1572 2499 1702 2530 fecimus;
1719 2509 1730 2526 ι

950 2553 978 2575 et
990 2549 1089 2574 iterum
1103 2556 1110 2574 :
1127 2546 1189 2573 Non
1210 2547 1244 2574 ad
1266 2554 1418 2573 mensuram
1429 2546 1472 2572 dat
1486 2545 1556 2572 Deus
1568 2545 1688 2579 spiritum
1699 2549 1730 2577 ³,

117 2598 163 2624 οὐκ
186 2596 299 2628 ἀπεικὸς
315 2593 359 2630 ἦν,
381 2595 427 2621 τὸν
452 2595 501 2629 μὲν
524 2595 667 2630 προφήτην
683 2594 833 2629 ἀναχθῆναι
856 2593 899 2620 διά

953 2594 1022 2621 sicut
1042 2593 1068 2620 in
1085 2592 1253 2628 evangelista
1269 2591 1375 2619 Joanne
1393 2591 1538 2626 reperitur.
1553 2590 1730 2618 Protulitita-

117 2650 183 2673 τινος
206 2642 260 2668 τῶν
285 2639 445 2676 ἐφεστώτων
471 2640 551 2676 ἡμῶν
574 2640 706 2675 ἀγγέλων·
737 2640 806 2671 τέως
836 2639 865 2666 δὲ
885 2639 900 2665 ὸ

117 2689 233 2721 τοιοῦτος
248 2688 363 2723 ἄγγελος
378 2689 393 2715 ὁ
408 2687 557 2719 διαπλάσας
578 2687 628 2722 τὴν
644 2686 771 2722 τοιαύτην
787 2686 881 2722 ὅρασιν
891 2692 899 2701 ·

119 2737 147 2763 οὐ
172 2736 227 2771 γὰρ
242 2734 334 2770 γυμνὰ
349 2734 499 2771 πράγματα
526 2733 574 2761 καὶ
599 2733 694 2764 οὐσίας
715 2733 739 2758 οἱ
762 2732 900 2768 προφῆται

155 2809 160 2828 ¹
179 2809 229 2836 lsa.
246 2817 283 2836 vr.
322 2814 341 2827 ιιι
354 2808 433 2836 Joan.
447 2815 489 2839 In.
506 2807 550 2835 34.

153 2866 208 2900 (18)
232 2865 298 2894 Vide
309 2866 400 2895 Schol.
415 2865 443 2894 S.
458 2865 581 2899 Maximi,
597 2869 661 2892 tom.
680 2863 712 2896 ll,
726 2871 784 2899 cup.
806 2863 848 2896 I5,

950 2645 1003 2673 que
1029 2639 1173 2665 honestam
1190 2636 1414 2672 prmcautioneln,
1430 2634 1501 2669 quod
1527 2641 1580 2662 non
1606 2633 1732 2661 absimile

950 2688 1034 2717 esset,
1051 2684 1210 2718 prophetam
1232 2682 1382 2709 adductum
1399 2688 1460 2708 esse
1476 2687 1524 2715 per
1537 2679 1655 2714 aliquem
1680 2686 1731 2706 no-

951 2731 993 2759 bis
1011 2729 1218 2766 praepositorum
1233 2728 1405 2764 angelorum.
1428 2727 1478 2756 Hic
1503 2731 1595 2755 autem
1620 2727 1734 2762 angelus
