1933 3075
213 137 261 166 3H

799 139 829 166 S.
848 139 998 167 DIONYSII
1015 138 1245 168 ABEOPAGITIZ

1792 142 1851 171 3i?

214 195 359 223 φαίνηται
371 194 505 229 ejusmodi
518 196 651 224 visionem
668 207 674 223 :
690 202 743 223 non
764 197 838 223 enim
853 197 942 224 nudas
956 204 1000 224 res

1055 197 1158 233 ἑώρων,
1172 198 1229 224 ἀλλ’
1240 197 1388 232 αἰνίγματα
1405 197 1450 224 καὶ
1468 197 1590 234 σύμϐολα
1605 198 1683 234 παρὰ
1695 199 1750 226 τῶν
1760 201 1846 235 ἀγγέη

214 247 241 268 et
254 243 390 270 essentias
402 243 543 278 prophetae
558 243 697 274 videbant.
710 242 757 270 sed
770 243 915 276 :enigmata
930 251 1003 278 sym-

216 287 334 322 bolaque
352 288 386 315 ab
400 288 506 323 angelis
522 287 622 316 cﬂicta.
638 287 689 316 Iste
712 288 796 323 igitur
821 287 935 323 angelus
957 289 1001 322 qui

216 334 371 370 theologum
389 335 544 366 erudiebat,
569 335 681 362 adduxit
704 335 776 362 bunc
799 334 832 361 ad
862 334 958 365 Deum,
975 340 1002 361 et

213 384 248 409 ad
265 382 380 416 primam
392 390 452 416 qua:
463 388 525 416 post
540 382 624 410 Deum
633 388 676 410 est
688 383 885 414 hierarchiam,
898 383 1003 410 scilicet

214 428 353 462 serapbim
370 437 376 454 :
393 428 429 455 ita
445 433 476 455 ιιι
492 429 591 456 iterum
605 429 734 456 adductio
750 433 824 456 esset
839 428 929 463 angeli
949 429 999 454 ad-

215 473 353 500 ducentis.
374 474 407 501 Et
424 475 463 501 ait
479 481 593 502 sanctus
608 476 688 502 istam
709 475 833 502 fortassis
847 475 1001 502 orationem

215 525 280 544 esse
295 526 401 545 veram.
422 519 564 552 Quomodo
581 524 670 546 autem
687 527 750 546 vera
766 520 813 551 sit.
830 520 1003 547 demonstrat

215 564 379 598 explicando
398 572 431 592 ea
456 572 516 600 quae
533 565 612 592 dixit.
640 565 784 592 Referebat
800 566 887 598 enim,
901 565 1000 600 inquit,

216 609 273 642 ille,
286 610 424 644 quomodo
446 610 536 637 divina
560 611 600 638 vis
613 611 647 638 ad
670 612 760 639 omnia
781 611 961 646 pertingeret,
974 615 1001 637 et

215 655 249 682 ad
265 656 358 683 omnia
373 656 599 691 incomprehense
614 663 646 684 ac
662 657 721 684 sine
737 657 863 684 mistione
875 664 1004 690 permea-

215 707 278 729 ret:
294 710 347 729 non
374 702 446 730 enim
473 702 510 729 ita
539 703 694 730 continetur
711 703 745 730 ab
762 703 863 738 aliquo,
882 707 912 730 ut
937 703 1001 730 alibi

215 755 268 774 non
283 748 407 782 prodeat.
439 748 521 784 118
531 748 564 775 Et
580 748 689 780 iterum,
704 749 833 776 omnibus
855 754 895 776 est
907 748 1002 776 occul-

216 797 260 820 tus
273 793 306 820 ob
323 793 390 820 duas
405 793 455 821 has
471 801 579 826 causzs,
595 794 666 828 quod
682 794 810 821 nimirum
825 795 859 822 ab
873 794 1002 821 omnibus

214 838 486 872 superessentialiter
498 845 641 873 exemptus
650 839 697 872 sit,
709 845 737 866 et
747 839 887 867 dissimilis
898 840 1001 875 (simile

214 889 304 912 autem
322 892 337 912 a
350 885 434 913 simili
460 887 666 921 cognoscitur);
691 891 720 913 et
747 886 837 913 oculte
854 886 1000 920 providen-

215 931 267 958 tias
288 938 352 959 suas
377 931 549 959 transfundat
573 932 648 967 (quis
675 932 750 959 enim
785 932 862 959 novit
889 939 999 959 sensum

214 977 321 1004 Domini
332 977 372 1012 2);
388 983 418 1005 ut
439 978 538 1005 merito
551 985 660 1013 semper
676 977 832 1012 vigilemus,
847 978 1001 1006 nescientes

215 1024 335 1052 rationes
350 1024 420 1058 ejus.
434 1029 462 1051 et
488 1025 582 1051 horam
607 1031 661 1058 qua
685 1031 728 1051 res
752 1024 883 1059 quaelibet
897 1024 1001 1051 utiliter

214 1066 382 1102 disponatur.
398 1066 474 1094 lianc
488 1067 579 1101 itaque
592 1067 802 1094 illustrationem
817 1067 899 1095 etiam
917 1067 998 1102 spiri-

214 1112 313 1139 talibus
336 1113 464 1140 essentiis
486 1113 658 1145 transmittit,
682 1121 776 1141 verum
797 1121 847 1149 pro
870 1114 1000 1150 cujusque

214 1162 305 1191 captu,
318 1163 344 1184 et
358 1157 436 1192 juxta
454 1165 607 1185 mensuram
623 1157 732 1186 virtutis
750 1166 845 1186 eorum
864 1159 910 1194 qui
923 1159 996 1185 illam

214 1203 361 1237 recipiunt,
372 1204 489 1238 primum
506 1210 603 1238 nempe
617 1204 723 1238 primis.
737 1208 765 1230 et
780 1211 830 1238 per
852 1204 912 1231 illos
927 1203 999 1231 infe-

207 1242 349 1275 rioribus:
374 1247 412 1274 uti
437 1249 518 1275 etiam
547 1248 656 1282 proprio
683 1255 715 1274 ac
739 1247 860 1274 sensibili
876 1247 1000 1282 exelnplo

214 1294 344 1325 declarat,
359 1293 431 1328 quod
447 1294 480 1321 iis
494 1294 603 1329 quidem
630 1301 690 1328 quae
715 1293 845 1321 dicuntur
858 1302 912 1321 non
931 1295 1000 1322 satis

214 1338 351 1372 congruit,
365 1338 443 1366 nobis
468 1344 557 1367 tamen
585 1344 678 1366 notum
701 1344 751 1366 est.
773 1338 900 1373 Propone
926 1339 998 1366 enim

214 1385 323 1413 radium
349 1385 483 1419 solarem;
508 1385 552 1413 hic
580 1385 716 1420 trajicitur
733 1385 761 1412 in
777 1385 896 1420 primum
911 1389 998 1412 mate-

217 1431 285 1458 riam
299 1431 520 1466 perlucidiorem,
536 1431 648 1463 vitrum,
662 1430 738 1458 verbi
749 1431 852 1466 gratia,
867 1438 914 1465 per
928 1432 998 1465 quod

214 1477 316 1505 clarius
334 1476 453 1512 aﬂ'ulget.
476 1478 618 1511 Quomodo
633 1476 755 1505 clarius?
767 1476 849 1504 Nobis
863 1477 998 1508 videlicet,

1054 242 1109 269 λων
1121 242 1345 277 διαπλαττόμενα.
1369 243 1398 268 '0
1414 242 1527 277 ἄγγελος
1542 243 1632 270 τοίνυν
1647 245 1753 277 ἐκεῖνος
1767 247 1782 272 ό
1797 247 1846 273 τὸν

1054 292 1179 327 θεολόγον
1203 292 1278 327 μυῶν
1295 292 1378 328 ἀνῆγε
1396 293 1490 320 τοῦτον
1506 294 1552 320 ἐπὶ
1566 294 1643 326 Θεὸν,
1661 296 1707 322 καὶ
1723 296 1770 322 ἐπὶ
1793 297 1845 331 τὴν

1056 339 1172 376 πρώτην
1194 339 1335 374 ἱεραρχίαν
1354 340 1404 375 τὴν
1422 340 1491 374 μετὰ
1508 339 1585 372 Θεὸν,
1599 340 1718 376 δηλονότι
1739 341 1774 368 τὰ
1799 351 1844 368 σε-

1054 386 1159 422 ραφίμ·
1184 385 1253 412 ὥστε
1279 386 1360 412 πάλιν
1383 387 1399 421 ή
1422 386 1517 421 ὀδηγία
1533 387 1609 422 παρά
1621 387 1668 414 τοῦ
1690 386 1842 424 ἀγγέλουῇ

1053 431 1099 457 τοῦ
1128 431 1282 464 ἀνάγοντος.
1307 431 1361 457 Καὶ
1386 430 1459 464 λέγει
1485 432 1499 458 ό
1524 431 1614 466 ἅγιος·
1638 433 1750 468 Μήποτε
1768 434 1843 459 εστιν

1053 477 1155 513 ἀληθὴς
1176 474 1252 508 οὗτος
1270 478 1285 503 ὁ
1303 477 1390 511 λόγος.
1412 477 1475 509 Πῶς
1493 477 1520 504 δὲ
1537 478 1650 514 ἀληθὴς,
1668 479 1843 506 ἀποδείκνυσι

1052 523 1130 550 τοῦτο
1149 523 1202 550 ἀπὸ
1214 523 1265 558 τῆς
1282 523 1330 550 τοῦ
1353 524 1475 555 εἰπόντος
1490 524 1654 560 ἐξηγήσεως.
1670 525 1766 559 Ἔλεγε
1787 524 1847 560 γὰρ

1053 569 1166 601 ἐκεῖνος,
1181 569 1274 604 φησὶν,
1292 569 1331 601 ὡς
1347 570 1363 605 ἡ
1381 569 1442 596 θεία.
1450 569 1564 605 δύναμις
1576 571 1622 596 ἐπὶ
1643 571 1732 597 πάντα
1746 573 1843 607 χωρεῖ,

1054 616 1101 642 καὶ
1112 615 1156 642 διὰ
1172 616 1283 643 πάντων
1300 616 1389 651 διήκει
1402 616 1524 650 ἀσχέτως
1533 617 1580 642 καὶ
1590 617 1751 652 ἀκρατήτως
1761 626 1768 632 ·
1780 617 1842 644 οὐδὲ

1052 661 1108 696 γὰρ
1126 660 1272 696 κατέχεταί
1295 669 1359 693 τινι,
1381 661 1420 693 ὡς
1441 661 1478 697 μὴ
1496 662 1612 696 ἑτέρωσε
1630 662 1766 697 φοιτῆσαι.
1785 663 1847 689 Καὶ.

1052 707 1144 738 πάλιν,
1161 707 1243 734 πᾶσιν
1260 708 1334 734 ἐστιν
1353 707 1460 743 ἀφανὴς
1479 707 1524 734 διὰ
1536 707 1583 733 δύο
1598 707 1673 739 τινὰς
1688 708 1786 741 αἰτίας,
1799 709 1842 735 ὅτι

1051 761 1081 779 τε
1098 752 1266 788 ὑπερουσίως
1285 752 1414 788 ἐξῄρηται
1429 753 1548 784 πάντων,
1563 753 1611 779 καὶ
1626 753 1751 788 ἀνόμοιός
1770 754 1845 786 ἐστι,

1053 798 1093 833 (τὸ
1109 798 1200 833 ὅμοιον
1216 798 1245 824 δὲ
1255 797 1295 833 τῷ
1310 798 1396 834 ὁμοίῳ
1411 797 1650 835 γινὼσκεται’)καὶ
1661 799 1701 825 ὅτι
1718 800 1844 835 κρυφίως

1051 845 1201 880 διαπέμπει
1221 844 1271 875 τὰς
1291 845 1419 879 προνοίας
1436 845 1531 880 αὐτῆς,
1545 844 1596 879 (τίς
1611 845 1665 880 γὰρ
1691 844 1760 878 ἔγνω
1778 845 1843 872 νοῦν

1052 890 1155 925 Κυρίου
1167 891 1187 925 ;)
1204 890 1249 917 ἶνα
1266 889 1331 922 ῐσως
1344 891 1459 917 πάντοτε
1472 890 1663 926 γρηγορῶμεν,
1679 891 1729 918 οὐκ
1741 891 1843 923 εἰδότες

1050 937 1113 968 τοὺς
1125 936 1220 970 λόγους
1232 936 1327 971 αὐτῆς,
1344 937 1392 963 καὶ
1407 937 1456 972 τὴν
1472 936 1545 972 ὥραν
1559 936 1620 963 καθ’
1632 936 1664 972 ἦν
1679 937 1837 973 συμφερόν-

1050 991 1104 1014 τως
1121 982 1235 1009 ἕκαστον
1248 982 1459 1018 διοικηθήσεται.
1475 983 1583 1018 Ταύτην
1599 980 1645 1009 οὖν
1659 984 1708 1019 τὴν
1720 983 1845 1018 φωτοδο-

1051 1029 1112 1056 σίαν
1125 1029 1172 1056 καὶ
1184 1031 1246 1061 ταῖς
1265 1031 1371 1064 νοεραίς
1387 1029 1493 1061 οὐσίαις
1509 1029 1669 1064 διαπέμπει,
1687 1030 1756 1065 πλὴν
1773 1030 1841 1056 ἀνα-

1049 1074 1136 1109 λόγως
1151 1075 1198 1102 καὶ
1217 1074 1288 1102 κατὰ
1303 1075 1333 1101 τὸ
1353 1075 1451 1110 μέτρον
1464 1075 1514 1110 τῆς
1529 1075 1583 1101 τῶν
1594 1074 1745 1110 δεχομένων
1761 1075 1842 1102 δυνά-

1051 1130 1134 1157 μεως,
1153 1121 1260 1157 πρῶτον
1277 1123 1338 1152 ταῖς
1358 1120 1537 1157 πρωτίσταις,
1550 1120 1597 1146 καὶ
1611 1119 1644 1146 δι’
1654 1119 1764 1147 ἐκείνων
1779 1120 1843 1151 ταῖς

1050 1166 1277 1202 ὑποὸεὸηκυίαις·
1301 1166 1316 1192 ὃ
1337 1165 1370 1202 δὴ
1394 1166 1441 1191 καὶ
1463 1165 1497 1191 δι’
1515 1165 1615 1191 οἰκείου
1639 1165 1686 1191 καὶ
1709 1163 1842 1199 αίσθητοῦ

1050 1213 1268 1248 παραδείγματος
1295 1210 1447 1246 σαφηνίζει,
1476 1210 1640 1242 ἀποδέοντος
1668 1210 1719 1245 μὲν
1748 1210 1840 1244 πάντη

1050 1259 1118 1295 πρὸς
1133 1258 1169 1285 τὰ
1185 1258 1328 1294 λεγόμενα,
1341 1257 1411 1289 τέως
1423 1256 1451 1283 δὲ
1470 1256 1608 1292 γνωρίμου
1623 1256 1698 1292 ἡμῖν.
1721 1254 1844 1282 ’Υπὸοοιι

1049 1305 1104 1340 γὰρ
1128 1304 1245 1340 ἡλιακὴν
1274 1305 1388 1331 ἀκτῖνα·
1405 1303 1474 1338 αὕτη
1497 1302 1641 1329 διαδίδοται
1669 1303 1710 1334 είς
1726 1301 1843 1337 πριίνιην

1051 1350 1116 1385 ὓλην
1138 1349 1328 1385 διειδεστέραν,
1357 1349 1434 1375 ὕελον
1456 1348 1548 1383 τυχὸν,
1574 1348 1606 1375 δι’
1626 1345 1729 1378 οὗτινος
1760 1346 1840 1373 ὑέλου

1050 1395 1204 1430 ἀναλάμπει
1222 1394 1434 1429 ἐμφανέστερον.
1448 1393 1511 1425 Πῶς
1537 1392 1756 1428 ὲμφανέστερονς
1773 1392 1844 1426 ἡμῖν

1050 1441 1180 1476 δηλονότι,
1195 1441 1227 1467 οὐ
1245 1439 1429 1476 συγκριτικῶς
1444 1439 1512 1475 πρὸς
1529 1439 1579 1474 τὴν
1594 1438 1727 1474 προτέραν
1740 1437 1840 1472 ἐλλαμ-

1050 1487 1106 1523 ψιν,
1125 1488 1282 1523 συμμέτρου
1297 1486 1398 1521 δηλαδὴ
1413 1485 1562 1520 γενομένης
1578 1484 1628 1519 τῆς
1650 1484 1737 1518 ὅψεως
1749 1483 1790 1514 εἰς
1807 1482 1843 1508 τὸ

215 1523 327 1552 minime
344 1523 416 1552 facta
433 1524 637 1559 comparatione
652 1531 714 1551 cum
737 1523 821 1558 priori
837 1523 997 1550 illustratio-

1051 1534 1081 1560 τὸ
1094 1533 1151 1569 φῶς
1166 1532 1381 1568 παραδέξασθαι·
1398 1532 1430 1558 τὸ
1446 1531 1500 1566 γὰρ
1520 1530 1586 1557 πολὺ
1600 1529 1658 1565 φῶς
1671 1529 1772 1565 μᾶλλον
1788 1529 1839 1560 τὰς

215 1579 260 1603 ne.
280 1571 328 1598 sed
344 1577 404 1598 cum
421 1571 596 1605 proportione
610 1571 685 1598 visus
701 1571 735 1597 ad
759 1570 848 1597 lumen
864 1570 1000 1605 recipien-

217 1617 282 1644 dqu
297 1623 305 1643 :
318 1616 454 1651 siquidem
480 1616 525 1643 lux
540 1616 648 1651 copiosa
661 1617 747 1643 visum
760 1617 848 1651 potius
863 1616 1000 1649 obtundit,

214 1663 237 1690 si
265 1671 317 1690 non
334 1663 370 1690 sit
387 1669 544 1690 cummcusa
560 1661 646 1690 oculis
669 1669 699 1689 se
713 1662 924 1696 escipientibus.
942 1662 1001 1690 Dis-

216 1709 345 1737 tribuitur
369 1709 452 1736 etiam
479 1709 602 1736 materiis
628 1709 821 1742 crassioribus,
838 1714 866 1736 et
889 1715 1001 1744 propter

215 1756 435 1791 iueptitudinem,
451 1763 533 1791 quam
551 1755 653 1783 habent
665 1756 699 1783 ad
717 1755 926 1782 illustrationem
941 1760 1000 1782 Ira-

213 1800 372 1836 jiciendam,
389 1806 416 1828 et
431 1801 546 1828 obscura
559 1800 600 1833 fit,
617 1808 704 1836 eoque
728 1801 830 1828 sensim
857 1801 1000 1828 contrahi-

202 1853 271 1886 ptur,
287 1852 316 1875 ut
330 1848 456 1876 distribui
482 1847 543 1875 aliis
571 1855 624 1875 non
652 1848 752 1882 possit.
764 1847 864 1882 Accipe
879 1853 906 1874 et
919 1848 998 1874 aliam

215 1895 251 1923 ab
277 1896 340 1932 igne
366 1895 638 1930 cantemplationem.
660 1895 742 1922 Calor
770 1895 839 1930 ignis
861 1895 948 1930 magis
970 1902 1001 1922 se

215 1941 344 1970 dill'undit
354 1942 382 1969 in
397 1949 428 1970 ca
446 1950 507 1977 quat
519 1941 604 1976 ipsius
622 1942 848 1975 suntcapaciora,
864 1946 893 1968 et
903 1941 936 1968 ad
952 1948 999 1967 ca-

217 1989 301 2016 lorem
320 1989 399 2016 facile
416 1989 527 2020 cedunt,
540 1992 568 2015 et
580 1988 754 2014 adducuntur
768 1995 774 2012 :
793 1995 887 2015 verum
902 1987 928 2014 in
949 1995 998 2014 na-

217 2036 287 2063 turis
314 2035 350 2062 illi
379 2035 589 2068 relnmantibus,
604 2039 632 2061 ut
645 2035 809 2068 adamantis,
829 2034 871 2061 vel
886 2039 998 2061 contra-

217 2083 279 2114 riis.
303 2087 333 2110 ut
357 2090 446 2117 aquae,
460 2082 503 2110 vel
525 2082 632 2109 nullum
658 2089 705 2108 aut
731 2081 802 2110 exile
830 2081 1000 2109 efﬁcacitatis

216 2129 276 2164 ejus
292 2128 378 2163 igth
390 2129 532 2164 vestigium
556 2133 689 2164 apparet:
705 2129 830 2163 quodque
846 2129 897 2155 hoc
912 2127 999 2162 majus

216 2179 268 2207 est,
281 2175 315 2202 ad
326 2181 357 2202 ea
367 2182 427 2209 que
439 2182 491 2201 non
502 2179 566 2202 sunt
574 2179 699 2210 cognata,
708 2173 783 2201 verbi
792 2174 892 2208 gratia,
901 2181 998 2208 aquam

1050 1580 1126 1615 ὄψεις
1142 1580 1270 1615 ἀμαυροῖ,
1292 1579 1317 1604 εί
1336 1577 1412 1613 τύχοι
1432 1577 1607 1612 ἀσύμμετρον
1623 1576 1654 1603 ὃν
1667 1577 1725 1607 τοῖς
1741 1575 1839 1601 ὑποδε-

1051 1627 1174 1663 χομένοις
1191 1626 1256 1652 αὐτὸ
1276 1624 1433 1660 ὀφθαλμοῖς.
1448 1623 1596 1650 summa:
1610 1623 1657 1649 xui.
1675 1622 1734 1652 ταῖς
1754 1629 1843 1656 παχυ-

1049 1673 1144 1708 τέραις
1160 1670 1250 1703 ὕλαις,
1268 1671 1315 1698 καὶ
1330 1669 1375 1696 διὰ
1389 1670 1439 1705 τὴν
1459 1668 1572 1695 ἐκείνων
1587 1667 1841 1703 ἀνεπιτηδειὸτητα,

1050 1718 1084 1753 ἣν
1099 1717 1189 1753 ἔχουσι
1202 1717 1271 1752 πρὸς
1286 1716 1336 1751 τὴν
1352 1715 1403 1750 τῆς
1423 1715 1593 1750 φωτοχυσίας
1613 1712 1838 1749 διαπόρθμευσιν,

1051 1764 1098 1791 καὶ
1108 1762 1217 1799 ἀμυδρὰ
1228 1762 1343 1797 γίνεται,
1351 1761 1399 1788 καὶ
1410 1760 1480 1788 κατὰ
1495 1761 1591 1795 μικρὸν
1604 1759 1673 1796 πρὸς
1683 1758 1749 1786 ἀλλα
1761 1758 1841 1786 ἀδιά-

1050 1811 1125 1842 δοτος
1137 1811 1251 1845 γίνεται.
1265 1809 1337 1836 Λάϐε
1357 1818 1402 1845 μοι
1418 1809 1465 1836 καὶ
1482 1808 1578 1844 ἑτέραν
1601 1806 1718 1842 θεωρίαν
1736 1806 1767 1833 ὲκ
1789 1805 1840 1832 τοῦ

1051 1856 1153 1892 πυρός-ι
1163 1856 1195 1882 Ἡ
1210 1855 1258 1882 τοῦ
1272 1854 1358 1891 πυρὸς
1376 1854 1510 1890 θερμότης
1527 1853 1624 1888 μᾶλλον
1639 1851 1781 1878 διαδίδοται
1797 1852 1839 1882 εἰς

1050 1902 1086 1929 τὰ
1100 1902 1294 1938 δεκτιχάηερα,
1313 1902 1361 1928 καὶ
1382 1901 1451 1936 πρὸς
1471 1900 1520 1935 τὴν
1537 1899 1642 1935 Θέρμην
1664 1897 1774 1925 εὑεικτα
1790 1898 1839 1924 καὶ

1052 1948 1195 1982 εὑάγωγα·
1217 1947 1286 1983 πρὸς
1304 1947 1333 1973 δὲ
1357 1946 1407 1977 τὰς
1425 1945 1587 1976 ἀντιτύπους
1603 1944 1707 1975 οὐσίας,
1724 1943 1762 1975 ὼς
1773 1944 1839 1975 τοὺς

1052 1994 1218 2029 ἀδάμαντας,
1231 1992 1393 2028 ἢὲναντίας,
1410 1992 1448 2023 ὼς
1460 1992 1490 2018 τὺ
1507 1991 1589 2026 ὓδωρ,
1601 1990 1618 2024 ἢ
1631 1990 1720 2024 ὀλίγον
1733 1989 1749 2025 ἢ
1760 1989 1843 2016 οὐδὲν

1052 2039 1123 2075 ίχνος
1147 2040 1324 2074 ἀναφαίνεται
1350 2039 1401 2073 τῆς
1432 2037 1595 2073 πυρώσεως·
1611 2036 1659 2063 καὶ
1680 2036 1711 2062 τὸ
1740 2034 1838 2061 τούτου

1051 2085 1141 2116 πλέον,
1158 2085 1198 2111 ὅτι
1212 2085 1269 2116 τοῖς
1286 2084 1323 2119 μὴ
1336 2082 1504 2117 συγγενέσιν,
1517 2081 1600 2117 ήγουν
1612 2080 1693 2115 τυχὸν
1708 2079 1747 2115 τῷ
1760 2079 1838 2106 ὕδατι

1053 2130 1093 2165 (τὸ
1109 2130 1163 2166 γὰρ
1179 2130 1251 2165 ὕδωρ
1262 2130 1365 2166 ψυχρὸν
1393 2129 1441 2156 καὶ
1460 2127 1552 2164 ὑγρὸν,
1568 2127 1599 2154 τὸ
1613 2127 1641 2153 δὲ
1664 2126 1720 2163 πῦρ
1733 2127 1838 2162 θερμὸν

1052 2176 1098 2202 καὶ
1123 2175 1230 2211 ξηρόν)
1256 2175 1290 2201 δι’
1301 2175 1388 2202 ἄλλων
1413 2174 1522 2205 οἰκείως
1546 2173 1661 2208 ἑχόντων
1689 2172 1758 2208 πρὸς
1785 2171 1838 2207 τὴν

217 2221 292 2254 (nam
308 2227 377 2255 aqua
395 2219 494 2256 frigida
504 2225 531 2248 et
546 2220 656 2247 humida
674 2224 725 2253 est,
740 2219 810 2254 ignis
822 2226 887 2246 vero
898 2218 999 2246 calidus

1051 2221 1165 2257 θέρμην,
1177 2220 1298 2256 δηλονότι
1309 2220 1431 2254 ἀγγείου,
1446 2217 1610 2254 προσϐάλλει
1622 2217 1739 2252 πρῶτον.
1755 2215 1837 2252 Πρῶ-

215 2271 243 2295 et
256 2267 366 2302 siccus),
376 2267 481 2301 peralta
494 2266 668 2302 qwillisuut
680 2266 892 2301 cognata,verbi
900 2265 1000 2301 gratia,

216 2323 267 2350 per
281 2322 328 2342 vas
342 2316 459 2348 primum
473 2314 590 2343 accedit.
605 2313 728 2342 Primum
746 2321 836 2341 amem
851 2314 933 2346 dixit,
947 2321 1002 2342 non

215 2360 288 2394 quod
302 2360 469 2394 immediate,
485 2361 533 2388 sed
544 2367 592 2395 per
602 2368 633 2388 ea
649 2367 710 2395 qua:
733 2359 822 2394 prima
836 2364 900 2387 sunt
922 2366 1001 2386 acce-

216 2405 263 2431 dat
279 2405 396 2440 priutum
413 2405 446 2432 ad
467 2412 499 2431 ea
517 2412 577 2440 quze
595 2412 648 2432 non
674 2409 738 2432 sunt
758 2409 885 2439 cognata,
908 2404 942 2432 ad
968 2412 998 2431 ea

217 2451 401 2485 postmodum,
432 2451 507 2479 verbi
532 2451 633 2487 gratia,
657 2451 842 2479 calefacienda
861 2450 1000 2486 :primum

216 2498 289 2525 enim
318 2498 406 2534 ignita
438 2498 564 2526 faciendo
585 2497 630 2525 illa
661 2505 720 2532 quae
735 2505 844 2533 quoquo
859 2497 939 2524 modo
953 2504 1000 2523 co-

217 2551 299 2579 gnata
314 2549 387 2577 sunt,
404 2552 452 2580 per
463 2546 558 2573 eadem
575 2545 657 2573 etiam
675 2553 737 2580 quae
756 2552 808 2572 non
823 2549 886 2571 sunt
899 2551 1000 2578 cogna-

216 2597 244 2618 ta
265 2591 401 2620 calefacit.
414 2592 569 2620 Secundum
585 2591 657 2619 hanc
680 2592 773 2626 itaque
791 2591 928 2618 rationem
949 2598 1000 2617 ηα-

216 2638 344 2670 turalum,
357 2645 389 2666 ea
406 2645 515 2674 quoque
531 2645 591 2672 quae
607 2645 689 2673 supra
705 2643 831 2665 naturam
849 2642 914 2665 sunt
935 2643 1001 2664 con-

215 2686 322 2713 sidera:
336 2685 407 2712 Deus
426 2684 498 2712 enim
516 2685 606 2712 omnis
626 2690 707 2713 rectae
731 2684 912 2713 ordinationis
928 2684 1001 2711 ordi-

215 2731 315 2766 nisque
330 2730 513 2765 principatus,
530 2731 717 2758 illustrationis
737 2738 794 2758 sua:
824 2729 998 2764 splendorem

215 2777 440 2812 primordialiter,
453 2776 590 2804 luculenta
604 2781 630 2804 ct
651 2776 810 2803 admiranda
825 2775 932 2802 fusione
952 2782 1000 2802 su-

216 2823 320 2858 premis
342 2822 396 2850 illis
411 2822 548 2850 mentibus
563 2821 731 2854 manifestat,
747 2825 775 2848 et
787 2828 836 2855 per
858 2820 919 2847 illas
935 2819 998 2846 reli-

219 2876 279 2904 quae
304 2869 431 2904 deinceps
449 2869 529 2897 istum
545 2867 651 2896 radium
668 2866 844 2903 participant.
864 2865 909 2893 llce
927 2864 999 2892 enim

1051 2274 1096 2292 τον
1111 2266 1139 2292 δὲ
1150 2263 1293 2300 εἷπεν,οὑχ
1308 2265 1348 2291 ὅτι
1364 2264 1484 2299 ἀμέσως,
1500 2262 1569 2290 ἀλλὰ
1584 2261 1628 2288 διὰ
1637 2261 1691 2288 τῶν
1707 2260 1836 2296 πρώτων,

1051 2311 1213 2347 προσϐάλλει
1226 2312 1282 2342 τοῖς
1295 2311 1331 2346 μὴ
1348 2309 1490 2344 συγγενέσι
1503 2309 1620 2344 πρῶτον,
1635 2307 1703 2343 πρὸς
1718 2306 1753 2333 τὰ
1767 2307 1843 2342 μετὰ,

1051 2357 1136 2384 ταῦτα
1160 2357 1240 2393 τυχὸν
1266 2356 1483 2392 θερμαινόμενα·
1507 2353 1617 2390 πυρώδη
1646 2353 1700 2389 γὰρ
1727 2353 1836 2388 πρῶτον

1051 2403 1166 2431 ποιοῦσα
1189 2404 1224 2431 τά
1247 2403 1336 2434 ποσῶς
1358 2401 1486 2436 συγγενῆ,
1509 2400 1542 2426 δι’
1553 2400 1665 2427 ἐκείνων
1687 2399 1784 2426 καὶτὰ
1797 2399 1841 2436 μὴ,

1052 2448 1170 2483 συγγενῆ
1186 2448 1337 2484 θερμαίνει.
1353 2446 1432 2473 Κατὰ
1460 2445 1506 2472 τὸν
1533 2445 1613 2471 αὑτὸν
1641 2442 1688 2471 οὖν
1721 2445 1835 2478 φυσικὸν

1051 2493 1128 2528 λόγον
1143 2494 1197 2521 νόει
1210 2494 1258 2520 καὶ
1267 2492 1302 2519 τὰ
1313 2492 1439 2527 ὑπερφυῆ
1449 2501 1456 2507 -
1473 2493 1490 2527 ἡ
1504 2491 1594 2527 πάσης
1608 2490 1663 2526 γὰρ
1686 2489 1835 2524 εὐκοσμίας

1050 2539 1205 2574 ταξιαρχία,
1221 2540 1236 2565 ὁ
1247 2538 1322 2570 Θεὸς,
1340 2538 1389 2573 τὴν
1410 2538 1459 2573 τῆς
1475 2536 1557 2563 αὑτοῦ
1575 2535 1740 2570 φωτοδοσίας
1762 2534 1834 2570 λαμ-

1050 2586 1172 2621 πρότητα
1186 2583 1369 2621 πρωτοφανῶς
1383 2585 1441 2615 ταῖς
1451 2582 1680 2618 ύπερὸεὸηκυίαις
1693 2580 1834 2614 ἀναφαίνει

1051 2630 1122 2658 κατὰ
1136 2630 1212 2666 χύσιν
1229 2628 1343 2663 ἄφθονον
1357 2628 1404 2654 καὶ
1425 2625 1645 2661 πανοαύμαστον,
1658 2625 1705 2651 καὶ
1718 2622 1762 2650 διὰ
1776 2623 1835 2649 τού-

1050 2685 1104 2704 των
1121 2676 1262 2712 μετέχουσι
1275 2675 1324 2709 τῆς
1335 2674 1443 2704 ἀκτῖνος
1453 2672 1487 2699 τὰ
1500 2672 1622 2708 δεύτερα.
1636 2672 1669 2697 Αἱ
1682 2670 1736 2706 γὰρ
1750 2670 1836 2705 ὑπερ-

1051 2723 1205 2758 ϐεϐηκυίαι,
1219 2720 1377 2755 ὲπιγνοῦσαι
1389 2718 1505 2754 πρώτως
1514 2718 1560 2744 τὸν
1571 2716 1650 2744 αὐτὸν
1658 2715 1837 2752 δημιουργὸν,

1050 2769 1097 2796 καὶ
1122 2769 1171 2803 τῆς
1197 2767 1301 2794 ἐκείνου
1326 2765 1456 2800 καλλονῆς
1484 2763 1635 2798 ὲφιέμεναι,
1663 2762 1836 2798 πρωτουργοὶ

1049 2815 1172 2850 γενέσθαι
1188 2812 1393 2848 κανηξιώθησαν
1404 2811 1453 2846 τῆς
1472 2809 1637 2844 θεομιμήτου
1651 2808 1791 2844 ὲνεργείας
1804 2817 1835 2835 τε

1051 2862 1098 2889 καὶ
1111 2861 1252 2896 δυνάμεως
1261 2867 1267 2874 ⁸
1287 2858 1402 2894 πρώτως
1421 2856 1474 2892 γὰρ
1487 2855 1521 2882 δι’
1534 2854 1622 2882 αὐτῶν
1638 2857 1664 2882 αἱ
1681 2854 1739 2890 μετ’
1750 2853 1838 2886 αὺτάς
