1933 3075
108 173 165 202 313

358 173 401 200 DE
420 171 586 200 C(ELESTI
602 171 828 205 HIERARCHIA,
846 170 924 199 CAP.
942 169 1013 198 XIII.
1031 185 1065 191 —
1080 167 1254 197 PABAPHR.
1271 167 1508 197 PACHYMERE.

1690 168 1742 196 5H
1769 152 1777 157 “

108 233 160 269 τὴν
175 231 308 267 ἔλλαμψιν
333 231 464 267 δέχονται,
490 230 581 263 καθὼς
605 232 652 259 καὶ
668 228 747 259 αὗται
769 229 846 265 παρὰ
856 230 897 256 τοῐ

956 235 1090 263 supremae
1111 234 1172 254 cum
1200 229 1319 263 primum
1345 231 1485 254 auctorem
1509 233 1587 253 suum
1611 232 1743 262 agnosce-

109 279 178 306 Θεοῦ
190 278 294 314 ταύτην
302 278 423 313 δέχονται
433 287 440 293 ·
453 277 622 305 ἀνατείνουσι
635 277 688 314 γὰρ
695 277 744 309 τὰς
761 277 806 304 ὑπ’
819 276 904 307 αὑτὰς

110 324 277 358 ἁγαθοειδῶς
293 324 340 350 καὶ
357 323 418 358 δίχα
439 323 539 354 παντὸς
560 322 657 357 φθόνου
673 322 776 358 (ἀγαθῷ
790 321 844 358 γὰρ
856 321 903 348 οὑ-

109 371 166 403 δεὶς
177 371 313 406 ἐγγίνεται
330 370 425 405 φθόνος
439 370 509 396 κατὰ
520 370 565 396 τὸν
579 369 736 405 Πλάτωνα,)
753 369 904 405 πληρεστά-

107 427 165 450 τως
184 417 377 454 μεταδιδοῦσαι
389 417 440 452 τῆς
455 416 562 452 αἴγλης,
578 416 630 443 κᾶν
645 417 758 447 ἐκεῖναι,
771 416 833 442 ὅσον
849 424 904 450 χω-

111 461 198 497 ροῦσι,
213 461 351 496 δέχωνται.
367 460 452 487 Τοῦτο
466 461 569 495 γίνεται
582 462 629 488 καὶ
652 461 698 487 ἐπὶ
723 462 784 492 ταῖς
798 460 904 496 ἑτέραις

109 507 163 539 ἓως
184 507 232 534 καὶ
248 507 303 534 τῶν
328 507 460 543 ἐσχάτων.
476 508 570 534 Ἔστιν
586 505 634 534 οὖν
651 508 739 536 ἅπασι
752 509 810 538 τοῖς
825 514 904 541 φωτι-

108 550 234 588 ζομένοις
262 553 332 589 ἀρχὴ
363 553 411 580 τοῦ
436 553 599 589 φωτίζεσθαι
622 555 636 581 ὁ
658 553 734 585 Θεὸς,
757 553 836 588 φύσει
857 552 904 579 καὶ

110 599 196 631 ϐντως
209 600 310 636 κυρίως
326 599 363 631 ὼς
381 600 470 634 φωτὸς
489 601 576 636 πηγὴ,
588 601 635 628 καὶ
648 601 782 635 αὑτόφως,
798 600 844 627 καὶ
859 598 902 626 αῐ-

108 653 167 677 τιος
187 646 255 672 πᾶσι
278 646 325 672 καὶ
346 645 394 672 τοῦ
409 644 489 678 εἶναι,
504 647 551 673 καὶ
573 646 620 673 τοῦ
641 648 707 683 ὸρᾷν
741 646 806 673 αὐτὸ
822 646 853 681 δὴ
872 644 903 672 τὸ

107 691 183 725 φῶς·
202 690 275 717 θέσει
301 691 330 718 δὲ
347 692 394 718 καὶ¹
410 691 482 719 κατά
493 691 574 728 χάριν
585 692 758 728 Οεομιμήτως
771 691 841 718 κατὰ
855 690 903 726 μέ-

112 745 161 772 ρος
179 737 228 772 μία
242 738 275 772 τῇ
287 737 379 773 ἑτέρᾳ,
392 738 409 772 ἡ
427 737 522 773 πρώτη
537 739 571 773 τῇ
598 738 655 773 μετ’
666 738 760 773 αὐτὴν,
774 738 803 763 ὲν
814 736 853 771 τῷ
868 736 902 762 δι’

112 782 202 817 αὐτῆς
216 784 256 814 είς
267 784 374 819 ἐκείνην
384 784 433 819 τὴν
445 783 576 819 ἔλλαμψιν
588 784 751 820 διέρχεσθαι,
766 783 780 810 ὃ
791 783 822 818 δὴ
837 784 901 809 ἐπο-

108 828 268 864 χετεύεσθαι
282 827 370 862 εἶπεν,
390 830 444 856 ἀπὸ
463 831 616 866 μεταφορᾶς
639 829 687 856 τοῦ
710 829 754 856 διὰ
775 829 902 864 σωλήνων

108 875 286 911 διερχομένου
308 875 415 907 ὓδατος.
434 876 471 902 Τὸ
486 876 516 903 δὲ
536 876 572 902 τὰ
594 877 683 903 οίκεϊα
705 877 837 912 ἐνεργεῖν,
854 875 901 901 καὶ

109 921 258 952 ἀπαύστως
271 921 449 948 ἀνατετάσθαι
466 922 534 958 πρὸς
549 922 595 948 τὸν
615 921 693 953 Θεὸν,
713 922 759 948 καὶ
777 922 818 952 είς
834 921 898 946 έαυ-

106 967 172 998 τοὺς
190 966 383 993 συστέλλεσθαι
406 967 498 998 πάλιν,
524 967 556 994 τὸ
582 968 631 1002 μὲν
657 969 691 1003 τῇ
706 967 807 1002 ἐφέσει,
825 966 856 993 τὸ
871 965 900 993 δέ

105 1013 141 1048 τῇ
157 1013 277 1047 προσοχῇ
289 1012 337 1038 καὶ⁵
351 1013 384 1048 τῇ
403 1012 540 1048 εὐλαϐείᾳ,
554 1013 633 1039 τοῦτο
655 1012 689 1039 ἂν
714 1011 827 1048 κληθείη
841 1011 900 1039 θεο-

109 1058 229 1093 μίμητος
245 1058 341 1093 ἀρετή.
359 1058 442 1091 Τάξιν
454 1058 482 1085 δὲ
495 1059 570 1094 ὅμως
580 1058 631 1093 τὴν
644 1057 683 1089 ὡς
697 1057 776 1084 ἄλλου
787 1058 815 1084 ἐν
826 1057 899 1093 ἄλλῳ

106 1102 296 1138 διαφυλάττειο
315 1103 353 1135 ὡς
376 1104 418 1130 τό·
444 1105 481 1140 Ζῇ
505 1104 533 1131 ἐν
557 1104 619 1139 ἐμοὶ
640 1105 657 1139 ἠ
682 1103 755 1139 ψυχή
770 1112 828 1135 σου,
839 1104 899 1131 ἀντὶ

106 1148 166 1180 τοῦ,
180 1150 197 1184 ἡ
209 1149 369 1176 διδασκαλία
385 1158 442 1182 σου,
455 1150 502 1176 καὶ
513 1151 530 1185 ἡ
543 1149 646 1184 ταύτης
664 1149 816 1184 μετάδοσις.
825 1149 899 1181 Τέως

106 1193 174 1220 δὲτὸ
184 1193 232 1229 μὲν
246 1193 318 1220 Θέσει
330 1194 404 1220 ἐστὶν
420 1194 487 1226 ἐκεῖ,
504 1194 535 1220 τὸ
550 1193 579 1221 δὲ
593 1192 765 1229 συμϐεϐηκὸς
780 1193 811 1219 οὐ
828 1193 898 1220 πάνυ

105 1247 133 1266 τι
161 1238 290 1274 κληθείη·
317 1239 348 1266 τὸ
375 1239 430 1275 γὰρ
463 1239 636 1276 συμϐεϐηκὸς
664 1239 694 1267 ἐν
725 1240 898 1276 ὑποκειμένῳ

106 1283 197 1310 ἐστίν·
215 1284 348 1312 ἀσύνθετα
374 1286 403 1312 δὲ
429 1286 475 1312 καὶ
501 1285 571 1313 ἀῦλα
590 1286 693 1317 ἐκεῖνα,
711 1286 759 1313 καὶ
782 1286 816 1312 τὰ
838 1286 897 1321 εἴδη

106 1329 207 1362 αὐτῶν,
224 1329 301 1363 ζωαὶ,
317 1330 366 1366 οὐχ
379 1330 416 1362 ὼς
427 1331 456 1358 ἐν
467 1330 517 1367 ὕλῃ
525 1331 588 1358 εἰσί.
600 1330 655 1366 Τὴν
662 1331 727 1364 γοῦν
737 1331 892 1367 ὑπερτάτην

106 1374 286 1410 διακόσμησιν
303 1375 333 1401 αἱ
353 1375 446 1402 λοιπαὶ
464 1376 588 1412 οὐράνιαι
612 1376 713 1407 οὐσίαι,
733 1375 803 1407 τέως
828 1375 897 1411 μετὰ

105 1419 173 1447 θεὸν
188 1420 274 1456 ἀρχὴν
287 1420 417 1456 ἡγοῦνται
430 1421 481 1456 τῆς
494 1421 657 1456 θεογνωσίας
673 1422 720 1448 καὶ
735 1421 785 1456 τῆς
802 1420 896 1455 θεομι-

107 1465 209 1500 μησίας
223 1465 323 1499 αὐτῶν,
335 1466 373 1498 ώς
383 1466 416 1493 δι’
428 1467 539 1494 ἐκείνων
555 1467 596 1498 είς
607 1466 692 1498 αὐτὰς
708 1466 896 1501 διαδιδομένης

105 1510 158 1545 τῆς
176 1511 336 1546 ἐλλάμψεως
346 1521 353 1527 ·
368 1513 408 1540 διὸ
435 1513 482 1540 καὶ
501 1513 592 1540 πᾶσαν
611 1512 751 1547 ἐνέργειαν
767 1512 814 1539 ἐπὶ
827 1511 894 1538 Θεὸν

109 1557 160 1593 μὲν
179 1558 369 1594 ἀναφέρουσιν,
389 1559 427 1591 ὼς
442 1559 482 1591 είς
496 1559 617 1595 ἀρχηγὸν
631 1559 678 1585 καὶ
699 1559 795 1592 αἴτιον,
817 1556 895 1590 αὖθις
908 1573 929 1602 α

104 1603 135 1632 δὲ
150 1603 209 1639 μετ’
225 1604 304 1631 αὐτὸν
327 1604 375 1631 ἐπὶ
395 1605 460 1636 τοὺς
485 1604 620 1640 πρώτους,
647 1605 686 1637 ὡς
711 1604 827 1640 πρώτως
856 1605 896 1636 είς

104 1647 204 1679 αὐτοὺς
224 1647 259 1674 τὰ
285 1648 335 1684 τῆς
351 1648 530 1685 θεομιμησίας
547 1651 742 1686 ἀναφαίνοντας
765 1651 812 1678 καὶ
824 1650 896 1677 διδά-

105 1701 229 1725 σκοντας.
248 1694 348 1721 Λοιπὸν
365 1695 381 1730 ἡ
399 1695 494 1731 πρώτη
506 1696 592 1729 τάξις,
611 1696 711 1732 μᾶλλον
730 1697 785 1724 τῶν
797 1697 895 1731 ἄλλων,

103 1737 139 1765 τὰ
155 1738 291 1774 προσόντα
305 1740 387 1775 ἑαυτῇ
407 1740 464 1776 ἔχει
483 1741 514 1767 τὸ
524 1741 672 1777 ἐμπόριον,
688 1742 757 1778 ὅπερ
772 1742 831 1769 ἐστὶ
841 1742 896 1769 τῶν

109 1785 243 1820 σεραφὶμ,
258 1785 308 1820 τὴν
319 1785 369 1820 τῆς
381 1786 478 1820 σοφίας
491 1786 579 1821 χύσιν,
594 1786 633 1813 ἔτι
644 1786 671 1813 δὲ
683 1788 729 1814 καὶ
741 1788 772 1814 τὸ
782 1796 897 1822 γνωστι-

105 1829 153 1858 ιὸν
166 1830 217 1866 τῆς
229 1831 384 1867 ἐπιστήμης
398 1832 452 1859 τῶν
463 1832 543 1860 θείων
560 1832 730 1868 ὲλλάμψεων,
745 1833 772 1869 (ἡ
784 1835 896 1869 ἐπιστή-

105 1883 143 1910 μη
157 1873 211 1909 γὰρ
223 1874 291 1910 πρὸς
301 1875 337 1902 τὰ
348 1876 482 1912 ἐπιστητά
497 1877 583 1912 ἐστι,)
598 1878 646 1904 καὶ
659 1879 709 1914 τὴν
721 1878 774 1905 τῶν
790 1879 896 1915 θρόνων

105 1920 236 1956 ἰδιότητα,
250 1920 282 1947 τὸ
296 1920 472 1957 ἀνεῳγμένην
488 1922 608 1958 δηλονότι
617 1923 667 1958 τὴν
680 1924 744 1960 περὶ
756 1924 803 1951 τοῦ
817 1925 895 1952 Θείου

103 1964 199 2000 νόησιν
211 1965 294 2000 ἔχειν,
306 1966 320 1993 ὃ
334 1966 366 2003 δὴ
383 1967 506 2003 θεοδοχία
532 1969 590 1996 ἐστί
611 1977 641 1996 τε
662 1971 709 1997 καὶ
721 1971 893 2006 ὀνομάζεται.

109 2009 144 2037 Ἦ
158 2010 187 2037 δέ
205 2012 263 2047 μετ’
274 2011 358 2047 αὐτὴν
379 2012 457 2046 τάξις
480 2014 591 2049 μετέχει
613 2015 662 2050 μὲν
687 2015 742 2042 τῶν
768 2017 896 2044 τοιούτων

103 2055 257 2091 δυνάμεων,
270 2058 425 2093 ὑφειμένως
438 2058 478 2090 δὲ,
495 2059 542 2086 καὶ
555 2060 624 2096 πρὸς
639 2061 688 2093 τὰς
702 2061 812 2097 πρώτας
826 2062 896 2098 ὁρῶ-

110 2110 166 2134 σαι,
181 2102 217 2129 δι⁹
227 2103 316 2130 αὐτῶν
335 2103 373 2135 ὡς
392 2104 508 2140 πρώτως
522 2105 682 2142 ἠξιωμένων
697 2109 748 2144 τῆς
762 2107 895 2144 θεομιμη-

955 277 1027 304 rent,
1066 273 1147 308 119
1175 272 1442 308 pulchritudinisque
1463 271 1577 306 ejusque
1604 272 1742 301 desiderio

956 323 1122 351 tenerentur,
1144 321 1196 347 hoc
1207 320 1292 347 etiam
1308 324 1442 346 assecuta:
1463 323 1539 350 sunt,
1551 323 1580 345 ut
1601 319 1695 353 prima:
1708 320 1742 347 ad

954 365 1053 392 divinae
1068 365 1216 400 potestatis
1240 369 1323 400 atque
1347 364 1466 391 actionis
1489 364 1668 391 imitationem
1681 372 1743 399 pet-\-

955 411 1078 439 veuirent
1095 419 1103 438 :
1121 416 1268 446 sequentes
1295 411 1368 438 enim
1393 411 1509 445 primum
1527 418 1576 445 per
1596 411 1669 445 ipsas
1681 411 1742 438 illu-

953 458 1116 485 strationem
1142 458 1296 494 accipiunt,
1309 456 1538 492 quemadmodum
1565 457 1629 491 ipsae
1656 465 1671 484 a
1687 458 1743 488 Deo

954 503 1028 532 illam
1052 503 1206 540 accipiunt;
1222 503 1353 539 quoniam
1373 503 1416 530 his
1427 510 1486 530 eam
1511 503 1627 538 benigne
1639 508 1667 530 et
1680 504 1743 531 abs-

954 558 1006 585 que
1021 550 1075 577 ulla
1092 550 1194 578 invidia
1210 550 1375 585 expandunt
1390 549 1472 585 (bono
1488 549 1561 577 enim
1587 549 1659 576 nullo
1672 549 1742 577 inest

954 596 1066 629 invidia,
1082 601 1114 624 ut
1129 595 1207 623 Plato
1228 596 1289 631 ait),
1303 595 1461 630 plenissime
1477 595 1647 630 splendorem
1662 603 1741 623 suum

954 643 1188 675 transl‘undeutes,
1212 642 1340 677 quamvis
1369 641 1435 676 ipsa:
1465 645 1581 674 tantum,
1609 645 1740 676 quantum

952 689 1078 723 capiunt,
1092 689 1244 723 accipiunt.
1259 688 1340 722 Quod
1356 688 1442 715 etiam
1455 687 1566 722 reliquis
1581 688 1614 714 ad
1634 693 1741 722 postre-

952 742 1011 762 mas
1027 742 1114 770 usque
1129 734 1270 762 usuvenit.
1298 733 1347 761 Est
1372 734 1456 768 igitur
1468 733 1590 761 omnium
1607 741 1666 768 qua:
1680 733 1741 760 illu-

951 785 1075 808 strantur
1106 780 1278 808 illuminandi
1320 779 1490 814 principium
1525 778 1613 811 Deus,
1643 784 1740 806 natura

951 827 1060 861 quidem
1076 831 1104 854 et
1131 833 1226 854 revera
1250 827 1362 862 proprie
1384 831 1413 854 ut
1435 826 1498 854 fons
1512 825 1590 859 lucis,
1605 829 1632 853 et
1650 832 1740 860 perse

952 871 998 898 lux
1015 876 1042 899 et
1057 874 1154 900 auctor
1168 872 1295 900 omnibus
1316 877 1385 900 utet
1400 872 1467 905 sint,
1485 876 1511 899 et
1536 872 1626 907 ipsum
1648 871 1738 900 lumen

953 918 1081 952 videant;
1096 926 1129 946 ex
1146 918 1272 946 instituto
1287 923 1391 951 autem,
1408 923 1436 946 et
1455 918 1605 946 secundum
1624 917 1739 953 gratiam

951 964 998 991 Dei
1013 964 1165 992 imitatione
1175 973 1208 992 ex
1222 969 1299 999 parte
1314 972 1367 991 una
1386 964 1478 996 alteri,
1493 965 1582 999 prima
1601 965 1737 999 sequenti,

949 1011 1013 1037 dttm
1040 1018 1088 1045 per
1110 1010 1194 1045 ipsam
1222 1011 1255 1038 ad
1283 1011 1358 1038 iliam
1383 1011 1482 1038 transit
1507 1010 1670 1043 illustratio;
1687 1010 1739 1038 hoc

950 1057 1043 1091 utique
1071 1056 1214 1084 derivandi
1231 1057 1365 1084 vocabulo
1389 1065 1455 1085 usus
1474 1064 1523 1092 per
1537 1058 1737 1092 metaphoram,

949 1110 963 1129 a
981 1102 1122 1130 canalibus
1139 1109 1188 1137 per
1209 1110 1279 1138 quos
1303 1110 1376 1137 aqua
1406 1103 1519 1130 transit.
1550 1102 1637 1130 Porro
1666 1103 1737 1136 quod

948 1156 1008 1184 quae
1021 1156 1068 1176 sua
1086 1153 1150 1175 sunt
1161 1153 1255 1183 agant,
1274 1153 1303 1176 et
1316 1149 1487 1177 incessanter
1503 1150 1531 1177 in
1548 1149 1632 1176 Deum
1649 1148 1739 1176 inten-

948 1192 1024 1226 dant,
1043 1197 1070 1220 et
1093 1192 1120 1220 in
1138 1193 1278 1228 semetipsi
1295 1193 1385 1222 denuo
1403 1194 1580 1227 colligantur,
1596 1193 1660 1220 illud
1676 1193 1739 1228 qui—

949 1237 1010 1265 dem
1024 1237 1134 1273 atl‘ectu,
1148 1238 1199 1265 hoc
1216 1245 1279 1266 vero
1296 1240 1448 1267 attentione
1463 1247 1495 1267 ac
1508 1240 1673 1271 reverentia,
1687 1247 1744 1266 vos.

947 1283 1003 1310 cari
1017 1284 1105 1318 possit
1118 1283 1215 1316 virtus,
1231 1291 1291 1318 qtne
1306 1284 1389 1311 Deum
1404 1285 1540 1312 imitatur.
1557 1285 1628 1318 Quin
1644 1289 1670 1312 et
1687 1292 1736 1312 or-

947 1329 1037 1356 dinem
1050 1337 1160 1364 quoque
1177 1335 1207 1358 ut
1224 1330 1294 1358 alius
1306 1331 1333 1358 in
1350 1331 1403 1359 alio
1414 1331 1552 1366 observat,
1563 1332 1640 1366 juxta
1657 1332 1735 1364 illud.

947 1372 1021 1401 Vivit
1043 1374 1070 1402 in
1093 1382 1137 1403 me
1151 1377 1243 1403 anima
1261 1382 1319 1409 tua,
1337 1377 1362 1403 id
1381 1382 1423 1404 est
1451 1377 1576 1405 doctrina
1596 1382 1653 1410 tua,
1667 1378 1738 1412 ejus-

946 1427 998 1454 que
1012 1421 1238 1449 communicatio.
1256 1422 1356 1450 Verutn
1373 1423 1483 1457 quidem
1503 1423 1571 1450 illud
1595 1430 1629 1450 ex
1655 1423 1736 1455 insti-

946 1469 1005 1492 tuto
1016 1466 1056 1492 sic
1069 1472 1099 1492 se
1113 1464 1206 1498 habet,
1218 1472 1247 1493 at
1260 1474 1314 1494 non
1338 1468 1450 1495 omnino
1478 1475 1524 1503 per
1547 1468 1680 1496 accidens
1697 1469 1736 1495 ita

945 1509 1046 1544 aliquid
1068 1510 1161 1538 vocari
1189 1516 1299 1546 posset;
1325 1519 1387 1538 nam
1406 1512 1534 1539 accidens
1557 1504 1584 1538 in
1611 1512 1736 1546 subjecto

945 1563 1004 1591 est;
1018 1558 1064 1586 sed
1080 1557 1126 1585 illa
1140 1563 1204 1585 sunt
1216 1558 1398 1593 incomposita
1412 1563 1440 1585 et
1452 1558 1574 1585 materie
1594 1559 1732 1593 expertia,

945 1605 1107 1639 speciesque
1120 1604 1230 1631 illorum
1245 1605 1317 1638 vitaz,
1331 1612 1385 1632 non
1398 1605 1469 1631 sicut
1486 1605 1513 1631 in
1527 1606 1734 1637 tnateria,suut.

947 1649 1110 1684 Supremam
1135 1650 1220 1686 igitur
1238 1650 1391 1678 cmlestium
1421 1650 1664 1685 intelligentiarum
1683 1653 1741 1681 dis-

945 1694 1109 1729 positionem
1144 1697 1256 1731 reliqua;
1277 1697 1405 1724 caelestes
1421 1698 1558 1728 essentizc.
1580 1697 1633 1724 huc
1648 1704 1735 1731 usque

946 1746 1006 1776 post
1020 1740 1104 1768 Deum
1118 1741 1218 1768 divina:
1243 1740 1409 1775 cognitionis
1435 1740 1658 1775 imitationesque
1678 1747 1735 1767 sua!

946 1786 1109 1822 principium
1129 1794 1191 1814 esse
1217 1791 1340 1819 censent,
1358 1787 1430 1821 quod
1459 1794 1506 1821 per
1527 1786 1586 1814 illas
1612 1787 1638 1813 in
1662 1786 1736 1821 ipsas

946 1832 1093 1860 illustratio
1126 1833 1280 1865 derivetur;
1305 1838 1472 1867 quapropter
1497 1833 1581 1859 etiam
1624 1839 1734 1859 omnem

946 1878 1079 1905 actionem
1094 1885 1182 1909 suam,
1198 1877 1231 1905 ad
1249 1878 1334 1904 Deum
1350 1879 1459 1913 quidem
1485 1883 1512 1904 ut
1540 1878 1690 1913 principem
1706 1881 1734 1907 et

947 1928 1087 1951 auctorem
1116 1924 1250 1956 referunt,
1273 1924 1373 1951 deinde
1403 1932 1468 1952 vero
1495 1929 1556 1959 post
1582 1924 1670 1958 ipsqu
1700 1923 1735 1950 ad

946 1970 1048 2005 primas
1064 1969 1124 1997 illas
1136 1975 1251 2002 tuentes,
1263 1976 1392 2004 tanquam
1405 1977 1466 2004 qua:
1480 1970 1574 2005 prima:
1587 1970 1613 1997 in
1629 1974 1732 1997 semet-

947 2016 1012 2049 ipsis
1027 2015 1132 2042 divinas
1151 2015 1319 2042 imitationes
1341 2020 1368 2042 et
1388 2015 1536 2042 exhibeant
1561 2020 1590 2043 et
1602 2016 1732 2043 doceant.

945 2061 1079 2088 Cancrum
1101 2062 1206 2096 primus
1224 2061 1270 2089 ille
1292 2062 1360 2089 ordo
1377 2063 1423 2097 qui
1441 2062 1578 2097 seraphim
1595 2067 1647 2095 est,
1665 2061 1735 2089 reli-

945 2108 1007 2142 quis
1021 2108 1108 2143 magis
1134 2108 1160 2135 itt
1186 2108 1340 2144 seigneant
1363 2110 1483 2136 continet
1510 2117 1559 2136 seu
1590 2109 1732 2143 sapientiae

104 2147 166 2179 σίας
188 2149 234 2175 ἐπὶ
252 2149 283 2175 τὸ
303 2148 419 2182 θεοειδές
440 2150 478 2182 ὡς
496 2151 607 2186 ἐφικτὸν
623 2152 785 2187 ἀνάγονται·
803 2154 895 2181 ἀνατι-

949 2153 1092 2186 lusionem,
1107 2158 1190 2189 atque
1209 2155 1322 2189 insuper
1343 2155 1466 2182 scientiae
1490 2155 1643 2182 divinarum
1669 2155 1733 2182 illit-

104 2193 183 2221 θέασι
194 2194 259 2230 γοῦν
271 2197 331 2227 ταῖς
341 2196 464 2232 πρώταις
477 2197 515 2229 ὡς
531 2198 672 2234 ἱεράρχαις
687 2199 756 2235 μετὰ
767 2199 832 2227 Θεὸν
844 2200 895 2233 τὰς

106 2238 242 2275 ἰδιότητας
255 2240 376 2274 ἐκείνων,
388 2238 425 2268 ὧν
440 2239 519 2269 αὗται
535 2243 565 2269 ἐν
583 2244 715 2280 μετουσίᾳ
726 2245 856 2279 γίνονται.

105 2289 166 2311 rum
181 2285 299 2319 patulam
322 2287 356 2313 ad
387 2288 469 2314 Deum
484 2287 690 2323 intelligentiam
717 2289 807 2323 habet,
821 2291 893 2325 quod

946 2199 1108 2227 stratiouunt
1128 2201 1254 2235 peritiatn
1270 2201 1397 2236 (scientia
1411 2201 1482 2228 enim
1507 2201 1542 2228 ad
1559 2208 1603 2228 res
1623 2201 1737 2230 scibiles

949 2245 1076 2281 refertur)
1102 2246 1316 2280 thronorumque
1344 2247 1553 2281 proprietatem,
1571 2255 1633 2282 qua:
1650 2247 1732 2275 nimi-

948 2291 994 2318 Dei
1010 2292 1148 2327 susceptio
1162 2297 1190 2319 et
1204 2297 1246 2319 est
1271 2297 1299 2319 et
1326 2293 1486 2328 appellatur.
1509 2292 1582 2321 Ordo
1594 2294 1639 2328 qui
1661 2294 1733 2321 hunc

104 2331 229 2365 sequitur
242 2331 394 2359 istiusmodi
411 2333 521 2368 quidem
545 2334 659 2362 virtutes
678 2337 837 2371 participat,
867 2337 916 2364 sed
937 2337 1059 2365 inferiori
1076 2338 1174 2372 gradu,
1189 2343 1216 2365 et
1233 2338 1313 2373 120
1330 2347 1391 2366 cum
1408 2344 1530 2373 respectu
1558 2340 1591 2367 ad
1615 2339 1734 2375 priores,

103 2382 154 2410 per
167 2384 245 2412 quos,
260 2382 391 2412 tanquam
412 2379 513 2408 divina:
539 2381 703 2409 imitationis
726 2383 911 2417 primicerios,

944 2384 977 2411 ad
1005 2385 1218 2412 deiformitatcm
1248 2394 1298 2421 pro
1330 2391 1414 2421 captu
1441 2393 1490 2413 suo
1524 2392 1732 2421 promoventur;

104 2431 190 2458 quare
210 2424 291 2450 etiam
315 2425 412 2459 primis
427 2425 494 2461 illis,
514 2430 644 2462 tanquam
657 2428 814 2462 praepositis
828 2428 896 2459 suis.
916 2434 978 2464 post
991 2429 1074 2457 Deum
1097 2434 1222 2465 acceptus
1247 2431 1338 2458 terunt
1364 2437 1548 2466 proprietates
1575 2432 1641 2459 istas
1667 2439 1732 2467 qua-

104 2477 166 2496 rum
184 2469 335 2504 participes
345 2470 407 2498 facti
421 2477 496 2500 sunt.

141 2525 154 2561 §
173 2523 219 2552 IV.
239 2525 334 2560 Ἔλεγε
348 2526 414 2560 γοῦν
424 2528 438 2554 ὁ
453 2527 556 2564 ταύτην
567 2529 617 2564 τὴν
631 2529 708 2557 λύσιν
721 2530 895 2566 ποιούμενος,

104 2569 192 2606 (οἶμαι
200 2571 239 2602 δὲ,
246 2572 260 2598 ὁ
272 2571 356 2606 μέγας
367 2570 401 2608 ἦν
415 2573 551 2608 Ἰερόθεος,
560 2574 612 2610 ἢεί
619 2584 661 2607 τις
669 2575 748 2608 ἄλλος
758 2577 818 2603 κατ’
829 2577 899 2603 ἐκεῖ·

103 2618 171 2652 νον,)
181 2617 222 2643 ὅτι
231 2618 248 2653 ή
260 2617 292 2652 μὲ
299 2626 313 2644 ν
325 2618 419 2653 ὅρασις
428 2619 519 2655 ἐκείνη
528 2620 672 2657 ὐπεδείχθη
681 2621 720 2658 τῷ
729 2623 857 2659 προφήτῃ
863 2623 898 2649 δι’

104 2662 165 2694 ἐνὸς
175 2662 229 2689 τῶν
243 2663 377 2698 ἀγγέλων,
391 2664 552 2692 ἀναταοέντι
563 2666 639 2702 παρὰ
649 2667 698 2703 τῆς
715 2668 899 2703 χειραγωγίας

104 2707 210 2733 ἐκείνου
218 2708 257 2739 είς
265 2708 313 2744 τὴν
322 2708 438 2744 θεωρίαν
447 2710 565 2746 ἐκείνην,
574 2711 634 2738 καθ’
640 2712 673 2748 ἢν
681 2712 754 2748 ἐώρα
759 2712 808 2744 τὰς
816 2713 897 2749 ὑπερ-

107 2753 193 2786 τάτας
200 2754 303 2786 οὐσίας,
313 2754 351 2785 ὡς
360 2755 390 2781 ὲν
399 2763 430 2782 συ
435 2755 552 2791 μϐὀλοις,
563 2756 762 2794 ἐξαπτερύγους
771 2759 824 2785 ὑπὸ
830 2758 896 2786 Θεὸν

104 2798 155 2834 (ὅτι
172 2799 244 2834 μέγα
257 2797 291 2835 ἦν
302 2800 333 2826 τὸ
349 2801 396 2828 τοῦ
419 2801 574 2837 καθημένου
601 2803 831 2839 ὑπεξῃρημένον),
847 2804 895 2831 καὶ

105 2846 175 2882 μετὰ
182 2846 249 2873 Θεοῦ
259 2846 299 2881 (οὐ
306 2847 361 2883 γάρ
367 2845 438 2883 ἦσαν
444 2849 496 2884 πρὸ
502 2849 612 2876 ἐκείνων
619 2850 710 2885 ἕτεραι
721 2851 834 2885 τάξεις),
847 2850 894 2877 καὶ

106 2892 170 2927 περὶ
187 2890 265 2925 θεὸν,
279 2889 320 2920 ὅτι
332 2892 423 2928 κύκλῳ
435 2893 550 2921 ἵσταντο.
566 2895 602 2922 Τὸ
623 2895 649 2921 δὲ
669 2895 817 2932 ἱδρυμένων
840 2896 894 2923 τῶν

983 2522 997 2558 §
1010 2521 1056 2550 ιν.
1073 2523 1172 2552 Aiebat
1183 2524 1276 2559 itaque
1287 2525 1332 2559 qui
1349 2525 1420 2553 hanc
1437 2527 1600 2554 solutionem
1615 2528 1735 2556 tradide-

949 2575 992 2597 rat
1009 2573 1085 2605 (puto
1103 2577 1191 2599 autem
1208 2579 1333 2607 magnum
1350 2572 1527 2601 Hierotlteutn
1543 2574 1638 2609 fuisse,
1656 2576 1694 2602 vel
1710 2575 1733 2603 si

951 2617 1013 2652 quis
1032 2617 1102 2646 alius
1116 2618 1153 2646 illi
1175 2624 1312 2648 secundus
1325 2620 1373 2655 sit)
1392 2620 1525 2647 visionem
1539 2622 1647 2655 quidem
1660 2623 1732 2650 illam

949 2664 1099 2691 exhibitam
1116 2665 1255 2700 prophette
1282 2673 1332 2700 per
1358 2666 1478 2701 aliquem
1503 2667 1639 2701 angelum,
1656 2669 1734 2704 cujus

949 2710 1162 2738 manuductioue
1185 2712 1219 2739 ad
1247 2712 1325 2739 istam
1357 2713 1613 2748 contemplationem
1643 2714 1733 2742 fuerat

948 2761 1069 2788 evectus,
1086 2757 1113 2784 in
1134 2765 1186 2792 qua
1211 2765 1354 2792 supremas
1375 2757 1436 2785 illas
1451 2759 1600 2791 essentias,
1612 2761 1689 2795 quasi
1706 2761 1732 2789 in

950 2803 1091 2838 symbolis,
1103 2811 1150 2831 sex
1164 2803 1223 2831 alas
1238 2804 1370 2831 habentes
1388 2804 1456 2831 vidit
1471 2804 1541 2832 infra
1555 2805 1636 2833 Deum
1652 2806 1732 2840 (quo-

950 2850 1023 2876 niam
1047 2857 1179 2884 perquam
1196 2850 1296 2878 eximia
1312 2855 1372 2877 erat
1398 2851 1526 2886 majestas
1545 2852 1690 2887 sedentis);
1705 2857 1732 2880 et

947 2896 1023 2931 juxta
1038 2895 1122 2924 Deum
1132 2896 1205 2932 (quia
1218 2904 1270 2925 non
1284 2901 1364 2925 erant
1376 2896 1421 2925 alii
1434 2898 1544 2926 ordines
1555 2898 1661 2934 priores
1675 2899 1733 2935 iis),
