1933 3075
188 167 240 196 315

770 167 798 196 S.
819 166 899 194 DION
904 165 969 194 YSll
986 165 1216 194 AREOPAGITJI

1761 163 1821 191 3l6

190 229 218 250 et
238 223 310 251 circa
331 223 428 256 Deum,
444 223 572 256 quOniam
584 223 612 250 in
623 223 740 250 circuitu
763 223 885 250 stabant.
901 223 977 255 Quod

1038 223 1134 254 τάξεων
1159 222 1190 248 τὸ
1206 222 1272 257 πρὸς
1297 221 1332 248 τὰ
1354 222 1428 248 κάτω
1446 220 1553 252 ἀκλινὲς
1569 219 1644 255 δηλοῖ
1657 220 1704 247 καὶ
1716 220 1823 255 ἀμετα-

192 276 284 298 autem
306 272 418 298 ordines
445 270 482 297 illi
514 269 614 297 ﬁrmati
645 275 749 301 essent,
774 271 896 305 designat
920 270 980 297 illos

191 325 257 352 erga
273 317 404 344 inferiora
428 324 490 344 esse
514 317 676 344 inﬂexibiles
693 322 723 344 et
750 317 912 345 immobiles.
939 317 980 343 Ad

193 363 253 390 haec
266 363 336 390 vidit
349 363 516 390 eminentem
534 363 665 390 verticem
685 363 712 390 in
729 363 818 390 medio
825 370 920 390 eorum
933 363 981 390 de-

194 416 277 443 super
293 408 444 441 ﬁrmatum,
458 416 492 436 ex
516 416 632 443 quorum
660 409 846 444 symbolarum
870 408 981 435 visioni-

193 455 245 482 bus
273 455 380 486 didicit,
410 455 530 482 divinum
559 455 666 482 Numen
690 455 841 482 secundum
871 461 980 482 omnem

193 501 430 535 supernaturalem
455 501 660 534 excellentiam,
689 501 749 527 sine
776 500 982 536 comparatione

196 546 361 574 antecellere
384 545 522 573 visibilem
545 553 655 573 omnem
670 551 699 573 et
714 545 880 573 invisibilem
903 550 982 573 natu-

194 599 266 624 ram;
282 591 388 623 didicit,
406 592 440 618 ab
456 592 584 618 omnibus
609 592 722 626 insuper
734 591 858 618 divinum
875 591 980 619 Numen

193 643 351 671 exeutptum
373 644 446 669 esse,
471 642 601 671 tanquam
629 638 769 664 dominum
796 645 810 664 a
837 638 938 670 servis,
954 641 982 664 ct

194 687 349 709 creatorem
364 690 378 708 a
394 682 531 709 creaturis
547 691 553 709 :
568 687 595 708 et
613 689 666 709 non
682 682 770 709 solum
787 682 864 714 aliis,
879 683 926 710 sed
947 689 981 710 ne

195 728 293 763 primis
316 729 426 763 quidem
454 728 616 756 substantiis
643 728 732 756 simile
761 729 900 761 existere;
925 734 981 756 tum

194 775 258 809 quia
275 775 341 802 illud
356 775 383 802 in
403 775 501 802 throno
523 775 690 809 ordinesque
718 782 780 801 cum
797 779 915 802 tremore
929 775 982 802 cir-

195 826 366 849 cumstantes
391 820 470 853 vidit,
496 825 553 848 tum
570 821 634 855 quia
651 821 754 854 primos
774 821 885 848 ordines
900 821 980 848 vidit.

195 866 224 894 Si
242 866 334 901 itaque
356 866 478 894 divinum
491 866 595 894 Numen
611 874 645 894 ne
659 867 755 901 primis
768 867 878 902 quidem
892 867 982 894 simile

194 911 341 944 existebat,
357 912 423 947 quid
437 912 572 947 cogitabit
588 914 650 947 quis
665 913 698 940 de
708 913 902 948 sequentibus?
915 913 982 940 Ter-

195 959 234 986 tio
248 966 358 994 quoque
381 959 487 990 didicit,
500 958 584 986 Dcum
607 959 729 987 omnium
743 966 803 987 esse
818 959 981 994 principium

194 1011 222 1032 et
240 1011 362 1038 causam,
378 1004 596 1032 indissolubilem
616 1011 645 1040 et
658 1005 870 1037 immutabilem,
883 1012 916 1033 ex
927 1012 982 1039 qua

195 1055 250 1077 tam
264 1058 326 1078 esse
337 1058 419 1085 qttam
434 1051 504 1078 bene
528 1058 591 1078 esse
605 1050 658 1078 illis
673 1049 781 1085 obtigit.
796 1049 875 1078 Unde
892 1055 982 1077 autem

194 1102 221 1124 et
235 1098 301 1125 itlnd
315 1098 397 1125 dicit?
409 1098 447 1125 Ex
457 1106 489 1125 eo
503 1098 576 1132 quod
589 1097 680 1125 omnia
697 1098 730 1124 ad
742 1097 830 1132 ipsum
847 1100 981 1132 spectent,

195 1142 344 1177 omniaque
357 1143 391 1170 ad
401 1150 463 1170 eum
480 1143 605 1174 tendant,
625 1148 655 1170 ut
668 1142 715 1177 qui
738 1142 856 1177 benigne
872 1141 984 1169 omnino

194 1188 318 1215 victoriae
345 1189 486 1223 premium
514 1189 627 1216 tribuat.
648 1188 790 1222 Quomodo
825 1192 886 1222 post
917 1195 984 1215 con-

189 1234 400 1268 templationem
423 1234 495 1262 circa
540 1235 644 1262 Numen
670 1235 794 1262 divinum
836 1233 984 1261 deiformes

195 1281 295 1309 deinde
323 1281 440 1309 virtutes
467 1289 500 1309 ac
528 1282 666 1317 scraphim
695 1282 802 1315 didicit,
815 1287 844 1308 et
868 1288 922 1309 non
938 1288 984 1308 se-

196 1328 314 1354 cundum
332 1329 458 1355 ordinem
485 1329 536 1356 ista
562 1328 697 1363 patelacta
725 1328 809 1356 sunt?
826 1329 864 1356 Ac
892 1327 984 1354 dicere

195 1373 292 1404 liccat,
307 1373 379 1408 quod
397 1374 606 1408 supereminens
632 1374 718 1409 gloria
746 1373 868 1401 sedentis
895 1373 983 1407 ipsum

195 1420 293 1446 fecerit
318 1419 375 1446 illic
402 1420 519 1454 primum
542 1419 667 1447 obtutum
694 1420 789 1454 ﬁgere,
816 1427 848 1447 ac
872 1418 983 1452 deinde,

197 1470 342 1500 postquam
357 1466 384 1492 id
406 1466 481 1500 quod
503 1466 610 1493 Domini
628 1471 687 1493 erat
712 1466 830 1494 medium
853 1472 885 1493 ac
901 1465 983 1492 mini-

196 1515 316 1538 strorum
354 1511 541 1539 diversitatem
581 1512 733 1544 didicerat,
763 1512 877 1539 virtutes
905 1519 983 1539 sera-

196 1558 272 1594 pbitn
291 1559 417 1586 edoctum
430 1565 509 1591 esse;
524 1558 653 1593 quoniam
669 1558 785 1585 virtutes
812 1557 896 1591 ignem
909 1560 983 1588 sunt,
997 1561 1020 1592 ο

195 1606 271 1639 juxta
301 1605 554 1632 denominatiouem
594 1611 691 1636 suam,
719 1603 759 1630 uti
802 1602 884 1637 paulo
924 1606 985 1636 post

198 1652 243 1679 hic
269 1657 379 1679 sanctus
410 1651 521 1678 tradidit
549 1655 577 1679 et
601 1649 732 1684 explicuit
756 1649 847 1683 capite
869 1647 913 1675 i5.
939 1647 985 1674 Di-

198 1698 265 1725 dicit
288 1705 395 1733 quoque
416 1704 544 1725 seuarum
573 1696 675 1724 alarum
701 1702 807 1723 sacram
837 1694 985 1727 ﬁctionem,

201 1745 279 1781 121
297 1744 526 1780 quemadmodum
542 1743 625 1772 etiam
650 1748 713 1770 ante
733 1743 851 1775 dixerat,
867 1746 987 1770 mentem

199 1799 308 1819 omnem
323 1796 351 1818 et
375 1792 478 1826 primos
500 1796 528 1818 et
549 1789 654 1818 medios
667 1794 695 1817 et
711 1795 865 1824 postremos
877 1789 988 1816 ordines

201 1837 314 1865 habere.
331 1836 396 1863 Erat
418 1836 510 1871 itaque
531 1835 586 1863 illic
607 1836 692 1863 etiam
715 1833 870 1861 istiusmodi
890 1833 989 1868 triplex

202 1883 273 1911 ordo
285 1884 310 1910 itt
327 1889 453 1917 suprema
468 1887 495 1909 et
512 1881 637 1909 absoluta
662 1880 813 1908 intentione
834 1878 987 1915 :siquidem

201 1937 263 1964 qua:
277 1929 326 1956 ala:
339 1928 433 1955 soluta:
456 1930 632 1962 apparebant.
647 1926 718 1959 Quin
741 1930 769 1953 et
793 1925 915 1952 carentia
939 1931 988 1959 pe-

202 1975 280 2008 dum,
297 1979 325 2002 et
336 1975 480 2002 multitudo
503 1974 600 2009 pedum
625 1980 732 2005 eorum,
753 1979 786 1999 ac
799 1971 870 2006 quod
886 1971 990 1998 duabus

203 2023 312 2057 quidem
334 2022 386 2050 alis
403 2022 605 2050 absronderent
617 2027 650 2047 ac
665 2024 789 2055 tegerent
809 2019 891 2054 pedes
914 2025 989 2051 suos,

203 2069 310 2095 duabus
327 2068 391 2095 item
407 2073 547 2102 aspectum
564 2066 697 2094 facierum
713 2072 827 2093 suarum
847 2064 988 2097 abderent,

203 2114 309 2141 duabus
325 2121 389 2140 vero
409 2113 504 2140 mediis
523 2119 631 2146 semper
653 2116 846 2144 moverentur,
862 2111 931 2142 haec,
947 2111 990 2136 itt-

204 2169 297 2196 quam,
324 2161 358 2188 ab
383 2161 440 2195 ipso
456 2161 513 2187 visa
528 2160 561 2186 ad
583 2159 708 2186 notitiam
730 2165 791 2185 eam
807 2158 990 2189 adducebant,

204 2216 253 2244 per
270 2209 371 2235 multas
385 2207 494 2242 quidem
510 2206 659 2240 faciesipui
672 2205 835 2233 declarandi)
854 2205 909 2232 vim
921 2204 992 2232 mul-

1031 266 1151 301 κίνητον.
1169 265 1257 301 Ἐώρα
1270 266 1298 292 δὲ
1316 266 1363 292 καὶ
1378 266 1427 300 τὴν
1441 263 1611 300 ὲξῃρημένην
1632 263 1774 299 ἀκρότητα
1788 265 1820 290 ἐν

1033 311 1109 346 μέσῳ
1120 311 1223 338 τούτων
1242 310 1472 346 ὑπεριδρυμένην·
1488 308 1634 335 κάντεῦθεν
1646 308 1679 335 ὲκ
1698 309 1750 344 τῆς
1773 309 1821 336 διὰ

1030 357 1084 384 τῶν
1098 357 1239 392 συμϐόλων
1259 357 1380 392 ὁράσεως
1393 356 1434 387 είς
1453 355 1625 382 διδασκαλίαν
1639 355 1765 390 ἀνήγετο,
1777 356 1824 382 ὅτι

1031 403 1204 438 ἀσυγκρίτως
1223 402 1295 430 κατὰ
1316 403 1407 429 πᾶσαν
1430 401 1566 437 ὑπεροχὴν
1581 401 1629 428 καὶ
1647 401 1822 436 ὑπερουσίως

1030 448 1061 475 τὸ
1075 448 1151 475 Θεῖον
1173 449 1332 484 ὑπέρκειται
1353 449 1444 483 πάσης
1461 447 1562 482 ὁρατῆς
1576 446 1624 473 καὶ
1642 447 1759 482 ἀοράτου
1774 446 1822 472 οὺ-

1033 495 1110 526 σίας·
1127 494 1289 530 ἐμάνθανεν,
1305 495 1345 521 ᾶτι
1365 495 1412 520 καὶ
1429 494 1536 520 πάντων
1554 493 1629 519 ἐστὶν
1650 492 1823 528 ἐξῃρημένον

1031 540 1062 566 τὸ
1076 539 1163 572 Θεῖον,
1174 539 1212 571 ὼς
1228 539 1360 575 δεσπότης
1375 539 1488 571 δούλων,
1505 539 1552 566 καὶ
1566 539 1681 574 ποιητὴς
1706 539 1822 574 κτισμά-

1031 594 1101 612 των·
1114 586 1161 612 καὶ
1184 585 1234 612 οὑκ
1251 585 1381 620 ἐμφερὲς,
1401 585 1439 620 μὴ
1462 585 1541 620 μόνον
1559 586 1618 616 τοῖς
1636 584 1738 618 ἀλλοις,
1761 584 1826 611 ἀλλ’

1031 632 1091 659 οὐδὲ
1113 633 1173 663 ταῖς
1188 631 1310 667 πρώταις
1337 631 1432 662 αὑταῖς
1445 631 1549 662 οὐσίαις
1560 639 1568 645 ·
1585 630 1674 656 ἐκεῖνο
1696 630 1757 665 μὲν,
1778 631 1823 657 ὅτι

1031 678 1062 704 τὸ
1076 678 1124 713 μὲν
1141 677 1187 704 ἐπὶ
1206 677 1301 712 θρόνου
1324 675 1408 712 ἐώρα,
1428 675 1478 708 τάς
1491 676 1520 703 δὲ
1541 675 1634 709 τάξεις
1649 676 1720 711 μετά
1735 675 1824 711 φόϐου

1034 723 1194 758 ἱσταμένας·
1223 723 1316 755 τοῦτο,
1337 723 1378 749 ὅτι
1414 722 1464 754 τὰς
1503 721 1612 758 πρώτας
1641 720 1696 749 εἶδε
1716 722 1822 755 τάξεις.

1032 769 1064 795 Εἰ
1075 769 1140 803 γοῦν
1153 770 1214 801 ταῖς
1228 768 1351 804 πρώταις
1363 768 1414 795 οὑκ
1425 766 1460 804 ἦν
1471 768 1591 804 ἐμφερὲς
1611 768 1643 794 τὺ
1667 767 1756 800 Θείον,
1774 768 1824 794 ἐπὶ

1031 816 1088 846 τοῖς
1100 814 1236 850 δευτέροις
1249 815 1276 840 τί
1293 814 1327 841 ἂν
1341 814 1459 841 έννοοῖτὸ
1477 822 1535 846 τις;
1557 814 1612 841 Καὶ
1625 814 1716 850 τρίτον
1736 814 1827 849 ἐμάνε

1033 860 1108 893 θανε,
1123 861 1154 888 τὸ
1173 861 1282 888 πάντων
1300 861 1387 896 ἀρχὴν
1412 861 1459 887 καὶ
1480 861 1570 887 αἰτίαν
1586 859 1656 888 εῖναι
1677 860 1828 888 ἀδιάλυτὸν

997 895 1020 923 Β
1032 916 1062 934 τε
1078 908 1125 934 καὶ
1146 895 1334 938 ἀναλλοίωτον,
1350 906 1395 942 ὑφ’
1405 904 1439 943 ἦς
1459 907 1507 933 καὶ
1527 907 1558 933 τὸ
1583 904 1653 934 εἶναι
1677 907 1725 933 καὶ
1740 907 1772 933 τδ
1790 904 1822 934 εὗ

1033 950 1104 980 εἶναι
1125 954 1266 985 κάκείναις
1283 953 1353 980 ἐστί.
1372 952 1498 980 Πόθενδὲ
1518 953 1565 980 καὶ
1585 953 1665 980 τοῦτο
1687 953 1826 988 κατεμάν-

1034 998 1130 1032 θανεν;
1155 999 1188 1026 ὲκ
1210 999 1257 1026 τοῦ
1280 999 1315 1026 τὰ
1336 999 1424 1026 πάντα
1448 999 1518 1034 πρὸς
1538 998 1620 1025 αὑτὸν
1640 999 1756 1034 ἀφορᾷν,
1774 999 1828 1026 καῖ

1033 1044 1123 1072 πάντα
1143 1045 1212 1080 πρὸς
1231 1044 1312 1071 αὑτὸν
1328 1043 1525 1076 ἀνατείνεσθαι,
1541 1044 1718 1076 πανευλαδῶς
1730 1044 1824 1080 πάντη

1034 1090 1245 1127 ἀποπληροῦντα
1258 1091 1305 1117 τὸν
1320 1091 1464 1117 ἐπινίκιον.
1481 1090 1544 1122 Πῶς
1559 1089 1628 1126 μετά
1645 1090 1695 1125 τὴν
1709 1091 1775 1126 περὶ
1793 1090 1829 1116 eo

1033 1135 1110 1162 Θεῖον
1124 1135 1251 1171 θεωρίαν.
1263 1133 1322 1162 εἶτα
1331 1135 1381 1168 τάς
1393 1135 1519 1168 θεοειδεῖς
1531 1135 1659 1171 δυνάμεις
1672 1135 1727 1162 τῶν
1744 1143 1828 1171 σιρα-

1035 1181 1088 1216 φὶμ
1099 1181 1296 1217 κατεμάνθανε,
1313 1182 1360 1208 καὶ
1373 1182 1404 1208 οὐ
1429 1182 1500 1208 κατὰ
1520 1181 1596 1215 τάξιν
1610 1182 1748 1217 ἀνήγετο;
1769 1181 1830 1207 Καὶ

1035 1226 1107 1253 ἔστιν
1114 1227 1212 1259 είπετν,
1220 1227 1261 1253 ὅτι
1271 1226 1302 1252 τὸ
1315 1226 1481 1262 ὑπερϐάλλον
1491 1227 1541 1262 τῆς
1551 1226 1630 1262 δόξης
1640 1226 1688 1253 τοῦ
1700 1226 1828 1262 καθημέ-

1035 1280 1080 1298 νου
1094 1271 1230 1307 πεποίηκε
1241 1270 1334 1298 τοῦτον
1345 1272 1435 1298 ὲκεῖσε
1451 1270 1567 1307 πρώτως
1581 1269 1831 1307 ἀναταθῆναι,εῐτα

1036 1316 1095 1352 μεθ’
1107 1316 1214 1352 ὃέμαθε
1225 1316 1256 1342 τὺ
1270 1316 1351 1351 μέσον
1362 1317 1409 1343 τοῦ
1420 1316 1550 1343 δεσπότου
1559 1316 1606 1342 καὶ
1619 1315 1674 1342 τῶν
1683 1315 1785 1342 δούλων
1795 1316 1831 1342 τὰ

1033 1362 1171 1398 διάφορον,
1180 1363 1290 1397 ἐμυεῖτο
1297 1361 1347 1394 τὰς
1364 1363 1492 1398 δυνάμεις
1499 1363 1555 1390 τῶν
1563 1362 1694 1398 πραφὶμ,
1702 1362 1744 1388 ὅτι
1751 1361 1830 1390 δυνά-

1036 1415 1097 1442 μεις
1119 1406 1248 1441 ὲμπύριοί
1261 1407 1324 1439 είσι,
1340 1406 1413 1434 κατά
1433 1407 1484 1442 τὴν
1501 1406 1591 1433 αὑτῶν
1604 1406 1775 1441 ἐπωνυμίαν,
1789 1406 1832 1437 ὡς

1036 1452 1133 1488 μικρὸν
1144 1452 1255 1488 ὕστερον
1265 1453 1362 1487 όάγιος
1373 1453 1445 1479 εἴποι
1459 1453 1504 1479 καὶ
1517 1453 1685 1488 ὑφηγήσεται
1698 1452 1727 1478 ὲν
1739 1451 1782 1487 τῷ
1797 1455 1830 1478 ιε’

1035 1498 1183 1534 κεφαλαίῳ.
1206 1498 1353 1533 Ἑμάνθανε
1363 1499 1413 1534 τὴν
1432 1498 1486 1525 τῶν
1503 1498 1610 1534 πτερῶν
1626 1497 1747 1533 έξαπλῆν
1762 1498 1831 1533 ἱερο-

1035 1546 1177 1578 πλαστίαν,
1191 1546 1232 1572 ὃτι
1244 1545 1334 1577 καθὼς
1344 1546 1391 1573 καὶ
1402 1545 1532 1581 πρότερον
1541 1545 1642 1579 ἔλεγεν,
1652 1545 1690 1576 ὡς
1703 1545 1758 1576 πᾶς
1766 1543 1832 1576 νοῦς

1035 1592 1082 1619 καὶ
1096 1592 1217 1627 πρώτας,
1226 1592 1272 1618 καὶ
1281 1592 1374 1627 μέσας,
1383 1592 1431 1618 καὶ
1438 1591 1593 1623 τελευταίας
1604 1591 1661 1627 ἔχει
1669 1588 1832 1624 τάξεις.⁷Ην

1035 1637 1081 1665 οὖν
1095 1639 1207 1665 κάκεῖσε
1226 1638 1243 1673 ἡ
1254 1636 1366 1673 τοιαύτη
1386 1636 1481 1673 τριττὴ
1496 1636 1573 1670 τάξις
1595 1638 1623 1663 ἐν
1637 1638 1671 1673 τῇ
1686 1637 1832 1672 ὑπερτάτῃ

1036 1687 1083 1712 καὶ
1090 1684 1218 1721 ἀπολύτῳ
1231 1685 1369 1712 ἀνατάσει·
1384 1685 1413 1711 ai
1429 1684 1484 1719 γὰρ
1495 1683 1542 1711 δύο
1557 1684 1691 1719 πτέρυγες
1701 1682 1833 1709 ἀπόλυτθι

1036 1731 1238 1767 κατεφαίνοντο.
1256 1730 1336 1757 Ἀλλά
1349 1731 1396 1757 καὶ
1410 1730 1441 1756 τὸ
1453 1729 1618 1765 άπειρόπουν
1628 1730 1675 1756 καὶ
1689 1729 1833 1755 πολύπουν

1037 1777 1136 1810 αὑτῶν,
1158 1778 1204 1804 καῖ¹
1227 1777 1257 1803 τὸ
1283 1778 1339 1809 τοῖς
1366 1777 1415 1812 μὲν
1435 1777 1495 1803 δυσὶ
1522 1776 1633 1812 πτεροῖς
1657 1774 1835 1801 ἀποδιαστέλ-

1037 1824 1130 1850 λεσθαι
1147 1823 1193 1850 καὶ
1217 1822 1365 1850 σκέπεσθαι
1377 1822 1427 1857 τὴν
1446 1821 1517 1858 ὑπὲρ
1531 1822 1595 1853 τοὺς
1611 1820 1706 1853 πόδας,
1726 1821 1784 1851 τοῖς
1804 1819 1836 1846 δὲ

1037 1871 1101 1898 δυσὶ
1115 1870 1165 1906 τὴν
1186 1870 1257 1906 ὑπὲρ
1272 1869 1308 1896 τὰ
1323 1869 1459 1904 πρόσωπα
1475 1867 1602 1903 θεωρίαν,
1619 1868 1676 1899 τοῖς
1693 1867 1722 1893 δὲ
1740 1866 1843 1902 μέσοις,

1039 1917 1082 1944 ἀεὶ
1092 1916 1236 1948 κινεῖσθαι,
1250 1915 1337 1942 ταῦτα
1350 1915 1383 1950 δὴ
1394 1914 1428 1941 τὰ
1442 1915 1512 1950 παρ’
1521 1915 1627 1941 ἑκείνου
1640 1913 1770 1950 ὁρώμενα
1794 1913 1836 1945 εἰς

1039 1964 1139 1999 γνῶσιν
1153 1963 1253 1998 ἀνῆγον
1270 1962 1365 1997 αὑτὴν,
1382 1962 1550 1998 δηλουμένης
1566 1960 1642 1997 αὐτῷ
1655 1960 1700 1987 διὰ
1719 1960 1837 1990 τούτων,

1040 2010 1084 2039 διὰ
1099 2010 1147 2045 μὲν
1159 2009 1189 2036 τὸ
1206 2008 1429 2044 πολυπρόσωπον,
1451 2007 1502 2042 τῆς
1518 2006 1672 2042 πολυπύρου
1692 2007 1740 2033 καὶ
1752 2006 1839 2033 πολυ-

1041 2056 1172 2091 θεάμονος
1188 2054 1339 2089 δυνάμεως,
1354 2053 1398 2080 διὰ
1417 2053 1446 2080 δὲ
1464 2053 1495 2079 τὸ
1518 2052 1678 2085 σκέπτεσθαι,
1692 2052 1742 2088 τῆς
1757 2051 1840 2078 εὑλα-

1041 2102 1127 2134 ϐείας,
1144 2102 1177 2137 ἢν
1191 2101 1298 2136 ἔχουσιν
1312 2100 1351 2130 είς
1362 2099 1412 2134 τὴν
1423 2098 1478 2126 τῶν
1489 2098 1663 2134 ὑψηλοτέρων
1684 2098 1732 2125 καὶ
1752 2097 1840 2133 βαθυ-

1041 2149 1129 2185 τέρων
1145 2146 1249 2181 αὐθάδη
1270 2145 1316 2172 καὶ
1333 2144 1477 2178 ἀνέφικτον
1493 2144 1604 2179 ἔρευναν
1619 2143 1685 2179 (τῶν
1702 2144 1752 2180 μὲν
1768 2144 1841 2180 ὑψη-

1041 2193 1159 2229 λοτέρων
1173 2192 1219 2219 διὰ
1237 2192 1268 2218 τὸ
1288 2191 1323 2217 τὰ
1337 2191 1481 2226 πρόσωπα,
1495 2190 1549 2217 τῶν
1568 2190 1597 2217 δὲ
1618 2189 1775 2227 βαθυτέρων
1795 2191 1843 2219 διὰ

205 2257 323 2291 tivagam
340 2255 511 2292 plurimaque
527 2254 655 2283 cernendi
667 2253 843 2286 facultatem;
871 2261 919 2287 per
939 2252 986 2279 ob-

1043 2241 1074 2266 τδ
1087 2240 1149 2271 τοὺς
1168 2239 1250 2270 πόδας
1266 2236 1437 2272 σκέπεσθαι),
1458 2236 1502 2263 διά
1514 2236 1543 2262 δὲ
1559 2237 1590 2263 τὸ
1607 2237 1774 2272 ἀεικίνητον,
1789 2238 1842 2273 τῆς

203 2304 368 2331 velationetn
383 2309 459 2336 vero,
474 2311 534 2330 eain
548 2309 629 2337 quam
652 2300 782 2329 exhibent
808 2298 991 2327 reverentiam

206 2349 232 2376 in
260 2348 468 2382 sublimiorum,
497 2347 763 2383 prol'undiorumque
800 2345 992 2381 mysteriorum

205 2395 301 2422 audaci
326 2399 353 2422 et
370 2394 540 2422 inscrutabili
565 2393 775 2428 investigatiOne
790 2392 993 2428 (sublitniorum

206 2442 329 2476 quidem,
343 2441 405 2475 quia
430 2441 528 2474 facies,
545 2440 752 2475 profundiorutu
773 2446 850 2471 vero,
865 2438 994 2473 quoniam

207 2489 290 2522 pedes
307 2488 411 2522 tegunt)
428 2495 477 2522 per
499 2488 657 2514 continuam
675 2494 740 2514 vero
755 2486 916 2517 motionem,
927 2484 993 2512 alti-

207 2533 324 2560 volantis
337 2537 366 2560 et
381 2533 554 2560 incessabilis
565 2532 612 2560 Dei
629 2532 788 2560 imitationis
806 2535 993 2566 operattones.

208 2581 279 2614 Quin
299 2585 326 2608 et
341 2580 428 2608 laudis
444 2580 510 2607 illud
536 2579 686 2613 canticum,
701 2581 773 2615 quod
790 2587 804 2605 a
820 2578 876 2605 Deo
897 2576 997 2611 incipit

209 2632 237 2654 et
261 2627 287 2654 in
307 2627 391 2654 Deum
408 2626 510 2654 desinit
528 2633 535 2652 :
558 2625 686 2659 Sanctus,
710 2632 829 2657 sanctus,
847 2627 955 2651 sanctus
969 2626 996 2654 ιι.

209 2674 340 2708 propheta
366 2674 531 2701 edocebatur
557 2674 591 2700 ab
618 2673 725 2708 angelo,
748 2672 797 2706 ipsi
827 2668 996 2706 ejuscemodi

210 2727 318 2746 sacram
344 2719 468 2745 notitiam
494 2719 737 2747 communicaute:
756 2725 818 2746 natu
842 2714 998 2744 istiusmodi

211 2764 354 2792 scientiam
380 2765 439 2799 ipse
461 2766 564 2800 primus
579 2774 593 2793 a
613 2765 826 2801 prazcessoribus
850 2763 908 2791 suis
927 2762 999 2790 acci-

213 2811 302 2846 piens,
318 2812 456 2846 propheta:
469 2813 594 2840 lradebat
609 2812 657 2840 :ad
670 2813 727 2842 lucc
743 2812 832 2847 ipsum
854 2809 998 2839 edocebat,

216 2857 262 2885 Dei
279 2858 517 2892 participationem
529 2866 638 2895 quoquo
660 2859 741 2888 utodo
763 2859 837 2894 puris
852 2853 1001 2892 expiatioui

253 2904 332 2933 1³ιιιει.
344 2905 420 2940 ",5.

1046 2285 1192 2321 ὑψιπετοῦς
1216 2285 1263 2311 καὶ
1287 2282 1474 2318 ἀκαταλήκτου
1501 2282 1667 2318 θεομιμήτου
1687 2284 1840 2320 ἐνεργείας.

1054 2333 1131 2360 Ἀλλὰ
1154 2332 1201 2359 καὶ
1220 2331 1269 2367 τὴν
1284 2329 1419 2366 ὑμνῳδίαν
1436 2329 1543 2364 ἐκείνην
1555 2329 1606 2365 τὴν
1621 2330 1653 2356 ἐκ
1670 2330 1738 2356 Θεοῦ
1760 2331 1845 2366 ἀρχο-

1050 2384 1134 2420 μένην
1162 2382 1209 2410 xui.
1230 2381 1269 2413 εἰς
1298 2380 1364 2407 Θεὸν
1381 2379 1525 2414 λήγουσαν,
1542 2379 1593 2413 τὴν
1611 2379 1718 2414 Ἄγιος,
1746 2379 1844 2415 ἅγιος,

1049 2429 1144 2464 ἅγιος,
1162 2426 1381 2463 ὲμυσταγωγεῖτο
1394 2425 1407 2450 ὁ
1419 2424 1572 2460 προφήτης,
1588 2423 1635 2450 τοῦ
1657 2424 1776 2458 ἀγγέλου
1793 2433 1845 2460 με-

1049 2475 1201 2505 ταδιδόντος
1215 2471 1288 2507 αὑτῷ
1310 2471 1359 2506 τῆς
1381 2469 1509 2505 τοιαύτης
1530 2470 1606 2505 ίερᾶς
1629 2470 1768 2505 γνώσεως·
1794 2471 1846 2506 τὴν

1051 2521 1106 2557 γάρ
1120 2519 1249 2553 τοιαύτην
1265 2517 1366 2552 γνῶσιν
1380 2516 1461 2548 αὐτὸς
1474 2516 1584 2552 πρῶτος
1602 2516 1648 2543 διὰ
1663 2517 1718 2543 τῶν
1731 2517 1786 2553 πρὸ
1800 2518 1847 2544 αὖ·

1051 2567 1099 2595 τοῦ
1119 2566 1276 2601 δεξάμενος,
1297 2563 1338 2598 τῷ
1351 2563 1478 2600 προφήτῃ
1492 2563 1670 2599 παρέπεμπε.
1692 2564 1766 2599 Πρὸς
1781 2565 1848 2591 τού-

1055 2622 1114 2646 τοις
1128 2613 1269 2640 ὲδίδασκεν
1282 2610 1364 2638 αὑτὸν
1379 2611 1427 2638 καὶ
1438 2610 1527 2643 τοῦτο,
1545 2611 1587 2637 ὃτι
1604 2611 1621 2646 ἡ
1635 2610 1684 2637 τοῦ
1695 2610 1765 2637 Θεοῦ
1781 2619 1849 2646 μετ-

1053 2659 1132 2686 ουσία
1155 2659 1211 2689 τοῖς
1232 2656 1361 2692 καθαροῖς
1385 2655 1511 2683 ὁπωσοῦν
1528 2656 1662 2692 κάθαρσις
1685 2656 1771 2682 ἐστιν.
1801 2656 1850 2684 Ἐκ

1051 2711 1133 2738 τίνων
1153 2709 1181 2736 δὲ
1204 2708 1283 2735 τοῦτο
1297 2707 1450 2740 ὲδίδασκεν;
1469 2707 1498 2740 ἐξ
1520 2705 1558 2734 ὧν
1579 2708 1595 2733 ὁ
1617 2706 1744 2742 Σεραφὶμ
1765 2707 1851 2734 αὐτὸν

1053 2756 1211 2790 ἐκάθαιρεν.
1230 2754 1258 2780 '0
1266 2753 1321 2790 γὰρ
1328 2753 1449 2789 καθαρὸς
1462 2752 1549 2784 ἄλλως
1563 2753 1613 2779 οὑκ
1621 2751 1679 2788 ἔχει
1692 2752 1850 2787 καθαίρειν,

1054 2806 1079 2832 εἰ
1093 2804 1130 2840 μὴ
1145 2802 1226 2833 αὐτὸς
1238 2801 1433 2837 πληρεστάτως
1446 2800 1502 2835 ἔχει
1516 2800 1566 2835 τὴν
1583 2799 1729 2836 κάθαρσιν.
1745 2800 1810 2832 Πῶς
1821 2799 1852 2826 δέ

1058 2853 1115 2879 ἐστι
1132 2850 1188 2881 τοῖς
1210 2847 1333 2875 ὁπωσοῦν
1356 2846 1483 2882 καθαροῖς
1504 2846 1520 2881 ἡ
1538 2845 1667 2881 μετουσία
1690 2846 1740 2882 τῆς
1755 2846 1853 2883 θεϊκῆς
