1933 3075
103 181 156 210 317

346 181 390 209 DE
406 181 570 211 C(ELESTI
589 181 810 216 lllERAl‘CHlA,
828 181 889 210 CAP

938 182 991 211 Lm.
1011 197 1045 203 -
1065 182 1238 212 PARAPHR.
1256 179 1488 214 Pacuviumch

1675 186 1736 214 318

102 239 243 274 διαυγείας
254 239 386 276 κάθαρσις
397 249 406 272 ς
416 240 549 272 ὃτιᾶλλως
555 241 605 267 οὐκ
615 241 672 267 ἐστι
681 242 826 276 μετασχεῖν
833 249 889 267 τινα

944 247 1014 268 esse.
1028 240 1104 268 Unde
1122 248 1185 269 vero
1199 241 1250 268 hoc
1264 241 1398 270 docebat?
1411 249 1443 270 ex
1459 242 1492 270 iis
1507 244 1577 271 unde
1591 245 1735 280 serapliim.

100 284 151 311 τοῦ
168 284 241 311 θείου
261 285 359 319 φωτὸς,
375 285 391 320 ἢ
411 286 461 320 τῆς
486 284 560 316 θείας
578 285 748 321 καθάρσεως,
770 287 794 312 εί
810 286 846 321 μή
860 293 892 319 γε

100 330 196 362 ’ποσῶς
218 330 271 363 ἔξω
290 331 336 357 τοῦ
357 331 497 366 ἐμπαθοῦς
520 332 566 358 καὶ
589 331 683 358 ὑλικοῦ
708 331 793 367 ρὺπου
816 331 893 358 πολι-

101 375 221 403 τεύεται.
246 377 316 403 Αὐτὸ
342 377 396 412 γὰρ
415 377 446 403 τὸ
469 377 515 404 τὸν
540 379 681 414 προφήτην
708 378 892 413 καταπγῆναι

102 423 152 448 καὶ
180 422 346 457 σχετλιάσαι,
368 423 419 456 ὅτι,
436 424 589 461 ἀκάθαρτος
605 425 652 456 ὢν,
677 425 724 451 καὶ
751 425 892 462 ἀκάθαρτα

102 467 181 504 χείλη
203 469 283 503 έχων,
300 470 347 495 καὶ
370 469 452 504 μέσον
477 470 634 506 ἀκαθάρτου
654 470 721 497 λαοῦ
745 471 890 503 κατοικῶν,

101 512 158 540 εἶδε
182 515 227 541 τὸν
245 514 345 549 Κύριον
360 515 484 548 Σαϐαὼθ,
496 513 552 542 οἷον
573 517 672 553 μερική
692 525 734 549 τις
759 517 892 552 κάθαρσις

100 559 224 594 ἐγεγόνει
239 559 277 595 τῷ
297 560 413 594 λέγοντι,
434 560 478 587 διὰ
499 560 579 587 τοῦτο
598 562 644 588 καὶ
661 562 691 589 ἐν
708 561 843 597 ’μετουσίᾳ
854 561 893 596 γί-

100 615 180 633 νεται
213 607 262 642 τῆς
290 607 458 642 τελειοτέρας
490 608 658 644 καθάρσεως.
694 609 768 644 Αὐτὴ
810 609 849 641 δὲ,
874 611 890 645 ἠ

100 651 236 688 κάθαρσις
254 652 394 689 δηλαδὴ,ή
415 654 555 688 μετουσία,
573 653 757 691 ὲξῃρημέναις
780 655 888 687 αἰτίαις·

99 699 132 725 οὺ
148 699 204 735 γὰρ
221 700 259 731 ὡς
271 700 317 725 ἐπὶ
332 699 386 726 τῶν
400 700 551 736 ἀνθρώπων
565 701 581 736 ἠ
602 701 745 737 κάθαρσις,
760 701 831 728 οὕτω
845 703 891 729 καὶ

99 745 148 771 ἐπὶ
164 745 218 771 τῶν
227 746 380 781 ἀσωμάτων
391 747 431 778 εἰς
450 747 553 779 πάντας
568 747 630 779 τοὺς
647 748 756 784 νοεροὺς
773 748 836 780 νόας
847 757 891 775 τε-

99 789 329 827 λετουργουμένη,
356 792 437 818 οἱονεὶ
465 792 604 829 γινομένη,
632 793 687 820 ἀλλ’
712 795 761 830 οὺχ
786 795 888 827 ἁπλῶς,

99 836 172 863 ἀλλὰ
188 836 258 863 κατὰ
271 837 348 872 λόγον
364 839 495 874 μυστικῆς
508 839 628 875 τελετῆς,
643 841 703 872 ταῖς
723 841 786 877 περὶ
806 841 890 877 αὐτὴν

101 883 148 908 καὶ
164 882 328 918 πρωτίσταις
348 884 452 916 οὐσίαις
464 886 650 922 ὲκφανεστέρα
665 886 723 919 πῶς
734 888 802 914 ἐστι·
819 888 849 914 τὸ
860 887 890 914 δέ

99 927 186 959 ἐστιν,
202 928 242 954 ὅτι
263 928 362 963 μᾶλλον
383 931 482 966 ἑαυτὴν
499 932 622 966 ἐκφαίνει
642 935 697 966 τοῖς
717 934 886 970 προσεχέσιν.

106 972 170 999 Ἐπὶ
181 973 210 1000 δὲ
225 974 279 1000 τῶν
293 975 437 1011 δευτέρων,
447 976 463 1012 ἣ
474 977 529 1003 τῶν
543 978 675 1013 ἐσχάτων,
689 979 704 1014 ἦ
718 980 764 1006 καὶ
778 980 889 1007 ἐπὶτῶν

100 1017 202 1053 νοερῶν
216 1019 293 1054 ήμῶν
308 1020 460 1056 δυνάμεων,
477 1022 548 1049 κατὰ
558 1023 606 1059 τὴν
620 1024 735 1051 ἑκάστου
744 1024 819 1058 τάξιν
833 1034 890 1052 συν-

100 1065 213 1101 ημμένη
239 1074 298 1098 πως
316 1067 415 1102 μᾶλλον
446 1069 493 1095 καὶ
515 1070 714 1106 συνεσταλμένη
737 1070 888 1106 θεωρεῖται,

100 1111 170 1147 πρὸς
192 1112 242 1147 τὴν
259 1110 314 1140 οἷον
334 1115 374 1146 είς
402 1115 488 1150 μῆκος
510 1115 660 1143 ἀπόστασιν
680 1117 730 1152 τῆς
755 1117 822 1153 πρὸς
844 1117 890 1144 τὸν

100 1157 168 1183 Θεὸν
182 1158 365 1194 πλησιάσεως,
382 1160 533 1195 συνάγουσα
549 1162 630 1189 οἱονεὶΙ
652 1163 720 1199 αὑτὴ
739 1165 755 1199 ἡ
774 1163 832 1190 θεία
852 1163 890 1190 ἕλ-

100 1203 204 1239 λαμψις
224 1205 274 1240 τὴν
295 1207 398 1233 οἰκείαν
414 1208 565 1244 φανέρωσιν
586 1209 653 1246 πρὸς
672 1210 702 1236 τὸ
722 1211 820 1237 ἑνιαῖον
844 1210 891 1237 καὶ

99 1249 205 1276 ἁπλοῦν
225 1251 308 1287 αὐτῆς
337 1251 484 1286 ἄγνωστον.
515 1255 670 1289 Ἀγνωστος
697 1257 752 1292 γάρ
780 1258 854 1284 ἐστιν
876 1259 891 1285 ὀ

99 1296 168 1327 Θεὸς
179 1297 210 1323 οὑ
218 1297 262 1324 διὰ
276 1299 410 1326 ποικιλίαν
426 1300 611 1337 συλλογισμῶν
623 1303 806 1340 ἀγνοουμένην
814 1306 889 1340 ἡμῖν,

101 1342 172 1369 ἀλλὰ
186 1344 257 1370 κατὰ
272 1345 374 1372 ἑνιαίαν
383 1347 444 1373 τινὰ
459 1348 506 1375 καὶ
527 1349 595 1384 πρὸς
608 1349 642 1376 τὰ
660 1350 721 1376 καθ’
735 1352 808 1386 ἡμᾶς
829 1351 891 1378 καθ-

99 1387 131 1413 ὲν
155 1388 200 1415 καὶ
220 1389 346 1424 καθάπαξ
359 1391 550 1428 ἀκατάληπτον
564 1394 711 1428 ἀγνωσίαν.
722 1396 801 1422 Κατὰ
811 1396 891 1423 τοῦτο

100 1433 220 1467 λέγεται,
234 1435 273 1462 ὅτι
287 1437 334 1463 καὶ
348 1438 527 1466 ἀναϐάλλεται
545 1440 602 1474 φῶς
621 1441 658 1473 ὼς
676 1443 790 1477 ἱμάτιον,
810 1444 891 1471 οἱονεὶ

99 1479 257 1508 ἀναστέλλει
267 1482 297 1508 τὸ
311 1483 367 1517 φῶς
385 1486 579 1520 προνοητικῶς,
594 1486 637 1513 ἵνα
651 1488 775 1524 χωρητὸν
787 1490 819 1525 τῇ
836 1489 891 1523 ἕξει

99 1525 155 1552 τῶν
169 1527 370 1565 ὑποδεεστέρων
388 1531 510 1567 γένηται,
525 1532 539 1559 ὃ
553 1532 584 1568 δὴ
602 1533 734 1569 έλλάμπει
757 1536 814 1567 τοῖς
830 1535 891 1563 καθ’

98 1572 216 1600 ἕκαστον
230 1573 364 1610 δευτέροις
376 1576 420 1604 διὰ
435 1577 489 1604 τῶν
509 1578 634 1615 πρώτων·
649 1581 696 1607 καὶ
712 1581 786 1607 είδεί
802 1582 890 1608 συντό-

100 1626 159 1652 μως
172 1619 267 1652 είπεῖν,
285 1620 318 1648 ἐκ
331 1621 378 1648 τοῦ
396 1623 512 1658 κρυφίου
527 1624 557 1650 τὸ
577 1623 635 1659 φῶς
649 1625 828 1660 ἐμφανίζεται
843 1627 889 1654 καὶ

97 1664 156 1695 τοῖς
173 1664 285 1700 ἑτέροις,
303 1666 370 1694 ἀλλὰ
385 1667 430 1694 διά
442 1668 496 1695 τῶν
513 1669 628 1706 πρώτων
641 1670 792 1706 δυνάμεων.
804 1672 890 1700 Τοῦτο

98 1707 164 1741 γοῦν
182 1709 228 1735 καὶ
251 1711 265 1736 ὸ
286 1712 428 1748 προφήτης
450 1713 604 1741 ἐδιδάσκετο
626 1714 665 1750 (ὃν
694 1716 741 1743 καὶ
766 1716 889 1753 θεολόγον

98 1754 193 1788 φησὶν,
207 1755 223 1791 ἢ
240 1755 278 1788 ὡς
294 1757 398 1794 μύστην
412 1759 466 1786 τῶν
481 1761 614 1796 κρυφίων,
629 1761 695 1797 ἢὼς
709 1763 776 1790 Θεοῦ
794 1764 889 1798 λόγους

97 1797 231 1837 λέγοντα)
247 1802 322 1838 παρὰ
339 1803 386 1830 τοῦ
403 1805 518 1839 ἀγγέλου
537 1806 585 1832 τοῦ
598 1807 666 1842 πρὸς
678 1807 709 1834 τὸ
724 1808 781 1843 φῶς
796 1797 890 1836 τοῧτον

98 1844 222 1879 ἄγοντος,
236 1847 276 1874 ὅτι
289 1849 336 1875 καὶ
351 1851 367 1885 ὴ
380 1850 512 1887 κάθαρσις
527 1851 573 1878 καὶ
586 1853 661 1879 πᾶσα
683 1845 808 1890 ἐνέργεια
830 1854 890 1882 θεία

97 1890 133 1916 δι’
150 1891 239 1918 αὐτῶν
256 1893 437 1932 ἐνεργουμένη
447 1915 455 1928 ,
473 1897 507 1924 ἂν
547 1899 594 1925 καὶ
610 1898 686 1934 παρὰ
701 1900 804 1927 τούτων
818 1902 889 1928 τισὶν

98 1936 328 1973 ἐπιχορηγῶνται.
349 1941 417 1968 Ἀλλ’
437 1940 484 1969 οὖν
506 1945 559 1971 είσι
589 1945 696 1981 πρῶται
725 1946 812 1974 οὐσίαι
843 1948 890 1975 καὶ

97 1985 253 2029 προσεχεῖς,
269 1985 305 2012 δι’
320 1984 357 2013 ὧν
371 1987 418 2014 καὶ
443 1990 537 2022 αὑταῖς
560 1991 594 2018 τά
614 1992 725 2019 τοιαῦτα
749 1993 824 2029 παρὰ
842 1994 889 2021 τοῦ

96 2028 166 2055 Θεοῦ
192 2030 421 2067 ὲπιχορηγοῦνται
440 2034 511 2061 κατὰ
529 2035 578 2072 τὴν
596 2037 738 2072 ἀναλογίαν
757 2028 807 2074 τῆς
830 2039 891 2067 ἐκά-

99 2083 163 2103 στου
176 2076 289 2109 τάξεως·
302 2077 342 2104 διὸ
356 2079 403 2106 καὶ
421 2079 470 2116 τὴν
491 2081 659 2119 καθαρτικὴν
675 2083 804 2120 ἰδιότητα,
820 2084 889 2112 ἀλλὰ

97 2124 148 2159 τὴν
159 2124 240 2150 οἱονεὶ
251 2124 295 2151 διά
305 2133 376 2158 τινος
395 2126 534 2162 πυρώδους
549 2129 688 2164 ἐνεργείας
702 2129 766 2166 (εἰσὶ
779 2130 833 2167 γὰρ
844 2131 890 2157 καὶ¹

98 2169 174 2199 ἄλλοι
189 2170 285 2205 τρόποι
304 2170 464 2207 καθάρσεων
481 2174 538 2205 τοῖς
560 2174 691 2210 σεραφίμ)
720 2175 758 2207 ὡς
779 2175 827 2202 καὶ
840 2176 889 2210 τὴν

98 2216 260 2250 ἐπωνυμίαν
272 2217 389 2252 ἔχουσιν,
404 2218 516 2250 εἰκότως
537 2220 606 2254 μετὰ
623 2220 689 2247 Θεὸν
704 2221 888 2248 ἀνατέθεικεν.

944 288 1030 321 ipsutu
1047 288 1185 322 expiabat.
1201 287 1252 321 Qui
1265 287 1338 315 enim
1355 296 1440 322 purus
1450 293 1492 316 est
1503 289 1582 317 aliter
1597 291 1734 318 mundare-

943 341 997 360 nou
1014 337 1115 368 potest,
1128 333 1180 361 nisi
1194 333 1251 368 ipse
1263 333 1359 368 plenus
1368 334 1405 360 sit
1419 334 1571 362 munditiei.
1588 335 1730 369 Quomodo

943 386 1032 408 autem
1055 381 1267 408 communicatio
1290 380 1390 407 divinae
1411 380 1601 409 illustrationis
1619 389 1729 417 qquuo

943 427 1023 453 modo
1038 426 1113 462 puris
1129 431 1172 454 est
1193 425 1334 461 expiatio?
1348 425 1411 459 quia
1439 433 1492 453 non
1517 426 1559 454 fas
1583 431 1626 454 est
1647 427 1729 454 aliter

943 472 1041 499 divinae
1065 472 1134 500 lucis
1155 475 1307 506 compotem
1334 471 1403 505 fieri,
1428 471 1479 499 nisi
1506 473 1566 506 quis
1593 473 1737 507 particeps.

942 519 978 546 sit
987 518 1084 545 divina:
1098 517 1273 553 expiationis,
1289 521 1317 544 et
1342 517 1394 544 nisi
1415 523 1523 552 quoquo
1538 517 1618 545 modo
1637 518 1693 553 jam
1713 526 1730 545 a

941 564 1096 599 passionum
1122 563 1300 598 materiaeque
1323 562 1451 590 sordibus
1464 562 1501 590 sit
1517 567 1648 589 remotus.
1671 562 1729 590 Hoc

943 609 1000 642 ipso
1013 608 1086 635 enim
1101 614 1156 642 quo
1181 607 1312 642 propheta
1333 607 1569 642 compungebatur
1585 614 1617 634 ac
1631 608 1729 642 deplo-

942 654 1030 686 rabat,
1054 660 1085 680 se
1100 653 1268 680 immundum
1292 660 1362 686 esse,
1382 657 1408 680 et
1427 653 1565 680 immunda
1583 653 1655 679 labia
1681 655 1730 680 lia.

941 699 1017 732 bere,
1032 703 1059 726 et
1079 699 1106 725 in
1127 699 1219 726 medio
1241 698 1331 734 populi
1348 699 1483 726 itnmundi
1510 699 1646 733 habitare,
1661 700 1732 726 vidit

942 745 1086 773 Dominum
1102 745 1237 777 sabaotb;
1255 745 1319 779 quia
1343 745 1394 779 ipsi
1422 745 1474 773 hoc
1488 745 1589 773 dicenti
1607 745 1731 780 partialis

941 793 1063 828 quaedam
1079 791 1201 826 expiatio
1218 791 1365 824 existebat,
1387 793 1518 826 quocirca
1541 792 1623 819 etiam
1642 794 1730 826 parti-

941 848 1006 876 ceps
1023 840 1052 868 iit
1063 840 1236 875 perfectioris
1256 841 1432 875 expiationis.
1451 840 1537 867 Porro
1551 841 1620 872 haec,
1635 847 1730 867 exem-

942 888 995 922 ptis
1018 888 1119 919 causis.
1133 887 1254 922 expiatio
1280 886 1385 914 scilicet
1400 891 1443 914 est
1466 886 1508 914 vel
1532 887 1727 922 partieipatio:

941 940 1029 969 neque
1042 933 1114 960 enim
1128 937 1158 960 ut
1174 933 1200 959 in
1217 932 1385 965 hominibus,
1405 932 1444 959 sic
1455 937 1482 959 et
1498 932 1524 959 in
1542 933 1624 960 rebus
1635 933 1729 960 incor—

940 979 1031 1014 poreis
1054 983 1082 1006 et
1098 985 1210 1005 omnino
1244 977 1414 1013 spiritalibus
1441 977 1476 1005 iis
1498 978 1634 1006 utentibus
1646 979 1730 1013 peril-

940 1026 1013 1054 citur
1026 1024 1176 1053 elliciturve
1187 1024 1319 1059 expiatio,
1338 1025 1384 1051 sed
1402 1025 1474 1052 haud
1487 1024 1605 1057 simplici
1620 1025 1728 1052 ratione

939 1076 968 1098 at
995 1079 1042 1104 per
1058 1072 1166 1098 modum
1183 1071 1303 1107 mystica:
1326 1071 1500 1102 initiationis,
1518 1071 1551 1098 iis
1573 1078 1633 1106 qua:
1651 1069 1728 1099 circa

941 1117 1025 1145 Deum
1037 1121 1111 1149 sunt,
1124 1117 1275 1151 primisque
1290 1117 1417 1144 essentiis
1427 1116 1600 1144 ntatiifestior
1607 1116 1724 1144 accidit:

940 1163 991 1191 hoc
1005 1167 1096 1190 autem
1108 1162 1148 1194 ﬁt,
1164 1162 1228 1196 quia
1248 1162 1334 1196 magis
1353 1169 1392 1191 se,
1403 1162 1536 1196 proximis
1557 1161 1727 1189 manifestat.

940 1209 968 1236 In
986 1208 1113 1235 secundis
1127 1215 1203 1239 vero,
1219 1207 1262 1234 vel
1279 1207 1438 1242 postremis,
1454 1206 1496 1233 vel
1507 1206 1592 1234 etiam
1617 1207 1729 1241 spirita-

940 1254 1011 1282 libus
1037 1254 1139 1282 nostris
1164 1253 1281 1284 viribus.
1311 1253 1461 1280 secundum
1489 1252 1570 1287 122
1593 1252 1743 1287 cujusque-~

940 1301 1063 1328 ordinem
1077 1300 1278 1335 quodammodo
1291 1299 1406 1327 collecta
1423 1299 1511 1334 magis
1525 1304 1554 1326 et
1579 1303 1726 1326 contracta

940 1347 1118 1381 conspicitur,
1132 1348 1197 1373 dum
1219 1346 1312 1373 divina
1339 1345 1486 1373 illustratio
1513 1351 1563 1379 pro
1579 1344 1728 1372 intervallo

940 1393 1087 1426 distantim,
1103 1400 1158 1428 qua
1174 1393 1208 1420 ad
1232 1392 1317 1420 Deum
1332 1391 1483 1425 acceditur,
1496 1398 1574 1418 suam
1594 1390 1728 1425 quodam-

941 1439 1021 1468 modo
1046 1439 1150 1475 colligit
1170 1438 1473 1467 manifestationem‘ad
1490 1437 1633 1472 ipsiusmet
1650 1436 1728 1464 inco-

941 1486 1045 1521 gnitam
1069 1486 1205 1513 unitatem
1229 1492 1261 1512 ac
1284 1483 1499 1520 simplicitatem.
1525 1483 1635 1518 Ignotus
1653 1482 1726 1509 enim

941 1537 984 1559 cst
999 1531 1082 1565 Deus,
1104 1539 1157 1559 non
1174 1535 1287 1566 propter
1309 1530 1470 1557 varietatem
1488 1529 1726 1556 ratiocinationtnn

902 1595 925 1625 ο
941 1579 1020 1607 nobis
1043 1580 1174 1614 ignotam,
1201 1577 1250 1605 sed
1276 1575 1429 1625 secundum
1457 1583 1539 1602 unam
1559 1574 1680 1625 aliqua-tu-
1699 1575 1728 1603 iu

941 1623 1018 1651 nobis
1043 1623 1204 1659 simpliciter
1225 1627 1253 1650 et
1275 1621 1400 1655 absolute
1423 1620 1726 1655 incompreliensibileni

940 1670 1153 1704 ignorationem.
1168 1668 1321 1696 Secundum
1338 1667 1388 1694 hoc
1400 1666 1501 1694 dicitur
1515 1665 1599 1694 etiam
1611 1666 1727 1694 induere

940 1717 1031 1743 lumen
1038 1716 1109 1743 sicut
1120 1715 1311 1743 vestimentum
1320 1719 1332 1733 ⁰
1347 1722 1389 1747 ,ac
1397 1714 1420 1742 si
1427 1713 1627 1749 quodammodo
1634 1713 1725 1740 lumen

940 1762 1112 1798 providentia
1135 1768 1184 1795 sua
1198 1760 1351 1793 cohiberet,
1367 1765 1396 1787 ut
1411 1760 1446 1788 ab
1472 1759 1648 1787 inferioribus
1663 1760 1725 1794 capi

940 1811 1031 1843 posset
1042 1807 1105 1834 dum
1118 1805 1244 1833 videlicet
1256 1804 1371 1840 singulis
1385 1804 1557 1840 sequentium
1573 1804 1665 1831 illucet
1677 1811 1726 1838 per

941 1852 1055 1886 primos,
1068 1856 1105 1881 et,
1120 1851 1142 1878 si
1155 1849 1311 1877 summatim
1327 1849 1420 1876 dicere
1434 1853 1552 1884 oportet,
1569 1855 1602 1876 ex
1617 1847 1726 1875 occulto

940 1898 1032 1926 lumen
1056 1895 1248 1924 manifestatur
1268 1896 1351 1923 etiam
1373 1895 1445 1928 aliis,
1469 1895 1517 1923 sed
1546 1902 1596 1929 per
1609 1894 1727 1922 virtutes

940 1944 1055 1980 primas.
1085 1944 1141 1970 lloc
1174 1943 1267 1978 itaque
1294 1942 1377 1970 etiam
1409 1942 1543 1977 propheta
1574 1941 1725 1968 docebatur

940 1992 1031 2027 (quem
1047 1995 1074 2017 et
1085 1989 1241 2025 theologum
1257 1989 1390 2022 nominat,
1404 1987 1445 2016 vel
1469 1991 1499 2015 ut
1517 1988 1656 2014 doctorem
1678 1994 1724 2013 re-

941 2045 1002 2064 rum
1016 2036 1195 2069 occultarum,
1207 2035 1251 2063 vel
1269 2039 1298 2062 ut
1310 2035 1356 2062 Dei
1370 2041 1512 2062 sermones
1528 2033 1724 2069 proferentem)

929 2081 964 2111 ab
979 2082 1077 2118 angelo
1093 2081 1140 2116 qui
1157 2081 1245 2116 ipsum
1259 2081 1292 2108 ad
1307 2080 1398 2107 lumen
1415 2081 1466 2108 hoc
1481 2081 1642 2113 adducebat,
1660 2087 1723 2108 cum

930 2128 1077 2163 ipsammet
1091 2127 1286 2161 expiationem,
1301 2133 1358 2153 tum
1371 2133 1480 2153 omnem
1493 2126 1613 2154 divinam
1630 2134 1726 2162 opera-

929 2175 1031 2202 tionem
1044 2181 1092 2208 per
1111 2173 1184 2207 ipsas
1196 2171 1276 2205 eilici,
1299 2172 1519 2207 quandoquidem
1535 2177 1563 2200 et
1579 2180 1627 2207 per
1649 2173 1724 2207 ipsas

930 2221 990 2248 haec
1006 2219 1214 2254 suppeditentur
1225 2218 1372 2253 aliquibus.
1385 2217 1455 2245 Sunt
1470 2218 1562 2253 itaque
1576 2218 1671 2253 primat
1681 2226 1725 2246 cs-

98 2261 182 2288 Οὑδὲν
196 2260 242 2289 οὖν
261 2263 370 2295 ἄτοπον,
390 2265 414 2291 εί
429 2264 570 2300 καθαίρειν
590 2266 637 2292 τὸν
658 2267 801 2303 προφήτην
813 2268 827 2294 ὁ
843 2276 887 2293 σε-

938 2265 1026 2293 sentiae
1038 2269 1065 2292 et
1083 2264 1210 2296 assiduae,
1226 2272 1274 2299 per
1285 2271 1354 2298 quas
1369 2263 1451 2291 etiam
1471 2264 1537 2299 ipsis
1549 2265 1612 2295 ista.
1627 2271 1722 2291 secun-

100 2309 190 2343 ραφὶμ
204 2308 322 2343 λέγεται.
347 2310 419 2346 Ὅρα
436 2310 490 2346 γὰρ
510 2312 557 2338 καὶ
579 2311 625 2338 ἐπὶ
636 2312 715 2345 Θεοῦ,
740 2313 791 2346 ὅτι,
816 2315 888 2350 παρ’

99 2354 187 2384 ἄλλων
211 2355 410 2392 καθαιρόμενοι,
432 2356 565 2392 λεγόμεθα
585 2358 661 2393 παρὰ
676 2358 744 2385 Θεοῦ
765 2359 889 2396 καθαίρε-

100 2399 173 2431 σθαι,
191 2401 220 2426 ἐν
245 2400 283 2436 τῷ
300 2399 369 2428 εἶναι
387 2401 481 2429 τοῦτον
504 2403 594 2429 πᾶσαν
608 2403 696 2430 αἰτίαν
715 2404 884 2440 καθάρσεως.

98 2444 208 2471 Μᾶλλον
240 2445 268 2472 δὲ
292 2446 335 2472 ἵνα
362 2446 565 2483 χθαμαλωτέρῳ
592 2448 625 2474 ἐκ
652 2448 702 2483 τῆς
729 2449 788 2475 καθ’
814 2451 887 2485 ἡμᾶς

98 2489 242 2525 ίεραρχίας
259 2491 404 2530 χρήσωμαι
425 2491 635 2527 παραδείγματι,
656 2493 781 2529 καθάπερ
795 2495 809 2521 ὸ
826 2494 887 2521 καθ’

97 2535 177 2570 ἡμᾶς
189 2536 330 2572 ίεράρχης,
344 2536 388 2564 διὰ
397 2537 543 2576 τῶν-αὐτοῦ
550 2539 723 2574 λειτουργῶν,
731 2540 790 2575 ήτοι
803 2540 889 2567 διακὸ-

99 2590 153 2608 νων
175 2582 193 2617 ἢ
219 2582 313 2617 ἱερέων
337 2583 506 2620 καθαίρωνῆ
521 2584 656 2619 φωτίζων,
678 2585 759 2617 αὐτὸς
779 2585 887 2620 λέγεται

98 2627 241 2663 καθαίρειν
259 2629 306 2655 καὶ
320 2628 458 2663 φωτίζειν,
473 2630 527 2657 τῶν
541 2629 575 2656 δι’
589 2630 671 2657 αὑτοῦ
679 2630 888 2666 καθιερωμένων

98 2674 214 2706 τάξεων,
237 2674 335 2711 δηλαδὴ
359 2676 614 2712 χειροτονουμένων,
636 2677 680 2703 ἐπ’
697 2676 777 2703 αὐτὸν
797 2677 889 2704 ἀνατι-

99 2719 199 2747 θεισῶν
213 2720 248 2747 τὰ
267 2722 317 2757 τῆς
341 2722 444 2754 οἰκείας
463 2723 612 2758 ἐνεργείας·
636 2722 707 2750 οὕτω
730 2723 776 2750 κα)¹
798 2724 813 2750 6
838 2723 888 2758 τὴν

99 2764 271 2801 καθαρτικὴν
299 2767 455 2803 ἐπιστήμην
479 2768 526 2795 τοῦ
556 2768 679 2803 θεολόγου
703 2769 887 2805 τελετουργῶν

98 2811 216 2845 ἄγγελος
231 2811 277 2838 ἐπὶ
290 2812 337 2839 τὸν
349 2812 416 2839 Θεὸν
431 2813 479 2848 μὲν
499 2813 535 2846 ὡς
549 2814 645 2847 αἴτιον,
659 2815 706 2842 ἐπὶ
727 2815 755 2842 δὲ
773 2815 819 2842 τὸν
839 2824 885 2842 σε-

99 2858 189 2892 ραφὶμ
203 2857 240 2888 ὡς
258 2857 372 2892 πρώτως
387 2858 420 2885 τὰ
439 2859 487 2894 τῆς
509 2860 665 2896 καθάρσεως
679 2861 821 2897 δεχόμενον
839 2863 884 2888 καὶ

136 2905 158 2922 θ’
176 2903 221 2933 Ps.
237 2911 294 2937 Clll,
311 2904 339 2932 2.

930 2312 996 2339 dum
1009 2315 1118 2346 captum
1129 2310 1263 2346 cujusque
1275 2310 1390 2341 ordinis,
1399 2317 1413 2336 a
1428 2309 1481 2337 Deo
1494 2310 1700 2344 suppeditantur
1715 2319 1722 2337 :

929 2361 1012 2393 atque
1023 2357 1092 2385 adeo
1110 2357 1191 2384 etiam
1213 2356 1403 2390 proprietatem
1417 2356 1542 2390 expiandi
1556 2364 1603 2391 per
1615 2356 1722 2391 igneam

929 2403 1009 2438 quasi
1020 2403 1139 2439 aliquam
1159 2402 1345 2437 operationem
1364 2403 1439 2436 (nam
1452 2407 1478 2429 et
1489 2402 1626 2436 serapliim
1639 2401 1722 2429 aliam

930 2457 1039 2485 quoque
1050 2448 1176 2483 expiandi
1194 2448 1327 2475 rationem
1347 2448 1467 2482 habent),
1481 2455 1543 2474 cum
1556 2447 1609 2474 hoc
1620 2455 1722 2474 nomen

930 2496 1060 2528 habeant,
1071 2495 1169 2522 merito
1179 2498 1241 2529 post
1252 2493 1336 2520 Deum
1352 2494 1386 2521 iis
1397 2493 1531 2521 attribuit.
1543 2492 1618 2520 Nihil
1629 2493 1722 2527 itaque

929 2541 1042 2568 absurdi
1060 2545 1103 2568 est
1120 2540 1143 2567 si
1156 2539 1294 2574 serapliim
1312 2539 1471 2574 prophetam
1487 2539 1599 2574 expiare
1610 2538 1721 2566 dicitur.

929 2585 1047 2612 .Adverte
1055 2585 1128 2612 enim
1141 2588 1181 2617 ut,
1192 2584 1255 2612 dum
1268 2584 1303 2612 ab
1313 2584 1374 2611 aliis
1385 2584 1467 2611 etiam
1478 2583 1629 2618 expiamur,
1641 2591 1657 2611 a
1669 2583 1724 2611 Deo

929 2636 1021 2660 tamen
1039 2631 1141 2666 expiari
1162 2631 1288 2660 dicimur.
1305 2630 1377 2665 qugd
1398 2630 1422 2657 is
1444 2630 1535 2657 omnis
1557 2629 1723 2667 expiationis

939 2687 1021 2707 causa
1034 2679 1082 2707 sit.
1099 2679 1146 2706 Vel
1158 2678 1258 2713 potius,
1276 2682 1306 2705 ut
1321 2677 1408 2713 magis
1424 2677 1503 2705 obvio
1515 2681 1542 2705 et
1557 2682 1648 2704 u05tra
1664 2676 1721 2703 hie-

939 2725 1046 2753 rarcliia
1072 2724 1196 2758 exemplo
1213 2728 1275 2750 utar
1296 2732 1303 2751 :
1324 2723 1551 2759 quemadmodum
1575 2723 1645 2757 apud
1671 2730 1721 2750 nos

939 2771 1060 2808 pontifex
1075 2772 1139 2798 dum
1156 2778 1204 2805 per
1219 2770 1360 2798 ministros
1380 2775 1428 2797 aut
1450 2769 1582 2797 diaconos
1607 2771 1655 2796 aut
1671 2774 1719 2794 sa-

938 2818 1062 2845 cerdotes
1072 2815 1355 2850 expiatilluminatve,
1371 2815 1485 2850 ipsemet
1496 2815 1596 2842 dicitur
1610 2812 1720 2848 expiare

939 2869 966 2892 ct
989 2864 1154 2897 illuminare,
1172 2863 1242 2898 qqu
1269 2863 1306 2890 illi
1328 2862 1449 2896 ordines,
1473 2868 1540 2896 quos
1566 2864 1719 2894 consecrat,
