1933 3075
221 154 276 182 323

798 152 834 180 ε.
852 151 1005 180 ωοκγδιι
1024 149 1256 178 ᾹΠΕΟΡΑΕΙΤΔΕ

1794 151 1846 180 εει

751 211 993 239 PARM’HBASXS
1016 211 1235 239 PACllYMEll/E
1252 211 1274 247 (Ι
1281 211 1320 246 9).

252 291 370 325 Dignum
391 296 484 318 censet
505 290 620 326 spiritali
635 290 816 327 indagatione,
829 299 889 324 qua
907 291 1003 318 videli-
1018 295 1041 323 Α

220 341 275 368 cet,
291 341 321 364 ut
345 341 409 363 ante
431 336 598 369 dicebamus.
615 337 694 364 rebus
717 337 885 372 spiritalibus
908 345 1003 365 conve-

221 383 288 414 nias,
303 382 345 409 vel
361 390 423 417 qua:
436 382 551 418 spiritali
572 387 663 409 mente
676 382 829 414 coordinet.
850 391 883 410 ac
902 383 1006 418 digerat

220 428 258 461 id,
271 429 343 464 quod
359 428 384 455 in
401 427 551 462 Scripturis
565 428 600 455 de
617 435 731 456 numero
753 427 910 463 angelorum
924 429 1008 456 tradi-

221 479 276 502 tur.
292 475 446 503 Invenimus
471 475 554 510 igitur
573 480 601 503 et
623 476 764 504 duodecim
791 476 911 511 legiones
924 483 1008 510 ange-

220 520 321 554 lorum,
336 528 415 555 quas,
432 526 459 548 et
480 521 524 548 his
544 521 645 556 plures,
663 521 793 549 Dominus
810 529 825 549 a
851 521 932 548 Patre
958 529 1008 549 suo

221 567 304 601 possit
324 567 463 601 postulare
481 571 506 600 tt,
523 571 550 594 et
565 567 592 594 in
607 567 665 595 acie
684 567 824 596 collocare
838 568 872 595 ad
895 568 1007 595 insidia-

222 616 297 639 tores
313 612 490 646 repellendos.
510 612 627 647 Exiguus
642 614 736 648 utique
755 613 801 640 hic
820 621 958 646 numerus,
975 614 1007 640 ad

222 658 342 685 Danielis
353 659 484 686 visionem
496 658 622 692 collatus,
635 659 764 694 qucuiam
777 659 861 686 millia
880 659 1007 691 millium.

219 707 248 730 et
261 703 352 730 decies
367 702 464 730 millies
479 703 547 731 dena
561 704 643 730 millia
659 703 715 731 Deo
731 704 906 732 assistebant.
924 703 1007 740 Legio

221 754 312 776 autem
340 748 407 776 ordo
427 753 468 776 est
486 753 614 776 constans
631 749 736 784 aliquot
751 751 815 785 (hac
839 751 906 778 vo'ce
927 751 1008 777 nimi-

223 801 285 820 rum
298 801 314 820 a
335 794 422 822 verbo
444 793 501 828 [ego
514 798 542 821 et
554 795 651 829 colligo
665 795 798 830 derivata)
815 803 914 830 :quem
929 796 951 822 si
974 803 1008 823 ex

220 843 330 866 centum
346 843 472 867 constare
485 839 645 873 dixerimus,
662 839 729 867 nihil
750 839 801 868 hoc
821 841 855 867 ad
871 845 909 868 tot
925 841 1007 868 millia

220 885 428 920 myriadesque;
445 885 568 920 quiuimo
582 885 605 912 si
619 893 652 913 ex
677 885 750 913 mille
774 886 918 914 collectum
931 887 1008 915 dixe-

220 931 314 962 rimus.
334 930 401 958 nihil
424 931 475 958 hoc
504 932 594 959 adhuc
620 932 652 959 ad
680 932 771 960 decies
801 933 899 961 millies
927 936 1007 962 toties

219 975 405 1010 multiplicata.
424 975 464 1003 De
483 976 626 1004 duodecim
650 976 760 1012 quidem
774 978 926 1013 legionibus
938 978 1006 1007 alius
1023 973 1045 1003 Β

219 1022 293 1049 aliud
318 1022 389 1049 forte
413 1022 506 1050 alla-at
537 1023 680 1050 sublimius
695 1024 759 1059 quid
786 1032 818 1052 ac
846 1025 1006 1060 sapientius,

216 1067 296 1102 juxta
309 1069 425 1103 gratiam
439 1077 453 1096 a
473 1069 545 1096 bono
559 1068 620 1097 Deo
630 1077 663 1097 ac
683 1070 826 1098 Salvatore
836 1077 929 1099 nostro
942 1070 1007 1099 Jesu

219 1114 331 1141 Christo
344 1114 590 1148 conmunicatam;
613 1116 678 1143 tttihi
702 1122 793 1143 autem
810 1116 1006 1151 impraesentia-

221 1167 292 1192 rum,
308 1159 331 1186 si
358 1165 486 1194 oporteat
511 1167 553 1188 me
571 1167 679 1195 quoque
702 1162 736 1188 ad
758 1161 815 1189 lucc
839 1162 940 1196 aliquid
960 1163 1009 1189 ad-

213 1206 296 1237 ‘derc,
315 1206 422 1233 videtur
445 1206 586 1241 Scriptura
606 1214 683 1234 sacra
705 1214 809 1242 magna
831 1208 1008 1236 humanitatis

221 1259 253 1278 ne
267 1251 462 1280 benevolentia:
486 1252 616 1280 indicittm
639 1253 780 1282 exhibere.
802 1253 858 1281 Etsi
871 1256 942 1281 enim
957 1263 1009 1282 un-

220 1298 308 1325 decim
323 1304 402 1326 erunt
418 1300 505 1332 parati
526 1306 700 1332 succurrere,
718 1299 799 1327 Pen-0
823 1301 901 1335 quasi
921 1301 1006 1334 duce;

222 1349 342 1372 attamen
356 1345 510 1381 benignitas
531 1346 622 1380 magni
643 1345 691 1373 Dei
707 1353 740 1373 ac
755 1346 905 1373 Salvator-is
923 1347 1008 1375 nostri

220 1390 285 1419 Iesu
297 1390 409 1424 Christi,
426 1399 485 1426 qua:
501 1399 609 1419 omnem
626 1398 737 1425 superat
759 1393 922 1425 orationem.
941 1401 1009 1428 quo-

221 1439 370 1466 dammodo
390 1437 475 1466 ellusa
500 1439 636 1473 perditum
653 1446 764 1474 quoque
786 1439 906 1468 sodalem
921 1439 1006 1474 illum,

220 1484 299 1520 cujus
314 1485 402 1514 adhuc
417 1486 536 1514 sollicite
559 1493 652 1513 curam
668 1487 748 1521 gerit,
774 1487 809 1514 iis
833 1491 1008 1521 snnumerat,

221 1536 249 1558 et
264 1539 314 1567 pro
327 1539 492 1566 unoquoque
515 1532 612 1559 horum
640 1531 775 1566 legionem
794 1532 954 1568 angelorum
979 1539 1010 1560 se

222 1583 316 1613 petere
331 1586 412 1614 posse
424 1578 502 1610 dicit.
519 1584 575 1605 tum
595 1581 624 1605 ut
636 1579 718 1606 etiam
744 1579 832 1614 magis
848 1580 1007 1614 angelorum

224 1623 437 1658 multitudinem,
455 1632 488 1652 ac
506 1625 670 1660 postulantis
682 1625 909 1661 magniﬁcentiam
927 1626 1008 1662 126
1020 1645 1042 1674 ε

222 1675 251 1697 et
264 1671 435 1698 divinitatem
454 1671 617 1698 declararet.
633 1672 682 1699 Cui
700 1673 773 1700 enim
798 1672 876 1700 alteri
901 1677 940 1700 tot
959 1681 1008 1700 uu-

222 1724 304 1751 quam
322 1718 536 1746 succurreruntl
549 1718 587 1746 Ds
596 1718 639 1746 bis
651 1719 761 1754 quidem
771 1719 841 1747 alius
848 1725 890 1747 est
901 1727 1008 1748 sermo:

221 1764 267 1791 hie
281 1771 347 1791 vero
362 1769 472 1793 sanctus
485 1765 520 1793 de
538 1765 611 1793 mille
632 1765 754 1793 millibus
773 1770 802 1794 et
827 1766 921 1795 decies
935 1768 1008 1795 mille

223 1810 316 1838 decem
329 1807 450 1839 millibus
464 1810 514 1844 ait.
531 1810 703 1846 Scripturam
723 1818 830 1839 sacram
844 1819 876 1839 ac
889 1811 1008 1840 divinam

221 1865 343 1886 summos
360 1857 421 1886 illos
436 1858 482 1893 qui
499 1859 570 1893 apud
597 1866 648 1887 nos
669 1863 744 1892 sunt,
768 1867 908 1892 numeros,
924 1859 1008 1887 millia

223 1903 350 1932 videlicet
371 1908 399 1932 et
413 1905 484 1931 dena
500 1903 596 1937 millia,
618 1905 646 1932 in
663 1904 827 1939 semetipsos
844 1905 1010 1940 glomerasse

223 1958 256 1978 ac
271 1950 479 1985 multiplicasse,
495 1957 528 1978 ac
542 1958 590 1986 per
607 1951 659 1978 hoc
669 1956 763 1986 aperte
775 1951 940 1985 declarasse,
953 1960 1010 1981 coe-

222 1997 332 2025 lestium
348 1997 476 2025 ordinum
501 1997 722 2026 coordinationes
749 1998 775 2026 id
798 2003 841 2026 est
855 1999 1008 2027 caelestium

221 2042 354 2070 virtutum
370 2043 521 2078 supposita,
536 2051 551 2070 a
567 2043 646 2072 nobis
663 2044 835 2072 annumerari
851 2052 904 2072 non
917 2052 1009 2080 posse.

222 2088 307 2118 Nobis
315 2095 405 2117 autem
419 2090 474 2117 dixi
489 2091 705 2118 innumerabiles
718 2098 791 2125 esse.
808 2092 935 2127 quoniam
948 2093 1011 2121 licet

227 2136 307 2164 nobis
322 2136 404 2172 ignoti
422 2136 488 2169 sint,
505 2144 557 2164 non
575 2141 663 2164 tamen
679 2138 791 2166 omnino
803 2144 899 2166 natura
911 2138 1010 2167 inﬂniti

223 2186 298 2216 sunt,
313 2182 362 2210 sed
384 2190 479 2210 eorum
494 2182 638 2210 multitudo
653 2187 694 2211 est
715 2183 904 2212 determinata.
919 2183 1012 2220 Nuper

224 2229 308 2256 etiam
323 2227 435 2263 quidam
448 2236 463 2255 e
479 2228 648 2263 sapientibus
663 2229 764 2256 nostris
779 2229 895 2264 (Psetlus
906 2229 929 2257 is
940 2234 1010 2264 erat,

223 2273 373 2301 scientiﬁce
385 2279 413 2300 et
428 2273 515 2308 logice
540 2273 633 2309 regula
652 2274 856 2302 dialecticorum
873 2280 964 2308 utens,
978 2282 1011 2303 ac

1092 290 1183 322 Ἄξιον
1199 290 1386 326 ὑπολαμϐάνει
1401 289 1542 325 ζητήσεως
1553 289 1660 324 νοερᾶς,
1673 289 1766 320 οἱονεὶ,
1779 290 1793 316 ὅ
1801 290 1849 316 καὶ

1059 336 1155 373 πρώην
1178 336 1317 372 ἐλέγομεν,
1341 336 1495 372 ἀνηκούσης
1516 337 1572 367 τοῖς
1594 337 1706 372 νοεροῐς,
1723 336 1740 371 ἧ

1058 383 1098 410 νοτ
1119 383 1307 418 διοικουμένης
1330 383 1378 409 καὶ
1401 383 1628 418 διευθετουμένης
1642 383 1692 418 τὴν
1711 383 1776 419 περὶ
1801 382 1848 409 τοῦ

1058 429 1175 464 ἀριθμοῦ
1201 429 1257 456 τῶν
1280 429 1404 463 ἀγγέλων
1429 430 1459 456 ἐν
1483 431 1540 462 τοῖς
1565 429 1665 463 λογίοις
1688 429 1847 464 παράδοσιν.

1058 476 1228 512 Εὐρίσκομεν
1243 475 1309 510 γοῦν
1325 477 1372 503 καὶ
1387 475 1489 503 δώδεκα
1505 476 1640 511 λεγεῶνας
1663 476 1797 511 ἀγγέλων,
1815 476 1849 508 ἃς

1058 522 1105 548 καὶ
1119 522 1200 549 πλέον
1208 522 1310 549 τούτων
1315 522 1360 549 τὸν
1367 522 1467 559 Κύριον
1474 523 1601 549 δύνασθαι
1610 521 1725 558 ζητῆσαι
1731 522 1776 548 τὸν
1783 522 1849 548 [διον

1058 567 1185 603 Πατέρα,
1205 568 1252 595 καὶ
1269 568 1443 603 παραστῆσαι
1456 569 1496 600 είς
1511 568 1560 603 τὴν
1576 568 1630 594 τῶν
1642 567 1848 604 ἐπηρεαζόντων

1058 615 1226 650 ἀποτροπήν.
1252 615 1354 649 Ὸλίγος
1370 615 1436 649 γοῦν
1457 612 1534 647 οὗτος
1552 616 1566 641 ὁ
1583 615 1697 650 ἀριθμὸς
1714 614 1781 650 πρὸς
1797 613 1848 649 τὴν

1057 659 1104 687 τοῦ
1121 660 1219 697 Δανιὴλ
1242 661 1347 697 ὅρασιν,
1365 662 1405 688 ὃτι
1428 662 1512 697 χίλιαι
1536 661 1663 697 χιλιάδες,
1682 663 1728 688 καὶ
1752 661 1848 696 μύριαι

1060 706 1189 742 μυριάδες
1213 707 1253 742 τῷ
1274 705 1333 742 Θεῷ
1360 709 1601 743 παρειστήκεισαν.
1632 708 1660 734 'U
1671 707 1725 743 γὰρ
1747 706 1848 740 λεγεὼν

1059 754 1154 789 τάγμα
1176 753 1251 780 ἐστὶν
1274 755 1307 781 ὲκ
1330 754 1417 781 τόσων
1435 755 1613 790 συγκείμενον
1630 754 1674 789 (ἐκ
1693 753 1740 781 τοῦ
1757 753 1847 789 λέγω,

1057 801 1088 827 τὸ
1104 801 1244 835 συλλέτω
1257 800 1526 836 ὲτυμολογούμενον),
1553 801 1633 836 ὅπερ,
1652 801 1676 827 εἰ
1692 800 1722 832 ἐξ
1749 799 1848 827 ἑκατὸν

1060 847 1216 882 συγκεῖσθαι
1237 847 1370 882 εἴποιμεν,
1384 847 1460 874 οὐδὲν
1476 847 1544 883 πρὸς
1558 847 1608 879 τάς
1630 847 1711 878 τόσας
1726 847 1847 882 χιλιάδας

1058 895 1105 921 καὶ
1129 893 1262 930 μυριάδας
1284 902 1290 908 ·
1310 894 1334 920 εί
1349 893 1378 920 δὲ
1409 894 1457 920 καὶ
1479 894 1512 920 ὲκ
1538 893 1642 929 μυρίων
1671 892 1848 927 συλλέγεσθαι

1058 941 1192 976 εἴποιμεν,
1209 939 1286 966 οὐδὲν
1297 939 1379 967 πάλιν
1396 939 1475 967 τοῦτο
1493 940 1562 976 πρὸς
1573 940 1619 966 τὸν
1634 939 1705 966 κατὰ
1714 939 1748 965 τὰ
1762 939 1849 975 μύρια

1059 986 1324 1022 πολλαπλασιασμόν.
1348 986 1416 1022 Περὶ
1440 987 1488 1022 μὲν
1503 987 1559 1013 τῶν
1580 986 1682 1013 δώδεκα
1706 985 1848 1020 λεγεώνων

1059 1034 1138 1066 ἄλλος
1156 1033 1206 1069 μὲν
1220 1033 1284 1061 ἄλλο
1307 1042 1334 1060 τι
1358 1033 1430 1060 είποι
1444 1033 1524 1068 τυχὸν
1544 1033 1709 1069 ὑψηλότερον
1735 1033 1782 1060 καὶ
1801 1041 1847 1059 σο-

1059 1081 1189 1117 φώτερον,
1207 1081 1278 1108 κατὰ
1293 1080 1341 1116 τὴν
1355 1080 1497 1116 διδομένην
1514 1080 1589 1116 παρὰ
1604 1079 1651 1107 τοῦ
1667 1079 1771 1114 ἀγαθοῦ
1778 1079 1847 1106 Θεοῦ

1059 1127 1106 1153 καὶ
1114 1127 1239 1162 Σωτῆρος
1251 1127 1329 1162 ἡμῶν
1344 1126 1433 1162 Ἰησοῦ
1444 1126 1562 1162 Χριστοῦ
1573 1126 1664 1162 χάριν·
1679 1126 1694 1152 ὃ
1712 1125 1777 1160 γοῦν
1786 1126 1850 1161 ἐμοὶ

1058 1174 1127 1209 πρὸς
1141 1173 1172 1200 τὸ
1185 1172 1272 1209 παρὸν
1288 1172 1495 1207 καταφαίνεται,
1507 1173 1532 1198 εἰ
1548 1172 1601 1208 χρή
1617 1181 1644 1198 τι
1657 1172 1705 1198 καὶ
1723 1172 1775 1207 ἐμὲ
1790 1172 1849 1198 τολ-

1060 1220 1143 1255 μῆσαι
1161 1218 1230 1255 πρὸς
1252 1218 1348 1250 ταῦτα,
1367 1219 1407 1245 δτι
1432 1218 1553 1253 μεγάλης
1577 1216 1782 1253 φιλανθρωπίας
1803 1217 1849 1244 ἔν-

1057 1265 1141 1298 δειξιν
1157 1265 1213 1301 ἔχει
1229 1264 1259 1291 τὸ
1272 1263 1344 1300 ἱερὸν
1360 1263 1460 1298 λόγιον.
1479 1264 1510 1290 El
1527 1263 1582 1299 γὰρ
1599 1264 1646 1290 καὶ
1667 1263 1762 1290 ἕνδεκα
1777 1261 1849 1299 ἦσαν

1058 1313 1083 1339 οἱ
1099 1311 1179 1347 δῆθεν
1195 1311 1401 1346 ἐτοιμαζόμενοι
1416 1310 1531 1346 βοηθεῖν,
1544 1309 1591 1336 τοῦ
1608 1309 1711 1345 Πέτρου
1718 1307 1773 1336 οἷον
1785 1317 1850 1345 προ-

1060 1357 1221 1394 μαχοῦντος,
1238 1358 1296 1385 ἀλλ’
1312 1355 1359 1384 οὖν
1374 1359 1392 1393 ἡ
1410 1357 1498 1384 πάντα
1513 1356 1592 1391 λόγον
1608 1356 1711 1383 νικῶσα
1725 1355 1774 1382 τοῦ
1797 1364 1849 1391 με-

1058 1404 1142 1439 γάλου
1164 1403 1232 1430 Θεοῦ
1248 1404 1297 1430 καὶ
1313 1403 1439 1439 Σωτῆρος
1460 1403 1539 1439 ἡμῶν
1557 1400 1645 1438 Ἰησοῦ
1669 1401 1787 1438 Χριστοῦ
1804 1409 1850 1436 φι-

1057 1450 1225 1486 λανθρωπία,
1248 1448 1305 1477 οἷον
1330 1449 1476 1485 ὲξεχομένη
1509 1449 1558 1476 καὶ
1583 1449 1631 1476 τοῦ
1655 1448 1777 1484 ἑταίρου,
1799 1447 1850 1475 καὶ

1057 1496 1098 1523 ἐτι
1114 1495 1300 1531 κηδεμονικῶς
1313 1495 1381 1531 πρὸς
1397 1496 1500 1522 ἐκεῖνον
1511 1495 1620 1530 ἔχουσα,
1632 1494 1677 1521 τδν
1689 1493 1850 1521 ἀπολωλότα

1057 1541 1162 1574 τούτοις
1185 1541 1346 1577 συναριθμεί
1359 1549 1366 1556 ⁸
1383 1540 1431 1568 καὶ
1452 1540 1514 1567 καθ’
1530 1540 1579 1567 ἕνα
1604 1539 1708 1567 τούτων
1728 1539 1851 1574 λεγεῶνα

1058 1587 1182 1622 ἀγγέλων
1199 1586 1315 1622 ζητῆσαι
1332 1585 1406 1620 λέγει
1422 1585 1552 1612 δύνασθαι
1565 1593 1574 1600 θ
1591 1584 1631 1611 ἔτι
1651 1584 1680 1612 δὲ
1708 1584 1789 1611 πλέον
1808 1585 1851 1616 εις

1058 1632 1169 1666 ἔνδειξιν
1184 1632 1232 1659 τοῦ
1247 1631 1301 1658 τῶν
1313 1631 1437 1666 ἀγγέλων
1450 1630 1578 1666 πλήθους,
1591 1630 1639 1657 καὶ
1650 1631 1698 1665 τῆς
1709 1629 1756 1656 τοῦ
1768 1630 1850 1665 αἰτη-

1060 1678 1174 1713 σομένου
1192 1677 1398 1713 μεγαλειότητος
1413 1677 1460 1703 καὶ
1469 1675 1605 1710 θεότητος.
1620 1675 1684 1702 Τίνι
1696 1675 1752 1710 γὰρ
1763 1675 1851 1711 ἑτέρῳ

1059 1724 1133 1751 τόσοι
1147 1723 1329 1759 βεδοηθήκασι
1346 1722 1474 1754 πώποτες
1491 1722 1559 1757 Περὶ
1577 1722 1624 1756 μὲν
1639 1721 1741 1748 τούτων
1757 1721 1851 1756 ἔτερος

1059 1771 1137 1806 λόγος
1149 1778 1156 1785 ·
1167 1770 1231 1806 περὶ
1246 1769 1275 1797 δὲ
1288 1769 1344 1796 τῶν
1360 1768 1453 1804 χιλίων
1469 1768 1596 1804 χιλιάδων
1613 1768 1660 1794 καὶ
1673 1767 1777 1803 μυρίων
1797 1775 1850 1802 μυ-

1061 1817 1159 1853 ριάδων
1175 1816 1258 1852 φησὶν
1273 1817 1288 1843 ὸ
1305 1816 1392 1850 ἅγιος,
1416 1815 1458 1842 ὅτι
1473 1815 1538 1847 τοὺς
1561 1815 1627 1850 παρ’
1643 1815 1710 1850 ἡμῖν
1731 1813 1851 1850 ἀκροτά-

1058 1870 1121 1893 τους
1137 1861 1280 1898 ἀριθμοὺς,
1297 1860 1343 1887 τὸν
1359 1859 1431 1896 χίλια
1449 1860 1549 1896 δηλαδὴ
1574 1859 1681 1886 καὶτὸν
1698 1858 1792 1894 μύρια,
1810 1860 1851 1891 εἰς

1058 1907 1173 1939 tau-robe
1193 1906 1403 1934 ὲπανειιύιιλωσε
1419 1906 1467 1934 καὶ
1486 1905 1734 1933 ὲπολλαπλασίασεν
1750 1905 1767 1940 ἡ
1787 1905 1852 1941 ἱερὰ

1060 1954 1107 1980 καὶ
1119 1953 1179 1980 Θεία
1196 1952 1303 1989 Γραφὴ,
1321 1952 1368 1979 καὶ
1384 1951 1428 1978 διὰ
1450 1952 1545 1978 τούτου
1561 1951 1685 1987 ὲναργῶς
1701 1951 1749 1978 καὶ
1765 1959 1851 1986 φανε-

1062 1998 1116 2035 ρῶς
1132 1999 1246 2034 ἐνέφηνε
1268 1999 1315 2026 καὶ
1332 1998 1473 2034 παρέδειξε
1488 1998 1537 2030 τὰς
1559 1999 1625 2034 ἡμῖν
1648 1997 1851 2033 ἀναριθμήτους

1059 2044 1114 2071 τῶν
1126 2044 1260 2080 οὐρανίων
1276 2044 1423 2080 ταγμάτων
1439 2043 1584 2077 διατάξεις,
1597 2043 1718 2078 δηλονότι
1733 2043 1783 2074 τὰς
1794 2043 1851 2070 τῶν

1060 2090 1192 2127 οὐρανίων
1203 2090 1345 2126 δυνάμεων
1358 2091 1529 2122 ὑποστάσεις.
1553 2090 1633 2126 Ἡμῖν
1648 2090 1677 2117 δὲ
1693 2087 1768 2117 εἷπον
1784 2090 1852 2116 ἁνα-

1061 2136 1219 2173 ριθμήτους,
1236 2136 1287 2169 ὅτι,
1304 2137 1329 2163 εί
1345 2137 1392 2164 καὶ
1408 2137 1473 2172 ἡμῖν
1488 2136 1621 2171 ἄγνωστοι
1637 2137 1715 2168 εἰσιν,
1731 2136 1762 2162 οὑ
1784 2137 1853 2164 πάν-

1060 2191 1114 2214 τως
1137 2182 1245 2218 ἄπειροι
1269 2182 1315 2208 καὶ
1343 2183 1376 2218 τῇ
1410 2182 1501 2217 φύσει,
1525 2182 1594 2209 ἀλλὰ
1622 2182 1794 2218 πεπέρασται
1821 2183 1853 2209 τὸ

1062 2227 1164 2262 πλῆθος
1179 2227 1278 2254 αὐτῶν.
1296 2227 1371 2258 Τέως
1382 2226 1411 2254 δὲ
1423 2227 1488 2262 περὶ
1502 2227 1604 2253 τούτων
1619 2235 1662 2259 τις
1677 2226 1709 2253 ἐκ
1726 2226 1852 2254 τῶνκαθ’

1062 2274 1136 2310 ἡμᾶς
1152 2273 1242 2309 σοφῶν
1266 2273 1290 2309 (ό
1306 2273 1411 2305 Ψελλὸς
1428 2270 1505 2305 οὗτος
1520 2271 1564 2309 ἧν,
1581 2273 1794 2309 ὲπιστημονικὴν
1805 2274 1853 2300 καὶ

223 2320 426 2352 denmnstrans,
452 2319 496 2346 illa
523 2327 585 2354 qua:
609 2320 746 2355 primipio
775 2321 908 2347 viciniora
936 2325 1008 2354 sunt,

1063 2319 1174 2356 λογικὴν
1191 2320 1351 2355 ποιούμενος
1365 2319 1416 2355 τὴν
1431 2319 1579 2353 ἀπόδειξιν,
1596 2319 1643 2346 καὶ
1663 2319 1757 2346 κανόνι
1777 2318 1852 2354 χρώ-

224 2366 329 2393 minora
355 2366 464 2400 quidem
489 2372 550 2392 esse
572 2365 720 2393 secundum
748 2367 941 2402 quantitatem,
962 2367 1010 2395 sed

225 2413 354 2446 majorem
377 2411 503 2438 virtutem
530 2410 658 2446 habere),
675 2413 827 2444 asserebat,
845 2413 966 2447 angelos,
981 2417 1011 2440 ut

224 2456 283 2484 Deo
309 2457 528 2491 propinquiores,
544 2457 689 2492 pauciores
701 2465 762 2486 esse
782 2458 947 2489 hominibus,
962 2459 1009 2493 qui

224 2503 364 2539 sigillatim
380 2511 488 2538 semper
502 2509 651 2534 nascuntur
677 2509 705 2532 et
731 2505 894 2538 moriuntur,
909 2512 1008 2540 quem-

223 2550 370 2577 admodum
392 2549 517 2578 videlicet
533 2557 641 2585 quoque
662 2558 792 2578 numerus
821 2551 855 2578 ad
876 2552 1009 2578 unitatem

225 2597 370 2628 accedens,
385 2597 474 2625 ntinor
485 2601 527 2625 est
539 2597 688 2626 remotiori.
704 2596 802 2625 Verum
818 2598 951 2633 Didymus
965 2598 1010 2626 ille

224 2649 313 2670 cacus
340 2642 392 2669 alio
411 2643 527 2678 quodam
552 2643 611 2672 loco
632 2644 768 2678 reperitur
793 2643 893 2675 dicere,
921 2651 1009 2671 ttottu-

224 2690 298 2725 gutta
313 2696 410 2716 novem
425 2697 490 2717 oves
511 2697 572 2718 esse
593 2690 715 2726 angelos,
734 2698 815 2718 unam
839 2696 931 2718 autem
945 2698 1008 2725 qua!

259 2782 273 2802 ιι
290 2776 386 2805 Matth.
416 2785 489 2811 xxvi,
501 2777 545 2805 55.

261 2865 319 2902 (l9)
336 2866 401 2895 Vide
415 2866 553 2904 δάιοι-8.
573 2866 681 2895 Maximi
697 2872 763 2896 tozn.
777 2867 809 2902 ll,
826 2875 888 2903 cap.
907 2866 951 2894 ll.

1065 2373 1145 2401 μενος
1160 2364 1332 2400 διαλεκτικῷ,
1344 2364 1386 2390 ὅτι
1397 2363 1433 2390 τὰ
1447 2365 1480 2399 τῇ
1493 2365 1564 2400 ἀρχῇ
1577 2364 1759 2400 πλησιάζοντα
1772 2364 1852 2391 ἐλάτ-

1063 2420 1127 2438 τονα
1153 2411 1202 2448 μέν
1229 2413 1282 2438 είσι
1304 2411 1344 2446 τῷ
1372 2411 1456 2446 ποσῷ,
1482 2411 1593 2446 μείζονα
1614 2410 1648 2437 δὲ·
1663 2411 1714 2446 τὴν
1737 2410 1853 2445 δύναμιν

1063 2459 1175 2495 ἔχουσι)
1194 2459 1249 2486 τῶν
1270 2459 1422 2495 ἑκασταχοῦ
1439 2459 1486 2486 καὶ
1502 2459 1546 2485 ἀεὶ
1557 2459 1706 2494 γινομένων
1722 2459 1769 2485 καὶ
1784 2459 1853 2485 ἀπο-

1063 2505 1213 2540 γινομένων
1225 2503 1376 2541 ἀνθρώπων
1400 2504 1527 2536 ἐλάττους
1538 2504 1614 2538 ἔλεγε
1631 2503 1694 2535 τοὺς
1707 2503 1852 2537 ἀγγέλους,

1061 2551 1099 2584 ὡς
1127 2551 1166 2587 τῷ
1189 2551 1249 2587 Θεῷ
1279 2549 1477 2586 πλησιάζοντας
1503 2558 1510 2565 ”
1534 2549 1628 2586 ὥσπερ
1651 2548 1745 2584 ἀμέλει
1769 2549 1816 2575 καὶ
1838 2549 1853 2574 ὁ

1062 2598 1220 2634 πλησιάζων
1242 2597 1357 2634 ἀριθμὸς
1379 2598 1412 2633 τῇ
1431 2596 1525 2634 μονάδι
1546 2595 1593 2623 τοῦ
1619 2595 1713 2632 πόρρω
1733 2594 1853 2621 ἐλάττων

1061 2644 1146 2671 ἐστίν.
1175 2644 1204 2670 '0
1221 2643 1249 2670 δέ
1265 2651 1296 2678 γε
1313 2643 1426 2678 Δίδυμος
1448 2643 1463 2669 ὁ
1478 2641 1576 2677 τυφλὸς
1598 2639 1715 2676 ἀλλαχοῦ
1737 2639 1853 2676 εὓρηται

1062 2689 1159 2723 λέγων,
1177 2689 1211 2716 τὰ
1225 2689 1275 2724 μὲν
1286 2688 1462 2724 ἐννενήκοντα
1478 2688 1526 2714 καὶ
1548 2686 1625 2715 ἐννέα
1639 2685 1760 2722 πρόϐατα
1782 2683 1854 2712 εἶναι
