1933 3075
220 152 268 182 531

256 209 444 245 Quinimo‘fas
459 209 496 237 sit
514 209 595 236 etiam
617 215 649 236 ex
668 207 798 243 qualibet,
813 213 844 235 ut
869 208 998 240 arbitror,
1014 211 1036 240 Α

220 263 356 292 corporea
382 260 481 284 nostrae
507 256 731 290 multipartitione
754 262 808 282 non
838 254 999 289 incongruas

219 303 349 338 imagines
364 301 485 334 haurire,
501 308 561 336 qua:
577 300 703 328 caelestes
718 300 833 327 virtutes
848 306 999 334 repraesen-

218 353 287 383 tent,
302 349 365 376 utsi
384 348 520 381 dicamus,
534 348 643 375 videndi
664 347 772 382 quidem
794 346 937 373 facultates
951 346 997 372 de-

216 395 322 422 clarare
341 393 601 429 perspicacissimam
613 393 648 420 ad
665 392 756 419 divina
777 391 877 418 lumina
902 397 994 425 suspe-

216 441 347 471 ctionem.
358 447 408 468 nec
421 447 474 468 non
487 439 639 473 simplicem
651 446 683 466 ac
694 438 825 474 liquidam
837 438 1000 472 minimeque

215 486 411 521 refragantem,
434 486 482 513 sed
506 485 618 520 agilem,
647 492 801 519 puramque
823 483 999 519 patulamque

215 531 368 559 divinarum
396 531 608 559 illustrationum
643 532 703 559 sine
743 531 997 566 passione_susce-

215 577 343 612 ptionem.

249 621 403 649 Olfactuum
417 628 483 649 vero
494 620 667 649 discernendi
688 621 762 648 vires
779 620 834 647 vim
850 626 921 649 esse.
937 626 998 654 quae

212 672 331 694 mentem
344 666 497 702 superantis
509 665 664 701 fragrantia:
675 666 856 700 diﬂ'usionem,
866 673 998 702 quantum

214 712 295 747 13o
308 712 349 740 fas
364 717 416 745 est,
427 711 552 747 percipit,
568 718 666 747 resque
679 711 778 740 fetidas
795 713 882 747 perite
895 712 999 740 discer-

211 758 264 791 nit,
279 762 307 785 et
319 757 428 785 omnino
439 756 547 792 refugit.

246 803 283 830 At
300 803 406 830 aurium
427 803 554 836 virtutes,
575 802 601 830 id
615 803 686 837 quod
711 803 738 830 in
751 803 791 831 eis
807 808 848 831 est
862 803 998 839 particeps

210 847 388 883 cognitionis,
414 847 589 882 divinumque
611 848 681 881 scite
701 848 815 883 suscipit
838 848 997 883 inspiratio-

210 902 283 923 nem.

244 940 375 968 Gustandi
389 944 480 967 autem
493 939 628 975 potentias
643 940 708 974 ipsis
722 946 784 968 esse
795 940 924 967 'ciborum
939 940 995 974 spi-

209 986 327 1013 ritalium
344 986 507 1020 satietatem,
530 991 557 1014 et
572 987 724 1014 divinorum
749 991 831 1020 atque
850 985 994 1014 delicioso-

209 1040 269 1059 rum
284 1032 432 1060 rivulorum
447 1033 657 1067 susceptionem.

243 1077 361 1105 Tactiles
373 1085 454 1112 porro
468 1078 647 1111 sensationes,
662 1077 688 1104 id
700 1077 771 1112 quod
782 1077 810 1105 in
822 1077 863 1105 eis
875 1083 919 1105 res
931 1085 994 1113 pro-

208 1122 291 1150 ficuas
306 1123 437 1150 noxiasve
451 1130 512 1150 cum
526 1122 640 1150 scientia
654 1122 793 1150 discernit.

244 1169 392 1205 Palpebras
419 1173 447 1197 et
462 1169 621 1204 supercilia,
657 1169 683 1196 id
707 1170 780 1204 quod
802 1168 993 1204 intelligendas

207 1216 387 1250 notionesque
401 1215 485 1243 divini
499 1219 625 1250 aspectus
634 1218 790 1242 conservat.

241 1260 437 1288 Pubescentem
448 1264 555 1287 aetatem
571 1267 604 1287 ac
617 1259 799 1293 iuventutem,
815 1260 868 1287 vim
883 1259 992 1288 vitalem

205 1312 266 1340 qua:
278 1312 387 1340 semper
397 1305 480 1341 viget.

241 1353 351 1386 Dentes,
374 1353 401 1381 id
416 1354 488 1388 quod
513 1353 633 1381 alimenti
660 1352 773 1380 adhibiti
794 1351 990 1388 perfectionem

205 1400 301 1428 dividit
313 1408 321 1428 :
335 1400 461 1435 qualibet
473 1400 545 1428 enim
557 1400 677 1428 essentia
694 1399 826 1434 spiritalis
838 1398 990 1426 uniusmodi

205 1446 423 1482 intelligentiam,
443 1454 523 1481 quam
544 1454 559 1472 a
577 1445 710 1473 diviniore
727 1444 856 1471 traditam
872 1443 988 1478 accepit,

205 1499 255 1527 pro
269 1491 405 1520 inferioris
416 1491 499 1519 ductu
521 1496 657 1526 captuque
671 1490 783 1525 provida
804 1490 905 1517 virtute
921 1488 990 1516 divi-

205 1539 244 1566 dit
261 1538 488 1574 multiplicatque.

240 1583 383 1616 Humeros,
400 1584 478 1611 uittas
489 1588 517 1611 et
541 1590 649 1617 manus,
667 1582 825 1612 faciendiet
839 1581 935 1617 agendi
955 1587 988 1608 ac

203 1630 376 1667 perpetrandi
391 1630 456 1657 vim.

237 1734 291 1762 Cor
308 1738 398 1761 autem
417 1740 478 1761 esse
499 1732 649 1769 symbolum
669 1732 733 1760 vita:
754 1731 909 1764 deiformis,
927 1737 988 1766 quae

201 1780 256 1808 vim
277 1780 386 1808 vitalem
410 1787 486 1808 suam
507 1779 676 1807 deiformiter
697 1779 724 1807 in
748 1786 780 1806 ea
801 1778 901 1814 quibus
921 1784 988 1805 con-

201 1825 267 1853 sulit
287 1824 423 1859 dispertit.

237 1870 322 1897 Porro
344 1873 437 1905 pectus
452 1870 578 1897 dicamus
599 1870 743 1906 designare
756 1869 885 1896 virtutem
909 1867 988 1895 indo-

201 1917 339 1950 mabilem,
355 1921 382 1944 et
395 1924 455 1951 qum
470 1916 605 1944 vivificam
628 1916 828 1952 quodammodo
854 1913 986 1950 suppositi

201 1964 291 1991 cordis
306 1963 528 1992 distributionem
549 1967 667 1990 tueatur.

237 2010 352 2038 Dorsum
364 2014 467 2042 autem,
480 2009 553 2036 illam
570 2009 622 2036 vim
634 2016 694 2043 quae
705 2007 805 2036 vitales
816 2014 911 2035 omnes
927 2007 984 2034 vir-

201 2059 273 2082 tutes
292 2055 425 2082 continet.

235 2099 320 2128 Pedes
335 2107 411 2133 vero,
428 2101 482 2127 vim
498 2101 636 2132 movendi,
653 2100 824 2128 celeritatem
836 2104 863 2128 et
874 2106 983 2127 cursum

200 2147 357 2181 sempiterni
380 2151 481 2179 motus,
501 2154 556 2182 quo
576 2146 609 2173 ad
623 2147 714 2174 divina
734 2147 856 2178 cientur;
873 2149 985 2181 propter

199 2192 271 2226 quod
296 2192 377 2219 etiam
403 2197 536 2227 pennatos
561 2196 717 2220 sanctarum
741 2191 982 2227 intelligentiarum

800 147 828 178 S.
847 147 995 177 DIONYSH
1011 147 1242 178 AREOPAGlTE

1087 209 1163 234 Ἐστι
1178 208 1206 234 δὲ
1227 206 1273 234 καὶ
1285 206 1345 233 καθ’
1362 205 1475 234 ἕκαστον
1485 225 1492 238 ,
1512 205 1550 238 ὡς
1563 202 1639 242 οἴμαι
1649 225 1658 238 ,
1671 204 1721 241 τῆς
1742 213 1838 241 σωμα-

1049 255 1126 290 τικῆς
1143 255 1159 290 ἡ
1164 255 1221 290 μῶν
1235 253 1400 289 πολυμερίας
1413 253 1518 284 εἰκόνας
1531 252 1706 288 ἐναρμονίους
1715 251 1839 288 ὶξευρεῖν

1049 301 1104 327 τῶν
1118 301 1250 336 οὐρανίων
1262 301 1413 336 δυνάμεων,
1426 299 1588 334 φάσκοντας,
1600 298 1649 331 τὰς
1661 298 1711 334 μὲν
1721 298 1839 332 ὁπτικὰς

1049 346 1189 382 ἐμφαίνειν
1209 345 1346 381 δυνάμεις,
1367 345 1417 381 τὴν
1432 345 1500 380 πρὸς
1513 344 1548 371 τὰ
1570 345 1630 371 Θεῖα
1646 344 1723 379 φῶτα
1740 344 1838 371 διειδε-

1050 393 1150 427 στάτην
1165 392 1316 424 ἀνάνευσιν,
1341 391 1387 417 καὶ
1409 388 1485 422 αὖθις
1498 390 1556 426 ξτὴν
1576 389 1666 424 ἁπλῆν
1687 389 1734 416 καὶ
1749 389 1837 425 ὑγρὰν

1049 439 1095 465 καὶ
1108 438 1158 464 οὐκ
1171 437 1325 468 ἀντίτυπον,
1341 435 1398 462 ἀλλ’
1409 435 1577 470 ὀξυκίνητον,
1593 435 1640 461 καὶ
1652 433 1776 470 καθαρὰν
1789 434 1837 460 καὶ

1048 483 1276 518 ἀναπεπταμένην
1303 481 1416 514 ἀπαθῶς
1442 481 1575 516 ὑποδοχὴν
1600 480 1655 506 τῶν
1682 479 1836 516 θεαρχικῶν

1049 529 1217 566 ἐλλάμψεων.

1082 620 1137 652 Τὰς
1151 621 1179 647 δὲ
1194 619 1247 647 τῶν
1258 619 1418 656 ὀσφραντῶν
1430 619 1452 634 δ’
1465 617 1635 653 διακριτικὰς
1649 616 1786 652 δυνάμεις,
1803 616 1835 643 τὸ

1047 668 1097 703 τῆς
1111 667 1180 702 ὑπὲρ
1195 666 1256 694 νοῦν
1270 666 1385 698 εὐώδους
1399 665 1551 697 διαδόσεως,
1565 665 1602 697 ὼς
1620 664 1738 700 ἐφικτὸν,
1758 665 1833 692 ἀντι-

1047 713 1176 748 λητπικὸν
1190 713 1237 739 καὶ
1250 712 1305 738 τῶν
1325 711 1362 748 μὴ
1374 710 1502 737 τοιούτων
1521 711 1550 737 ἐν
1572 710 1711 746 ἐπιστήμῃ
1729 709 1833 745 διακρι-

1046 759 1131 791 τικὸν,
1146 759 1194 786 καὶ
1207 757 1304 790 ὑλικῶς
1317 756 1527 792 ἀποφευκτικόν.

1082 805 1137 837 Τὰς
1148 804 1176 830 δὲ
1185 804 1240 831 τῶν
1254 803 1329 830 ὢτων
1339 802 1479 838 δυνάμεις,
1492 801 1522 828 τὺ
1544 801 1686 837 μετοχικὸν
1701 801 1748 827 καὶ
1759 808 1831 835 γνω-

1048 849 1145 881 στικῶς
1158 848 1332 876 ὑποδεκτικὸν
1343 847 1393 883 τῆς
1407 846 1554 883 θεαρχικῆς
1568 846 1727 881 ἐπιπνοίαςη

1081 948 1137 980 Τὰς
1154 947 1183 975 δὲ
1197 946 1351 982 γευστικὰς,
1364 946 1414 982 τὴν
1435 945 1490 972 τῶν
1512 945 1615 981 νοητῶν
1639 944 1747 980 τροφῶν
1760 944 1830 972 ἀπο-

1045 996 1182 1032 πλήρωσιν
1193 1015 1200 1027 ,
1214 995 1261 1021 καὶ
1274 994 1305 1021 τὸ
1327 993 1381 1020 τῶν
1405 993 1484 1020 θείων
1500 992 1548 1019 καὶ
1571 991 1711 1027 τροφίμων
1728 990 1830 1026 ὀχετῶν

1045 1041 1231 1069 ὑποδεκτικόν.

1079 1085 1134 1117 Τὰς
1148 1084 1265 1117 ἁπτικὰς
1277 1084 1316 1116 δὲ,
1329 1084 1360 1111 τὸ
1379 1083 1426 1110 τοῦ
1445 1081 1628 1119 προσφυοῦςῆ
1639 1081 1686 1108 τοῦ
1698 1081 1830 1117 βλάπτον-

1043 1139 1088 1162 τος
1105 1131 1134 1157 ἐν
1145 1131 1285 1166 ἐπιστήμῃ
1298 1129 1502 1165 διαγνωστικόν.

1078 1176 1118 1202 Τὰ
1134 1176 1253 1212 βλέφαρα
1267 1177 1296 1203 δὲ
1309 1177 1356 1203 καὶ
1369 1176 1418 1208 τὰς
1434 1175 1546 1211 ὀφρύας,
1560 1175 1592 1201 τὸ
1604 1174 1658 1201 τῶν
1678 1173 1829 1201 θεοτι-ιικῶν

1043 1223 1161 1258 νοήσεων
1174 1223 1365 1259 φρουρητικόν.

1076 1269 1132 1304 Τὴν
1144 1269 1252 1304 ἡϐῶσαν
1266 1269 1294 1295 δὲ
1307 1269 1354 1296 καὶ
1364 1268 1489 1304 νεανικὴν
1502 1268 1619 1304 ἡλικίαν,
1633 1267 1664 1294 τὺ
1673 1267 1722 1303 τῆς
1740 1267 1827 1292 ἐπακ-

1044 1315 1180 1351 μαζούσης
1191 1316 1234 1342 ἀεὶ
1247 1315 1364 1351 ζωτικῆς
1375 1315 1516 1351 δυνάμεως
1527 1314 1561 1341 ⁵³.

1076 1361 1145 1392 Τοὺς
1166 1360 1274 1392 ὀδόντας
1290 1360 1335 1393 δὲ,
1357 1361 1387 1386 τὸ
1402 1359 1565 1396 διαιρετικὸν
1587 1359 1636 1394 τῆς
1656 1359 1827 1394 ἐνδιδομένης

1040 1405 1172 1442 τροφίμου
1191 1405 1372 1440 τελειότητος·
1388 1405 1490 1440 ἑκάστη
1503 1404 1558 1440 γὰρ
1578 1404 1657 1430 οὐσία
1672 1405 1762 1440 νοερὰ,
1776 1405 1828 1440 τὴν

1040 1451 1211 1488 δωρουμένην
1224 1452 1292 1487 αὑτῇ
1313 1451 1380 1487 πρὸς
1394 1451 1443 1487 τῆς
1461 1451 1598 1486 θειοτέρας
1617 1451 1718 1486 ἐνοειδῆ
1733 1450 1828 1486 νόησιν

1041 1498 1205 1532 προνοητικῇ
1216 1497 1327 1531 δυνάμει
1341 1496 1440 1532 διαιρεῖ
1453 1497 1500 1522 καὶ
1510 1495 1680 1531 πληθεύειδδ,
1694 1496 1762 1531 πρὸς
1776 1495 1827 1531 τὴν

1039 1543 1090 1578 τῆς
1103 1543 1318 1578 καταδεεστέρας
1329 1542 1503 1578 ἀναγωγικὴν
1521 1541 1676 1575 ἀναλογίαν.

1075 1590 1145 1621 Τοὺς
1168 1589 1258 1625 ὤμους
1284 1589 1312 1615 δὲ
1336 1589 1384 1615 καὶ
1403 1588 1453 1620 τὰς
1474 1589 1592 1620 ὠλένας,
1613 1589 1660 1615 καὶ
1679 1585 1756 1620 αὖθις
1775 1588 1826 1620 τὰς

1040 1636 1148 1671 χεῖρας,
1170 1635 1200 1662 τὸ
1220 1634 1360 1671 ποιητικὸν
1374 1634 1422 1661 καὶ
1444 1634 1619 1670 ἐνεργητικὸν
1638 1634 1685 1660 καὶ
1709 1633 1825 1669 δραστή-

1041 1689 1107 1716 ριου.

1075 1725 1130 1761 Τὴν
1144 1726 1166 1752 δ’
1182 1723 1215 1753 αὖ
1234 1726 1363 1762 καρδίαν,
1386 1726 1518 1762 ώμσολον
1537 1723 1607 1752 εἶναι
1617 1726 1668 1762 τῆς
1690 1725 1824 1757 Θεοειδοῡς

1039 1771 1120 1808 ζωῆς,
1134 1773 1183 1808 τῆς
1203 1772 1253 1809 τὴν
1273 1772 1377 1799 οἰκείαν
1395 1772 1512 1808 ζωτικὴν
1531 1772 1644 1808 δύναμιν
1658 1771 1824 1806 ἀγαθοειδῶς

1038 1818 1078 1850 είς
1090 1818 1124 1845 τὰ
1140 1818 1325 1854 προνοούμενα
1339 1817 1558 1854 διασπειρούσης.

1073 1864 1113 1891 Τὰ
1129 1864 1226 1900 στέρνα
1235 1864 1263 1890 δὲ
1276 1862 1352 1896 αὖθις
1365 1864 1507 1900 ἐμφαίνειν
1517 1863 1540 1880 ⁸⁸
1550 1863 1580 1890 τὺ
1593 1863 1757 1899 ἀδάμαπον,
1775 1863 1823 1890 καὶ

1036 1910 1067 1938 τδ
1080 1910 1315 1946 φρουρητικὺν,ὠς
1327 1910 1374 1937 ἐπὶ
1386 1911 1435 1947 τῆς
1448 1909 1632 1947 ὑποκειμένης
1645 1909 1758 1946 καρδίας
1772 1910 1823 1945 τῆς

1037 1954 1168 1987 ζωοποιοῦ
1181 1955 1334 1987 διαδόσεως.

1071 2011 1112 2038 Τὰ
1123 2011 1151 2038 δὲ
1163 2010 1249 2044 νῶτα,
1265 2011 1296 2038 τὸ
1316 2011 1472 2039 συνεκτικὸν
1485 2011 1539 2039 τῶν
1554 2012 1693 2047 ζωογόνων
1707 2012 1822 2039 ἀπασῶν

1035 2057 1185 2092 δυνάμεων.

1070 2103 1139 2135 Τοὺς
1152 2103 1234 2134 πόδας
1249 2103 1288 2136 δὲ,
1303 2103 1334 2130 τὸ
1344 2103 1494 2140 κινητικὸν,
1511 2103 1558 2129 καὶ
1574 2103 1620 2136 ὀξὺ
1635 2104 1682 2130 καὶ
1695 2103 1822 2138 ὲντρεχὲς

1034 2146 1084 2181 τῆς
1101 2147 1147 2173 ἐπὶ
1168 2146 1203 2173 τὰ
1226 2147 1285 2174 Θεῖα
1308 2148 1473 2183 πορευτικῆς
1500 2147 1684 2183 ἀεικινησίας·
1709 2147 1749 2174 διδ
1773 2149 1821 2174 καὶ

1034 2193 1232 2228 ὑποπτέρουςή
1253 2193 1375 2228 θεολογία
1395 2194 1458 2226 τοὺς
1472 2192 1527 2220 τῶν
1548 2193 1632 2227 ἁγίων
1651 2192 1719 2219 νοῶν
1736 2194 1819 2229 ἐσχη-

199 2238 281 2272 pedes
297 2238 431 2273 theologia
452 2239 543 2266 ﬁnxit.
558 2238 652 2266 Penna
668 2239 802 2273 siquidem
817 2238 938 2265 declarat
949 2239 982 2266 ad

1052 2239 1130 2266 duas
1151 2239 1244 2270 πόδας.
1262 2239 1299 2265 Τὸ
1319 2239 1373 2275 γὰρ
1388 2239 1487 2274 πτερὸν
1501 2239 1629 2274 ἐμφαίνει
1646 2238 1694 2274 τὴν
1711 2239 1820 2274 ἀναγω-

199 2285 326 2312 sublimia
353 2285 469 2312 ducendi
500 2285 692 2317 velocitatem,
718 2288 745 2311 et
771 2285 890 2313 ctelestis
921 2285 984 2311 vita:

199 2337 320 2362 cursum,
335 2330 368 2357 ad
392 2331 528 2358 anteriora
554 2338 663 2366 semper
684 2335 765 2366 atque
784 2331 898 2358 celsiora
919 2338 985 2366 pro—

198 2379 403 2409 nioventem,et
417 2383 515 2411 supera
538 2375 666 2410 petendo,
682 2380 792 2403 terrena
816 2376 981 2411 fugientem:

197 2427 349 2454 pennarum
367 2421 440 2448 enim
460 2421 555 2448 levitas
571 2422 698 2456 designat
714 2422 740 2449 id
761 2422 832 2456 quod
856 2422 928 2449 nulla
947 2428 980 2449 ex

196 2470 276 2500 parte
297 2471 435 2493 terrenum
446 2472 497 2498 est,
513 2467 560 2495 sed
575 2475 604 2494 se
619 2473 676 2495 toto
694 2468 752 2495 sine
767 2467 932 2495 admistione
947 2474 980 2494 ac

198 2511 330 2545 gravitate
341 2519 450 2539 sursum
460 2512 561 2545 fertur;
574 2513 682 2540 nuditas
694 2520 760 2541 vero
771 2513 980 2548 caiceorumque

198 2557 324 2591 privatio,
345 2558 472 2585 virtutem
489 2558 563 2586 illam
586 2559 751 2587 abstractam
770 2564 798 2586 et
811 2560 979 2595 expeditam,

197 2607 223 2628 et
235 2610 327 2636 puram
344 2603 377 2630 ab
389 2604 462 2631 omni
475 2609 588 2632 externo
598 2605 791 2638 additamenta,
807 2613 867 2640 quae
881 2605 979 2632 divinae

196 2648 370 2683 simplicitati.
387 2653 515 2684 quantum
528 2649 569 2678 fas
579 2655 630 2683 est,
644 2651 822 2679 assimilatur.

1034 2285 1115 2320 γικὴν
1136 2283 1270 2320 ὀξύτητα,
1293 2285 1342 2312 καὶ
1360 2284 1391 2311 τὸ
1412 2284 1552 2319 οὐράνιον,
1575 2284 1622 2310 καὶ
1641 2284 1672 2310 τὸ
1697 2283 1765 2319 πρὸς
1788 2283 1820 2310 τὸ

1034 2332 1146 2363 ἄναντες
1158 2331 1350 2368 ὁδοποιητικδν,
1366 2332 1414 2359 καὶ
1424 2333 1455 2358 τὸ
1470 2333 1570 2365 παντὸς
1593 2332 1762 2369 χαμαιζήλου
1774 2333 1820 2361 διὰ

1032 2377 1063 2404 τὸ
1075 2377 1213 2414 ἀνώφορον
1226 2378 1406 2414 ἐξῃρημένον*
1419 2379 1436 2413 ὴ
1448 2378 1476 2404 δὲ
1493 2378 1547 2405 τῶν
1568 2379 1674 2415 πτερῶν
1691 2379 1818 2415 ἐλαφρία,

1031 2424 1063 2451 τὸ
1085 2424 1154 2451 κατὰ
1181 2424 1263 2460 μηδὲν
1289 2425 1451 2460 πρόσγειον,
1483 2424 1539 2452 ἀλλ’
1562 2425 1622 2452 ὅλον
1645 2425 1752 2461 ἀμιγῶς
1771 2427 1820 2453 καὶ

1032 2471 1141 2507 ἀϐαρῶς
1158 2472 1205 2498 ἐπὶ
1218 2471 1248 2497 τὸ
1262 2470 1362 2507 ὑψηλὸν
1378 2471 1544 2508 ἀναγόμενον
1553 2481 1559 2488 ’
1574 2473 1606 2499 τδ
1614 2473 1642 2499 δὲ
1654 2473 1756 2509 γυμνὸν
1770 2474 1819 2501 καὶ

1032 2517 1203 2549 ἁνυπόδετον,
1217 2518 1247 2543 τὸ
1257 2518 1367 2552 ἄφετον,
1381 2519 1428 2544 καὶ
1441 2517 1561 2551 εὔλυτον,
1577 2520 1624 2545 καὶ
1633 2519 1757 2554 ἄσχετον,
1769 2520 1818 2546 καὶ

1032 2561 1180 2597 καθαρεῦον
1199 2562 1248 2597 τῆς
1261 2561 1314 2588 τῶν
1338 2562 1416 2594 ἐκτὸς
1439 2563 1613 2599 προσθήκης,
1634 2564 1680 2590 καὶ
1698 2564 1729 2590 τὺ
1748 2565 1819 2600 πρὸς

1031 2608 1081 2643 τὴν
1095 2608 1231 2644 ἁπλότητα
1244 2608 1293 2643 τὴν
1306 2608 1380 2635 θείαν
1397 2609 1435 2641 ὡς
1448 2610 1557 2644 ἐφικτὸν
1570 2610 1777 2646 ἀφομοιωτικόν.

831 2749 947 2778 VARUE
962 2749 1160 2779 LECTIONES.

230 2852 253 2867 ⁸²
266 2850 462 2886 ὀσφρανιικῶν,
476 2850 510 2879 Μ.
525 2851 570 2880 Sc.
587 2851 618 2879 P.
655 2851 679 2868 “
690 2851 780 2879 subdit
801 2850 850 2879 Cll.
867 2851 935 2878 νέον.
974 2852 996 2867 ⁸⁵
1013 2851 1140 2887 πληθὺᾄει
1150 2872 1157 2885 ,
1171 2851 1203 2880 Ρ.
1217 2853 1249 2880 D.
1260 2853 1371 2886 Ch“).
1385 2853 1524 2888 ἐμφαίνει,
1537 2853 1571 2880 Ill.
