1933 3075
90 175 144 204 335

583 169 627 197 DE
642 167 804 198 C(ELES'I‘I
820 167 1043 201 HIERARCHIA,
1062 168 1138 197 CAP.
1157 168 1217 197 XV:

1665 171 1717 200 δδι

860 239 945 274 51v.

132 322 202 350 Ἀλλ’
215 320 309 358 ἐπειδὴ
321 318 398 353 αὖθις
413 321 429 358 ή
444 321 516 358 ἀτιλῆ
532 321 579 348 καὶ
594 321 782 352 πολυποίκιλος
799 321 879 356 σοφία

967 322 1111 355 Caeterum,
1128 328 1189 349 cum
1207 326 1300 347 rursus
1315 320 1429 355 simplex
1441 320 1485 348 illa
1503 325 1530 349 et
1546 321 1717 350 multiformis

90 369 213 401 καὶτοὺς
225 369 355 400 ἀσκεπεῖς
369 367 541 403 ἀμφιέννυσι,
555 368 602 394 καὶ
616 367 700 402 σκεύη
718 367 779 394 τινὰ
789 367 879 394 δίδωσι

91 416 253 452 περιφέρειν
266 415 367 446 αὐτοῖς,
388 414 454 449 φέρε
468 414 516 440 καὶ
533 413 568 440 τὰ
586 413 641 440 τῶν
660 413 794 449 οὐρανίων
812 412 880 439 νοῶν

93 461 154 498 ἱερὰ
165 460 354 497 περιϐλήματα
367 461 414 486 καὶ
424 459 535 495 ὄργανα,
551 459 621 486 κατὰ
636 459 667 486 τὸ
681 460 747 495 ἡμῖν
758 459 880 490 δυνατὸν,

91 506 300 541 ἁναπτὺξωμεν.

127 552 184 588 Τὴν
201 552 252 587 μὲν
272 551 326 587 γὰρ
342 552 429 587 φανὴν
450 551 552 586 ἐσθῆτα
568 552 614 578 καὶ
626 551 675 586 τὴν
691 550 802 586 πυρώδη
829 558 880 584 ση-

94 596 199 633 μαίνειν
211 597 301 633 οἴομαι
317 597 348 624 τὸ
369 598 484 629 Θεοειδὲς
508 596 578 624 κατὰ
599 597 648 632 τὴν
665 597 752 632 πυρὸς
775 596 877 627 εἰκόνα,

91 643 140 671 καὶ
153 643 184 670 τὸ
198 643 359 678 φωτιστικδν
373 642 418 670 διὰ
431 643 480 675 τὰς
493 643 521 670 ὲν
537 642 643 678 οὐρανῷ
653 642 754 678 λήξεις,
769 643 836 668 ὅπου
848 641 878 668 τὸ

92 691 162 727 φῶς,
180 691 227 717 καὶ
243 690 274 716 τὸ
288 689 402 716 καθόλου
424 689 526 724 νοητῶς
543 689 689 724 ὲλλὰμπον,
707 688 754 715 καὶ
780 686 879 722 νοερῶς

91 735 115 753 ⁸⁸
126 734 329 769 ὲλλαμπόμενον
347 742 353 747 ·
370 733 420 768 τὴν
435 733 464 760 δὲ
475 733 624 768 ἱερατικὴν,
641 732 671 759 τὸ
692 733 759 768 πρὸς
772 732 807 759 τὰ
819 732 880 758 θεῖα

91 781 140 808 καὶ
151 780 185 807 τὰ
201 780 223 796 ⁵⁷
238 779 355 816 μυστικὰ
366 780 488 815 θεάματα
499 779 716 815 προσαγωγικὸν,
731 779 778 805 καὶ
788 780 818 806 τὸ
830 780 879 815 τῆς

92 827 156 862 ὃλης
171 826 243 862 ζωῆς
261 826 461 862 ἀφιερωμένον.

128 873 185 905 Τὰς
200 873 228 900 δὲ
240 873 336 905 ζώνας,
349 873 378 899 τὸ
389 872 442 899 τῶν
459 873 577 908 γονίμων
593 872 683 899 αὐτῶν
700 873 880 908 φρουρητικὸν

90 919 242 954 δυνάμεων,
255 919 301 945 καὶ
317 919 348 945 τὸ
357 918 407 953 τὴν
423 918 580 952 συνάγωγον
594 917 683 944 αὐτῶν
695 917 761 950 ἕξιν,
776 917 815 948 είς
831 917 880 943 αὑ-

90 966 140 1000 τὴν
153 965 174 980 ⁸⁸
191 964 298 996 ἐνιαίως
311 964 521 1000 συνεστράφθαι,
539 965 586 990 καὶ
599 964 691 999 κύκλῳ
722 963 780 999 μετ’
800 964 880 990 εὐκο-

932 368 1063 403 sapientia
1076 367 1162 394 nudos
1179 374 1289 402 quoque
1305 366 1412 399 vestiat,
1428 371 1455 394 et
1468 368 1592 402 quadam
1605 369 1638 396 iis
1654 377 1716 397 vasa

934 414 1023 441 tradat
1052 413 1128 448 131
1150 412 1383 443 circumierenda;
1408 413 1522 448 agedum
1552 414 1608 449 ipsa
1635 414 1717 442 etiam

932 468 1009 488 sacra
1031 460 1180 487 caelestium
1203 459 1349 494 spirituum
1371 459 1541 494 operimenta
1567 465 1594 487 et
1615 461 1718 489 instru-

935 508 1035 535 menta.
1052 508 1132 539 prout
1144 510 1300 538 possumus,
1314 503 1491 538 explicemus.

967 551 1005 578 Ac
1026 550 1142 577 lucidam
1161 550 1270 584 quidem
1288 554 1392 576 vestem
1414 549 1586 586 igueamque,
1601 551 1710 586 signiﬁ-

932 605 996 625 care
1018 596 1138 624 arbitror
1151 594 1365 623 deiformitatem
1377 603 1410 623 ex
1432 595 1502 630 ignis
1526 596 1717 628 similitudine,

932 648 960 670 et
983 643 1037 670 vim
1066 640 1233 672 illustrandi,
1257 645 1370 676 propter
1391 641 1453 669 cmli
1480 642 1717 676 tranquillitatem.

932 691 977 717 ubi
1000 690 1046 717 lux
1061 693 1118 720 est,
1139 693 1166 715 et
1189 687 1261 722 quod
1280 687 1392 715 omnino
1412 687 1574 723 spiritaliter
1597 688 1717 716 illustrat

932 741 959 764 et
973 735 1142 766 illustratur;
1153 731 1320 768 pontiﬁciam
1334 738 1438 766 autem,
1450 734 1476 761 id
1489 734 1561 769 quod
1573 734 1608 761 ad
1623 734 1717 762 divina

933 782 1099 818 mysticaqne
1123 779 1279 815 spectacula
1302 778 1442 812 conducit,
1472 783 1612 814 totamque
1633 780 1719 807 vitam

933 831 1087 854 consecrat.

969 873 1057 901 Zonas
1073 877 1163 900 autem
1180 879 1241 899 esse
1256 871 1385 899 virtutum
1408 871 1560 899 custodiam
1586 871 1718 900 fecunda-

933 929 1004 952 rum,
1018 926 1167 954 earumque
1192 918 1316 946 habitum
1338 917 1495 950 collectum,
1510 918 1556 953 qui
1571 918 1598 946 in
1615 923 1719 946 semet-

934 967 993 1001 ipso
1022 965 1200 1001 singulariter
1220 971 1366 992 conversus
1379 984 1387 996 ,
1408 963 1565 999 circuloque
1585 964 1720 993 concinno

92 1011 185 1046 σμέας,
200 1012 234 1046 τῇ
253 1009 440 1045 ἀμεταπτώτῳ
451 1010 596 1045 ταύτότητι
612 1010 675 1045 περὶ
694 1010 792 1043 ἑαυτὴν
804 1017 880 1035 συνε-

945 1011 1115 1047 ndissipabili
1130 1010 1274 1038 identitalc
1293 1008 1450 1037 succinctus
1467 1010 1512 1037 sit.

91 1055 241 1083 λίσσεσθαι.

867 1110 936 1148 5v.

128 1205 186 1237 Τὰς
202 1205 231 1232 δὲ
243 1203 276 1232 αὖ
294 1205 416 1241 ῥάϐδους,
433 1205 464 1231 τὸ
481 1205 617 1240 βασιλικὸν
643 1205 689 1231 καὶ
707 1203 879 1240 ἡγεμονικὸν,

91 1252 140 1278 καὶ
153 1251 235 1279 εὐθέα
242 1251 276 1279 τὰ
291 1252 380 1279 πάντα
396 1253 532 1286 περαῖνον.

128 1298 170 1324 Τὰ
179 1298 207 1324 δὲ
219 1297 319 1334 δόρατα
330 1299 377 1325 καὶ
395 1299 459 1330 τοὺς
475 1298 608 1330 πελέκεις,
625 1297 656 1324 τὸ
677 1297 731 1324 τῶν
749 1297 881 1333 ἀνομοίων

91 1344 265 1380 διαιρετικὸν,
282 1344 330 1371 καὶ
348 1344 378 1371 τὸ
396 1343 451 1371 τῶν
477 1344 651 1379 διακριτικῶν
669 1344 811 1379 δυνάμεων
834 1343 880 1376 ὀξὺ

92 1391 140 1416 καὶ
158 1390 279 1426 ἐυεργὲς,
295 1390 341 1417 καὶ
353 1390 525 1426 δραστήριον.

130 1435 172 1461 Τὰ
187 1436 215 1462 δὲ
231 1436 405 1471 γεωμετρικὰ
424 1436 471 1462 καὶ
486 1435 629 1462 τεκτονικά
648 1435 742 1471 σκεύη,
757 1434 788 1462 τὸ
799 1435 881 1470 θεμε-

92 1481 219 1508 λιωτικὺν
244 1482 291 1508 καὶ
313 1481 528 1517 οἰκοδομητικὸν,
549 1481 596 1508 καὶ
615 1481 646 1507 τὸ
667 1481 837 1508 τελειωτικὺν
847 1481 880 1514 δ’,

93 1526 140 1552 καὶ
166 1526 216 1552 ὅσα
238 1525 305 1552 ἄλλα
323 1526 374 1560 τῆς
393 1524 536 1559 ἀναγώγου
553 1526 577 1541 ⁵⁰
600 1525 647 1552 καὶ
669 1524 881 1560 ἐπιστρετπικῆς

92 1573 151 1599 ἐστι
165 1572 220 1599 τῶν
235 1572 370 1608 δευτέρων
386 1573 525 1608 προνοίας.

131 1619 208 1645 Ἐστι
232 1618 260 1645 δὲ
277 1619 320 1644 ὅτε
336 1619 383 1645 καὶ
405 1618 460 1647 τῶν
484 1619 524 1650 εἰς
546 1620 619 1655 ἡμᾶς
641 1619 800 1655 θεοκρισιῶν
822 1619 880 1646 ἐστι

93 1665 125 1692 σύ
130 1664 226 1700 μϐολα,
235 1664 270 1691 τὰ
282 1665 454 1700 πλαττόμενα
464 1665 518 1691 τῶν
528 1665 614 1699 ἁγίων
624 1666 748 1700 ἀγγέλων
759 1666 863 1703 δργανα
873 1675 879 1681 ⁸
897 1659 918 1688 C

90 1712 147 1739 τῶν
170 1712 230 1747 μὲν,
247 1711 397 1747 δηλούντων
409 1712 630 1748 ἐπανορθωτικὴν
653 1713 786 1745 παιδείαν,
803 1713 820 1748 ἢ
841 1721 882 1739 1t-

92 1758 184 1793 μωρὸν
201 1757 372 1793 δικαιοσύνην
387 1767 393 1773 ·
410 1758 464 1784 τῶν
487 1758 515 1785 δὲ
539 1759 725 1794 περιστάσεων
742 1759 882 1786 ⁵1ἐλευθε-

93 1804 165 1839 ρίαν,
181 1803 199 1838 ἦ
215 1803 337 1835 παιδείας
356 1804 442 1836 τέλος,
458 1804 475 1840 ἦ
497 1805 633 1841 προτέρας
650 1805 795 1837 εὐπαθείας
815 1806 882 1832 ἑπα-

91 1849 218 1884 νάληψιν,
240 1850 257 1885 ἢ
280 1849 438 1886 προσθήκην
469 1851 570 1886 ἐτέρων
590 1851 709 1887 δωρεῶν,
727 1851 834 1888 μικρῶν
864 1851 881 1887 ἢ

93 1895 220 1930 μεγάλων
233 1913 240 1927 ,
275 1894 411 1930 αἰσθητῶν
435 1895 452 1931 ἢ
476 1896 596 1930 νοητῶν·
618 1897 664 1922 καὶ
691 1896 758 1928 ὅλως
780 1897 830 1922 οὑκ
851 1895 883 1923 ἂν

91 1942 256 1977 ἀπορήσειεν
276 1942 290 1967 ὁ
319 1941 471 1977 διορατικὸς
493 1942 610 1978 υ’ςνοῦς,
635 1943 742 1975 οἰκείως
763 1943 882 1978 ἁρμόσαι

90 1989 149 2020 τοῖς
161 1987 276 2022 ἀφανέσι
284 1987 319 2014 τὰ
330 1988 488 2024 φαινόμενα.

973 1202 1072 1239 Virgas
1094 1210 1158 1230 vero
1176 1202 1322 1238 designare
1338 1203 1439 1238 regiam
1455 1207 1483 1230 et
1497 1202 1619 1230 ducalem
1633 1202 1721 1236 digni-

937 1255 1031 1282 tatem,
1053 1255 1211 1285 rectamque
1233 1257 1323 1277 rerum
1338 1249 1490 1277 divinarum
1510 1249 1720 1278 ordinationem.

971 1295 1071 1323 llastas
1084 1300 1112 1322 et
1127 1302 1248 1328 secures,
1263 1295 1317 1322 vim
1334 1294 1479 1322 dissimilia
1499 1294 1648 1327 dividendi,
1664 1295 1721 1322 vir-

935 1345 1077 1377 tutumque
1095 1341 1250 1369 discernere
1270 1340 1420 1368 valentium
1441 1347 1557 1368 acumen
1580 1345 1606 1368 et
1626 1340 1722 1368 activi-

935 1391 1030 1420 tatem,
1046 1391 1128 1422 atque
1139 1385 1342 1414 eﬂicacitatem.

971 1430 1145 1461 Geometrica
1170 1431 1333 1466 fabriliaque
1358 1437 1432 1463 vasa,
1447 1429 1577 1458 fundandi
1593 1435 1621 1459 et
1639 1431 1723 1459 aedili-

936 1480 1014 1508 candi
1028 1478 1239 1513 absolvendique
1254 1477 1426 1511 facultatem,
1440 1481 1468 1504 et
1484 1485 1655 1512 quaecunque
1669 1478 1722 1505 alia

936 1526 1080 1554 inferiores
1097 1526 1246 1554 adducendi
1269 1530 1297 1553 et
1319 1525 1495 1553 convertendi
1522 1524 1721 1561 providentiam

934 1577 1113 1600 concernunt.
1371 1569 1374 1574 ’

932 1618 1074 1653 εΔεοίάῑι
1100 1626 1210 1654 quoque
1238 1626 1446 1654 nonnunquam,
1475 1623 1506 1646 ut
1533 1619 1717 1647 instrumenta

935 1674 995 1701 qua
1020 1666 1122 1694 sanctis
1145 1665 1248 1699 angelis
1271 1664 1457 1701 aﬂinguntur,
1481 1664 1635 1693 divinorum
1657 1672 1722 1700 erga

935 1720 986 1740 nos
996 1712 1159 1747 iudiciorum
1175 1713 1298 1748 symbola
1313 1713 1445 1745 existant,
1463 1712 1529 1740 dum
1544 1712 1598 1740 alia
1613 1712 1723 1747 quidem

934 1760 1127 1787 correctricem
1153 1760 1326 1795 disciplinam
1350 1760 1543 1795 vindicemque
1567 1760 1723 1795 justitiam,

935 1805 987 1832 alia
1008 1812 1074 1832 vero
1097 1805 1211 1840 periculi
1239 1804 1439 1838 liberationem,
1466 1805 1511 1833 vel
1525 1805 1676 1840 disciplinae
1692 1805 1724 1832 tl-

936 1858 1010 1883 nem,
1032 1850 1076 1877 vel
1100 1850 1223 1884 pristinae
1245 1850 1387 1878 felicitatis
1414 1851 1629 1885 restitutionem,
1655 1850 1724 1888 alio-

936 1903 1032 1924 rumve
1047 1903 1203 1928 munerum,
1219 1902 1281 1922 cum
1298 1895 1460 1931 exiguarum
1478 1903 1535 1924 tum
1551 1903 1722 1931 magnorum,

935 1949 999 1970 cum
1023 1939 1172 1969 ‘sensilium
1200 1945 1257 1968 tum
1288 1941 1513 1970 intellectualium
1543 1942 1723 1978 adjectionem

936 1986 1111 2015 manifestam
1122 1992 1132 2006 ι
1149 1996 1156 2020 ;
1169 1994 1257 2021 neque
1269 1994 1334 2015 vero
1345 1987 1477 2015 dubitavit
1488 1987 1543 2015 ullo
1553 1987 1634 2015 modo
1646 1995 1724 2028 meus

936 2033 1090 2068 perspicax,
1114 2033 1233 2061 visibilis
1256 2032 1369 2069 proprie
1390 2032 1472 2061 rebus
1501 2040 1561 2068 quae
1584 2037 1723 2068 aspectum

938 2078 1046 2114 fugiunt
1058 2080 1275 2108 accommodare.

872 2158 886 2194 §
904 2155 956 2187 vI.

130 2253 168 2280 Τὸ
179 2252 209 2279 δὲ
225 2252 272 2279 καὶ
287 2251 403 2287 ἀνέμους
416 2251 516 2282 αὐτοὺς
528 2249 718 2285 ὀνομάζεσθαι,
729 2249 778 2285 τὴν
793 2249 884 2282 ὀξεῖαν

94 2297 185 2325 αὐτῶν
202 2297 328 2332 ἐμφαίνει
344 2296 392 2323 καὶ
404 2296 451 2322 ἐπὶ
472 2295 560 2322 πάντα
580 2295 672 2330 σχεδὸν
693 2295 815 2330 ἁχρὸνως
828 2295 886 2330 διή-

95 2351 197 2370 κουσαν
211 2342 319 2378 ποίησιν
334 2342 367 2374 ⁵³,
383 2342 430 2368 καὶ
444 2341 492 2377 τὴν
506 2341 608 2368 ἄνωθεν
626 2341 673 2368 ὲπὶ
688 2341 723 2368 τὰ
739 2341 825 2373 κάτω,
839 2341 886 2368 καὶ

95 2386 174 2420 αὖθις
187 2388 220 2414 ὲκ
231 2387 285 2414 τῶν
297 2387 373 2414 κάτω
384 2387 452 2422 πρὸς
463 2386 494 2413 τὸ
506 2387 618 2418 ἄναντες
628 2386 880 2423 διαπορθμευτικὴν

96 2433 213 2467 κίνησιν,
229 2432 280 2468 τὴν
295 2431 484 2458 ἀνατείνουσαν
502 2430 551 2466 μὲν
570 2430 605 2456 τὰ
632 2430 744 2467 δεύτερα
766 2432 834 2468 πρὸς
855 2432 886 2458 τὸ

96 2478 248 2514 ὑπέρτερον
264 2476 340 2512 ὕψος,
357 2476 484 2503 κινοῦσαν
494 2476 522 2502 δὲ
545 2475 580 2502 τὰ
596 2475 691 2512 πρῶτα
706 2477 775 2513 πρὸς
789 2486 886 2505 κοινω-

96 2524 175 2559 νικὴν
187 2524 234 2549 καὶ
255 2523 434 2559 προνοητικὴν
451 2523 505 2550 τῶν
522 2524 675 2559 ὑφειμένων
690 2525 813 2561 πρόοδον.
836 2525 884 2551 Εἴ-

97 2577 144 2595 ποι
159 2568 182 2594 δ’
194 2567 227 2595 ἄν
243 2576 285 2600 τις
310 2567 359 2603 τὴν
377 2568 424 2595 τοῦ
448 2569 540 2604 ἀερίου
563 2570 717 2605 πνεύματος
738 2571 885 2605 ἀνεμιαίαν

975 2248 1052 2282 Quod
1066 2253 1159 2276 autem
1174 2253 1249 2276 ventt
1274 2250 1449 2278 nominentur
1463 2252 1486 2285 ',
1503 2251 1555 2279 hoc
1569 2259 1664 2280 eorum
1678 2260 1724 2280 ce-

939 2294 1022 2322 lerem
1038 2295 1199 2323 conﬁciendi
1212 2295 1345 2324 rationem
1358 2296 1472 2330 indicat,
1487 2297 1521 2324 ad
1535 2298 1626 2326 omnia
1640 2298 1726 2326 ferme

938 2341 1041 2376 absque
1063 2348 1139 2369 mora
1160 2347 1360 2376 penetrantem,
1380 2351 1483 2379 susque
1497 2344 1585 2379 deque
1600 2344 1672 2373 ultro
1684 2346 1725 2373 ci-

938 2391 1037 2422 troque
1054 2394 1272 2422 quaquaversum
1292 2390 1450 2424 permeandi
1471 2389 1640 2425 facultatem,
1664 2399 1725 2426 qua:

939 2435 1070 2463 inferiora
1084 2436 1194 2471 quidem
1219 2437 1253 2464 ad
1273 2437 1441 2472 superiorem
1462 2442 1620 2472 promoveat
1637 2437 1725 2465 subliv-

941 2481 1072 2515 mitatcm,
1086 2482 1175 2517 prima
1192 2489 1259 2510 vero
1273 2487 1382 2510 moveat
1393 2483 1428 2511 ad
1449 2483 1592 2517 providum
1606 2487 1634 2511 et
1649 2490 1724 2511 com-

942 2527 1126 2554 municantem
1142 2534 1172 2555 se
1191 2528 1368 2556 inferioribus
1384 2529 1522 2564 illapsum.
1535 2528 1626 2556 Possit
1640 2529 1724 2557 etiam

942 2573 1005 2608 quis
1020 2573 1112 2601 dicere
1132 2579 1276 2602 ventosum
1291 2574 1357 2602 illud
1383 2583 1481 2603 nomen
1507 2576 1621 2610 spiritus
1643 2576 1723 2608 aerii.

147 2651 160 2666 I
173 2646 254 2673 Num.
269 2653 341 2679 xxn;
360 2646 383 2674 ll
399 2645 466 2682 Reg.
480 2655 558 2681 xxtv;
575 2649 659 2683 Apoc.
678 2657 728 2682 xx;
746 2651 829 2678 Amos
846 2658 909 2684 vm;
927 2651 1013 2680 Zach.
1032 2661 1079 2685 ut;
1101 2653 1159 2681 Jer.
1177 2662 1254 2684 xxiv.
1297 2653 1448 2692 tDamni;
1461 2656 1533 2686 Psal.
1548 2666 1617 2692 xvn;
1630 2665 1689 2687 cm.

723 2727 836 2755 VARI/8
854 2728 1052 2758 LECTIONES.

135 2816 159 2857 ξ*
170 2815 317 2857 ῆενοερῶς,
330 2814 447 2857 δηιζκι).
461 2814 512 2857 Cl}.
527 2815 579 2857 Sc:
597 2816 619 2832 ’⁵⁷
631 2816 667 2843 τά
678 2823 730 2856 non
746 2816 845 2857 trahent
860 2817 938 2857 P._D.
950 2819 1039 2857 Ch.j'
1060 2821 1099 2857 εἰς
1110 2822 1219 2857 ἑαυτήν,
1234 2821 1263 2848 S.
1280 2821 1310 2848 P.
1327 2821 1358 2848 D.
1371 2821 1418 2848 Sc.
1452 2822 1474 2837 δ’
1488 2822 1536 2848 καὶ
1547 2820 1720 2857 οἰκοδομικὸν

99 2850 330 2893 sentiebat-ir.
345 2850 390 2893 _"“
405 2850 544 2893 legendum
567 2850 717 2893 ἀναγωγοᾷ
753 2852 777 2893 _"
790 2854 986 2893 περιστάσεως,
1005 2854 1035 2882 D.
1057 2850 1107 2884 Cli.
1130 2850 1217 2884 Scota
1243 2857 1265 2872 "
1283 2865 1329 2892 γρ.
1346 2856 1523 2893 διακριτικός.
1563 2856 1585 2872 ⁵³
1604 2850 1719 2893 πτῆσιν,

99 2887 132 2915 D.
146 2886 227 2914 (Σιμία
239 2885 382 2921 explicatio
394 2891 435 2914 est
454 2885 537 2920 illius,
550 2893 584 2914 ex
600 2885 708 2914 maximi
722 2885 840 2915 scholia".
