1933 3075
188 156 243 186 319

771 155 798 183 S.
817 153 969 183 DlONYSll
985 154 1160 183 AREOPAG‘i
1166 153 1226 182 ΤΕ

1761 152 1822 180 399

188 223 253 244 suae
265 215 300 243 ad
319 214 407 250 ipsum
421 214 543 242 referant
563 214 702 248 actiones;
725 214 765 242 sic
778 216 890 251 angelus
906 222 976 250 quo-

1043 214 1215 249 κπέμποντα,
1229 212 1397 249 ἀνατίθησιν,
1415 211 1445 238 οὐ
1467 210 1690 247 σφετεριζόμενος
1710 210 1760 246 τὴν
1781 219 1822 238 τι-

188 271 242 298 que
257 262 302 298 qui
320 262 475 296 theologum
492 262 632 297 expiabat,
644 270 721 290 suam
736 263 863 298 expiandi
888 264 978 291 scien-

191 310 256 336 tiam
276 309 332 336 Deo
344 309 451 343 quidem
465 314 495 336 ut
511 316 602 337 causa
616 310 740 342 ascribit,
753 309 890 344 seraphitn
903 317 978 342 vero,

191 361 319 390 tanquam
341 355 378 382 illi
405 355 451 391 qni
467 356 556 391 primo
580 356 640 384 loco
662 356 849 392 expiationem
876 358 979 391 excipit

189 406 218 428 et
232 402 343 435 emittit,
369 401 500 429 honorem
518 403 598 430 istum
615 403 666 430 sibi
689 403 800 431 minime
822 404 976 436 vindicans,

190 453 219 476 et
238 449 314 483 quasi
331 449 479 476 ambitiose
503 457 614 477 sumens
631 449 737 484 (procul
762 450 834 477 enim
849 458 865 477 a
881 451 981 478 divinis

192 495 344 523 istiusmodi
362 495 476 523 ambitio
489 495 554 535 est),
570 496 617 523 sed
630 503 693 524 cum
710 497 831 532 angelica
848 497 981 532 quodam-

193 541 274 568 modo
288 543 438 569 reverentia
460 542 560 569 docens
575 550 606 569 ac
622 543 716 570 dicens
740 542 774 569 ad
795 543 955 577 prophetam
973 551 979 570 :

193 584 257 618 Ejus
267 592 326 619 quae
343 592 391 620 per
402 594 444 612 mc
461 586 488 612 in
503 591 529 614 te
539 586 681 621 perﬁcitur
691 587 857 621 expiationis
875 588 980 622 princi-

193 630 269 665 pium
282 631 390 665 quidem
409 635 450 659 est
477 631 558 665 Deus,
572 639 653 668 quem
677 633 704 660 in
728 633 826 660 throno
847 633 980 661 elevatum

194 677 296 705 cernis.
309 676 359 704 Hic
383 683 425 704 est
450 679 507 712 ipsa
522 686 571 713 per
582 686 612 706 se
627 679 747 713 expiatio
765 683 793 706 et
803 679 919 706 essrntia
933 686 982 706 ex-

195 723 333 759 piationis,
351 724 430 759 123
446 729 539 758 utpote
550 724 670 752 eSScntia
683 725 803 752 luminis.
821 723 871 752 Hic
884 728 925 751 est
937 725 982 759 qui

195 770 298 804 primas
311 773 454 802 essentias,
479 779 549 806 quas
565 771 638 799 circa
654 779 716 800 eum
730 772 819 804 vides,
844 771 983 807 produxit,

195 821 225 844 et
245 817 322 851 juxta
347 824 377 845 se
391 817 549 846 collocando
577 818 709 850 continet,
733 822 816 852 atque
838 822 985 845 conservat

197 863 233 890 ab
248 863 439 890 immutatione
453 867 480 890 et
492 862 581 898 lapsu.
598 863 782 890 Immutabiies
797 867 888 890 autem
911 863 985 897 cogi-

198 909 287 937 tandte
300 914 363 936 sunt
379 909 528 937 secundum
543 909 702 942 essentiam,
724 909 799 936 velut
821 909 848 936 in
867 909 981 937 immor-

199 955 315 987 talitate,
338 955 364 982 in
379 955 445 987 vita,
465 955 614 982 secundum
627 962 709 990 quam
724 955 842 982 essentia
856 962 905 982 sua
931 956 986 982 ha-

198 1001 263 1028 bent
275 1005 303 1027 ut
317 1001 371 1027 sint
385 1001 485 1035 lumen,
497 1006 525 1028 et
546 1001 580 1028 ad
597 1005 744 1028 extraneas
758 1001 863 1036 aliquas
877 1001 985 1035 cupidi-

200 1052 269 1074 tates
283 1047 403 1075 :onverli
429 1051 575 1082 nequeant.
596 1047 672 1081 Quod
697 1049 769 1075 enim
794 1048 820 1075 in
838 1047 922 1075 Deum
939 1055 987 1075 ex-

201 1093 357 1127 tendantur,
373 1095 398 1121 id
413 1102 446 1120 ex
467 1102 561 1121 eorum
588 1094 704 1129 spiritali
724 1093 823 1128 pendet
837 1094 985 1122 libertate:

199 1139 272 1173 quod
297 1144 388 1166 autem
416 1140 442 1166 in
460 1140 512 1166 hoc
529 1146 639 1174 semper
665 1144 853 1174 perseverant,
868 1139 928 1175 opis
945 1143 988 1167 est

201 1185 248 1213 Dei
264 1194 271 1213 :
286 1186 376 1212 omnia
393 1185 466 1213 enim
493 1185 538 1213 Dei
565 1185 668 1213 auxilio
692 1193 760 1220 opus
788 1185 901 1213 habent.
929 1187 988 1221 Ipse

201 1235 245 1258 est
261 1231 306 1265 qui
324 1231 406 1258 etiam
418 1230 487 1258 alios
503 1235 594 1258 movet
609 1232 643 1258 ad
662 1232 764 1266 primas
783 1239 830 1260 eas
841 1232 988 1267 providen—

202 1276 247 1304 tite
259 1283 315 1304 sum
330 1277 504 1312 operationes
519 1278 732 1313 participandas,
750 1286 819 1313 quas
840 1278 921 1313 primi
942 1286 989 1306 or-

202 1322 280 1350 oines
307 1322 469 1357 suscipiunt.
493 1327 521 1350 et
540 1324 574 1351 ad
588 1324 698 1351 easdem
724 1324 822 1352 iterutn
847 1324 988 1352 transfun-

204 1369 306 1396 dendas
322 1377 330 1397 ε
345 1370 397 1397 hoc
410 1369 482 1396 enini
509 1369 666 1397 missionem
688 1377 735 1397 seu
761 1370 922 1404 legationem
939 1371 988 1398 de-

204 1415 311 1443 clarare
334 1416 413 1450 dixit,
431 1416 476 1451 qui
499 1415 570 1443 hanc
594 1416 759 1444 solutionem
786 1417 910 1444 tradidit.
935 1415 989 1444 Sed

204 1462 249 1490 hic
266 1462 373 1497 quidem
393 1467 436 1490 est
462 1463 626 1498 expiationis
647 1468 754 1496 auctor,
772 1463 878 1491 scilicet
905 1463 989 1496 Deus;

204 1515 264 1545 post
284 1509 368 1537 Deum
384 1517 449 1538 vero
474 1510 497 1537 is
521 1510 568 1545 qui
593 1510 737 1546 expiationi
764 1511 925 1546 praepositus
948 1514 991 1538 est

1031 261 1084 298 μὴν
1096 261 1142 287 καὶ
1151 258 1205 287 οἷον
1218 259 1451 295 φιλοτιμούμενος,
1468 257 1574 294 (πόρρω
1586 257 1639 292 γὰρ
1653 256 1689 284 τὰ
1702 257 1761 283 θεῖα
1769 257 1822 292 τῆς

1029 307 1158 342 τοιαύτης
1174 306 1351 342 φιλοτιμίας,)
1364 305 1421 332 ἀλλ’
1435 302 1489 331 οἷον
1504 305 1561 340 μετ’
1574 303 1717 335 εὐλαϐείας
1735 304 1821 338 ἅγγε-

1030 354 1109 390 λικῆς
1133 353 1307 385 ἐκδιδάσκων,
1331 353 1378 379 καὶ
1400 352 1488 386 λέγων
1502 352 1571 387 πρὸς
1590 351 1636 377 τὸν
1657 351 1821 386 προφήτηνο

1033 401 1094 428 Ὅτι
1112 400 1161 436 τῆς
1184 401 1223 431 εἰς
1252 399 1282 426 σὲ
1304 399 1369 435 παρ’
1389 397 1456 434 ἐμοῦ
1476 397 1622 433 γινομένης
1647 396 1811 432 καθάρσεως

1032 445 1103 483 ἀρχὴ
1120 446 1170 482 μέν
1187 447 1261 472 ἐστιν
1284 445 1313 472 ὃν
1331 445 1397 481 ὁρᾷς
1420 445 1466 471 ἐπὶ
1481 443 1529 470 τοῦ
1548 444 1704 479 ἐπηρμένου
1724 443 1822 479 θρόνου

1032 492 1111 519 Θεόν.
1126 490 1210 524 Οὗτος
1223 489 1423 527 αὐτοὶιὰθαρσίς
1433 491 1491 517 ἐστι
1505 491 1551 517 καὶ
1560 490 1638 517 οὐσία
1650 489 1823 526 καθάρσεως,

1032 539 1070 571 ὡς
1080 538 1157 565 οὐσία
1177 537 1274 572 φωτός.
1297 535 1382 570 Οὗτος
1396 538 1411 564 6
1428 536 1535 569 καὶτὰς
1549 535 1659 573 πρώτας
1674 536 1767 568 οὐσίας
1788 535 1825 568 ἃς

1033 585 1098 621 περὶ
1120 584 1200 612 αὑτὸν
1220 583 1333 619 θεωρείς
1354 582 1533 618 παραγαγὼν,
1546 583 1593 610 καὶ
1611 583 1644 618 τῇ
1659 582 1723 618 περὶ
1740 583 1825 609 αὐτὴν

1034 630 1136 667 ἱδρύσει
1154 630 1283 666 συνέχων,
1306 630 1353 657 καὶ
1369 628 1503 664 διατηρῶν
1529 629 1597 664 πρὸς
1619 628 1749 664 ἀτρεψίαν
1774 629 1825 656 καὶ

1034 678 1254 713 ἁμεταπτωσίαν.
1279 676 1441 712 ’Δτρὲπτους
1451 677 1480 704 δὲ
1496 677 1536 703 δεῖ
1551 677 1621 704 νοεῖν
1646 676 1745 708 αὐτοὺς
1760 677 1826 703 κατ’

1034 727 1124 753 ἐκεῖνο
1139 725 1199 753 καθ’
1212 725 1226 752 δ
1246 726 1325 757 εἰσιν,
1342 722 1397 752 οἷον
1412 724 1444 752 τὺ
1460 725 1594 751 ἀθάνατον
1610 724 1651 755 είς
1667 723 1716 759 τὴν
1738 723 1825 758 ζωὴν,

1035 771 1094 798 καθ’
1111 771 1145 806 ἢν
1166 771 1309 798 οὐσίωνται
1330 770 1370 801 εἰς
1387 769 1418 796 τὸ
1433 767 1502 796 εἶναι
1523 768 1590 804 φῶς,
1613 768 1659 795 καὶ
1679 769 1718 800 είς
1737 767 1767 795 τὺ
1785 766 1827 803 μὴ

1034 817 1181 854 τρέπεσθαι
1193 818 1232 849 είς
1244 817 1377 852 ἐκφύλους
1392 815 1468 848 τινὰς
1483 815 1640 851 ἐπιθυμίας.
1654 815 1690 842 Τὸ
1708 815 1756 850 μὲν
1768 814 1827 850 γὰρ

1036 865 1076 896 είς
1092 863 1159 891 Θεδν
1172 863 1351 890 ἀνατετάσθαι
1367 863 1420 898 τῆς
1435 861 1523 888 αὐτῶν
1540 862 1597 888 ἐστι
1613 861 1708 896 νοερᾶς
1727 869 1826 896 προαι-

1038 913 1148 948 ρέσεως·
1165 912 1196 938 τὸ
1211 911 1239 938 δὲ
1255 911 1295 942 είς
1311 910 1355 937 ἀεὶ
1372 910 1436 945 περὶ
1451 908 1531 936 τοῦτο
1551 908 1672 943 διαρκεῖν
1687 908 1736 943 τῆς
1749 907 1828 934 ἀντι-

1035 957 1142 994 λήψεώς
1159 958 1216 984 ἐστι
1237 956 1284 983 τοῦ
1300 955 1378 982 Θεοῦ·
1397 955 1486 982 πάντα
1499 954 1554 990 γὰρ
1569 954 1654 981 δεῖται
1677 953 1744 980 Θεοῦ
1763 953 1829 988 βοη-

1037 1004 1121 1036 θείας.
1135 1003 1220 1035 Αὐτός
1236 1004 1310 1030 ἐστιν
1325 1004 1340 1029 ὁ
1356 1002 1477 1033 καὶτοὺς
1493 1000 1589 1032 ἄλλους
1608 999 1691 1027 κινῶν
1712 1000 1758 1026 ἐπὶ
1774 998 1828 1030 τὰς

1039 1050 1182 1087 μετουσίας
1192 1049 1241 1081 τὰς
1251 1048 1363 1085 πρώτας
1374 1047 1427 1075 τῶν
1445 1047 1534 1074 αὐτῶν
1544 1045 1732 1083 προνοητικῶν
1750 1046 1793 1071 ἐνε
1797 1053 1829 1081 ρ-

1037 1097 1129 1132 γειῶν,
1154 1096 1186 1128 ἃς
1212 1097 1239 1122 αἱ
1266 1095 1372 1131 πρῶται
1397 1094 1488 1128 τάξεις
1510 1093 1643 1129 δέχονται,
1672 1092 1718 1118 καὶ
1745 1091 1830 1118 πάλιν

1037 1143 1123 1175 αὑτὰς
1136 1143 1176 1174 είς
1193 1142 1223 1169 τὸ
1244 1141 1420 1178 μεταδιδόναι·
1438 1140 1516 1167 τοῦτο
1532 1139 1587 1175 γὰρ
1602 1138 1699 1174 δηλοῦν
1715 1138 1761 1164 καὶ
1777 1137 1829 1173 τὴν

1038 1189 1200 1225 ἀποστολὴν,
1211 1189 1226 1215 6
1238 1189 1287 1224 τὴν
1304 1187 1380 1214 λύσιν
1395 1186 1482 1221 λέγων
1498 1185 1644 1211 ἐδίδασκεν.
1669 1183 1738 1210 Ἀλλ’
1750 1180 1834 1213 οὗτος

1040 1236 1089 1271 μέν
1106 1236 1180 1261 ἐστιν
1197 1235 1211 1261 6
1226 1234 1276 1269 τῆς
1292 1232 1452 1268 καθάρσεως
1470 1230 1566 1263 αἴτιος,
1583 1230 1597 1256 6
1613 1228 1679 1261 Θεὸς
1695 1226 1830 1263 δηλονότι,

1041 1281 1110 1318 μετὰ
1125 1281 1153 1307 δὲ
1177 1280 1242 1307 Θεὸν
1259 1280 1389 1316 ἱεράρχης
1411 1278 1461 1312 τῆς
1477 1277 1648 1313 καθάρσεως,
1664 1276 1678 1302 6
1696 1273 1833 1310 σεραφὶμι

1040 1329 1111 1364 παρ’
1126 1325 1156 1354 οὗ
1172 1326 1250 1361 κάγὼ
1257 1327 1286 1353 τὸ
1294 1326 1433 1361 καθαίρειν
1450 1323 1581 1360 ἐμυήθην.
1599 1319 1682 1353 Οὗτος
1692 1319 1738 1361 οὖν
1753 1320 1835 1346 ἐστιν

1040 1376 1054 1402 6
1073 1374 1205 1410 σεραφὶμ,
1221 1373 1236 1398 6
1249 1372 1284 1399 δι’
1300 1370 1368 1406 ἐμοῦ
1387 1379 1416 1397 σε
1439 1369 1588 1405 καθαίρων,
1605 1368 1638 1395 δι’
1657 1364 1741 1402 οὗπερ
1757 1366 1771 1392 6
1783 1365 1833 1401 δη-

1043 1420 1170 1458 μιουργὸς
1192 1419 1242 1455 τῆς
1263 1418 1447 1455 καθάρσεωςό
1467 1417 1542 1448 Θεὸς,
1563 1415 1612 1448 τὰς
1627 1414 1730 1446 οίκείας
1752 1414 1834 1448 ἐνερ-

1041 1469 1119 1504 γείας
1136 1469 1168 1495 ἐκ
1184 1467 1232 1494 τοῦ
1259 1466 1357 1494 ἑαυτοῦ
1377 1466 1493 1502 κρυφίου
1520 1464 1560 1495 εἰς
1580 1463 1653 1498 ἡμᾶς
1677 1461 1830 1497 προήγαγε.

1041 1516 1134 1543 Ταῦτα
1151 1515 1200 1551 μὲν
1218 1515 1320 1545 ἐκεῖνος
1335 1514 1349 1540 6
1366 1512 1436 1548 ἱερὸς
1452 1511 1522 1546 ἀνὴρ
1538 1508 1659 1537 ἐδίδασκέ
1679 1516 1721 1544 με·
1741 1506 1781 1533 σοὶ
1790 1505 1830 1536 δὲ,

204 1557 356 1592 seraphim,
371 1565 386 1584 a
406 1565 461 1593 quo
484 1561 511 1585 et
531 1564 582 1593 ego
595 1559 706 1594 expiare
726 1567 786 1586 sum
800 1559 924 1587 edoctus.
942 1557 988 1586 Hic

1043 1561 1065 1590 ὦ
1088 1561 1213 1598 Τιμόθεε,
1238 1559 1294 1594 ἐγὼ
1321 1557 1496 1594 μεταδίδωμι,
1520 1555 1590 1582 κατὰ
1615 1555 1666 1590 τὴν
1684 1553 1775 1580 εἰκόνα
1798 1552 1838 1586 ἢν

205 1605 297 1639 itaque
308 1609 350 1632 est
361 1606 499 1640 seraphin:
521 1606 566 1641 qni
584 1614 633 1641 per
649 1614 692 1634 me
708 1611 734 1633 te
747 1606 839 1641 expiat
852 1614 900 1642 per
910 1613 990 1642 quem

206 1657 270 1678 suas
283 1652 456 1687 operationes
468 1660 499 1680 ex
519 1654 610 1681 abdito
625 1654 658 1680 ad
683 1660 732 1681 nos
757 1653 829 1681 Deus
845 1654 902 1689 ipse
926 1661 991 1688 pro-

207 1698 294 1732 duxit,
321 1699 366 1733 qui
392 1704 434 1727 est
462 1705 559 1727 auctor
583 1700 760 1734 expiationis.
787 1699 851 1728 Haec
880 1700 992 1735 quidem

207 1751 318 1772 sanctus
331 1745 377 1773 ille
401 1746 444 1774 vir
467 1753 511 1774 me
527 1747 636 1780 decuit;
658 1747 706 1774 tibi
725 1752 815 1775 autem
832 1742 892 1782 ipse
903 1747 992 1780 trado,

206 1800 224 1820 o
239 1793 392 1826 'l'imotbee,
408 1795 557 1822 secundum
582 1795 727 1831 imaginem
742 1804 822 1831 quam
836 1796 892 1832 jam
908 1796 994 1824 tradi-

208 1839 298 1867 dimus
312 1842 447 1876 seraphim
462 1847 490 1869 et
499 1842 605 1878 angeli;
622 1848 674 1870 tua:
689 1848 779 1870 autem
794 1844 916 1872 scientiae
928 1845 993 1876 erit,

208 1891 256 1913 aut
269 1886 385 1914 alteram
399 1887 535 1915 dictarunt
552 1895 697 1916 causarum
713 1891 869 1922 admittere,
882 1896 909 1918 et
920 1891 994 1918 Oililll

209 1933 387 1969 ambiguitate
411 1935 533 1968 liberari,
548 1936 614 1971 quin
637 1937 728 1971 potius
743 1938 922 1972 posteriorem
944 1938 995 1965 ho—

210 1987 311 2007 norare
324 1985 452 2015 tanquam
468 1982 648 2016 probaI-ilem,
660 1982 704 2010 vei
727 1991 776 2017 pvr
791 1988 816 2011 te
831 1984 895 2018 quid
911 1984 997 2018 magis

211 2025 291 2055 aﬂine
305 2035 338 2055 ac
361 2029 530 2056 commodius
555 2029 686 2064 reperire,
702 2029 743 2057 vel
765 2030 800 2057 ab
823 2030 876 2058 alio
905 2038 996 2058 rerum

211 2075 365 2102 divinarum
381 2076 468 2108 perito
494 2077 645 2110 addiscere,
662 2078 718 2106 Deo
742 2080 854 2106 verbum
870 2080 999 2115 suppedi-

212 2125 298 2154 tante,
311 2121 389 2155 juxta
407 2123 472 2150 illud
492 2133 498 2151 :
517 2123 645 2152 Dominus
663 2125 737 2153 dabit
763 2127 866 2153 uerbum
887 2134 998 2162 evange-

211 2165 354 2195 lisantibus
367 2170 402 2203 θ’,
415 2170 626 2198 conciliantibus
639 2171 766 2199 nimirum
782 2177 810 2200 et
829 2173 1000 2201 interceden-

1044 1612 1145 1649 ἀρτίως
1162 1611 1290 1646 ἐλέγομεν
1304 1609 1351 1636 τοῦ
1375 1608 1497 1644 σεραφὶμ
1511 1606 1559 1633 καὶ
1578 1604 1624 1632 τοῦ
1641 1602 1834 1649 ἀγγέλουίτῆς

1045 1647 1094 1695 σῆς
1110 1658 1132 1685 δ’
1150 1658 1183 1684 ἂν
1201 1656 1244 1692 εἴη
1263 1654 1405 1685 συνέσεως,
1425 1653 1441 1689 ἢ
1462 1652 1578 1688 θατέραν
1602 1651 1657 1678 τῶν
1679 1647 1835 1695 εἰρημένων

1044 1692 1116 1732 δυοῖν
1132 1702 1226 1730 αίτιῶν
1242 1700 1380 1733 δέξασθαι,
1394 1699 1440 1725 καὶ
1455 1697 1623 1731 ἀπολυθῆναι
1638 1695 1688 1729 τῆς
1705 1692 1832 1728 ἀπορίας·

1045 1751 1092 1778 καὶ
1110 1749 1208 1786 μᾶλλον
1223 1747 1272 1783 τὴν
1284 1746 1398 1781 ὑστέραν
1412 1744 1526 1780 τιμῆσαι
1539 1742 1576 1773 ὡς
1592 1742 1623 1768 τὺ
1639 1740 1747 1774 εὔλογον
1758 1737 1838 1786 ἐξίοι)-

1046 1783 1140 1836 σαν,’ἢ
1157 1799 1221 1834 παρ’
1240 1796 1337 1824 ἑαυτοῦ
1352 1804 1379 1822 τι
1396 1791 1608 1836 συγγενέστερον
1632 1787 1679 1836 καὶ
1700 1783 1836 1836 apti-05A"?-

1044 1829 1122 1884 τερον
1134 1829 1269 1881 ἐξευρεῖν,
1281 1843 1297 1878 ἢ
1310 1841 1373 1877 παρ’
1387 1840 1480 1875 ἐτέρου
1497 1833 1710 1884 πεπαιδευμένου
1726 1830 1765 1884 τὶ
1775 1829 1837 1884 θεῖα

1048 1875 1236 1929 μαθεῖν,“Θε¹οὓ
1250 1875 1365 1918 διδδντος
1384 1886 1470 1921 ῥῆμα,
1487 1882 1557 1909 κατὰ
1569 1880 1610 1929 1—6'
1629 1875 1836 1929 K-ﬁplocft‘bdjt

1043 1920 1127 1972 ἑδῆμα
1141 1920 1204 1968 τοῖς
1219 1920 1506 1969 εὐαγγελιζομένοις,
1525 1924 1726 1973 προξενοιξντων
1736 1920 1836 1973 δὲηᾈαδὴ

1115 1967 1310 2018 μεσιτευόντων
1337 1977 1384 2004 καὶ
1406 1976 1460 2002 τῶν
1484 1973 1563 2001 θείων
1588 1967 1840 2018 ἀγγέλων..διήὖιν

1048 2013 1123 2057 πᾶσα
1140 2027 1271 2063 ἔλλαμψις
1288 2025 1327 2056 είς
1343 2023 1417 2059 ἡμᾶς
1433 2015 1744 2063 διαπορθμεύεταισέςαὶ
1756 2013 1838 2063 mil-tv

1048 2078 1098 2112 τῆς
1115 2076 1164 2110 σῆς
1178 2059 1220 2109 εἴη
1234 2059 1403 2106 ἐπιστήμης,
1413 2069 1442 2094 ὲν
1458 2066 1497 2102 τῷ
1509 2065 1525 2101 ἢ
1539 2065 1585 2112 ἀμ’
1596 2061 1693 2112 έαυτρῦ
1704 2059 1836 2112 ἐξευρεῖν,

1049 2104 1161 2160 η’ῖηαεὶῖ
1184 2104 1276 2155 ἐτέρου
1302 2104 1406 2153 μαθεῖν,
1431 2111 1601 2146 ἀνακαλύψαι
1628 2108 1676 2160 καὶ
1699 2107 1764 2160 ἡμῖν
1790 2104 1839 2160 τῂν

1050 2152 1177 2208 τοιαύτην
1194 2152 1311 2206 ἐραστὴν
1336 2165 1463 2202 θεωρίαν,
1481 2163 1519 2195 ὡς
1542 2159 1724 2208 φιλαγγέὶιοις,
1741 2156 1765 2208 εί
1784 2152 1839 2181 οἶόν

214 2214 287 2242 tibus
305 2202 403 2243 divinis
426 2217 536 2251 angelis.
552 2225 601 2253 per
615 2225 684 2253 quos
697 2219 786 2246 omnis
804 2219 950 2248 illustratio
962 2228 988 2247 at

1051 2219 1080 2246 τέ
1097 2202 1179 2245 ἐστιν.
1198 2202 1270 2252 ’Ὅρα
1291 2202 1313 2241 δ’
1330 2212 1454 2240 ἐντεῦθεν
1478 2210 1509 2236 τὸ
1530 2207 1578 2260 τος»
1597 2202 1840 2260 πατρὸςΛμέτριονῖ

214 2267 265 2288 nos
292 2262 454 2291 traducitur.
471 2265 559 2298 Atque
579 2265 678 2292 iterant
709 2270 761 2300 tuae
785 2267 839 2293 erit
865 2266 998 2300 scientiae,

214 2308 278 2335 dum
303 2309 372 2336 vela
389 2312 529 2346 temetipso
546 2311 664 2345 invenis,
677 2312 721 2339 vel
743 2312 777 2340 ab
802 2313 888 2340 altero
903 2313 997 2346 discis,

215 2355 293 2383 nobis
306 2357 388 2383 etiam
398 2358 567 2392 angelorum,
581 2359 604 2386 si
619 2359 692 2386 dictu
703 2359 745 2387 fas
757 2359 806 2392 sit,
818 2360 999 2393 amatoribus,

214 2400 378 2436 ejuscemodi
412 2404 554 2431 amabilem
583 2405 840 2440 contemplationem
867 2405 1000 2434 revelare.

1053 2267 1112 2298 πῶς
1139 2249 1282 2294 διδάσκων,
1307 2261 1355 2287 καὶ
1377 2261 1408 2286 ὲκ
1435 2256 1534 2293 μέρους
1557 2253 1634 2289 ζητεῖ
1664 2251 1768 2288 μαθεῖν·
1793 2249 1840 2276 καὶ

1053 2312 1196 2347 πνεύματα
1217 2308 1272 2344 γὰρ
1290 2304 1437 2342 προφητῶν
1459 2303 1610 2339 προφήταις
1631 2298 1838 2347 ὑτεοίιτάσσονται.ἶ

1055 2342 1131 2386 κατὰ.
1145 2357 1196 2392 τὴν
1211 2342 1356 2391 διήοιουσαν
1378 2351 1425 2378 ἐπὶ
1448 2350 1530 2377 πᾶσιν
1554 2346 1680 2380 εὐταξίαν
1701 2342 1776 2392 παρὰ
1793 2349 1839 2368 του

1055 2402 1158 2438 ἀγαθοῦ
1174 2388 1240 2428 θεοῦ
1249 2388 1300 2426 ’καὶ
1310 2397 1435 2432 Σωτῆρος
1450 2394 1528 2431 ἡμῶν
1546 2388 1786 2428 νομοθετουμένην.

215 2448 366 2477 Considera
393 2455 484 2478 autem
510 2451 575 2479 hinc
600 2433 793 2487 patris-hujus
822 2450 1154 2487 modestiam,quomodo,
1179 2448 1242 2476 dum
1256 2446 1344 2476 docet.
1365 2444 1447 2471 ellum
1466 2449 1500 2470 εἰ
1518 2445 1595 2476 Pal'le
1618 2433 1841 2490 ἀίδθθηξξυνίῃ·

217 2497 323 2525 Etenim
344 2497 458 2533 spiritus
492 2485 687 2534 prophetarum
715 2485 855 2534 prophetis
901 2485 1094 2535 subjiciuntur,
1121 2495 1271 2524 secundum
1300 2491 1374 2520 illam
1402 2496 1463 2525 quin
1494 2491 1593 2516 cum"!
1622 2485 1764 2522 Perva‘m!
1799 2489 1841 2510 η’

217 2548 290 2572 stam
317 2551 332 2572 a
365 2545 420 2572 Deo
436 2545 506 2573 bono
520 2553 553 2573 ac
577 2545 720 2574 Salvatore
735 2550 828 2574 nostro
842 2550 973 2574 statutam
991 2543 1201 2573 ordinationem.

256 2675 280 2691 "
301 2671 372 2700 Psal.
389 2679 473 2705 uvn,
488 2671 532 2700 12.
