1933 3075
208 137 264 165 383

786 135 821 164 S.
840 134 992 163 DlONYSll
1011 132 1244 162 AREOPAGITE

1781 134 1842 163 325

738 194 980 223 PARAI‘HBASIS
1003 194 1222 222 PACIIYMEIMS
1239 194 1307 230 (l9).

239 275 357 309 -Dignutn
378 279 471 302 censet
492 274 607 309 spiritali
622 273 803 310 indagatione,
816 282 876 308 quze
894 274 990 302 videli-
1005 279 1028 306 Α

207 324 262 352 cet.
279 325 308 348 ut
333 325 396 347 ante
418 319 585 352 dicebamus,
602 320 681 348 rebus
704 320 872 355 spiritalibus
896 328 990 348 conve-

209 367 275 398 niat,
290 365 332 393 vel
349 373 409 400 quze
423 365 538 401 spiritali
559 370 650 393 meme
664 365 816 398 coordinet,
837 374 870 393 ac
889 366 994 401 digerat

207 411 245 445 id,
258 412 330 447 quod
346 412 372 438 in
389 411 538 446 Scripturis
552 412 587 439 de
604 419 718 440 numero
741 411 896 447 angelormn
912 413 995 439 tradi-

209 463 263 486 tur.
279 459 433 486 Invenimus
459 459 541 494 igitur
561 463 588 486 et
610 459 750 487 duodecim
778 459 898 494 legiones
912 466 995 494 ange-

207 503 308 537 lorum,
323 512 402 539 quas,
419 509 446 532 et
463 505 511 532 bis
532 505 632 539 plures,
649 505 780 532 Dominus
797 512 812 532 a
839 504 919 532 Patre
945 512 995 532 suo

198 550 292 585 possit
312 550 450 585 postulare
468 555 493 584 tt,
511 555 538 578 ct
552 550 579 578 in
594 551 652 578 acie
671 551 811 579 'co‘llocare
825 552 859 578 ad
882 551 994 578 insidia-

209 600 284 622 tores
301 595 478 630 repellendos.
497 595 614 630 Exiguus
629 597 724 632 utique
743 596 789 624 hic
807 604 945 629 numerus,
962 597 994 623 ad

209 641 328 669 Danielis
341 642 471 669 visionem
481 642 609 675 collatus,
623 643 751 677 quaniam
764 643 848 670 miltia
867 643 994 674 millium,

207 691 235 714 et
249 686 339 714 decies
354 686 452 714 millies
466 687 535 714 dena
548 687 630 714 millia
646 686 703 715 Deo
718 687 893 716 assistebant.
911 687 994 723 Legio

209 737 300 760 autem
327 731 395 759 ordo
414 737 456 759 est
474 736 602 760 constans
619 732 723 767 aliquot
739 734 802 769 (hac
827 734 894 761 vo'ce
914 733 995 760 nimi-

211 784 272 804 rum
285 784 301 804 a
322 777 410 805 verbo
432 777 489 812 lego
502 782 530 804 et
542 778 638 813 colligo
652 778 785 813 derivata)
803 786 901 814 :quem
917 779 938 806 si
961 786 995 806 ex

208 827 317 850 centum
333 827 459 850 constare
473 822 632 857 dixerimus,
649 823 716 850 nihil
738 823 788 851 hoc
809 824 843 850 ad
859 828 896 851 tot
913 824 994 851 millia

208 869 416 904 myriadesque;
433 868 556 903 quinimo
570 868 593 896 si
607 876 640 896 ex
665 869 738 897 mille
762 869 905 897 collectum
918 871 995 898 dixe-

207 915 301 946 rimus.
322 914 389 942 nihil
412 915 463 942 hoc
492 915 581 942 adhuc
608 915 640 942 ad
667 915 758 943 decies
788 916 887 944 millies
915 919 995 945 toties

207 959 392 994 multiplicata.
412 959 452 986 De
471 959 613 987 duodecim
638 959 747 995 quidem
761 961 913 996 legionibus
925 961 994 990 alius
1011 957 1032 986 Β

207 1006 280 1033 aliud
306 1006 376 1032 forte
401 1006 494 1033 διῖκται
525 1006 668 1034 sublimius
683 1007 746 1042 quid
774 1015 806 1035 ac
834 1008 994 1043 sapientius,

203 1051 283 1086 juxta
297 1052 413 1087 gratiam
427 1060 441 1079 ο
461 1052 533 1080 bono
546 1051 607 1080 Deo
618 1060 650 1080 ac
670 1053 813 1082 Salvatore
824 1060 916 1082 nostro
930 1053 994 1082 Jesu

207 1097 319 1125 Christo
332 1097 578 1132 cemmunicatmn;
601 1099 666 1126 Inibi
689 1105 780 1127 autem
798 1099 994 1134 impraesentia.

209 1151 280 1176 rlltll,
296 1143 319 1170 si
346 1148 473 1178 oporteat
498 1151 541 1171 me
559 1151 667 1178 quoque
690 1145 723 1171 ad
746 1145 803 1172 haec
826 1145 927 1180 aliquid
948 1145 996 1172 ad-

201 1189 284 1221 dere,
302 1189 410 1217 videtur
432 1189 574 1224 Scriptura
594 1198 670 1217 sacra
693 1198 797 1226 magnae
818 1191 996 1219 humanitatis

208 1243 241 1261 ne
255 1235 450 1263 benevolentiae
474 1236 604 1264 indicium
627 1236 767 1265 exhibere.
789 1237 845 1264 Etsi
858 1238 929 1264 enim
945 1246 996 1265 un-

208 1281 296 1308 decim
311 1287 390 1309 erant
405 1283 493 1316 parati
514 1289 687 1316 succurrere,
705 1282 786 1310 Petro
811 1284 888 1318 quasi
909 1285 994 1317 duce;

209 1333 329 1356 attamen
344 1329 497 1365 benignitas
519 1329 609 1364 ntagni
630 1329 678 1356 Dei
695 1337 727 1356 ac
742 1329 892 1357 Salvator-is
910 1330 995 1358 nostri

207 1374 273 1402 Jt-su
285 1373 396 1408 Christi,
414 1382 473 1409 qua;
489 1382 596 1402 omnem
613 1381 724 1408 superat
746 1376 909 1408 orationem.
929 1384 996 1410 quo-

209 1422 357 1449 dammodo
378 1421 463 1449 eﬂusa
488 1422 623 1457 perditum
641 1430 751 1458 quoque
773 1423 893 1451 sodalem
909 1423 994 1457 illutn,

208 1468 286 1504 cujus
301 1469 390 1497 adhuc
405 1469 524 1497 sollicite
547 1477 639 1496 curam
656 1470 736 1505 gerit,
762 1470 797 1498 iis
821 1475 995 1504 annumerat,

209 1519 236 1542 et
252 1523 302 1550 pro
315 1522 479 1550 unoquoque
503 1516 600 1542 borum
628 1515 762 1550 legionem
782 1516 942 1551 angelorum
967 1523 997 1543 se

210 1567 304 1596 petere
319 1569 400 1597 posse
412 1562 490 1594 dicit.
507 1568 562 1589 tum
582 1561 706 1589 utetiam
731 1563 819 1597 magis
835 1563 994 1598 angeIOrum

212 1607 424 1641 multitudinem,
443 1616 476 1636 ac
494 1608 658 1644 postulantis
670 1609 896 1644 magniﬁcentiam
914 1609 996 1646 126
1008 1628 1030 1658 α

210 1659 239 1681 et
252 1654 423 1682 divinitatem
442 1654 605 1682 declararet.
620 1655 670 1683 Cui
688 1657 760 1684 enim
785 1655 864 1683 alteri
889 1660 929 1684 tot
947 1665 996 1684 uu-

210 1707 292 1734 quam
309 1702 523 1730 suecurrerunt?
536 1701 575 1729 Do
584 1702 627 1730 bis
639 1703 748 1737 quidem
759 1702 828 1730 alius
835 1709 878 1730 est
889 1711 995 1731 sermo:

210 1748 255 1775 hic
269 1755 335 1775 vero
350 1753 460 1776 sanctus
473 1748 508 1776 de
526 1749 599 1776 mille
621 1749 741 1777 millibus
761 1754 789 1777 et
815 1750 908 1778 decies
923 1751 996 1778 mille

211 1793 305 1822 decem
317 1791 438 1822 millibus
452 1794 501 1828 ait.
519 1793 691 1829 Scripturam
711 1801 817 1823 sacram
831 1802 864 1822 ac
877 1794 996 1823 divinam

210 1849 332 1869 summos
348 1841 409 1870 illos
425 1842 470 1876 qui
486 1842 557 1877 apud
585 1849 636 1870 nos
657 1847 731 1875 sunt,
756 1850 895 1876 numeros,
912 1843 996 1870 millia

211 1886 338 1915 videlicet
359 1892 388 1915 et
401 1888 471 1915 dena
488 1886 583 1920 millia,
606 1888 634 1915 in
651 1888 815 1923 semetipsos
832 1888 998 1924 glomerasse

211 1941 244 1962 ac
259 1933 467 1968 multiplicasse,
483 1941 516 1962 ac
529 1941 578 1969 per
595 1934 646 1962 hoc
658 1939 751 1969 aperte
764 1935 928 1969 declarasse,
941 1944 998 1964 cn:-

210 1980 319 2008 lestium
336 1981 464 2008 ordinum
489 1981 710 2009 coordinationes
737 1981 763 2009 id
786 1986 829 2009 est
843 1982 996 2010 cmlestium

210 2025 342 2053 virtutum
358 2027 509 2061 supposita,
524 2034 539 2053 a
555 2026 633 2055 nobis
651 2028 823 2056 annumerari
839 2035 891 2055 non
904 2036 997 2064 posse.

211 2071 296 2101 Nobis
303 2078 394 2101 autem
407 2073 462 2101 dixi
477 2074 693 2102 innumerabiles
706 2081 779 2108 esse,
797 2075 923 2110 quoniam
936 2076 999 2104 licet

215 2120 295 2148 nobis
309 2119 393 2155 ignoti
410 2120 476 2152 sint,
493 2127 545 2147 non
563 2125 651 2148 tamen
666 2122 778 2149 omnino
791 2127 887 2149 natura
900 2122 998 2150 inﬁniti

211 2170 286 2199 sunt,
301 2165 350 2194 sed
372 2173 467 2194 eorum
482 2165 626 2194 multitudo
641 2171 682 2194 est
703 2167 892 2196 determinata.
907 2167 999 2203 Nuper

212 2212 296 2238 etiam
312 2211 423 2246 quidam
436 2219 452 2239 e
467 2212 636 2246 sapientibus
651 2213 753 2240 nostris
767 2212 883 2248 (Psellus
895 2212 917 2240 is
928 2217 998 2248 erat,

211 2257 361 2284 seientiftce
374 2263 402 2284 et
417 2257 504 2292 logice
529 2257 621 2292 regula
641 2258 844 2286 dialecticorum
862 2263 952 2291 utens,
966 2265 999 2286 ac

1079 273 1170 306 Ἀξιον
1187 273 1373 309 ὑπολαμϐάνει
1389 272 1529 309 ζητήσεως
1541 272 1648 308 νοερᾶς.
1661 273 1752 303 οἱονεὶ,
1766 272 1844 299 aut.

1046 319 1142 356 πρώην
1165 319 1304 356 ἐλέγομεν,
1329 319 1482 355 ἀνηκούσης
1503 320 1560 350 τοῖς
1581 320 1693 355 νοεροῖς,
1710 319 1727 354 ἦ
1750 318 1844 354 νοερῷ

1045 366 1085 393 νοῒ
1107 366 1294 401 διοικουμένης
1317 366 1365 392 καὶ
1389 365 1615 401 διευθετουμένης
1629 366 1679 401 τὴν
1699 366 1763 402 περὶ
1788 365 1840 392 τοῦ

1045 412 1162 448 ἀριθμοῦ
1188 412 1244 439 τῶν
1267 412 1391 446 ἀγγέλων
1417 413 1446 440 ὲν
1470 414 1527 445 τοῖς
1552 412 1652 446 λογίοις
1676 412 1838 447 παράδοσιν.

1046 460 1215 495 Εὑρίσκομεν
1231 459 1296 494 γοῦν
1312 460 1359 486 καὶ
1374 458 1477 486 δώδεκα
1493 459 1628 494 λεγεῶνας
1650 459 1784 494 ἀγγέλων,
1802 459 1840 491 ἃς

1045 505 1092 532 καὶ
1106 505 1187 532 πλέον
1196 505 1297 532 τούτων
1303 505 1347 532 τὸν
1354 505 1454 542 Κύριον
1462 506 1588 533 δύνασθαι
1597 505 1712 540 ζητῆσαι
1718 505 1763 532 τὸν
1770 505 1839 531 ἴδιον

1045 550 1155 586 Πατέρα
1165 571 1172 583 ,
1192 551 1240 578 καὶ
1256 551 1431 586 παραστῆσαι
1444 552 1483 583 είς
1499 551 1547 586 τὴν
1564 551 1617 578 τῶν
1629 550 1838 587 ἐπηρεαζόντων

1045 597 1213 633 ἀποτροπήν.
1239 598 1341 632 Ὀλίγος
1358 598 1423 632 γοῦν
1444 595 1521 630 οὗτος
1539 599 1554 624 6
1570 598 1685 634 ἀριθμὸς
1703 597 1769 633 πρὸς
1784 596 1836 632 τὴν

1045 642 1091 670 τοῦ
1109 643 1207 680 Δανιὴλ
1229 645 1334 680 ὅρασιν,
1353 645 1392 671 ὃτι
1416 645 1499 680 χίλιαι
1523 644 1650 680 χιλιάδες,
1670 645 1715 671 καὶ
1739 644 1835 680 μύριαι

1047 689 1176 725 μυριάδες
1201 690 1240 725 τῷ
1261 688 1320 726 Θεῷ
1347 692 1588 726 παρειστήκεισαν.
1619 691 1648 717 '0
1659 689 1713 726 γὰρ
1734 689 1835 723 λεγεὼν

1046 737 1141 772 τάγμα
1164 736 1238 763 ἐστὶν
1261 738 1294 764 ἐκ
1317 737 1404 764 τόσων
1422 737 1600 773 συγκείμενον
1618 737 1660 773 (ἐκ
1680 736 1727 763 τοῦ
1744 736 1833 772 λέγω,

1045 783 1075 810 τὸ
1092 784 1231 818 συλλέγω
1244 783 1513 819 ὲτυμολογούμενον),
1541 784 1620 820 ὅπερ,
1639 784 1663 810 εἰ
1679 783 1709 816 ἐξ
1737 782 1835 810 ἑκατὸν

1047 830 1203 865 συγκεῖσθαι
1225 829 1358 865 εἴποιμεν,
1372 830 1447 857 οὐδὲν
1463 830 1531 866 πρὸς
1546 830 1596 862 τὰς
1617 830 1698 862 τόσας
1714 829 1834 865 χιλιάδας

1045 878 1093 904 καὶ
1117 876 1250 913 μυριάδας
1271 885 1278 891 ·
1297 877 1321 903 εἰ
1337 876 1365 903 δὲ
1397 877 1444 903 καὶ
1467 877 1499 902 ὲκ
1526 876 1629 912 μυρίων
1658 875 1836 910 συλλέγεσθαι

1045 924 1180 959 εἴποιμεν,
1196 922 1273 950 οὐδὲν
1285 922 1366 950 πάλιν
1383 922 1462 950 τοῦτο
1481 923 1549 959 πρὸς
1561 923 1607 949 τὸν
1622 922 1692 949 κατὰ
1702 922 1736 948 τὰ
1749 922 1836 958 μύρρα

1047 969 1311 1005 πολλαπλασιασμόν.
1336 969 1403 1006 Περὶ
1427 969 1475 1005 μὲν
1491 969 1546 996 τῶν
1567 969 1669 996 δώδεκα
1694 968 1835 1003 λεγεὼνων

1046 1016 1125 1048 ἄλλος
1144 1016 1193 1052 μὲν
1208 1016 1272 1044 ἄλλο
1295 1025 1321 1043 τι
1346 1016 1417 1043 εἴποι
1432 1015 1512 1051 τυχὸν
1531 1016 1696 1052 ὑψηλότερον
1722 1016 1769 1043 καὶ
1789 1024 1834 1042 σο-

1046 1064 1177 1100 φώτερον,
1194 1064 1266 1091 κατὰ
1280 1063 1328 1099 τὴν
1343 1063 1484 1099 διδομένην
1501 1062 1576 1099 παρὰ
1591 1062 1638 1090 τοῦ
1654 1061 1758 1098 ἀγαθοῦ
1766 1062 1834 1089 Θεοῦ

1046 1110 1093 1137 καὶ
1101 1110 1227 1146 Σωτῆρος
1239 1109 1317 1145 ἡμῶν
1331 1109 1420 1145 Ἰησοῦ
1432 1109 1550 1145 Χριστοῦ
1560 1109 1650 1144 χάριν·
1667 1108 1681 1135 ὃ
1699 1108 1764 1143 γοῦν
1774 1109 1837 1144 ὲμοὶ

1045 1157 1114 1192 πρὸς
1129 1155 1160 1182 τὸ
1172 1155 1260 1192 παρὸν
1276 1155 1482 1190 καταφαίνεται,
1495 1155 1519 1182 εί
1536 1155 1588 1190 χρή
1605 1163 1631 1181 τι
1645 1155 1692 1181 καὶ
1710 1155 1762 1190 ἐμὲ
1778 1155 1836 1181 τολ-

1047 1203 1131 1238 μῆσαι
1148 1201 1217 1238 πρὸς
1239 1201 1335 1233 ταῦτα,
1354 1202 1395 1228 ότι
1420 1201 1540 1236 μεγάλης
1565 1199 1769 1236 φιλανθρωπίας
1790 1200 1835 1227 ἔν-

1045 1248 1128 1282 δειξιν
1145 1248 1201 1284 ἔχει
1216 1247 1246 1274 τὸ
1260 1247 1332 1283 ἱερὸν
1348 1246 1448 1281 λόγιον.
1467 1247 1498 1273 El
1514 1245 1569 1282 γὰρ
1586 1247 1633 1272 καὶ
1654 1245 1750 1273 ἕνδεκα
1765 1243 1836 1282 ἦσαν

1045 1296 1070 1322 οἰ
1086 1295 1166 1330 δῆθεν
1183 1294 1388 1330 ὲτοιμαζόμενοι
1403 1293 1518 1329 βοηθεῖν,
1532 1292 1579 1320 τοῦ
1595 1291 1699 1328 Πέτρου
1706 1289 1760 1318 οἷον
1772 1300 1837 1328 προ-

1048 1340 1209 1377 μαχοῦντος,
1226 1341 1283 1367 ἀλλ’
1300 1338 1346 1367 οὖν
1362 1342 1379 1376 ἡ
1397 1340 1485 1367 πάντα
1501 1339 1579 1374 λόγον
1595 1339 1698 1366 νικῶσα
1713 1338 1761 1365 τοῦ
1785 1347 1835 1374 με‹

1045 1387 1130 1422 γάλου
1152 1386 1219 1414 Θεοῦ
1236 1387 1284 1414 καὶ
1300 1385 1426 1422 Σωτῆρος
1449 1385 1526 1422 ἡμῶν
1545 1383 1632 1421 Ἰησοῦ
1657 1384 1774 1421 Χριστοῦ
1791 1392 1835 1418 φι-

1045 1433 1213 1470 λανθρωπία,
1236 1431 1292 1460 οἷον
1317 1432 1464 1468 ἐξεχομένη
1496 1431 1545 1458 καὶ
1571 1431 1618 1458 τοῦ
1643 1431 1764 1468 ἑταίρου,
1786 1431 1836 1458 καὶ

1045 1479 1085 1506 ἔτι
1102 1478 1288 1514 κηδεμονικῶς
1301 1478 1369 1514 πρὸς
1385 1479 1488 1504 ἐκεῖνον
1499 1478 1607 1513 ἔχουσα,
1619 1477 1665 1504 τὸν
1677 1476 1836 1504 ἀπολωλότα

1044 1524 1149 1557 τούτοις
1174 1524 1334 1560 συναριθμεῖ
1346 1532 1354 1539 ·
1371 1523 1419 1550 καὶ
1440 1523 1502 1550 καθ’
1518 1523 1566 1550 ἕνα
1593 1522 1695 1549 τούτων
1716 1522 1836 1556 λεγεῶνα

1046 1571 1170 1605 ἀγγέλων
1187 1569 1302 1605 ζητῆσαι
1320 1569 1394 1604 λέγει
1410 1568 1540 1595 δύνασθαι
1553 1575 1561 1583 ’
1579 1567 1619 1594 ἐτι
1639 1567 1668 1594 δὲ
1695 1567 1776 1594 πλέον
1795 1567 1836 1598 εἰς

1046 1615 1157 1649 ἔνδειξιν
1172 1615 1219 1642 τοῦ
1234 1614 1289 1642 τῶν
1302 1614 1425 1649 ἀγγέλων
1438 1613 1566 1650 πλήθους,
1579 1613 1626 1640 καὶ
1637 1613 1686 1648 τῆς
1697 1612 1744 1640 τοῦ
1756 1613 1836 1648 αίτη-

1048 1660 1161 1696 σομένου
1180 1659 1385 1696 μεγαλειότητος
1401 1660 1448 1686 καὶ
1457 1658 1593 1693 θεότητος.
1608 1657 1672 1684 Τινι
1684 1657 1739 1693 γὰρ
1750 1658 1837 1694 ἑτέρῳ

1046 1708 1121 1734 τόσοι
1135 1706 1316 1742 βεϐοηθήκασι
1333 1705 1462 1737 min-tote;
1479 1705 1547 1740 Περὶ
1564 1704 1612 1739 μὲν
1627 1704 1728 1731 τούτων
1744 1704 1836 1739 ἕτερος

1047 1754 1125 1788 λόγος
1137 1761 1144 1768 ·
1155 1753 1219 1788 περὶ
1234 1752 1263 1779 δὲ
1276 1752 1331 1779 τῶν
1348 1751 1441 1787 χιλίων
1457 1751 1583 1786 χιλιάδων
1600 1751 1648 1777 καὶ
1661 1750 1764 1786 μυρίων
1784 1758 1836 1785 μυ-

1049 1800 1146 1836 ριάδων
1163 1799 1246 1835 φησὶν
1261 1800 1276 1826 6
1292 1799 1380 1834 ἅγιος,
1405 1799 1446 1825 ὅτι
1461 1798 1525 1830 τοὺς
1548 1798 1615 1834 παρ’
1631 1797 1698 1833 ἡμῖν
1720 1796 1837 1832 ἀκροτά-

1046 1853 1109 1877 τους
1125 1844 1268 1881 ἀριθμοὺς,
1285 1843 1331 1870 τὸν
1347 1842 1419 1879 χίλια
1437 1842 1537 1878 δηλαδὴ
1562 1843 1610 1869 καὶ
1621 1842 1668 1869 τὸν
1686 1841 1779 1878 μύρια,
1797 1842 1837 1874 είς

1046 1891 1161 1922 ἑαυτοὺς
1181 1889 1390 1917 ὲπανεκύκλωσε
1407 1889 1455 1916 καὶ
1474 1887 1722 1916 ὲπολλαπλασίασεν
1738 1889 1754 1923 ἡ
1775 1887 1837 1924 ἱερὰ

1048 1937 1095 1963 καὶ
1106 1936 1167 1964 θεία
1184 1935 1291 1972 Γραφὴ,
1309 1935 1356 1963 καὶ
1371 1934 1416 1961 διὰ
1437 1935 1533 1962 τούτου
1549 1933 1672 1970 ἐναργῶς
1688 1933 1736 1960 καὶ
1752 1942 1837 1969 φανε-

1050 1982 1104 2018 ρῶς
1120 1982 1234 2018 ἐνέφηνε
1255 1982 1303 2009 καὶ
1319 1981 1461 2017 παρέδειξε
1476 1981 1525 2013 τὰς
1547 1982 1613 2017 ἡμῖν
1635 1980 1837 2016 ἀναριθμήτους

1047 2027 1103 2054 τῶν
1114 2028 1248 2064 οὐρανίων
1263 2028 1410 2063 ταγμάτων
1427 2027 1571 2060 διατάξεις,
1585 2025 1706 2062 δηλονότι
1721 2026 1771 2057 τὰς
1781 2025 1837 2052 τῶν

1048 2074 1180 2110 οὐρανίων
1191 2073 1333 2109 δυνάμεων
1346 2074 1517 2105 ὑποστάσεις.
1541 2073 1621 2109 Ἡμῖν
1636 2073 1665 2100 δὲ
1680 2070 1756 2100 εἷπον
1772 2073 1838 2099 ἁνα-

1049 2120 1208 2156 ριθμήτους,
1224 2120 1275 2152 ὅτι,
1292 2120 1317 2146 ει
1333 2120 1380 2147 καὶ
1395 2120 1461 2155 ἡμῖν
1476 2120 1609 2154 ἄγνωστοι
1625 2120 1702 2151 εἰσιν,
1718 2119 1750 2146 οὐ
1772 2119 1839 2146 πάν-

1048 2175 1102 2197 τως
1125 2165 1232 2201 ἄπειροι
1257 2165 1303 2192 καὶ
1331 2166 1364 2201 τῇ
1398 2165 1489 2200 φύσει,
1513 2165 1582 2192 ἀλλὰ
1610 2165 1781 2200 πεπίρασται
1807 2166 1838 2192 τὸ

1049 2211 1151 2246 πλῆθος
1167 2210 1266 2237 αὐτῶν.
1284 2210 1359 2242 Τέως
1370 2210 1399 2237 δὲ
1411 2210 1475 2246 περὶ
1490 2209 1592 2236 τούτων
1607 2218 1649 2241 τις
1664 2209 1697 2236 ὲκ
1713 2209 1838 2237 τῶνκαθ’

1050 2258 1123 2293 ἡμᾶς
1140 2256 1230 2292 σοφῶν
1253 2256 1278 2293 (ό
1294 2256 1398 2288 Ψελλὸς
1416 2253 1492 2288 οὗτος
1508 2253 1552 2292 ἢν,
1569 2256 1781 2292 ὲπιστημονικὴν
1792 2257 1838 2282 καὶ

212 2303 414 2335 dcinonstrans,
440 2303 484 2329 illa
512 2311 573 2338 qua:
597 2303 734 2338 prim-Epic
763 2304 896 2331 \iciniora
924 2308 996 2338 sunt,

1051 2302 1162 2339 λογικὴν
1179 2303 1339 2338 ποιούμενος
1353 2302 1404 2338 τὴν
1419 2302 1566 2336 ἀπόδειξιν,
1584 2303 1631 2329 καὶ
1650 2302 1744 2329 κανόνι
1765 2301 1838 2338 χρώ-

213 2350 318 2376 Iuinnra
343 2349 452 2384 quidem
478 2356 538 2376 esse
561 2349 709 2376 secundum
736 2350 929 2385 quantitatem,
951 2350 998 2378 sed

213 2397 343 2430 niajurem
365 2395 491 2421 virtutem
518 2393 646 2430 habere),
663 2396 815 2428 asserebat,
834 2396 955 2430 angelos,
970 2400 999 2423 ut

212 2440 272 2468 Deo
298 2440 516 2475 propinquiores,
532 2441 677 2475 pauciores
689 2449 750 2469 esse
770 2441 936 2473 hominibus,
951 2442 997 2476 qni

212 2487 352 2523 sigillatiin
368 2494 476 2521 semper
490 2492 640 2515 nascuntur
666 2492 693 2515 et
719 2488 883 2521 moriuntur,
897 2489 998 2523 quem;

212 2534 358 2561 admodum
380 2533 505 2561 videlicet
522 2541 629 2568 quoque
651 2541 781 2562 numerus
810 2534 844 2561 ad
865 2535 997 2562 unitatem

213 2580 359 2612 accedens,
373 2581 463 2608 minor
474 2585 515 2608 est
527 2580 676 2609 remotiori.
693 2580 791 2608 Verum
807 2581 939 2616 Didymus
954 2581 999 2609 ille

212 2633 302 2654 caicus
328 2625 380 2653 alio
399 2626 515 2661 quodam
541 2627 600 2655 loco
621 2627 757 2662 reperitur
781 2626 882 2658 dicere,
911 2634 998 2653 Itona-

212 2674 286 2708 g‘nta
302 2680 398 2700 novem
414 2680 478 2700 oves
499 2680 561 2701 esse
582 2673 704 2709 angelos,
723 2681 804 2701 unam
829 2679 919 2700 autem
935 2681 996 2708 quae

247 2766 262 2786 ς
279 2760 374 2789 Matth.
404 2769 477 2795 xxvr,
489 2761 533 2789 53.

250 2849 308 2886 (l9)
325 2850 390 2879 Vide
403 2850 541 2888 Scholzs.
561 2849 670 2878 Maximi
687 2855 752 2879 tozu.
766 2850 799 2884 ll,
815 2857 878 2885 cap.
897 2849 940 2877 t4.

1054 2357 1134 2384 μενος
1149 2347 1320 2383 διαλεκτικῷ,
1332 2347 1373 2374 ὅτι
1386 2346 1421 2373 τὰ
1435 2349 1468 2383 τῇ
1481 2348 1552 2383 ἀρχῇ
1564 2347 1746 2382 πλησιάζοντα
1759 2347 1838 2374 ὲλάτ-

1051 2403 1115 2422 τονα
1141 2395 1190 2431 μέν
1217 2396 1270 2421 εἱσι
1292 2395 1332 2430 τῷ
1360 2393 1444 2430 ποσῷ,
1470 2393 1580 2429 μείζονα
1601 2393 1636 2420 δὲΔ
1651 2394 1702 2429 τὴν
1725 2393 1838 2428 δύναμιν

1052 2442 1163 2478 ἔχουσι)
1182 2442 1237 2469 τῶν
1258 2442 1409 2479 ἑκασταχοῦ
1427 2442 1474 2469 xa‘t
1490 2442 1533 2468 ἀεὶ
1545 2441 1694 2477 γινομένων
1710 2441 1757 2468 καὶ
1772 2441 1838 2468 ἀπο-

1051 2488 1200 2523 γινομένων
1213 2487 1364 2524 άνθρώπων
1388 2487 1515 2519 ἐλάττους
1526 2487 1602 2521 ἔλεγε
1619 2486 1682 2518 τοὺς
1695 2486 1836 2520 ἀγγέλους,

1050 2535 1088 2567 ὡς
1115 2534 1154 2570 τῷ
1177 2535 1237 2570 Θεῷ
1266 2533 1465 2570 πλησιάζοντας
1491 2541 1497 2548 ·
1521 2532 1616 2569 ὥσπερ
1639 2531 1733 2568 ἀμέλει
1757 2531 1803 2557 καὶ
1824 2531 1838 2556 ό

1050 2582 1208 2617 πλησιάζων
1230 2581 1345 2617 ἀριθμὸς
1367 2582 1400 2616 τῇ
1419 2579 1512 2617 μονάδι
1534 2579 1581 2606 τοῦ
1606 2579 1701 2615 πόρρω
1720 2577 1838 2604 ἐλάττων

1050 2628 1134 2654 ἐστίν.
1163 2627 1193 2653 '0
1209 2627 1237 2653 δέ
1253 2635 1285 2661 γε
1301 2626 1415 2661 Δίδυμος
1436 2626 1451 2653 ό
1466 2625 1564 2661 τυφλὸς
1586 2622 1702 2659 ἀλλαχοῦ
1725 2623 1837 2659 εὓρηται

1051 2673 1147 2706 λέγων,
1165 2672 1199 2699 τὰ
1214 2672 1263 2708 μὲν
1274 2671 1450 2708 ὲννενήκοντα
1466 2671 1514 2698 καὶ
1536 2670 1613 2698 ἐννέα
1627 2668 1748 2705 πρόὸατα
1769 2666 1838 2695 εἶναι
