1933 3075
104 154 156 182 που

601 150 642 177 οε
657 143 818 178 C(ELESTI
835 141 1056 180 I-llERAIlCHIA,
1072 143 1148 176 CAP.
1166 141 1224 175 Xv.

1665 142 1718 178 356

103 212 151 243 τὰς
163 212 302 247 οὐρανῖως
319 210 411 241 οὐσίας
428 209 530 245 σωροὺς
545 208 686 244 ἀνθράκων
708 208 793 244 πυρὸς
807 216 884 243 περι-

946 207 1063 241 virosque
1087 206 1235 242 fulguret»,
1261 210 1288 233 et
1315 207 1418 234 circum
1433 207 1558 236 caelestes
1581 209 1718 236 essentia:

102 258 232 288 τιθεῖσιν,
251 257 298 283 καὶ
322 256 461 291 ποταμοὺς
484 255 590 290 ὰσχέτῳ
615 254 696 291 ῥοίζῳ
724 254 886 289 πυριφλεγέ-

103 303 196 334 θοντας
204 311 211 317 ·
225 301 292 329 ἀλλὰ
303 302 349 328 καὶ
361 302 424 332 τοὺς
434 300 544 336 θρόνους
552 300 618 335 φησὶ
634 300 762 336 πυρίνους
769 299 792 315 ⁸³
806 297 886 332 εἶναι,

103 350 149 376 καὶ
161 349 259 380 αὐτοὺς
279 348 307 375 δὲ
321 348 383 379 τοὺς
396 348 564 382 ὑπερτάτους
585 346 705 382 σεραφὶμ
726 345 887 381 ὲμπρηστὰς

103 395 197 426 ὄντας,
223 395 255 421 ἐκ
277 394 328 429 τῆς
341 392 498 428 ἐπωνυμίας
512 392 648 427 ἐμφαίνει,
677 392 723 418 καὶ
738 391 786 426 τὴν
803 390 888 426 πυρὸς

105 434 223 475 ἰδιότητα
235 434 282 466 καὶ
297 439 436 474 ἐνέργειαν
446 439 537 469 αὐτοῖς
544 437 684 472 ἀπονέμει,
694 437 740 463 καὶ
755 436 823 468 ὅλως
832 437 888 463 ἄνω

103 486 150 513 καὶ
163 484 237 512 κάτω
244 484 294 520 τὴν
306 483 438 519 ὲμπύριον
449 484 516 518 τιμᾷ
524 483 657 518 ἐκκρίτως
673 481 885 508 τυποπλαστίαν.

104 527 140 558 Τὸ
155 531 203 566 μὲν
213 528 258 558 οὖν
272 530 394 566 πυρῶδες
403 529 542 565 ἐμφαίνειν
553 529 644 564 οἴομαι
655 529 685 555 τὸ
693 528 747 555 τῶν
756 527 887 564 οὐρανίων

104 579 170 605 νοῶν
179 577 374 604 θεοειδέστατον
384 585 390 591 ·
406 576 430 602 οί
439 576 493 612 γὰρ
509 576 576 611 ἱεροὶ
585 575 702 609 θεολόγοι
713 575 761 610 τὴν
772 574 888 610 ὑστερού-

105 632 160 652 σιον
166 624 213 651 καὶ
223 623 383 659 ὰμὸρφωτον
391 622 483 649 οὐσίαν
489 622 517 648 ὲν
525 621 591 657 πυρὶ
601 621 719 663 πολλαχῆ
726 620 889 656 διαγράφου-

105 673 156 701 erit,
166 670 204 702 ὡς
218 669 306 704 ἔχοντι
317 668 417 700 πολλὰς
425 668 476 703 τῆς
485 662 632 704 θεαρχικῆς
647 667 682 702 (εὶ
693 667 771 702 θέμις
789 667 888 701 εἰπεῖν)

107 715 235 751 ίδιότητος
251 715 289 747 ὡς
300 715 322 732 ³⁵
333 715 362 741 ὲν
382 715 490 750 ὁρατοῖς
507 714 622 746 εἰκόνας.
642 713 678 740 Τὸ
695 714 748 748 γὰρ
762 712 890 748 αἰσθητὸν

105 762 160 798 πῦρ
174 762 232 789 ἔστι
247 762 295 797 μὲν
305 781 313 792 ,
334 761 372 793 ὡς
384 761 488 793 εἰπεῖν,
503 761 532 787 ἐν
548 761 615 787 πᾶσι
625 780 633 791 ,
648 760 696 787 καὶ
716 759 760 786 διὰ
780 758 888 786 πάντων

105 808 212 843 ἀμιγῶς
227 808 322 842 φοιτᾷ,
339 806 386 833 καὶ
409 799 539 842 ἐξῄρηται
559 806 682 833 πάντων·
697 805 744 832 καὶ
762 804 890 840 παμφαὲς

105 855 145 885 ὃν,
159 855 217 890 ἅμα
232 854 279 880 καὶ
296 854 334 885 ὡς
353 852 477 888 κρύφιον,
495 852 633 886 ἄγνωστον
651 850 716 877 αὐτὸ
731 850 791 877 καθ’
814 849 890 880 αὐτὸ,

108 900 144 936 μὴ
161 899 344 936 προκειμένης
364 898 431 933 ὕλης
451 898 491 929 εἰς
508 897 541 932 ἢν
559 897 699 932 ἁναφαίνοι
719 897 768 932 τὴν
790 895 891 923 οἰκείαν

106 946 244 981 ἐνέργειαν
253 954 259 960 ·
272 944 385 979 ἄσχετόν
395 953 425 971 τε
436 944 483 971 καὶ
494 943 657 979 ἀθεώρητον,
664 942 891 977 αὑτοκρατητικὸν

106 992 244 1024 ἁπάντων,
265 992 312 1018 καὶ
335 991 370 1018 τὰ
388 991 416 1017 ὲν
437 988 477 1022 οἷς
504 989 537 1016 ἂν
558 989 701 1024 ἐγγένηται
719 1009 726 1020 ,
750 989 817 1023 πρὸς
843 988 893 1022 τὴν

106 1037 207 1064 οἰκείαν
221 1037 286 1071 ἄγον
299 1037 321 1053 ⁸⁸
335 1036 474 1072 ἐνέργειαν
484 1044 491 1050 ·
507 1034 694 1066 ἀλλοιωτικὸν,
708 1034 879 1070 μεταδοτικον

106 1075 202 1110 ἑαυτοῦ
218 1084 284 1109 πᾶσι
304 1083 360 1113 τοῖς
382 1080 505 1108 ὁπωσοῦν
518 1080 712 1115 πλησιάζουσιν
727 1087 733 1094 '
750 1079 893 1106 ἀνανεωτι-

107 1129 153 1156 κὺν
182 1130 215 1164 τῇ
242 1127 373 1163 ζωοπύρῳ
391 1128 412 1143 ³⁶
439 1126 602 1163 θερμότητι,
637 1126 800 1158 φωτιστικδν
833 1126 893 1157 ταῖς

106 1174 338 1211 ἁπερικαλύπτοις
360 1173 522 1209 ὲλλάμψεσιν
533 1181 540 1187 ’
570 1173 724 1208 ἁκράτητον
737 1191 745 1203 ,
775 1171 872 1207 ἀμιγὲς
885 1191 892 1202 ,

106 1220 272 1256 διακριτικὸν
285 1239 291 1250 ,
316 1218 509 1250 ἀναλλοίωτον,
532 1217 689 1253 ἀνωφόρον,
711 1216 842 1253 ὀξύπορον
860 1217 893 1248 ³⁷,

108 1267 225 1303 ὑψηλὸν,
242 1265 370 1301 οὐδεμιᾶς
395 1264 556 1299 ἀνεχόμενον
584 1262 733 1295 ὑποπεζίας
756 1263 892 1297 ὑφέσεως,

110 1312 274 1346 ἀεικίνητον,
286 1309 487 1344 ταὺτοκίνητον,
505 1308 642 1344 κινητικὸν
658 1306 768 1344 ἐτέρων,
784 1307 895 1343 περιλη-

109 1358 215 1389 ᾶίτικὸν,
231 1356 424 1392 ἀπερίληπτον,
436 1355 585 1391 ἀπροσδεὲς
596 1355 700 1391 ἐτέρου,
712 1354 895 1385 λανθανόντως

109 1404 253 1439 αὐξητικὸν
276 1403 370 1430 ἑαυτοῦ
382 1423 390 1435 ,
415 1402 482 1438 πρὸς
497 1402 520 1417 ⁸⁸
538 1401 588 1433 τὰς
609 1400 808 1436 ὑποδεχομένας
830 1399 897 1432 ὕλας

109 1450 235 1483 ἐκφαῖνον
252 1449 302 1484 τὴν
317 1448 412 1475 ἑαυτοῦ
436 1447 645 1483 μεγαλειότητα·
659 1446 820 1481 δραστήριον
830 1467 836 1478 ,
848 1445 895 1472 8e—

109 1495 207 1526 νατὸν,
232 1494 315 1521 ἅπασι
343 1493 430 1530 παρδν
456 1493 589 1529 ἀοράτως.
611 1491 821 1526 Ἀμελούμενον,
845 1491 895 1518 οὐκ

109 1539 179 1566 εἶναι
203 1540 316 1571 δοκοῦν,
331 1541 364 1575 τῇ
389 1539 479 1575 τρίψει
502 1538 540 1569 δὲ,
550 1537 674 1573 καθάπερ
692 1537 746 1563 τινὶ
766 1535 894 1573 ζητήσει,

112 1586 244 1621 συμφυῶς
267 1586 314 1612 καὶ
333 1585 440 1616 οἰκείως
464 1584 591 1620 ἐξαίφνης
606 1583 833 1618 ἀναφαινόμενον,
849 1583 896 1609 καὶ

110 1629 188 1662 αὖθις
201 1631 391 1662 ἁκαταλίπτως
406 1630 591 1665 ἀφιπτάμενον
604 1629 637 1661 ³⁹,
652 1628 785 1664 ἀμείωτον
799 1627 828 1654 ὲν
845 1628 896 1654 πᾶ-

111 1685 139 1703 σι
149 1676 171 1692 ³⁸
179 1677 240 1708 ταῖς
253 1676 408 1708 πανολϐίαις
425 1675 522 1703 ἑαυτοῦ
539 1675 707 1710 μεταδόσεσι.
729 1674 784 1700 Καὶ
797 1673 897 1705 πολλὰς

110 1723 144 1749 ἄν
164 1730 207 1754 τις
218 1721 292 1758 εὖροι
310 1722 356 1748 τοῦ
369 1722 452 1758 πυρὸς
467 1721 599 1756 ἰδιότητας
612 1720 730 1752 οἰκείας,
745 1719 783 1751 ὡς
804 1719 833 1746 ὲν
855 1720 898 1745 αἰ-

113 1768 225 1803 σθηταῖς
238 1769 340 1800 εἰκόσι,
355 1768 376 1784 ⁸¹
391 1768 539 1805 θεαρχικῆς
558 1766 706 1803 ἐνεργείας.
728 1765 814 1792 Τοῦτο
833 1764 899 1800 γοῦν

111 1813 213 1844 εἰδότες
234 1813 259 1839 οί
280 1812 417 1847 θεόσοφοι,
439 1812 488 1844 τὰς
498 1811 626 1847 οὐρανίας
647 1810 738 1842 οὐσίας
759 1811 791 1837 ἐκ
813 1809 899 1845 πυρὸς

112 1858 328 1891 διαπλάττουσιν,
350 1858 525 1894 ἐμφαίνοντες
538 1857 627 1884 αὐτῶν
646 1856 676 1882 τὸ
694 1855 818 1888 θεοειδὲς,
839 1855 897 1887 καὶ,

111 1904 149 1935 ὡς
162 1904 282 1939 ἐφικτὸν,
295 1903 469 1940 θεομίμητον.

936 260 1084 288 prunarum
1115 259 1226 279 acervos
1251 251 1403 285 collocare,
1423 253 1590 289 ﬂuminaque
1616 254 1718 289 ingenti

937 298 1045 333 fragore
1069 297 1295 333 ﬂammigerantia
1317 306 1326 331 ;
1346 298 1469 333 quittimo
1489 301 1601 328 thronos
1626 300 1721 336 igneos

937 351 998 371 esse
1013 344 1088 375 dicit.
1110 344 1236 379 ipsosque
1248 352 1370 373 summos
1388 346 1524 380 seraphim
1546 348 1672 375 incensos
1687 356 1721 376 ex

938 390 996 425 ipso
1006 390 1117 418 nomine
1127 391 1257 423 declarat,
1274 391 1368 426 eisque
1378 393 1572 426 proprietatem
1587 399 1614 421 et
1632 395 1720 422 actio-

939 444 1000 464 nem
1014 437 1086 472 ignis
1102 437 1214 470 tribuit;
1235 443 1316 472 atque
1337 439 1448 466 omnino
1467 446 1574 466 sursum
1593 448 1625 468 ac
1637 441 1720 469 deor-

939 491 998 511 sum
1033 484 1141 519 igneam
1180 483 1294 518 ﬁguram
1328 484 1506 518 singulariter
1537 488 1720 515 commendat.

938 528 1110 565 Quapropter
1122 528 1238 557 formam
1249 530 1355 565 igneam
1378 531 1532 567 signiﬁcare
1546 540 1653 565 censeo,
1666 539 1724 562 cm-

939 574 1048 602 lestium
1061 574 1300 610 intelligentiarum
1314 577 1460 604 maximam
1472 585 1533 605 cum
1547 578 1601 607 Deo
1614 581 1723 607 confor-

940 620 1061 648 mitatem
1075 623 1084 640 θ
1101 629 1109 648 :
1122 621 1207 649 sancti
1220 621 1354 655 siquidem
1367 623 1486 658 theologi
1500 627 1720 658 supettessentiao

940 664 1011 698 lem,
1040 669 1069 693 et
1089 672 1150 700 qua).
1173 665 1285 694 formari
1308 668 1402 702 nequit
1423 670 1592 704 essentiam,
1609 671 1636 699 in
1659 672 1724 707 igne

941 717 1126 745 saepenumero
1141 711 1308 745 describunt,
1331 718 1461 749 tanquam
1479 716 1526 750 qui
1543 716 1642 745 multas
1656 725 1724 752 quos

942 755 1083 784 dammodo
1102 756 1231 789 visibiles,
1258 758 1280 785 si
1304 758 1377 786 dictu
1400 760 1440 787 fas
1463 764 1517 793 est,
1540 761 1639 790 divinae
1658 770 1724 796 proa-

941 801 1065 836 prietatis
1079 802 1211 838 imagines
1221 811 1279 838 pra:
1291 812 1322 832 se
1334 804 1412 833 ferat.
1429 806 1509 841 129
1522 807 1593 842 Ignis
1604 815 1724 843 namque

942 850 1049 878 sensilia
1060 851 1132 878 inest
1144 851 1281 884 omnibus,
1294 853 1323 878 ut
1333 851 1372 878 sic
1385 852 1486 884 dicant,
1498 860 1530 880 ac
1544 861 1612 887 pure
1625 859 1725 882 cuncta

942 895 1074 930 pervadit,
1096 900 1123 921 et
1136 895 1171 922 ab
1192 895 1317 922 omnibus
1338 896 1473 931 excipitur
1492 906 1499 924 :
1515 904 1631 933 eumque
1652 904 1726 927 totus

944 940 1041 974 luceat,
1065 941 1147 969 simul
1172 946 1214 968 est
1237 947 1265 968 et
1283 942 1419 975 occultus,
1443 943 1607 979 ignotusque
1631 942 1726 974 manet

943 990 991 1021 per
1011 994 1049 1019 se,
1066 991 1119 1014 noti
1144 987 1264 1015 adhibita
1290 988 1404 1015 materia
1427 988 1453 1014 in
1471 996 1553 1023 quam
1568 990 1621 1017 vim
1645 997 1725 1019 suam

943 1038 1039 1061 exerat
1057 1041 1064 1060 :
1081 1033 1259 1061 intolerabilis
1273 1038 1352 1061 estet
1366 1034 1522 1067 invisibilis,
1536 1036 1627 1063 omnia
1642 1044 1725 1071 supea

943 1083 996 1110 rat.
1022 1085 1108 1113 eaque
1121 1078 1220 1113 quibus
1245 1078 1345 1106 insedit
1369 1080 1402 1107 ad
1423 1086 1502 1108 suum
1526 1080 1646 1109 traducit
1667 1081 1726 1109 oﬂi-

944 1124 1015 1152 rium
1032 1133 1040 1151 :
1056 1124 1191 1152 alterandi
1205 1124 1259 1151 vim
1274 1124 1391 1159 obtinet,
1406 1126 1533 1154 omnibus
1547 1127 1599 1154 sibi
1616 1135 1726 1163 quoqtto

944 1170 1024 1198 modo
1042 1170 1284 1206 propinquantibus
1309 1172 1350 1198 sui
1374 1172 1538 1200 causortium
1561 1172 1664 1200 tradit:
1683 1181 1726 1201 re-

945 1221 1026 1244 novat
1038 1216 1128 1244 omnia
1142 1217 1232 1245 calore
1246 1216 1333 1249 vitali,
1347 1222 1375 1244 et
1388 1217 1540 1252 fulgoribus
1552 1219 1655 1253 apertis
1665 1219 1728 1246 illud

944 1262 1057 1291 minat':
1079 1264 1166 1291 timeri
1188 1263 1351 1298 miseerique
1373 1272 1427 1292 non
1444 1268 1549 1299 potest;
1569 1265 1728 1293 secernendi

944 1309 998 1335 vim
1020 1308 1113 1343 habet,
1128 1309 1305 1337 immutabilis
1326 1313 1378 1344 est,
1396 1317 1504 1338 sursum
1533 1311 1629 1345 l'ertnr,
1645 1318 1730 1346 pene-

947 1354 1068 1387 trabilis;
1096 1354 1236 1388 sublimis,
1259 1355 1360 1383 nullam
1388 1357 1506 1384 sustinet
1529 1357 1726 1393 dejectionem;

945 1408 1052 1436 semper
1069 1401 1186 1432 mobilis.
1210 1402 1299 1436 seipso
1313 1407 1450 1434 movetur,
1465 1407 1556 1431 movet
1571 1403 1637 1436 alia,
1652 1410 1729 1431 conn

946 1447 1128 1480 preltendendi
1157 1449 1182 1475 vi
1206 1448 1299 1482 pollet,
1323 1448 1514 1483 contprehendi
1542 1450 1646 1484 nequit,
1676 1455 1728 1477 non

946 1498 1006 1528 eget
1035 1494 1130 1527 altero,
1158 1494 1229 1522 clam
1260 1501 1291 1522 se
1313 1494 1477 1529 ampliﬁcat.
1501 1498 1528 1523 et
1554 1495 1581 1522 in
1609 1495 1732 1530 qualibet

946 1539 1038 1572 capaci
1061 1539 1175 1566 materia
1199 1545 1276 1566 suam
1299 1539 1401 1566 indicat
1425 1538 1595 1573 maiestatem
1613 1547 1621 1566 :
1636 1538 1732 1568 efficax

946 1587 998 1615 est.
1012 1587 1118 1619 potens,
1137 1583 1263 1612 omnibus
1284 1583 1457 1611 invisibiliter
1475 1592 1617 1619 praesens:
1639 1583 1662 1612 si
1682 1592 1733 1612 ne-

949 1629 1090 1664 gligatur,
1119 1637 1173 1656 non
1204 1629 1311 1657 videtur
1334 1630 1469 1664 existere;
1497 1631 1591 1658 attrittt
1621 1635 1732 1662 autem.

950 1674 1022 1702 velut
1040 1675 1165 1710 indagine
1183 1675 1300 1710 quadam
1327 1677 1541 1704 connaturaliter
1560 1685 1593 1704 ac
1623 1678 1732 1712 proprie

951 1720 1041 1748 subito
1052 1720 1165 1754 relucet,
1185 1725 1265 1755 atque
1280 1729 1388 1748 sursum
1408 1721 1613 1750 incontinenter
1629 1722 1731 1754 avolat,

950 1771 977 1793 et
999 1766 1025 1792 itt
1051 1766 1177 1794 omnibtts
1194 1766 1416 1794 luculentissimis
1435 1767 1476 1794 sui
1497 1767 1733 1795 communionihus

949 1813 1061 1840 minitne
1083 1812 1223 1840 minuitur.
1239 1812 1397 1847 Complures
1413 1813 1476 1840 item
1490 1814 1558 1841 alias
1574 1813 1733 1855 quis.inveo

950 1859 1009 1886 nire
1028 1863 1116 1893 potest
1132 1859 1202 1893 ignis
1222 1860 1419 1893 proprietates,
1435 1867 1494 1894 qua;
1519 1859 1596 1894 quasi
1617 1853 1734 1887 sensiles

952 1905 1051 1932 divinte
1077 1904 1247 1932 eﬂlcacitatis
1270 1905 1401 1941 itnagines
1420 1906 1548 1933 existant.
1568 1905 1646 1939 Quod
1669 1912 1732 1932 cutn

116 1953 233 1989 theologi
262 1958 434 1989 perspectum
463 1953 591 1984 habeant,
607 1952 734 1980 caelestes
748 1952 881 1980 essentias
898 1959 932 1979 ex
947 1952 1011 1986 igne
1024 1951 1152 1983 formant,
1167 1951 1338 1980 declarautes
1357 1960 1452 1980 earum
1469 1952 1588 1980 divinam
1605 1951 1734 1979 similitu-

113 1997 217 2032 dinem,
230 2004 267 2034 et,
279 2004 410 2035 quantum
424 2000 499 2033 licet,
514 1999 561 2027 Dei
575 1999 765 2026 imitationem.

885 2075 968 2112 §III.

156 2138 236 2166 Ἀλλὰ
258 2138 305 2165 καὶ
320 2137 568 2174 ἀνθρωπομόρφους
587 2136 684 2168 αὐτοὺς
700 2136 897 2172 ἀναγράφουσι,

112 2187 157 2214 διὰ
168 2186 199 2212 τὸ
215 2185 306 2221 νοερὸν
318 2181 406 2211 καὶτὸ
416 2183 484 2220 πρὸς
494 2183 526 2210 τὸ
542 2183 653 2220 ἄναντες
669 2183 741 2218 ἔχειν
758 2183 807 2214 τὰς
822 2183 900 2208 ὀπτι-

114 2232 166 2264 κὰς
177 2231 314 2267 δυνάμεις,
332 2230 379 2257 καὶ
389 2230 419 2257 τὸ
436 2229 483 2257 τοῦ
503 2230 639 2265 σχήματος
653 2229 717 2256 εὐθὺ
736 2229 784 2256 καὶ
798 2229 898 2265 ὄρθιον,

112 2278 161 2304 καὶ
178 2277 208 2304 τὸ
221 2276 290 2304 κατὰ
302 2276 382 2310 φύσιν
398 2276 526 2312 ἀρχικὸν,
555 2276 603 2302 καὶ
618 2276 792 2311 ἡγεμονικὸν,
809 2275 899 2302 καὶτὸ
916 2289 937 2317 D

113 2323 174 2350 κατ’
191 2321 315 2356 αἴσθησιν
333 2320 381 2356 μὲν
406 2321 561 2355 ἐλάχιστον,
587 2319 624 2351 ὡς
649 2320 716 2356 πρὸς
738 2319 787 2351 τὰς
802 2319 898 2352 λοιπὰς

112 2369 170 2396 τῶν
188 2368 292 2402 ἀλόγων
303 2367 379 2400 ζώων
388 2367 516 2402 δυνάμεις
529 2386 537 2399 ,
557 2366 720 2403 κρατητικὸν
736 2366 765 2392 δὲ
789 2366 898 2392 πάντων

112 2416 147 2450 τῇ
172 2413 218 2440 τοῦ
244 2413 289 2440 νοῦ
310 2413 380 2439 κατὰ
404 2413 563 2448 περιουσίαν
577 2412 700 2448 δυνάμει,
718 2412 765 2438 καὶ
779 2412 812 2447 τῇ
828 2410 900 2437 κατὰ

113 2458 224 2494 λογικὴν
238 2459 391 2494 ἐπιστήμην
410 2459 586 2494 ἐπικρατείᾳ,
613 2459 659 2484 καὶ
684 2456 753 2484 κατὰ
771 2456 802 2484 τὸ
819 2455 897 2490 φύσει

112 2505 165 2542 τῆς
180 2504 268 2540 ψυχῆς
290 2503 437 2530 ἀδούλωτον
450 2504 496 2530 καὶ
507 2504 670 2540 ἀκράτητον.

153 2559 165 2576 τ
180 2557 265 2585 IIebr.
300 2566 327 2584 x.

989 2135 1111 2163 Humana
1131 2142 1238 2173 quoque
1251 2137 1312 2165 illas
1334 2137 1422 2165 forma
1439 2138 1608 2172 describunt,
1622 2145 1734 2177 propter

954 2181 1117 2216 intelligendi
1143 2182 1267 2217 celsaque
1284 2182 1423 2216 spectandi
1439 2183 1520 2216 vires,
1533 2184 1679 2220 formatque
1693 2193 1736 2213 re-

953 2226 1112 2254 ctitudinem
1131 2232 1159 2255 et
1175 2227 1351 2260 erectionem,
1367 2233 1448 2263 atque
1465 2229 1615 2257 naturalem
1632 2231 1735 2265 princi-

953 2271 1036 2307 paudi
1063 2272 1230 2307 regendique
1253 2274 1475 2309 prterogativam,
1498 2279 1527 2302 et
1551 2275 1624 2309 quod
1653 2276 1736 2303 homo

954 2325 1034 2344 sensu
1055 2317 1164 2351 quidem
1191 2322 1349 2345 cteterorum
1369 2320 1572 2354 comparatione
1591 2320 1735 2348 brtttorum

954 2363 1067 2391 minime
1089 2364 1188 2398 valeat,
1203 2364 1330 2392 omnibus
1347 2370 1437 2393 tamen
1458 2366 1572 2401 imperet
1593 2368 1736 2402 praestanti

955 2408 991 2441 vi,
1008 2410 1106 2436 mentis
1125 2417 1157 2437 ac
1179 2410 1350 2438 rationabilis
1370 2411 1492 2439 scientia!
1506 2412 1658 2446 dominatu,
1677 2413 1737 2439 ani-‘

955 2461 1053 2488 moque
1067 2460 1162 2483 natura
1176 2455 1262 2484 libero
1273 2462 1301 2485 et
1314 2457 1426 2486 invicto.

718 2631 834 2659 VARI/8
854 2630 1054 2659 LECTIONES.

152 2691 176 2709 ⁸³
188 2692 310 2726 ¹κυρίους,
325 2690 360 2719 Μ.
376 2690 405 2719 S.
422 2690 452 2726 Ρ,
465 2690 496 2717 ῐ).
535 2690 558 2707 ³³
572 2691 610 2722 ὡς
624 2697 676 2717 non
690 2690 770 2726 estin
785 2689 817 2726 Ι),
856 2689 878 2705 ³⁵
888 2689 1059 2726 participium
1074 2689 1141 2724 ἄγον
1159 2698 1211 2718 non
1225 2691 1326 2726 habent
1338 2690 1373 2718 Μ.
1388 2690 1417 2718 S.
1431 2689 1461 2717 P.
1477 2690 1507 2717 Β.
1520 2689 1614 2726 Itaque
1622 2689 1737 2717 Buda-u‘s

114 2724 246 2758 correxit,
258 2727 306 2753 καὶ
315 2726 370 2764 τῷν
381 2727 410 2752 ὲν
422 2724 473 2764 οἷς,
487 2726 562 2764 utad
583 2724 758 2764 ἀλλοιωτικρν
772 2724 918 2764 referatur.
932 2724 1033 2764 Eodem
1051 2725 1130 2764 modo
1144 2726 1242 2764 accipit
1253 2725 1448 2764 Pachym_e_res,
1463 2729 1490 2764 et
1509 2725 1543 2752 τὰ
1562 2725 1593 2751 ὲν
1599 2727 1739 2764 construit

114 2770 176 2789 eum
189 2756 370 2792 ἀλλοιωτικὸν,
383 2766 413 2788 ut
426 2756 472 2787 ﬂat.
487 2760 658 2787 ἁλλοιωτικὸν
671 2760 742 2786 κατὰ
752 2759 786 2786 τὰ
802 2760 831 2785 ὲν
842 2756 882 2790 οἷς
896 2759 930 2786 ἂν
941 2759 1095 2795 ἐγγένηται.
1110 2756 1306 2788 Carthusianus
1324 2756 1352 2788 ἐι
1368 2756 1546 2795 Dionysianus
1557 2760 1654 2795 codex,
1675 2759 1738 2785 item

114 2797 237 2830 antiquze
250 2804 344 2824 omnes
358 2795 549 2823 translationes
560 2795 625 2829 ἆγον
641 2796 751 2826 habent,
768 2799 796 2821 et
810 2798 939 2828 punctum
951 2799 1014 2820 ante
1025 2793 1207 2821 ἀλλοιωτικόν.
1227 2796 1249 2811 ³⁶
1262 2795 1392 2845 ςωπύρῳ,
1408 2793 1482 2822 ῡῖὃ.
1494 2795 1525 2821 Β.
1541 2795 1562 2810 ⁸⁷
1578 2793 1734 2829 ἀνώφυρονι

115 2833 136 2846 ιι
155 2831 194 2846 [τι.
221 2831 239 2846 n
261 2830 392 2846 λιι-κη..
415 2830 435 2846 1)
459 2830 646 2846 1τ........,...ι.;.ι
659 2829 753 2846 η-οηιιι
766 2829 960 2846 οῖηηῑηηιιιςηηη
974 2827 1008 2846 Qn
1028 2834 1052 2846 ηι
1067 2829 1118 2846 Qu.-
1139 2836 1287 2846 ,n‘nnnuni
1347 2831 1358 2846 ε
1372 2831 1414 2846 νηὶ
1430 2830 1497 2846 -..λ-
1525 2830 1543 2846 t:
1570 2829 1588 2846 Ι»
1615 2829 1653 2846 vi.
1688 2829 1734 2846 ςιιι.

115 2833 146 2858 Ι).
155 2827 206 2859 CII.
220 2831 249 2858 Β.
261 2830 401 2867 ὀξυ-κόρον,
415 2830 445 2857 Ρ.
459 2827 608 2867 Utrumque
622 2831 646 2867 in
659 2829 753 2867 agendi
766 2827 960 2867 signiﬁcatione
1028 2834 1056 2856 ct
1067 2829 1298 2867 S:tr._-expottuttt,

1372 2831 1420 2870 ml;
1430 2830 1508 2866 πρός,
1525 2830 1555 2856 S.
1569 2829 1599 2856 Ρ.
1615 2829 1667 2856 Cl).
1687 2829 1735 2855 Sc:

113 2868 176 2894 Sar.
214 2867 235 2883 ”
251 2863 443 2902 ἀφιστάμενον.
464 2864 497 2892 Μ.
537 2863 600 2892 “tv
612 2865 721 2896 πάσαις,
734 2864 764 2891 D.
778 2863 808 2891 Ρ.
822 2876 826 2880 -
845 2863 866 2879 δ’
883 2863 933 2897 Ch,
949 2864 1023 2892 addit
1046 2863 1192 2892 articulum
1207 2875 1213 2892 :
1230 2866 1279 2900 τῆς
1292 2865 1449 2900 θεαρχικῆς.

260 2913 396 2943 Ριτῐιοι.
415 2913 472 2944 Gn.
495 2911 550 2943 III.

1542 2911 1575 2939 11
