1931 3073
218 153 266 183 531

253 211 442 246 Quiuimo'fas
457 210 494 238 sit
511 211 593 238 etiam
614 217 646 237 cx
666 209 796 244 qualibet,
811 214 842 237 ut
866 210 996 242 arbitror,
1011 213 1034 242 Α

217 265 354 294 corporeze
380 262 479 285 nostra:
504 257 728 291 multipartitione
751 263 805 283 non
835 255 997 290 incongruas

217 304 347 340 imagines
361 303 483 335 haurire,
499 310 558 338 quae
575 302 701 330 ccclestes
715 302 831 329 virtutes
846 307 997 335 repraesen-

216 355 284 384 tent,
300 350 363 378 utsi
382 350 518 383 dicamus,
532 349 641 377 videndi
661 349 770 384 quidem
791 348 935 375 facultates
948 347 994 374 de-

214 397 319 424 clarare
339 395 599 430 perspicacissimam
611 394 646 421 ad
663 394 754 421 divina
774 393 875 420 lumina
899 399 992 427 suspe-

214 442 344 473 ctionem.
355 449 406 469 nec
419 449 472 469 non
485 440 637 475 simplicem
649 448 681 468 ac
692 440 823 476 liquidam
834 439 997 474 minimeque

212 488 408 523 refragantem,
431 487 479 515 sed
504 487 616 522 agilem,
644 494 798 521 puramque
820 485 996 520 patulumque

213 533 365 560 divinarum
394 532 606 561 illustrationum
641 533 700 561 sine
741 532 995 567 passiouevsusce-

213 578 340 614 ptionem.

247 623 400 650 Olfactuum
415 629 481 650 vero
492 621 665 650 discernendi
685 622 760 649 vires
776 621 832 649 vim
847 627 919 650 esse.
935 628 995 656 qua

210 673 329 696 mentem
341 668 495 703 superantis
506 667 661 702 fragrantia:
672 667 854 701 dimisionem,
864 674 995 703 quantum

212 714 293 749 13o
306 714 347 741 fas
362 718 414 746 est,
425 713 550 748 percipit,
566 720 663 748 resque
677 713 775 742 fetidas
792 714 880 748 perite
892 714 997 742 discer-

209 760 262 792 nit,
277 763 304 787 et
317 759 426 787 omnino
437 758 545 794 refugit.

243 805 280 832 At
297 805 403 832 aurium
424 804 552 837 virtutes,
572 804 598 832 id
613 804 684 839 quod
709 805 737 832 in
749 805 788 833 eis
804 809 846 832 est
860 804 996 840 particeps

208 850 386 885 cognitionis,
412 849 587 884 divinamque
609 849 679 882 scite
699 850 812 885 suscipit
837 849 995 885 inspiratio-

208 904 281 924 netn.
587 900 590 903 ‘

242 941 373 969 Gustandi
387 946 477 969 autem
492 941 626 976 potentias
641 941 706 976 ipsis
720 948 782 969 esse
793 941 922 969 'ciborum
937 941 993 976 spi-

207 987 325 1015 ritalium
342 988 505 1021 satietatem,
528 992 555 1015 et
570 988 722 1015 divinorum
746 992 829 1022 atque
848 987 992 1015 delicioso-

206 1041 266 1061 rum
282 1034 430 1061 rivulorum
445 1035 655 1069 susceptionem.

241 1078 360 1107 Tactiles
372 1087 452 1114 porro
466 1080 645 1112 sensationes,
660 1079 686 1106 id
698 1078 769 1114 quod
780 1079 808 1107 in
821 1079 860 1106 eis
874 1085 917 1107 res
929 1087 992 1115 pro-

205 1124 289 1152 ficuas
303 1124 435 1151 noxiasve
449 1131 510 1151 cum
525 1124 638 1152 scicntia
651 1123 792 1151 discernit.

242 1170 390 1206 Palpebras
417 1175 445 1198 et
460 1170 619 1205 supercilia,
655 1171 681 1198 id
705 1171 778 1205 quod
799 1169 991 1205 intelligendas

205 1217 385 1252 nationesque
399 1216 483 1244 divini
496 1220 623 1251 aspectus
632 1219 788 1244 conservat.

239 1261 435 1290 Pubescentem
446 1265 553 1289 aetatem
569 1268 601 1288 ac
615 1260 797 1295 iuventutem,
813 1261 866 1289 vim
881 1261 989 1289 vitalem

203 1314 264 1341 qua:
276 1313 384 1342 semper
394 1307 478 1343 viget.

239 1354 349 1388 Dentes,
372 1355 399 1382 id
414 1355 486 1390 quod
510 1355 631 1382 alimenti
657 1354 771 1382 adhibiti
792 1352 988 1389 perfectionem

203 1401 318 1429 dividit:
333 1402 459 1436 quaelibet
471 1402 542 1430 enim
555 1401 675 1430 essentia
692 1401 824 1436 spiritalis
836 1399 988 1427 uniusmodi

202 1447 420 1483 intelligentiam,
441 1455 520 1482 quam
542 1455 557 1474 a
575 1447 708 1474 diviniore
725 1445 854 1473 traditam
870 1445 986 1479 accepit,

202 1501 253 1529 pro
267 1493 403 1521 inferioris
414 1493 496 1521 ductu
518 1498 654 1528 captuque
669 1492 781 1527 provida
802 1491 903 1518 virtute
918 1490 988 1518 divi-

203 1541 242 1567 dit
259 1540 486 1575 multiplicatque.

238 1585 381 1618 Humeros,
398 1585 476 1613 ulnas
487 1590 515 1613 et
538 1592 646 1618 manus,
666 1583 823 1613 faciendiet
837 1582 933 1619 agendi
953 1589 986 1610 ac

200 1632 374 1669 perpetrandi
389 1632 453 1659 vim.

235 1736 289 1764 Cor
306 1739 396 1763 autem
415 1741 475 1763 esse
496 1734 647 1771 symbolum
667 1734 731 1761 vita:
752 1732 906 1766 deiformis,
925 1739 986 1768 quae

199 1782 254 1809 vim
275 1782 384 1809 vitalem
408 1788 484 1809 suam
505 1781 674 1808 deiformiter
695 1780 722 1808 in
746 1787 777 1808 ea
799 1780 899 1816 quibus
919 1786 986 1806 con-

199 1826 265 1854 sulit
285 1826 421 1861 dispertit.

235 1872 320 1900 Porro
342 1876 436 1907 pectus
450 1871 575 1899 dicamus
596 1871 741 1907 designare
754 1871 883 1898 virtutem
907 1868 986 1896 indo-

199 1919 337 1952 mabilem,
353 1922 380 1946 et
393 1926 453 1953 qua:
468 1918 603 1946 vivilicam
625 1918 826 1953 quodammodo
852 1915 984 1952 suppositi

199 1966 289 1993 cordis
304 1965 527 1993 diStributionem
547 1969 665 1992 tueatur.

235 2012 349 2040 Dorsum
363 2016 465 2045 autem,
478 2012 551 2038 illam
568 2011 620 2038 vim
632 2018 692 2045 quae
703 2009 803 2038 vitales
814 2016 909 2037 omnes
925 2008 983 2036 vir-

199 2061 272 2084 tutes
290 2057 423 2084 continet.

233 2101 318 2130 Pedes
333 2109 410 2135 vero,
426 2102 479 2129 vim
496 2103 634 2134 movendi,
651 2102 823 2130 celeritatem
834 2106 861 2130 et
872 2108 981 2129 cursum

198 2149 355 2183 sempiterni
378 2152 479 2180 motus,
499 2156 554 2183 quo
574 2148 608 2175 ad
622 2148 712 2175 divina
732 2149 854 2181 cientur;
871 2151 983 2182 propter

197 2194 269 2228 quod
294 2193 375 2220 etiam
401 2199 535 2229 pennatus
560 2198 715 2221 sanctarum
739 2193 980 2229 intelligentiarum

797 148 826 179 S.
844 148 993 179 DIONYSH
1009 149 1240 179 AREOPAGITE

1781 151 1836 179 σεε

1085 210 1162 236 Ἐστι
1176 209 1204 236 δὲ
1225 207 1271 235 καὶ
1283 207 1342 234 καθ’
1359 207 1472 235 ἕκαστον
1482 227 1490 240 ,
1510 206 1548 239 ὡς
1560 203 1636 243 οἶμαι
1647 225 1655 239 ,
1669 205 1718 242 τῆς
1740 215 1834 242 σωμα-

1047 257 1125 291 τικῆς
1141 257 1157 292 ἡ
1162 256 1219 292 μῶν
1233 255 1397 291 πολυμερίας
1410 254 1516 285 εἰκόνας
1528 253 1704 289 ἐναρμονίους
1713 253 1836 289 ἱξευρεῖν

1047 303 1101 329 τῶν
1115 302 1248 338 οὐρανίων
1260 302 1411 337 δυνάμεων,
1423 301 1586 336 φάσκοντας,
1597 299 1646 332 τὰς
1659 300 1708 335 μὲν
1719 299 1836 333 ὀπτικὼςΙ

1047 348 1187 383 ἐμφαίνειν
1207 347 1344 382 δυνάμεις,
1365 346 1414 382 τὴν
1430 346 1498 381 πρὸς
1511 345 1545 372 τὰ
1568 346 1627 372 θεῖα
1643 345 1720 380 φῶτα
1737 345 1835 372 διειδε-

1048 394 1148 428 στάτην
1162 393 1314 425 ἀνάνευσιν,
1339 392 1385 419 καὶ
1407 389 1553 427 αὖθιςίτὴν
1574 391 1663 426 ἁπλῆν
1685 390 1731 417 καὶ
1747 390 1835 426 ὑγρὰν

1046 440 1093 466 καὶ
1106 440 1156 466 οὐκ
1169 439 1323 469 ἀντίτυπον,
1339 437 1396 464 ἀλλ’
1407 436 1574 472 ὀξυκίνητον,
1591 435 1638 462 καὶ
1650 435 1773 471 καθαρὰν
1787 435 1835 461 καὶ

1046 484 1274 520 ἀναπεπταμένην
1301 482 1414 515 ἀπαθῶς
1440 482 1572 518 ὑποδοχὴν
1597 481 1653 508 τῶν
1680 481 1833 517 Θεαρχικῶν

1046 531 1215 567 ὲλλάμψεων.

1080 621 1135 654 Τὰς
1149 622 1177 649 δὲ
1192 621 1245 648 τῶν
1256 620 1416 658 ὀσφραντῶν
1427 619 1449 636 ⁴¹
1463 618 1633 655 διακριτικὰς
1646 617 1784 653 δυνάμεις,
1800 617 1834 644 τὸ

1044 669 1094 704 τῆς
1109 669 1178 704 ὑπὲρ
1193 668 1254 695 νοῦν
1267 667 1383 699 εὐώδους
1396 667 1549 698 διαδόσεως,
1563 666 1600 698 ὡς
1617 666 1735 701 ἐφικτὸν,
1755 666 1832 693 ἀντι-

1045 714 1173 750 λητιτικὸν
1189 713 1303 741 καὶτῶν
1322 713 1359 748 μὴ
1372 712 1500 739 τοιούτων
1519 712 1548 738 ἐν
1570 711 1709 747 ἐπιστήμῃ
1727 710 1832 746 διακρι-

1044 761 1129 792 τικὸν,
1144 760 1192 786 καὶ
1204 759 1302 791 ὑλικῶς
1315 757 1525 793 ἀποφευκτικόν.

1080 806 1134 838 Τὰς
1146 805 1174 832 δὲ
1183 805 1237 832 τῶν
1252 804 1327 831 ὢτων
1337 804 1477 839 δυνάμεις,
1490 803 1520 830 τὸ
1542 802 1683 838 μετοχικὸν
1699 802 1745 828 καί¹
1757 809 1830 836 γνω-

1045 850 1143 882 στικῶς
1156 849 1329 877 ὑποδεκτικὸν
1341 849 1391 884 τῆς
1405 848 1552 884 θεαρχικῆς
1566 847 1725 882 ἐπιπνοίαςη

1079 949 1134 982 Τὰς
1152 949 1181 976 δὲ
1194 947 1348 984 γευστικὰς,
1362 948 1412 984 τὴν
1432 947 1488 974 τῶν
1510 946 1613 982 νοητῶν
1636 945 1744 981 τροφῶν
1758 945 1828 972 ἁπο-

1043 997 1180 1033 πλήρωσιν
1191 1016 1197 1028 ,
1212 996 1259 1022 καὶ
1273 995 1303 1022 τὸ
1325 994 1379 1021 τῶν
1403 994 1482 1021 θείων
1498 993 1545 1020 καὶ
1569 993 1708 1029 τροφίμων
1726 991 1829 1027 ὀχετῶν

1043 1043 1229 1070 ὑποδεκτικόν.

1077 1086 1132 1118 Τὰς
1145 1085 1263 1118 ἁπτικὰς
1275 1085 1314 1117 δὲ,
1327 1086 1358 1112 τό
1376 1084 1424 1112 τοῦ
1443 1083 1599 1120 προσφυηῦς
1609 1083 1626 1119 ἢ
1637 1082 1684 1110 τοῦ
1696 1082 1828 1118 βλάπτον-

1041 1140 1086 1163 τος
1103 1133 1132 1159 έν
1143 1132 1283 1168 ἐπιστήμῃ
1296 1130 1500 1166 διαγνωστικὸν.

1076 1177 1116 1204 Τὰ
1131 1177 1252 1214 βλέφαρα
1265 1178 1293 1205 δὲ
1307 1178 1354 1204 καὶ
1367 1177 1416 1209 τὰς
1432 1176 1543 1212 ὀφρύας,
1558 1176 1589 1202 τὸ
1602 1175 1657 1202 τῶν
1676 1175 1826 1202 θεοπτικῶν

1040 1225 1158 1260 νοήσεων
1172 1224 1363 1260 φρουρητικόν.

1074 1271 1130 1306 Τὴν
1141 1270 1250 1306 ἡϐῶσαν
1264 1270 1291 1297 δὲ
1305 1271 1352 1297 καὶ
1362 1269 1487 1306 νεανικὴν
1500 1269 1617 1306 ἡλικίαν,
1631 1268 1662 1295 τδ
1671 1268 1720 1304 τῆς
1737 1268 1824 1294 ἐπακ-

1041 1316 1178 1353 μαζοιέσης
1189 1317 1232 1343 ἀεὶ
1245 1317 1361 1352 ζωτικῆς
1373 1316 1514 1352 δυνάμεως
1525 1316 1559 1342 ⁵³.

1074 1362 1143 1393 Τοὺς
1164 1361 1272 1393 ὀδόντας
1288 1361 1333 1394 δὲ,
1355 1362 1385 1388 τὸ
1400 1361 1563 1397 διαιρετικὸν
1585 1361 1634 1396 τῆς
1654 1360 1825 1395 ἐνδιδομένης

1038 1407 1170 1444 τροφίμου
1189 1407 1370 1442 τελειότητος’
1386 1406 1488 1442 ἑκάστη
1502 1406 1556 1441 γὰρ
1576 1406 1655 1432 οὐσία
1670 1406 1760 1441 νοερὰ,
1774 1405 1826 1441 τὴν

1038 1453 1208 1489 δωρουμένην
1221 1453 1289 1488 αὐτῇ
1311 1453 1378 1488 πρὸς
1392 1453 1441 1488 τῆς
1459 1452 1596 1488 θειοτέρας
1615 1451 1716 1487 ένοειδῆ
1731 1452 1826 1487 νόησιν

1039 1499 1202 1534 προνοητικῇ
1214 1498 1325 1533 δυνάμει
1339 1498 1439 1533 διαιρεῖ
1452 1498 1498 1524 καὶ
1508 1497 1678 1532 πληθεύει“,
1692 1497 1760 1532 πρὸς
1774 1496 1825 1532 τὴν

1037 1544 1088 1579 τῆς
1101 1544 1315 1580 καταδεεστέρας
1327 1544 1501 1580 ἀναγωγικὴν
1519 1542 1673 1577 ἀναλογίαν.

1073 1591 1143 1623 Τοὺς
1166 1590 1256 1626 ὤμους
1282 1590 1310 1616 δὲ
1335 1590 1382 1617 καὶ
1401 1590 1451 1622 τὰς
1472 1590 1590 1622 ὠλένας,
1611 1590 1658 1616 καὶ
1677 1587 1755 1620 αὖθις
1773 1589 1824 1621 τὰς

1038 1638 1146 1673 χεῖρας,
1168 1636 1198 1664 τὸ
1218 1635 1359 1672 ποιητικὸν
1373 1636 1420 1662 καὶ
1443 1635 1617 1671 ἐνεργητικὸν
1635 1635 1682 1661 καὶ
1707 1634 1823 1670 δραστή-

1039 1691 1106 1717 ριον.

1073 1727 1128 1763 Τὴν
1142 1727 1164 1754 δ’
1180 1725 1213 1754 αὖ
1232 1727 1361 1763 καρδίαν,
1384 1727 1516 1764 σύμϐολον
1535 1725 1605 1754 εἶναι
1615 1727 1666 1763 τῆς
1688 1725 1822 1758 θεοειδοῦς

1037 1773 1118 1809 ζωῆς,
1132 1774 1181 1809 τῆς
1201 1774 1251 1810 τὴν
1271 1774 1375 1801 οἰκείαν
1393 1773 1510 1809 ζωτικὴν
1529 1773 1641 1809 δύναμιν
1656 1772 1822 1807 ἀγαθοειδῶς

1036 1820 1076 1852 είς
1088 1820 1122 1846 τὰ
1139 1820 1323 1856 προνοούμενα
1337 1819 1556 1856 διασπειρούσης.

1071 1866 1112 1893 Τὰ
1127 1866 1224 1902 στέρνα
1233 1866 1261 1892 δὲ
1274 1864 1350 1898 αὖθις
1363 1866 1504 1901 ἐμφαίνειν
1515 1865 1537 1881 ⁸⁸
1548 1865 1578 1891 τὸ
1591 1865 1754 1900 ἀδάμαστον,
1772 1864 1820 1892 καὶ

1034 1912 1065 1939 τδ
1079 1912 1313 1948 φρουρητικδν,ὼς
1325 1912 1372 1939 ἐπὶ
1383 1912 1433 1948 τῆς
1446 1911 1630 1948 ὑποκειμένης
1643 1910 1756 1947 καρδίας
1770 1911 1820 1946 τῆς

1035 1956 1166 1989 ζωοποιοῢ
1179 1957 1332 1989 διαδόσεως.

1069 2013 1111 2040 Τὰ
1121 2013 1149 2040 δὲ
1161 2012 1247 2045 νῶτα,
1263 2013 1294 2040 τὺ
1313 2012 1470 2040 συνεκτικδν
1483 2013 1537 2040 τῶν
1552 2013 1691 2048 ζωογόνων
1704 2013 1819 2041 ἀπασῶν

1033 2058 1183 2094 δυνάμεων.

1068 2105 1137 2136 Τοὺς
1150 2104 1232 2136 πόδας
1247 2105 1286 2137 δὲ,
1301 2104 1332 2132 τὸ
1342 2105 1492 2141 κινητικὸν,
1509 2105 1555 2131 καὶ
1572 2104 1618 2138 ὀξὺ
1633 2104 1680 2131 καὶ
1692 2104 1818 2139 ὲντρεχὲς

1031 2148 1083 2183 τῆς
1099 2149 1145 2175 ἐπὶ
1166 2148 1202 2174 τὰ
1225 2148 1283 2175 Θεῖα
1306 2149 1471 2184 πορευτικῆς
1499 2148 1682 2184 ἀεικινησίας·
1706 2148 1747 2175 διδ
1770 2150 1818 2175 καὶ

1033 2195 1200 2230 ὑποπτέρους
1214 2196 1231 2230 ἡ
1251 2194 1373 2229 θεολογια
1393 2195 1456 2227 τοὺς
1470 2194 1525 2222 τῶν
1546 2194 1630 2228 ἁγίων
1649 2193 1717 2220 νοῶν
1735 2195 1817 2230 ἐσχη-

197 2240 278 2274 pedes
295 2240 429 2275 theologia
450 2240 541 2267 ﬁnxit.
556 2240 650 2268 Penna
667 2241 800 2275 siquidem
816 2240 936 2267 declarat
947 2240 980 2267 ad

1050 2242 1128 2267 duo:
1150 2240 1242 2272 πόδας.
1261 2241 1297 2267 Τὸ
1317 2241 1371 2276 γὰρ
1386 2241 1485 2276 πτερδν
1499 2240 1627 2276 ἐμφαίνει
1643 2239 1692 2275 τὴν
1710 2239 1818 2275 ἀναγω-

197 2287 324 2314 sublimia
351 2287 467 2314 ducendi
499 2287 691 2319 velocitatem,
717 2290 744 2313 et
769 2287 888 2315 caelestis
919 2286 982 2313 vita:

197 2338 318 2364 cursum.
333 2332 367 2359 ad
390 2332 526 2360 anteriora
553 2339 662 2368 semper
683 2337 764 2367 atque
782 2332 896 2360 celsiora
917 2340 983 2367 pro-

197 2383 363 2410 moventem,
373 2382 401 2404 et
415 2385 514 2412 supera
536 2377 665 2412 petendo,
680 2381 790 2404 terrena
815 2378 979 2412 fugientem:

195 2429 348 2456 pennarum
366 2423 438 2450 enim
458 2423 554 2450 levitas
569 2424 696 2458 designat
712 2424 738 2451 id
759 2424 830 2458 quod
855 2423 926 2450 nulla
945 2430 979 2450 ex

195 2471 275 2501 parte
295 2472 433 2495 terrenutn
444 2473 496 2500 est,
512 2469 559 2496 sed
574 2476 602 2496 se
616 2474 674 2496 toto
692 2469 751 2497 sine
765 2469 930 2496 admistione
946 2475 978 2496 ac

196 2512 329 2547 gravitate
339 2520 369 2540 su
375 2521 448 2541 rsum
458 2513 559 2546 fertur;
572 2515 680 2542 nuditas
692 2522 759 2543 vero
770 2514 978 2549 caiceorumque

196 2559 322 2592 privatio,
344 2560 471 2587 virtutem
487 2560 561 2587 illam
584 2561 750 2589 abstractam
768 2565 796 2588 et
809 2561 977 2596 expeditam,

196 2609 221 2630 et
233 2612 326 2638 puram
342 2604 376 2631 ab
388 2605 460 2632 omni
474 2610 586 2634 externo
597 2606 789 2640 additamento,
805 2615 865 2642 qua;
879 2606 978 2634 divina:

195 2649 368 2685 simplicitati.
386 2655 513 2686 quantum
527 2651 568 2680 fas
577 2657 629 2685 est,
643 2653 820 2681 assimilatur.

1032 2286 1113 2322 γικὴν
1134 2285 1267 2322 ὀξύτητα,
1291 2287 1340 2313 καὶ
1358 2285 1389 2312 τδ
1410 2286 1550 2320 οὐράνιον,
1573 2285 1621 2311 καὶ
1639 2285 1669 2312 τὸ
1695 2284 1764 2320 πρὸς
1785 2284 1818 2311 τὸ

1031 2333 1144 2365 ἄναντες
1156 2333 1348 2369 ὁδοποιητικδν,
1364 2334 1412 2361 καὶ
1422 2334 1454 2360 τὸ
1468 2334 1568 2366 παντὸς
1591 2333 1760 2370 χαμαιζήλου
1772 2334 1818 2362 διὰ

1030 2380 1061 2406 τὸ
1074 2379 1211 2415 ὰνώφορον
1224 2380 1403 2416 ἐξῃρημένον·
1417 2380 1434 2415 ἡ
1446 2379 1475 2406 δὲ
1491 2379 1544 2406 τῶν
1566 2381 1672 2416 πτερῶν
1688 2381 1816 2417 ὲλαφρία,

1029 2426 1061 2452 τὺ
1083 2426 1152 2452 κατὰ
1180 2426 1261 2462 μηδὲν
1287 2426 1449 2462 πρόσγειον,
1481 2426 1538 2453 ἀλλ’
1560 2427 1621 2453 ὅλον
1643 2427 1750 2463 ἀμιγῶς
1769 2428 1817 2454 καὶ

1030 2473 1140 2509 ἀϐαρῶς
1156 2474 1203 2500 ἐπὶ
1216 2473 1246 2499 τὺ
1260 2472 1360 2509 ὑψηλὸν
1376 2473 1542 2509 ἀναγόμενον
1551 2483 1557 2489 “
1572 2474 1603 2501 τὸ
1612 2474 1640 2501 δὲ
1652 2475 1753 2510 γυμνὸν
1767 2476 1816 2502 καὶ

1030 2519 1202 2551 ἀνυπόδετον,
1216 2519 1246 2545 τὸ
1256 2519 1365 2553 ἄφετον,
1379 2520 1426 2546 καὶ
1439 2519 1559 2552 εὔλυτον,
1574 2521 1622 2546 καὶ
1631 2520 1755 2556 ἄσχετον,
1767 2522 1815 2548 καὶ

1030 2563 1179 2599 καθαρεῦον
1197 2564 1246 2599 τῆς
1259 2563 1312 2589 τῶν
1336 2564 1414 2595 ὲκτὸς
1437 2564 1611 2601 προσθήκης,
1632 2565 1678 2592 καὶ
1696 2566 1727 2592 τὸ
1746 2566 1816 2601 πρὸς

1029 2610 1079 2645 τὴν
1093 2609 1229 2646 ἁπλότητα
1242 2610 1291 2645 τὴν
1304 2609 1378 2636 θείαν
1395 2610 1432 2642 ὡς
1446 2611 1555 2646 ἐφικτὸν
1568 2611 1775 2647 ἀφομοιωτικόν.

829 2751 872 2780 VA
877 2751 945 2779 RLE
960 2751 1158 2781 LECTIONES.

229 2854 252 2869 δ’
265 2851 460 2887 ὀσφραντικῶν,
475 2852 509 2881 Μ.
523 2853 569 2881 Sc.
585 2853 616 2880 P.
654 2853 677 2869 ⁸³
688 2852 779 2880 subdit
799 2852 849 2880 Ch.
866 2853 933 2879 νέον.
972 2853 994 2869 ⁸⁵
1011 2852 1155 2889 πληθύνει,
1168 2852 1201 2881 Ρ.
1215 2855 1247 2882 Ι).
1259 2854 1370 2887 ΟΙι.ρ,⁸⁵
1383 2854 1522 2889 ἐμφαίνει,
1535 2853 1569 2881 Μ.
