1931 3073
103 177 157 206 333

595 172 639 199 DE
654 169 816 200 C(ELESTI
833 170 1056 203 HIERARCHIA,
1074 170 1150 199 CAP.
1170 170 1229 199 XV;

1677 173 1729 202 δδι

872 241 886 276 §
905 241 958 270 ιν.

145 324 214 352 Ἀλλ’
228 322 322 359 ἐπειδὴ
334 320 411 355 αὖθις
426 323 442 359 ἡ
457 323 528 359 ἁπλῆ
545 322 592 350 καὶ
607 323 795 355 πολυποίκιλος
811 323 891 358 σοφία

979 324 1124 357 Carlerum,
1140 330 1201 351 cum
1219 328 1312 350 rurSus
1327 323 1441 357 simplex
1453 322 1497 350 illa
1515 327 1542 351 et
1558 323 1730 353 multiformis

103 372 152 399 καὶ
162 371 226 402 τοὺς
238 371 367 401 ἀσκεπεῖς
381 369 554 405 ἀμφιέννυσι,
568 370 614 396 καὶ
628 368 712 404 σκεύη
730 369 791 396 τινὰ
801 369 892 396 δίδωσι

103 417 265 454 περιφέρειν
278 417 379 448 αὐτοῖς,
400 416 466 450 φέρε
481 416 528 442 καὶ
546 415 581 442 τὰ
599 415 653 442 τῶν
672 415 806 451 οὐρανίων
824 415 892 441 νοῶν

105 463 167 500 ἱερὰ
178 462 366 499 περιϐλήματα
379 463 426 488 καὶ
436 461 548 497 ὄργανα,
563 461 634 488 κατά
648 461 679 487 τὸ
694 462 759 496 ἡμῖν
770 460 892 492 δυνατὸν,

104 507 312 543 ἀναπτύξωμεν.

140 554 196 590 Τὴν
214 553 264 589 μὲν
284 553 338 588 γὰρ
355 554 442 589 φανὴν
463 552 565 588 ἐσθῆτα
581 553 626 579 καὶ
638 553 687 588 τὴν
704 551 814 588 πυρώδη
841 560 892 587 οη-

106 598 211 635 μαίνειν
223 598 314 635 οἴομαι
330 599 360 625 τὸ
382 599 496 630 Θεοειδὲς
520 598 591 625 κατὰ
611 598 661 634 τὴν
678 599 764 634 πυρὸς
787 597 890 628 είκόνα,

104 645 153 672 καὶ
165 644 197 672 τὸ
210 645 372 679 φωτιπικὸν
385 644 430 672 διὰ
443 645 493 676 τὰς
505 645 533 672 ὲν
549 644 655 680 οὐρανῷ
666 644 766 679 λήξεις,
782 644 848 670 ὅπου
861 644 891 670 τὸ

105 693 174 728 φῶς,
192 693 239 719 καὶ
256 691 286 718 τὺ
301 691 414 718 καθόλου
437 690 538 725 νοητῶς
555 690 701 726 ὲλλάμπον,
719 690 766 716 καὶ
791 689 891 724 νοερῶς

103 737 127 754 ⁸⁸
138 735 341 771 ἐλλαμπόμενον
359 743 365 749 ·
383 735 432 770 τὴν
447 735 476 761 δὲ
488 735 637 770 ἱερατικὴν,
653 734 684 761 τδ
704 735 772 770 πρὸς
784 734 820 761 τὰ
832 734 892 760 Θεῖα

103 783 152 810 καὶ
163 782 198 808 τὰ
213 782 235 798 ⁸⁷
250 781 368 817 μυστικὰ
378 781 501 817 θεάματα
512 782 729 816 προσαγωγικον,
743 781 790 807 καὶ
800 781 830 808 τὸ
842 782 891 817 τῆς

104 829 169 864 ὅλης
183 828 255 864 ζωῆς
273 828 473 864 ἀφιερωμένον.

141 875 197 907 Τὰς
212 875 240 901 δὲ
252 874 348 907 ζώνας,
361 875 390 901 τὺ
401 874 455 901 τῶν
471 875 590 910 γονίμων
606 874 695 901 αὐτῶν
712 875 892 910 φρουρητικὺν

103 921 254 955 δυνάμεων,
267 921 313 947 καὶ
330 920 361 946 τὺ
369 920 419 955 τὴν
435 920 592 954 συνάγωγον
606 919 695 946 αὐτῶν
707 919 773 952 ἕξιν,
788 919 828 950 είς
843 920 892 945 αὺ-

102 967 152 1002 τὴν
165 967 186 982 “
203 966 311 998 ὲνιαίως
323 965 534 1002 συνεστράφθαι,
552 967 598 992 καὶ
611 966 704 1001 κύκλῳ
734 966 792 1000 μετ’
812 966 893 992 εὐκο-

945 370 1075 405 sapientia
1088 369 1174 396 nudos
1191 376 1301 404 quoque
1316 368 1424 402 vestiat,
1441 374 1468 396 et
1481 370 1604 404 quadam
1618 371 1650 398 iis
1666 379 1729 399 vasa

946 416 1035 443 tradat
1064 415 1140 451 131
1162 415 1395 445 circutnferenda;
1421 415 1535 450 agedum
1564 416 1621 451 ipsa
1647 417 1729 444 etiam

945 470 1022 490 sacra
1043 461 1192 489 caelestium
1216 461 1361 497 spirituum
1384 461 1553 496 operimenta
1579 468 1607 489 et
1628 463 1730 492 instru-

948 511 1047 537 menta.
1064 510 1144 541 pront
1156 512 1312 540 possumus,
1326 505 1503 540 explicemus.

979 553 1018 580 Ac
1038 552 1154 580 lucidam
1173 552 1282 586 quidem
1300 556 1404 579 vestem
1427 552 1598 588 igneamque,
1613 554 1723 589 signiﬁ-

944 607 1008 627 care
1031 598 1151 626 arbitror
1163 596 1377 625 deiformitatem
1389 605 1422 625 ex
1445 598 1514 632 ignis
1539 599 1729 631 similitudine.

945 650 972 672 et
995 645 1049 671 vim
1079 643 1246 674 illustrandi.
1269 647 1382 678 propter
1404 643 1466 672 coeli
1493 645 1729 679 tranquillitatem.

945 693 990 719 ubi
1013 691 1058 719 lux
1074 695 1129 722 est,
1151 695 1179 717 et
1201 690 1273 725 quod
1293 690 1404 717 omnino
1425 689 1586 725 spiritaliter
1610 691 1730 718 illustrat

945 743 971 766 et
985 738 1154 768 illustratur;
1165 734 1332 770 pontiﬁciam
1346 740 1451 769 autem,
1462 736 1489 763 id
1502 736 1574 771 quod
1586 737 1620 764 ad
1635 737 1730 764 divina

945 784 1111 820 mysticaqlte
1135 781 1291 817 spectacula
1314 780 1455 814 conducit,
1484 785 1624 816 totamque
1646 782 1731 809 vitam

946 833 1100 857 consecrat.

981 875 1069 903 Zonas
1086 879 1176 902 autem
1192 881 1254 902 esse
1268 874 1397 901 virtutum
1420 874 1573 902 custodiam
1599 874 1731 902 fecunda-

946 931 1017 954 rum,
1030 928 1179 956 earumque
1204 920 1328 948 habitum
1350 919 1507 953 collectum,
1522 921 1568 955 qui
1583 920 1610 948 in
1627 925 1731 948 semet-

946 970 1005 1003 ipso
1034 968 1212 1002 singulariter
1232 973 1399 998 conversus,
1420 966 1577 1001 circuloque
1597 966 1732 995 concinno

106 1013 197 1047 σμξας,
212 1014 246 1048 τῇ
264 1011 452 1047 ἀμεταπτώτῳ
464 1011 609 1047 ταύτότητι
624 1012 688 1047 περὶ
706 1012 804 1045 ἑαυτὴν
816 1020 892 1037 συνε-

957 1013 1127 1048 ndissipabili
1142 1012 1286 1040 identitate
1305 1012 1462 1039 succinctus
1479 1012 1524 1039 sit.

104 1057 253 1084 λίσσεσθαι.

879 1113 947 1150 §v.

141 1207 198 1239 Τὰς
214 1207 243 1234 δὲ
254 1205 288 1234 αὖ
306 1207 429 1243 ῥάϐδους,
445 1207 476 1234 τὸ
493 1207 629 1243 βασιλικὸν
655 1207 701 1233 καὶ
720 1201 891 1242 ἡγεμονικὸν,

104 1253 152 1280 καὶ
165 1253 246 1280 εὐθέα
254 1253 289 1281 τὰ
303 1254 392 1281 πάντα
408 1255 544 1288 περαῖνον.

140 1299 182 1326 Τὰ
190 1299 218 1325 δὲ
231 1299 330 1336 δόρατα
342 1301 390 1327 καὶ
407 1301 471 1332 τοὺς
487 1300 621 1332 πελέκεις,
637 1299 668 1326 τὸ
690 1299 743 1326 τῶν
761 1299 893 1335 ἀνομοίων

103 1346 277 1381 διαιρετικὸν,
295 1346 342 1373 καὶ
361 1346 391 1373 τὺ
409 1345 463 1372 τῶν
489 1346 663 1381 διακριτικῶν
681 1346 823 1381 δυνάμεων
846 1344 892 1378 ὀξὺ

105 1393 152 1418 καὶ
170 1392 291 1428 ὲνεργὲς,
307 1392 354 1419 καὶ
365 1392 537 1428 δραστήριον.

142 1437 184 1463 Τὰ
199 1437 226 1464 δὲ
243 1438 417 1473 γεωμετρικὰ
437 1438 484 1464 καὶ
498 1437 641 1464 τεκτονικά
660 1437 754 1473 σκεύη,
769 1436 800 1464 τὸ
811 1437 893 1472 θεμε-

105 1483 231 1509 λιωτικὺν
256 1484 303 1510 καὶ
325 1483 540 1519 οἰκοδομητικὸν,
561 1483 607 1510 καὶ
627 1483 658 1509 τὸ
679 1483 848 1510 τελειωτικὸν
858 1483 892 1516 δ’,

105 1528 152 1554 καὶ
178 1528 228 1554 ὅσα
250 1527 317 1554 ἄλλα
335 1528 386 1562 τῆς
405 1526 548 1561 ἀναγώγου
565 1527 588 1542 ⁸ο
612 1526 659 1553 καὶ
681 1526 893 1562 ἐπιστρεπτικῆς

104 1575 163 1601 ἐστι
177 1574 232 1600 τῶν
247 1574 382 1609 δευτέρων
399 1575 537 1610 προνοίας.

143 1621 221 1647 Ἐστι
244 1620 272 1647 δὲ
289 1620 332 1646 ὅτε
348 1621 396 1647 καὶ
417 1620 472 1649 τῶν
496 1621 535 1652 εὶς
557 1621 631 1656 ἡμᾶς
653 1621 812 1657 θεοκρισιῶν
834 1621 892 1648 ἐστι

105 1666 238 1702 σύμϐολα,
247 1666 281 1693 τὰ
294 1666 466 1702 πλαττόμενα
476 1667 530 1693 τῶν
540 1667 626 1701 ἁγίων
635 1667 760 1702 ἀγγέλων
771 1668 890 1705 δργανα·
909 1662 930 1690 C

102 1714 159 1740 τῶν
182 1714 242 1749 μὲν,
259 1713 409 1749 δηλούντων
421 1714 642 1750 ἐπανορθωτικὴν
665 1715 798 1747 παιδείαν,
815 1715 831 1750 ἢ
853 1724 894 1741 τι-

104 1759 197 1795 μωρὸν
213 1759 384 1795 δικαιοσύνην
399 1769 405 1775 ⁸
423 1760 476 1786 τῶν
499 1760 527 1786 δὲ
551 1761 737 1796 περιστάσεων
754 1762 775 1777 ⁵¹
787 1761 894 1788 ἐλευθε-

104 1805 177 1841 ρίαν,
194 1805 211 1841 ἢ
226 1805 349 1837 παιδείας
368 1805 454 1838 τέλος,
470 1805 487 1842 ἢ
509 1807 644 1843 προτέρας
661 1807 807 1839 εὐπαθείας
827 1808 894 1834 ἐπα-

104 1851 230 1886 νάληψιν,
253 1852 269 1887 ἢ
292 1851 450 1888 προσθήκην
481 1853 582 1888 ἐτέρων
602 1853 721 1889 δωρεῶν,
739 1853 846 1889 μικρῶν
876 1853 892 1889 ἢ

106 1896 232 1932 μεγάλων
245 1915 253 1928 ,
288 1896 422 1932 αἰσθητῶν
447 1897 463 1933 ἢ
488 1897 607 1933 νοητῶν·
630 1899 676 1925 καὶ
702 1899 770 1930 ὅλως
792 1899 842 1924 οὐκ
862 1898 895 1924 ἂν

103 1943 268 1979 ἀπορήσειεν
287 1944 302 1969 ὁ
331 1943 483 1979 διορατικὺς
504 1943 622 1980 ⁸²ςνοῦς,
647 1945 754 1977 οἰκείως
775 1945 894 1980 ἁρμόσαι

103 1991 162 2021 τοῖς
173 1989 288 2024 ἀφανέσι
296 1988 330 2016 τὰ
342 1990 499 2026 φαινόμενα.

985 1204 1084 1241 Virgas
1106 1212 1170 1232 vero
1188 1205 1334 1240 designare
1350 1205 1452 1240 regiam
1467 1209 1495 1232 et
1509 1204 1631 1232 ducalem
1645 1205 1733 1239 digni-

948 1257 1043 1284 tatem,
1066 1257 1224 1287 rectamque
1245 1259 1335 1279 rerum
1350 1251 1503 1280 divinarum
1522 1251 1732 1280 ordinationem.

984 1297 1083 1325 Hastas
1096 1302 1124 1325 et
1139 1305 1260 1331 secures,
1275 1297 1329 1324 vim
1347 1297 1491 1324 dissimilia
1511 1296 1660 1329 dividendi,
1676 1297 1733 1324 vir-

947 1348 1088 1378 tutumque
1107 1344 1262 1371 discernere
1282 1342 1432 1370 valentium
1454 1350 1569 1370 acumen
1592 1348 1619 1370 et
1638 1343 1734 1371 activi-

947 1393 1042 1422 tatem,
1058 1393 1139 1424 atque
1151 1388 1354 1416 eﬂicacitatem.

982 1432 1157 1463 Geometricu
1183 1433 1345 1468 fabriliaque
1370 1440 1444 1466 vasa,
1460 1432 1590 1473 fundandi
1606 1437 1633 1461 et
1651 1433 1735 1461 aedili-

948 1482 1027 1510 candi
1040 1480 1251 1515 ahsolvendique
1266 1480 1438 1514 facultatem,
1452 1483 1480 1507 et
1496 1487 1667 1515 quaecunque
1680 1480 1734 1507 alia

947 1528 1092 1556 inferiores
1109 1528 1258 1556 adducendi
1281 1532 1309 1555 et
1331 1527 1508 1555 convertendi
1534 1527 1734 1563 providentiam

946 1579 1125 1603 concernuttt.
1383 1572 1386 1576 ’

944 1620 1086 1655 ςΔοοῑάὶι
1112 1628 1222 1657 quoque
1250 1628 1458 1656 nonnunquam,
1487 1625 1518 1648 ut
1545 1621 1728 1649 instrumenta

947 1676 1007 1703 quae
1032 1668 1134 1696 sanctis
1157 1666 1260 1701 angelis
1283 1665 1469 1703 amnguntur,
1493 1667 1647 1695 divinorum
1669 1675 1733 1703 erga

946 1722 997 1742 nos
1008 1714 1172 1749 iudiciorum
1187 1714 1310 1750 symbola
1325 1715 1457 1748 existant,
1475 1714 1541 1742 dum
1556 1714 1610 1742 alia
1624 1715 1735 1749 quidem

946 1762 1139 1789 correctricem
1165 1762 1338 1797 disciplinam
1362 1762 1554 1797 vindicemque
1579 1762 1735 1797 justitiam.

946 1807 999 1834 alia
1020 1814 1086 1835 vero
1108 1806 1223 1842 periculi
1250 1807 1452 1840 liberationem,
1478 1807 1522 1835 vel
1537 1807 1688 1843 disciplinae
1704 1807 1736 1834 li-

948 1860 1022 1886 nem,
1043 1852 1087 1879 vel
1112 1852 1234 1887 pristinte
1257 1852 1399 1881 felicitatis
1426 1853 1642 1887 restitutionem,
1667 1853 1736 1890 alio-

948 1905 1048 1934 rumve
1059 1905 1215 1930 munerum,
1231 1904 1293 1924 cum
1310 1897 1472 1934 exiguorum
1489 1905 1546 1926 tum
1563 1905 1734 1934 magnorum,

947 1951 1011 1972 cum
1035 1940 1184 1971 ‘sensilium
1212 1947 1268 1970 tum
1300 1943 1524 1972 intellectualium
1554 1944 1735 1980 adiectionem

948 1988 1123 2017 manifestam
1133 1994 1144 2008 ³
1161 1998 1168 2022 ;
1181 1996 1269 2023 neque
1280 1996 1346 2017 vero
1357 1989 1489 2018 dubitavit
1500 1989 1555 2017 ullo
1565 1989 1645 2017 modo
1658 1997 1736 2030 mens

948 2034 1102 2070 perspicax,
1126 2035 1245 2063 visibilia
1268 2034 1380 2071 proprie
1401 2034 1484 2063 rebus
1512 2042 1572 2070 quae
1596 2039 1735 2070 aspectum

950 2080 1058 2116 fugiunt
1070 2082 1286 2110 accommodare.

883 2160 898 2196 ς
915 2157 968 2189 vt.

143 2254 181 2281 Τὸ
192 2253 220 2281 δὲ
237 2253 284 2281 καὶ
298 2253 415 2289 ἀνέμους
427 2252 528 2284 αὐτοὺς
540 2251 729 2287 ὀνομάζεσθαι,
740 2251 790 2287 τὴν
804 2251 895 2284 ὀξεῖαν

107 2298 197 2326 αὐτῶν
214 2298 340 2334 ἐμφαίνει
356 2298 403 2324 καὶ
415 2298 462 2324 ἐπὶ
484 2297 572 2324 πάντα
592 2297 683 2331 σχεδὸν
705 2297 826 2332 ἁχρόνως
840 2297 898 2332 διή-

107 2353 208 2372 κουσαν
223 2343 331 2380 ποίησιν
346 2343 379 2376 ⁸³,
395 2344 442 2370 καὶ
455 2343 504 2379 τὴν
518 2343 620 2370 ἄνωθεν
638 2342 685 2370 ἐπὶ
700 2342 735 2369 τὰ
751 2343 837 2375 κάτω,
851 2343 898 2370 καὶ

107 2387 187 2422 αὖθις
199 2390 232 2415 ὲκ
243 2388 298 2415 τῶν
309 2389 384 2416 κάτω
396 2389 464 2424 πρὸς
475 2387 505 2415 τὸ
517 2388 630 2420 ἄναντες
640 2387 891 2425 διαπορθμευτικὴν

107 2434 224 2469 κίνησιν,
241 2434 291 2469 τὴν
307 2433 496 2460 ἀνατείνουσαν
514 2432 563 2467 μὲν
581 2431 617 2458 τὰ
643 2431 756 2468 δεύτερα
778 2434 846 2469 πρὸς
866 2434 897 2460 τὸ

107 2479 259 2515 ὑπέρτερον
276 2478 351 2513 ὕψος,
369 2477 495 2505 κινοῦσαν
506 2477 534 2504 δὲ
556 2477 591 2504 τὰ
607 2477 703 2514 πρῶτα
718 2479 787 2515 πρὸς
801 2488 897 2506 κοινω-

107 2525 187 2561 νικὴν
198 2525 246 2551 καὶ
266 2525 446 2561 προνοητικὴν
462 2525 517 2552 τῶν
533 2525 686 2561 ὑφειμένων
702 2527 825 2563 πρόοδον.
847 2527 896 2553 Εἴ-

108 2578 155 2597 ποι
171 2570 194 2596 δ’
205 2569 239 2597 ἀν
255 2578 297 2601 τις
322 2569 371 2605 τὴν
388 2569 436 2596 τοῦ
460 2571 551 2606 ἀερίου
575 2571 729 2607 πνεύματος
750 2572 896 2608 ἀνεμιαίαν

986 2250 1064 2284 Quod
1077 2255 1171 2278 autem
1186 2255 1261 2278 venti
1285 2252 1461 2281 nominentur
1475 2255 1497 2287 ι,
1514 2254 1567 2281 hoc
1581 2261 1675 2282 eorum
1689 2262 1736 2283 ce-

951 2296 1034 2324 lerem
1049 2297 1210 2325 conﬁciendi
1224 2297 1357 2326 rationem
1370 2299 1484 2333 indicat,
1499 2299 1533 2327 ad
1546 2301 1638 2328 omnia
1651 2300 1737 2328 ferme

949 2343 1053 2378 absque
1075 2350 1151 2371 mora
1172 2349 1372 2378 penetrantem,
1391 2353 1495 2381 susque
1509 2346 1597 2382 deque
1612 2346 1683 2375 ultro
1696 2349 1737 2375 ci-

950 2393 1048 2424 troque
1066 2397 1283 2425 quaquaversum
1303 2392 1462 2426 permeandi
1483 2392 1651 2431 facultatem,
1676 2401 1737 2429 qua:

950 2437 1081 2466 inferiora
1096 2439 1206 2474 quidem
1231 2440 1264 2467 ad
1284 2439 1453 2475 superiorem
1474 2444 1631 2475 promoveat
1649 2440 1737 2467 subii--

953 2483 1084 2517 mitatem,
1098 2484 1187 2519 prima
1204 2492 1270 2512 vero
1284 2490 1393 2513 moveat
1405 2486 1439 2513 ad
1461 2485 1603 2520 providum
1617 2490 1645 2513 et
1661 2493 1736 2513 eom-

953 2529 1138 2557 municantem
1154 2537 1183 2558 se
1202 2531 1379 2559 inferioribus
1395 2531 1534 2566 illapsum.
1547 2531 1638 2559 Possit
1652 2532 1735 2560 etiam

954 2575 1016 2609 quis
1032 2575 1123 2604 dicere
1144 2581 1287 2604 ventosum
1303 2577 1368 2605 illud
1394 2585 1492 2606 nomen
1519 2578 1632 2613 spiritus
1655 2579 1734 2611 aerii,

159 2653 172 2668 ι
184 2647 266 2675 Νυηι.
280 2655 352 2681 ntt;
372 2648 394 2676 ll
410 2647 478 2684 Reg.
491 2657 570 2683 xxiv;
587 2651 671 2684 Apoc.
690 2659 740 2684 xx;
757 2653 841 2680 Amos
857 2660 893 2680 vtt

953 2653 1025 2682 Lach.
1044 2663 1091 2687 ut;
1112 2655 1170 2683 Jer.
1188 2664 1266 2685 xxtv.
1309 2655 1545 2695 iDan-vu;Psal.
1559 2669 1628 2696 xvn;
1641 2667 1701 2689 cut.

735 2729 848 2756 VARI/li
865 2730 1063 2760 LECTIONES.

148 2817 172 2859 _“
183 2816 328 2859 ﬁ‘voepéc,
341 2816 459 2859 δεμ).
473 2816 524 2859 Cll.
538 2817 590 2859 5ο.¹
608 2817 631 2833 ⁸⁷
643 2818 678 2845 τά
689 2825 741 2857 non
757 2818 857 2859 habent
872 2819 949 2859 P._D.
962 2821 1050 2859 ϐίῃ-⁸³
1061 2823 1111 2859 ¹εἰς
1121 2824 1230 2859 ἑαυτήν,
1245 2823 1274 2850 S.
1291 2823 1321 2850 P.
1338 2823 1369 2850 Ι).
1383 2823 1429 2850 Sc.
1463 2824 1485 2839 ⁸⁹
1499 2824 1547 2850 καὶ
1559 2821 1732 2859 οἰκοδομικὸν

111 2852 341 2895 ξαὶηιςελειώτκί).
356 2852 401 2895 ﬂ“
416 2852 555 2895 legendum
578 2852 729 2895 ἀναγωγοῖξ.
764 2853 789 2895 _"
802 2856 997 2895 περιστάσεως,
1016 2857 1047 2884 D.
1068 2852 1118 2886 Cli.
1141 2852 1228 2886 ScoL'
1254 2859 1276 2874 "
1294 2866 1340 2894 γρ.
1357 2859 1534 2895 διακριτικός.
1574 2859 1596 2874 ⁸³
1616 2852 1730 2895 πτῆσιν,

111 2888 144 2916 D.
158 2887 239 2915 Cb.ut
250 2887 393 2922 explicatio
405 2892 447 2915 est
465 2887 549 2922 illius,
562 2895 595 2916 el
611 2888 720 2915 Maximi
733 2887 851 2917 scholio‘.
