1931 3073
136 150 167 178 ’·
213 167 265 207 $55

797 176 824 204 S.
843 175 992 204 DlONYSll
1010 175 1241 204 AREOPAGITXE

1779 174 1830 203 336

211 234 364 263 caelestium
372 234 612 270 intelligentiarum
619 233 829 262 deiiormitatem
836 233 977 270 designare

1047 234 1213 270 ἐπωνυμίαν,
1227 234 1272 261 καὶ
1279 232 1309 259 τὸ
1322 232 1434 264 οεοειδὲς
1446 232 1499 259 τῶν
1512 232 1642 268 οὐρανίων
1653 233 1721 261 νόων
1730 235 1830 269 ἐμφαί-

212 281 348 317 siquidem
361 285 389 309 et
410 281 449 309 illi
463 282 562 310 divina:
576 280 745 308 ellicacitatis
761 281 850 316 imago
872 281 993 316 qumdatn

212 327 285 354 inest
298 334 331 355 ac
347 327 433 362 figura
450 326 533 363 (sicut
544 327 740 364 in'Symbolica
754 326 908 363 Theologia,
917 327 994 362 juxta

213 373 359 408 mysticam
392 378 509 409 quatuor
537 374 734 402 elementorum
762 373 992 409 explicationem,

213 417 293 453 132
317 418 441 452 pluribus
456 426 471 446 a
490 419 568 446 nobis
582 419 798 447 demonstratum
820 419 884 454 est),
900 426 994 454 nempe

211 464 246 491 ob
260 465 394 492 viviﬁcam
408 464 583 492 mobilitatem
598 465 771 499 veloccmque
782 469 810 492 et
824 464 994 499 insuperabi-

211 509 265 537 lem
282 514 412 542 meatum,
425 517 478 537 nec
502 517 556 538 non
571 509 767 545 inaSpectabile
781 509 922 537 latibulum
937 518 995 538 mo-

209 555 332 583 ventium
355 555 550 590 principiorum
572 563 604 584 ac
626 555 859 584 terminationum.
881 555 992 588 Nescis,

210 600 282 628 enim
300 600 396 635 inquit,
413 600 482 628 unde
496 601 591 633 ueniat,
606 606 651 627 aut
665 609 716 636 quo
731 601 810 628 vadat
826 607 852 627 ιι.

245 645 315 678 Quin
335 646 418 673 etiam
438 646 479 674 eis
496 646 629 681 theologia
652 647 731 674 nubis
746 647 863 682 speciem
879 645 991 682 attingit.

209 691 260 718 hoc
293 692 352 726 ipso
383 699 475 720 sacras
507 692 697 727 intelligentias
726 693 866 720 declarans
893 700 993 720 arcano

208 737 326 771 quodam
341 737 442 765 lumine
453 738 712 772 supermundialiter
726 739 852 774 repletas,
867 739 991 774 primilu-

209 790 270 810 cam
285 783 358 810 illam
377 784 576 818 apparitionem
588 786 648 813 sine
659 784 730 812 fastu
745 785 896 819 suscipere,
908 790 992 819 atque

208 828 360 856 luculenter
382 829 506 857 eamdem
528 830 555 857 in
578 829 710 858 inferiora
737 837 786 865 per
809 830 990 857 remissiorcm

208 873 416 901 illustrationem
435 882 483 909 pro
501 875 608 903 illorum
630 881 710 910 captu
727 875 927 908 transfundere,
941 883 991 904 nec

207 925 262 946 non
284 919 344 947 illas
363 919 474 955 insuper
492 919 676 954 fecunditate,
692 926 772 956 atque
791 921 926 949 animandi
942 929 991 948 au-

207 964 340 1000 gendique
359 973 390 993 ac
411 966 571 1001 perficiendi
594 967 694 995 virtute
712 972 853 1003 praestare,
877 971 991 1002 propter

205 1010 401 1038 intellectualis
416 1011 514 1039 imbris
531 1013 749 1047 generationem,
763 1021 824 1048 quae
837 1012 988 1048 subjectum

206 1057 258 1084 sibi
285 1057 419 1092 gremium
446 1057 680 1092 impiuguantibus
703 1059 803 1092 pluviis
828 1059 863 1086 ad
891 1058 990 1088 vitales

205 1103 386 1137 partitudines
401 1102 532 1131 informat
542 1108 567 1130 ν.

1045 289 1116 308 νειν”
1130 280 1185 315 ἔχει
1200 279 1255 316 γὰρ
1270 278 1406 305 καὶτοῦτο
1425 278 1572 313 θεαρχικῆς
1589 279 1727 315 ἐνεργείας
1739 281 1830 307 εἰκόνα

1045 327 1092 353 καὶ
1104 326 1187 352 τύπον
1204 325 1250 361 (ὡς
1269 325 1298 352 ἐν
1315 323 1463 359 συμϐολικῇ
1487 323 1619 359 θεολογέᾳ,
1635 325 1706 352 κατά
1724 326 1774 362 τὴν
1786 335 1831 353 τε·

1043 371 1202 407 τράστοιχον
1223 370 1288 406 ἡμῖν
1309 369 1493 403 ἀνακάθαρσιν
1510 369 1554 395 διὰ
1579 370 1708 397 πλειόνων
1731 372 1829 399 ἀποδέ-

1043 416 1156 448 δεικται,
1172 415 1278 442 κατὰτὸ
1289 415 1339 450 τῆς
1351 415 1457 450 φύσεως
1473 415 1611 450 κινητικὸν
1624 417 1670 443 καὶ
1686 417 1828 451 ζωογόνον,

1043 463 1091 488 καὶ
1112 463 1162 497 τὴν
1190 462 1277 495 ὀξεῖαν
1307 462 1354 488 καὶ
1377 461 1529 497 ἀκράτητον
1556 461 1686 498 χώρησιν,
1711 464 1758 489 καὶ
1779 463 1828 500 τὴν

1043 509 1180 543 ἄγνωστον
1196 508 1261 543 ἡμῖν
1276 507 1322 534 καὶ
1338 507 1451 543 ἀόρατον
1468 507 1636 544 κρυφιότητα
1655 508 1709 535 τῶν
1725 518 1828 546 κινητι-

1043 555 1098 582 κῶν
1110 554 1202 590 ἀρχῶν
1215 554 1261 581 καὶ
1276 553 1521 590 ἀποπερατώσεων.
1535 555 1576 581 οὐ
1587 554 1640 590 γὰρ
1651 555 1742 588 οἶδας,
1751 557 1827 592 φησὶ,

1042 601 1134 628 πόθεν
1147 601 1274 635 ἔρχεται,
1289 600 1338 627 καὶ
1353 600 1411 627 ποῦ
1426 600 1541 634 ὑπάγει.

1083 644 1163 671 Ἀλλά
1179 645 1225 671 καὶ
1236 644 1349 680 νεφέλης
1366 645 1456 676 αὐτοῖς
1483 645 1555 672 ἰδέαν
1574 646 1590 680 ἡ
1608 645 1731 680 θεολογία
1746 654 1826 681 περι-

1041 692 1162 723 πλάττει,
1188 691 1356 726 σημαίνουσα
1372 691 1416 717 διὰ
1436 691 1541 724 τούτου,
1567 692 1631 723 τοὺς
1651 692 1741 727 ἱεροὺς
1762 692 1826 724 νόας

1040 737 1088 764 τοῦ
1116 738 1165 774 μὲν
1188 738 1302 774 κρυφίου
1330 738 1417 772 φωτὸς
1442 737 1633 773 ὺπερκοσμίως
1655 737 1828 773 ἀποπληρου-

1042 784 1137 820 μὲνους
1154 784 1187 816 ⁸⁸,
1208 783 1257 820 τὴν
1279 784 1479 820 πρωτοφανῆδε
1488 784 1722 820 πρωτοφάνειαν⁵⁵
1746 784 1828 811 ἀνεκ-

1041 829 1204 864 πομπεύτως
1227 829 1440 864 είσδεχομένους,
1455 829 1501 855 καὶ
1515 828 1618 865 ταύτην
1641 829 1763 864 ἀφθόνως
1786 830 1828 862 εἰς

1040 876 1074 902 τὰ
1097 875 1210 912 δεύτερα
1231 875 1434 911 δευτεροφανῶς
1462 875 1509 901 καὶ
1532 875 1671 909 ἀναλόγως
1698 875 1827 911 διαπορο-

1043 922 1173 958 μεύοντας
1182 930 1188 936 ·
1199 922 1245 949 καὶ
1254 922 1307 958 μὴν
1317 921 1394 948 ὅτιτὸ
1401 921 1510 956 γόνιμον
1521 921 1621 953 αὐτοῖς,
1629 921 1675 948 καὶ
1684 920 1824 954 ζωοποιὸν,

1040 969 1087 995 καὶ
1100 967 1254 1003 αὐξητικὸν,
1270 967 1316 994 καὶ
1330 967 1500 994 τελειωτικὺν
1516 968 1673 1003 ἐνυπάρχει,
1692 967 1762 994 κατὰ
1775 967 1825 1003 τὴν

1039 1013 1137 1049 νοητὴν
1157 1012 1347 1049 ὸμϐροτοκίαν,
1366 1012 1414 1047 τὴν
1430 1012 1475 1039 τὸν
1496 1012 1631 1048 ὲκδόχειον
1648 1013 1746 1040 κόλπον
1764 1022 1826 1040 πια-

1039 1058 1108 1091 λέοις
1118 1059 1205 1091 ὑετοῖς
1217 1059 1263 1086 ἐπὶ
1273 1057 1390 1091 ζιιπικὰς
1407 1058 1502 1090 ὠδῖνας
1521 1059 1731 1095 ὲκκαλουμένην.

960 1162 974 1198 §
991 1160 1062 1192 VII.

244 1254 320 1288 Quod
335 1254 358 1283 si
369 1262 477 1290 quoque
491 1254 554 1282 aeris
568 1259 596 1283 et
611 1254 706 1283 electri
727 1255 903 1290 lapidumque
915 1256 986 1283 mul-

205 1300 349 1328 ticolorum
371 1300 490 1336 speciem
512 1301 649 1336 theologia
674 1301 833 1329 cmlestibus
861 1302 988 1329 essentiis

204 1347 389 1374 accommodat
410 1355 417 1373 :
437 1346 566 1374 electrum
583 1347 705 1382 quidem,
724 1352 754 1375 ut
767 1347 840 1382 quod
863 1347 921 1376 auri
943 1356 988 1376 ar-

203 1392 332 1426 gentique
353 1391 468 1419 formam
490 1400 545 1428 prae
568 1400 598 1420 se
622 1391 712 1426 ferat;
729 1393 757 1420 in
777 1400 844 1420 auro
865 1394 986 1428 quidem,

204 1436 357 1471 putredinis
381 1442 522 1472 expertem
549 1442 577 1465 et
601 1438 820 1473 inconsumptum
847 1439 987 1474 minuique

203 1482 324 1510 nescium
347 1488 428 1518 atque
456 1483 638 1512 inviolabilem
664 1484 834 1520 splendorem
856 1493 865 1513 :
889 1486 916 1512 in
941 1493 987 1513 ar-

203 1532 285 1563 gento
306 1533 395 1556 autem
417 1528 543 1562 lucidam,
564 1529 755 1565 cmiestemqne
774 1530 928 1558 claritatem
942 1531 989 1559 de-

204 1575 291 1599 notat.

1076 1255 1147 1281 Είδὲ
1165 1255 1213 1282 καὶ
1235 1254 1346 1290 χαλκοῦ,
1366 1255 1415 1281 καὶ
1441 1254 1585 1290 ἠλέκτρου,
1608 1255 1656 1281 καὶ
1678 1254 1757 1282 λίθων
1779 1264 1825 1282 πο-

1040 1300 1224 1336 λυχρωμάτων
1238 1299 1307 1332 εἶδος
1322 1301 1339 1335 ὴ
1356 1300 1478 1334 θεολογία
1493 1301 1552 1332 ταῖς
1565 1300 1702 1336 οὐρανίαις
1721 1300 1824 1332 οὐσίαις

1040 1346 1193 1383 περιτίθησι
1205 1355 1211 1361 ·
1226 1347 1256 1373 τὸ
1269 1347 1318 1382 μὲν
1330 1347 1470 1383 ἤλεκτρον,
1481 1347 1518 1379 ὡς
1535 1347 1688 1382 χρυσοειδὲς
1706 1347 1762 1382 ἅμα
1775 1347 1826 1373 καὶ

1040 1393 1222 1430 ἁργυροειδὲς,
1244 1393 1370 1428 ἐμφαίνει
1393 1393 1442 1428 τὴν
1466 1393 1596 1427 ἄσηπτον,
1613 1393 1650 1423 ὡς
1674 1394 1702 1418 ὲν
1719 1392 1823 1428 χρυσῷ,

1040 1439 1087 1466 καὶ
1101 1438 1245 1470 ἀδάπανον,
1255 1438 1301 1465 καὶ
1311 1438 1455 1473 ἀμείιιγτον,
1464 1439 1510 1465 καὶ
1519 1438 1652 1473 ἄχραντον
1666 1437 1804 1471 διαύγειαν
1815 1447 1822 1454 ’

1040 1485 1087 1512 καὶ
1111 1484 1161 1519 τὴν
1186 1484 1281 1519 φανὴν,
1298 1483 1336 1515 ὡς
1359 1484 1387 1510 ὲν
1407 1483 1529 1519 ἀργύρῳ,
1546 1484 1593 1510 καὶ
1615 1483 1754 1518 φωτπιδῆ,
1778 1483 1826 1509 καὶ

1040 1530 1168 1566 οὐρανίαν
1178 1529 1284 1565 αῖγλην.

238 1618 298 1647 Eri
311 1620 474 1656 vero,juxta
491 1620 611 1650 rationes
626 1622 790 1657 assignatas,
804 1622 847 1651 vel
862 1622 931 1658 ignis
944 1622 986 1651 vel

1071 1621 1117 1657 Τῷ
1132 1621 1160 1648 δὲ
1177 1620 1280 1656 χαλκῷ,
1296 1619 1366 1646 κατά
1379 1619 1443 1651 τοὺς
1459 1618 1637 1650 ἀποδοθέντας
1653 1618 1676 1634 ⁸⁸
1686 1618 1791 1652 λόγους,
1805 1617 1824 1654 ἦ

202 1665 261 1692 auri
275 1665 381 1700 species
393 1665 577 1694 attribuenda.

241 1708 325 1737 Porro
338 1709 458 1745 lapidum
472 1710 658 1739 multicolores
675 1712 789 1748 species,
804 1712 847 1740 vel
861 1712 886 1740 in
899 1720 986 1748 quan-

203 1758 259 1782 tum
282 1755 361 1788 albae,
389 1755 454 1790 quid
482 1755 619 1789 lucidum;
647 1757 690 1784 vel
716 1765 769 1792 qua
799 1757 898 1791 rubrm,
921 1757 986 1792 quid

202 1800 329 1836 igneum;
345 1801 388 1829 vel
404 1809 458 1836 qua
482 1801 568 1834 ﬂava},
585 1803 650 1837 quid
671 1810 800 1836 aureum;
821 1803 863 1831 vel
876 1811 930 1839 qua
943 1804 985 1831 vi-

202 1847 287 1880 rides,
298 1846 418 1881 juvenile
438 1847 577 1882 quidpiam
594 1856 626 1876 ac
644 1848 736 1884 vigens
759 1849 914 1885 signiﬁcare
935 1857 986 1884 pu-

202 1893 290 1921 tanda:
303 1897 368 1921 sunt
381 1901 391 1921 :
403 1897 484 1929 atque
499 1892 537 1921 ita
555 1894 704 1922 secundum
716 1901 851 1930 quamque
868 1895 985 1930 speciem

200 1946 310 1974 quoque
329 1939 472 1974 mysticam
486 1940 632 1974 quamdam
651 1939 802 1975 typicarum
826 1941 985 1975 imaginum,

200 1992 262 2020 quae
275 1985 308 2012 ad
322 1992 439 2020 superna
451 1989 571 2017 revocet,
590 1985 709 2020 reperias
721 1986 931 2021 expositionem.

235 2031 291 2059 Sed
309 2031 439 2065 quoniam
450 2031 484 2059 de
496 2031 539 2059 bis
555 2031 623 2058 satis
637 2038 652 2058 a
667 2031 747 2059 nobis
760 2039 809 2066 pro
824 2031 895 2059 virili
909 2035 987 2067 parte

201 2075 302 2103 dictum
315 2083 375 2104 esse
388 2076 518 2109 arbitror,
530 2077 566 2104 ad
579 2083 689 2104 sacram
712 2076 866 2104 cceleslium
884 2076 987 2105 intelli-

201 2122 354 2157 gentiarum
368 2130 416 2158 per
430 2122 581 2151 bestiarum
603 2122 707 2152 formas
724 2130 917 2158 expressarum
935 2130 985 2152 ex-

201 2168 378 2203 plicationem
392 2168 588 2196 transeundum
599 2172 650 2198 est.

1037 1666 1067 1693 τὺ
1080 1665 1212 1701 πυρῶδες,
1231 1665 1247 1700 ἥ
1261 1664 1292 1691 τὸ
1307 1664 1462 1700 χρυσοειδὲς
1477 1664 1671 1699 ἀπονεμητέον.

1072 1712 1128 1744 Τὰς
1143 1711 1171 1738 δὲ
1187 1711 1240 1738 τῶν
1253 1710 1333 1737 λίθων
1346 1710 1576 1745 πολυχρωμάτους
1599 1708 1669 1740 ἰδέας
1680 1709 1826 1744 ἐμφαίνειν

1036 1757 1150 1793 οἰητέον,
1163 1757 1180 1792 ἢ
1205 1756 1243 1789 ὡς
1258 1756 1367 1788 λευκὰς,
1387 1756 1418 1782 τὺ
1434 1755 1577 1790 φωτοειδές
1587 1763 1593 1770 ’
1611 1755 1627 1790 ἢ
1642 1757 1680 1788 ὡς
1693 1755 1823 1792 ὲρυθρὰς,

1036 1803 1067 1830 τὸ
1090 1803 1232 1839 πυρῶδες-
1253 1803 1270 1838 ἢ
1290 1802 1327 1834 ὡς
1358 1801 1466 1835 ξανθὰς,
1495 1802 1526 1828 τὸ
1551 1801 1719 1837 χρυσοειδές·
1740 1800 1756 1835 ἢ
1783 1801 1822 1833 ὡς

1036 1849 1160 1886 χλοεράς,
1172 1849 1202 1875 τὸ
1218 1849 1340 1876 νεανικὸν
1353 1849 1400 1875 καὶ
1412 1849 1528 1884 ἀκμαῖον
1539 1857 1547 1864 ο
1561 1848 1609 1874 καὶ
1629 1847 1689 1874 καθ’
1705 1847 1822 1874 ἕκαστον

1038 1893 1106 1927 εἶδος
1124 1895 1250 1931 εὑρήσεις
1271 1893 1444 1930 ἀναγωγικὴν
1465 1893 1520 1920 τῶν
1544 1893 1664 1920 τυπικῶν
1674 1893 1696 1909 ⁵⁷
1709 1893 1821 1920 εἰκόνων

1038 1940 1234 1976 ἀνακάθαρσιν.

1079 2030 1147 2057 Ἀλλ’
1160 2030 1258 2066 ἐπειδὴ
1270 2030 1355 2057 ταῦτα
1366 2030 1436 2057 κατὰ
1451 2030 1565 2065 δύναμιν
1581 2030 1648 2065 ἡμῖν
1663 2029 1820 2065 ἀρκούντως

1036 2075 1162 2112 εἰρῆσθαι
1180 2076 1290 2111 νομίζω,
1310 2076 1430 2112 μετιτέον
1449 2075 1495 2102 ἐπὶ
1511 2077 1560 2111 τὴν
1577 2074 1651 2110 ἱερὰν
1670 2075 1823 2108 ἀνάπτυξιν

1037 2123 1088 2159 τῆς
1103 2123 1157 2150 τῶν
1169 2122 1302 2159 οὐρανίων
1317 2123 1384 2150 νοῶν
1397 2123 1537 2159 ἱεροτύπου
1548 2122 1733 2158 Θηρομορφίας
1749 2122 1783 2148 ⁵⁸.

949 2249 964 2286 §
981 2247 1067 2279 Vlll.

234 2341 274 2369 Ac
293 2339 380 2370 leonis
405 2343 514 2377 quidem
536 2344 623 2371 forma
645 2342 785 2371 declarare
804 2343 922 2378 putanda
942 2347 983 2370 est

1068 2342 1124 2369 Καὶ
1137 2342 1187 2378 τὴν
1200 2342 1249 2379 μὲν
1267 2343 1373 2375 λέοντος
1385 2342 1490 2379 μορφὴν
1509 2341 1650 2377 ἐμφαίνειν
1669 2340 1774 2376 οἰητέον
1788 2340 1820 2367 τὸ

200 2386 254 2414 vim
276 2386 349 2414 illam
366 2388 543 2424 principalem
559 2396 592 2416 ac
605 2387 743 2416 robustam
763 2393 845 2423 atque
860 2388 983 2416 indoma-

199 2433 293 2467 bilem,
308 2441 361 2469 qua
380 2434 425 2461 isti
446 2434 629 2462 occultissimo
642 2434 787 2462 ineﬂ'abilis
808 2434 892 2462 divini
908 2434 983 2468 prin-

199 2481 304 2514 cipatus
319 2487 419 2508 arcano
438 2487 487 2515 pro
502 2479 574 2507 virili
590 2480 694 2508 similes
711 2481 830 2508 evadere
845 2480 981 2513 ,nituntur,

200 2524 362 2560 spiritalium
372 2526 547 2561 vestigiorum
557 2526 732 2562 coopertioue
740 2526 906 2562 mysticeque
917 2533 983 2561 sup-

199 2576 293 2604 presso
312 2576 466 2598 commeatu
482 2571 544 2603 vim,
564 2579 624 2606 qua:
643 2571 677 2598 ad
695 2571 782 2606 ipsum
797 2578 845 2606 per
863 2570 981 2598 divinam

200 2617 408 2645 illustrationem
424 2618 568 2646 inducebat
580 2623 603 2644 κ.

478 2701 490 2715 τ
502 2695 587 2731 Apoc.
602 2705 629 2724 ι.
668 2703 681 2717 ι
696 2698 780 2731 Apoc.
796 2703 832 2724 tv.
845 2717 851 2722 .

237 2700 251 2716 ιι
264 2696 341 2725 Joan.
355 2704 400 2730 Ill,
413 2696 441 2724 8.

1036 2389 1207 2425 ἡγεμονικὸν,
1225 2390 1272 2416 καὶ
1292 2389 1442 2426 ῥωμαλέον,
1469 2388 1515 2415 καὶ
1535 2387 1698 2423 ἀδάμαστον,
1715 2387 1763 2414 καὶ
1787 2387 1820 2413 τὺ

1036 2434 1103 2469 πρὸς
1114 2434 1163 2470 τὴν
1179 2435 1346 2470 κρυφιότητα
1362 2435 1412 2470 τῆς
1425 2434 1593 2470 ἀφθέγμονος
1611 2433 1749 2469 θεαρχίας,
1767 2432 1817 2468 ὅση

1034 2477 1157 2514 δύναμις,
1172 2479 1370 2514 ἀφομοιωτικὸν
1381 2480 1413 2515 τῇ
1428 2479 1481 2506 τῶν
1493 2477 1594 2514 νοερῶν
1612 2477 1692 2512 ἰχνῶν
1707 2485 1819 2512 περικα-

1035 2524 1123 2559 λύψει,
1140 2525 1187 2551 καὶ
1203 2526 1238 2560 τῇ
1252 2524 1388 2560 μυστικῶς
1404 2523 1618 2560 ἀνεκπομπεύτῳ
1632 2524 1654 2540 "
1673 2524 1816 2558 περιστολῇ

1033 2570 1083 2605 τῆς
1103 2570 1172 2597 κατά
1186 2570 1261 2597 θείαν
1280 2569 1410 2606 ἐλλαμψιν
1430 2571 1473 2597 ἐπ’
1485 2571 1569 2605 αὐτὴν
1594 2569 1757 2604 ἀνατατικῆς
1769 2577 1818 2596 πο-

1036 2616 1122 2651 ρείας.

829 2784 945 2813 ῪΔΒΙᾹΞ
965 2783 1155 2812 LECTIONES
1164 2802 1173 2810 .

237 2844 350 2884 υφωτδς
375 2842 715 2884 ὑῃερπληρουμένουεκιι.
763 2842 787 2859 ⁸⁸
801 2851 858 2884 ιρι-π

861 2842 998 2877 οφάνειαν,
1014 2841 1046 2868 ι).
1082 2841 1106 2857 ⁸⁸
1121 2840 1343 2876 ἀποδεδομένους,
1365 2841 1416 2870 Ch.
1454 2841 1477 2858 ⁸⁷
1491 2841 1661 2873 smstmbv,
1679 2840 1708 2869 S.
1725 2839 1756 2868 P.
1780 2840 1812 2868 D.

203 2877 273 2908 Sar.’
298 2880 321 2896 ⁸³
333 2887 377 2915 γρ.
390 2877 595 2915 θηριομάρφίας.
634 2878 656 2894 ι’
667 2877 881 2914 ἀνεκπορεύτως,
901 2877 935 2905 Μ.
949 2877 978 2905 S.
993 2880 1146 2905 correctum
1162 2881 1251 2904 tamen
1266 2878 1294 2905 in
1304 2878 1356 2906 hoc
1368 2885 1415 2903 m
