1931 3073
110 161 164 190 337

607 158 650 186 DE
665 157 827 186 C(ELESTI
843 156 1066 187 HlEllARCHIA.
1084 156 1162 185 CAP.
1180 156 1240 185 XV.

1683 158 1736 187 558

147 216 202 251 Τὴν
218 216 247 243 δὲ
259 216 306 243 τοῦ
319 216 390 251 βοὸς,
403 215 434 243 τὸ
447 215 567 251 ἰσχυρὸν,
578 216 624 242 καὶ
637 216 766 251 ἀκμαῖον,
779 215 899 247 καὶτοὺς

986 216 1012 236 x'
1024 215 1107 242 Porro
1131 214 1175 242 illa
1193 214 1269 242 bovis
1282 213 1370 242 forma
1389 221 1482 242 earum
1494 215 1577 243 robur
1594 215 1684 251 signat
1703 223 1736 244 ac

110 261 222 298 νοεροὲλς
245 261 268 277 ⁸⁸
291 261 413 293 αὔλακας
438 260 583 296 ἀνευρῠνον
609 260 650 292 είς
683 260 815 295 ὑποδοχὴν
844 259 898 286 τῶν

110 306 244 342 οὐρανίων
264 307 311 334 καὶ
326 305 507 341 γονιμοποιῶν
532 305 652 341 ὄμϐρων,
670 305 717 332 καὶ
729 304 764 332 τά
785 304 898 340 κέρατα,

111 352 142 379 τῦ
155 351 337 387 φρουρητικὺν
354 351 400 377 καὶ
411 350 577 387 ἀκράτητον.

148 397 204 432 Τὴν
217 396 301 423 δὲτοῦ
318 396 409 428 ἀετοῦ,
435 395 466 422 τὸ
490 395 637 430 βασιλικὸν,
658 396 705 423 καὶ
718 395 849 431 ὐψίφορον
866 396 899 428 “,

112 443 161 469 κα).
172 443 335 478 ταχυπετὲς,
359 443 406 469 καὶ
427 442 458 468 τὸ
474 442 542 478 πρὸς
567 442 617 477 τὴν
643 442 823 477 δυναμοποιὸν
839 450 901 478 τρο-

113 489 167 524 φὴν
190 488 248 521 ὀξὺ,
267 489 313 515 καὶ
329 487 425 523 νῆφον,
437 487 485 514 καὶ
499 487 635 523 ὲντρεχὲς,
663 488 710 513 καὶ
737 487 900 522 εὐμήχανον,

113 536 160 562 καὶ
176 535 207 561 τὸ
220 534 288 570 πρὸς
303 534 352 570 τὴν
368 533 482 569 ἂιρθονον
500 533 546 560 καὶ
558 532 716 567 πολύφαντον
734 533 833 559 ἀκτῖνα
850 533 901 568 τῆς

113 580 263 616 θεαρχικῆς
288 580 449 616 ήλιοδολίας,
476 580 505 606 ὲν
521 581 582 611 ταῖς
608 578 662 605 τῶν
678 577 798 605 ὀπτικῶν
821 578 901 605 δυνά-

115 634 190 661 μεων
201 625 348 661 εὐρώς-τοις
360 625 521 651 ἀνατάσεσιν
539 624 742 660 ἀνεμποδίστως
765 623 825 650 κατ’
838 623 902 650 εὐθύ

114 671 162 698 καὶ
172 670 289 702 ἀκλινῶς
305 670 481 706 θεωρητικόν.

152 716 209 752 Τὴν
221 716 249 743 δὲ
263 715 317 742 τῶν
329 716 431 748 ἵππων,
445 715 476 742 τὸ
496 715 631 748 εὐπειθὲς,
648 716 695 742 καὶ
716 715 838 751 εὐήνιον
858 715 904 742 καὶ

114 762 219 790 λευκῶν
246 762 296 798 μὲν
324 761 420 795 ὅντων,
442 761 474 788 τὸ
499 761 633 797 λαμπρὸν,
661 761 708 788 καὶ
727 761 765 793 ὼς
789 761 905 797 μάλιστα

113 808 161 836 τοῦ
178 808 251 835 θείου
269 808 356 843 φωτὸς
369 807 512 842 συγγενές·
530 807 637 835 κυανῶν
649 808 677 834 δὲ
690 807 784 840 ὄντων,
800 808 831 834 τὸ
844 807 907 843 κρύη

115 864 193 891 φιον·
219 854 342 891 ὲρυθρῶν
369 855 414 886 δὲ,
442 854 474 881 τὸ
501 854 625 890 πυρῶδες
655 854 702 880 καὶ
724 853 904 890 δραστήριον·

950 261 1088 295 vigorem,
1107 261 1187 296 idque
1210 268 1265 296 quo
1289 259 1427 295 spiritales
1444 260 1533 288 sulcos
1555 262 1681 289 scindunt
1704 269 1736 289 ac

951 307 1066 336 dilatant
1077 306 1234 334 ccclestibus
1247 305 1428 341 fecundisque
1440 306 1573 334 imbribus
1585 306 1736 342 suscipien-

951 352 1009 384 dis;
1024 359 1125 380 cornua
1148 359 1230 385 vero,
1247 352 1422 380 servatricem
1443 351 1627 387 invictamque
1643 353 1698 379 vim
1709 356 1736 378 1.

988 398 1066 433 133
1080 397 1115 425 At
1136 398 1233 433 aquilae
1246 398 1331 433 figura
1347 398 1448 433 regiam
1464 398 1634 433 dignitatem,
1655 402 1738 433 atque

953 451 1051 478 supera
1062 447 1198 478 petentem
1210 442 1383 478 celeremque
1396 443 1516 470 volatum
1528 447 1552 476 ι,
1561 447 1589 471 et
1603 443 1635 470 ad
1647 444 1737 472 cibum

952 490 998 524 qui
1015 489 1087 516 vires
1103 488 1221 521 reficiat,
1240 488 1402 523 capiendum
1422 495 1484 516 cum
1504 488 1664 523 agilitatem,
1680 493 1737 515 tum

953 543 1072 568 cursum,
1100 540 1156 563 tum
1181 535 1360 567 facilitatem.
1384 539 1441 562 tum
1467 535 1597 562 virtutum
1620 535 1739 563 robustis

954 580 1060 608 videndi
1077 579 1236 608 facultatum
1254 580 1461 614 intentionibus,
1474 581 1560 608 libere
1580 581 1737 615 directeque

953 631 1035 662 atque
1049 626 1175 655 irretorte
1188 626 1319 655 obtuendi
1335 627 1474 655 uberrimo
1490 627 1527 654 uti
1543 627 1736 663 luculentoque

955 672 1039 706 radio,
1052 679 1133 707 quem
1148 671 1188 700 sol
1202 672 1310 701 divinus
1325 672 1433 700 evibrat
1447 680 1472 700 ι.

989 717 1126 752 Equorum
1143 721 1233 744 autem
1246 718 1350 752 species
1367 717 1551 746 obedientiam
1567 717 1691 753 designat
1712 723 1740 745 et

955 761 1132 796 facilitatem;
1147 769 1180 789 ac
1196 762 1374 790 candidorum
1390 762 1513 798 quidem,
1533 762 1739 798 ingenuitatem,

956 813 1048 842 utpote
1064 808 1156 836 divino
1182 810 1383 844 quammaxime
1396 808 1491 836 lumini
1510 813 1671 844 cognatam;
1686 816 1740 836 caa—

957 854 1094 882 ruleorum
1116 861 1191 888 vero,
1211 859 1347 882 secretum
1371 854 1437 882 illud
1457 854 1596 888 abditum;
1619 855 1740 883 ruforum

115 889 334 937 cuppixt‘mvvﬁé
371 900 439 935 πρὸς
465 889 562 926 λευκοῦ
587 899 610 915 θ’
633 899 680 926 καὶ
713 897 843 934 μέλανος,
875 897 906 924 τὸ

962 906 1031 931 vero,
1048 899 1158 934 igneum
1181 899 1301 935 vigorem
1316 904 1344 927 et
1359 899 1565 933 eﬁicacitatem;
1582 899 1644 927 albo
1664 900 1740 928 deni-

115 950 148 984 τῇ
179 946 415 982 διαπορθμευτικῇ
449 945 563 981 δυνάμει
588 945 643 972 τῶν
666 945 758 980 ἄκρων
786 943 907 970 συνδετι-

117 993 182 1024 κὸν,
210 992 257 1018 καὶ
279 990 314 1019 τὰ
341 990 438 1027 πρῶτα
468 991 524 1022 τοῖς
545 989 682 1026 δευτέροις
712 989 759 1015 καὶ
782 988 818 1016 τὰ
846 987 907 1015 δεύ-

115 1047 185 1074 τερα
196 1039 253 1070 τοῖς
264 1037 394 1073 πρώτοις,
422 1035 640 1073 ἑπιστρεπτικῶς
657 1035 680 1052 ⁸³
691 1035 708 1072 ἢ
721 1034 907 1071 προνοητικῶς

117 1084 265 1111 συνάπτον.

159 1130 230 1157 Ἀλλ’
241 1131 265 1157 εί
284 1129 322 1167 μὴ
334 1131 385 1166 τῆς
398 1128 445 1156 τοῦ
459 1129 539 1164 λόγου
563 1127 820 1164 κατεστοχαξόμεθα
839 1135 907 1163 συμ-

118 1178 245 1213 μετρίας,
259 1177 306 1205 xu).
322 1176 372 1208 τὰς
389 1175 461 1204 κατὰ
488 1176 571 1212 μέρος
581 1176 636 1202 τῶν
660 1175 813 1210 εἰρημένων
830 1172 908 1206 ζώων

120 1224 263 1260 ἰδιότητας,
278 1223 324 1249 καὶ
339 1223 428 1255 πάσας
440 1221 489 1254 τὰς
502 1221 661 1257 σωματικὰς
684 1220 773 1248 αὐτῶν
794 1219 907 1246 διαπλά-

118 1279 186 1302 σεις,
200 1269 396 1305 ὲφηρμόσαμεν
410 1269 442 1296 ἂν
459 1268 509 1294 οὐκ
525 1267 677 1298 ἀπεικότως
693 1268 753 1298 ταῖς
770 1265 908 1301 οὐρανίαις

117 1316 259 1350 δυνάμεσι,
273 1314 343 1341 κατά
353 1314 402 1346 τὰς
414 1314 556 1349 ἀνομοίους
568 1313 738 1349 ὁμοιότητας.
753 1312 790 1338 Τὸ
802 1312 851 1347 μὲν
863 1311 908 1337 θυ-

120 1362 225 1398 μοειδὲς
242 1360 342 1393 αὐτῶν,
360 1361 400 1393 εἰς
427 1361 477 1396 τὴν
503 1359 599 1395 νοεράν
626 1359 747 1394 ἀνδρίαν,
771 1355 805 1393 ἦς
836 1358 908 1384 ἐστιν

117 1409 258 1444 ἐσχατονὸ
282 1407 366 1442 θυμὸς
391 1407 542 1442 ἀπήχημαο
566 1405 616 1441 τὴν
643 1405 671 1432 δὲ
687 1403 720 1432 αὖ
749 1404 907 1440 ἐπιθυμίαν,

118 1456 159 1487 είς
175 1454 220 1481 τὸν
238 1453 308 1480 θεῖον
320 1453 424 1490 ἐρωτα’
455 1453 501 1479 καὶ
533 1451 682 1486 συλλήϐδην
704 1451 801 1482 εἰπεῖν,
819 1450 908 1482 πάσας

118 1501 169 1533 τὰς
185 1500 240 1527 τῶν
257 1500 360 1534 ἀλόγων
372 1499 449 1531 ζώων
462 1497 602 1533 αἰσθήσεις
617 1506 646 1524 τε
664 1498 710 1524 καὶ
727 1496 908 1532 πολυμερείας

119 1550 160 1580 εἰς
173 1547 221 1579 τὰς
234 1547 331 1578 ἀΰλους
353 1545 407 1572 τῶν
435 1544 575 1581 οὐρανίων-
592 1543 690 1570 οὐτιῶν
719 1544 836 1579 νοήσεις,
861 1543 908 1570 καὶ

119 1593 244 1624 ὲνοειδεῖς
261 1592 386 1627 δυνάμεις
413 1591 568 1624 ἀνάγοντες.
594 1588 686 1624 Ἀρκεῖ
712 1589 741 1615 δὲ
763 1589 820 1620 τοῖς
845 1587 907 1622 ὲχέ-

121 1647 217 1675 φροσιν
229 1639 259 1664 οὐ
276 1637 362 1664 ταῦτα
377 1636 467 1672 μόνον,
482 1634 549 1662 ἀλλὰ
572 1635 619 1661 καὶ
647 1634 710 1670 μιᾶς
720 1632 909 1668 ἀπεμφαινού-

122 1693 171 1720 σης
182 1684 284 1715 εἰκόνος
296 1683 490 1718 ἀνακάθαρσις,
508 1682 548 1714 εἰς
563 1681 613 1717 τὴν
629 1679 682 1707 τῶν
706 1678 909 1715 παραπλησίων

121 1730 297 1766 ὀμοιὰτροπον
310 1729 481 1764 διασάφησιν.

957 952 1009 980 que
1024 945 1154 980 nigroque
1178 945 1233 980 pilo
1254 952 1426 980 aspersorutn
1447 945 1564 980 species,
1591 946 1646 973 vim
1666 946 1740 973 illam

957 991 1088 1023 denotat,
1112 999 1165 1026 qua
1194 991 1306 1019 traduce
1329 996 1453 1018 extrema
1479 996 1691 1025 connectuntur,
1715 998 1742 1019 et

957 1036 1043 1072 prima
1060 1036 1201 1069 secundis.
1219 1044 1253 1064 ac
1264 1036 1382 1064 secunda
1398 1035 1494 1070 primis
1511 1036 1664 1064 conversim
1679 1044 1741 1071 pro-

957 1082 1072 1118 videque
1085 1083 1299 1117 coniunguntur.

995 1127 1096 1158 Verum
1116 1129 1169 1158 nisi
1189 1128 1323 1157 sermonis
1339 1129 1448 1156 modum
1471 1135 1667 1164 quterercmus,
1683 1128 1742 1156 sin-

957 1176 1036 1213 gulas
1048 1176 1130 1203 etiam
1152 1175 1310 1203 animalium
1331 1175 1528 1203 recensitorum
1549 1174 1741 1210 proprietates,

958 1228 1108 1256 omnesque
1125 1228 1275 1256 corporeas
1289 1228 1384 1248 eorum
1398 1219 1614 1253 eﬂormationes,
1633 1227 1686 1247 non
1701 1218 1742 1246 in-

958 1274 1076 1302 congrue
1091 1267 1248 1294 cmlestibus
1261 1266 1406 1294 virtutibus
1420 1273 1468 1302 per
1484 1265 1630 1293 dissimiles
1647 1265 1729 1292 simili

960 1312 1068 1339 tudines
1096 1312 1374 1340 accommodaremus.
1402 1311 1544 1345 Siquidem
1570 1311 1624 1338 vim
1649 1318 1742 1338 eorum

960 1357 1121 1385 irascibilem
1145 1358 1178 1385 ad
1200 1357 1351 1393 spiritalem
1377 1357 1581 1389 fortitudinem,
1603 1357 1681 1392 cujus
1705 1356 1744 1383 ira

960 1402 1135 1430 novissimum
1164 1403 1308 1438 vestigium
1349 1403 1467 1436 existit;
1495 1402 1744 1437 concupiscentiam

960 1455 1035 1481 vero,
1053 1448 1087 1475 ad
1106 1455 1227 1476 amorem
1242 1448 1381 1482 divinum;
1398 1455 1430 1475 ac
1445 1448 1602 1475 summatim
1618 1448 1744 1480 dicendo,

960 1501 1056 1521 sensus
1084 1493 1226 1521 brutorum
1256 1494 1435 1521 animantium
1460 1501 1566 1525 omnes.
1595 1499 1741 1528 partesque

959 1539 1133 1574 multiplices,
1144 1539 1177 1566 ad
1189 1539 1381 1568 immateriales
1394 1540 1548 1568 ccelestium
1563 1539 1743 1568 essentiarum

960 1583 1152 1619 intelligentias
1165 1587 1248 1619 atque
1261 1584 1411 1612 uniformes
1434 1585 1550 1613 virtutes
1569 1584 1742 1612 referremus.

964 1628 1062 1656 Verum
1081 1628 1220 1656 enimvero
1239 1629 1418 1663 prudentibus
1433 1637 1486 1658 non
1499 1630 1549 1657 ista
1565 1634 1680 1663 tantum,
1697 1630 1746 1657 sed

961 1676 1003 1704 vel
1017 1676 1097 1704 unius
1112 1674 1237 1710 imaginis
1253 1677 1379 1704 obscure
1390 1677 1503 1712 mystica
1519 1676 1667 1704 dcclaratio
1678 1677 1745 1704 salis

960 1727 1013 1756 est,
1025 1722 1060 1749 ad
1077 1729 1173 1750 eorum
1195 1728 1257 1756 quae
1271 1721 1393 1756 ejusdem
1409 1723 1517 1757 generis
1531 1722 1742 1759 sunt_explana-

963 1769 1074 1797 tionem.

889 1849 902 1885 §
921 1847 980 1878 1X.

163 1924 357 1953 Ἐπισκεπτέον
374 1923 402 1950 δὲ
419 1923 511 1950 καὶτὸ
534 1921 670 1956 ποταμοὺς
693 1920 830 1956 εἰρῆσθαι,
860 1921 907 1947 καὶ

121 1973 294 2011 ιτροχούςμα)⁵
300 1973 335 2008 ἆρ
339 1979 410 2008 ματα
417 1979 483 2006 συνη
488 1970 577 2006 μμένα
582 1970 641 2000 ταῖς
647 1968 786 2004 οὐρανίαις
792 1967 821 1993 οὐ
826 1967 905 1998 σίαις.

123 2023 154 2047 υἱ
173 2020 221 2056 μὲν
233 2019 286 2055 γὰρ
302 2017 431 2054 ὲμπύριοι
442 2016 559 2050 ποταμοὶ
581 2015 743 2050 σημαίνουσι
754 2014 816 2045 τοὺς
828 2013 909 2048 θεαρ-

123 2067 216 2103 χικούς
239 2065 359 2100 ὀχετοὺς,
388 2063 503 2098 ἄφθονον
532 2061 626 2092 αὐταῖς
654 2061 701 2087 καὶ
733 2059 907 2087 ἀνέκλειπτον

123 2112 265 2148 ἐπίῤῥοιαν
293 2110 494 2146 χορηγοῦντας,
519 2108 565 2134 καὶ
592 2105 722 2139 ζωοποιοῦ
746 2104 908 2141 θρεπτικοὺς

123 2157 297 2192 γονιμότητος
306 2165 312 2171 ·
329 2155 363 2181 τὰ
373 2155 402 2181 δὲ
413 2154 533 2190 ἅρματα,
544 2152 593 2187 τὴν
608 2150 767 2185 συζευτικὴν
780 2149 833 2175 τῶν
849 2150 911 2184 ὀμο-

124 2202 214 2236 ταγῶν
235 2202 258 2216 ’⁸
281 2200 438 2227 κοινωνίαν
462 2199 486 2225 οἱ
516 2197 545 2224 δὲ
569 2196 671 2232 τροχοὶ,
699 2195 834 2230 πτερωτοὶ
859 2194 908 2230 μὲν

123 2249 210 2279 ὄντες,
223 2247 269 2274 ἐπὶ
279 2247 306 2273 δὲ
318 2246 353 2272 τά
370 2245 487 2280 πρόσθεν
505 2244 528 2260 ⁸⁵
544 2241 751 2277 ἀνεπιστρόφως
771 2240 819 2267 καὶ
831 2240 909 2267 ἀκλι-
926 2255 948 2282 D

124 2296 177 2327 νῶς
191 2295 376 2330 πορευόμενοι,
392 2293 442 2328 τὴν
465 2292 525 2319 κατ’
537 2290 643 2317 εὐθεῖαν
667 2289 715 2316 καὶ
734 2288 824 2324 ὄρθιον
838 2287 906 2320 ὁδὸν,

123 2341 173 2376 τῆς
193 2340 355 2376 πορευτικῆς
379 2338 468 2365 αὐτῶν
494 2336 633 2372 ἐνεργείας
655 2335 778 2370 δύναμιν,
805 2333 851 2360 ἐπὶ
863 2333 908 2359 τὸν

124 2388 204 2414 αὐτὸν
216 2386 311 2422 ἀκλινῆ
335 2386 382 2412 καὶ
405 2384 530 2419 ίθύτομον
545 2381 621 2418 οἷμον
637 2381 745 2416 ἀπάσης
759 2378 847 2406 αὐτῶν
859 2378 909 2414 τῆς

125 2433 221 2468 νοερᾶς
241 2432 350 2468 τροχιᾶς
363 2429 555 2466 ὑπερκοσμίως
574 2427 744 2463 ίθυνομένης.

163 2480 241 2506 Ἐστι
262 2479 290 2505 δὲ
316 2479 362 2505 καὶ
385 2479 445 2504 κατ’
464 2476 547 2512 ἄλλην
571 2474 715 2510 ἀναγωγὴν
739 2471 911 2507 ἀνακαθᾶραι

123 2527 175 2561 τὴν
202 2525 257 2552 τῶν
276 2524 376 2560 νοερῶν
397 2522 502 2559 τροχῶν
525 2520 748 2557 είκονογραφίαν·
773 2517 910 2552 ἐπεκλήθη

125 2573 180 2607 γὰρ
202 2572 302 2603 αὐτοῖς,
325 2571 362 2602 ὣς
377 2569 483 2605 φησινὸ
496 2567 630 2602 θεολόγος,
650 2564 766 2601 rure}
778 2573 785 2579 '
812 2564 911 2599 ἐμφαί-

125 2627 166 2645 νει
187 2618 217 2645 δὲ
242 2617 319 2644 τοῦτο
344 2616 414 2644 κατά
440 2615 571 2652 ὲϐραῖκὴν
596 2613 619 2630 ⁸⁸
641 2613 751 2648 φωνὴν,
785 2609 913 2637 ἀνακυλι-

998 1909 1232 1939 Considerandum
1254 1911 1335 1939 modo
1356 1910 1421 1945 quid
1442 1909 1494 1938 sibi
1512 1909 1598 1937 velint
1622 1909 1744 1942 flumina,

963 1961 1029 1984 rota:
1052 1964 1085 1985 ac
1107 1964 1216 1990 currus,
1231 1965 1292 1992 quae
1304 1957 1459 1985 scelestibus
1473 1957 1599 1985 essentiis
1618 1955 1745 1989 adjuncta

962 2002 1155 2038 perhibentur.
1166 2003 1205 2031 Ac
1218 2003 1330 2030 ﬂumina
1344 2003 1454 2037 quidem
1472 2003 1550 2038 ignea
1563 2002 1670 2029 divinos
1685 2002 1744 2030 illos

962 2049 1058 2077 latices
1079 2049 1247 2084 signiﬁcant,
1269 2048 1450 2085 largissimam
1470 2049 1523 2076 illis
1545 2056 1578 2075 ac
1598 2055 1743 2083 perennem

962 2093 1147 2122 inundationis
1170 2095 1275 2129 copiam
1295 2093 1511 2129 suppeditantes,
1534 2093 1679 2128 vitalisque
1701 2093 1743 2120 fe-

963 2140 1110 2168 cunditatis
1133 2140 1249 2173 altores;
1273 2147 1372 2168 currus
1392 2143 1482 2166 autem
1496 2159 1503 2171 .
1529 2138 1745 2167 confatderalam

962 2185 1106 2221 aequalium
1121 2186 1298 2218 societatem;
1315 2190 1383 2213 rotae
1395 2192 1459 2212 vero
1473 2184 1562 2219 alata,
1577 2191 1606 2213 et
1619 2185 1654 2212 ad
1670 2189 1745 2212 ante-

963 2233 1036 2260 riora
1057 2232 1224 2260 irremeabili
1245 2237 1328 2267 atque
1350 2231 1479 2260 irrellexo
1500 2236 1576 2259 motu
1593 2230 1744 2262 tendentes,

962 2279 1016 2306 vim
1032 2278 1161 2313 angelica:
1177 2278 1325 2306 activitatis
1340 2283 1414 2305 recto
1430 2284 1537 2312 semper
1550 2276 1659 2303 tramite
1681 2282 1745 2310 per-

963 2330 1083 2360 gentem,
1092 2333 1145 2360 qua
1157 2324 1290 2359 spiritalis
1302 2331 1396 2351 eorum
1410 2327 1516 2350 rotatus
1527 2322 1615 2349 omnis
1627 2321 1660 2348 ad
1674 2320 1744 2346 viam

964 2373 1036 2399 illam
1062 2377 1162 2400 rectam
1180 2372 1348 2406 arduamque
1365 2369 1621 2404 supermundialiter
1650 2367 1744 2401 dirigi-

964 2422 991 2445 ιιι
996 2426 1017 2446 Γ.

998 2463 1075 2491 Licet
1099 2463 1180 2491 etiam
1204 2463 1259 2491 alio
1284 2469 1364 2490 sensu
1390 2461 1538 2497 anagogico
1565 2457 1745 2493 spiritualium

965 2516 1084 2538 rotarum
1103 2510 1312 2545 descriptionem
1336 2506 1510 2542 interpretari
1526 2516 1533 2534 :
1550 2509 1593 2534 est
1606 2505 1679 2532 enim
1693 2503 1746 2534 eis,

965 2563 993 2586 ut
1008 2557 1136 2593 propheta
1153 2557 1202 2588 ait,
1225 2563 1323 2584 nomen
1345 2555 1459 2582 inditum
1505 2550 1594 2586 Gelgel
1630 2551 1656 2584 b,
1672 2549 1746 2585 quod

965 2604 1099 2633 Hebraico
1121 2609 1246 2631 sermone
1267 2602 1437 2630 revolutiotm
1457 2598 1537 2634 135
1561 2594 1745 2622 reuelatiorm-

165 2702 188 2721 ι·
201 2700 299 2728 Ezecb.
313 2707 331 2726 I.
369 2703 383 2723 γ
399 2698 484 2733 Apoc.
497 2705 523 2724 ν.
562 2701 574 2715 ι
588 2697 672 2732 Apoc.
687 2703 726 2723 tv.
763 2700 776 2714 °
792 2693 891 2721 Ezecb.
906 2699 929 2725 I;
946 2690 1030 2726 Apoc.
1045 2695 1107 2717 vnt.
1144 2686 1157 2706 ιι
1171 2683 1270 2712 Ezech.
1284 2690 1313 2716 ι,
1327 2681 1345 2708 2
1357 2685 1384 2708 et
1396 2679 1423 2706 6.

757 2771 873 2801 VARle
893 2767 1091 2798 LECTIONES.

180 2839 204 2854 “
215 2838 246 2865 Ι).
259 2837 284 2864 in
299 2843 396 2872 genere
408 2835 546 2872 feminino,
556 2834 605 2865 τὰς
618 2832 722 2872 χοῖρός.
749 2832 782 2872 _‘“
799 2828 984 2872 aperimus.
995 2825 1133 2872 εἷο-τρι..

745 2857 919 2902 ὁμοιοὲήῖτὼν,
934 2857 977 2893 ’Μὶ
999 2862 1044 2890 Sa.
1069 2861 1098 2888 Β.

129 2906 200 2937 καξά
219 2908 266 2944 τὴν
273 2907 394 2941 'liﬁpa'iz.
404 2906 425 2934 υ
432 2925 445 2952 ..

1137 2823 1216 2893 ιὲξξλ
1237 2812 1625 2892 ζρξξὶυβρᾱίκςδνκςειυί».
1643 2809 1749 2875 Lata:
