1931 3073
207 151 261 183 115

771 149 800 177 S.
821 147 971 176 DlONYSIl
987 147 1218 177 ABEOPAGIT/E

1774 147 1824 176 3M

209 211 284 245 ipsas
298 217 357 244 quae
369 214 489 244 praesunt
515 209 586 242 aliis,
600 209 645 237 his
664 208 731 243 ipsis
746 208 846 236 iterum
864 208 891 236 in
909 211 996 236 sacris

1054 209 1089 240 ltg
1103 209 1167 244 παρ’
1181 207 1268 235 αὐτῶν
1279 208 1383 239 ὲκείνας
1410 206 1621 249 ἰεραρχουμένας
1637 207 1773 242 ἐλέγομεν,
1785 206 1827 232 όν-

209 255 320 282 sttbesse
332 255 496 288 diceremus,
523 262 588 281 vere
613 261 656 281 res
678 253 797 280 absurda
824 258 849 280 et
877 253 991 280 confusa

209 301 360 331 videretur.
376 300 424 327 Sin
441 305 530 327 autem
543 301 629 327 sacris
639 299 700 327 illas
711 305 829 334 praeesse
842 304 869 326 et
882 299 993 326 subesse

210 346 337 379 dicimus,
353 354 406 373 non
418 350 507 373 tamen
523 346 649 377 easdem,
668 350 696 373 et
714 345 820 376 iisdem,
835 344 883 372 sed
895 351 992 378 quam—

210 391 276 420 libet
289 399 381 420 earum
395 392 507 419 subesse
520 392 627 426 quidem
641 391 789 425 prioribus,
801 397 916 425 praeesse
928 397 993 417 vero

211 438 418 471 posterioribus,
438 437 509 464 haud
526 438 673 471 incougrue
682 437 742 472 quis
759 437 869 468 dixerit,
887 435 993 463 easdem

210 481 421 514 eﬂormationes,
430 486 458 509 et
471 482 564 516 primis
574 486 601 509 et
622 482 719 509 mediis
726 487 753 509 et
765 482 918 516 postremis,
929 488 994 521 pro-

211 528 269 562 prie
283 527 363 561 simul
380 535 412 555 ac
424 535 487 555 vere
502 528 613 555 omnino
628 527 824 556 accommodari
838 534 926 562 posse.
940 527 995 554 lioc

211 578 303 600 autem
317 579 430 601 sanctus
451 573 494 600 hic
519 573 657 608 proponit,
681 573 744 608 quia
769 573 853 600 verba
874 573 995 600 facturus

210 623 252 646 cst
270 619 303 646 de
331 619 482 651 caelestium
507 619 633 646 ordinum
658 618 878 650 formationibus,
895 622 923 646 et
941 626 994 646 non

210 663 269 691 vult
293 663 406 698 proprio
421 663 518 698 cuique
535 663 623 691 ordini
646 663 728 690 aliam
743 668 825 697 atque
848 663 929 689 aliam
943 662 996 689 for-

213 716 285 736 mam
314 707 456 742 allingere,
484 709 530 735 sed
555 715 651 736 omnes
674 707 833 742 simpliciter
853 707 995 738 omnibus,

212 751 285 778 sicut
299 758 360 778 sese
373 751 453 778 habet
473 752 547 779 ratio
559 752 691 779 veritatis.
704 752 806 779 Asserit
821 752 911 786 itaque
925 753 995 786 quod

212 796 244 822 ad
259 795 338 831 137
350 796 490 824 anteriora
503 797 694 830 extendantur,
711 804 804 824 verum
815 797 995 824 conversive:

1045 263 1099 286 τως
1112 254 1211 281 ἀτοπία
1220 254 1251 280 τὸ
1277 255 1392 289 πρᾶγμα
1405 254 1491 280 ἐδόκει
1516 254 1562 280 καὶ
1588 253 1727 288 σύγχυσις.
1745 252 1776 281 ΕΙ
1799 252 1828 279 δὲ

1048 300 1097 331 τὰς
1126 299 1211 332 αὑτὰς
1245 301 1380 336 ίεραρχεῖν
1415 301 1462 327 καὶ
1495 299 1677 336 ίεραρχείσθαι
1703 299 1827 335 λέγομεν,

1047 344 1139 371 οὐκέτι
1154 345 1183 372 δὲ
1205 345 1260 371 τῶν
1283 345 1372 371 αὐτῶν
1396 346 1442 372 καὶ
1473 345 1536 380 περὶ
1565 345 1620 376 τῶν
1641 344 1741 372 αὐτῶν.
1763 344 1829 374 ἀλλὰ

1045 391 1096 426 τὴν
1130 391 1246 426 ἑκάστην
1272 391 1452 426 ἱεραρχεῖσθαι
1479 391 1532 418 ὑπὸ
1555 391 1619 425 τῶν]
1635 390 1761 426 πρώτων,
1783 390 1830 417 καὶ

1046 437 1183 472 ίεραρχεῖν
1194 436 1250 463 τῶν
1264 437 1406 473 δευτέρων,
1418 438 1467 464 οὐκ
1480 437 1630 468 ἀπεικότως
1643 437 1675 464 ἄν
1690 446 1732 468 τις
1745 437 1820 472 φαίη,

1043 482 1093 513 τὰς
1106 482 1190 513 αὐτὰς
1202 482 1354 518 μορφώσεις
1368 483 1495 510 δύνασθαι
1511 483 1694 520 περιτίθεσθαι
1707 484 1752 510 καὶ
1765 486 1823 516 ταῖς

1048 527 1180 564 πρώταις,
1193 529 1240 557 καὶ
1253 530 1313 560 ταῖς
1325 530 1460 565 ἐσχάταις,
1484 530 1591 562 οἰκείως
1603 530 1691 565 πάντη
1708 530 1755 556 καὶ
1769 530 1830 566 ἀλη-

1047 573 1139 605 θινῶς.
1162 573 1248 600 Τοῦτο
1259 574 1288 600 δὲ
1309 574 1486 610 προστίθησιν
1508 574 1624 601 ἐνταῦθα
1637 575 1652 600 ό
1667 574 1753 608 ἅγιος,
1770 574 1829 607 ἐπεὶ

1049 619 1141 655 μέλλει
1165 619 1255 653 λέγειν
1275 621 1339 655 περὶ
1351 620 1405 646 τῶν
1435 620 1602 657 μορφώσεων
1623 620 1677 646 τῶν
1699 620 1830 655 οὐρανίων

1045 665 1203 700 ταγμάτων,
1221 666 1267 696 καὶ
1293 665 1415 701 βούλεται
1440 666 1477 702 μὴ
1505 666 1557 702 ἰδίᾳ
1588 666 1695 701 ἑκάστῳ
1713 667 1830 700 τάγματι

1047 709 1130 745 ἄλλην
1143 711 1191 737 καὶ
1203 710 1285 746 ἀλλην
1299 711 1466 747 περιτιθέναι
1490 711 1640 747 μόρφωσιν,
1659 710 1727 737 ἀλλὰ
1743 711 1830 742 πάσας

1046 756 1140 787 ἁπλῶς
1154 757 1212 788 τοῖς
1235 757 1313 790 πᾶσι,
1340 756 1432 789 καθὼς
1447 757 1503 792 ἔχει
1529 757 1576 784 καὶ
1596 757 1610 783 ό
1628 757 1678 791 τῆς
1705 757 1831 791 ἀληθείας

1049 801 1136 836 λόγος.
1158 802 1415 838 Προκατασκευάζει
1430 803 1506 838 γοῦν,
1529 803 1570 830 ὅτι
1597 804 1644 831 καὶ
1658 803 1689 829 τί)
1713 803 1781 839 πρὸς
1802 802 1832 830 τὸ

212 841 344 876 siquidem
358 841 392 868 ad
406 842 546 870 anteriora
561 849 668 876 qucque
684 842 756 877 ignis
768 843 936 875 extenditur,
949 843 997 870 sed

1054 847 1164 880 Ξναντες
1184 848 1379 881 ἀνατείνεσθαι,
1403 849 1474 885 πλὴν
1503 848 1737 884 ὲπιστρεπτικῶς·
1768 849 1833 876 ἁνα-

213 886 292 914 1110άο
306 886 455 919 imtionali
481 894 513 914 ac
537 888 666 920 naturali,
680 887 782 915 nullam
811 888 914 915 habens
929 895 996 916 con-

1054 893 1164 920 εείνεται
1180 894 1235 930 γὰρ
1262 894 1331 930 πρὸς
1342 894 1373 921 τὸ
1389 883 1501 926 ἄναντες
1516 895 1562 922 καὶ
1583 883 1649 930 πῦρ,
1662 895 1719 922 ἀλλ’
1730 894 1833 928 ἀλόγως

214 933 362 959 versionem
389 940 420 961 ac
443 933 610 965 libertatem.
630 933 677 962 Illa
699 934 784 970 igitur
798 935 832 962 ad
856 935 997 963 anteriora

213 978 348 1011 extensio,
361 983 389 1006 et
400 979 503 1006 circum
518 980 681 1015 semetipsas
692 986 825 1012 consulas
850 981 996 1012 volutatio.

212 1024 399 1058 virtutumque
416 1024 539 1052 custodia
567 1025 741 1061 propriarum
764 1026 826 1058 (etsi
853 1027 925 1054 enim
949 1034 998 1061 ap-

214 1073 309 1103 petant
322 1070 476 1104 superiora,
491 1078 543 1097 non
558 1074 648 1098 tamen
669 1071 696 1098 id
718 1071 821 1099 faciunt
843 1080 875 1100 ac
891 1072 912 1099 si
943 1073 999 1099 vir-

214 1120 303 1142 tutum
334 1121 490 1151 oontemptu
530 1117 701 1152 propriarum
742 1118 794 1145 alia
824 1123 997 1153 quaererent;

213 1162 278 1195 quin
301 1162 391 1196 potius
426 1163 478 1190 hoc
505 1163 565 1198 ipso
601 1163 688 1199 magis
723 1164 847 1198 proprias
883 1164 999 1192 virtutes

214 1210 318 1240 amant,
336 1215 390 1242 quo
401 1207 471 1235 alias
483 1208 641 1244 appetunt);
658 1209 739 1238 tertio
754 1210 871 1244 denique
885 1209 999 1237 inferio-

214 1252 291 1281 ribus
304 1259 334 1280 se
349 1255 583 1288 communicandi,
596 1260 625 1282 et
653 1255 687 1282 ad
710 1256 819 1283 eosdem
837 1256 999 1290 procedendi

214 1299 313 1330 virtus,
337 1299 497 1328 coelestibus
523 1308 633 1336 quoque
656 1301 785 1329 omnibus
813 1301 1000 1337 intelligentiis

214 1343 356 1378 competit,
380 1344 445 1372 licet
469 1344 531 1372 aliis
561 1345 669 1379 quidem
698 1346 856 1378 universim,
874 1352 906 1374 ut
928 1354 998 1381 stupe

215 1389 317 1419 dictum
335 1394 385 1422 est.
405 1390 467 1420 aliis
484 1398 549 1418 vero
562 1398 596 1419 ex
612 1396 697 1426 parte.
737 1421 741 1425 ν
907 1417 910 1418 ,

253 1435 315 1472 §ll.
341 1436 409 1463 Cum
434 1437 524 1471 itaque
544 1438 712 1472 propositum
745 1438 823 1469 nobis
839 1439 874 1466 sit
902 1440 1001 1474 ﬁguras

217 1489 380 1518 expurgare,
410 1482 436 1509 id
461 1487 505 1510 est
534 1483 736 1513 eﬂ'ormationes
769 1488 797 1511 et
823 1485 954 1520 imagines
968 1486 1002 1513 ad

217 1529 405 1557 sublimiorem
421 1530 566 1564 quemdam
579 1537 688 1557 sensum
711 1530 865 1564 adducere;
883 1539 931 1567 age
947 1540 1002 1567 prae

218 1575 326 1605 caeteris
341 1575 457 1611 primmn
473 1576 563 1611 ﬁgurae
576 1577 645 1612 ignis
658 1577 842 1612 expiationem
861 1577 1002 1611 iaciamus,

219 1622 348 1657 quoniam
368 1630 424 1658 pra:
440 1622 551 1658 reliquis
562 1622 708 1659 Scriptura:
721 1624 817 1652 divinae
833 1625 1001 1652 materialem

220 1668 290 1702 ignis
306 1667 522 1697 eﬂ'ormationem
550 1669 692 1701 honorant.
724 1671 831 1698 Etenim
846 1678 899 1698 non
917 1670 1003 1698 solum

220 1719 297 1741 rotas
311 1713 405 1749 igneas
421 1714 552 1747 referunt,
570 1720 599 1742 ιιι
614 1716 749 1750 reperitur
763 1717 790 1743 in
806 1715 951 1748 Ezechiele
963 1716 1004 1743 di-

219 1765 318 1787 cente:
333 1759 367 1786 Et
386 1761 493 1793 spiritus
506 1767 561 1789 erat
573 1762 601 1789 in
614 1762 678 1789 rotis
694 1767 705 1781 υ
719 1771 726 1796 ;
743 1769 834 1789 verum
848 1762 929 1790 etiam
945 1763 1004 1789 ani-

221 1809 301 1839 malia
320 1809 416 1844 ignita,
430 1809 506 1844 juxta
535 1809 620 1836 illud;
637 1809 753 1844 Cumque
771 1809 1004 1836 nmbularentani-

221 1857 313 1888 utalia,
327 1855 497 1884 ambulabant
509 1857 607 1890 pariter
617 1861 640 1883 et
652 1862 716 1883 τοίω
724 1856 737 1876 ιι
746 1865 753 1889 ;
763 1856 890 1891 virosque
901 1856 1003 1892 igneos,

221 1908 303 1937 atque
318 1903 463 1935 carbones,
473 1902 549 1937 juxta
565 1902 630 1930 illud
643 1909 651 1930 :
666 1902 798 1930 Carbone:
814 1903 932 1929 succensi
945 1907 1004 1929 sunt

221 1951 249 1981 in
260 1951 373 1984 idipsum
387 1955 410 1983 ο,
419 1954 447 1976 et
455 1949 560 1981 ﬂuvios,
571 1957 603 1976 ac
619 1948 642 1976 si
658 1949 719 1983 quis
727 1949 822 1976 Graece
831 1948 913 1982 dicat,
924 1958 1004 1985 πυρι-

223 1996 418 2032 φλεγέθοντας,
438 1996 464 2023 id
491 2000 533 2022 est
562 1995 801 2030 ﬂammigerantes,
823 1996 900 2029 Juxta
921 1995 1004 2022 illud:

225 2042 259 2069 Et
274 2043 370 2076 ﬂuvias
391 2042 459 2077 ignis
482 2042 643 2068 scaturiebat
656 2046 716 2068 ante
736 2041 813 2074 pede:
828 2041 904 2072 eius:
918 2045 946 2067 et
959 2041 1006 2067 ite-

227 2095 286 2115 rnm
302 2088 414 2115 thronos
427 2088 532 2122 igneos,
556 2093 587 2114 ut
612 2088 638 2113 in
655 2085 797 2113 Ezechiele
821 2086 953 2113 tradidit:
980 2091 1007 2113 et

225 2141 323 2164 nomen
343 2134 478 2168 seraphim
502 2134 647 2167 incensores
677 2137 703 2161 et
723 2133 894 2168 calefactores
916 2137 1006 2164 sonat,

225 2180 299 2207 calor
312 2180 384 2207 enim
400 2180 472 2214 ignis
485 2180 638 2214 proprietas
651 2185 712 2211 est,
728 2185 755 2206 et
770 2179 841 2206 actio
854 2179 913 2214 ejus
925 2179 1006 2212 ustio,

1049 940 1096 966 καὶ
1112 940 1244 974 φυσικῶς,
1275 941 1408 977 μηδεμίαν
1429 940 1490 976 ἕχον
1514 941 1680 977 ἐπιστροφὴν
1697 940 1744 970 καὶ
1769 948 1834 976 προ-

1050 985 1166 1020 αἰρεσιν.
1189 985 1226 1011 Τὸ
1256 984 1322 1019 γοῦν
1354 985 1423 1020 πρὸς
1447 985 1483 1018 τὸ,
1498 985 1611 1016 ἄναντες
1637 984 1832 1016 ἀνατείνεσθαι,

1049 1030 1096 1056 καὶ
1119 1029 1150 1056 τὺ
1178 1030 1242 1064 περὶ
1272 1029 1372 1062 ἑαυτὰς
1393 1030 1523 1066 ἁῤῥεπῶς
1551 1029 1760 1065 συστρέφεσθαι,
1790 1030 1835 1062 καὶ

1049 1075 1178 1110 φρουρεῖν
1204 1074 1254 1106 τὰς
1284 1075 1386 1106 οἰκείας
1417 1075 1546 1110 δυνάμεις
1568 1074 1603 1110 (εί
1628 1074 1682 1110 γὰρ
1713 1075 1760 1102 καὶ
1782 1075 1835 1101 τῶν

1051 1122 1210 1157 ὺπερτάτων
1228 1122 1357 1156 ἐφίενται,
1370 1121 1428 1148 ἀλλ’
1438 1119 1483 1148 οὖν
1497 1121 1547 1156 οὐχ
1563 1122 1601 1153 ὼς
1617 1121 1833 1157 καταφρονοῦσαι

1050 1167 1103 1193 τῶν
1118 1167 1226 1193 οἰκείων
1246 1167 1394 1202 δυνάμεων,
1412 1167 1585 1202 ἐπιζητοῦσιν
1612 1167 1702 1203 ἓτερα,
1723 1168 1756 1194 δι’
1769 1167 1834 1194 αὐτὸ

1053 1214 1101 1248 μὲν
1123 1211 1170 1240 οὖν
1185 1213 1283 1249 μᾶλλον
1294 1213 1372 1240 τοῦτο
1388 1213 1418 1239 τὸ
1429 1212 1607 1248 ἀγαπητικῶς
1618 1212 1689 1248 ἔχειν
1707 1213 1776 1248 πρὸς
1786 1213 1833 1244 τὰς

1051 1260 1153 1290 οἰκείας
1164 1259 1303 1293 δυνάμεις,
1328 1258 1376 1285 καὶ
1391 1258 1493 1293 ἑτέρων
1515 1250 1656 1293 ἐφίενται),
1672 1257 1718 1284 καὶ
1735 1258 1836 1293 τρίτον,

1051 1305 1081 1331 τὸ
1097 1305 1161 1341 περὶ
1181 1305 1215 1332 τὰ
1241 1305 1354 1340 δεύτερα
1369 1304 1528 1337 κοινωνικὸν
1543 1304 1590 1330 καὶ
1619 1303 1772 1339 προοδικδν,
1790 1304 1837 1330 πά-

1054 1360 1113 1382 σαις
1126 1351 1240 1386 ἁρμόσει
1254 1352 1315 1382 ταῖς
1327 1351 1465 1386 οὐρανίαις
1475 1350 1588 1382 οὐσίαις,
1607 1350 1631 1375 ει
1648 1349 1695 1376 καὶ
1709 1351 1772 1381 ταῖς
1789 1349 1838 1384 μὲν

1051 1398 1159 1429 ὑλικῶς,
1173 1399 1210 1429 ὡς
1223 1397 1351 1428 πολλάκις
1367 1396 1485 1432 εἴρηται,
1501 1397 1561 1427 ταῖς
1576 1395 1604 1422 δὲ
1618 1395 1750 1431 μερικῶς.

1089 1444 1103 1480 §
1125 1445 1158 1470 ll.
1186 1444 1261 1470 Ἐπεὶ
1276 1441 1323 1470 οὖν
1340 1442 1512 1478 προεθέμεθα
1524 1442 1587 1473 τοὺς
1609 1441 1710 1472 τύπους
1735 1441 1836 1468 ἀνακατ

1053 1490 1145 1525 θᾶραι,
1162 1489 1282 1524 δηλονότι
1298 1488 1348 1520 τὰς
1365 1487 1518 1523 μορφώσεις
1530 1487 1576 1513 καὶ
1592 1486 1640 1518 τὰς
1657 1486 1764 1517 εἰκόνας
1779 1485 1838 1512 ἀνά-

1053 1536 1097 1569 ξαι
1123 1535 1162 1567 είς
1174 1544 1234 1562 τινα
1250 1535 1404 1571 ὑπερτάτην
1431 1534 1478 1560 καὶ
1506 1534 1615 1568 μείζονα
1639 1533 1753 1563 ἔννοιαν,
1772 1532 1836 1567 φέρε

1055 1581 1109 1618 πρὸ
1131 1581 1185 1607 τῶν
1207 1580 1294 1607 ἄλλων
1323 1580 1433 1616 πρώτην
1450 1579 1635 1615 ανακᾲθαρσιν
1660 1577 1838 1613 ποιησώμεθα

1052 1628 1102 1662 τῆς
1117 1626 1164 1653 τοῦ
1177 1627 1261 1662 πυρὸς
1283 1626 1394 1657 εἰκόνος,
1411 1626 1452 1651 ὃτι
1464 1625 1511 1651 καὶ
1523 1623 1597 1659 παρὰ
1612 1623 1662 1655 τὰς
1675 1623 1756 1654 ἄλλας
1773 1623 1839 1649 εἰκό-

1054 1682 1103 1705 νας
1118 1673 1168 1709 τὴν
1190 1672 1322 1708 ὲμπύριον
1340 1671 1507 1707 ὑλογραφίαν
1525 1671 1542 1705 ἡ
1566 1669 1626 1696 θεία
1650 1668 1747 1704 Γραφὴ
1760 1668 1836 1704 τιμᾷ.

1054 1721 1110 1747 Καὶ
1126 1720 1180 1755 γὰρ
1209 1719 1245 1754 μὴ
1275 1718 1353 1755 μόνον
1378 1717 1492 1752 τροχοὺς
1516 1715 1660 1751 πυρώδεις,
1688 1715 1726 1746 ὡς
1748 1715 1778 1741 ὲν
1800 1714 1838 1749 τῷ

1061 1765 1189 1801 Ίεζεκιὴλ
1205 1765 1328 1800 εὓρηται,
1339 1763 1394 1790 Καὶ
1405 1762 1522 1796 πνεῦμα
1534 1761 1573 1795 ἦν
1589 1761 1623 1787 ἐν
1638 1760 1701 1793 τοῖς
1712 1759 1839 1794 τροχοῖς,

1055 1812 1169 1846 λέγοντι,
1198 1810 1388 1846 παραδίδωσιν,
1403 1809 1470 1836 ἀλλὰ
1491 1809 1538 1835 καὶ
1562 1808 1619 1840 ζῶα
1643 1807 1838 1842 πεπυρωμένα,

1056 1857 1126 1884 κατὰ
1141 1857 1181 1887 τὸ,
1205 1849 1256 1883 Ἐφ-
1269 1855 1307 1888 τῷ
1320 1856 1497 1889 περεύεσθαι
1520 1854 1557 1881 τὰ
1579 1854 1644 1885 ζῶα,
1662 1854 1840 1886 ἐπορεύοντο

1056 1903 1104 1930 καὶ
1124 1904 1150 1928 ο]
1167 1902 1267 1936 τροχοί
1277 1911 1282 1916 ·
1301 1902 1347 1927 καὶ
1363 1900 1461 1936 ἄνδρας
1472 1899 1615 1935 πυρώδεις,
1633 1899 1680 1925 καὶ
1692 1898 1839 1934 ἄνθρακας,

1059 1948 1130 1980 κατὰ
1144 1948 1174 1974 τὸ
1184 1968 1191 1979 ,
1206 1948 1369 1980 'ArOpaxec
1381 1944 1561 1980 driigalino'ar
1576 1944 1625 1970 ἐπὶ
1638 1943 1670 1970 τὸ
1685 1943 1760 1970 αὑτό
1771 1952 1777 1958 ·
1796 1943 1842 1969 καὶ

1058 1994 1204 2030 ποταμοὺς,
1228 1993 1266 2024 ώς
1297 1993 1330 2019 ἄν
1355 2000 1397 2023 τις
1421 1990 1492 2017 εἴποι
1523 1989 1594 2016 κατὰ
1619 1989 1683 2020 τοὺς
1709 1988 1841 2024 ’Έλληνας

1058 2039 1312 2076 πυριφλεγέθοντας,
1341 2036 1411 2063 κατὰ
1436 2036 1484 2067 τδ,
1509 2035 1564 2062 Καὶ
1595 2034 1725 2068 ποταμὸς
1748 2033 1842 2068 πιφὸς

1055 2083 1139 2113 εἷλκε
1156 2084 1212 2118 πρὸ
1229 2083 1287 2110 τῶν
1306 2081 1407 2113 ποδῶν
1434 2080 1542 2108 αὐτοῦ’
1561 2080 1608 2106 καὶ
1635 2078 1715 2106 πάλιν
1731 2078 1843 2114 θρόνους

1058 2133 1196 2167 πυρίνους,
1211 2131 1248 2162 ὼς
1264 2131 1292 2156 ὲν
1319 2129 1361 2164 τῷ
1392 2126 1521 2162 Ίεζεκιὴλ
1551 2126 1733 2162 παραδίδωσν
1753 2125 1799 2152 καὶ
1825 2125 1842 2159 ἡ

1060 2177 1201 2213 ἐπωνυμία
1226 2176 1280 2202 τῶν
1311 2174 1437 2211 σεραφὶμ]
1452 2172 1622 2208 ἐμπρησται
1637 2172 1690 2197 εἰσι
1713 2171 1762 2197 καὶ
1777 2172 1842 2203 θερ-

224 2231 307 2259 alque
321 2227 433 2253 omnino
449 2233 556 2253 sursum
568 2231 596 2253 et
611 2226 738 2253 deorsum
762 2226 867 2259 igneam
894 2225 1001 2260 ﬁguram

1059 2225 1230 2259 palam-rec,
1248 2221 1334 2248 ταῦτα
1349 2221 1403 2256 γὰρ
1419 2220 1472 2246 εισι
1487 2218 1534 2245 τοῦ
1551 2217 1646 2253 πυρὸς,
1662 2217 1692 2243 τὸ
1717 2217 1767 2252 μὲν
1783 2216 1843 2251 θερτ

225 2271 405 2302 commendat.
421 2271 591 2306 Quapropter
603 2271 717 2301 formam
736 2271 844 2306 igneam
861 2271 1009 2301 fortiﬁcare

225 2325 326 2346 censeo
336 2317 488 2345 cmlestium
508 2317 753 2353 intelligentiarum
777 2317 1008 2349 deiformitatem;

225 2365 355 2400 quoniam
385 2364 456 2392 Deus
483 2369 573 2391 nauer
594 2364 663 2399 ignis
689 2371 842 2393 consument
860 2363 870 2382 ί
898 2363 1008 2390 dicitur.

226 2411 298 2446 Quin
312 2415 340 2439 et
355 2411 381 2438 in
395 2411 458 2445 igne
473 2411 545 2438 Deus
560 2410 634 2437 visus
658 2415 710 2443 est,
736 2415 765 2437 nt
779 2409 897 2437 essentia
922 2409 1010 2435 forma

225 2464 335 2490 carens,
352 2461 379 2484 et
392 2456 638 2490 superessetllialis,
652 2456 781 2490 quoniam
808 2455 879 2490 ignis
897 2454 1008 2486 multas,

226 2505 248 2532 si
265 2505 340 2532 dictu
355 2503 396 2531 l'as
410 2504 456 2537 sit,
472 2503 570 2531 divina:
581 2503 753 2538 proprietatis
764 2502 896 2536 imagines
910 2508 966 2536 pra:
980 2508 1010 2527 se

227 2552 289 2580 fort.
305 2551 429 2586 Explicat
445 2551 517 2578 hunc
529 2551 618 2585 ignem
634 2550 772 2583 sensiletn,
799 2555 826 2576 ut
843 2553 884 2576 est
898 2549 924 2576 iu
947 2556 1006 2575 om—

228 2598 308 2626 nibus
321 2598 485 2632 quandoque
499 2597 607 2631 quidem
621 2597 735 2631 ipsemet
749 2595 834 2630 ignis,
847 2593 1010 2629 quandoque

227 2651 292 2671 vero
311 2643 381 2678 ignis
399 2644 561 2678 proprietas,
575 2651 672 2678 nempe
686 2645 773 2675 calor,
789 2649 836 2677 per
852 2647 931 2675 quem
947 2647 1009 2666 om-

226 2691 272 2718 nia
287 2695 448 2718 moventur:
475 2691 550 2718 aiunt
577 2691 648 2717 enim
675 2690 793 2716 calorem
815 2695 876 2716 esse
899 2692 1009 2714 causam

227 2743 328 2764 motus.
345 2737 402 2764 Non
421 2742 525 2765 tantum
553 2738 655 2773 crgoin
675 2737 746 2768 aliis,
772 2741 865 2762 verum
879 2732 960 2761 etiam
984 2732 1011 2757 in

227 2783 364 2814 elemento
378 2786 498 2812 maxime
513 2784 664 2815 contrario,
679 2783 783 2810 scilicet
795 2788 876 2815 aqua,
892 2778 1011 2806 calorem

229 2831 368 2866 reperies;
391 2832 526 2866 quomodo
539 2833 611 2860 enim
636 2833 790 2857 moveretur
814 2826 865 2854 nisi
882 2825 1006 2859 spiritum

1063 2271 1113 2307 μὺν
1129 2269 1238 2304 ἰδιότης,
1255 2269 1285 2294 τε
1295 2268 1322 2294 δὲ
1343 2265 1491 2294 καυστικὸν
1502 2265 1625 2300 ἐνέργεια
1634 2271 1640 2278 ·
1652 2264 1698 2290 καὶ
1709 2263 1778 2293 ὅλως
1788 2261 1843 2307 ἄνω

1061 2319 1108 2344 καὶ
1119 2318 1194 2344 κάτω
1210 2316 1258 2350 τὴν
1285 2313 1418 2350 ἐμπόριον
1433 2310 1635 2339 τυποπλαστίαν
1651 2309 1728 2343 τιμᾷ.
1746 2308 1782 2334 Τὸ
1795 2306 1843 2342 μὲν

1059 2361 1107 2390 οὖν
1120 2361 1241 2398 πυρῶδες
1258 2359 1399 2396 ἐμφαίνειν
1423 2358 1513 2392 οἴομαι
1524 2356 1554 2382 τὸ
1570 2355 1684 2386 Θεηειδὲς
1699 2353 1754 2381 τῶν
1763 2353 1844 2388 οὐρα-

1061 2410 1126 2436 νίων
1153 2408 1309 2443 δυνάμεων*
1335 2406 1381 2432 καὶ
1398 2404 1461 2439 ’γὰρ
1483 2405 1498 2430 ό
1516 2402 1587 2434 Θεὸς
1603 2401 1686 2436 ἡμῶν
1701 2399 1760 2433 πῦρ
1776 2406 1842 2424 κατ-

1061 2455 1229 2483 ανωῑίσκον
1250 2453 1367 2487 λέγεται.
1392 2449 1547 2485 Ἐθεωρήθη
1565 2448 1594 2474 δὲ
1610 2448 1650 2478 εἰς
1666 2446 1721 2481 πῦρ
1737 2446 1751 2470 ὁ
1767 2443 1841 2474 Θεὸς,

1062 2503 1078 2536 ἡ
1095 2501 1256 2537 ἀμόρφωτος
1268 2499 1346 2526 οὐσία
1363 2497 1409 2523 καὶ
1420 2495 1590 2531 ὑπερούσιος,
1615 2493 1656 2519 ὅτι
1680 2493 1726 2518 καὶ
1738 2490 1767 2516 τὸ
1787 2488 1842 2539 πῗρ

1063 2547 1162 2577 πολλὰς
1189 2545 1296 2576 εἰκόνας
1325 2544 1391 2578 ἔχει,
1420 2542 1444 2568 εί
1469 2541 1547 2576 θέμις
1575 2540 1643 2570 τέως
1669 2538 1765 2568 εἰπεῖν,
1792 2538 1842 2568 ’ξής

1063 2592 1212 2628 θεαρχικῆς
1237 2590 1381 2625 ίδιότητος.
1405 2587 1550 2623 Ἑκφρὰξει
1577 2585 1607 2611 τὸ
1633 2581 1759 2618 αἰσθητὸν
1775 2579 1840 2628 πῦρ,

1063 2640 1103 2666 ὅτι
1120 2627 1194 2664 ἐστὶν
1207 2638 1235 2663 ὲν
1252 2637 1328 2667 πᾶσι,
1345 2635 1396 2662 ποῦ
1425 2634 1474 2670 μὲν
1495 2634 1541 2659 καὶ
1557 2631 1622 2658 αὐτὸ
1640 2629 1670 2656 τὸ
1696 2627 1761 2662 πῦρ,
1791 2627 1841 2652 ποῦ

1062 2685 1091 2710 δὲ
1108 2684 1154 2710 καὶ
1181 2685 1196 2718 ἡ
1224 2683 1270 2709 τοῦ
1305 2682 1390 2717 πυρὸς
1422 2669 1530 2714 ἰδιότης,
1559 2677 1589 2704 τὸ
1612 2674 1720 2711 θερμὸν,
1752 2669 1841 2718 καθ“ὃ

1062 2730 1151 2756 πάντα
1165 2715 1316 2754 κινοῦνται·
1335 2715 1420 2752 άῖτιον
1444 2724 1498 2760 γὰρ
1515 2723 1564 2757 τῆς
1592 2722 1723 2766 κινήσεως
1737 2717 1768 2743 τὸ

1066 2775 1114 2810 μὸν
1131 2774 1247 2807 λέγουσι.
1276 2773 1320 2807 Μὴ
1349 2771 1427 2806 μόνον
1454 2768 1500 2796 οὖν
1516 2769 1545 2794 ὲν
1568 2769 1624 2796 τοῖς
1650 2760 1842 2810 ἄλλοιςςιαλλὰ

1065 2822 1110 2847 καὶ
1133 2820 1246 2855 ἐναὺτῷ
1269 2819 1307 2855 τῷ
1324 2817 1509 2851 ἐναντιωτάτῳ
1537 2813 1669 2850 στοιχείῳ,
1697 2810 1735 2845 τῷ
1755 2808 1840 2841 ὕδατι,

269 2894 279 2914 θ
291 2888 391 2925 Redi.
406 2897 434 2925 ι,
451 2888 496 2918 2i.
534 2886 549 2910 ιι
564 2887 630 2921 Ibid.
660 2886 701 2921 19.
743 2890 754 2904 ε
770 2882 842 2913 Psal.
857 2889 931 2916 aut,
946 2880 972 2911 θ.

1054 2881 1118 2908 lcul.
1139 2885 1176 2913 tv,
1186 2877 1231 2911 24,.
