1931 3073
126 155 182 184 565

382 155 426 182 DE
442 154 609 183 C(ELESTI
626 155 846 188 IIIERARCHIA,
864 156 939 184 CAP.
956 157 1051 185 XV.—
1068 155 1238 185 PAltAPllR.
1257 156 1489 185 PACHYMEIUE.

1699 157 1751 185 54ιὶ

126 213 256 248 εὑρήσεις
268 213 299 240 τὸ
315 213 416 249 θερμόν
427 222 433 228 ·
463 214 521 245 πῶς
548 212 602 249 γὰρ
619 213 654 240 ἂν
675 214 722 241 καὶ
737 214 859 250 ἐκινήθη,
878 214 913 250 μὴ

968 214 1101 246 haberet,
1132 215 1209 249 juxta
1237 213 1323 241 illud:
1352 213 1468 248 Spiritus
1483 212 1589 240 Domini
1619 214 1752 248 ferebatur

127 259 189 294 ἕχον
205 257 331 294 πνεῦμα;
359 258 429 285 κατὰ
449 259 496 286 τό”
523 260 644 294 Πνεῦμα
660 260 733 288 Θεοῦ
755 260 913 295 ἐπεφέρετο

126 302 228 330 ἐπάνω
240 302 294 330 τοῦ
315 303 434 336 ὒέατος.
450 304 487 331 Τὸ
501 304 529 331 δὲ
543 304 650 340 πνεῦμα
666 305 775 336 πάντως
789 304 835 332 τοῦ
852 305 914 341 θερ-

129 348 182 385 μοῦ
210 348 329 384 μετέχει.
357 349 443 376 καθ”ὃ
469 350 516 376 καὶ
542 349 682 385 εὺκίνητόν
707 350 776 382 ἐστι,
801 351 849 378 καὶ
870 351 915 378 διὰ

128 396 238 423 πάντων
255 396 344 431 φοιτᾷ,
358 395 428 431 πλὴν
456 395 579 431 ἀμιγῶς·
606 396 666 423 οὐδὲ
684 396 739 433 γὰρ
755 397 820 423 αὐτὸ
846 398 914 432 πρὸς

128 442 178 477 τὴν
191 441 257 477 ὓλην
275 441 439 477 μιγνύμενον
463 443 676 478 μεταϐάλλεται,
705 443 772 470 ἀλλά
786 443 836 478 τὴν
848 443 913 478 ὕλην

129 488 169 519 εἰς
196 488 276 514 ἑαυτὸ
304 489 456 525 μεθίστησι.
480 490 516 517 Τὸ
543 490 609 517 αὐτὸ
636 491 683 517 καὶ
712 491 851 526 παμφαὲς,
870 490 914 517 ὅτε

127 534 178 569 τῆς
204 533 270 570 ὕλης
285 535 476 571 ὲπιδράξεται·
497 536 544 563 καὶ
571 536 685 572 κρύφιον
702 536 763 563 καθ’
775 537 851 569 αὐτὸ,
877 537 914 572 μὴ

128 581 313 617 προκειμένης
326 581 409 616 ὓληςι
441 583 484 614 τίς
506 582 561 618 γὰρ
584 583 677 618 βλέπει
693 583 724 610 τὸ
739 584 767 610 ὲν
782 584 818 619 τῇ
835 584 916 620 πυρί-

127 627 180 653 τιδι
192 626 259 664 πῦρ,
285 628 309 660 εἰ
325 629 361 663 μή
379 636 412 662 γε
439 628 593 665 ὲκκρουσθῇ
621 631 669 657 καὶ
685 629 751 666 ὕλης
766 630 839 662 τινὸς
854 631 916 657 Eme

127 672 276 708 δράεηται;
299 673 345 709 Μὴ
365 671 411 700 οὖν
428 674 505 708 λέγε·
530 675 585 702 Καὶ
603 675 662 707 πῶς
684 675 746 711 δίχα
761 675 833 708 τινὸς
849 675 915 712 ὓλης

129 718 278 754 σπινθῆρες
291 718 471 752 ὲξάπτονται;
498 719 578 746 κάκεῖ
594 719 648 756 γὰρ
670 719 719 755 ὕλη
737 729 779 752 τις
795 721 869 747 ἐστίν
879 729 885 735 ·
900 721 916 747 ὀ

127 763 184 800 γὰρ
199 764 405 800 συνθλιϐόμενος
428 765 492 802 ἀὴρ,
512 766 601 801 μέσων
616 766 671 794 τῶν
689 767 912 803 συνθλιϐομένων,

127 809 231 842 ἐκεῖνός
253 810 327 837 ἐστιν
339 811 375 842 ὡς
388 811 436 847 ὓλη
454 813 510 843 τοῖς
526 812 758 848 ἀποπαλλομένας
785 812 914 848 σπινθῆρ-

129 864 182 888 etv,
199 857 239 888 είς
251 856 280 883 ὃν
296 857 438 892 ἀναφαίνει
453 857 484 884 τὸ
500 857 556 894 πῦρ
571 858 621 894 τὴν
637 859 740 886 οἰκείαν
763 861 911 896 ἐνέργειαν.

130 900 260 936 ’Δσχετόν
275 902 359 935 ἐστιν,
377 903 458 930 οἱονεὶ
485 903 618 939 μηδεμίαν
639 905 735 940 ἑτέραν
752 906 842 941 σχέσιν
852 906 913 942 ἔχον

128 946 199 982 πρὸς
214 947 265 982 τὴν
294 947 369 983 ὓλην,
387 949 411 975 εί
441 949 478 984 μὴ
510 949 581 976 κατά
606 951 637 977 τὸ
660 950 782 987 δαπανᾷν
808 953 911 988 αὐτήν·

129 992 215 1019 καθ’ῧ
246 994 444 1029 σημαινόμενον
472 994 579 1029 λέγεται
601 996 648 1022 καὶ
677 996 800 1030 ἀϐίωτος,
828 998 877 1034 οὐχ
900 1000 915 1025 ὁ

129 1038 332 1074 περιφρονητὴς
357 1038 412 1065 τῶν
434 1040 615 1075 πραγμάτων,
643 1040 700 1067 ἀλλ’
712 1043 726 1068 ὁ
747 1041 786 1076 τῷ
799 1041 848 1078 βίῳ
864 1051 914 1070 κα-

127 1082 314 1118 ταχρώμενος.
333 1083 394 1110 Ὅτι
421 1083 450 1110 δὲ
481 1084 560 1112 τοῦτο
574 1085 649 1121 δηλοῖ
670 1087 702 1113 τὸ
728 1087 851 1122 ἄσχετον,
868 1090 915 1118 καὶ

128 1127 190 1162 οὐχὶ
214 1129 245 1155 τὸ
274 1129 443 1165 ἀκράτητον,
472 1131 504 1157 ὲκ
532 1131 579 1158 τοῦ
608 1132 696 1167 λέγειν
729 1134 808 1161 πάλιν
843 1135 914 1167 ἰδίως

128 1174 294 1210 ἁκράτητον,
308 1175 397 1211 δῆλον.
421 1176 600 1213 Ἀθεὼρητον,
617 1179 662 1205 ὅτε
689 1179 751 1215 δίχα
764 1181 835 1212 τινὸς
849 1180 915 1217 ὕλης

129 1221 287 1248 ἐπινοεῖται.
323 1222 561 1259 Αὑτοκρατητικδν
590 1225 732 1258 ἁπάντων.
762 1228 842 1254 οἱονεὶ
867 1228 914 1262 ἀφ’

129 1266 227 1294 ἑαυτοῦ
243 1268 372 1303 κρατοῦν,
389 1269 437 1296 καὶ
464 1270 501 1305 μὴ
528 1272 594 1306 παρ’
613 1271 707 1307 ἐτέρου
738 1273 912 1309 κινούμενον

131 1313 281 1348 ίὸιαιτάτην
297 1313 352 1350 γὰρ
373 1314 506 1351 διαφορὰν
521 1316 551 1342 τὸ
564 1315 663 1352 θερμὸν
680 1318 746 1353 ἔχει,
774 1318 803 1352 ἐξ
816 1316 846 1346 οὗ
869 1320 915 1346 καὶ

129 1358 159 1384 ἐν
173 1357 275 1393 ἑτέροις
290 1359 307 1393 ὴ
324 1359 433 1395 κίνησις
445 1360 559 1394 γίνεται.
582 1361 766 1395 Ἀλλοιωτικὸν
786 1364 854 1398 πρὸς
865 1364 914 1400 τὴν

128 1403 231 1435 οἰκείαν
245 1404 394 1440 ἐνέργειαν,
420 1407 449 1432 ἐν
462 1404 502 1434 οἷς
518 1407 552 1433 ἂν
568 1408 694 1444 γένηται·
716 1410 787 1436 καίει
803 1410 857 1446 γὰρ
868 1411 914 1438 καὶ

127 1450 143 1475 ὀ
161 1449 267 1485 σωηρος
290 1450 467 1486 ἑκπυρωθείς.
500 1453 680 1482 Μεταδοτικὺν
705 1457 762 1487 τοῖς
790 1457 914 1484 ὁπωσοῦν

128 1494 324 1530 πλησιάζουσιξ
350 1497 418 1532 πρὸς
440 1497 495 1534 γὰρ
519 1499 565 1525 τὸν
587 1500 604 1535 ἢ
627 1502 795 1538 προσεχῆ,ἢ
820 1503 914 1539 πόρρω

129 1539 304 1577 πλησιασμὸν
320 1542 485 1579 ἐκπυροῦται
495 1545 526 1571 τὸ
540 1547 749 1582 παρακείμενον.
760 1549 915 1576 Ἀνανεωτι-
928 1557 949 1586 c

128 1586 262 1619 κὸν,,καθ¹
281 1588 296 1614 ὃ
315 1588 430 1625 θερμόν·
457 1591 519 1618 ἐπεὶ
531 1591 585 1628 γὰρ
597 1592 628 1619 τὸ
640 1594 728 1629 γῆρας
748 1594 850 1631 ψυχρὸν
867 1597 912 1624 καὶ

125 1631 297 1668 δυσκίνητον,
315 1635 331 1670 ἡ
356 1636 450 1672 νεότης
474 1636 578 1673 θερμή·
597 1639 643 1665 καὶ
667 1639 835 1676 θερμουργὸς
850 1643 864 1668 ό
879 1642 914 1669 τὰ

126 1677 175 1704 τοῦ
183 1679 244 1705 νέου
252 1680 443 1716 ἐργαζόμενος.
457 1683 536 1710 Κατὰ.
549 1683 626 1711 τοῦτο
634 1685 688 1721 γὰρ
695 1686 778 1712 καὶτὸ
790 1687 914 1714 ὁπωσοῦν

128 1723 229 1759 θερμὸν
240 1725 268 1751 ὲν
279 1726 345 1761 ἡμῖν
354 1726 482 1764 ζώπυρον
492 1727 609 1763 λέγεται,
620 1730 660 1756 ὅτι
671 1730 731 1757 καθ’
740 1732 845 1758 αὑτὸ⁷⁰¹
856 1733 914 1760 νεά-

127 1769 221 1807 ζομεν.
232 1771 396 1799 Φωτιστικόν
408 1774 476 1806 ἐστι,
489 1775 537 1801 καὶ
548 1775 564 1810 ἡ
578 1775 709 1812 ἕλλαμψις
721 1778 802 1804 αὐτοῦ
819 1779 914 1814 ἀπερι-

127 1815 265 1848 κὰλυπτος
281 1816 342 1843 καθ’
358 1818 452 1854 αὑτήν.
471 1819 516 1854 Μὴ
539 1820 592 1856 γάρ
617 1829 661 1856 μοι
691 1820 754 1856 λέγε
765 1822 800 1848 τὰ
815 1823 913 1856 ἔξωθεν

126 1860 352 1897 ἐπικαλύμματα,
380 1864 445 1891 αὐτὸ
468 1865 522 1901 γὰρ
540 1866 619 1893 πάλιν
640 1868 803 1901 φωτιστικὸν
826 1869 911 1904 μένει,

128 1905 180 1931 κᾶν
198 1907 328 1942 μυριάκις
343 1909 588 1946 περικαλύπτηται.
624 1911 802 1948 Ἀκρὰτητον·
823 1915 847 1940 εἰ
859 1914 913 1950 γὰρ

128 1952 175 1978 καὶ
193 1953 222 1978 ἐν
248 1955 281 1988 τῇ
300 1953 350 1990 ὕλῃ
367 1956 522 1991 κατέχεται,
551 1957 607 1984 ἀλλ’
623 1959 671 1993 οὐχ
695 1959 738 1985 ἵνα
761 1959 836 1997 σώσῃ
847 1961 912 1988 ταύ-

127 2006 188 2033 την,
205 1999 349 2036 καὶταύτῃ
379 2004 456 2038 συνῇ,
480 2002 537 2029 ἀλλ’
549 2004 592 2030 ἵνα
622 2003 780 2040 δαπανῆσαν
794 2006 912 2042 οἴχηται.

135 2043 248 2077 Ἀμιγές
260 2053 266 2059 ·
289 2045 343 2072 τίνι
364 2047 418 2083 γὰρ
431 2048 478 2074 καὶ
492 2048 615 2085 μιχθείη;
643 2050 750 2076 ὑπείκει
761 2051 816 2087 γὰρ
827 2052 914 2088 τούτῳ

129 2089 219 2114 πάντα
247 2091 292 2116 καὶ
321 2091 443 2126 τήκεται.
479 2093 667 2129 Διακριτικόν·
702 2096 832 2130 διακρίνει
859 2097 913 2133 γὰρ

127 2136 178 2167 τὰς
202 2135 283 2169 ὕλας,
306 2135 362 2164 οἷον
382 2139 436 2165 ἀπὸ
452 2140 572 2176 ἀργύρου
596 2141 726 2176 μόλιϐδον.
759 2143 914 2171 Ἀναλλοίω-

129 2191 187 2214 τον,
212 2184 272 2211 καθ’
295 2185 310 2211 ὃ
326 2186 356 2212 οὐ
373 2186 483 2214 δυνατὸν
503 2188 628 2222 μένοντος
650 2189 697 2216 τοῦ
715 2191 893 2226 ὑποκειμένου
904 2211 911 2223 ,

974 260 1055 295 138
1071 268 1150 295 super
1166 268 1249 294 aquas
1264 260 1297 286 εἳ
1311 259 1428 295 Spiritus
1441 265 1532 286 autem
1544 259 1656 287 omnino
1666 260 1750 294 parti-

966 314 1032 340 ceps
1044 310 1086 333 est
1102 306 1212 338 caloris,
1230 313 1280 341 per
1293 313 1372 340 quem
1386 311 1414 333 et
1427 305 1531 333 mobilis
1541 310 1582 333 est
1597 310 1622 333 et
1635 313 1683 340 per
1693 313 1751 332 om-

964 353 1009 380 nia
1036 357 1120 384 meat,
1143 354 1240 379 verum
1268 351 1457 386 impermiste;
1476 358 1563 385 neque
1580 351 1651 378 enitn
1683 342 1750 385 ipse,

963 398 1027 426 dum
1053 405 1114 425 cum
1149 398 1264 426 materia
1292 398 1496 430 commiscetnr,
1522 398 1689 430 immutatur,
1705 398 1751 424 sed

965 444 1109 472 materiam
1126 444 1153 471 in
1169 451 1199 472 se
1213 448 1391 474 transmutat.
1404 443 1476 471 ldem
1499 451 1606 478 quoque
1623 451 1750 478 perquam

964 489 1079 522 lucidus,
1094 497 1156 517 cum
1169 489 1310 517 materiam
1325 489 1520 524 apprehendit;
1532 493 1558 516 et
1572 489 1693 517 occultus
1705 497 1753 524 per

964 542 1005 568 se,
1024 542 1085 562 cum
1114 543 1169 563 non
1186 535 1264 563 adest
1291 535 1416 562 materia.
1444 534 1510 568 Quis
1532 534 1605 562 enim
1631 535 1705 562 videt
1725 534 1751 561 in

963 581 1050 617 pyrite
1064 581 1165 616 ignem.
1180 581 1231 608 nisi
1246 581 1413 614 excutiatur,
1431 585 1460 608 et
1473 580 1616 608 materiam
1632 580 1751 615 aliquam

965 625 1138 660 prehendat?
1155 625 1195 652 Ne
1223 626 1308 660 igitur
1330 630 1404 662 pete,
1429 626 1569 662 quomodo
1588 626 1648 653 sine
1662 626 1752 661 aliqua

965 671 1080 699 materia
1093 670 1220 698 scintillae
1231 671 1434 699 accendantur:
1452 679 1515 699 nam
1528 676 1556 699 et
1567 671 1606 699 ibi
1630 672 1752 706 quaedam

964 721 1007 744 est
1020 717 1135 745 materia
1153 729 1158 746 :
1176 716 1290 745 collisus
1303 717 1376 744 enim
1394 725 1442 745 aer
1456 718 1528 746 inter
1546 718 1590 745 illa
1602 725 1663 753 quae
1674 717 1753 745 colli-

965 762 1076 795 duntur,
1092 762 1138 790 ille
1153 764 1229 798 quasi
1243 763 1357 791 materia
1372 764 1499 792 scintillis
1510 764 1644 796 excussis,
1659 765 1685 792 in
1699 772 1754 799 quo

963 813 991 836 ct
1007 810 1078 845 ignis
1099 817 1176 837 suam
1190 810 1379 841 eﬁicacitatem
1403 810 1572 838 manifestat.
1591 809 1754 839 Intolerabi-

964 855 997 884 lis
1008 861 1060 888 est,
1077 861 1106 884 ιιι
1123 857 1169 891 qui
1184 857 1285 884 nullam
1304 857 1386 885 aliam
1399 857 1586 885 habitudinem
1602 858 1706 885 haheat
1719 857 1753 884 ad

964 902 1120 935 materiam,
1135 903 1186 931 nisi
1202 903 1235 930 ad
1248 903 1464 931 consumendam
1480 911 1558 936 eam;
1580 903 1658 935 juxta
1671 911 1753 938 quant

964 948 1192 983 signiﬁcationem
1210 949 1310 976 dicitur
1326 949 1409 976 etiam
1428 949 1543 980 ἀϐίωτος
1554 969 1561 981 ,
1580 949 1607 976 id
1624 953 1666 976 est
1682 950 1754 983 quod

966 1003 1027 1023 cum
1042 1002 1074 1023 ea
1093 995 1145 1023 vivi
1161 1003 1214 1024 non
1226 996 1323 1030 possit,
1339 1003 1392 1023 non
1404 996 1466 1031 quia
1478 999 1648 1030 contemptor
1658 1001 1699 1023 est
1711 1003 1754 1023 re-

966 1049 1040 1074 rum,
1067 1042 1114 1068 sed
1138 1042 1202 1076 quia
1228 1041 1283 1069 vita
1316 1041 1445 1070 abutitur.
1470 1041 1527 1069 Hoc
1556 1045 1646 1068 autem
1673 1048 1753 1068 sensu

965 1086 1016 1113 dici
1041 1085 1156 1121 ἄσχετον
1184 1093 1231 1113 seu
1274 1086 1484 1118 intolerabilem,
1516 1090 1544 1114 et
1574 1094 1628 1114 nou
1665 1086 1753 1122 ἀκρά-

963 1140 1063 1167 τητον,
1093 1133 1118 1160 id
1146 1136 1190 1160 est
1213 1133 1429 1164 incontinentem,
1452 1139 1486 1160 ex
1512 1139 1544 1160 eo
1567 1131 1752 1165 manifestum,

963 1177 1034 1212 quod
1051 1177 1149 1205 iterum
1166 1177 1232 1205 dicit
1257 1177 1411 1213 ἀκράτητον
1424 1197 1431 1211 ,
1449 1185 1496 1205 seu
1521 1177 1606 1205 teneri
1623 1178 1753 1206 nescimn.

965 1223 1112 1251 Invisibilis
1127 1223 1209 1250 etiam
1238 1227 1290 1256 est,
1305 1223 1414 1258 quando
1440 1223 1500 1251 sine
1519 1223 1608 1258 aliqua
1638 1224 1752 1250 materia

965 1270 1162 1298 consideratur.
1188 1268 1242 1298 Per
1267 1275 1298 1296 se
1318 1268 1408 1296 omnia
1425 1268 1526 1300 domat,
1539 1273 1664 1303 tanquam
1679 1275 1693 1295 a
1709 1275 1753 1295 se-

966 1315 1081 1349 metipso
1107 1314 1269 1350 praevalens,
1294 1319 1322 1342 et
1340 1322 1394 1342 non
1430 1313 1465 1341 ab
1489 1313 1542 1341 alio
1565 1317 1672 1346 motus;
1687 1320 1752 1348 pro-

967 1360 1105 1396 priissima
1120 1365 1210 1388 autem
1237 1360 1295 1395 ejus
1319 1360 1471 1388 diﬁ'erentia
1485 1364 1527 1386 est
1549 1359 1633 1392 calor,
1646 1367 1680 1387 ex
1699 1366 1754 1394 quo

964 1407 1044 1434 etiarn
1058 1407 1085 1434 iu
1102 1406 1162 1434 aliis
1174 1411 1263 1434 motus
1275 1406 1315 1434 ﬁt.
1330 1405 1456 1433 lmmutat
1471 1405 1618 1440 alteratque
1631 1405 1665 1432 ad
1676 1413 1752 1432 suam

965 1452 1151 1487 operationem
1170 1451 1215 1478 illa
1242 1451 1340 1485 quibus
1358 1451 1512 1479 insederit:
1526 1459 1587 1478 nam
1603 1455 1631 1478 et
1651 1450 1752 1478 ferrum

965 1498 1078 1533 ignitum
1091 1498 1155 1525 urit.
1170 1497 1366 1532 Quoquomodo
1384 1496 1575 1524 accedentibus
1586 1504 1615 1524 se
1628 1503 1753 1524 contum--

967 1545 1057 1572 nicat:
1075 1544 1102 1570 id
1117 1544 1190 1571 enim
1205 1544 1277 1578 quod
1302 1543 1447 1578 apponitur
1466 1549 1515 1576 pro
1537 1543 1641 1569 ratione
1657 1542 1754 1569 vicina:

970 1589 1011 1617 vel
1033 1594 1144 1618 remoue
1167 1589 1376 1625 propinquitatis
1402 1589 1527 1624 ignescit.
1556 1588 1692 1621 Renovat,
1724 1588 1752 1615 in

966 1641 1097 1672 quantum
1110 1636 1216 1664 calidus
1230 1640 1272 1664 est
1288 1646 1294 1664 ε
1308 1636 1441 1670 siquidem
1453 1639 1579 1663 senectus
1600 1634 1699 1669 frigida
1709 1637 1752 1660 est

967 1688 994 1710 ct
1009 1682 1155 1710 difﬁculter
1167 1685 1300 1713 movetur,
1315 1681 1444 1716 juventus
1458 1688 1524 1708 vero
1543 1679 1631 1708 calida
1643 1683 1702 1711 est;
1725 1684 1752 1706 et

968 1727 1072 1756 fervide
1098 1727 1155 1762 agit
1179 1727 1303 1762 quisquis
1329 1733 1412 1760 opera
1432 1726 1498 1753 facit
1525 1723 1665 1760 juvenilia.
1684 1724 1751 1750 Nam

965 1773 1058 1805 etiam,
1076 1772 1226 1800 secundum
1249 1772 1311 1803 hoc,
1333 1771 1465 1806 quidquid
1490 1771 1516 1798 in
1542 1770 1621 1797 nobis
1634 1770 1752 1797 calidum

965 1823 1018 1851 est,
1037 1818 1150 1853 ignitum
1167 1825 1214 1846 seu
1240 1817 1378 1844 viviﬁcuut
1393 1817 1505 1850 dicitur,
1521 1817 1585 1851 quia
1600 1817 1751 1844 secundum

965 1866 1017 1894 hoc
1033 1865 1248 1901 juvenescimus.
1273 1865 1393 1892 Lucidus
1406 1869 1461 1896 est,
1475 1864 1595 1899 etipsius
1610 1863 1749 1891 illumina-

966 1912 1004 1938 tio
1018 1918 1066 1946 per
1086 1918 1116 1938 se
1137 1910 1266 1937 abscondi
1291 1910 1396 1944 nequit.
1421 1909 1514 1943 Neque
1537 1916 1601 1936 vero
1624 1908 1750 1935 mihiob-

962 1957 1062 1992 jeceris
1076 1957 1230 1984 extrinseca
1242 1955 1385 1988 velamina;
1413 1955 1470 1989 ipse
1483 1955 1555 1982 enim
1578 1954 1709 1981 rursusitt
1723 1960 1752 1980 se

965 2004 1069 2031 lucidus
1087 2008 1189 2036 manet,
1209 2003 1264 2030 etsi
1280 2001 1378 2029 millies
1392 2006 1508 2036 tegatur.
1525 2000 1623 2028 Teneri
1636 1999 1750 2034 nequit:

965 2057 1027 2076 nam
1049 2049 1113 2077 licet
1137 2049 1165 2076 in
1192 2048 1306 2076 materia
1331 2048 1516 2078 contineatur,
1539 2054 1592 2073 non
1617 2050 1706 2072 tatnen
1722 2049 1751 2074 ut

965 2101 1055 2124 servet
1066 2096 1151 2128 illam,
1179 2095 1273 2130 illique
1295 2094 1414 2126 uniatur,
1437 2093 1484 2120 scd
1500 2096 1529 2119 ut
1545 2099 1576 2118 ca
1592 2095 1751 2124 consumpta

965 2143 1086 2175 recedat,
1114 2142 1325 2177 impermistus:
1349 2141 1392 2168 sui
1421 2140 1493 2167 enim
1519 2138 1628 2166 misceri
1654 2137 1750 2172 possit,

965 2198 1026 2217 cum
1047 2198 1080 2217 eo
1102 2190 1195 2216 omnia
1220 2189 1390 2223 subigantur,
1415 2193 1569 2222 cunctaque
1587 2193 1752 2214 consumam

127 2228 201 2260 τοῦτ’
215 2229 288 2257 ἐστιν
304 2231 387 2267 αὐτῆς
396 2233 446 2268 τῆς
457 2234 550 2266 οὐσίας
566 2235 613 2261 τοῦ
628 2236 722 2271 πυρὸς,
736 2236 913 2272 μεταϐάλλειν

967 2235 1028 2262 tur?
1055 2234 1233 2262 Discernendi
1262 2236 1317 2261 vim
1347 2233 1448 2261 habet:
1467 2232 1599 2267 siquidem
1622 2231 1753 2258 materias

127 2274 195 2301 αὐτὸ
218 2276 248 2301 ὲν
270 2277 327 2307 τοῖς
350 2277 481 2310 πάθεσιν,
514 2277 567 2306 οἷον
589 2280 714 2314 γενέσθαι
733 2282 799 2308 αὐτὸ
812 2290 910 2317 στρογ-

129 2319 230 2353 γύλον,
255 2320 271 2356 ἢ
300 2322 454 2355 γωνοειδὲς,
482 2323 549 2360 ὅπερ
578 2325 607 2355 ὲν
629 2327 686 2358 τοῖς
711 2327 815 2361 γηΐνοις
840 2327 912 2354 ἔστιν

126 2367 231 2401 εὑρεῖν·
258 2367 275 2402 ἢ
290 2367 386 2394 παθεῖν
403 2368 438 2395 τὰ
451 2369 498 2396 τοῦ
513 2370 608 2406 ἀέρος,
638 2368 694 2398 οἷον
713 2372 850 2409 φθαρῆναι
869 2373 912 2401 διὰ

125 2411 180 2440 τῶν
201 2412 427 2449 ἀναθυμιάσεων·
457 2415 473 2450 ἣ
499 2416 680 2452 παχυνθῆναι,
707 2418 723 2453 ἢ
751 2419 797 2445 καὶ
822 2420 859 2451 ὡς
882 2421 912 2447 τὺ

127 2457 201 2494 ὕδωρ
224 2460 374 2494 μεταϐολὰς
394 2461 530 2494 δέξασθαι.
555 2463 715 2500 Ἀνώφορον,
738 2466 807 2492 ἀλλά
830 2467 913 2501 ὀξέως

128 2503 212 2540 ῥέπον
227 2506 266 2537 εἰς
293 2506 370 2541 ὕψος,
400 2508 446 2534 καὶ
472 2509 598 2545 οὐδεμιᾶς
613 2511 737 2547 ἀνέχεται
753 2513 913 2549 περιπεζίας

127 2549 259 2584 ῥφέσεως.
278 2551 451 2587 Ἀεικίνητον,
482 2554 499 2589 ἢ
527 2555 571 2582 διὰ
590 2555 639 2591 τὴν
657 2556 704 2584 τοῦ
721 2558 821 2590 παντὸς
842 2560 912 2586 κατὰ

126 2595 279 2631 περιφορὰν
301 2597 417 2632 κίνησιν,
446 2599 463 2634 ἢ
495 2600 541 2626 καὶ
563 2601 629 2628 διότι
652 2601 809 2630 ἁεικινείται
837 2604 912 2632 ἔνθεν

127 2641 254 2668 κάκεῖθεν
284 2643 333 2678 τὴν
363 2643 429 2679 ὓλην
449 2645 585 2679 δαπανῶν,
613 2647 776 2684 δηλουμένου
803 2649 911 2683 ὡσανεὶ,

125 2686 167 2712 ὅτι
204 2686 373 2723 δυσχεραίνει
412 2689 461 2725 τὴν
496 2691 562 2727 ὓλην
575 2712 582 2724 ,
619 2693 665 2720 καὶ
698 2695 803 2730 ταχέως
842 2695 912 2723 θέλει

126 2732 368 2761 ἀποσκευάσασθαι
383 2735 429 2762 τὸν
445 2735 551 2772 δεσμὸν.
575 2739 595 2764 Τ
597 2740 770 2776 αὐτοκίνητον
780 2750 786 2757 ·
810 2742 911 2778 ταύτην

166 2790 179 2808 ε
194 2789 262 2817 Gen.
279 2798 302 2821 ι,
317 2791 345 2818 ‘2.

966 2285 996 2308 ut
1027 2281 1062 2309 ab
1099 2284 1212 2316 argento
1255 2279 1394 2315 plumbum
1435 2279 1578 2306 discernit.
1619 2277 1751 2304 lmmuta-

966 2327 1028 2355 bilis
1060 2333 1126 2360 est,
1166 2331 1302 2361 quatenus
1341 2325 1511 2360 impossibile
1548 2329 1590 2352 est
1624 2328 1750 2351 manente

966 2373 1109 2408 subjecto,
1147 2373 1200 2400 hoc
1233 2377 1274 2400 est
1304 2373 1398 2400 eadem
1430 2372 1498 2408 ignis
1534 2376 1653 2404 natura,
1671 2369 1752 2404 133

965 2420 1063 2447 qutari
1087 2420 1175 2454 ipsum
1201 2420 1227 2447 in
1251 2419 1471 2454 proprietatibus,
1502 2418 1574 2444 velut
1597 2424 1659 2444 eum
1688 2416 1747 2443 ﬁeri

964 2466 1110 2493 rotundum
1139 2466 1180 2494 vel
1209 2465 1384 2501 angularem,
1413 2464 1485 2500 quod
1514 2464 1541 2491 in
1575 2462 1751 2490 terrestribus

963 2511 1086 2539 invenire
1110 2512 1188 2544 licet;
1215 2517 1262 2538 aut
1285 2511 1357 2538 aeris
1383 2510 1562 2546 proprietates
1587 2509 1749 2539 admitterel

963 2558 1034 2584 sicut
1048 2565 1096 2592 per
1111 2558 1332 2593 evaporationem
1346 2555 1500 2590 corrumpi;
1517 2554 1560 2582 vel
1576 2554 1749 2586 condensari,

964 2605 1007 2632 vel
1021 2606 1092 2633 sicut
1107 2613 1204 2640 aquam
1220 2605 1383 2632 mutationes
1398 2604 1547 2638 suscipere.
1564 2602 1678 2630 Sursqu
1693 2602 1748 2629 fer-

953 2655 1018 2685 tur,
1032 2652 1080 2678 sed
1096 2651 1220 2679 celeriter
1232 2652 1258 2679 in
1273 2651 1358 2678 altum
1375 2657 1499 2685 serpens,
1515 2649 1617 2676 nullam
1631 2648 1745 2679 sustinet

965 2697 1124 2731 dejectionis
1138 2697 1279 2725 vilitatem.
1295 2696 1409 2731 Semper
1423 2699 1557 2727 movetur,
1573 2695 1633 2722 sive
1648 2701 1745 2721 secun-

963 2745 1026 2771 dum
1043 2744 1162 2773 universi
1177 2747 1278 2772 motum
1296 2742 1468 2776 circularem,
1481 2741 1537 2770 sive
1553 2741 1624 2777 quod
1639 2747 1745 2775 semper

777 2844 892 2873 ὶἈῐὶῌΞ
912 2843 1110 2877 LECTIONES-

163 2871 197 2891 ’ν
213 2872 244 2906 L.
262 2874 320 2904 κατ’
338 2874 411 2903 αὑτό,
430 2874 477 2905 Ep.
495 2874 578 2907 Γλιη.
