1931 3073
191 166 244 194 547

759 162 788 191 S.
808 162 959 190 DIONYSII
973 163 1204 192 ABEOPAGITJE

1762 164 1814 191 3&8

191 221 300 250 ibidem‘
310 224 450 248 moveatur
466 224 606 247 malenam
621 219 817 253 consumendo,
833 220 968 255 quodam-

1029 220 1083 257 γὰρ
1102 221 1149 247 καὶ
1165 220 1228 256 μίαν
1241 219 1290 255 τὴν
1312 220 1382 255 πρὸς
1400 216 1440 246 τᾶ
1450 220 1505 247 ἄνω
1532 220 1638 255 κίνησιν
1652 216 1816 255 ἐχει.’Κινη-

191 267 271 296 modo
287 266 443 302 signiﬁcans
455 273 484 294 se
498 265 640 293 materiam
655 263 788 298 aversari,
802 269 830 292 et
841 265 897 293 cito
908 265 977 293 velle

189 315 247 349 ejus
266 313 403 341 vinculum
425 312 600 345 abrumpere.
622 310 720 345 Seipso
741 315 865 338 movetur
881 322 887 340 :
905 311 977 340 hunc

189 359 263 386 enim
274 362 301 385 et
310 365 392 386 unum
402 357 435 385 ad
443 364 541 392 supera
551 360 652 383 motum
664 357 755 384 habet.
766 355 855 384 Movet
864 356 918 384 alia
929 364 978 392 per

190 403 308 431 calorem
323 411 413 435 suum,
436 402 476 429 uti
491 408 573 435 supra
588 400 714 428 diximus.
726 400 978 436 Comprehendendi

189 449 216 476 vi
234 448 338 484 pollet:
355 455 443 482 neque
460 447 532 474 enim
553 446 696 473 materiam
718 446 898 474 subintrando
911 454 977 474 con--

191 494 290 526 sumit,
313 494 361 521 sed
383 493 457 520 circa
484 492 556 519 illam
585 496 713 519 versatur
741 496 769 519 et
793 492 975 526 amplectitur.

191 540 267 573 Quod
289 539 311 566 si
336 539 460 573 inquiras
484 538 517 566 de
541 538 575 566 iis
594 545 655 572 quae
677 537 842 565 intrinsecus
864 537 926 572 igne
943 537 976 564 li-

191 589 338 618 queseunt,
362 583 441 614 scito.
463 583 544 611 etiatn
560 583 597 610 ibi
614 590 648 610 ex
663 587 742 616 parte
762 581 879 616 aliquem
900 589 976 609 com-

191 629 300 664 plexum
322 628 452 661 existere,
468 636 517 662 per
533 635 614 663 quem
630 634 675 655 res
701 627 822 661 subjecta
846 627 976 661 collique-

190 679 265 707 scat;
281 674 321 701 sic
337 674 411 701 enim
434 674 515 701 etiam
537 674 781 708 iucomprehensus
794 672 904 700 dicitur.
919 673 976 700 Etsi

191 719 263 746 enim
281 719 392 746 interius
415 718 443 746 in
459 719 620 753 quibusdam
636 719 717 746 rebus
742 718 908 753 reperiatur,
928 725 974 745 ve-

192 769 344 791 rumtamen
357 769 384 792 et
399 764 435 791 ibi
448 764 682 799 circumplectitur
696 764 868 799 conjunctam
881 763 932 792 sibi
948 768 976 791 et

191 818 273 845 quam
288 811 423 838 consumit
447 811 600 843 materiam,
613 815 640 838 et
654 810 687 837 ab
701 818 733 837 ea
754 809 865 837 minime
889 809 977 837 conti-

190 862 282 884 netur.
298 857 355 884 Non
380 860 440 892 eget
459 857 564 884 altero:
583 863 669 890 neque
687 856 758 883 enim
778 855 907 882 miscetur
929 863 977 882 ne-

190 910 245 937 que
260 902 434 930 confunditur
445 910 506 929 eum
523 902 614 935 aliquo
627 901 681 928 alio
694 901 839 934 elemento,
855 901 893 929 uti
905 908 976 936 aqua

189 953 218 976 et
231 954 320 981 terra;
332 954 497 982 quapropter
507 948 587 974 etiam
600 947 626 974 in
640 947 782 974 elementis
792 947 874 981 aliqui
888 947 975 980 ipsmn

193 992 360 1027 μονοούσιον,
379 999 427 1019 seu
454 993 482 1018 in
493 991 642 1019 substantia
654 992 805 1019 solitarium
835 998 974 1025 nuncupa-

192 1043 265 1065 runt.
281 1037 356 1065 Clam
381 1043 410 1064 se
431 1035 578 1071 ampliﬁcat
593 1046 599 1064 :
614 1038 764 1064 secundum
789 1036 862 1063 enim
886 1035 977 1062 multi-

190 1083 288 1118 plicem
313 1082 513 1117 proportionem
537 1086 650 1116 augetur
667 1090 675 1114 ;
694 1088 780 1115 neque
795 1080 866 1107 enim
892 1081 976 1107 ratio-

191 1135 265 1162 nem,
285 1135 365 1161 quam
387 1127 469 1154 habet
484 1126 666 1161 pratambusta
692 1125 806 1153 materia
821 1126 854 1152 ad
871 1133 975 1152 assum-

191 1179 265 1209 ptam
278 1173 412 1204 eamdem,
428 1173 510 1200 etiam
527 1172 608 1200 habet
625 1172 695 1207 ignis
708 1172 754 1206 qui
773 1172 798 1198 in
816 1171 860 1198 illa
876 1176 928 1204 est,
942 1172 976 1198 ad

190 1220 282 1255 ignem
296 1218 343 1254 qui
356 1218 383 1245 in
397 1218 447 1245 hac
463 1223 519 1250 est;
535 1225 623 1252 neque
639 1216 783 1249 rationem,
801 1225 881 1252 quam
896 1218 977 1244 habet

190 1269 328 1299 assumpta
341 1263 452 1291 materia
471 1263 504 1289 ad
519 1267 676 1297 utramque,
689 1263 792 1289 scilicet
809 1263 841 1289 ad
855 1263 974 1297 seipsam

190 1314 219 1337 et
234 1310 268 1337 ad
281 1316 342 1336 eam
355 1315 415 1342 quae
438 1311 517 1334 antea
532 1307 734 1340 continebatur,
747 1307 869 1335 eamdem
891 1308 973 1335 etiam

190 1345 323 1382 rationem
341 1353 423 1380 habet
447 1352 515 1387 ignis
539 1352 584 1386 qui
601 1357 693 1387 postea
709 1360 840 1380 accensus
863 1358 918 1386 est,
941 1354 975 1381 ad

191 1406 254 1425 eum
268 1397 312 1432 qui
328 1404 460 1424 accensus
473 1404 505 1424 ex
524 1401 640 1431 utraque
653 1397 776 1425 materia.
791 1397 894 1425 ideirco
907 1399 976 1426 dixit

191 1443 315 1475 latenter,
336 1442 464 1477 quoniam
480 1442 501 1469 si
518 1444 640 1477 apposita
657 1442 770 1469 materia
794 1443 830 1470 sit
845 1443 934 1477 exilis,
949 1449 977 1471 et

191 1489 270 1516 valde
285 1488 398 1516 Inuitum
414 1488 440 1514 id
455 1487 526 1521 quod
541 1494 688 1515 accensum
703 1493 755 1520 est,
768 1487 794 1515 in
812 1488 906 1522 capaci
919 1496 976 1515 ma-

192 1534 261 1562 teria
286 1541 363 1561 suam
380 1533 483 1561 indicat
496 1532 684 1565 majestatem:
701 1533 833 1568 siquidem
851 1535 974 1561 omnivo-

1028 267 1104 294 τικὺν
1114 266 1224 302 ἑτέρων·
1240 266 1310 293 κατὰ
1319 266 1349 292 τὸ
1359 266 1458 302 θερμὸν
1469 265 1575 297 ἑαυτοῦ,
1587 266 1677 297 καθὼς
1687 266 1816 301 ἀνωτέρω

1028 311 1167 346 ἐλέγομεν.
1192 309 1403 346 Περιληπτικόν·
1431 310 1491 336 οὐδὲ
1511 308 1565 344 γὰρ
1591 309 1666 340 me;
1684 308 1735 343 τῆς
1749 307 1816 343 ὕλης

1029 356 1135 392 χωροῦν
1149 355 1264 391 δαπανᾷ,
1281 355 1348 382 ἀλλά
1365 356 1429 391 περὶ
1442 355 1527 390 αὐτὴν
1541 354 1662 386 εἱλεῖται,
1675 355 1723 381 κα)⁸
1736 363 1815 390 περι-

1028 402 1179 437 δράττεται.
1196 401 1227 427 Εἰ
1242 401 1270 427 δέ
1293 409 1324 435 γε
1347 401 1478 436 ἀποροίης
1501 401 1565 436 περὶ
1584 400 1637 427 τῶν
1651 400 1756 427 ἔνδοθεν
1775 401 1815 435 τῷ

1029 447 1096 482 πυρὶ
1111 447 1298 482 σμυχομένων,
1311 446 1375 479 ἴσθι,
1388 447 1428 473 ὅτι
1442 446 1553 472 κάκεῖσε
1568 447 1665 481 μερικὴ
1679 455 1722 478 τις
1736 446 1815 481 περί-

1027 492 1107 527 ληψις
1121 493 1235 526 γίνεται,
1250 492 1310 519 καθ’
1324 492 1358 527 ἣν
1371 492 1402 518 τὸ
1416 491 1593 526 ὑποκείμενον
1613 491 1813 526 ὑποσμύχεται⁶

1027 538 1098 565 οὕτω
1112 537 1167 573 γὰρ
1180 538 1227 564 καὶ
1241 537 1426 573 ἀπερίληπτον
1439 536 1555 571 λέγεται.
1570 537 1601 563 Εἰ
1615 536 1669 572 γὰρ
1680 537 1727 563 καὶ
1739 537 1815 569 ἐντὸς

1027 584 1183 619 εὑρίσκεται
1206 583 1236 610 ἓν
1257 591 1338 615 τισιν,
1354 582 1410 610 ἀλλ’
1426 580 1473 609 οὖν
1497 582 1606 609 κάκεῖσε
1631 582 1751 617 περιέχει
1765 581 1815 617 τὴν

1029 629 1161 664 προσεχῆ,
1177 629 1226 655 καὶ
1238 629 1273 664 ἦν
1287 628 1394 663 δαπανᾷ
1416 627 1491 663 ὓλην,
1507 628 1539 654 οὺ
1559 627 1624 663 παρ’
1639 627 1723 662 αὐτῆς
1737 635 1816 662 περι-

1027 675 1128 710 έχεται.
1158 674 1316 709 Ἀπροσδεὲς
1341 674 1447 709 ἐτέρου·
1463 673 1524 700 οὔτε
1542 673 1595 708 γὰρ
1612 673 1736 708 μίγνυται
1752 671 1815 698 οὔτε

1028 720 1154 756 κιρνᾶται
1169 720 1255 756 ἑτέρῳ
1276 720 1331 746 τινὶ
1346 719 1478 754 στοιχείῳ,
1494 719 1533 750 ὡς
1546 718 1576 744 τὸ
1590 718 1660 753 ὕδωρ
1674 718 1749 753 καὶὴ
1765 717 1813 752 γῆ,

1026 765 1066 791 διδ
1080 765 1127 791 καὶ
1149 765 1179 791 ὲν
1199 765 1341 800 στοιχείοις
1365 763 1521 799 μονοούσιον
1539 763 1606 789 αὺτὸ
1629 771 1700 793 τινες
1714 762 1814 797 κεκλή-

1027 818 1101 836 κασι.
1126 809 1320 841 Λανθανόντως
1348 808 1495 843 αὐξητικὸν
1521 807 1635 835 ἑαυτοῦ·
1660 807 1731 849 κατᾴ
1759 808 1814 843 γὰρ

1028 856 1243 882 πολλαπλασίονα
1259 855 1402 889 ἀναλογίαν
1417 854 1560 887 αὐξάνεται
1569 863 1575 870 ·
1590 854 1649 881 οὐδὲ
1658 853 1712 890 γάρ
1725 853 1754 880 ὃν
1766 853 1815 888 ,λό-

1027 909 1074 934 γον
1094 900 1150 935 ἔχει
1171 900 1253 936 τυχὺν
1273 901 1289 936 ή
1306 900 1490 935 προκαιομένη
1512 899 1561 935 ὕλη
1578 899 1646 935 πρὸς
1666 898 1715 934 τὴν
1730 907 1814 934 προσ-

1026 946 1244 982 λαμϐανομένην,
1263 946 1333 973 οὕτω
1349 946 1397 973 καὶ
1411 946 1442 972 τὸ
1465 947 1494 972 ὲν
1514 945 1605 981 ἐκείνῃ
1621 944 1687 980 πῦρ,
1702 945 1770 980 πρὸς
1783 945 1815 971 τὸ

1027 991 1055 1017 ἐν
1080 990 1168 1026 ταύτῃ
1190 990 1263 1026 πῦρ·
1280 991 1340 1017 οὐδὲ
1360 991 1389 1017 ὃν
1410 990 1488 1024 λόγον
1509 990 1564 1025 ἔχει
1578 991 1595 1025 ἡ
1609 989 1815 1025 προσλαμϐανο-

1029 1035 1096 1071 μένη
1115 1035 1164 1071 ὓλη
1187 1036 1255 1071 πρὸς
1281 1036 1330 1072 τὴν
1346 1036 1493 1072 συνάμφω,
1515 1037 1615 1071 ἑαυτήν
1638 1044 1668 1062 τε
1691 1035 1738 1062 καὶ
1763 1035 1816 1071 τὴν

1027 1080 1277 1116 προκατεχομένην,
1287 1081 1332 1107 τὸν
1346 1081 1426 1107 αὐτὸν
1441 1080 1518 1115 λόγον
1530 1080 1585 1116 ἔχει
1599 1081 1646 1107 καὶ
1658 1080 1688 1107 τὸ
1703 1080 1816 1115 ὕστερον

1027 1126 1145 1160 ἀναφθὲν
1160 1125 1216 1162 πῦρ
1230 1126 1298 1162 πρὸς
1312 1126 1342 1152 τὺ
1366 1127 1398 1153 ὲκ
1411 1126 1461 1162 τῆς
1475 1126 1606 1162 συνάμφω
1627 1126 1693 1162 ὕλης
1719 1126 1815 1158 ἐξανα-

1027 1172 1169 1207 πτόμενον.
1184 1171 1233 1198 Διά
1245 1171 1324 1198 τοῦτο
1338 1170 1397 1198 εἷπε
1410 1173 1629 1205 λανθανόντως,
1646 1173 1686 1199 ὃτι
1700 1172 1782 1207 τυχὸν
1796 1173 1813 1208 ἡ

1027 1216 1225 1252 προστιθεμένη
1248 1216 1298 1252 ὖλη
1314 1216 1400 1252 ὀλίγη,
1420 1217 1467 1243 καὶ
1488 1216 1519 1242 τὸ
1535 1216 1720 1251 ἀναπτόμενον
1745 1215 1816 1250 πάμ-

1027 1262 1104 1295 πολυ,
1120 1263 1187 1298 πρὸς
1200 1262 1249 1294 τὰς
1265 1262 1464 1298 ὑποδεχομένας
1479 1262 1544 1293 ὕλας
1558 1262 1683 1296 ἐκφαῖνον
1703 1261 1752 1297 τὴν
1768 1269 1816 1296 με-

1026 1308 1203 1343 γαλειότητα·
1218 1307 1367 1342 παμφάγον
1381 1308 1435 1343 γάρ
1449 1308 1518 1340 ἐστι,
1532 1307 1578 1334 καὶ
1598 1307 1704 1339 οὐδενὸς
1728 1306 1815 1341 φείδε-

1026 1362 1070 1380 ται
1084 1353 1129 1380 τοῦ
1151 1353 1294 1388 ξηροτέρου
1309 1353 1414 1388 ταχέως
1436 1353 1662 1388 ἀντιλαμϐάνεται
1672 1361 1678 1367 ·
1693 1353 1723 1379 τὸ
1738 1353 1815 1388 ὑγρό-

1026 1406 1103 1432 τερον
1117 1399 1176 1424 κατ¹
1194 1397 1282 1432 ὀλίγον
1296 1398 1364 1433 πρὸς
1380 1397 1431 1433 τὴν
1444 1399 1547 1425 οἰκείαν
1568 1398 1700 1434 ὑποδοχὴν
1719 1398 1815 1434 ἐπιτή-

1026 1444 1094 1471 δειον
1117 1443 1301 1479 ἀπεργάζεται
1310 1451 1316 1458 ·
1336 1444 1367 1470 τὺ
1381 1443 1481 1479 θερμὸν
1495 1443 1652 1481 οἰκειοῦται,
1666 1444 1697 1470 τὸ
1710 1443 1814 1479 ψυχρὸν

1026 1489 1156 1525 ἐκπυροῐ’
1174 1489 1220 1515 καὶ
1244 1488 1336 1520 ἁπλῶς
1353 1489 1479 1516 παντοῖόν
1502 1489 1560 1516 ἐστι
1580 1489 1651 1515 κατά
1665 1488 1714 1524 τὴν
1737 1489 1815 1515 δύνα-

1029 1543 1085 1570 μιν,
1107 1535 1153 1561 καὶ
1172 1534 1333 1570 δραστήριον
1351 1534 1471 1567 δυνατὸν,
1487 1535 1572 1562 ἅπασι
1592 1535 1721 1570 πάρεστιν
1736 1534 1816 1570 ἀορά-

193 1586 241 1607 rax
255 1584 314 1612 est,
337 1583 366 1606 ct
383 1578 448 1606 nulli
475 1579 563 1613 parcit
580 1590 585 1606 ;
604 1578 630 1608 id
646 1579 719 1613 quod
742 1579 842 1608 siccius
857 1585 899 1608 est
920 1580 974 1608 cito

1027 1588 1080 1611 τως
1098 1580 1321 1616 κατεσπαρμένον
1335 1580 1364 1606 ὲν
1377 1580 1416 1615 τῷ
1431 1581 1528 1607 παντί·
1546 1581 1592 1607 καὶ
1608 1580 1703 1607 δοκοῦν
1718 1580 1756 1616 μὴ
1774 1578 1814 1607 εἶ-

192 1625 385 1660 apprehendit;
403 1625 429 1652 id
445 1625 517 1659 quod
540 1624 678 1655 humidius
699 1629 753 1659 est,
768 1625 869 1654 sensim
884 1626 917 1653 ad
931 1626 973 1653 sui

192 1672 393 1706 susceptionem
424 1676 516 1705 aptum
540 1670 622 1698 eﬂlcit
645 1679 651 1697 :
675 1671 794 1699 calorem
827 1672 973 1707 conciliat,

194 1716 277 1752 frigus
291 1715 446 1749 l'ervefacit;
462 1716 656 1751 etsimpliciter
666 1716 801 1751 quidlibet
811 1723 853 1745 est
864 1719 975 1753 virtute,

191 1767 234 1790 est
252 1760 358 1794 eﬁicax,
377 1766 482 1797 potens,
495 1762 620 1789 omnibus
642 1762 813 1791 invisibiliter
827 1764 914 1798 adest,
930 1774 974 1793 as-

192 1818 289 1845 persus
304 1809 379 1837 omni
403 1809 457 1842 rei;
474 1814 502 1836 et
517 1809 579 1837 dum
595 1810 704 1837 videtur
724 1818 777 1837 non
794 1818 863 1844 esse,
889 1813 975 1847 negli-

193 1856 275 1891 gitur,
296 1854 423 1883 terribilis
435 1858 475 1882 est
488 1859 516 1881 et
530 1854 716 1882 intolerabilis.
727 1855 827 1882 Attritu
843 1856 916 1883 velut
932 1857 975 1884 ia-

193 1901 291 1937 dagine
302 1900 418 1936 quadam
427 1920 435 1933 ,
448 1899 537 1928 subito
554 1905 583 1927 ut
595 1899 718 1934 subjecto
732 1901 917 1928 connaturalis
930 1910 978 1937 ap-

192 1950 280 1979 paret,
294 1950 321 1973 et
336 1953 443 1973 rursum
461 1944 662 1972 incontinenter
682 1945 781 1977 avolat,
796 1946 867 1973 sicut
884 1947 976 1975 videre

193 1991 257 2018 licet
271 1991 298 2018 in
312 1990 437 2018 scintillis
448 1998 463 2018 e
477 1990 551 2018 silice
564 1989 643 2025 150
654 1991 787 2019 excussis.
803 1991 830 2018 In
847 1993 976 2021 omnibus

193 2036 234 2063 sui
249 2036 498 2068 communionibus,
520 2035 713 2068 calefaciendo,
739 2037 850 2069 urendo,
872 2039 973 2065 astrin-

194 2082 291 2117 gendo,
313 2082 498 2113 illuminando,
515 2081 676 2115 exterisque
698 2081 809 2110 minime
830 2083 973 2111 minuitur.

194 2128 352 2162 Complures
376 2129 440 2156 item
465 2127 531 2154 alias
554 2127 614 2161 quis
637 2127 759 2155 invenire
784 2133 874 2162 posset
904 2129 974 2164 ignis

193 2175 390 2208 proprietates,
414 2173 487 2201 velut
517 2173 647 2208 quasdam
678 2173 776 2200 divina:
806 2174 974 2203 ellicacitatis

1026 1633 1080 1657 ναι,
1095 1625 1244 1660 ἀμελεῖται,
1262 1626 1292 1652 τὸ
1315 1625 1428 1662 φοϐερόν
1451 1635 1481 1652 τε
1495 1627 1542 1653 καὶ
1563 1626 1757 1653 ἀνυπόστατον.
1774 1627 1814 1662 Τῇ

1026 1673 1115 1710 τρίψει
1128 1673 1157 1700 δὲ
1171 1673 1295 1709 καθάπερ
1308 1675 1361 1701 τινὶ
1372 1673 1484 1709 ζητήσει
1497 1674 1626 1709 ἐξαίφνης
1639 1675 1677 1706 ὡς
1693 1674 1814 1709 συμφυὲς

1027 1719 1066 1755 τῷ
1080 1720 1252 1756 ὑποκειμένῳ
1267 1720 1453 1754 ἀναφαίνεται,
1468 1721 1514 1746 καὶ
1528 1718 1606 1751 αὖθις
1618 1719 1814 1755 ἀκαταλήκτως

1028 1766 1188 1801 ἀφίπταται,
1205 1766 1295 1798 καθὼς
1309 1760 1383 1793 ἐστιν
1399 1767 1464 1802 ὁρᾷν
1479 1767 1509 1794 ὲν
1523 1768 1580 1799 τοῖς
1598 1767 1652 1793 ἀπὸ
1670 1766 1717 1792 τοῦ
1741 1766 1814 1792 λίθου

1031 1812 1202 1848 σπινθῆρσιν.
1229 1813 1273 1839 Ἐν
1288 1813 1389 1844 πάσαις
1401 1814 1461 1844 ταῖς
1485 1812 1568 1839 αὐτοῦ
1593 1812 1761 1847 μεταδόσεσι,
1780 1814 1815 1848 τῇ

1031 1857 1134 1894 θερμῇ,
1148 1859 1181 1894 τῇ
1199 1860 1343 1893 καυστικῇ,
1359 1860 1393 1894 τῇ
1410 1859 1587 1893 στεγνωτικῇ,
1602 1859 1635 1894 τῇ
1653 1859 1814 1892 φωτιστικῇ,

1030 1905 1076 1931 καὶ
1094 1906 1154 1936 ταῖς
1173 1904 1266 1937 ἄλλαις
1287 1905 1430 1940 ἀμείωτον.
1445 1905 1500 1931 Καὶ
1515 1904 1616 1935 πολλάς
1630 1912 1672 1935 τις
1694 1903 1726 1930 ἂν
1741 1902 1816 1938 εὖροι

1029 1948 1078 1980 τὰς
1093 1949 1140 1976 τοῦ
1158 1950 1242 1985 πυρὸς
1258 1949 1401 1984 ἰδιότητας,
1417 1949 1523 1981 εἰκόνας
1541 1948 1616 1980 τινας
1636 1949 1685 1984 τῆς
1708 1948 1817 1984 Θεαρχι-

1029 1995 1081 2030 κῆς
1095 1996 1244 2031 ἐνεργείας,
1260 1996 1328 2031 πρὸς
1342 1996 1376 2027 ἃς
1398 1996 1444 2023 καὶ
1463 1995 1512 2027 τὰς
1535 1995 1665 2031 οὐρανίας
1690 1995 1817 2029 δυνάμεις

1026 2041 1051 2067 οἱ
1071 2041 1193 2075 θεόσοφοι
1208 2042 1424 2074 διαπλάττουσιν,
1450 2042 1627 2077 ἐμφαίνοντες
1647 2040 1746 2073 αὐτῶν,
1770 2041 1818 2068 καὶ

1027 2087 1098 2113 κατά
1109 2087 1192 2122 ⁵τοῦτο
1206 2087 1236 2114 τὸ
1258 2087 1372 2119 θεοειδὲς
1387 2088 1433 2114 καὶ
1454 2087 1492 2118 ὡς
1507 2087 1616 2121 ἐφικτὸν
1641 2087 1816 2122 Οεομίμητον,

1027 2133 1068 2159 ὃτι
1081 2135 1140 2165 ταῖς
1154 2133 1249 2164 εἰκόσι,
1264 2132 1324 2159 καθ’
1339 2133 1372 2164 ἃς
1387 2132 1417 2158 τὸ
1433 2131 1504 2158 θεῖον
1518 2132 1690 2165 εἰκονίζεται,
1704 2132 1817 2164 ταύταις

1028 2178 1146 2214 χρῶνται
1161 2179 1207 2206 καὶ
1222 2179 1268 2205 ἐπὶ
1280 2178 1334 2205 τῶν
1345 2178 1478 2214 οὐρανίων
1492 2177 1640 2213 δυνάμεων.

193 2219 338 2254 imagines,
355 2219 389 2246 ad
402 2226 469 2254 quas
489 2217 567 2253 periti
592 2226 680 2246 rerum
697 2219 850 2246 divinarum
872 2221 997 2250 caelestes
1019 2226 1134 2252 virtutes
1154 2224 1295 2259 etiingunt,
1312 2232 1360 2259 per
1376 2224 1426 2251 hoc
1439 2223 1542 2250 illarum
1554 2222 1761 2250 deiformitatem
1783 2231 1818 2250 ac

192 2265 322 2298 divinam,
342 2269 471 2299 quantum
487 2264 539 2297 fas,
556 2264 731 2292 imitationem
751 2265 930 2299 declarantes,
957 2268 1020 2295 dum
1036 2269 1132 2297 iisdem
1153 2269 1332 2304 imaginibus,
1357 2268 1455 2303 quibus
1484 2267 1604 2295 divinum
1639 2266 1742 2294 Numen
1767 2275 1816 2295 ex-

193 2312 326 2346 primunt,
351 2311 389 2338 in,
404 2310 561 2339 emlestibus
585 2317 693 2344 quoque
716 2311 864 2339 virtutibus
887 2318 1011 2343 utuntur.

227 2359 241 2394 §
256 2358 298 2387 ΙΙΙ.
316 2359 371 2386 Cur
388 2362 477 2385 autem
494 2358 624 2384 humanas
640 2357 741 2384 formas
758 2358 792 2386 iis
809 2359 970 2387 ascribunt?

1062 2362 1076 2397 ς
1092 2361 1135 2390 ill.
1148 2362 1197 2389 Διά
1209 2361 1235 2388 τί
1249 2361 1277 2387 δὲ
1294 2360 1544 2396 ἀνθρωπομόρφους
1558 2359 1759 2395 ἀναγράφουσι;
1772 2359 1818 2387 διὰ

193 2409 303 2440 propter
316 2405 372 2431 vim
389 2404 567 2439 intelligendi.
587 2403 681 2438 Angeli
702 2404 775 2431 enim
800 2405 848 2432 toti
871 2409 975 2432 mentes

193 2455 272 2482 sunt;
286 2454 314 2477 et
330 2449 457 2484 quoniam
470 2456 484 2476 a
500 2449 554 2476 Deo
569 2448 748 2482 illustrantur,
767 2449 935 2485 intelligendi
951 2449 977 2476 vi

193 2495 304 2531 pollent.
326 2494 397 2528 Quin
417 2498 444 2522 et
460 2494 583 2521 homines
603 2502 712 2530 quoque
734 2500 852 2530 mentem
877 2495 978 2522 habent

192 2541 290 2569 anima!
307 2541 415 2572 ducem,
437 2541 464 2567 in
479 2548 532 2574 qua
550 2541 669 2576 primum
692 2541 737 2568 Dei
757 2541 904 2568 illustratio
918 2541 977 2568 ori-

194 2591 247 2618 tur,
269 2591 349 2620 atque
365 2586 401 2612 ita
417 2585 547 2620 spiritalis
569 2585 700 2617 ellicilur;
727 2591 782 2613 tum
803 2586 875 2622 quod
895 2587 975 2613 homo

193 2631 301 2659 videndi
318 2632 390 2659 vires
406 2632 506 2659 habeat
527 2631 559 2659 ad
582 2632 720 2660 anteriora
743 2639 900 2665 conversas,
917 2631 975 2667 (qui

193 2678 265 2705 enim
275 2697 283 2710 ,
295 2676 372 2712 juxta
384 2678 553 2713 prophetam,
568 2686 621 2707 non
636 2684 675 2707 est
688 2679 762 2714 graui
777 2679 854 2705 corde
875 2678 911 2711 ⁸⁸,
927 2687 974 2708 su-

194 2731 258 2758 pera
274 2727 389 2758 spectat,
406 2731 461 2758 prae
476 2724 582 2752 caateris
595 2724 780 2752 animantibus
795 2732 855 2758 qua:
871 2729 980 2753 terram‘

195 2775 367 2804 contuentur,
384 2778 411 2799 et
424 2773 531 2801 videndi
549 2773 622 2801 vircs
638 2773 713 2800 humi
730 2772 833 2800 deiian
849 2773 975 2808 habent);

197 2821 254 2843 tum
269 2817 351 2844 etiam
368 2823 478 2853 propter
500 2819 593 2847 formae
609 2818 802 2848 rcctitudiuem
818 2821 844 2847 et
863 2818 978 2857 erectio-

238 2872 345 2907 "I’sal.
359 2881 397 2908 tv,
412 2874 438 2903 5.

1029 2408 1060 2435 τὸ
1075 2409 1178 2445 νοερόν.
1194 2410 1225 2437 Ol
1242 2410 1290 2445 μὲν
1306 2410 1360 2444 γὰρ
1375 2409 1494 2443 ἄγγελοι,
1506 2409 1537 2434 τὸ
1551 2409 1604 2435 πᾶν
1616 2409 1675 2440 νόες
1689 2409 1754 2435 εἰσί·
1769 2408 1817 2435 καὶ

1029 2454 1058 2481 ὲν
1074 2454 1113 2490 τῷ
1125 2456 1199 2492 παρά
1222 2455 1288 2483 Θεοῦ
1303 2455 1486 2491 ὲλλάμπεσοαι
1500 2455 1591 2491 νοερὸν
1605 2456 1704 2490 ἔχουσι.
1720 2457 1774 2483 Καὶ
1791 2459 1816 2483 oi

1029 2500 1166 2537 ἅνθρωποι
1181 2502 1242 2529 νοῦν
1257 2502 1302 2528 τὸν
1316 2501 1437 2537 ἡγεμόνα
1456 2501 1505 2536 τῆς
1519 2500 1619 2536 ψυχῆς,
1639 2502 1679 2533 εἰς
1699 2501 1728 2527 ὃν
1742 2502 1819 2537 πρώ-

1027 2554 1082 2578 τως
1103 2547 1177 2581 καὶὴ
1192 2547 1253 2574 θεία
1269 2547 1399 2582 ἐλλαμψις
1415 2546 1536 2581 γίνεται,
1560 2546 1607 2572 καὶ
1626 2546 1718 2581 νοερὺς
1739 2543 1817 2578 οὗτος

1028 2590 1255 2618 ἀποκαθίσταται·
1274 2592 1366 2627 ἕτερον
1382 2591 1425 2618 διὰ
1446 2591 1476 2618 τὸ
1491 2591 1558 2627 πρὸς
1572 2591 1603 2617 τὸ
1618 2591 1731 2622 ἄναντες
1746 2591 1819 2626 ἔχειν

1028 2635 1077 2666 τὰς
1095 2636 1209 2668 όπτικάς
1233 2637 1359 2672 δυνάμεις
1374 2636 1420 2663 τὸν
1443 2637 1586 2672 ἄνθρωπον
1609 2635 1742 2671 (ἀνανεύει
1763 2635 1818 2671 γὰρ

1029 2682 1043 2707 ὁ
1059 2682 1095 2717 μὴ
1113 2682 1183 2709 κατὰ
1198 2683 1244 2709 τὸν
1260 2683 1616 2719 προφήτηνβαρυκάρδιος,
1631 2683 1687 2710 ἀνω
1701 2682 1754 2709 τῶν
1771 2683 1820 2709 ἄλ-

1029 2728 1082 2754 λων
1102 2728 1189 2760 ζώων,
1207 2729 1253 2755 καὶ
1271 2730 1310 2761 εἰς
1324 2730 1376 2764 γῆν
1394 2729 1555 2764 βλεπόντων,
1572 2729 1619 2756 καὶ
1637 2728 1686 2760 τὰς
1701 2728 1817 2760 ὀπτικὰς

1029 2772 1155 2808 δυνάμεις
1177 2774 1244 2809 πρὸς
1265 2775 1295 2800 τὺ
1319 2775 1449 2807 κάταντες
1473 2774 1614 2809 ἐχόντων),
1636 2774 1699 2801 ἄλλο
1719 2774 1766 2802 διὰ
1786 2773 1818 2799 τὸ

1029 2818 1075 2846 τοῦ
1092 2819 1228 2856 σχήματος
1249 2820 1312 2848 εὐοῖ)
1335 2821 1379 2848 καὶ
1393 2821 1482 2857 ὄρθιον
1504 2820 1643 2856 (ἰθυτενείς
1671 2820 1725 2856 γὰρ
1749 2819 1817 2855 πρὸς
