1931 3073
120 162 174 190 549

368 163 414 192 DE
429 163 491 193 (ΚΕ
498 165 602 193 LESTI
618 165 845 201 HIEBABCHIA,
861 167 939 197 CAP.
960 167 1019 197 XV.
1036 183 1072 190 -—
1086 167 1259 197 PARAPHR.
1278 169 1513 200 PACHYMERE.

1701 172 1754 201 550

117 222 155 248 τὰ
168 222 225 249 ἀνω
243 222 291 249 καὶ
311 223 336 249 οἱ
358 222 425 250 θεῖοι
447 224 575 258 ἄγγελοι,
588 226 654 252 ὅπου
675 234 707 260 γε
727 226 774 253 καὶ
793 226 848 253 τῶν
870 227 908 253 ἀν

969 234 1030 255 nem
1042 227 1142 263 (angeli
1154 226 1226 254 enim
1237 226 1321 254 divini
1337 226 1370 254 ad
1378 234 1494 261 superna
1505 232 1567 255 sunt
1577 230 1673 262 erecti,
1684 232 1756 258 unde

118 267 237 303 θρὼπων
250 268 275 294 0i
295 267 330 295 τὰ
348 269 404 296 ἄνω
419 268 564 305 ζητοῦντες
579 271 617 302 ὡς
630 271 749 306 φοίνικες
764 272 854 299 ἀνθεῖν
868 272 912 299 λέ-

117 322 223 348 γονται,
239 316 286 341 καὶ
300 315 339 347 ὡς
351 315 441 352 κέδροι
452 316 656 352 πληθύνεσθαι),
667 319 716 345 καὶ
735 318 780 345 διὰ
790 318 822 345 τὸ
842 318 912 345 κατὰ

118 360 201 395 φύσιν
215 361 329 397 ἀρχικὸν
343 362 390 388 καὶ
408 362 572 398 ἡγεμονικὸν
593 363 647 390 τῶν
670 363 831 400 ἀνθρώπων.
851 365 911 391 κατ’

117 407 211 433 εἰκόνα
232 407 404 435 πλασθέντων
424 408 492 435 Θεοῦ
508 409 554 435 καὶ
574 409 703 444 ὁμοίωσιν
729 410 803 445 (περὶ
818 406 854 437 ὧν
869 410 912 437 λέ-

117 461 197 487 γεται
209 462 216 469 ·
228 454 284 480 Καὶ
299 454 457 490 ἀρχέτωσαν
471 454 526 481 τῶν
544 455 641 490 ἰχθύων
653 456 700 483 καὶ
714 456 768 483 τῶν
782 457 913 483 πετεινῶν

115 499 165 526 τοῦ
182 499 328 536 οὐρανοῦ),
342 501 388 527 καὶ
403 500 448 527 διὰ
458 501 488 528 τὸ
503 501 661 537 αἰσθητικὸν
675 503 724 537 μὲν
737 503 826 538 ὀλίγον
840 503 912 538 ἔχειν

116 546 164 572 τὸν
188 546 340 581 ἄνθρωπον,
365 547 403 578 ὡς
431 547 500 583 πρὸς
524 547 573 580 τὰς
600 547 698 580 λοιπὰς
728 549 782 576 τῶν
805 549 912 584 ἀλόγων

117 591 196 624 ζώων
217 592 360 627 δυνάμεις,
381 593 546 628 κρατητικὺν
566 593 594 620 δὲ
617 594 727 622 πάντων
744 597 777 632 τῇ
800 595 847 622 τοῦ
865 596 911 623 νοῦ

115 637 246 674 δυνάμει,
271 638 317 664 καὶ
338 639 371 674 τῇ
398 638 469 665 κατὰ
489 639 600 676 λογικὴν
617 641 772 677 ἐπιστήμην
798 642 912 678 ἐπικρα-

115 683 188 718 τείᾳ.
205 682 291 709 Τοῦτο
305 683 333 710 δέ
346 683 404 710 ἐστι
422 683 552 716 τοιοῦτον,
567 685 607 712 ὅτι
625 686 649 711 οἰ
664 685 803 722 ἄνθρωποι
822 686 912 721 ὀλίγον

115 730 148 757 τὸ
162 730 222 757 κατ’
240 730 367 765 αἴσθησιν
384 730 474 766 ἔχουσι
491 731 560 766 πρὸς
579 731 614 758 τὰ
634 731 701 759 ἄλλα
720 732 791 764 ζῶα·
813 733 848 760 τὰ
863 735 912 769 μὲν

114 775 172 811 γὰρ
188 775 274 810 ἄλογα
292 775 324 802 τὸ
338 775 391 802 πᾶν
408 775 533 811 αἴσθησίς
545 777 612 803 εἱσι·
626 776 658 803 δι’
674 774 708 812 ἦς
724 778 771 804 καὶ
781 778 911 805 διοικοῦν-

114 830 162 849 ται
174 821 275 857 ἀνόητα
289 821 363 848 ὄντα.
387 821 431 848 Ἐν
439 823 506 857 ἡμῖν
517 822 545 848 δὲ
559 821 646 858 βραχὺ
658 822 689 849 τὸ
699 822 869 858 αἰσθητικόν”
880 824 911 850 οὐ

114 868 171 905 γὰρ
181 868 214 894 δι’
226 867 308 895 αὑτοῦ
320 867 513 903 συνιστάμεθα,
529 867 597 894 ἀλλὰ
609 868 652 895 διὰ
664 868 712 895 τοῦ
725 869 830 905 νοεροῦ.
850 870 911 896 Ἐπὶ

115 915 145 941 δὲ
158 914 212 941 τῶν
223 914 346 948 ἀγγέλων
357 914 417 940 οὐδὲ
431 914 461 940 τὸ
479 913 649 949 βραχύτατόν
670 915 728 941 ἐστι
744 915 798 942 τῶν
815 915 911 952 αἰσθή-

116 967 197 991 σεων,
211 959 279 986 ἀλλὰ
292 960 377 991 τύπος
394 959 497 995 βραχὺς
509 960 621 987 ἐκείνων
638 960 672 987 τὰ
687 961 747 988 καθ’
762 962 846 997 ἡμᾶς.
867 961 910 993 Ὠς

114 1006 170 1041 γὰρ
180 1006 204 1032 oi
219 1005 340 1040 ἄγγελοι,
358 1006 572 1041 μὴμκεχρημένοι
587 1008 643 1037 τοῖς
659 1006 802 1043 καθ’ήμᾶς
815 1007 910 1042 αἰσθη-

113 1053 231 1088 τηρίοις,
253 1053 324 1079 κατὰ
339 1052 407 1080 πολὺ
422 1049 585 1089 ὑπερέχουσι
600 1053 640 1088 τῷ
653 1054 776 1090 περιόντι
790 1054 840 1089 τῆς
853 1062 911 1080 νοε-

115 1100 167 1135 ρᾶς
188 1099 341 1134 δυνάμεως·
362 1099 433 1126 οὕτω
457 1099 504 1125 καὶ
526 1100 550 1126 οἱ
573 1099 710 1136 ἀνθρωττοι
734 1101 768 1136 τῇ
792 1099 839 1126 τοῦ
863 1099 909 1127 v05

114 1147 249 1182 ὑπεροχῇ,
267 1146 315 1172 καὶ
328 1146 361 1181 τῇ
383 1146 478 1181 λογικῇ
501 1146 652 1182 ἐπιστήμῃ,
666 1146 716 1181 τῆς
738 1146 836 1180 ἀλόγου
859 1146 909 1181 φύ-

114 1199 185 1222 σεως
199 1190 338 1226 κρατοῦσι.
351 1190 392 1217 Τὰ
409 1191 473 1225 γοῦν
488 1190 587 1225 ἄλογα,
606 1191 644 1226 μὴ
665 1190 759 1226 ἔχοντα
770 1192 817 1218 τὸν
835 1191 907 1224 νοῦν,

113 1238 228 1270 εἰκότως
235 1238 441 1273 δραστικώτερα
456 1238 503 1264 καὶ
513 1238 626 1274 ὀξύτερα
633 1238 757 1270 κατάτάς
769 1237 910 1274 αἰσοῄσεις

113 1285 195 1317 εἰσιν,
210 1284 304 1320 ὥσπερ
318 1285 364 1311 καὶ
381 1283 416 1310 τὰ
427 1283 508 1318 φυτὰ,
525 1284 562 1320 μὴ
577 1284 673 1320 ἔχοντα
688 1284 824 1320 αἴσθησιν,
838 1285 908 1311 κατά

113 1331 165 1363 τὰς
187 1331 304 1366 φυσικὰς
327 1331 481 1366 ἐνεργείας,
501 1331 550 1367 τὴν
574 1331 731 1367 θρεπτικὴν,
754 1331 804 1367 τὴν
825 1331 909 1367 αὐξη-

114 1377 204 1413 τικὴν,
218 1378 263 1404 καὶ
284 1377 333 1412 τὴν
348 1377 394 1403 τοῦ
417 1378 514 1413 γεννᾷν
535 1377 566 1404 τὸ
587 1377 692 1413 ὅμοιον,
714 1378 909 1414 ὲνεργεστέρας

114 1422 217 1459 ἔχουσι.
231 1423 280 1450 Διὰ
295 1423 373 1450 τοῦτο
393 1423 446 1459 γὰρ
466 1424 513 1450 καὶ
537 1422 607 1455 ζώου
629 1423 825 1456 κολοϐωθέντος
840 1425 910 1451 κατά

114 1478 153 1500 τι,
174 1470 204 1496 οὐ
224 1469 334 1496 δύναται
357 1469 489 1505 ἀναθῆλαι
506 1470 537 1496 τὺ
555 1470 647 1497 λεῖπον
664 1471 758 1506 μέροςε·
778 1470 862 1505 φυτοῦ
881 1471 909 1498 δὲ

117 1515 217 1551 μέρους
236 1515 408 1547 ὲκκοπέντος,
423 1517 439 1551 ἠ
451 1516 617 1552 ἀναθήλησις
631 1517 731 1544 πλείων
745 1517 859 1551 γίνεται,
871 1519 909 1550 ὠς

115 1561 316 1597 πλεοναζούσης
347 1562 376 1588 ἐν
406 1562 512 1594 τούτοις
541 1563 591 1598 τῆς
617 1563 732 1598 φυτικῆς
756 1563 907 1599 δυνάμεως.

963 276 989 299 et
998 271 1120 299 homines
1128 271 1174 306 qui
1188 278 1305 306 superna
1317 276 1449 306 spectant,
1460 276 1488 298 ιιι
1496 273 1636 307 plttenices
1645 274 1752 308 ﬂorere,

963 322 992 344 et
1015 322 1145 352 tanquam
1173 317 1246 344 cedri
1274 316 1447 351 multiplicari
1469 319 1673 355 perhibentur);
1698 326 1753 348 tmn

963 363 1044 390 etiam
1066 367 1177 398 propter
1201 362 1341 389 hominum
1364 363 1514 390 naturalem
1533 365 1701 400 principandi
1727 372 1754 392 et
1781 384 1785 393 ι

963 408 1116 444 imperandi
1129 407 1348 443 praerogativam,
1364 412 1393 434 ut
1403 408 1448 443 qui
1464 409 1497 436 ad
1513 409 1660 445 imaginem
1675 415 1703 439 et
1717 413 1754 439 si-

963 454 1144 482 militudinem
1171 454 1218 481 Dei
1238 454 1303 481 {acti
1320 458 1383 481 sunt
1405 455 1452 488 (de
1469 456 1570 489 quibus
1583 457 1703 485 dicitur:
1721 458 1753 485 Et

962 501 1075 535 praesint
1096 499 1225 535 piscibus,
1245 504 1272 526 et
1294 499 1450 527 volucribus
1469 501 1532 528 cceli
1545 501 1584 537 lt);
1603 506 1659 529 tum
1682 504 1753 538 quod

964 547 1060 579 homo,
1081 545 1206 580 quamvis
1230 551 1311 572 sensu
1333 545 1443 580 quidem
1465 552 1625 575 czetetorum
1641 556 1752 583 compa-

963 594 1070 621 ratione
1084 594 1240 628 brutorum,
1256 595 1368 622 minime
1392 593 1491 627 valeat,
1514 594 1641 622 omnibus
1661 601 1751 624 tamen

963 639 1077 675 imperet
1092 641 1233 674 praestanti
1256 641 1282 668 vi
1299 641 1409 674 mentis,
1425 648 1458 668 ac
1472 641 1644 669 rationabilis
1664 642 1753 670 scien-

964 686 1008 714 tiae
1027 685 1176 715 dominatu.
1202 686 1259 714 Hoc
1282 692 1373 714 autem
1390 687 1427 714 ita
1451 695 1483 716 se
1507 687 1601 722 habet,
1622 688 1752 723 quoniam

962 730 1086 758 homines
1109 739 1206 766 parum
1228 732 1293 766 quid
1317 732 1350 759 de
1377 739 1460 760 sensu
1487 732 1608 766 habent,
1628 739 1752 768 respectu

962 776 1078 803 aliorum
1093 776 1253 803 animalium
1267 784 1275 803 :
1291 775 1369 804 bruta
1385 777 1457 804 enim
1476 785 1589 812 prorsus
1603 782 1667 805 sunt
1688 785 1752 806 sen-

962 828 1020 854 sus,
1042 828 1095 856 quo
1111 821 1193 849 etiam
1208 826 1349 857 reguntur,
1368 829 1430 850 cum
1453 823 1509 850 sint
1524 823 1705 851 irrationalia.
1721 823 1752 851 In

963 865 1042 893 nobis
1055 870 1146 893 autem
1162 867 1297 894 modicum
1311 867 1375 902 quid
1388 872 1430 894 est
1445 867 1561 895 sensile:
1578 875 1666 903 neque
1680 869 1752 896 enim

927 923 948 950 Β
962 919 995 939 ex
1011 919 1044 940 eo
1057 917 1228 945 constamus,
1243 913 1292 940 sed
1311 921 1344 941 ex
1363 913 1525 941 intellectiii.
1540 913 1569 941 In
1586 914 1691 949 angelis
1704 922 1753 942 au-

962 963 1016 986 tem
1031 965 1119 989 neque
1135 958 1273 986 minimum
1287 959 1352 994 quid
1368 965 1410 986 est
1432 966 1573 993 sensuum,
1590 967 1684 987 verum
1704 968 1752 988 no-

961 1004 1056 1031 stratia
1080 1008 1143 1032 sunt
1167 1005 1243 1032 rudis
1259 1004 1366 1032 illorum
1392 1005 1491 1040 ﬁgura.
1516 1004 1751 1039 Quemadmodum

961 1051 1044 1086 igitur
1058 1050 1145 1086 angeli
1165 1059 1228 1079 cum
1248 1059 1301 1078 non
1320 1055 1431 1078 utantur
1451 1051 1485 1079 iis
1507 1052 1606 1086 quibus
1620 1059 1670 1079 nos
1690 1059 1750 1079 sen-

961 1104 1038 1125 suum
1063 1096 1261 1129 instrumentis,
1280 1096 1429 1131 plurimum
1453 1096 1621 1124 antecellunt
1647 1096 1751 1124 intelli-

960 1142 1060 1179 gentiis
1073 1142 1152 1177 copia
1168 1141 1326 1174 facultatis;
1342 1141 1382 1169 sic
1397 1141 1482 1168 etiam
1501 1141 1628 1169 homines
1650 1143 1751 1170 mentis

960 1189 1120 1217 excellentia
1135 1193 1162 1216 et
1193 1187 1343 1215 ratiocinali
1361 1187 1477 1215 scientia
1500 1187 1688 1216 irrationalem
1705 1197 1752 1216 su-

960 1240 1056 1270 perant
1071 1240 1211 1262 naturam.
1231 1233 1314 1261 Bruta
1331 1234 1433 1268 itaque,
1448 1240 1508 1267 qute
1527 1238 1618 1260 mente
1638 1239 1749 1267 carent,

960 1278 1058 1306 merito
1071 1278 1224 1306 eiﬁcaciora
1238 1285 1304 1306 sunt
1320 1282 1348 1305 et
1365 1278 1499 1305 celeriora
1519 1279 1670 1306 secundum
1687 1287 1751 1306 sen-

960 1332 1027 1359 sus;
1052 1325 1280 1360 quemadmodum
1306 1330 1333 1353 et
1357 1325 1474 1359 plantae,
1497 1331 1558 1358 qua:
1583 1330 1646 1352 sunt
1668 1333 1749 1353 sensu

960 1371 1106 1404 destitutas,
1121 1372 1285 1407 vegetativas
1302 1371 1380 1407 14],
1395 1371 1548 1404 facultates,
1564 1377 1593 1399 ιιι
1620 1373 1745 1400 altricem

960 1420 989 1442 et
1008 1416 1159 1443 auctricem
1174 1419 1211 1443 'et
1230 1415 1271 1443 sui
1295 1416 1392 1443 similis
1413 1415 1627 1451 generatricem,
1651 1416 1752 1443 habent

960 1461 1137 1490 eﬂicaeiores.
1164 1461 1270 1489 idcirco
1297 1461 1370 1488 enim
1399 1460 1510 1488 animali
1537 1461 1662 1488 mutilato
1687 1469 1750 1496 pars

961 1508 1082 1535 abscissa
1119 1515 1291 1543 nequaquam
1319 1508 1418 1535 iterum
1449 1512 1539 1542 potest
1564 1507 1748 1543 repullulare;

961 1553 1058 1588 planta:
1084 1561 1159 1586 vero,
1182 1554 1205 1581 si
1232 1561 1296 1589 pars
1321 1558 1427 1581 resecta
1455 1554 1507 1586 sit,
1524 1553 1697 1588 repullulatio
1721 1553 1750 1580 ﬁt

115 1606 165 1633 Διὰ
179 1606 264 1633 ταῦτα
281 1607 370 1633 τοίνυν
385 1607 472 1634 πάντα
493 1608 524 1634 τὸ
544 1608 776 1645 ἀνθρωπόμορφον
789 1611 908 1647 ἀναγρά-

961 1599 1081 1632 uberior,
1093 1601 1129 1627 ita
1145 1604 1175 1626 ut
1198 1600 1225 1626 in
1254 1599 1296 1628 his
1311 1601 1459 1635 vegetativa
1477 1600 1517 1627 vis
1531 1600 1664 1627 abundet.
1681 1599 1748 1626 Pro-

115 1661 206 1687 φουσι,
221 1652 266 1679 καὶ
277 1652 322 1679 διὰ
333 1653 362 1679 τὸ
374 1653 452 1687 φύσει
463 1653 512 1689 τῆς
524 1654 613 1689 ψυχῆς
627 1655 775 1683 ἀδούλωτον
785 1657 832 1683 καὶ
844 1657 908 1683 αὐτ-

115 1697 254 1731 εξούσιον,
274 1698 288 1724 ὃ
309 1699 356 1725 καὶ
379 1699 445 1725 αὐτὸ
465 1699 565 1734 προσὸν
585 1701 642 1732 τοῖς
659 1701 785 1735 ἀγγέλοις
823 1703 902 1737 γινώ-

118 1746 224 1767 σκεται.

153 1836 231 1861 Ἔστι
246 1835 275 1861 δὲ
289 1836 337 1862 καὶ
349 1833 411 1863 καθ’
422 1835 537 1863 ἕκαστον
554 1836 608 1863 τῶν
624 1837 801 1873 ἀνθρωπίνων
819 1839 908 1874 μερῶν

113 1882 221 1913 εἰκόνας
232 1882 378 1917 ἀρμοδίους
389 1882 509 1918 ἐξευρεῖν
522 1883 590 1919 πρὸς
600 1883 636 1910 τὰ
647 1884 758 1920 οὐράνια
769 1885 907 1921 τάγματα.

113 1928 170 1953 Καὶ
183 1926 289 1962 πρῶτον
302 1926 395 1954 ἐκτῶν
406 1927 568 1962 αἰσθήσεων.
579 1929 658 1957 Ὅθεν
671 1930 717 1956 καὶ
727 1931 755 1956 αί
771 1931 819 1966 μὲν
833 1931 908 1958 ὀπτι-

113 1972 163 1998 καὶ
185 1972 329 2007 δυνάμεις,
348 1972 410 1998 ἐπεὶ
430 1972 535 2005 διειδεῖς
558 1975 628 2006 εἰσι,
656 1975 703 2001 καὶ
725 1974 838 2008 ἁπαλὸν,
863 1976 909 2002 καὶ

113 2018 209 2053 ὑγρὸν,
225 2019 272 2044 καὶ
283 2019 333 2044 οὐκ
346 2018 491 2046 ἀντίτυπον
504 2020 534 2045 τὺ
545 2019 722 2056 αἰσθητήριον
738 2021 841 2056 ἔχουσι,
859 2021 908 2057 τὴν

113 2064 184 2100 πρὸς
197 2064 231 2090 τά
245 2064 305 2091 θεῖα
316 2066 370 2092 τῶν
386 2065 509 2100 ἀγγέλων
522 2066 631 2101 δηλοῦσι
646 2066 829 2102 διειδεστάτην
844 2067 909 2094 ἀνά-

112 2118 214 2141 νευσιν,
223 2112 270 2137 καὶ
284 2111 332 2147 τὴν
343 2112 460 2148 ἁπαλὴν,
472 2112 519 2139 καὶ
533 2112 629 2148 ὑγρὰν,
644 2113 690 2139 καὶ
702 2113 753 2139 οὐκ
765 2112 908 2139 ἀντίτυπον

113 2156 247 2192 ὑποδοχὴν
257 2156 312 2183 τῶν
325 2157 404 2184 θείων
422 2157 592 2193 ἑλλάμψεων,
608 2157 656 2194 τὴν
672 2157 841 2193 ὀξυκίνητον,
861 2158 909 2184 καὶ

110 2201 248 2237 καθαρὰν,
261 2203 308 2229 καὶ
324 2203 554 2239 ἀναπεπταμένην
568 2203 636 2239 πρὸς
651 2203 700 2239 τὴν
717 2203 850 2239 ὑποδοχὴν
861 2203 908 2230 τοῦ

112 2248 187 2274 θείου
208 2248 306 2283 φωτός.

148 2294 182 2319 Δί
204 2293 254 2328 τῆς
273 2293 433 2329 ὀσφρήσεως
451 2294 580 2329 δυνάμεις
594 2294 624 2320 τὸ
643 2293 836 2330 ἀντιληπτικὺν
855 2295 904 2330 τῆς

112 2339 230 2371 εὐώδους
243 2339 397 2372 διαδόσεως,
413 2341 460 2367 καὶ
475 2340 528 2367 τῶν
544 2340 581 2376 μὴ
595 2339 723 2366 τοιούτων
736 2340 903 2375 διακριτικὸν

111 2385 142 2410 ὲν
165 2385 320 2422 ἐπιστήμῃ·
341 2387 391 2412 οὐκ
408 2387 528 2422 ἤκουσας
542 2386 607 2421 γὰρ,
632 2386 671 2412 ὅτι
688 2387 735 2412 καὶ
757 2386 817 2421 Θεῴ
831 2386 905 2420 λογί-

111 2429 189 2462 ζεται
202 2429 338 2466 βδέλυγμα
352 2431 383 2458 τὸ
402 2431 476 2468 παρὰ
505 2432 559 2458 τῶν
580 2431 696 2464 ἀναξίων
718 2433 905 2468 προσφερόμε-

111 2483 157 2501 νον
171 2473 313 2510 θυμίαμα;
329 2476 413 2502 Τοῦτο
429 2476 560 2511 ἡγοῦνται
582 2475 721 2511 βδέλυγμα.
736 2475 783 2502 καὶ
806 2475 839 2502 τὰ
860 2476 904 2503 οὑ-

113 2520 194 2556 ρὰνια
205 2521 401 2556 τάγματαμκαὶ
413 2522 510 2554 ὑλικῶς
526 2521 722 2556 ἀποφεύγουσι.

147 2567 189 2594 Τὰ
205 2564 263 2594 ὦτα
280 2568 311 2595 τὸ
326 2569 467 2603 μετοχικὸν
489 2568 609 2603 δηλοῦσι,
632 2570 679 2595 καὶ
699 2568 730 2595 τὸ
749 2569 906 2603 γνωστικῶς

111 2613 289 2640 ὑποδεκτικὺν
310 2614 360 2649 τῆς
383 2614 458 2646 θείας
479 2614 638 2646 ἐπιπνοίας·
660 2615 676 2649 ἡ
695 2614 749 2650 γὰρ
772 2614 840 2650 πνοὴ
860 2614 906 2641 διὰ

111 2657 167 2684 τῶν
180 2656 256 2684 ὢτων
271 2658 443 2692 γινώσκεται.
462 2658 550 2694 Πνοὴν
566 2658 594 2685 δὲ
616 2659 689 2693 λέγει
709 2659 740 2685 τὸ
767 2659 837 2686 θεῖον
860 2660 906 2687 καὶ⁹

114 2703 296 2737 πνευματικὸν
316 2703 446 2739 χάρισμα,
467 2703 557 2735 καθὼς
572 2704 618 2730 καὶ
639 2704 667 2730 ἐν
683 2703 722 2738 τῷ
743 2703 802 2730 Ἰὼϐ
822 2703 905 2740 εὓρη-

112 2755 156 2774 ται
188 2747 314 2782 λέγοντι·
337 2749 420 2784 Πνςὴ
446 2749 480 2775 δὲ
507 2749 750 2785 Παιτοπράτιηρος
776 2751 791 2785 ἡ
819 2750 901 2778 διδά-

113 2795 233 2822 σκουσά
246 2804 294 2829 με.

147 2884 161 2905 λ
177 2883 247 2912 Gen.
263 2893 286 2918 ι,
302 2885 346 2912 26.
390 2886 396 2906 i
421 2884 472 2914 Job
497 2893 588 2920 nan,
603 2886 630 2915 8.

959 1649 1019 1680 pter
1032 1646 1089 1673 haec
1105 1646 1196 1681 itaque
1215 1646 1307 1673 omnia
1323 1645 1448 1676 humana
1463 1645 1555 1673 forma
1571 1646 1682 1681 angelos
1703 1646 1751 1672 de-

959 1693 1091 1728 pingunt,
1116 1697 1143 1719 et
1170 1697 1282 1726 propter
1300 1692 1452 1719 naturalem
1475 1692 1573 1719 aninue
1594 1691 1749 1726 ingenuita-

960 1743 1012 1766 tem
1028 1744 1055 1767 et
1069 1739 1176 1767 arbitrii
1200 1739 1366 1772 libertatem,
1381 1746 1442 1774 quae
1456 1743 1484 1766 et
1502 1739 1528 1765 in
1545 1738 1649 1773 angelis
1664 1745 1750 1773 agno-

959 1791 1083 1813 scuutur.

996 1831 1079 1866 Quin,
1094 1831 1159 1859 licet
1180 1831 1263 1859 etiam
1285 1839 1319 1859 ex
1342 1831 1454 1866 singulis
1476 1830 1603 1858 humanis
1619 1830 1749 1858 membris

959 1883 1036 1912 aptas
1049 1878 1180 1913 imagines
1196 1877 1355 1905 cmlestihus
1370 1877 1513 1905 ordinibus
1529 1876 1746 1904 accommodare.

959 1922 992 1949 Et
1008 1923 1124 1957 primum
1148 1930 1164 1950 e
1181 1923 1319 1949 sensibus.
1342 1921 1419 1949 Unde
1443 1922 1551 1949 videndi
1576 1920 1683 1956 quidem
1705 1920 1747 1947 fa—

959 1968 1085 2002 cultates,
1099 1976 1160 1995 cum
1178 1968 1354 2003 perspicaces
1368 1968 1439 2000 sint,
1457 1972 1485 1995 et
1510 1972 1643 2001 tenerum,
1665 1972 1693 1995 et
1716 1967 1749 1994 li-

960 2014 1087 2048 quidum,
1111 2018 1138 2042 et
1158 2021 1332 2049 nequaquam
1357 2014 1535 2041 reluctantem
1561 2022 1671 2041 sensum
1698 2014 1747 2041 ha—

958 2061 1055 2094 beant,
1079 2061 1222 2088 declarant
1245 2061 1404 2096 angelorum
1429 2060 1690 2095 perspicaeissimam
1715 2059 1748 2086 ad

960 2108 1050 2135 divina
1067 2108 1277 2142 suspectionem,
1292 2113 1318 2135 et
1336 2114 1468 2141 teneram,
1485 2107 1682 2142 liquidumque,
1699 2106 1748 2132 mi-

960 2154 1086 2187 nimeque
1105 2153 1289 2188 rclragantetn
1317 2155 1473 2181 divinorum
1496 2154 1628 2180 luminutn
1653 2159 1750 2179 susce-

960 2200 1095 2234 ptionem;
1111 2208 1169 2234 qua:
1186 2200 1264 2227 velox
1284 2201 1318 2228 sit
1333 2206 1360 2228 et
1377 2208 1458 2236 pura;
1475 2205 1502 2227 et
1524 2207 1641 2234 expansa
1657 2199 1689 2225 ad
1709 2198 1750 2225 di-

959 2245 1013 2272 vini
1030 2245 1140 2272 luminis
1152 2246 1351 2279 exceptionem.

923 2281 944 2308 Ῑ)
997 2289 1120 2318 Olfactus
1147 2291 1220 2318 vires
1247 2291 1403 2325 signiﬁcant
1434 2291 1587 2325 fragrantes
1616 2289 1747 2316 distribu-

958 2335 1046 2363 tiones
1069 2337 1224 2371 excipiendi
1250 2337 1419 2370 facultatem,
1431 2341 1458 2364 et
1471 2337 1558 2371 perite
1576 2335 1747 2362 discernendi

957 2390 988 2409 ea
1013 2390 1073 2416 qua:
1097 2390 1149 2409 non
1174 2387 1235 2410 sunt
1258 2382 1389 2416 ejusmodi
1409 2390 1417 2409 :
1444 2382 1564 2416 nunquid
1592 2380 1666 2407 enim
1693 2387 1746 2406 non

957 2428 1077 2460 audiisli,
1093 2428 1164 2462 quod
1181 2427 1252 2455 Deus
1272 2427 1467 2456 abominationi
1487 2428 1585 2454 habeat
1606 2427 1745 2453 incensum

956 2475 1028 2508 quod
1047 2475 1081 2501 ab
1097 2475 1213 2508 indignis
1222 2474 1355 2501 oliui-tur?
1369 2474 1439 2501 Idem
1457 2474 1538 2501 etiam
1551 2471 1744 2500 abominationi

961 2521 1061 2548 habent
1076 2520 1262 2548 ordinationes
1279 2520 1404 2548 caelestes
1415 2540 1422 2552 ,
1451 2524 1477 2547 et
1501 2520 1613 2547 omnino
1628 2518 1744 2554 fugiunt.

994 2568 1082 2595 Aures
1099 2568 1243 2603 designant
1267 2568 1364 2595 divinae
1391 2567 1577 2602 inspirationis
1599 2567 1745 2601 participar-

961 2614 1070 2647 tionem,
1086 2619 1113 2641 et
1130 2615 1250 2649 ejusdem
1266 2614 1444 2642 scientilieam
1459 2613 1660 2648 susceptionem
1674 2622 1681 2641 :
1700 2613 1740 2640 in-

958 2661 1072 2696 Spiratio
1096 2662 1167 2688 enim
1192 2662 1304 2689 auribus
1328 2661 1509 2697 dignoscitur.
1533 2660 1743 2695 lnspiratiouem

957 2711 1047 2734 autem
1076 2712 1154 2735 vocat
1177 2708 1296 2735 divinam
1316 2717 1349 2736 ae
1373 2708 1522 2742 spiritalem
1547 2706 1679 2741 gratiam,
1704 2705 1742 2731 uti

957 2753 1039 2779 etiam
1056 2753 1191 2788 reperitur
1207 2754 1234 2780 in
1253 2753 1320 2782 Jobo
1338 2755 1464 2783 dicente:
1488 2753 1633 2789 Impiratia
1653 2755 1742 2779 autem

962 2798 1155 2834 Omnipotmtis
1171 2799 1246 2828 docet
1264 2807 1302 2827 me
1318 2801 1339 2828 ί.
