1931 3073
192 130 241 157 551

191 232 315 258 vinarum
350 230 570 266 explicationum,
594 229 771 264 repletionem
795 238 828 258 ac
845 231 974 259 saturita-

194 282 262 310 tem,
285 281 367 312 atque
394 277 506 311 insuper
529 276 684 304 divinorum
709 277 857 305 rivulorum
874 284 905 304 ac
928 284 975 312 po-

193 325 295 352 tionum
320 323 510 351 deliciosarum
544 324 742 358 susceptionem
767 332 774 350 :
806 323 877 351 sicut
903 324 974 350 enim

193 370 269 396 cibus
290 369 419 401 spiritalis
439 373 494 403 est,
515 369 555 397 sic
575 374 602 396 ct
623 374 704 404 potus
724 368 762 396 illi
783 369 975 404 proportionao

193 419 236 441 tus
254 417 305 441 est.

229 459 345 487 Tactiles
361 460 503 488 facultates
518 461 625 496 signant
639 461 693 488 vim
714 461 892 494 dignoscendi
908 461 974 495 quid

193 507 279 541 prosit
293 506 335 534 vel
351 507 414 542 quid
437 507 528 534 obsit;
545 507 596 533 hoc
610 510 700 534 autem
715 511 756 534 est
772 507 798 534 in
811 506 890 534 nobis
904 505 976 532 mul-

193 552 276 588 tiplex
300 553 447 580 secundum
462 553 551 580 varias
567 552 725 587 qualitates,
749 556 778 579 ut
793 551 907 579 calidum
918 571 927 584 ,
947 555 977 578 ut

195 598 334 633 frigidum,
357 604 437 634 atque
461 599 557 626 iterum
579 603 609 626 ut
631 606 776 633 asperum,
801 604 830 625 ut
852 598 926 630 leve;
950 601 978 625 et

195 652 299 679 rursus,
313 650 343 673 ut
358 646 466 678 durum,
478 651 506 673 ut
522 645 616 677 molle;
631 645 784 679 iterumque
800 648 829 672 ut
841 651 932 679 grave,
948 649 978 671 ut

194 691 263 722 leve,
276 695 304 718 et
316 692 462 718 secundum
477 690 544 718 alias
558 690 688 725 plurimas
702 689 870 725 qualitates“

228 737 366 772 Palpebrae
385 741 412 764 et
436 737 582 772 supercilia
599 737 687 764 visum
711 740 884 770 conservant,
906 736 978 764 unde

194 783 335 819 designant
352 783 389 811 ibi
404 783 554 810 custodiam
567 781 819 817 intelligentiarum.

752 128 781 158 S.
799 128 949 158 DlONYSll
964 128 1198 158 AREOPAGITA‘I

226 185 327 213 Gustus
343 183 445 212 indicat
468 183 630 219 spiritalium
654 183 794 218 ciborum,
815 185 919 212 scilicet
933 185 975 212 di-
988 197 1010 229 Α

1754 129 1808 156 552

1066 185 1097 210 Ἡ
1119 185 1247 220 γευστικὴ
1271 184 1320 221 τὴν
1342 184 1396 211 τῶν
1419 185 1521 219 νοητῶν
1547 185 1662 220 τροφῶν,
1687 184 1808 220 δηλονότι

1025 228 1078 256 τῶν
1095 229 1174 255 θείων
1188 229 1355 265 εἰσηγήσεων
1377 229 1571 265 ἀποπλήρωσιν
1595 230 1640 256 καὶ
1654 229 1698 256 τὸν
1716 238 1809 266 χορτα-

1026 275 1103 310 σμὸν,
1121 275 1166 301 καὶ
1181 274 1219 301 ἔτι
1233 274 1287 302 τῶν
1299 275 1398 310 ὀχετῶν
1412 275 1458 302 καὶ
1469 275 1574 302 πόσεων
1589 276 1642 302 τῶν
1658 277 1704 303 καὶ
1718 276 1808 303 αὐτῶν

1025 320 1104 348 θείων
1119 321 1165 347 καὶ
1186 321 1326 356 τροφίμων
1339 320 1422 348 ὄντων
1432 329 1438 336 ⁵
1452 321 1490 354 ὼς
1502 321 1556 358 γὰρ
1576 323 1593 357 ἡ
1612 322 1699 358 τροφὴ
1714 322 1807 358 νοητὴ.

1026 367 1073 394 καὶ
1088 368 1105 402 ἡ
1117 366 1195 399 πόσις
1207 366 1345 401 ἀνάλογος.

1061 456 1094 482 Αἱ
1110 456 1222 482 ἁπτικαὶ
1240 454 1367 490 δυνάμεις
1378 454 1485 490 δηλοῦσι
1507 455 1537 481 τὸ
1549 455 1741 489 διαγνωστικὸν
1761 455 1809 482 τοῦ

1027 502 1182 538 προσφυῶς
1197 503 1213 538 ἢ
1228 503 1276 529 καὶ
1290 502 1466 537 βλάπτοντος·
1481 503 1560 530 τοῦτο
1570 503 1599 530 δέ
1612 505 1685 531 ὲστιν
1700 505 1729 531 ἐν
1742 506 1810 540 ἡμῖν

1027 549 1168 584 πολλαχῶς
1183 558 1213 575 τε
1235 549 1282 576 καὶ
1298 549 1368 576 κατὰ
1387 548 1486 581 πολλὰς
1501 549 1660 585 ποιότητας’
1683 550 1724 577 ὅτι
1746 550 1810 587 Θερ-

1029 594 1089 629 μὺν,
1103 595 1142 621 ὃτι
1156 594 1273 630 ψυχρόνθ
1287 596 1333 621 καὶ
1345 592 1422 624 αὖθις
1434 595 1473 621 ὃτι
1489 596 1587 630 τραχὺ,
1608 595 1648 622 ὅτι
1662 595 1745 622 λεῖον·
1764 597 1811 623 καὶ

1028 640 1108 668 πάλιν
1121 640 1162 667 du
1176 640 1302 676 σκληρὸν,
1322 641 1363 668 ὅτι
1379 640 1511 676 μαλακόνν
1527 641 1572 668 καὶ
1585 639 1661 673 αὖθις
1675 642 1715 668 ὄτι
1730 642 1809 678 βαρὺ,

1027 686 1069 714 ὅτι
1081 686 1195 721 κοῦφον·
1207 687 1255 713 καὶ
1267 688 1326 713 κατ’
1341 686 1422 719 ἄλλας
1434 686 1534 718 πολλὰς
1550 687 1704 722 ποιότητας.

1063 732 1104 760 Τὰ
1125 733 1245 768 βλέφαρα
1269 733 1315 759 καὶ
1326 733 1354 759 αἱ
1376 733 1475 769 ὀφρύες
1487 733 1517 759 τὸ
1537 733 1661 768 ὁρατικὸν
1679 733 1811 769 φρουροῦ-

1029 788 1081 812 σιν,
1095 779 1155 806 ὃθεν
1173 778 1299 814 δηλοῦσιν
1318 779 1406 806 ἐκεῖσε
1426 779 1457 806 τὸ
1475 778 1658 815 φρουρητικὺν
1677 779 1730 806 τῶν
1748 780 1811 815 νοή-

1030 835 1106 854 σεων.

229 871 327 900 ditatis
344 869 518 905 pudescentia
539 877 601 897 cum
616 870 677 898 vita:
700 874 757 896 tum
774 869 853 905 142
868 869 977 898 virtutis

1063 872 1100 899 Τδ
1111 873 1233 900 νεανικδν
1250 873 1299 909 τῆς
1311 873 1428 907 ἡλικίας,
1439 872 1470 899 τὸ
1495 872 1653 909 ὲπακμάζον
1672 874 1721 909 τῆς
1740 874 1812 909 ζωῆς

194 925 286 944 eorum
305 917 424 952 vigorem
440 915 579 948 declarat;
594 915 649 943 vita
662 916 733 944 enim
747 923 843 943 eorum
865 915 977 943 immor-

195 963 257 991 talis
269 969 321 996 est,
333 967 360 990 et
373 963 461 990 virtus
474 962 589 990 stabilis.

230 1010 328 1037 Dentes
351 1009 461 1044 signant
479 1009 504 1036 id
518 1009 589 1043 quod
604 1008 739 1036 discernit
753 1007 950 1036 illustrationes
966 1017 975 1035 :

194 1056 321 1092 quaelibet
343 1056 414 1082 enim
440 1055 588 1082 caelestium
615 1055 794 1083 essentiarum
821 1054 977 1082 uniusmodl

195 1101 398 1136 intelligentiam
425 1100 475 1128 sibi
501 1101 641 1134 traditam,
662 1108 713 1135 pro
736 1099 873 1128 inferioris
895 1100 979 1128 ductu

194 1151 339 1182 captuqne,
355 1145 467 1181 provide
481 1145 621 1173 distribuit
643 1145 868 1180 multiplicatque.

231 1191 343 1220 Humeri
359 1192 498 1219 declarant
514 1191 540 1219 id
556 1191 628 1226 quod
644 1191 747 1218 similes
768 1195 857 1218 motus
879 1191 976 1224 ellicit;

195 1239 267 1265 ulnae
281 1246 348 1266 vero
364 1238 417 1265 vim
433 1237 574 1272 operandi,
590 1241 618 1264 et
633 1244 728 1264 manus
749 1236 913 1271 exsequendi
931 1244 978 1272 po.

197 1283 321 1311 tentiam.

231 1328 284 1356 Cor
307 1329 458 1364 symbolum
482 1334 524 1356 est
547 1328 610 1355 vitae
635 1327 775 1356 deiformis
789 1337 796 1355 :
811 1328 882 1356 sicut
905 1327 977 1355 enim

195 1383 229 1403 ex
253 1376 338 1403 corde
354 1375 426 1403 vires
449 1375 555 1410 corpori
580 1375 790 1408 distribuuntur,
813 1375 853 1402 sic
878 1381 911 1402 ex
935 1374 979 1402 his

196 1421 286 1448 vitalis
305 1421 345 1449 vis
365 1421 391 1448 in
411 1429 442 1449 ea
462 1429 521 1456 qua:
541 1421 710 1456 providentia
730 1425 862 1456 reguntur
884 1420 978 1448 distri-

196 1467 299 1494 buitur.

231 1512 344 1540 Pecwra
358 1513 429 1549 (cum
446 1516 549 1548 pectus,
561 1512 656 1540 Graece
668 1511 777 1548 στέρνον
793 1512 825 1539 ὲκ
838 1511 885 1539 τοῦ
893 1510 979 1544 orep-

186 1559 256 1596 ῥοῦ,
270 1559 296 1586 id
310 1564 352 1586 est
367 1567 399 1585 ex
410 1560 487 1595 ﬁrmo
505 1560 652 1591 derivetur,
666 1563 693 1586 et
708 1559 742 1586 ad
756 1559 870 1593 subjecti
889 1558 980 1585 cordis
993 1551 1014 1580 (ἶ

197 1604 349 1632 custodiam
370 1605 514 1632 formatum
529 1606 575 1641 sit)
599 1604 742 1640 designant
761 1604 816 1631 vim
840 1604 981 1638 insupera-

201 1650 278 1678 bilem
292 1655 319 1678 et
333 1651 564 1679 conservatricem
578 1651 641 1678 vitae
654 1649 816 1678 istiusmodi.

233 1697 319 1724 Dorsa
344 1705 420 1730 vero,
443 1698 507 1732 quia
533 1697 677 1725 continent
701 1695 812 1723 insitam
835 1695 981 1727 virtutem,

200 1741 271 1769 sicut
285 1742 367 1770 etiam
382 1750 463 1770 omne
476 1749 546 1770 onus
561 1742 667 1776 corpori
680 1742 847 1776 impositum,
862 1741 982 1768 humeris

199 1788 302 1823 imponi
317 1788 417 1816 dicitur
429 1797 437 1816 :
450 1788 521 1816 unde
534 1793 561 1814 et
576 1788 665 1823 poesis
680 1788 836 1815 universum
851 1795 920 1815 onus
937 1787 983 1815 llu-

200 1835 281 1863 mcris
296 1835 420 1870 imponit;
437 1835 475 1862 ait
488 1835 560 1862 enim
574 1834 706 1862 llomerus
720 1842 727 1860 :

305 1923 339 1949 Ε(
354 1923 385 1949 ab
399 1923 514 1949 humeris
530 1930 605 1948 arma
625 1921 805 1956 deportabant;

200 1969 302 1998 idcirco
318 1971 396 1997 dorsa
411 1969 565 2004 signiﬁcant
578 1968 605 1995 id
619 1967 691 2002 quod
707 1967 779 1994 vires
796 1966 928 2000 continet,
943 1966 985 1993 in-

202 2016 315 2043 teriores
327 2015 431 2043 scilicet
442 2022 474 2042 ac
486 2014 593 2042 vitales.

238 2061 322 2088 Pedes
337 2061 390 2087 vim
408 2061 549 2088 motricem
563 2060 717 2093 insinuant,
734 2064 761 2086 et
783 2066 894 2086 cursum
911 2065 984 2085 sem-

202 2107 299 2142 piterni
314 2111 401 2133 motus
423 2113 476 2140 quo
495 2106 530 2133 ad
547 2106 636 2133 divina
660 2106 786 2133 cientur:
803 2113 865 2132 nam
883 2105 984 2132 idcirco

203 2153 285 2180 etiam
304 2160 319 2178 a
336 2152 471 2187 theologia
486 2153 568 2187 pedes
581 2159 675 2180 eorum
692 2152 756 2179 alati
774 2152 923 2187 tinguntur.
936 2150 983 2177 Ala

202 2199 335 2232 siquidem
352 2207 460 2226 sursum
483 2199 582 2230 elevat,
606 2203 635 2226 et
656 2198 715 2226 leve
735 2206 796 2227 esse
819 2199 941 2226 declarat
958 2199 984 2226 id

203 2246 276 2280 quod
297 2246 397 2273 alalunt
420 2251 472 2274 est.
487 2245 573 2273 Divini
597 2246 688 2280 itaque
709 2245 881 2280 illustresque
897 2245 984 2280 angeli

203 2294 237 2321 ab
249 2293 320 2320 otuni
339 2300 368 2320 re
385 2293 510 2320 terrestri
525 2292 684 2319 eximuntur
696 2299 728 2319 ac
742 2297 872 2326 perpetuo
886 2291 921 2319 ad
935 2299 984 2318 an-

204 2340 304 2367 teriora
318 2344 345 2367 ct
358 2339 463 2367 excelsa
487 2342 690 2373 promoventur.
716 2337 833 2365 Rursum
859 2345 923 2366 vero
939 2338 983 2365 illa

203 2394 264 2420 quae
274 2387 300 2414 in
316 2386 435 2413 humeris
446 2391 487 2414 est
499 2385 605 2412 alarum
620 2385 725 2417 levitas,
740 2385 849 2418 proprie
860 2384 986 2420 designat

205 2440 299 2460 eorum
315 2432 479 2468 agilitatem,
501 2438 562 2466 qua)
576 2431 635 2459 sine
660 2430 822 2458 admistione
843 2431 986 2465 gravitatis

207 2484 331 2516 prompte
344 2486 451 2507 sursum
466 2478 560 2506 fertur.

242 2526 355 2553 Nuditas
376 2531 442 2553 vero
470 2525 678 2560 calceorumque
710 2524 827 2561 privatio
859 2523 986 2550 virtutem

206 2579 300 2598 eorum
323 2572 488 2598 abstractam
503 2571 623 2602 denotat,
644 2576 671 2599 et
687 2579 701 2598 a
719 2573 801 2600 rebus
823 2572 925 2600 inﬁmis
939 2581 987 2600 cx-

207 2617 326 2652 peditam
348 2623 375 2644 et
401 2617 530 2648 liberam,
551 2617 629 2652 juxta
658 2617 724 2644 illud
747 2626 754 2644 :
779 2617 857 2644 Solve
884 2618 987 2644 calcea-

209 2667 296 2689 menta
316 2664 348 2689 de
370 2663 477 2696 pedibus
501 2662 567 2695 tuis,
590 2662 663 2690 locus
682 2663 769 2695 enim,
790 2663 818 2690 in
843 2671 894 2698 quo
918 2668 987 2696 stas.

210 2715 314 2736 Invictus
335 2714 371 2736 est
386 2707 409 2735 i.
426 2707 542 2744 Nudipcs
564 2710 635 2736 enim
651 2709 721 2736 liber
739 2714 782 2736 est
801 2709 835 2737 ab
849 2710 922 2737 omni
943 2718 990 2736 cx-

213 2755 330 2784 trinseco
352 2755 552 2789 impedimento.
576 2755 694 2789 Spiritus
718 2755 811 2790 itaque
841 2754 989 2790 nudipedes

264 2844 375 2883 {‘Iliad.
395 2854 444 2881 vn,
460 2847 518 2875 122.
553 2846 560 2873 ι
580 2846 665 2875 Exod.
680 2853 730 2882 ιιι,
745 2846 771 2875 5.

1027 919 1127 952 αὐτῶν,
1143 920 1190 947 καὶ
1208 920 1258 955 τῆς
1270 919 1425 954 δυνάμεως·
1439 920 1456 954 ὴ
1469 918 1523 955 γὰρ
1545 919 1601 955 ζωὴ
1622 919 1810 955 ἀτελεύτητος,

1028 966 1074 993 καὶ
1087 966 1182 1002 βεϐαία
1195 967 1212 1002 ἡ
1225 966 1346 1002 δύναμις.

1063 1013 1095 1039 Οί
1107 1013 1221 1045 ὀδόντες,
1234 1013 1264 1039 τὸ
1277 1013 1440 1049 διαιρετικὸν
1452 1012 1503 1048 τῆς
1522 1011 1694 1048 ἐλλάμψεως·
1710 1012 1811 1047 ἑκάστη

1028 1059 1082 1095 γὰρ
1102 1059 1155 1086 τῶν
1175 1059 1305 1095 οὐρανίων
1327 1059 1425 1085 οὐσιῶν
1443 1059 1492 1094 τὴν
1513 1057 1685 1094 δωρουμένην
1709 1057 1812 1092 ὲνοειδῆ

1028 1104 1134 1136 ἕνωσιν,
1152 1104 1335 1141 προνοητικῶς
1354 1104 1391 1136 ὡς
1411 1103 1444 1132 ἂν
1459 1103 1586 1140 χωρηθῇ,
1607 1104 1654 1130 καὶ
1665 1105 1698 1139 τῇ
1718 1103 1813 1130 ὑποδε-

1029 1151 1136 1186 εστέρα,
1147 1151 1244 1187 διαιρεῖ
1255 1152 1301 1178 καὶ
1312 1151 1352 1182 είς
1363 1150 1464 1185 πλῆθος
1478 1150 1705 1186 ἀποκαθίστησιν.

1064 1199 1096 1225 οι
1115 1195 1184 1233 ὦμοι
1198 1197 1228 1224 τὺ
1249 1197 1388 1232 ποιητικὸν
1402 1196 1456 1223 τῶν
1476 1196 1602 1223 τοιούτων
1624 1197 1754 1231 κινήσεων
1764 1204 1770 1210 ·
1784 1196 1812 1222 αἱ

1029 1244 1125 1271 ὡλέναι
1147 1243 1178 1270 τὸ
1196 1243 1370 1279 ἐνεργητικόν
1382 1251 1388 1258 ·
1408 1243 1456 1270 καὶ
1482 1243 1510 1269 αἱ
1531 1244 1620 1278 χεῖρες
1639 1242 1669 1268 τὸ
1695 1242 1812 1277 δραστή-

1031 1299 1097 1326 ριον.

1069 1335 1101 1362 Ἦ
1121 1335 1217 1370 καρδία
1239 1334 1370 1370 σύμόολόν
1385 1335 1442 1360 ἐστι
1457 1333 1506 1369 τῆς
1529 1332 1660 1364 θεοειδοῦς
1674 1331 1760 1368 ζωῆς·
1775 1332 1814 1364 ὡς

1030 1381 1083 1417 γὰρ
1100 1380 1131 1408 ἐκ
1147 1381 1197 1416 τῆς
1222 1380 1333 1416 καρδίας
1358 1379 1556 1414 διασπείρονται
1581 1379 1608 1405 αἱ
1633 1379 1759 1413 δυνάμεις
1774 1378 1815 1413 τῷ

1031 1426 1146 1462 σώματι,
1163 1426 1248 1458 οὕτως
1264 1427 1297 1452 ἐκ
1312 1425 1413 1452 τούτων
1430 1426 1447 1461 ἡ
1470 1424 1571 1460 ζωτικὴ
1594 1424 1706 1460 δύναμις
1729 1425 1767 1455 είς
1781 1423 1815 1450 τὰ

1030 1472 1143 1508 προνοού
1148 1481 1215 1508 μενα
1226 1472 1377 1499 διαδίδοται.

1065 1518 1106 1545 Τὰ
1119 1518 1216 1554 στέρνα
1234 1519 1304 1554 (ἐπεὶ
1322 1519 1432 1555 στέρνον
1449 1519 1481 1545 ὲκ
1496 1518 1543 1545 τοῦ
1553 1517 1678 1552 στερροῦ
1688 1516 1815 1552 ἐτυμολο-

1032 1565 1129 1597 γεῖται,
1144 1565 1190 1591 καὶ
1206 1565 1246 1596 είς
1262 1564 1383 1600 φυλακὴν
1401 1564 1552 1591 πέπλασται
1567 1563 1616 1598 τῆς
1633 1563 1816 1598 ὑποκειμένης

1033 1610 1167 1646 καρδίας.)
1183 1609 1227 1636 διὰ
1254 1609 1333 1636 τοῦτο
1358 1610 1467 1645 δηλοῦσι
1490 1610 1520 1636 τὺ
1537 1609 1691 1648 ἀδάμαστον
1718 1608 1766 1635 καὶ
1786 1608 1817 1634 τὸ

1033 1656 1212 1691 φρουρητικὺν
1223 1656 1271 1691 τῆς
1283 1655 1410 1691 τοιαύτης
1423 1655 1505 1690 ζωῆς.

1067 1702 1108 1728 Τὰ
1123 1701 1203 1733 νῶτα,
1221 1702 1282 1728 ἐπεὶ
1299 1702 1444 1728 συνεκτικά
1460 1703 1512 1728 εἰσι
1535 1701 1586 1736 τῆς
1602 1701 1721 1736 ἐμφύτου
1739 1700 1818 1726 δυνά-

1035 1757 1117 1783 μεως,
1131 1748 1160 1781 ἐξ
1175 1745 1206 1774 οὗ
1219 1748 1265 1774 καὶ
1281 1749 1335 1774 πᾶν
1353 1747 1435 1783 βάρος
1457 1747 1496 1782 τῷ
1513 1746 1617 1782 σώματι
1634 1745 1817 1780 ἐπικείμενον.

1033 1796 1088 1826 τοῖς
1101 1793 1184 1829 ὤμοις
1196 1792 1346 1820 ἐπικεῖσθαι
1360 1793 1467 1827 λέγεται
1477 1801 1483 1808 ·
1491 1792 1551 1819 ὅθεν
1563 1794 1635 1828 καὶὴ
1650 1792 1757 1827 ποίησις
1769 1791 1818 1826 τὴν

1033 1840 1087 1866 τῶν
1103 1840 1170 1866 ὅλων
1184 1840 1320 1875 βαρύτητα
1336 1840 1393 1871 τοῖς
1409 1838 1493 1874 ὤμοις
1509 1838 1645 1874 ἐπιτίθησι
1655 1847 1661 1853 ·
1679 1838 1752 1872 λέγει
1764 1837 1820 1873 γὰρ

1034 1887 1048 1912 ὁ
1065 1886 1199 1922 Ὅμηρος,

1128 1951 1134 1957 .
1148 1951 1154 1957 .
1169 1951 1175 1958 .
1190 1951 1196 1956 .
1211 1951 1217 1958 .
1233 1951 1239 1956 .
1253 1929 1301 1956 καὶ
1314 1930 1363 1956 ἀπ’
1376 1929 1463 1964 ὤμων
1477 1929 1572 1963 τεύχε’
1587 1929 1693 1956 ἕλοντο
1708 1930 1728 1949 ί·
1739 1950 1745 1961 ,

1034 1977 1078 2004 διὰ
1092 1977 1171 2003 τοῦτο
1183 1977 1216 2003 τὰ
1233 1977 1305 2006 νῶτα
1319 1976 1429 2012 δηλοῦσι
1450 1976 1481 2002 τὸ
1499 1976 1654 2001 συνεκτικὸν
1671 1975 1724 2002 τῶν
1740 1975 1817 2002 δυνά-

1037 2031 1119 2057 μεων,
1132 2022 1185 2048 τῶν
1198 2021 1324 2056 ἐμφύτων
1339 2020 1437 2056 δηλαδὴ
1451 2019 1498 2047 καὶ
1512 2018 1660 2053 ζωογὸνων.

1071 2068 1102 2094 Οἱ
1127 2067 1204 2098 πόδες
1219 2067 1248 2093 τὺ
1265 2067 1403 2102 κινητικὸν
1425 2066 1473 2092 καὶ
1498 2065 1623 2100 ὲντρεχὲς
1639 2064 1690 2099 τῆς
1708 2064 1772 2099 περὶ
1787 2063 1821 2090 τὰ

1036 2114 1095 2140 θεῖα
1121 2113 1285 2149 πορευτικῆς
1315 2112 1484 2148 ἁεικινησίας
1519 2111 1750 2146 ὑποσημαίνουσι·
1778 2111 1823 2136 διὰ

1035 2158 1114 2184 τοῦτο
1134 2158 1189 2194 γὰρ
1207 2159 1254 2185 καὶ
1272 2158 1407 2194 πτερωτοὶ
1431 2156 1510 2188 πόδες
1527 2155 1603 2192 παρὰ
1618 2156 1667 2191 τῆς
1683 2156 1823 2189 Θεολογίας

1037 2203 1207 2230 πλάττονται.
1225 2204 1262 2230 Τὸ
1278 2203 1331 2239 γὰρ
1347 2203 1446 2239 πτερὸν
1469 2202 1573 2237 ἀνάγει,
1591 2202 1638 2229 καὶ
1655 2201 1755 2237 κοῦφον
1771 2201 1824 2229 δει-

1036 2250 1110 2277 κνύει
1123 2249 1154 2276 τὸ
1171 2249 1398 2285 πτερυσσόμενον.
1423 2247 1582 2284 Ἐξῄρηνται
1594 2246 1641 2274 οὖν
1659 2249 1758 2280 παντὸς
1775 2258 1824 2284 χα-

1038 2295 1178 2331 μαιζήλου,
1201 2295 1247 2322 καὶ
1263 2295 1423 2330 ἁεικινήτως
1443 2295 1534 2330 ἔχουσι
1548 2294 1616 2330 πρὸς
1638 2294 1783 2329 ἀναγωγὴν
1799 2296 1824 2321 οἱ

1037 2340 1102 2367 θεῖοι
1124 2341 1170 2367 καὶ
1197 2340 1370 2372 πανευκλεεῑς
1393 2340 1512 2375 ἄγγελοι.
1543 2340 1626 2372 ’ἰδίως
1650 2340 1678 2366 δὲ
1703 2340 1784 2366 πάλιν
1808 2341 1825 2375 ἡ

1036 2387 1090 2414 τῶν
1106 2387 1169 2422 περὶ
1185 2386 1248 2418 τοὺς
1264 2386 1355 2422 ὤμους
1371 2387 1478 2423 πτερῶν
1491 2387 1606 2422 ὲλαφρία
1617 2386 1692 2422 δηλοῖ
1705 2387 1736 2413 τὸ
1758 2387 1825 2413 ἀϐα-

1039 2432 1084 2468 ρὲς
1102 2432 1191 2460 αὐτῶν
1204 2433 1250 2460 καὶ
1267 2432 1382 2467 κοῦφον,
1398 2433 1444 2459 καὶ
1457 2433 1524 2468 πρὸς
1541 2432 1573 2459 τὺ
1588 2431 1728 2468 ἀνωφερὲς
1740 2432 1824 2466 ἀνεμ-

1040 2478 1173 2505 πόδιστον.

1075 2524 1112 2551 Τὸ
1123 2525 1151 2552 δὲ
1164 2525 1266 2560 γυμνὸν
1279 2526 1325 2552 καὶ
1341 2525 1501 2552 ἁνυπόδετον
1512 2525 1542 2552 τδ
1559 2525 1657 2560 ἄφετον
1670 2524 1768 2555 αὐτῶν,
1780 2524 1828 2550 καὶ

1042 2570 1109 2605 πρὸς
1118 2570 1153 2597 τὰ
1169 2571 1243 2598 κάτω
1256 2571 1364 2597 εὕλυτόν
1375 2579 1405 2597 τε
1421 2571 1467 2598 καὶ
1484 2571 1606 2605 ἄσχετον,
1627 2569 1696 2596 κατὰ
1711 2568 1742 2595 τό
1751 2577 1757 2583 ·
1770 2568 1828 2595 Λῦ-

1042 2623 1093 2642 σαι
1107 2616 1140 2644 τὸ
1154 2617 1293 2652 ὑπόδημα
1317 2618 1351 2644 ἐκ
1363 2617 1421 2644 τῶν
1434 2617 1535 2644 ποδῶν
1548 2625 1617 2647 σου,
1627 2618 1643 2642 ό
1657 2616 1712 2650 γὰρ
1724 2616 1827 2648 τόπος,

1042 2663 1077 2689 ἑν
1097 2662 1121 2695 ᾧ
1151 2664 1273 2691 laruam
1289 2683 1296 2696 .
1319 2664 1402 2699 ἅγιός
1430 2663 1562 2691 ἐστινᾙο
1579 2662 1633 2698 γὰρ
1649 2661 1829 2696 γυμνοποδῶν

1043 2708 1182 2744 ἐλεύθερός
1195 2710 1252 2736 ἐστι
1268 2710 1367 2742 παντὸς
1387 2708 1548 2745 ἐξωτερικοῦ
1569 2707 1702 2742 ἐφολκίου.
1726 2707 1829 2742 Γυμνο-

1044 2755 1133 2783 ποδεῑν
1159 2757 1208 2791 μὲν
1234 2756 1355 2790 λέγονται
1384 2757 1429 2784 καὶ
1446 2757 1470 2783 οἱ
1487 2757 1555 2788 νόες,
1573 2753 1609 2786 ὡς
1630 2753 1766 2788 ἐλεύθεροι
1779 2753 1829 2788 τῆς
