1931 3073
121 175 174 204 355

346 159 348 162 ⁴
368 175 412 202 DE
427 174 588 204 C(ELESTI
605 175 827 208 HIERARCIIIA,
845 175 921 202 CAP.
941 174 997 202 XV.
1015 190 1051 195 —
1067 174 1240 204 PARAPllR.
1260 176 1499 205 FACHYMEIL‘E.

1696 183 1749 210 πει

119 231 175 258 τῶν
187 232 264 264 ἐκτὸς
278 232 445 269 προσθήκης,
460 234 506 260 καὶ
522 233 566 260 διὰ
581 234 662 261 τοῦτο
678 234 840 270 ἅπρόσθετοι
863 234 900 260 κα

963 232 1109 265 dicuntur,
1135 237 1264 268 tanquam
1286 234 1366 262 liberi
1393 235 1428 262 ab
1451 236 1613 264 .exlrinseco
1641 238 1747 266 addita-

119 278 209 308 ἁπλοῖ,
223 278 292 305 κατὰ
308 279 356 314 τὴν
366 280 404 311 ὡς
421 279 530 314 ἐφικτὸν
543 280 611 315 πρὸς
622 280 670 316 τὴν
683 280 757 306 Θείαν
769 279 907 315 ἁπλότητα

118 325 296 360 ἀφομοίωσιν.

155 427 168 463 §
181 427 224 457 IV.
240 429 431 456 Πολυποίκιλον
443 429 515 464 λέγει
526 430 576 466 τὴν
587 430 680 465 σοφίαν
690 429 737 457 τοῦ
749 429 826 461 Θεοῦ,
837 429 908 456 κατὰ

116 473 164 500 τὸν
182 474 268 509 μέγαν
284 475 432 502 ἀπόστολον
449 475 564 504 Παῐλον.
581 477 659 503 Δοκεῖ
673 477 702 502 δὲ
717 476 752 503 τὰ
767 476 813 503 δύο
830 477 907 503 ἐναν-

115 519 163 545 τία
186 517 265 551 εἶναι,
282 521 312 547 τό
331 529 361 548 τε
381 521 483 548 ἁπλοῦν
506 522 553 548 καὶ
574 522 606 549 τὸ
625 522 826 550 πολυποίκιλον.
836 523 905 549 Ἀλλ’

115 563 189 592 ἔστιν
205 566 302 598 εἰπεῖν,
319 566 360 593 ὅτι
380 567 410 592 τὸ
430 566 533 594 ἁπλοῦν
558 567 606 603 μὲν
627 565 713 600 εἶπεν,
732 568 775 595 ἵνα
797 568 905 603 δηλώσῃ

113 609 147 636 τὸ
161 611 305 638 ἀσύνθετον
321 612 368 639 τοῦ
385 613 463 645 Θεοῦ,
475 614 520 640 καὶ
531 613 561 640 τὸ
573 614 708 650 μηδεμιᾶς
721 615 832 649 διπλόης
849 616 907 641 ἐπι-

113 657 254 693 δεόμενον·
278 660 310 686 οὑ
333 660 387 696 γὰρ
407 661 440 687 ὲκ.
464 661 607 696 μαθήσεως
628 661 708 696 σοφὸς
724 663 737 688 ό
753 662 829 693 Θεὸς.
847 662 905 689 ἀλλ’

114 703 277 740 αὐτόχρημα
293 706 373 740 σοφία
388 706 456 733 ὲστί.
473 707 509 732 Τὸ
525 706 552 733 δὲ
570 706 768 738 πολυποίκιλον.
785 708 850 734 διότι
866 709 906 740 εἰς

114 748 200 776 πολλὰ
223 750 348 784 γνώσεως
369 751 426 787 εῐδη
451 753 652 787 μετατυποῦται
667 753 711 780 διὰ
727 754 776 789 τὴν
791 754 845 780 τῶν
861 755 905 781 ἑλ-

111 794 295 831 λαμπομὲνων
310 797 468 824 ἀσθένειαν·
487 798 631 834 ἀρχιερεὺς
651 799 705 833 γάρ
727 800 784 826 ἐστι
808 800 904 835 μέγας,

111 841 282 877 συμπάσχων
305 845 365 874 ταῖς
387 843 466 878 ἡμῶν
489 844 655 876 ἁσθενείαις⁴
674 845 743 872 ὥστε
761 846 833 881 ἁπλῆ
852 846 902 881 μὲν

110 886 219 921 λέγεται
242 890 322 924 σοφία
341 890 408 917 Θεοῦ
425 890 495 917 κατὰ
514 891 564 926 τὴν
580 892 670 926 φύσιν,
689 891 858 928 πολύτροπος
873 894 903 920 δὲ

110 932 181 959 κατὰ
204 933 254 969 τὴν
276 935 414 970 πρόνοιαν.
429 936 537 972 Ἐπειδὴ
560 937 649 964 τοίνυν
674 938 743 974 αὕτη
770 939 816 965 καὶ
840 941 904 972 τοὺς

109 979 242 1012 ἀσκεπεῐς
253 981 374 1015 φυσικῶς
390 982 561 1018 ἁμφιέννυσι,
571 984 618 1011 καὶ
635 984 718 1020 σκεύη
734 985 795 1012 τινὰ
810 986 903 1013 δίδωσι

110 1026 269 1062 περιφέρειν
286 1027 391 1059 αὐτοῖς·
410 1028 476 1064 φέρε
499 1029 546 1056 καὶ
565 1030 600 1056 τὰ
624 1031 735 1057 τοιαῦτα
758 1031 818 1067 ἱερὰ
834 1041 903 1068 προ-

109 1071 238 1108 ϐλήματα
251 1081 281 1098 τε
298 1073 345 1100 καὶ
361 1073 472 1110 ὄργανα,
489 1074 526 1106 ὡς
543 1076 608 1110 ἡμῖν
624 1077 681 1102 ἐστι
698 1077 819 1109 δυνατὸν,
837 1078 902 1105 ἁνα-

109 1116 265 1153 πτὺξωμεν.
285 1118 340 1154 Τὴν
359 1118 406 1153 μὲν
423 1118 477 1154 γὰρ
494 1119 580 1154 φανὴν
597 1120 643 1146 καὶ
660 1119 771 1156 πυρώδη
788 1120 900 1156 ἐσθῆτα,

109 1162 201 1195 καθὼς
218 1164 293 1199 παρὰ
316 1164 445 1200 ’ῐεζεκιὴλ
461 1165 507 1192 καὶ
522 1165 622 1202 Δανιὴλ
637 1165 761 1202 εὕρηται,
779 1167 904 1203 ὑπολαμ-

108 1207 184 1234 6έινω
201 1209 353 1244 σημαίνειν,
363 1209 413 1245 τὴν
426 1210 474 1245 μὲν
484 1209 594 1246 πυρώδη
611 1211 713 1247 ἐσθῆτα
728 1210 758 1238 τὸ
774 1211 900 1244 θεοειδὲς,

108 1255 180 1281 κατὰ
200 1256 249 1292 τὴν
270 1256 316 1283 τοῦ
333 1257 418 1292 πυρὸς
434 1251 525 1284 εἰκόνα
540 1257 630 1289 καθὼς
647 1258 791 1293 ἐλέγομεν,
809 1259 858 1295 τὴν
873 1260 902 1287 δὲ

107 1302 195 1337 φανὴν
217 1303 265 1329 καὶ
289 1303 422 1339 φωτεινὴν
437 1303 467 1330 τὸ
483 1303 654 1338 φωτιστικόν.
665 1305 741 1332 Ἐπεὶ
762 1305 790 1332 δὲ
814 1307 860 1333 καὶ
883 1308 901 1342 ἡ

106 1346 191 1382 ἐσθὴς
207 1347 301 1382 κτῆμά
317 1348 343 1374 τί
360 1349 428 1381 ἐστι,
439 1348 554 1375 καθόλου
568 1350 689 1385 περιέχει
699 1350 730 1377 τὸ
742 1350 830 1386 σῶμα,
839 1351 901 1378 ὅθεν

107 1394 156 1419 καὶ
172 1393 311 1428 ἀμπεχόνη
337 1393 454 1428 λέγεται,
472 1395 518 1421 ἐπὶ
532 1395 561 1422 δὲ
576 1396 630 1422 τῶν
646 1396 792 1432 κτημάτων
809 1405 838 1423 τε
854 1398 901 1425 καὶ

106 1439 258 1476 χρημάτων
282 1440 310 1466 αἱ
334 1440 380 1474 ἀφ’
398 1440 492 1476 ἑτέρου
515 1442 555 1473 εἰς
570 1441 648 1468 ἄλλον
664 1442 840 1478 κληρονομίαι
856 1443 900 1477 γί-

106 1493 208 1516 νονται.
224 1486 274 1522 ὅρα
299 1486 326 1513 τί
352 1486 425 1521 λέγει
449 1487 564 1514 ἐνταῦθα
587 1488 656 1524 πρὸς
675 1488 761 1515 ταῦτα
782 1489 796 1516 ὁ
813 1489 898 1524 ἅγιος.

106 1529 158 1556 Διὰ
173 1530 200 1556 τί
216 1531 315 1566 ὲσθής;
332 1532 382 1558 Διὰ
397 1531 447 1563 τὰς
463 1532 491 1558 ἐν
507 1533 614 1568 οὐρανῷ
629 1533 720 1569 λήξεις
736 1534 782 1561 καὶ
800 1534 900 1571 κληρο-

107 1575 214 1610 νομίας,
224 1575 295 1603 κατὰ
310 1576 340 1603 τό
350 1585 356 1591 ·
374 1577 463 1604 Δεῦτε
479 1579 505 1604 oi
516 1579 711 1614 εὐλογημένοι
722 1580 775 1606 τοῦ
785 1581 900 1615 Πατρός
916 1597 937 1627 C

106 1628 175 1654 μου,
185 1621 432 1657 κληρονομήσατε
449 1623 506 1658 τὴν
521 1624 746 1660 ἡτοιμασμένην
761 1626 832 1660 ὑμῖν
844 1627 901 1659 βα-

107 1667 229 1693 σιλείαν
253 1668 311 1694 ἀπὸ
336 1669 505 1704 καταϐολῆς
528 1671 654 1705 κόσμου.
673 1671 720 1703 Τίς
745 1672 774 1699 δὲ
791 1674 808 1709 ἡ
825 1673 902 1708 βασι-

105 1712 182 1745 λεία;
201 1713 314 1746 Πάντως
337 1715 425 1742 ἐκεῖνο
450 1715 482 1742 τὸ
506 1716 577 1743 θεῖον
599 1717 647 1744 καὶ
663 1717 802 1753 ἀδιάδοχον
825 1719 899 1753 φῶς·

105 1759 184 1794 λῆξιν
201 1759 256 1796 γὰρ
271 1760 321 1796 τὴν
338 1761 519 1798 κληρονομίαν
540 1763 565 1788 oi
587 1763 697 1790 παλαιοὶ
713 1763 822 1798 ἔλεγον·
840 1764 901 1792 ὅθεν

63 1820 67 1824 -
106 1805 154 1831 καὶ
173 1804 298 1841 ληγάτοι,
315 1807 363 1834 καὶ
379 1806 541 1843 ληγατάριοι
558 1809 605 1835 καὶ
621 1808 794 1845 ληξιαρχικὸν
810 1810 901 1846 γράμ-

107 1858 157 1885 μα,
173 1851 204 1877 τὸ
226 1851 364 1888 διδόμενον
390 1854 446 1885 τοῖς
471 1854 541 1890 ὑπὲρ
565 1854 599 1881 τὰ
621 1854 760 1882 δεκαοκτὼ
776 1856 825 1891 ἒτη
841 1854 900 1883 οὖσι

104 1897 161 1924 τῶν
176 1897 362 1935 κληρονόμων,
380 1900 420 1932 εἰς
442 1900 473 1926 τὸ
493 1901 588 1936 ἄρχειν
607 1901 657 1936 τῆς
677 1901 780 1933 οἰκείας
802 1901 901 1938 κληρο-

104 1943 212 1978 νομίας,
228 1944 273 1970 διὰ
297 1944 328 1971 τὸ
348 1945 398 1981 τῆς
419 1945 527 1982 ἡλικίας
541 1946 654 1973 τέλειον.
670 1947 726 1974 Καὶ
747 1947 832 1974 ταῦτα
850 1947 900 1983 μὲν

105 1987 149 2014 διὰ
165 1988 215 2024 τὴν
231 1988 331 2025 ἐσθῆτα
341 1998 348 2004 ·
365 1989 465 2025 μᾶλλον
481 1990 509 2017 δὲ
526 1991 545 2025 ἡ
560 1990 641 2026 ἐσθὴς
657 1990 701 2017 διὰ
715 1989 799 2017 ταῦτα
815 1999 901 2025 παρα-

105 2033 283 2069 λαμϐάνεται.
300 2034 351 2062 Διά
372 2035 401 2062 δὲ
421 2035 452 2062 τὸ
473 2035 557 2070 φανὸν
573 2036 620 2063 καὶ
636 2036 771 2072 πυρῶδες,
789 2036 838 2062 καὶ
859 2036 899 2064 ἔτι

105 2079 154 2114 τὴν
171 2079 285 2106 καθόλου
303 2081 434 2117 περιοχὴν
444 2082 494 2116 τῆς
505 2081 618 2117 ἐσθῆτος
629 2081 701 2116 λέγει
711 2082 778 2108 ὅπου
789 2082 819 2108 τὸ
829 2081 897 2116 φῶς.

106 2125 185 2152 Ποῖον
202 2125 277 2160 φῶς;
294 2126 350 2153 Kal
365 2126 396 2153 τὸ
412 2126 527 2153 καθόλου
545 2126 697 2162 ἐκλάμπον,
713 2128 760 2154 καὶ
775 2128 806 2154 τὸ
822 2127 899 2154 καθό-

104 2171 153 2198 λου
174 2171 401 2207 ὲκλαμπόμενον·
424 2172 482 2199 ἀλλ’
498 2173 586 2200 ἐκεῖνο
613 2173 672 2208 μὲν,
689 2173 758 2209 ὅπερ
782 2173 855 2200 ἔστιν
880 2174 900 2210 ἡ

105 2217 165 2245 θεία
186 2217 276 2253 φύσις,
292 2218 396 2255 νοητῶς
416 2219 549 2254 ὲλλάμπει
560 2228 567 2235 ·
585 2219 663 2246 τοῦτο
683 2219 721 2253 δὲ,
739 2220 809 2256 ὅπερ
825 2220 898 2247 ἐστὶν

104 2265 122 2300 ἡ
147 2264 293 2300 ἀγγελικὴ,
315 2265 416 2301 νοερῶς
439 2265 622 2301 ἐλλάμπεται·
647 2266 741 2302 νοητὸν
767 2266 816 2302 μὲν
841 2266 898 2302 γάρ

104 2311 188 2343 ἐστιν,
205 2311 254 2338 ἆτε
274 2311 363 2339 ἐκεῖνο
377 2312 510 2347 τυγχάνον
524 2312 556 2339 τὸ
571 2312 730 2348 νοούμενον
747 2312 839 2348 νοερὸν
854 2312 895 2344 δὲ,

103 2355 134 2382 τὺ
157 2355 361 2393 ἑλλαμπόμενον
377 2359 425 2385 καὶ
440 2357 526 2386 νοοῦν.
544 2358 620 2390 Τέως
634 2359 674 2390 δὲ,
690 2359 800 2386 κάκεῖνο
816 2359 896 2386 καθό-

102 2399 152 2427 λου
167 2400 316 2437 ὲλλάμπον,
332 2403 380 2429 καὶ
395 2402 456 2437 δίχα
470 2402 543 2434 τινὸς
558 2402 701 2437 φειδωλίας
721 2410 751 2428 τε
771 2401 819 2428 καὶ
834 2402 896 2436 γλι-

104 2444 262 2481 σχρότητος,
275 2447 322 2473 καὶ
337 2446 416 2473 τοῦτο
432 2446 546 2474 καθόλου
567 2447 745 2483 ὲλλάμπεται,
762 2447 787 2474 εί
803 2447 850 2474 καὶ
865 2446 896 2473 τὸ

102 2491 213 2526 ιφικτὺν
225 2492 384 2528 ὑποδέχεται
398 2493 468 2529 (οὐδὲ
479 2493 533 2529 γὰρ
548 2493 579 2520 τὸ
596 2494 704 2529 μέτριον
721 2493 894 2528 ὑποδέχεται,

101 2536 171 2563 διότι
188 2538 307 2573 μετρίως
322 2538 500 2574 ὲλλάμπεται,
517 2539 573 2566 ἀλλ’
589 2538 660 2566 οὕτω
675 2538 783 2573 λέγεται
798 2538 829 2565 τὸ
847 2538 895 2573 μέ-

101 2591 178 2620 τριον
201 2583 388 2620 ὑποδέχεσθαι,
405 2585 446 2612 ὃτι
468 2585 583 2612 καθόλου
603 2585 782 2621 ὲλλάμπεται,
799 2585 847 2612 καὶ
862 2585 894 2611 τὸ

101 2629 243 2665 ἐγχωροῦν
259 2630 487 2667 προσλαμβάνειν
511 2632 599 2658 ἐκεῖνο
613 2630 668 2667 γὰρ
683 2629 717 2667 ἦν
733 2630 767 2658 ἂν
782 2631 831 2667 τῆς
847 2629 894 2657 τοῦ

102 2676 297 2711 meum“,
318 2676 356 2708 ὼς
379 2677 413 2704 ἄν
437 2686 480 2709 τις
503 2677 586 2710 εἴποι,
603 2676 747 2712 φειδωλίας
773 2677 819 2703 καὶ
844 2676 892 2704 τοῦ

103 2721 214 2756 φθόνου,
230 2722 302 2758 ἅπερ
328 2722 423 2759 πάρῤω
447 2723 501 2750 εἰσὶ
523 2723 573 2759 τῆς
598 2723 672 2755 θείας
687 2723 735 2749 καὶ
752 2722 892 2758 μακαρίας

103 2767 225 2801 φύσεωςο
235 2767 316 2794 τοῦτο
324 2767 352 2795 δὲ
365 2768 474 2800 πάντως
484 2768 541 2795 ἐστι
556 2768 606 2804 τῆς
619 2767 673 2795 τῶν
688 2768 894 2804 ὑποδεχομένων

103 2812 253 2848 δυάμεως.
267 2813 300 2841 Ἢ
312 2814 341 2841 δὲ
356 2814 480 2851 ίερατικὴ
496 2814 576 2850 στολὴ
591 2814 834 2851 παραλαμϐάνεται
850 2813 896 2841 διὰ

104 2858 136 2885 τὺ
159 2859 308 2894 προσάγειν
329 2861 392 2892 τοὺς
411 2860 466 2888 τῶν
489 2860 640 2896 ἀνθρώπων
660 2859 751 2893 ἀξίους
775 2860 843 2896 πρὸς
860 2859 896 2887 τὰ

143 2927 157 2947 lt
172 2926 267 2955 ﬂattlt.
277 2936 338 2957 xxv.
379 2928 424 2956 5|.

962 283 1065 311 mento,
1087 282 1170 313 atque
1187 279 1248 306 ideo
1273 281 1392 314 expediti
1420 282 1622 317 simplicesquc,
1646 291 1746 312 secun-

959 324 1022 351 dum
1042 332 1102 352 eant
1124 333 1185 360 qua:
1199 325 1300 354 divina:
1318 327 1502 362 simplicitatis
1515 329 1573 357 dari
1596 335 1686 365 potest
1708 331 1745 358 si-

959 370 1151 399 militudinem.

994 415 1007 452 §
1022 416 1065 443 ιν.
1087 416 1279 445 Multiformem
1294 424 1376 452 porro
1389 422 1470 445 vocat
1482 418 1529 445 Dei
1545 418 1623 454 ιω
1638 419 1746 454 sapien-

959 462 1124 498 Iiant,juxla
1150 471 1278 498 magnum
1304 463 1457 498 apostolum
1478 464 1603 491 Paulum.
1625 465 1747 500 Simplex

957 513 1048 536 autem
1064 514 1090 535 ct
1105 509 1288 536 multifarium
1303 510 1430 537 videntur
1449 517 1513 537 esse
1527 511 1581 538 duo
1597 513 1746 540 contraria.

958 553 1070 587 Verum,
1083 554 1174 582 dicere
1190 554 1263 588 licet,
1278 556 1430 591 simplicem
1454 557 1566 591 quidem
1589 558 1702 592 dixisse,
1719 564 1749 586 ut

956 602 1117 628 ostenderet
1133 602 1216 629 Deum
1241 611 1303 631 esse
1322 604 1381 631 sine
1406 605 1615 638 compositione,
1627 611 1655 633 et
1674 607 1747 634 nulla

957 647 1116 681 duplicitate
1141 648 1286 685 indigere:
1307 656 1397 684 neque
1423 650 1495 677 enim
1521 650 1649 678 discendo
1677 652 1747 679 Deus

957 693 1067 727 sapiens
1084 693 1125 725 Iit,
1139 694 1186 721 sed
1203 699 1245 721 est
1260 701 1357 729 reapse
1382 696 1527 730 sapientia.
1554 696 1746 724 Multiformcm

957 745 1033 768 vero,
1048 738 1111 772 quia
1138 738 1164 765 in
1186 739 1286 766 multas
1311 740 1476 775 cognitionis
1497 742 1616 776 species,
1631 749 1743 777 propter

956 792 1050 812 eorum
1067 785 1111 819 qtti
1131 785 1302 813 illustrantur
1318 787 1543 819 imbecillitatem,
1559 789 1740 816 transforma-

957 836 1002 858 tur
1015 837 1023 857 :
1037 831 1159 865 pontifex
1183 832 1255 858 enim
1280 840 1395 868 magnus
1408 837 1461 866 est,
1476 835 1522 868 qui
1548 835 1649 862 nostris
1664 835 1745 861 intir-

958 877 1099 904 mitatibus
1113 877 1292 912 compatitur;
1319 879 1356 906 ita
1371 884 1400 906 ut
1418 879 1466 906 Dei
1491 881 1600 914 quidem
1613 880 1746 914 sapientia
1796 895 1801 899 -

920 919 940 946 Β
955 924 1062 951 dicatur
1074 924 1187 959 simplex
1201 924 1348 952 secundttnt
1361 930 1498 957 naturam,
1509 926 1667 954 multimoda
1681 934 1745 954 vero

956 970 1105 998 secundum
1122 970 1331 1005 providentiam.
1342 971 1476 999 Caterum
1492 979 1553 999 cum
1569 972 1627 1000 haec
1638 980 1746 1010 queque

956 1021 1051 1044 natura
1069 1024 1118 1045 sua
1132 1017 1220 1044 nudos
1235 1018 1386 1052 cooperiat,
1410 1022 1438 1045 et
1456 1018 1580 1052 qlia-dato
1598 1019 1631 1048 iis
1646 1021 1746 1049 instru-

956 1068 1046 1090 mettta
1071 1063 1287 1091 circnmi‘erenda
1314 1064 1420 1098 tradat;
1443 1066 1558 1100 agedum
1587 1067 1671 1094 etiam
1692 1068 1745 1095 ista

955 1115 1033 1136 saera
1047 1109 1216 1143 operimenta
1239 1114 1266 1136 et
1280 1110 1472 1144 instrumenta,
1494 1117 1574 1146 prout
1589 1120 1744 1147 possumus,

953 1155 1133 1190 explicemus.
1143 1155 1181 1182 Ac
1191 1155 1311 1183 lucidam
1326 1156 1436 1191 quidem
1451 1157 1615 1192 igneamque
1627 1163 1744 1192 vestem,

955 1206 985 1227 ttt
1000 1202 1070 1235 apud
1083 1201 1255 1229 Ezecltielem
1266 1206 1294 1229 et
1305 1201 1443 1230 Danielem
1459 1204 1608 1238 reperitur,
1623 1205 1745 1232 arbitror

958 1247 1126 1282 signiﬁcare,
1139 1251 1275 1282 quatenus
1287 1247 1414 1276 nimirum
1426 1249 1564 1285 estignea,
1574 1250 1745 1278 deiformita-

955 1293 1105 1327 lem.juxta
1130 1294 1211 1321 istaut
1235 1293 1306 1329 ignis
1328 1294 1476 1330 imaginem
1497 1295 1531 1322 de
1546 1303 1599 1330 qua
1613 1297 1743 1331 egimus;

954 1345 1089 1374 quatenus
1114 1347 1178 1367 vero
1201 1343 1242 1368 est
1263 1340 1416 1375 splendida,
1433 1345 1460 1368 et
1475 1341 1593 1369 lucidam
1608 1343 1663 1370 vim
1679 1343 1741 1370 illu-

954 1385 1088 1412 minandi.
1103 1386 1172 1413 Cum
1198 1391 1287 1413 autem
1311 1387 1398 1413 etiam
1422 1387 1507 1414 vestis
1530 1389 1678 1422 possessio,
1694 1396 1743 1416 seu

953 1430 1074 1464 supellex
1088 1431 1212 1465 quadam
1227 1430 1262 1458 sit
1275 1438 1334 1465 quas
1349 1435 1434 1457 totum
1451 1438 1550 1465 corpus
1562 1431 1659 1464 ambit,
1672 1432 1743 1459 unde

952 1481 980 1503 et
993 1476 1110 1504 amictus
1131 1483 1178 1504 seu
1201 1477 1389 1504 indumentum
1408 1477 1524 1510 dicitur;
1539 1476 1742 1512 possessionum

953 1527 1044 1549 autem
1061 1525 1088 1549 et
1120 1521 1330 1557 supcllectilium
1344 1523 1378 1550 ab
1391 1522 1446 1550 alio
1460 1523 1493 1550 ad
1505 1523 1586 1550 alium
1602 1523 1743 1550 haeredita-

956 1573 996 1596 tes
1009 1569 1178 1602 deriventur,
1197 1569 1312 1597 observa
1334 1569 1400 1604 quid
1427 1573 1538 1596 sanctus
1561 1569 1606 1596 hic
1627 1569 1660 1596 ad
1684 1571 1742 1597 hate

953 1615 1036 1642 dicat.
1052 1615 1092 1642 Ad
1106 1615 1171 1650 quid
1186 1615 1286 1643 vestis?
1296 1615 1411 1649 Propter
1424 1619 1514 1643 sortes
1526 1619 1553 1642 et
1568 1615 1744 1650 haereditates

954 1661 1026 1692 cmli,
1043 1661 1120 1696 juxta
1136 1661 1201 1688 illud
1217 1660 1479 1693 :Venite,_benedicti
1493 1659 1586 1687 Putris
1601 1661 1663 1694 mei,
1678 1669 1741 1695 pos—

952 1707 1034 1735 sidete
1059 1713 1184 1742 paratum
1206 1708 1279 1735 vobis
1302 1715 1412 1742 regnum
1434 1707 1466 1734 ab
1492 1707 1593 1742 origine
1614 1707 1707 1733 mundi
1715 1707 1741 1735 ι.

952 1753 1095 1787 Quodnam
1108 1761 1190 1789 porro
1202 1754 1336 1789 regnum?
1352 1753 1419 1781 illud
1434 1753 1526 1788 utique
1539 1753 1661 1780 divinum
1670 1760 1740 1781 sem»

952 1800 1145 1835 piternumque
1171 1800 1260 1827 lumen
1276 1808 1283 1826 :
1300 1799 1406 1834 antiqui
1434 1799 1507 1826 ettim
1534 1798 1619 1834 λῆξιν,
1649 1799 1676 1827 id
1700 1803 1742 1827 est

952 1847 1242 1882 aortem,appellabant
1255 1847 1455 1880 hereditatem;
1469 1846 1540 1874 unde
1552 1847 1633 1874 etiam
1646 1846 1740 1882 legati,

951 1898 979 1921 et
991 1893 1127 1928 legatarii,
1140 1893 1327 1928 scriptumque
1345 1892 1519 1928 legatarium,
1535 1891 1607 1928 quod
1623 1893 1740 1920 lueredi-

951 1941 1002 1968 bus
1011 1941 1091 1968 datur
1106 1940 1151 1976 qui
1164 1940 1222 1975 jam
1237 1940 1373 1968 decimunt
1389 1944 1518 1967 octavum
1532 1947 1632 1966 annum
1646 1945 1740 1967 exces-

951 1991 1056 2019 serunt,
1072 1990 1103 2014 ut
1117 1985 1284 2014 ittereditatis
1296 1993 1352 2013 sua:
1364 1985 1629 2014 administrationem
1644 1992 1676 2014 ac
1690 1993 1740 2023 gu-

951 2031 1140 2060 bernationem
1166 2036 1278 2068 propter
1299 2031 1388 2059 aetatis
1408 2031 1607 2066 perfectionem
1628 2032 1737 2060 adeant.

949 2077 1039 2113 Atque
1065 2078 1123 2106 haec
1147 2078 1256 2113 quidem
1284 2082 1395 2112 propter
1420 2082 1542 2112 vestem;
1567 2079 1632 2114 quin
1649 2080 1742 2114 potitus

951 2125 1036 2152 vestis
1048 2129 1160 2159 propter
1175 2124 1234 2152 haec
1249 2124 1409 2151 assumitur.
1430 2123 1548 2159 Propter
1567 2125 1738 2160 splendorem

951 2175 1042 2197 autem
1055 2174 1138 2204 atque
1152 2169 1260 2204 igneam
1270 2169 1442 2204 qualitatem,
1460 2170 1543 2198 totius
1557 2170 1641 2198 etiam
1654 2172 1740 2199 vestis

950 2215 1157 2251 amplitudinem
1183 2215 1261 2251 quasi
1289 2215 1378 2243 lucem
1403 2222 1463 2244 esse
1485 2215 1534 2244 ait.
1561 2216 1674 2250 Qualem
1695 2217 1739 2245 lu-

949 2262 1031 2290 cem?
1043 2262 1109 2296 Qua:
1123 2261 1253 2290 nimirum
1275 2269 1325 2296 per
1342 2266 1427 2289 totum
1443 2261 1570 2296 illustrat,
1586 2268 1615 2291 et
1634 2270 1683 2298 per
1696 2268 1737 2291 to-

949 2312 1004 2334 tum
1023 2307 1198 2336 illustratur:
1214 2312 1298 2343 atque
1312 2307 1359 2335 illa
1375 2307 1485 2343 quidem
1510 2316 1571 2343 qua:
1585 2308 1677 2337 divina
1691 2317 1738 2336 na-

950 2358 1010 2380 tura
1023 2358 1065 2381 est
1080 2353 1288 2389 intelligibiliter
1307 2353 1441 2386 illustrat;
1456 2353 1514 2381 haec
1535 2361 1601 2382 vero
1616 2361 1676 2389 qua:
1688 2361 1739 2382 an-

947 2400 1033 2435 gelica
1052 2404 1095 2428 est
1113 2400 1291 2436 intelligendo
1305 2400 1457 2428 illustratur
1478 2408 1486 2427 :
1509 2399 1682 2436 intelligibiie
1697 2401 1736 2429 si-

948 2447 1059 2482 quidem
1080 2447 1146 2475 illud
1166 2452 1208 2475 est
1222 2446 1293 2482 quod
1309 2446 1480 2482 intelligitur,
1498 2446 1653 2483 intelligens
1671 2455 1739 2476 vero

948 2493 976 2521 id
988 2494 1060 2528 quod
1075 2493 1228 2521 illustratur
1253 2498 1281 2521 et
1308 2493 1444 2529 intelligit.
1459 2493 1553 2528 itaque
1578 2500 1627 2528 per
1648 2497 1736 2522 totum

948 2539 1014 2567 illud
1026 2539 1146 2567 illustrat
1159 2540 1220 2568 sine
1234 2538 1287 2566 ulla
1300 2539 1467 2574 parcitnonia
1479 2539 1522 2567 vel
1535 2540 1735 2573 contractione,

950 2583 1031 2621 ιω
1049 2589 1077 2613 et
1101 2585 1155 2613 hoc
1178 2592 1227 2620 per
1248 2589 1335 2614 totum
1350 2584 1513 2619 illustratur,
1526 2585 1590 2618 etsi,
1604 2589 1736 2620 quantum

948 2630 991 2658 las
1014 2636 1068 2664 est,
1081 2631 1213 2666 suscipiat
1239 2630 1349 2666 (neque
1368 2631 1440 2658 enim
1461 2631 1533 2665 quod
1550 2635 1734 2659 mensuratum

948 2680 990 2705 est
1005 2676 1130 2712 suscipit,
1141 2677 1205 2712 quia
1221 2681 1378 2704 mensurate
1391 2676 1558 2709 illustratur,
1572 2675 1620 2704 sed
1640 2677 1680 2704 sic
1694 2676 1734 2704 di-

948 2723 1021 2750 citur
1035 2722 1206 2751 moderatum
1222 2722 1288 2758 quid
1309 2721 1461 2755 suscipere,
1476 2727 1612 2757 quatenus
1629 2729 1678 2757 per
1697 2726 1733 2749 ιο-

949 2771 1007 2796 ιιιιιι
1022 2767 1188 2801 illustratur,
1200 2772 1228 2796 et
1239 2772 1373 2803 quantum
1384 2775 1483 2803 capere
1494 2771 1595 2802 potest,
1610 2766 1732 2802 accipit):

948 2821 1010 2840 nam
1026 2813 1093 2841 illud
1106 2813 1270 2842 illustrautis
1284 2818 1366 2847 esset,
1383 2821 1416 2842 ac
1434 2814 1458 2842 si
1474 2814 1536 2849 quis
1546 2813 1660 2846 diceret,
1669 2820 1732 2848 par-

949 2858 1073 2889 cimonite
1097 2858 1140 2888 vel
1162 2858 1281 2894 invidiae,
1297 2867 1358 2896 quae
1374 2859 1472 2895 procul
1485 2859 1584 2889 absunt
1603 2866 1621 2887 a
1641 2859 1732 2888 divino
