1931 3073
216 151 269 179 355
799 150 827 178 S.
845 149 996 179 DlONYSll
1012 149 1246 178 AREOPAGITE
1787 151 1839 179 556

215 208 348 242 heataque
362 211 477 240 natura;
492 207 544 235 hoc
563 210 654 235 autem
674 206 786 234 omnino
808 205 945 235 facultatis
958 212 984 233 es

1050 206 1108 233 θεῖα
1124 206 1248 244 θεάματα
1263 207 1309 234 xui.
1326 207 1472 243 μυστήρια,
1488 206 1579 238 καθὼς
1600 206 1646 234 xui
1667 207 1714 234 ἐπὶ
1727 206 1781 234 τῶν
1794 207 1841 232 ὲν-

214 253 436 288 suscipientium.
451 253 539 281 Porro
553 253 623 281 stola
640 253 819 280 sacerdotalis
839 253 984 280 assumitur

1051 250 1137 277 ταῦθα
1153 251 1246 287 ἱερέων
1261 251 1329 282 ἐστὶ,
1344 250 1377 277 δι’
1390 247 1428 277 ὧν
1446 251 1476 277 τὸ
1493 249 1643 286 βάπτισμα,
1659 251 1692 278 δι’
1705 248 1742 278 ὧν
1756 251 1774 286 ἡ
1787 251 1839 278 κά-

212 306 246 326 eo
260 300 332 333 quod
345 300 483 327 adducant
502 299 628 326 homines
643 299 689 334 qui
705 302 847 325 merentur
859 298 892 324 ad
907 297 984 324 divin.

1051 296 1157 333 οαρσις,
1168 297 1182 323 ὁ
1194 297 1343 332 φωτισμδς,
1358 298 1375 333 ὴ
1392 297 1554 333 χειροτονία,
1569 298 1586 333 ἡ
1601 297 1721 332 εὐλογία,
1734 298 1781 324 καὶ
1793 297 1840 324 ἄλ-

212 344 367 378 spectacula
384 345 588 379 mysteriaque;
613 345 685 371 sicut
711 343 792 371 etiam
813 343 858 370 hic
872 342 984 369 usuveni

1050 342 1104 374 λως
1116 342 1161 369 διὰ
1173 343 1204 369 τὸ
1218 342 1404 378 ἁφιερωμένον
1420 344 1467 370 καὶ
1481 342 1648 378 ἡγιασμένον
1666 343 1716 379 τῆς
1730 342 1838 378 ἀπάσης

212 390 414 423 sacerdotibus,
433 398 482 426 per
504 398 573 425 quos
597 390 758 425 baptismus,
784 389 914 424 expiatio,
936 388 998 415 illu-

1051 387 1123 422 ζωῆς
1136 386 1236 414 αὐτῶν.

211 436 318 468 stratio,
340 444 436 464 manus
454 437 602 473 impositio,
619 435 825 470 benedictioque
852 433 1005 467 confertur,
1033 437 1216 468 praeterquam
1231 433 1313 460 etiam
1338 433 1411 468 quod
1425 437 1481 461 tota
1494 441 1588 462 eorum
1605 433 1662 461 vita
1675 438 1836 462 consecrata

210 482 246 508 sit
259 489 291 509 ac
307 482 490 510 sanctiﬁcata.

245 528 327 556 Zona:
339 532 441 562 autem,
459 522 685 563 quemadmodum
700 529 746 555 hic
758 529 877 555 membra
892 527 996 562 genita-

209 573 245 601 lia
260 581 395 608 renesque
416 574 591 610 succingant.
606 574 645 601 sic
660 579 688 601 et
702 574 737 601 ibi
754 574 886 602 fecundas
898 579 994 600 eorum

208 620 324 647 virtutes
337 620 518 647 custodiunt:
533 619 642 646 divinos
665 619 737 646 enim
756 619 914 654 splendores
930 626 994 646 suos

207 666 285 700 quasi
313 666 384 692 fetus
409 665 552 700 quosdam.
577 673 639 693 cum
662 672 732 692 unus
758 665 825 692 ordo
849 664 920 697 aliis,
936 669 994 692 tum

206 720 301 739 omnes
318 712 395 739 nobis
411 711 602 744 manifestam;
625 712 689 747 quin
704 716 732 739 et
750 712 894 739 collectum
915 718 993 738 suum

207 758 329 785 habitum
346 758 380 785 ad
395 766 477 784 unum
492 762 666 790 convertunt,
679 758 720 785 sic
734 762 764 784 ut
778 757 926 784 intellectio
946 764 994 784 eo-

206 811 266 830 rum
279 808 386 830 maneat
399 803 544 836 indivulsa,
560 804 666 831 tametsi
681 803 741 831 aliis
753 802 990 831 communicetur:

1080 524 1113 550 Ai
1127 523 1155 550 δὲ
1171 522 1264 555 ζῶναι,
1279 523 1318 555 ὡς
1338 523 1455 551 ἐνταῦθα
1467 523 1502 550 τὰ
1516 524 1615 559 γόνιμα
1631 524 1700 560 μέρη
1716 525 1780 557 τοὺς
1794 534 1838 553 νε-

1046 569 1130 605 φροὺς
1154 568 1489 605 περισφίγγουσιν,οὖτως
1510 569 1599 596 ἐκεῖσε
1623 572 1836 608 περιφρουροῦσι

1044 615 1094 647 τὰς
1108 615 1235 650 γονίμους
1248 614 1377 650 δυνάμεις
1392 614 1495 642 αὐτῶν·
1510 616 1667 649 ἐκφαίνουσι
1681 617 1735 653 γὰρ
1746 617 1836 645 αὐτῶν

1044 662 1082 694 ὡς
1097 659 1141 688 οἶὰ
1155 670 1230 693 τινας
1244 661 1324 696 γονὰς
1337 661 1371 688 τὰ
1386 661 1443 688 θεῖα
1457 662 1654 698 ἀμαρύγματα,
1668 664 1715 690 xui.
1728 663 1756 690 ἓν
1767 663 1835 699 πρὸς

1042 708 1136 744 ἓτερον
1150 708 1204 734 τῶν
1218 708 1376 742 ταγμάτων,
1391 708 1438 734 xui.
1453 708 1542 734 πάντα
1556 709 1624 744 πρὸς
1637 708 1725 745 ἡμᾶς’
1736 709 1783 737 xui.
1795 709 1834 736 ἔτι

1045 755 1240 790 συστρέφουσιν
1261 756 1301 787 εἰς
1321 755 1351 781 τὸ
1372 755 1411 786 ἒν,
1422 755 1472 791 τὴν
1492 755 1647 789 συναγωγὸν
1663 756 1752 782 αὐτῶν
1766 756 1832 788 ἕξιν,

1043 800 1080 832 ὡς
1098 801 1130 827 ἂν
1144 802 1160 836 ὴ
1176 801 1267 836 νόησις
1288 801 1365 837 μείνῃ
1384 800 1549 832 ἁσκέδαστος
1562 801 1609 827 xui.
1622 802 1707 838 ταυτὴ
1717 805 1737 834 “,
1747 803 1771 829 εἰ
1786 802 1834 829 xui

205 848 265 875 sine
276 848 350 883 lapsu
362 848 434 876 enim
448 854 476 876 et
488 856 549 876 cum
562 849 661 876 decore
673 849 984 883 circumvolvitur,quot‘

1044 847 1100 878 τοῖς
1120 846 1224 882 ἑτέροις
1236 848 1461 883 παραπέμπεται.
1471 848 1676 884 Ἀμετάπτωτος
1690 848 1744 885 γὰρ
1759 857 1836 876 συνε-

204 893 286 921 etiam
310 901 385 920 zona:
403 894 511 926 accidit,
529 895 635 922 tametsi
650 894 877 922 communicetur.
894 893 992 927 Quem-

204 939 349 967 admodum
363 940 434 967 enim
452 941 543 967 unitas
557 941 759 968 communicata
775 947 885 968 rursum
900 944 991 967 manet

202 985 308 1018 eadem,
322 990 350 1013 et
362 993 415 1013 non
430 987 542 1018 excidit,
553 991 580 1014 et
593 987 696 1014 circum
709 987 883 1022 semetipsam
901 986 991 1014 revol-

202 1031 285 1063 vitur,
298 1032 407 1066 quando
419 1031 494 1059 verbi
507 1032 595 1067 gratia
611 1032 710 1059 dicitur
725 1039 797 1058 unus
810 1031 951 1063 denarius,
961 1035 995 1058 et»

200 1085 272 1105 unus
295 1077 482 1109 centenarius,
502 1081 530 1104 et
551 1073 622 1104 unus
638 1076 821 1109 millcnarius;
840 1077 880 1104 sic
895 1079 923 1103 et
944 1075 989 1102 illa

200 1123 292 1150 divina
303 1123 378 1150 notio
392 1123 457 1150 dum
471 1123 662 1158 participatur,
675 1122 789 1158 simplex
804 1122 831 1150 in
847 1129 876 1151 se
888 1126 989 1155 manet,

200 1175 228 1197 et
243 1177 296 1196 non
312 1169 426 1197 excidit.

237 1215 251 1251 §
283 1215 313 1242 V.
335 1214 427 1250 Virgae
461 1215 614 1250 symbolum
640 1219 704 1243 sunt
731 1215 818 1250 regni,
848 1220 878 1243 et
904 1220 988 1246 recte.

197 1259 274 1294 juxta
309 1259 373 1286 illud
393 1268 401 1286 :
426 1259 507 1295 Virga
532 1260 696 1292 directionis,
717 1261 792 1295 virga
819 1261 892 1295 regni
902 1261 941 1287 lui
952 1262 988 1289 κ’.

199 1306 360 1341 Signiﬁcant
372 1306 463 1341 itaque
477 1307 580 1342 regiam
599 1307 771 1341 dignitatem,
789 1311 817 1334 et
839 1315 854 1334 a
879 1311 987 1336 terrena

198 1352 332 1380 servitute
353 1352 519 1380 libertatem.
532 1352 600 1380 Cum
617 1357 707 1380 autem
725 1357 829 1380 rectum
853 1354 900 1385 sit,
917 1353 988 1388 quod

198 1405 231 1425 ex
245 1405 323 1433 atquo
334 1398 420 1433 signis
432 1398 489 1425 suis
501 1398 657 1433 respondet.
670 1404 697 1426 et
710 1405 743 1426 ex
754 1406 832 1434 aequo
846 1400 987 1432 terminat,

197 1443 337 1478 virgarum
353 1443 489 1470 rectitude
510 1443 633 1471 declarat
649 1451 696 1471 eos
720 1447 795 1471 recte
817 1449 916 1472 cuncta
939 1445 985 1472 de-

199 1488 361 1521 terminare;
378 1487 447 1515 nihil
469 1488 542 1515 cnim
566 1496 629 1516 cum
653 1488 788 1516 curvitate
804 1489 895 1524 aliqua
909 1489 987 1524 perﬁ-

197 1535 284 1562 ciunt.

233 1580 324 1608 Hastae
337 1585 364 1608 et
376 1588 487 1609 secures
501 1580 630 1609 denotant
641 1582 696 1608 vim
711 1581 855 1616 inaequalia
868 1589 914 1610 seu
928 1590 986 1610 ma-

196 1627 304 1654 terialia
331 1627 470 1656 dividendi
493 1636 501 1655 :
528 1628 655 1656 dividunt
668 1628 741 1656 enim
756 1636 771 1655 a
787 1628 858 1656 malo
870 1628 984 1656 bonum.

195 1672 265 1701 Nam
288 1673 346 1701 hazc
369 1678 412 1701 est
422 1674 595 1702 discernendi
615 1673 668 1706 vis,
684 1681 746 1709 qua;
763 1681 879 1702 acumen
902 1675 986 1702 habet

195 1723 226 1746 ut
240 1719 329 1752 hasta,
343 1724 371 1747 et
381 1720 549 1748 activitatem
563 1720 765 1755 eﬁicaeiamque
781 1725 810 1748 ut
826 1727 947 1749 secures.

232 1796 403 1825 Geometrica
431 1805 497 1826 vero
527 1798 690 1833 fabriliaque
721 1799 903 1828 instrumenta
939 1798 985 1826 dc-

195 1842 313 1877 siguant,
330 1843 368 1869 uti
391 1843 523 1876 diximus,
545 1843 769 1878 perpendiculum
791 1843 899 1878 quidem
923 1851 985 1878 geo-

194 1888 338 1916 metricum
367 1888 498 1916 fundandi
526 1894 554 1916 et
583 1889 746 1923 aediﬁcandi,
771 1890 849 1925 juxta
879 1890 944 1918 illud
974 1901 981 1919 :

194 1934 269 1962 Unus
291 1935 404 1962 allerum
422 1934 579 1970 azdiﬁcate‘,
596 1939 677 1970 atque
701 1936 812 1971 insuper
826 1936 982 1971 perﬁciendi

193 1981 371 2008 facultatem:
389 1989 442 2008 nou
465 1981 538 2008 enim
561 1981 660 2008 dicitur
674 1981 835 2015 zediﬁcator,
851 1983 897 2017 qui
920 1983 982 2010 luu-

193 2027 350 2054 damentum
371 2026 458 2054 solum
486 2025 564 2062 155
589 2027 676 2062 ponit,
692 2035 800 2054 murum
824 2028 917 2064 erigit,
933 2029 980 2057 sed

192 2073 239 2108 qui
251 2073 360 2100 domum
377 2072 486 2108 perﬁcit
499 2082 505 2105 ;
519 2073 616 2100 domus
629 2073 702 2100 enim
718 2073 781 2102 ﬁnis
792 2078 844 2106 est,
858 2074 903 2101 illa
915 2082 981 2102 vero

191 2119 355 2154 principium
375 2119 511 2146 duntaxat
538 2124 612 2152 sunt,
629 2123 658 2147 et
680 2119 714 2146 ad
741 2119 821 2148 ﬁnem
849 2121 979 2154 tendunt;

192 2165 296 2192 nullum
317 2169 409 2193 autem
433 2165 596 2200 principium
623 2170 666 2194 est
686 2165 787 2194 ﬁnibus
801 2173 934 2199 coaevum,
950 2171 980 2194 ut

1043 891 1174 923 λίσσεται,
1189 892 1236 919 xui.
1252 893 1310 928 μετ’
1325 894 1484 929 εὐκοσμίας,
1493 895 1561 930 ὅπερ
1575 895 1622 921 xui.
1636 894 1702 921 αὐτὸ
1715 895 1766 931 τῆς
1780 894 1834 927 ζὼ-

1041 946 1090 973 νης
1106 939 1174 969 ἐστὶ,
1190 938 1242 965 κᾶν
1255 939 1302 965 xui
1318 940 1493 974 μεταδίδοται.
1503 941 1545 972 Ὦς
1557 940 1610 976 γὰρ
1625 941 1641 976 ἡ
1656 940 1739 976 μονὰς
1751 949 1833 976 μετα-

1040 982 1164 1020 διδομένη
1183 984 1263 1010 πάλιν
1279 985 1354 1019 μένει
1368 986 1452 1021 ταυτή
1461 994 1492 1012 τε
1507 987 1554 1013 xui.
1568 987 1772 1022 ἀμετάπτωτος,
1785 988 1833 1014 καὶ

1041 1031 1105 1065 περὶ
1120 1030 1219 1067 ἑαυτὴν
1239 1031 1436 1062 συνελίσσεται,
1450 1032 1495 1058 ὅτε
1509 1033 1608 1069 δηλαδὴ
1630 1033 1679 1068 μία
1693 1033 1773 1065 δεκὰς
1788 1034 1832 1060 λέ-

1040 1082 1117 1107 γεται
1139 1074 1187 1100 καὶ
1209 1074 1258 1109 μία
1280 1075 1437 1107 έκατοντὰς,
1453 1077 1500 1103 xui
1523 1077 1572 1112 μία
1594 1078 1744 1112 χιλιοστύς·
1760 1078 1833 1105 οὕτω

1040 1119 1152 1154 κάκείνη
1174 1120 1191 1154 ἡ
1216 1119 1275 1145 θεία
1296 1119 1397 1155 νόησις,
1411 1121 1591 1158 μετεχομένη,
1607 1122 1680 1158 ἁπλῆ
1693 1132 1735 1155 τις
1756 1123 1832 1159 μένει

1040 1163 1088 1190 xui
1103 1164 1307 1199 ἀμετάπτωτος.

1038 1213 1044 1231 ι
1076 1210 1089 1245 §
1105 1209 1136 1237 ν.
1157 1211 1190 1237 Ai
1206 1211 1308 1246 ῥάϐδοι,
1324 1212 1456 1248 σύμϐολον
1476 1213 1614 1248 βασιλείας
1634 1215 1697 1246 εἰσὶ,
1715 1215 1763 1242 καὶ
1784 1215 1831 1242 εὑ-

1040 1256 1106 1288 θεῖς,
1129 1257 1199 1284 κατὰ
1220 1257 1262 1289 τὸ,
1275 1258 1393 1292 Ῥάϐδος
1415 1259 1587 1293 εὐθύτητος,
1604 1261 1624 1294 ἡ
1640 1260 1752 1294 ῥάϐδος
1774 1261 1833 1295 τῆς

1035 1303 1199 1336 βασιλείας
1225 1311 1295 1332 σου.
1322 1304 1438 1340 Δηλοῦσι
1460 1306 1606 1341 τοιγαροῦν
1625 1307 1655 1334 τὸ
1680 1306 1831 1342 βασιλικὸν,

1038 1351 1086 1377 xui
1102 1350 1170 1386 πρὸς
1185 1350 1218 1378 τὰ
1234 1351 1309 1378 κάτω
1325 1351 1484 1380 ἀδούλωτον.
1498 1353 1573 1379 Ἐπεὶ
1588 1352 1616 1379 δὲ
1633 1353 1697 1380 εὐθύ
1714 1353 1782 1386 ἐστι,
1798 1354 1833 1380 τὸ

1038 1395 1068 1428 ἐξ
1084 1396 1141 1422 ἴσου
1157 1398 1214 1429 τοῖς
1229 1398 1272 1432 ἐφ’
1286 1397 1383 1424 ἑαυτοῦ
1401 1399 1526 1434 σημείοις
1542 1399 1676 1435 κείμενον,
1694 1400 1741 1426 καὶ
1754 1400 1785 1426 τὸ
1799 1400 1832 1434 ἐξ

1038 1441 1096 1468 ἴσου
1114 1445 1251 1479 περαῖνον,
1267 1444 1297 1470 τὸ
1316 1443 1369 1470 τῶν
1385 1444 1489 1480 ῥάϐδων
1505 1445 1581 1476 εὐθὺ,
1597 1445 1673 1481 δηλοῖ
1686 1445 1717 1472 τὺ
1733 1445 1833 1482 περαί-

1037 1495 1093 1514 νειν
1114 1488 1235 1521 ἐκείνους
1254 1489 1342 1516 πάντα
1359 1489 1475 1521 εὐθέως·
1493 1490 1554 1517 οὐδὲ
1570 1490 1624 1527 γὰρ
1637 1490 1743 1518 τελοῦσι
1759 1492 1832 1527 μετά

1000 1529 1022 1558 C
1038 1540 1111 1565 τινος
1125 1534 1306 1570 σκολιότητος.

1073 1578 1113 1605 Τὰ
1134 1578 1234 1615 δόρατα
1255 1581 1302 1607 καὶ
1322 1581 1348 1607 οἱ
1371 1581 1487 1614 πέλυκες
1500 1582 1609 1618 δηλοῦσι
1621 1583 1653 1609 τὺ
1665 1583 1831 1618 διαιρετικὸν

1036 1626 1090 1653 τῶν
1104 1627 1248 1662 ἀνομοίων,
1263 1629 1347 1663 ἦγουν
1367 1629 1422 1656 τῶν
1444 1629 1559 1656 ὑλικῶν’
1577 1629 1711 1665 διαιροῦσι
1727 1629 1782 1664 γὰρ
1795 1629 1831 1656 re

1036 1672 1158 1706 κρεῖττον
1171 1672 1225 1699 ἀπὸ
1237 1673 1283 1700 τοῦ
1301 1673 1519 1709 χείρονος.Τοῦτο
1533 1673 1588 1709 γάρ
1601 1674 1675 1700 ἐστιν
1686 1675 1702 1709 ἡ
1718 1672 1830 1709 διακρι-

1035 1719 1097 1754 τικὴ
1119 1718 1241 1754 δύναμις,
1255 1720 1272 1755 ἡ
1291 1719 1364 1752 ὀξεῖα
1384 1720 1454 1747 κατὰ
1476 1720 1507 1746 τὸ
1526 1720 1600 1756 δόρυ,
1615 1721 1632 1756 ἡ
1648 1719 1761 1756 ἐνεργὴς
1779 1720 1831 1747 καὶ

1039 1764 1191 1800 δραστηρία
1207 1765 1278 1792 κατὰ
1293 1765 1357 1797 τοὺς
1371 1765 1501 1797 πέλυκας.

1069 1809 1111 1836 Τὰ
1132 1810 1161 1837 δὲ
1185 1811 1358 1847 γεωμετρικὰ
1379 1812 1426 1839 καὶ
1447 1812 1591 1839 τεκτονικὰ
1604 1812 1718 1848 ὄργανα,
1732 1811 1827 1844 καθὼς
1861 1812 1865 1816 ”

1034 1855 1173 1892 ἐλέγομεν,
1198 1858 1313 1893 σχοινίον
1334 1859 1529 1894 γεωμετρικὸν,
1554 1859 1585 1885 τὸ
1608 1857 1829 1893 θεμελειωτικὺν,

1033 1903 1080 1929 καὶ
1090 1903 1305 1939 οἰκοδομητικὸν,
1312 1904 1383 1931 κατὰ
1392 1905 1421 1931 τό
1430 1913 1437 1920 ·
1446 1905 1498 1938 Εἷς
1504 1905 1557 1932 τὸν
1569 1904 1625 1931 ἕνα
1635 1903 1827 1938 οἰκοδομεῖτε,

1033 1948 1080 1974 xui.
1100 1948 1139 1975 ἔτι
1160 1949 1191 1975 τὸ
1213 1950 1398 1977 τελειωτικὸν·
1416 1951 1476 1977 οὐδὲ
1490 1951 1545 1987 γὰρ
1560 1951 1668 1985 λέγεται
1684 1949 1829 1986 οἰκοδόμος

1031 1993 1046 2019 ὁ
1060 1993 1191 2029 Θεμελιῶν
1208 1995 1253 2022 καὶ
1266 1996 1365 2027 κτίζων
1378 1997 1468 2032 μόνον,
1486 1996 1543 2024 ἀλλ’
1559 1996 1705 2036 ὁχτελειῶν
1718 1995 1768 2031 τὴν
1784 1996 1829 2022 οἰ-

1031 2039 1110 2066 κίαν·
1132 2041 1149 2076 ἡ
1169 2041 1243 2068 οἰκία
1266 2041 1320 2077 γὰρ
1343 2042 1418 2074 τέλος
1437 2042 1521 2074 ἐστὶν,
1538 2042 1629 2069 ἐκεῖνα
1644 2042 1672 2069 δὲ
1685 2041 1756 2077 ἀρχὴ
1777 2042 1828 2068 xui.

1031 2086 1099 2122 πρὸς
1114 2086 1146 2112 τὸ
1160 2087 1252 2119 τέλος’
1268 2087 1379 2123 οὐδεμία
1392 2088 1421 2114 δὲ
1440 2088 1512 2124 ἀρχὴ
1530 2087 1662 2122 συγγενὴς
1678 2088 1734 2118 τοῖς
1745 2087 1826 2114 τέλε-

1031 2140 1083 2164 σιν,
1099 2133 1138 2164 ὼς
1153 2132 1214 2159 οὐδὲ
1227 2133 1324 2169 τρόπις
1339 2135 1372 2170 τῇ
1389 2134 1451 2169 νηῒ-
1469 2133 1514 2160 διὰ
1527 2133 1608 2160 τοῦτο
1625 2132 1690 2166 γοῦν
1706 2133 1827 2168 προστέ-

1031 2174 1117 2203 θειται
1141 2177 1200 2210 καὶ,
1219 2178 1252 2204 Τὸ
1273 2174 1469 2211 τελειωτιφὶὸν,
1487 2178 1534 2205 καὶ
1545 2179 1594 2205 ὅσα
1610 2178 1677 2206 ἄλλα
1690 2178 1740 2213 τῆς
1753 2178 1825 2205 ἀνα-

190 2218 281 2246 neque
296 2211 391 2239 carina
403 2211 480 2244 navi;
496 2211 598 2252 idcirco
610 2212 693 2239 etiam
705 2212 815 2239 additur
827 2212 980 2247 perﬁciendi

1038 2221 1123 2256 γωγοῦ
1139 2222 1268 2258 προνοίας
1283 2222 1337 2250 τῶν
1352 2223 1478 2258 πρώτων,
1487 2224 1533 2250 xui
1544 2211 1757 2259 ὲπιστρετπικῆς
1767 2223 1826 2250 τῶν

191 2256 391 2291 facultatem,et
406 2250 574 2292 quaecunque
587 2257 651 2291 alia,
664 2257 811 2286 inferiores
827 2259 979 2286 adducendi

190 2306 218 2330 et
246 2302 423 2330 convertendi
446 2303 645 2337 providentiam
661 2303 868 2335 concernentia,
883 2303 980 2339 primis

190 2348 244 2376 illis
260 2349 354 2376 insunt
365 2354 394 2376 et
405 2350 605 2377 attribuuntur.

224 2394 334 2422 Accidit
357 2403 466 2430 quoque
485 2403 693 2431 nonnunquam.
706 2400 735 2424 ut
760 2396 912 2423 istiusmodi
937 2395 978 2422 io-

189 2446 339 2469 strumeuta
356 2441 509 2470 divinorum
525 2450 589 2477 erga
605 2450 654 2470 nos
674 2442 839 2476 iudiciorum
854 2441 976 2477 symbola

188 2489 319 2516 existant.
330 2488 370 2516 Ac
381 2488 457 2524 virga
471 2488 581 2522 quidem
594 2495 643 2522 pro
655 2487 822 2515 correctrice
833 2486 975 2521 disciplina

189 2536 318 2568 sumitur,
332 2535 371 2562 uti
394 2542 456 2562 cum
480 2534 589 2562 divinus
613 2534 762 2569 Apostolus
776 2534 816 2561 ait
830 2544 836 2562 :
850 2533 885 2560 1η
902 2533 976 2568 virga

187 2582 288 2609 veniam
306 2582 339 2608 ad
353 2589 408 2614 vos,
424 2589 459 2608 an
471 2582 498 2608 in
513 2579 684 2608 charitale"?
706 2579 759 2607 Pro
776 2580 896 2608 vindicta
909 2586 975 2606 vero

184 2628 299 2663 justitim
319 2627 433 2663 gladius,
452 2627 505 2654 falx
521 2632 548 2655 et
567 2627 685 2660 securis,
701 2627 773 2654 sicut
787 2626 870 2653 etiam
890 2626 918 2652 in
933 2632 977 2652 sa-

187 2675 242 2702 cris
258 2674 410 2708 Erangeliis
425 2674 458 2701 de
479 2673 532 2700 ﬁcu
556 2673 690 2700 inutiliter
704 2673 798 2700 locum
821 2676 975 2706 occupante

187 2720 314 2748 refertur.
328 2719 381 2747 Pro
392 2719 516 2747 libertate
528 2726 594 2746 vero
609 2720 643 2747 ab
658 2719 765 2747 insidiis
782 2718 973 2746 haereditarius

186 2766 332 2798 funiculus,
344 2765 421 2800 juxta
435 2765 499 2793 illud
514 2773 522 2792 :
539 2764 686 2792 Funiculut
699 2764 901 2792 hmreditatitn.
918 2763 972 2792 Pro

1031 2267 1166 2304 δευτέρων
1183 2269 1241 2295 ἐστί
1257 2277 1286 2295 τε
1304 2270 1351 2296 xui.
1367 2269 1486 2304 λέγεται.

1066 2395 1144 2421 Ἔστι
1167 2396 1195 2422 δὲ
1217 2396 1261 2423 ὅτε
1277 2397 1364 2423 ταῦτα
1380 2396 1414 2423 τὰ
1429 2397 1532 2432 δργανα
1544 2397 1681 2432 δηλωτικὰ
1697 2398 1749 2424 εἰσι
1765 2397 1824 2425 τῶν

1028 2441 1068 2473 εἰς
1092 2442 1166 2477 ἡμᾶς
1190 2442 1307 2477 κρίσεων
1329 2441 1378 2468 τοῦ
1401 2442 1479 2468 Θεοῦ.
1495 2443 1550 2469 Καὶ
1567 2442 1607 2474 εἰς
1628 2443 1751 2470 παιδείαν
1769 2443 1823 2479 μὲν

1027 2487 1248 2522 ὲπανορθωτικὴν
1264 2488 1281 2522 ἡ
1299 2487 1395 2522 ῥάϐδος
1413 2488 1665 2523 Μραλαμὸάνεται,
1683 2487 1721 2519 ὥς
1737 2496 1823 2523 φησιν

1025 2534 1040 2560 ὁ
1056 2533 1126 2564 θεῖος
1149 2533 1307 2565 Ἀπόστολος
1318 2541 1325 2548 ο
1335 2534 1382 2559 Ἐν
1393 2532 1493 2566 ῥάϐδῳ
1508 2534 1586 2560 ἔλθω
1601 2534 1676 2567 πρὸς
1692 2533 1780 2568 ὑμᾶς,
1797 2534 1821 2568 ἢ

1026 2580 1061 2607 ἐν
1076 2579 1197 2613 ἀγὰπῃ;
1213 2579 1259 2611 Εἰς
1276 2579 1304 2605 δὲ
1320 2578 1389 2614 μετὰ
1404 2578 1576 2614 δικαιοσύνης
1591 2579 1724 2615 τιμωρίαν
1738 2579 1768 2605 τὸ
1780 2579 1823 2611 ξί-

1027 2634 1086 2660 φος,
1103 2625 1132 2651 τὸ
1144 2624 1287 2660 δρέπανον,
1304 2625 1351 2651 καὶ
1365 2625 1379 2651 ὁ
1395 2625 1519 2656 πέλεκυς,
1537 2624 1629 2656 καθὼς
1645 2626 1692 2651 καὶ
1711 2625 1740 2651 ὲν
1761 2626 1822 2657 τοῖς

1028 2671 1109 2705 ἱεροῖς
1125 2670 1300 2704 Εὑαγγελίοις
1316 2670 1380 2705 περὶ
1392 2670 1442 2705 τῆς
1459 2670 1544 2705 συκῆς
1560 2670 1610 2704 τῆς
1627 2669 1821 2705 καταργούσης

1025 2716 1071 2742 τὸν
1093 2716 1174 2742 τόπον
1196 2716 1318 2751 φέρεται,
1336 2716 1383 2747 Εἰς
1405 2716 1433 2742 δὲ
1455 2715 1610 2751 ἐλευθερίαν
1631 2715 1822 2750 περιστάσεως

1025 2762 1056 2789 τὸ
1066 2760 1245 2797 κληροδοτοῦν
1269 2761 1396 2797 σχοινίον,
1413 2761 1483 2789 κατὰ
1498 2761 1529 2788 τὸ
1540 2781 1548 2793 ,
1564 2760 1730 2795 Σχοίνισμα
1745 2761 1821 2793 κλη-

239 2856 265 2876 ι·
281 2877 288 2884 ,
306 2851 378 2880 Psal.
393 2860 465 2886 xtlv,
481 2852 508 2880 7.
530 2852 538 2872 ι
556 2852 564 2880 l
580 2852 675 2881 Thess.
693 2861 717 2886 ν,
732 2853 776 2881 ll.
799 2855 818 2868 ·
831 2851 842 2879 Ι
853 2851 917 2881 Cor.
933 2857 957 2880 tv

1077 2857 1092 2871 ι
1108 2851 1186 2879 Deut.
1201 2857 1277 2878 xxxu
1288 2869 1295 2883 ,
1313 2849 1339 2877 9.
