1931 3073
114 161 166 189 557

357 160 402 188 DE
416 158 578 189 C(ELESTI
595 159 820 193 HIERARCIHA,
838 160 915 188 CAP.
933 159 992 188 XV.
1010 176 1045 180 —
1064 158 1237 187 PARAPHB.
1254 158 1490 188 PACHYMLIUE.

1685 160 1737 189 358

110 219 262 254 ρονομίας.
279 220 326 252 Εἰς
341 219 369 245 δὲ
390 219 465 251 τέλος
480 219 603 251 παιδείας
620 219 700 246 πάλιν
715 220 730 246 ὁ
745 219 850 255 τέμνων
866 218 900 244 τὰ

954 218 1005 245 ﬁne
1020 225 1085 245 vero
1101 215 1250 252 disciplina:
1265 215 1363 243 iterum
1378 216 1483 244 securis
1496 222 1556 251 quae
1578 215 1648 243 mala
1663 223 1736 245 rese—

114 265 219 302 χαλεπά
235 264 334 297 πέλυξ·
351 265 390 297 εις
410 265 438 291 δὲ
459 265 627 300 ἐπανάληψιν
641 265 690 300 τῆς
707 265 842 300 προτέρας
857 264 901 290 εὐ-

115 307 229 339 παθείας
252 309 268 343 ὴ
293 308 390 343 ῥάϐδος
416 308 506 340 πάλιν,
525 308 563 340 ὡς
586 309 631 335 τόν
656 309 687 337 Ἠ
701 308 813 343 ῥάϐδος
830 316 900 339 σου,

115 353 164 380 καὶ
178 354 197 388 ἡ
211 353 361 388 ,ϐακτηρία
380 360 448 385 σου,
465 353 553 381 αὗταί
566 363 604 389 με
618 354 838 389 παρεκάλεσαν.
855 355 902 386 Εἰς

114 399 143 426 δὲ
153 399 311 436 προσθήκην
325 400 432 436 δωρεῶν
446 400 582 435 αἰσθητῶν
598 400 647 436 μὲν
662 401 709 427 καὶ
724 400 829 436 μικρῶν
840 401 902 427 ὅσον

115 445 185 472 κατὰ
199 445 343 479 ἀναλογίαν
358 445 404 472 τοῦ
421 446 546 477 διδόντος,
555 446 585 472 τὸ
596 446 743 481 ἀμυντικὸν
757 447 804 473 καὶ
819 455 902 482 στρα-

115 491 239 518 τιωτικὸν
253 492 374 527 φόρημα,
385 492 474 523 καθὼς
489 492 583 528 ὠράθη
596 492 635 528 τῷ
649 492 696 519 τοῦ
711 493 789 528 Ναυῆ
803 494 899 529 Ἰησοῦ·

115 537 217 572 νοητῶν
233 537 262 563 δὲ
275 539 321 564 καὶ
338 538 474 572 μεγάλων,
491 538 561 573 ἅπερ
578 538 662 565 πολλά
677 540 733 570 τοῖς
753 539 841 573 ἁγίοις
857 540 903 566 καὶ

115 584 230 619 διάφορα
251 583 431 619 ἐξεφάνησαν.
452 586 506 612 Καὶ
526 585 593 617 ὅλως
616 585 666 611 οὐκ
685 585 718 611 ἂν
739 586 903 621 ἀπορήσειεν

115 629 130 654 6
144 628 299 660 διαὸατικὸς
320 629 383 661 νοῦς
404 629 511 661 οἰκείως
531 629 648 665 ἁρμόσαι
669 631 725 662 τοῖς
741 631 855 665 ἀφανέσι
869 631 904 658 τὰ

116 673 275 709 φαινόμενα.

151 719 164 754 §
180 719 222 746 Vl.
244 720 280 747 Τὸ
294 720 322 746 δὲ
337 721 384 748 καὶ
399 721 516 757 ἀνέμους
531 722 630 754 αὐτοὺς
648 722 838 758 ὀνομάζεσθαι,
854 731 904 750 κα-

114 765 151 792 τά
172 765 213 797 τὸ,
227 766 253 792 Ὀ
277 767 446 800 περιπατῶν
465 767 515 793 ἐπὶ
536 769 688 802 πτερύγων
709 769 835 803 ἀνέμων,
851 769 904 805 τὴν

115 812 204 844 ὀξεῖαν
224 812 313 839 αὐτῶν
333 814 430 848 πτῆσιν
452 813 535 849 δηλοῖ,
553 815 599 840 καὶ
616 814 707 849 σχεδὸν
721 815 842 850 ἀχρόνως
857 817 904 842 ἐπὶ

117 857 205 884 πάντα
212 858 366 894 διήκουσαν.
378 859 476 890 Καλῶς
484 859 512 885 δὲ
520 860 637 887 τέθειται
648 861 678 887 τὸ
684 861 796 895 σχεδόν
807 870 814 877 '
825 862 903 889 τοῦτο

116 901 170 937 γὰρ
184 901 307 929 ῖδιον.καὶ
327 902 406 938 μόνον
422 903 500 932 Θεοῦ.
510 904 642 940 Ἀχρόνως
656 905 684 932 δὲ
701 903 788 938 εἶπεν,
803 907 843 933 ὅτι
857 907 904 933 ἐπὶ

118 948 167 982 μὲν
186 947 241 974 τῶν
262 948 408 984 αἰσθητῶν,
422 949 536 985 ἓγχρονα
556 951 602 976 καὶ
620 950 772 987 βραδύτερα
787 952 821 978 τὰ
834 953 905 987 γινό-

118 1001 199 1027 μενα·
211 993 257 1019 ἐπὶ
270 993 298 1019 δὲ
310 993 364 1020 τῶν
376 994 528 1030 ἀσωμάτων
542 996 589 1022 καὶ
599 996 701 1032 νοητῶν
712 997 850 1033 συντόμως
858 999 905 1025 καὶ

117 1039 233 1073 ἀμελητὶ
245 1039 470 1075 τελεσιουργεῖται
488 1040 519 1067 τὸ
539 1042 831 1077 πραττόμενον.Ἐστιν
846 1043 904 1070 ἓτε-

119 1092 166 1120 ρον
190 1085 286 1120 ἰδίωμα
309 1085 361 1112 rth
386 1086 504 1122 ἀνέμων,
520 1087 561 1113 ὅτι
581 1088 710 1115 παντοίαν
731 1089 781 1123 τὴν
798 1089 904 1125 κίνησιν

117 1130 218 1164 έχουσι,
230 1132 276 1157 καὶ
291 1131 338 1157 ἐπὶ
353 1131 443 1158 παντί.
459 1132 556 1164 Καλῶς
570 1132 624 1168 γὰρ
637 1132 693 1168 ἔχει
708 1134 755 1160 καὶ
769 1135 783 1160 6
797 1133 844 1160 τοῦ
859 1135 904 1161 ἀέ-

120 1183 165 1210 ρος
184 1176 295 1211 ὁρισμὸς
315 1176 386 1203 κατὰ
408 1177 546 1210 Πλάτωνα,
563 1179 603 1206 ὃτι
626 1180 754 1214 στοιχεῖόν
776 1181 858 1212 ἐστιν,
874 1177 904 1207 οὗ

119 1222 204 1248 πᾶσαι
217 1223 246 1248 αἱ
260 1222 330 1249 κατά
339 1223 421 1250 τόπον
433 1225 552 1260 κινήσεις
562 1226 632 1252 κατὰ
641 1226 721 1260 φύσιν
734 1227 835 1254 εἰσί.Τὸ
849 1227 904 1263 γὰρ

119 1266 176 1302 πῦρ
195 1267 251 1310 ἄνω
269 1267 326 1303 ἔχει
345 1269 394 1304 τὴν
409 1269 479 1296 κατὰ
494 1270 573 1304 φύσιν
588 1271 704 1307 κίνησιν,
721 1272 795 1299 κάτω
810 1273 839 1299 δὲ
854 1274 904 1310 τὴν

118 1312 196 1348 παρά
209 1308 301 1348 φύσιν·
312 1315 364 1350 ἠδὲ
377 1316 411 1351 γῆ
427 1317 472 1343 καὶ
486 1317 516 1343 τὸ
531 1317 603 1353 ὕδωρ
618 1318 750 1346 ἀνάπαλιν
760 1328 766 1334 ”
777 1320 792 1346 6
806 1320 834 1346 δὲ
849 1308 904 1357 ἀὴρ

118 1359 190 1386 κατὰ
211 1359 290 1395 φύσιν
312 1363 425 1388 κινεῖται
448 1363 594 1398 πανταχοῦ.
614 1363 698 1391 Τοῦτο
719 1365 772 1392 νόει
793 1367 839 1393 καὶ
858 1367 904 1394 ἐπὶ

117 1405 172 1431 τῶν
196 1405 274 1433 θείων
294 1408 444 1443 δυνάμεων,
462 1409 502 1435 ὄτι
515 1409 617 1436 ἄνωθεν
633 1411 682 1446 μὲν
699 1411 767 1447 πρὸς
781 1411 816 1438 τὰ
829 1412 904 1439 κάτω

117 1450 168 1486 τὴν
181 1451 255 1477 θείαν
267 1451 493 1488 διαπορθμεύουσι
508 1454 642 1490 βούλησιν,
658 1456 779 1483 κάτωθεν
793 1457 822 1483 δὲ
835 1458 904 1494 πρὸς

118 1494 154 1519 τὰ
168 1495 223 1521 ἄνω
236 1496 366 1531 ἀνάγουσι
380 1497 414 1524 τὰ
433 1499 555 1534 δεύτερα,
571 1501 617 1526 καὶ
629 1501 796 1528 ἀνατείνουσι
805 1502 901 1535 ταῦτα,

119 1541 167 1566 καὶ
183 1541 261 1568 πάλιν
276 1543 412 1570 κινοῦνται
434 1546 500 1580 πρὸς
520 1545 570 1581 τὴν
592 1546 645 1573 τῶν
670 1548 821 1583 ὑφειμένων
837 1549 903 1584 πρό-
915 1557 939 1588 c

118 1593 202 1612 νοιαν.
215 1588 292 1615 Εἴποι
302 1589 363 1617 δ’ἅν
377 1592 477 1623 τις,ὄτι
492 1593 508 1628 ἠ
522 1593 633 1628 τοιαύτη
647 1594 700 1620 τῶν
715 1594 823 1630 ἀνέμων
837 1595 895 1622 ὲπω

118 1631 201 1666 νυμία
216 1634 261 1660 καὶ
282 1635 312 1661 τὺ
329 1635 443 1668 θεοειδές
465 1637 604 1672 ἐκφαίνει·
621 1638 676 1673 ἔχει
691 1638 744 1674 γὰρ
764 1640 810 1666 καὶ
827 1639 905 1667 τοῦτο

118 1677 226 1709 εἰκόνας
240 1678 313 1710 θείας
328 1681 476 1718 ἐνεργείας,
488 1683 579 1716 καθὼς
594 1684 623 1710 ἐν
638 1685 723 1720 ἑτέρῳ
738 1687 904 1721 συντάγματι

119 1724 318 1759 παραδέδωκεν,
329 1726 343 1753 ὃ
356 1727 388 1763 δὴ
404 1729 434 1755 οὐ
451 1729 562 1765 φέρεται
578 1731 706 1767 σήμερον.
723 1732 777 1758 Καὶ
788 1732 904 1759 ἐνταῦθα

117 1768 203 1802 λέγει,
215 1770 255 1796 δτι
267 1770 297 1797 τὸ
312 1771 419 1807 πνεῦμα
433 1776 510 1806 κινεῖ,
525 1775 572 1801 καὶ
583 1775 710 1810 ζωογονεῐ
719 1785 725 1791 ·
742 1776 813 1804 κατά
826 1776 905 1808 τρῦτο

117 1814 174 1850 γὰρ
198 1816 245 1842 καὶ⁵
269 1817 314 1843 τὸν
335 1818 404 1854 ἀέρα
428 1820 599 1856 ἀναπνέομεν
611 1822 650 1853 εἰς
661 1822 713 1857 τὴν
728 1823 779 1858 τῆς
792 1823 904 1859 καρδίας

116 1860 307 1896 ἀναῤῥίπισιν-
325 1864 372 1889 καὶ
386 1863 469 1896 ὀξέως
481 1865 527 1892 καὶ
541 1867 699 1903 ἀκρατήτως
714 1871 806 1903 χωρεῖ,
822 1870 904 1905 ἀορά-

116 1913 172 1936 τως
186 1906 233 1932 καὶ
247 1908 378 1943 κρυφίως,
394 1909 441 1935 καὶ
454 1909 651 1944 ἀγνωστοίείσι
671 1913 765 1940 τούτου
781 1914 809 1940 αἱ
822 1914 905 1950 ἀρχαὶ

118 1951 166 1977 καὶ
187 1952 216 1978 αἱ
230 1952 462 1989 ἀποπερατώσεις,
477 1955 568 1988 καθὼς
583 1956 719 1984 λέλεκται·
739 1959 772 1985 Τὸ
787 1960 905 1995 πνεῦμα

117 1996 196 2024 ὅπου
210 1998 288 2026 θέλει
303 1999 380 2032 πνεῖ,
395 2002 431 2028 οὐ
445 2001 500 2036 γὰρ
513 2002 596 2036 οἶδας
609 2004 701 2031 πόθεν
714 2005 840 2039 ἔρχεται,
855 2006 905 2033 καὶ

118 2043 178 2070 ποῦ
196 2043 312 2079 ὑπάγει.
329 2046 421 2073 Ταῦτά
444 2048 512 2074 εἰσιν
530 2049 632 2081 εἰκόνες
648 2049 732 2076 Θεοῦ’
749 2052 820 2077 κινεῖ
837 2052 905 2087 πρὸς

118 2090 265 2125 σωτηρίαν,
275 2091 401 2127 ζωογονεϊ
413 2094 484 2121 κατά
496 2103 525 2120 τε
540 2094 618 2130 σῶμα
633 2096 680 2123 καὶ¹
695 2097 813 2133 πνεῦμα,
822 2098 904 2131 ὀξέως

117 2136 166 2162 καὶ⁵
189 2136 350 2173 ἀκρατήτως
372 2142 473 2176 χωρεῖ·
497 2141 528 2168 ἒν
548 2142 749 2179 ἀποδιοπομπεῖ
766 2144 869 2177 τοῦτον,
887 2146 904 2181 ἡ

117 2184 220 2217 παχεῖα
245 2184 410 2220 συνείδησις·
438 2186 552 2221 κρύφιός
573 2188 630 2214 ἐστι
651 2189 722 2216 κατὰ
745 2190 905 2218 τ6·Ἕ¹θετο

952 268 1009 295 cat,
1021 268 1049 290 et
1062 264 1138 297 virga
1155 263 1254 289 iterum
1271 269 1320 296 pro
1337 261 1458 296 pristina:
1476 260 1616 289 felicitatis
1630 261 1736 288 restittr

953 308 1035 340 tione,
1047 308 1124 342 juxta
1143 307 1209 334 illud
1228 317 1234 334 :
1258 305 1340 341 Virga
1359 310 1417 337 tua,
1429 310 1453 332 et
1468 305 1576 332 baculus
1591 311 1662 338 tuus,
1681 306 1738 340 ipsa

951 360 992 379 me
1010 351 1146 380 consolata
1163 356 1254 379 sunt".
1268 351 1322 379 Pro
1335 351 1483 378 collatione
1504 358 1569 378 vero
1594 358 1737 378 munerum

952 396 1092 424 sensilium
1110 396 1218 431 quidem
1234 401 1261 423 et
1272 396 1299 422 in
1317 395 1415 423 ordine
1424 395 1457 422 ad
1471 395 1560 422 daulis
1575 395 1735 430 dignitatem

953 439 1126 474 exiguarum,
1140 444 1170 466 ttt
1184 445 1323 467 armatura
1347 447 1395 466 seu
1421 439 1506 466 vestis
1525 439 1665 472 militaris,
1679 447 1739 473 qua:

953 487 1009 514 visa
1033 491 1075 514 est
1089 494 1104 513 a
1119 486 1183 514 Jesu
1201 486 1290 518 Nave;
1314 486 1478 520 spiritalium
1495 492 1560 512 vero
1577 492 1609 512 ac
1625 493 1740 520 magno-

954 538 1025 562 rum,
1050 538 1110 565 qute
1139 531 1253 566 plurima
1278 531 1406 564 variaque
1435 531 1538 557 sanctis
1566 530 1738 557 manifestata

953 582 1027 603 sunt.
1047 576 1139 608 Neque
1151 584 1216 604 vero
1227 576 1363 604 dubitabit
1376 576 1431 602 ullo
1446 576 1527 603 tnodo
1543 583 1620 602 mens
1635 577 1740 610 perspi-

953 629 1013 652 cax.
1030 622 1154 649 visibilia.
1166 623 1277 657 proprie
1299 623 1380 649 rebus
1397 629 1458 656 quae
1479 626 1615 655 aspectum
1633 621 1742 657 fugiunt

954 668 1174 695 accommodare.

958 703 961 707 λ
989 712 1003 748 §
1024 712 1064 741 VI.
1087 713 1164 746 Quod
1180 716 1269 740 autem
1286 718 1314 741 et
1329 713 1402 740 venti
1421 713 1606 746 nominentur,
1619 712 1696 747 juxta
1710 713 1741 740 il-

953 758 999 786 lud
1017 768 1024 786 :
1042 759 1092 792 Qui
1105 759 1221 786 ambulat
1235 766 1314 794 super
1325 768 1423 793 pennas
1437 764 1571 786 ventorum
1581 763 1606 792 Ρ,
1623 758 1740 786 celerem

954 812 1047 832 eorum
1066 804 1184 831 volatum
1208 804 1354 839 signiﬁcat,
1371 808 1398 831 et
1412 804 1444 831 ad
1457 805 1547 832 omnia
1563 803 1651 832 ferme
1674 804 1739 831 abs-

954 858 1007 885 que
1025 854 1147 885 tetupore
1161 854 1360 885 penetrantem.
1377 850 1460 877 Recte
1475 850 1544 876 dixit
1557 849 1639 884 ferme
1655 857 1664 876 :
1678 857 1739 876 nam

919 891 940 918 Β
956 896 1006 923 ltoc
1023 895 1162 929 propriutu
1175 900 1216 922 est
1232 903 1264 922 ac
1278 895 1361 922 solius
1380 895 1437 922 Dei.
1449 895 1551 929 Absque
1565 901 1678 930 tempore
1692 903 1741 921 att-

956 947 1010 970 tem
1026 942 1104 974 dixit,
1122 949 1184 969 nam
1198 941 1223 968 in
1236 941 1382 969 sensilibus
1398 950 1441 969 res
1457 942 1525 969 ﬁttnt
1543 943 1649 969 tardius
1666 948 1694 970 et
1709 943 1736 970 in

955 991 1092 1021 tempore;
1107 987 1132 1013 in
1158 987 1327 1020 incorporeis
1347 992 1437 1015 autem
1460 990 1485 1014 et
1509 988 1738 1022 intelligibilibus,

954 1037 1053 1067 puncto
1072 1033 1200 1068 temporis
1215 1036 1241 1060 et
1253 1032 1312 1060 sine
1326 1041 1400 1060 mora
1416 1033 1553 1068 perﬁcitur
1572 1034 1597 1061 id
1613 1035 1684 1068 quod
1701 1034 1741 1061 fa-

954 1081 1077 1109 ciendum
1090 1085 1143 1108 est.
1160 1081 1206 1108 Est
1218 1085 1244 1108 et
1259 1081 1309 1107 alia
1330 1082 1483 1116 proprietas
1496 1086 1651 1115 ventorum,
1668 1081 1740 1116 quod

954 1127 1100 1162 quemlibet
1121 1131 1224 1154 motum
1249 1126 1377 1158 habeant,
1402 1132 1428 1154 et
1452 1127 1484 1154 ad
1511 1127 1654 1162 quidlibet.
1685 1128 1741 1154 Aer

954 1173 1027 1201 enim
1045 1177 1118 1199 recte
1134 1179 1148 1198 a
1163 1172 1277 1199 Platone
1291 1172 1429 1206 delinitur,
1444 1181 1504 1200 esse
1519 1173 1682 1200 elementum
1697 1173 1740 1200 ctti

956 1218 1093 1246 naturales
1116 1218 1172 1245 sint
1195 1225 1290 1245 omnes
1303 1219 1452 1245 secundum
1480 1219 1567 1246 locum
1594 1219 1740 1248 motiones.

954 1265 1025 1299 Ignis
1041 1264 1174 1299 siquidem
1191 1269 1290 1292 natura
1312 1272 1361 1293 sua
1384 1272 1492 1292 sursum
1509 1269 1646 1298 movetur,
1660 1265 1740 1292 tlcor—

955 1319 1013 1338 sum
1029 1319 1091 1338 vero
1108 1315 1202 1338 contra
1216 1316 1362 1345 naturam;
1382 1316 1453 1338 terra
1468 1319 1531 1338 vero
1544 1314 1572 1338 et
1586 1319 1655 1346 aqua
1671 1319 1686 1338 e
1701 1312 1741 1339 di-

955 1364 1033 1384 νεῐεο
1046 1365 1052 1383 ἒ
1065 1356 1112 1383 sed
1130 1363 1177 1383 aer
1191 1361 1288 1384 natura
1303 1364 1352 1384 sua
1363 1363 1582 1391 quaquaversum
1600 1361 1736 1384 movetur.

954 1402 1025 1430 Idem
1041 1401 1121 1429 etiam
1135 1402 1250 1429 observa
1273 1402 1300 1428 in
1322 1401 1479 1429 cwlestibus
1498 1401 1654 1434 virtutibus,
1674 1408 1742 1436 quo-

954 1449 1026 1476 niam
1040 1449 1156 1484 desuper
1172 1448 1282 1483 quidem
1298 1448 1423 1475 deorsum
1445 1447 1564 1474 divinum
1583 1448 1740 1476 mandatum

956 1494 1131 1528 transferant,
1146 1494 1252 1522 inferne
1266 1501 1330 1521 vero
1345 1500 1452 1521 sursum
1475 1494 1612 1521 adducant
1628 1494 1741 1522 interio-

955 1548 1002 1573 l‘il;
1026 1541 1176 1575 eademque
1198 1540 1392 1573 corroborent,
1410 1546 1442 1566 ac
1462 1547 1569 1567 rursum
1585 1545 1742 1567 moveantur

956 1585 1032 1612 adiis
1046 1585 1254 1620 providendum.
1268 1585 1363 1612 Posset
1374 1585 1457 1612 etiam
1472 1586 1533 1620 quis
1546 1586 1647 1619 dicere,
1661 1586 1742 1622 146

955 1632 1120 1667 ejuscemodi
1136 1637 1281 1659 ventorum
1306 1639 1403 1659 nomen
1419 1632 1563 1659 declarare
1574 1640 1667 1660 eorum
1684 1634 1741 1660 dei-

956 1679 1124 1706 formitatem
1139 1699 1147 1712 ,
1177 1679 1311 1714 siquidem
1335 1683 1363 1706 et
1386 1679 1423 1705 illi
1448 1679 1547 1706 divina:
1571 1679 1742 1707 ellicacitatis

955 1724 1088 1759 imagines
1103 1723 1228 1759 quaedam
1243 1725 1347 1757 insunt,
1362 1725 1436 1751 sicut
1456 1725 1482 1752 in
1498 1724 1552 1752 alio
1564 1732 1657 1760 opere,
1669 1726 1741 1760 quod

955 1770 1034 1798 ltodie
1056 1778 1109 1797 non
1131 1775 1233 1802 exstat,
1258 1771 1360 1805 scripto
1382 1771 1504 1798 tradidit.
1523 1772 1614 1807 Atque
1637 1771 1682 1799 hic
1703 1772 1742 1799 ait

958 1815 1085 1851 spiritum
1097 1823 1208 1843 movere
1220 1822 1249 1843 et
1262 1816 1399 1843 viviﬁcare
1412 1825 1419 1844 :
1435 1817 1567 1852 siquidem
1583 1817 1634 1845 hoc
1649 1823 1741 1844 aerem

954 1862 1090 1898 spiramus
1104 1862 1137 1888 ad
1159 1869 1207 1890 cor
1224 1860 1430 1889 refocillandum
1445 1872 1453 1891 :
1469 1867 1496 1890 et
1513 1863 1640 1891 celeriter
1651 1868 1678 1891 et
1693 1863 1738 1891 in—

955 1908 1125 1935 continenter
1142 1912 1168 1935 et
1183 1907 1356 1936 invisibiliter
1371 1913 1398 1936 et
1418 1907 1524 1936 occulte
1545 1909 1654 1943 transit,
1667 1909 1741 1945 ejus-

954 1962 1007 1990 que
1022 1955 1154 1990 principia
1175 1962 1208 1982 ac
1231 1955 1339 1982 termini
1365 1955 1476 1982 minime
1491 1960 1650 1989 noscuntur,
1670 1956 1741 1983 sicut

954 2004 1055 2031 dictum
1067 2007 1108 2030 est
1124 2011 1132 2030 :
1150 2002 1267 2037 Spiritus
1289 2003 1334 2029 ubi
1349 2002 1403 2030 uult
1417 2003 1514 2038 spirat,
1529 2007 1554 2030 et
1574 2004 1656 2030 nucis
1669 2003 1741 2030 unde

953 2051 1051 2082 ueniat,
1067 2055 1112 2076 aut
1128 2050 1298 2085 quamdam.
1311 2048 1358 2077 lla).
1372 2053 1436 2076 suttt
1450 2049 1581 2084 imagines
1600 2049 1664 2082 Dei;
1682 2057 1742 2077 tuo-

953 2100 1000 2123 vet
1015 2096 1049 2122 ad
1061 2096 1187 2130 salutem,
1202 2095 1320 2122 viviﬁcat
1334 2094 1484 2123 secundum
1499 2102 1598 2130 corpus
1614 2099 1641 2122 et
1657 2096 1734 2130 spiri-

956 2146 1023 2174 tum.
1038 2141 1093 2170 cito
1117 2146 1144 2169 et
1166 2142 1370 2170 incontinenter
1390 2146 1537 2177 penetrat;
1564 2149 1646 2169 unum
1667 2143 1740 2178 quod

954 2195 1016 2215 eum
1032 2192 1085 2215 non
1101 2188 1232 2221 admittit,
1247 2193 1289 2216 est
1310 2196 1402 2216 crassa
1416 2188 1604 2221 conscientia;
1618 2189 1742 2216 occultus

115 2228 229 2261 σκότος
241 2229 420 2266 ἀποκρυφὴν·
431 2232 524 2259 αὐτοῦ
534 2241 541 2248 ·
559 2233 674 2269 ἀόρατός
686 2244 728 2267 τε,
743 2236 789 2262 καὶ
804 2236 903 2264 ἀκατά-

958 2238 1009 2267 est,
1022 2233 1100 2268 juxta
1121 2234 1184 2261 illud
1202 2245 1210 2263 :
1230 2234 1323 2262 Posuit
1346 2235 1468 2262 tenebras
1483 2234 1621 2261 latibulum
1632 2243 1708 2263 suum
1718 2241 1741 2268 ¹;

117 2273 220 2308 ληπτος
233 2275 280 2301 καὶ
294 2275 387 2308 ἀΐδιος.

151 2320 334 2356 Περιπλάττει
353 2323 401 2349 καὶ
416 2324 530 2360 νεφέλης
545 2325 616 2352 ἰδέαν
630 2327 646 2361 ὴ
663 2326 724 2362 ἱερά
739 2327 833 2364 Γραφὴ
848 2329 904 2360 τοῖς

114 2367 253 2401 ἀγγέλοις,
269 2368 340 2395 κατά
362 2368 407 2395 τό’
431 2369 488 2396 Καὶ
506 2370 618 2405 ’νεφέλη
639 2372 790 2399 ὑπέλαϐεν
811 2373 905 2400 αὐτὸν

115 2410 175 2437 ἀπὸ
195 2411 255 2437 τῶν
274 2412 434 2447 ὀφθαλμῶν
448 2414 555 2443 αὐτῶν.
576 2416 707 2451 Σημαίνει
725 2417 763 2449 δὲ,
776 2418 817 2444 ὅτι
837 2427 904 2454 κρυ-

115 2457 180 2491 φίου
201 2457 249 2484 καὶ⁵
267 2458 339 2485 θείου
355 2459 443 2494 φωτὸς
456 2460 688 2497 ἀποπληροῦνται,
703 2463 750 2489 καὶ
763 2463 813 2500 τὴν
828 2473 904 2500 πρω-

113 2503 220 2538 τοφανῆ
237 2503 284 2530 τοῦ
299 2505 366 2531 Θεοῦ
381 2507 566 2542 φωτοφάνειαν
580 2508 702 2543 δέχονται
712 2517 719 2524 ·
735 2509 785 2536 οὐκ
799 2509 904 2545 ἐκπέμ-

113 2556 198 2575 πουσι
210 2548 239 2575 δὲ
252 2550 353 2586 ταύτην
361 2551 556 2587 (ἀναπόϐλητον
569 2552 622 2589 γὰρ
635 2554 664 2580 ὲν
674 2554 771 2590 νεφέλῃ
782 2555 812 2581 τὸ
823 2554 904 2591 φῶς),

114 2594 186 2622 ἀλλά
197 2595 425 2632 διαπορθμεύουσι
441 2598 509 2634 πρὸς
522 2599 557 2626 τά
573 2599 695 2636 δεύτερα,
706 2601 744 2633 ὡς
758 2601 804 2628 καὶ
817 2600 905 2629 ταῦτα

113 2641 189 2677 ἔχειν
202 2643 253 2678 τὴν
266 2644 481 2679 πρωτοφάνειαν,
489 2645 536 2672 καὶ
549 2645 638 2678 ἄλλοις
657 2647 905 2683 ὲπιχορηγεῖν.Καὶ

115 2687 172 2722 μὴν
186 2686 231 2714 καὶ
245 2687 332 2720 ἄλλως
345 2689 453 2724 νεφέλαι
472 2690 605 2724 λέγονται,
621 2690 665 2718 διὰ
677 2691 708 2721 τὸ
721 2692 842 2728 γόνιμον,
855 2693 902 2720 καὶ

113 2731 257 2765 Cunaroth,
272 2735 319 2761 καὶ
339 2735 493 2771 αὐξητικὸν,
509 2737 555 2764 καὶ
577 2738 748 2766 τελειωτικδν
767 2738 821 2765 τῶν
836 2747 904 2773 καρ-

113 2777 186 2809 πῶν,
201 2778 245 2805 διά
265 2780 319 2806 τῶν
337 2780 506 2817 ἐκχεομένων
519 2783 573 2809 ἀπὺ
587 2784 640 2811 τῶν
655 2784 771 2819 νεφελῶν
787 2784 901 2816 ὑδάτων,

112 2823 171 2850 τῶν
184 2825 392 2860 ἐκκαλουμένων
411 2828 457 2854 ἐπὶ
477 2827 594 2861 ζωτικάς
613 2830 710 2861 ὠδῖνας
724 2830 770 2857 τὸν
785 2829 904 2865 ὲκδόχιον

958 2280 1173 2313 invisibilisest,
1191 2285 1219 2308 et
1235 2281 1518 2317 incomprehensibilis
1529 2286 1556 2309 et
1570 2286 1701 2310 alemus.

955 2338 960 2354 l
993 2326 1078 2355 Sacra
1089 2335 1196 2361 quoque
1210 2326 1351 2362 Scriptura
1373 2327 1454 2355 nubis
1477 2328 1673 2363 proprietatem
1693 2336 1742 2356 an-

957 2373 1023 2406 gelis
1038 2372 1131 2408 alligit,
1145 2372 1223 2406 juxta
1237 2373 1302 2400 illud
1316 2381 1324 2400 :
1340 2372 1376 2399 Et
1394 2373 1476 2401 nubes
1496 2374 1684 2408 suscepit'eum
1707 2374 1741 2401 ab

957 2419 1041 2446 oeulis
1052 2426 1142 2445 eorum
1153 2425 1175 2446 ι.
1192 2418 1335 2454 Signiﬁcat
1348 2424 1449 2451 autem,
1465 2426 1512 2447 eos
1533 2419 1639 2447 occulto
1652 2427 1684 2447 ac
1697 2420 1740 2448 di-

956 2463 1021 2491 vino
1034 2463 1135 2490 lumine
1149 2464 1260 2499 repleri,
1275 2468 1359 2499 atque
1371 2464 1541 2500 pritnilucam
1555 2465 1602 2493 Dei
1617 2464 1739 2492 illustra-

957 2509 1057 2546 tionem
1074 2509 1211 2544 accipere;
1226 2516 1320 2537 verum
1336 2510 1408 2538 hanc
1423 2511 1534 2538 minime
1548 2510 1666 2545 produnt
1680 2510 1737 2544 (lux

956 2555 1028 2582 enim
1041 2555 1069 2583 itt
1083 2555 1155 2583 nube
1168 2563 1219 2584 non
1237 2556 1400 2592 amittitur),
1414 2557 1461 2584 sed
1475 2556 1668 2584 transfundunt
1679 2564 1740 2584 eam

956 2601 989 2627 ad
1011 2599 1152 2634 inferiora,
1170 2606 1198 2628 ut
1218 2606 1246 2629 et
1262 2602 1319 2629 haec
1335 2603 1451 2636 primam
1466 2602 1674 2630 illustrationem
1690 2602 1740 2629 lia-

955 2645 1048 2679 beant,
1062 2650 1144 2681 atque
1159 2647 1223 2676 aliis
1238 2647 1485 2683 impertlattt.Quin
1500 2652 1527 2675 et
1540 2648 1619 2676 aliter
1632 2655 1741 2683 quoque

957 2691 1044 2720 nubes
1060 2692 1197 2725 dicuntur,
1213 2699 1325 2728 propter
1344 2694 1399 2722 vim
1422 2694 1596 2726 fecundandi,
1609 2698 1637 2721 et
1652 2693 1740 2720 viviti-

957 2737 1048 2770 candi,
1062 2742 1089 2765 et
1103 2738 1232 2773 augendi,
1246 2746 1279 2766 ac
1293 2740 1449 2775 perﬁciendi
1466 2739 1570 2768 fruetus
1584 2746 1633 2774 per
1653 2746 1741 2774 aquas

957 2791 1017 2818 quae
1030 2791 1045 2811 e
1069 2785 1187 2812 nubibus
1203 2784 1372 2820 funduntur,
1387 2787 1488 2821 quibus
1505 2786 1634 2812 nimirum
1649 2784 1740 2819 subje-

956 2834 1029 2857 ctum
1041 2836 1120 2859 terrae
1128 2831 1260 2866 gremium
1273 2831 1377 2867 pluvias
1387 2832 1524 2867 excipiens
1533 2831 1567 2859 ad
1575 2831 1670 2858 vitales
1679 2837 1739 2865 pro-

138 2917 150 2929 "
180 2913 255 2944 .Psal.
268 2916 369 2949 xxttﬁ.
408 2922 421 2942 P
437 2915 509 2946 Psal.
520 2919 610 2952 cut,3.
626 2919 733 2957 ~t_.loan.
749 2927 780 2948 ιιι
795 2940 803 2953 ,
819 2920 846 2948 8.
884 2925 895 2940 ι·

954 2921 982 2948 ιι.
1002 2957 1004 2959 _
1020 2928 1094 2956 xvu,
1112 2921 1158 2949 l2.
1175 2911 1186 2959 η’
1198 2926 1210 2942 ι
1225 2921 1288 2950 Act.
1304 2920 1373 2958 1,,9.
