1931 3073
245 164 298 192 ’559

811 159 838 187 S.
858 159 1005 187 DlONYSll
1024 159 1258 187 AREOI'AGITIE
1809 165 1853 193 560

246 226 344 250 vocant
357 219 545 256 partitudines.
562 217 794 251 Quemadmodum
813 218 885 244 enim
910 217 995 244 nubes
1011 226 1015 242 ε

1080 217 1188 248 κόλπον,
1202 217 1252 252 τὴν
1271 218 1334 249 τοὺς
1351 217 1444 249 ὑετοὺς
1467 218 1666 254 ὑποδεχομένην
1685 217 1782 254 δηλαδὴ
1799 220 1851 255 γῆν.

246 268 315 295 mari
329 274 426 303 aquam
442 265 526 297 elicit,
539 271 567 293 et
586 273 667 299 supra
690 268 770 292 terra:
786 263 883 291 faciem
902 262 1027 294 eﬂ'umlil,

244 315 320 350 juxta
335 314 407 349 quod
420 313 519 341 dicitur
534 321 541 338 :
558 311 710 338 Provocans
721 319 818 345 aquam
835 310 928 342 maris,
939 309 1027 344 emin-

245 361 284 386 dit
296 368 353 387 eam
368 365 446 394 super
466 366 567 385 omnem
582 358 676 392 faciem
693 362 769 384 teme
785 358 805 389 l;
823 356 863 383 sic.
874 359 902 383 et
923 359 1027 382 mentes

246 405 410 439 accipientes
433 404 571 436 notitiam,
588 403 675 431 instar
690 403 803 430 nubium
828 402 855 429 in
883 401 1027 429 inferiores

245 450 393 486 explicant.

272 537 286 572 §
305 537 357 564 Vll.
378 536 447 569 Quin
463 535 544 563 etiam
567 534 738 562 metallorum
754 541 786 561 ac
797 533 917 568 lapidum
933 533 1020 561 nomi-

238 590 272 610 na
288 582 392 609 sanctis
408 581 511 616 angelis
525 580 667 615 Scriptura
683 579 790 607 tribuit.
807 579 944 606 Electrum
959 579 1021 613 qui—

237 628 310 660 dem,
324 633 354 654 ut
367 627 438 662 quod
453 627 510 654 auri
528 627 687 662 argentique
702 626 816 652 formam
834 632 889 659 pra:
905 632 934 652 se
949 625 1020 652 ferat

237 675 412 709 (ejuscemodi
427 674 498 701 enim
513 674 643 701 electrum
658 673 722 706 cst),
741 672 818 706 quasi
842 672 869 698 in
892 679 958 698 auro
970 672 1020 697 im-

237 721 390 756 pulribilem
407 726 434 749 et
449 721 666 754 inconsumptum
683 724 711 747 et
732 719 913 746 inviolabilem
930 719 1020 752 splen-

237 770 330 794 dorem
344 768 470 798 denotat;
488 765 615 801 quoniam
632 772 728 792 aurum
744 772 795 791 non
811 764 955 798 putrescit,
971 771 1020 791 nec

236 813 329 841 sordes
342 813 490 846 contrahit,
509 819 559 840 nec
580 811 741 846 rubiginem,
757 810 873 838 maxime
891 810 916 836 in
933 817 1019 844 quan-

238 863 292 885 tum
312 859 439 895 obryznm
455 863 505 885 est.
523 857 578 885 Etsi
599 863 687 885 autem
708 861 848 892 argentum
871 857 1019 891 rubiginem

1082 263 1186 298 Ὥσπερ
1201 263 1255 298 γὰρ
1269 263 1286 298 ὴ
1301 263 1399 298 νεφέλη
1418 263 1611 299 προσκαλεῖται
1624 264 1674 300 τῆς
1687 263 1817 300 θαλάσσης
1828 265 1855 291 τὸ

1080 308 1162 344 ὕδωρ,
1175 309 1222 335 καὶ
1232 309 1307 344 ὲκχεῑ
1320 309 1385 336 αὐτὸ
1399 310 1445 336 ἐπὶ
1459 310 1604 344 πρόσωπον
1615 309 1665 345 τῆς
1681 310 1742 345 γῆς,
1753 310 1817 337 κατὰ
1828 311 1855 337 τὸ

1079 354 1240 390 εἰρημένον⁸
1261 355 1287 381 '0
1302 355 1567 389 προσκαλούμενος
1587 355 1619 381 τὸ
1645 354 1723 388 ὕδωρ
1745 354 1796 388 τῆς
1809 357 1854 381 θα-

1078 401 1208 434 λάσσης,
1226 400 1339 434 ὲκχέων
1355 401 1426 427 αὐτὸ
1443 401 1493 427 ἐπὶ
1508 400 1570 428 πᾶν
1585 400 1618 427 τὸ
1635 401 1793 435 πρόσωπον
1805 401 1855 435 τῆς

1078 447 1150 481 γῆς·
1166 447 1237 474 οὕτω
1259 447 1306 474 καὶ
1324 448 1348 473 οἱ
1364 446 1433 478 νόες,
1449 447 1586 482 δεχόμενοι
1600 447 1649 482 τὴν
1663 447 1771 480 γνῶσιν,
1786 456 1855 482 νεφε-

1078 493 1131 520 λῶν
1143 493 1221 528 δίκην
1236 494 1282 519 ὲπὶ
1297 493 1359 524 τοὺς
1375 493 1584 528 ὑποδεεστέρους
1597 492 1722 520 ἁπλοῦσι.

1113 539 1126 574 §
1141 537 1195 566 VII.
1216 538 1372 574 Περιτίθησι
1387 538 1434 565 καὶ
1452 538 1588 573 μετάλλων
1604 539 1651 564 καὶ
1666 537 1746 565 λίθων
1760 542 1856 574 προσω-

1078 585 1177 620 νυμίας
1189 586 1246 616 τοῖς
1260 580 1384 619 ἀγγέλοις
1398 585 1414 620 ἡ
1427 584 1488 620 ἱερὰ
1496 585 1601 620 Γραφή.
1611 585 1646 610 Τὸ
1656 584 1784 620 ἤλεκτρον
1800 585 1853 620 μὲν,

1077 631 1114 662 ὡς
1128 631 1281 666 χρυσοειδὲς
1297 630 1354 666 ἃμα
1375 630 1421 656 καὶ
1438 630 1609 666 ἁργυροειδὲς
1628 629 1765 663 (τοιοῦτον
1778 629 1828 664 γὰρ
1842 630 1855 655 ὁ

1077 676 1233 713 ἤλεκτρος),
1248 677 1279 703 τὸ
1293 677 1340 712 μὲν
1356 677 1451 703 τούτου
1466 676 1618 712 χρυσαυγὲς
1633 675 1756 711 ἐμφαίνει
1770 675 1816 711 τὴν
1829 676 1855 701 ἐν

1077 723 1178 753 αὐτοῖς,
1201 722 1238 754 ὡς
1264 724 1292 748 ἐν
1316 723 1418 758 χρυσῷ,
1440 723 1559 757 ἄσηπτον
1585 722 1631 748 καὶ
1657 721 1789 756 ἀμείωτον
1811 720 1856 746 καὶ

1077 768 1209 804 ἄχραντον
1223 768 1361 803 διαύγειαν
1373 777 1379 783 ’
1395 768 1425 794 οὐ
1447 769 1501 804 γὰρ
1522 769 1635 804 σήπεται
1647 767 1662 793 ὁ
1677 767 1784 802 χρυσὸς,
1799 767 1856 792 οὐδὲ

1077 814 1133 849 ἔχει
1148 814 1242 850 ῥύπον,
1257 814 1318 840 οὐδὲ
1334 814 1429 845 ίοῦται,
1445 815 1492 841 καὶ
1508 814 1607 849 μᾶλλον
1623 814 1682 840 ὅσον
1700 813 1746 840 καλ¹
1756 812 1856 847 εὖριζός

1076 861 1160 890 ἐστιν.
1174 861 1204 887 Εἰ
1220 861 1247 887 δὲ
1262 861 1276 886 ὁ
1287 861 1404 896 ἄργυρος
1424 861 1469 887 τὸν
1490 861 1528 887 ἰὸν
1543 861 1658 896 δέχεται,
1674 859 1729 885 ἀλλ’
1743 856 1788 886 οὖν
1802 859 1856 885 ἔστι

236 905 372 937 admittat,
389 905 450 931 licet
477 909 566 931 tamen
590 904 738 931 secundum
763 904 844 931 aliam
869 911 1015 938 anagogem

1075 905 1134 932 καθ’
1143 906 1238 941 ἑτέραν
1253 906 1396 941 ἀναγωγὴν
1410 905 1502 932 λαϐεῖν
1513 905 1542 932 τὸ
1557 905 1639 940 φανὸν
1654 903 1735 931 αὐτοῦ
1748 904 1793 930 καὶ
1803 903 1857 929 λευ-

236 949 294 983 cjus
304 949 431 985 fulgorem
443 957 474 977 ac
482 950 626 977 candorem
641 950 767 984 accipere
781 951 806 984 (a
822 955 875 984 quo
884 955 911 977 et
921 957 1019 977 nomen

236 1000 377 1031 argentum
402 996 524 1029 obtinet;
541 995 624 1031 ἀργόν
648 997 719 1023 enim
743 996 812 1023 idem
836 996 935 1023 dicitur
949 995 1019 1030 quod

235 1042 400 1078 candidum).
413 1048 439 1070 et
448 1043 518 1070 hunc
527 1042 560 1069 ad
578 1042 703 1070 caelestes
714 1038 827 1069 virtutes
842 1041 955 1069 referre.
971 1042 1020 1069 [Es

234 1094 299 1115 vero
319 1088 446 1120 quoniam
474 1087 545 1116 aliud
560 1087 669 1123 quidem
691 1087 776 1122 ignis,
790 1088 864 1116 aliud
882 1095 946 1115 vero
960 1089 1018 1116 auri

235 1134 354 1168 speciem
371 1141 428 1169 prae
440 1143 468 1163 se
485 1136 547 1168 l'ert,
559 1136 636 1172 15.7
646 1137 671 1163 id
687 1136 758 1170 quod
771 1136 880 1170 igneum
893 1136 927 1163 ad
940 1135 1022 1172 ignis,

235 1179 262 1208 id
278 1182 350 1216 quod
369 1190 482 1209 aureum
500 1183 533 1209 ad
552 1185 611 1209 auri
629 1183 810 1217 proprietates
822 1182 969 1210 referatur.

279 1224 366 1250 Porro
377 1224 475 1251 diversi
489 1224 606 1259 lapidum
620 1226 726 1253 colores
740 1227 862 1254 diversas
874 1228 955 1254 etiam
969 1235 1018 1255 ex-

238 1266 401 1301 plicationes
422 1269 521 1296 habent
538 1278 545 1296 :
563 1278 625 1296 nam
641 1271 719 1298 albus
741 1271 860 1299 lucidum
876 1273 1022 1308 significat,

239 1313 322 1339 ruber
341 1313 460 1348 igneum,
473 1313 559 1342 ﬂavus
574 1322 640 1342 vero
656 1323 781 1349 aureum,
794 1318 827 1345 de
842 1318 941 1353 quibus
960 1324 1023 1346 ante

240 1359 342 1386 dictum
369 1364 412 1386 est
430 1368 436 1386 :
454 1367 572 1388 vernans
597 1369 664 1389 vero
687 1363 745 1390 sive
767 1363 884 1396 viridis,
904 1365 1022 1399 juvenile

237 1404 302 1439 quid
317 1412 348 1432 ac
362 1405 529 1440 vigorosum.
553 1405 628 1434 Unde
644 1412 733 1435 autem
749 1408 819 1436 hoc?
834 1417 849 1435 a
865 1411 1020 1444 metaphora

237 1450 366 1477 nimirum
385 1451 512 1478 arborum
529 1452 570 1479 vel
596 1452 748 1487 plantarum
767 1463 773 1480 :
793 1462 853 1481 nam
880 1456 920 1482 ha:
937 1463 1021 1483 verno

239 1500 360 1529 tempore
381 1495 554 1530 pullulantcs,
571 1505 603 1525 ac
619 1506 716 1526 novum
745 1500 942 1534 quodammodo
963 1506 1019 1527 sta-

1075 951 1122 977 κὸν
1133 951 1176 987 (ἐκ
1189 951 1282 978 τούτου
1295 951 1350 986 γὰρ
1360 952 1406 977 καὶ
1418 951 1536 986 ἄργυρος
1547 950 1747 985 ὲτυμολογεῖται
1758 958 1764 964 ”
1777 946 1856 985 ὰρῃλδν

1074 996 1128 1033 γὰρ
1149 997 1180 1023 τὸ
1199 996 1293 1023 λευκὸν
1310 996 1438 1032 λέγεται)
1452 997 1497 1023 καὶ
1510 996 1588 1022 τοῦτο
1601 996 1696 1029 ἀνάξαι
1726 995 1791 1030 πρὸς
1809 995 1856 1025 τὰς

1073 1042 1200 1077 οὐρανίας
1213 1042 1386 1077 δυνάμεις.ὐ
1402 1042 1430 1068 δὲ
1445 1041 1552 1076 χαλκὸς,
1569 1041 1628 1067 ἐπεὶ
1642 1042 1656 1066 ὁ
1672 1041 1720 1076 μὲν
1733 1039 1856 1075 πυρώδης

1074 1088 1157 1118 ἐστὶν,
1175 1089 1190 1114 ὁ
1210 1087 1239 1114 δὲ
1260 1088 1428 1123 χρυσοειδὴς,
1439 1087 1477 1118 ὡς
1496 1087 1545 1122 μὲν
1566 1086 1693 1121 πυρώδης
1706 1085 1854 1120 ἀναγέσθω,

1073 1133 1143 1160 κατὰ
1157 1133 1206 1165 τὰς
1218 1133 1265 1159 τοῦ
1280 1133 1365 1168 πυρὸς
1381 1132 1507 1168 θεωρίας,
1520 1133 1558 1165 ὡς
1571 1132 1599 1159 δὲ
1613 1131 1856 1167 χρυσοειδὴςςκατὰ

1073 1178 1123 1210 τὰς
1139 1178 1186 1205 τοῦ
1201 1178 1300 1214 χρυσοῦ
1306 1199 1312 1205 .

1110 1223 1150 1250 Τὰ
1164 1223 1192 1250 δὲ
1209 1223 1324 1259 διάφορα
1337 1223 1391 1250 τῶν
1405 1224 1485 1251 λίθων
1499 1224 1634 1260 χρώματα
1648 1223 1792 1259 διαφόρους
1807 1223 1856 1248 καὶ

1072 1269 1121 1301 τὰς
1135 1270 1263 1304 ὲκφάσεις
1286 1271 1375 1305 τίθησι
1386 1279 1393 1285 ·
1411 1271 1442 1297 τὸ
1458 1270 1508 1306 μὲν
1522 1270 1576 1306 γὰρ
1598 1266 1693 1297 λευκδν
1707 1269 1738 1296 τὸ
1759 1278 1856 1304 φωτει-

1071 1311 1116 1342 νὺν
1127 1315 1215 1350 δηλοῖ·
1232 1315 1263 1342 τὸ
1281 1315 1309 1342 δὲ
1326 1316 1440 1352 ἐρυθρὸν
1454 1316 1484 1342 τὺ
1497 1315 1621 1351 πυρῶδες
1633 1324 1639 1330 ·
1659 1315 1689 1342 τὸ
1711 1315 1740 1341 δὲ
1763 1315 1856 1348 ξανθὸν

1071 1361 1101 1387 τὸ
1119 1361 1283 1396 χρυσοειδὲς,
1298 1361 1363 1396 περὶ
1376 1358 1413 1388 ὧν
1433 1362 1611 1397 προείρηται’
1637 1361 1667 1388 τὸ
1689 1361 1717 1387 δὲ
1741 1360 1855 1396 χλωρὸν,

1071 1406 1155 1442 ἤγουν
1168 1405 1198 1432 τὺ
1217 1406 1357 1442 πράσινον,
1375 1407 1405 1433 τὸ
1420 1407 1514 1438 νεάζον
1528 1407 1575 1433 καὶ
1589 1407 1714 1441 ἀκμαῖον.
1730 1405 1814 1432 Τοῦτο
1828 1405 1856 1431 δὲ

1070 1452 1114 1479 διὰ
1136 1453 1178 1485 τί;
1205 1452 1258 1479 ἀπὸ
1276 1453 1433 1488 μεταφορᾶς
1454 1452 1508 1478 τῶν
1524 1452 1637 1488 δένδρων
1651 1452 1667 1487 ἢ
1682 1451 1735 1477 τῶν
1749 1451 1854 1486 φυτῶν·

1070 1497 1141 1524 κατὰ
1163 1497 1217 1533 γὰρ
1240 1498 1286 1524 τὸν
1313 1497 1419 1533 ἐαρινὺν
1445 1497 1539 1533 καιρὸν
1562 1497 1719 1532 ἀκμάζοντα
1741 1505 1788 1522 και
1815 1496 1856 1526 εἰς

238 1546 293 1568 tum
309 1542 462 1576 induentes,
478 1542 584 1578 ilorent,
602 1549 629 1572 et
646 1545 742 1574 viridia
758 1546 819 1574 folia
834 1547 953 1575 habent:
969 1548 1015 1576 hoc

1072 1543 1132 1570 νέαν
1151 1544 1317 1570 κατάστασιν
1330 1542 1385 1570 οἷον
1399 1544 1533 1580 ἐρχόμενα
1548 1543 1639 1579 χλωρά
1650 1544 1712 1574 εἱσι,
1725 1543 1772 1568 καὶ
1787 1542 1856 1576 πρα-

236 1586 308 1614 enim
322 1591 364 1615 est
378 1596 507 1622 vernum;
526 1589 552 1617 in
572 1594 702 1619 autumno
721 1596 811 1619 autem
830 1592 905 1626 folia,
927 1598 1019 1628 utpote

235 1634 423 1667 senescentia,
447 1636 590 1670 quemdam
617 1636 699 1664 alium
724 1637 841 1666 colorem
865 1643 1016 1667 assumunt.

234 1679 323 1714 Atque
335 1680 372 1706 ita
382 1681 531 1709 secundum
544 1688 762 1719 unamquamque
773 1685 901 1720 speciem,
911 1686 1016 1713 obviam

235 1725 379 1758 quamdam
393 1734 541 1763 anagogem
557 1730 691 1764 reperies,
707 1737 789 1765 quam
813 1730 962 1767 imaginum
985 1740 1017 1760 ac

234 1769 380 1805 ﬁgurarum
394 1774 611 1808 repurgatiouem
629 1776 761 1804 nominat.

270 1816 284 1852 ᾗ
305 1816 372 1844 Vlll.
393 1817 446 1845 Sed
468 1820 597 1854 quoniam
614 1820 648 1848 de
662 1821 778 1849 humana
794 1823 909 1857 primum
928 1823 1015 1853 forma

233 1859 315 1888 locuti
331 1868 436 1895 sumus,
452 1863 592 1891 veniamus
613 1865 693 1892 modo
708 1866 790 1894 etiam
813 1867 848 1894 ad
869 1868 1014 1896 formarum

233 1906 382 1934 ferinarum
400 1908 621 1943 explicationem.
635 1910 675 1938 Ac
688 1912 806 1946 primum
821 1913 928 1948 quidem
943 1915 1014 1942 illam

233 1952 319 1980 leonis
339 1953 573 1989 contemplemur:
590 1959 632 1983 est
653 1957 724 1984 enim
741 1957 783 1985 leo
799 1958 916 1986 ferarum
940 1961 1000 1994 prin

233 2005 308 2033 ceps,
323 2006 355 2026 ac
370 2007 419 2034 per
429 2008 458 2027 se
473 2001 612 2033 robustus,
625 2006 653 2029 et
663 2002 697 2030 ab
714 2003 775 2031 aliis
788 2004 969 2038 indomabilis,
984 2014 1016 2035 ac

232 2046 330 2079 pedum
353 2052 463 2073 suorum
479 2047 592 2083 vestigia
603 2048 648 2075 διὰ
660 2048 711 2084 τῆς
728 2049 853 2083 ἀλκαίας,
873 2051 899 2078 id
914 2057 955 2079 est
966 2060 1013 2087 per

235 2092 349 2118 caudam
358 2100 434 2120 suam
450 2091 681 2127 οὺῑθείιίάλκαία
699 2099 789 2122 autem
806 2100 917 2123 vocatur
929 2096 1015 2125 leonis

231 2135 330 2169 cauda,
344 2136 416 2170 quod
434 2144 466 2164 ea
483 2137 569 2165 latera
584 2145 632 2165 sua
646 2139 805 2167 concutiens
817 2139 1015 2175 quodammodo

231 2187 280 2208 cor
297 2183 398 2209 excitet
419 2182 452 2210 ad
476 2190 507 2211 ea
530 2191 589 2218 qua:
614 2185 794 2213 circumstant
817 2187 1012 2224 convellenda).

231 2225 290 2254 Non
311 2228 474 2262 exprimitur
493 2234 583 2257 autem
600 2237 710 2265 gressus
723 2231 782 2267 ejus
797 2231 824 2258 in
841 2236 914 2260 terra
938 2241 1013 2262 more

231 2278 390 2300 ceterorum
403 2274 570 2307 animalium,
581 2283 631 2303 nec
640 2279 739 2303 terram
758 2284 844 2312 eaque
864 2285 923 2313 quae
937 2280 1011 2307 humi

231 2321 294 2344 sunt
311 2322 425 2352 spectat.
443 2319 492 2347 Est
505 2320 573 2348 etin
589 2320 695 2356 angelis
709 2328 774 2349 suus
793 2322 959 2358 principatus
982 2332 1013 2351 ac

230 2361 314 2390 robur
334 2363 368 2390 ad
388 2370 448 2398 qua:
470 2369 655 2398 assumuntur,
678 2370 706 2394 et
722 2367 804 2395 rebus
827 2368 1012 2396 materialibus

229 2414 309 2443 atque
324 2411 446 2438 externis
460 2412 583 2440 edomari
600 2417 747 2448 nequeunt.
764 2413 797 2440 Et
809 2414 871 2449 quia
890 2414 954 2442 illud
971 2415 1011 2442 di-

227 2455 320 2482 ‘vinum
335 2463 464 2484 arcanum
481 2456 616 2486 ineﬂ‘abile
636 2465 696 2486 esse
716 2459 806 2492 debet,
827 2460 966 2487 occultant
986 2465 1013 2488 et

229 2501 280 2536 ipsi
300 2509 413 2536 prorsus
428 2503 561 2538 spiritalia
587 2512 637 2532 sua
653 2505 765 2540 vestigia
787 2505 820 2533 ad
834 2506 1011 2534 imitationem

230 2547 294 2579 Dei,
306 2547 384 2582 juxta
405 2549 476 2583 quod
492 2550 525 2577 de
542 2550 596 2577 Deo
618 2550 738 2578 dicitur:
760 2550 793 2578 In
807 2552 876 2578 mari
893 2552 936 2580 uia
953 2558 1010 2585 tua,

228 2595 253 2617 et
267 2592 366 2619 semita:
382 2596 435 2620 tua:
454 2595 482 2620 in
504 2594 580 2629 aquis
601 2595 702 2628 multis,
720 2600 745 2622 et
760 2596 867 2631 uestigia
890 2602 936 2624 tua
959 2606 1010 2624 non

227 2643 415 2672 cognoscentur
425 2645 450 2667 ιι.
466 2639 700 2673 Quemadmodum
722 2641 796 2669 enim
819 2642 862 2669 via
884 2642 910 2670 in
931 2643 1010 2679 aquis

227 2690 280 2709 non
296 2688 431 2718 servatur,
446 2692 532 2720 neque
544 2686 655 2722 vestigia
669 2687 754 2715 leonis
765 2693 912 2716 venatores
925 2688 1010 2717 latere

228 2729 371 2764 cupientis,
388 2731 428 2759 sic
444 2739 533 2767 neque
552 2732 610 2761 Dei.
636 2733 665 2761 Si
690 2733 783 2768 itaque
805 2735 843 2768 id,
867 2735 939 2769 quod
961 2742 1009 2770 per

227 2779 386 2808 expressum
395 2783 516 2811 gressum
527 2777 625 2805 divinae
635 2782 739 2806 mentes
750 2779 908 2814 suscipiunt,
921 2779 1008 2808 denuo

304 2863 314 2882 '
325 2863 416 2892 Amos.
432 2872 447 2893 ν
459 2885 466 2899 ,
480 2865 507 2893 8.
545 2869 558 2884 υ
576 2865 646 2895 Psal.
665 2874 744 2894 una
756 2886 763 2900 ,
777 2865 822 2894 20.

1071 1598 1131 1617 σινα
1146 1590 1180 1616 τὰ
1194 1589 1280 1625 φύλλα
1305 1590 1412 1625 ἔχουσι·
1437 1590 1516 1617 τοῦτο
1529 1590 1583 1625 γάρ
1602 1590 1659 1616 ἐστι
1680 1590 1711 1616 τὸ
1732 1587 1852 1623 χλωρόν·

1069 1635 1140 1662 κατὰ
1161 1635 1189 1662 δὲ
1210 1635 1241 1662 τὸ
1261 1634 1431 1671 φθινόπωρον
1455 1635 1562 1662 ἀλλοίαν
1584 1634 1678 1670 χροιὰν
1702 1633 1735 1660 τὰ
1756 1632 1854 1667 φύλλα,

1067 1682 1105 1713 ti);
1121 1681 1267 1718 γηρώντων
1280 1681 1380 1707 ὡσανεὶ
1391 1681 1513 1712 ἐκείνων,
1528 1680 1703 1716 λαμϐάνουσι.
1724 1678 1779 1705 Καὶ
1792 1676 1854 1704 καθ’

1067 1728 1181 1754 ἕκαστον
1193 1725 1262 1758 εἶδος
1278 1727 1404 1762 εὑρήσεις
1417 1727 1467 1762 τὴν
1482 1726 1634 1762 πρόσφορον
1648 1724 1803 1759 ἀναγωγὴν,
1821 1724 1856 1759 ἣν

1067 1772 1115 1798 καὶ
1125 1772 1236 1798 εἰκόνων
1249 1772 1295 1797 καὶ
1305 1771 1398 1798 τύπων
1412 1771 1596 1807 ἀνακάθαρσιν
1608 1769 1745 1806 ὀνομάζει.

1103 1816 1118 1853 §
1147 1815 1214 1843 νιιι.
1246 1815 1314 1842 Ἀλλ’
1340 1815 1432 1851 ἐπειδὴ
1458 1817 1521 1852 περὶ
1545 1815 1592 1841 τοῦ
1618 1814 1855 1850 ἀνθρωπομόρφου

1068 1863 1175 1898 πρῶτον
1193 1863 1316 1898 εἴπομεν,
1330 1861 1450 1897 ἔλθωμεν
1472 1861 1521 1897 ἤδη
1541 1861 1588 1888 καὶ
1609 1861 1655 1887 ἐπὶ
1674 1860 1722 1896 τὴν
1737 1860 1788 1894 τῆς
1804 1861 1855 1896 θη-

1067 1909 1228 1945 ριομορφίας
1251 1908 1407 1941 ἀνάπτυξιν.
1428 1909 1483 1935 Καὶ
1500 1908 1607 1944 πρῶτον
1625 1907 1674 1943 τὴν
1685 1907 1732 1933 τοῦ
1747 1907 1856 1938 λέοντος

1067 1955 1259 1990 θεωρήσομεν·
1277 1954 1334 1980 ἐστι
1356 1954 1410 1989 γὰρ
1424 1954 1437 1980 ὁ
1452 1953 1520 1980 λέων
1541 1953 1704 1988 ἡγεμονικὸν
1727 1953 1774 1980 καὶ
1801 1955 1857 1988 ῥω-

1068 2001 1164 2036 μαλέον
1180 2001 1240 2028 καθ’
1255 2000 1344 2031 ἑαυτὸ,
1357 2000 1404 2026 καὶ
1421 1999 1474 2025 ἀπὸ
1496 1999 1551 2025 τῶν
1572 1998 1658 2026 ἄλλων
1681 1998 1836 2033 ἀδάμαστον
1847 2002 1853 2013 ε

1065 2048 1112 2074 καὶ
1135 2045 1332 2082 περικαλύπτει
1353 2046 1388 2072 τὰ
1406 2045 1462 2072 τῶν
1482 2044 1570 2071 ποδῶν
1592 2045 1661 2080 ιχνη,
1677 2043 1721 2070 διὰ
1734 2043 1785 2078 τῆς
1804 2043 1855 2069 ἁλ-

1065 2093 1144 2125 καίας
1159 2092 1250 2124 αὑτοῦ,
1266 2091 1387 2127 δηλονότι
1405 2091 1454 2126 τῆς
1473 2090 1556 2126 οὐρᾶς
1577 2089 1686 2125 (ἀλκαία
1701 2089 1730 2115 δὲ
1749 2089 1855 2124 ἐκλήθη

1065 2140 1082 2175 ἡ
1105 2139 1152 2166 τοῦ
1172 2139 1276 2170 λέοντος
1299 2137 1378 2174 οὐρὰ,
1407 2137 1490 2168 διότι,
1513 2137 1543 2163 ὲν
1566 2136 1634 2171 αὐτῇ
1657 2135 1707 2167 τὰς
1729 2135 1855 2171 πλευρὰς

1066 2184 1246 2220 περικρούων,
1261 2183 1311 2219 τὴν
1329 2183 1442 2219 καρδίαν
1456 2180 1511 2208 οἷον
1527 2181 1635 2215 ὲξυπνοῖ
1646 2181 1692 2207 καὶ
1703 2179 1853 2212 ἀναζωπυ-

1028 2223 1052 2252 Ῑ)
1066 2231 1108 2265 poi
1120 2229 1188 2266 πρὸς
1206 2229 1257 2265 τὴν
1277 2229 1331 2255 τῶν
1354 2227 1548 2263 ἐπιτιθεμένων
1571 2226 1754 2262 άνασόὅησιν).
1771 2227 1854 2253 Ἐστι

1065 2276 1094 2302 δὲ
1108 2276 1154 2302 καὶ
1167 2277 1184 2311 ἡ
1200 2275 1297 2311 πορεία
1314 2275 1408 2302 τούτου
1426 2272 1591 2307 ἁνατατικὴ,
1604 2273 1633 2299 οὐ
1649 2272 1720 2299 κατὰ
1733 2272 1768 2299 τὰ
1783 2273 1855 2299 ἄλλα

1065 2321 1132 2353 ζῶα,
1148 2321 1215 2356 πρὸς
1229 2322 1280 2357 γῆν
1294 2321 1341 2348 καὶ
1352 2319 1387 2346 τὰ
1398 2319 1461 2355 περὶ
1475 2318 1527 2353 γῆν
1541 2317 1694 2353 βλέποντος.
1710 2317 1789 2343 Ἔστι
1805 2318 1854 2343 καὶ

1064 2367 1094 2392 ὲν
1119 2368 1174 2398 τοῖς
1199 2366 1323 2401 ἀγγέλοις
1350 2364 1481 2400 ἡγεμονία
1506 2364 1551 2390 καὶ
1582 2363 1757 2399 ρωμαλεότης
1780 2363 1853 2398 πρὸς

1065 2412 1137 2447 ἆπερ
1154 2412 1346 2446 ὑποδέχονται,
1368 2411 1415 2436 καὶ
1430 2409 1579 2445 ἀδάμαστοί
1597 2410 1650 2435 εἰσι
1668 2411 1725 2441 τοῖς
1746 2408 1853 2440 ὑλικοίς

1061 2465 1092 2483 τε
1114 2458 1161 2484 καὶ
1176 2457 1283 2491 ἔξωθεν.
1300 2457 1354 2483 Καὶ
1375 2456 1468 2492 ἐπειδὴ
1485 2455 1516 2482 τὸ
1530 2455 1647 2491 ἄρρητον
1667 2456 1683 2490 ἡ
1703 2455 1763 2482 θεῖα
1783 2463 1853 2490 κρυ-

1063 2504 1159 2540 φιότης
1178 2504 1279 2539 ὀφείλει
1302 2503 1383 2538 ἔχειν,
1408 2502 1638 2538 περικαλύπτουσι
1659 2501 1706 2528 καὶ
1720 2498 1794 2528 οὗτοι
1816 2501 1855 2528 τὰ

1061 2549 1143 2586 νοερὰ
1158 2549 1217 2584 ἴχνη
1237 2549 1409 2584 θεομιμήτως
1432 2549 1558 2579 πάντως,
1582 2547 1643 2574 καθ’
1659 2547 1674 2573 ὃ
1694 2547 1758 2582 περὶ
1779 2546 1854 2573 Θεοῦ

1061 2595 1186 2631 εἴρηται·
1207 2596 1258 2622 Ἐν
1272 2594 1309 2629 τῇ
1323 2595 1463 2629 θαλάσσῃ
1477 2596 1495 2629 ἡ
1511 2594 1580 2627 ὁδός
1594 2602 1661 2625 σου,
1677 2593 1725 2620 καὶ
1741 2594 1771 2619 αἱ
1786 2593 1854 2626 τρί-

1063 2642 1107 2668 ϐοι
1131 2650 1189 2668 σου
1205 2641 1240 2668 ἐν
1260 2641 1350 2668 ὒδιισι
1371 2640 1512 2673 πολλοῖς,
1531 2640 1579 2666 καὶ
1595 2638 1630 2665 τὰ
1647 2639 1716 2672 ἴχνη
1730 2646 1791 2665 σου
1814 2639 1854 2665 οὺ

1062 2686 1300 2721 γνωσθήσονται.
1315 2686 1420 2721 Ὥσπερ
1433 2685 1488 2721 γὰρ
1502 2685 1559 2716 ὁδὸς
1580 2684 1608 2710 ἐν
1632 2683 1723 2710 ὕδασιν
1742 2683 1773 2709 οὐ
1798 2683 1855 2710 σώ-

1063 2732 1137 2765 ζεται
1147 2753 1154 2765 ,
1172 2732 1234 2759 οὒτε
1248 2733 1310 2768 ἴχνη
1324 2732 1429 2764 λέοντος
1445 2731 1604 2767 βουλομένου
1625 2729 1765 2756 λανθάνειν
1784 2730 1852 2761 τοὺς

1062 2778 1215 2814 θηρευτὰς.
1233 2777 1319 2810 οὕτως
1332 2778 1392 2805 οὐδὲ
1414 2775 1492 2804 θεοῦ.
1514 2777 1545 2803 Εἰ
1567 2776 1630 2810 γοῦν
1651 2776 1718 2812 ὅπερ
1730 2775 1775 2803 διὰ
1799 2775 1852 2811 τῆς
