1931 3073
74 169 119 198 561

314 166 356 194 DE
375 159 536 194 C(ELESTI
552 160 773 195 HIERARCHIA,
790 159 866 190 CAP.
884 160 942 189 XV.
959 175 994 180 —
1009 160 1181 188 PARAPHR.
1199 153 1431 187 PACHYMER/E.

1626 154 1678 187 36?.

73 226 230 260 ἁνατατικῆς
251 224 362 260 πορείας
384 225 408 250 οἱ
427 223 494 250 θεῖοι
516 223 575 254 νόες
594 221 848 256 καταλαμϐάνουσι,

907 220 1017 255 mystice
1032 220 1178 251 occultent,
1193 223 1221 246 et
1240 219 1298 246 sine
1312 219 1492 246 ostentatione
1508 225 1677 253 conservent,

72 273 145 299 τοῦτο
159 271 238 298 πάλιν
253 269 482 305 περικαλύπτουσι
498 268 636 304 μυστικῶς
652 267 698 294 καὶ
712 265 851 300 ἀνεκπόμ-

73 327 153 346 πευτα
178 315 354 352 διατηροῦσι,
383 315 409 341 τί
433 315 464 341 ἂν
489 314 530 350 εἴη
564 313 669 344 τούτοις
691 312 721 339 τὸ
750 311 852 338 ἀκατά-

73 365 177 400 ληπτον,
193 364 239 389 καὶ
251 361 281 388 τδ
293 361 346 387 τῶν
359 360 437 387 θείων
449 360 516 386 ὁδῶν
528 359 724 394 ἀνεξιχνίαστον
738 367 744 391 ;

110 410 140 437 Ἦ
152 409 179 436 δὲ
192 409 238 435 τοῦ
253 408 312 443 βοὸς
324 407 431 433 εἰκασία
444 406 498 432 τῶν
512 406 632 440 ἀγγέλων
642 405 672 432 τὸ
683 402 790 440 ἰσχυρὸν
806 403 852 431 καὶ

72 457 182 491 ἀκμαῖον
207 454 297 490 δηλοῖ,
325 453 384 480 καθ’
409 452 423 478 ὃ
450 451 495 478 καὶ
521 452 584 483 τοῦς
606 451 714 486 νοεροῦς
733 450 851 483 αὔλακας

71 499 216 536 ἀρσενικῶς
227 519 233 530 ,
255 498 293 530 ὡς
307 499 404 529 εἰπεῖν,
422 496 608 533 ἀνευρύνουσι,
622 496 671 528 τὰς
686 496 786 528 οἰκείας
803 496 850 531 δη-

71 546 133 582 λαδὴ
154 545 289 576 διανοίας,
311 545 350 576 είς
376 543 507 579 ὑποδοχὴν
529 543 584 570 τῶν
605 543 784 578 γονιμοποιῶν
804 543 851 570 καὶ

71 591 147 617 Θεῐων
160 590 270 625 όμϐρων
281 597 287 604 ·
301 588 336 615 τὰ
348 588 376 614 δὲ
390 588 492 623 κέρατα
505 586 613 623 δηλοῦσι
625 588 655 614 τὸ
672 588 851 623 φρουρητικὸν

71 635 116 662 καὶ
129 636 281 671 ἀκράτητον
291 643 297 650 ·
314 634 492 670 φρουροῦνται
506 633 559 669 γὰρ
574 635 597 660 οἱ
611 633 670 668 βόες
684 633 728 660 διὰ
738 633 849 666 τούτων,

70 681 115 707 καὶ
128 680 157 707 τὸ
174 679 250 715 παρά
264 679 317 705 τῶν
330 679 416 706 ἄλλων
435 679 588 714 ἀκράτητον
602 678 703 713 έχουσι.

102 725 168 760 Φέρε
181 745 188 756 ,
213 725 261 752 καὶ
277 725 326 760 τὴν
340 724 387 751 τοῦ
414 723 493 750 ἀετοῦ
519 723 610 750 είκόνα
630 723 791 759 κατίδωμεν.
815 724 852 751 Τὸ

71 771 204 805 βασιλικὸν
221 770 276 806 γὰρ
293 771 338 797 καὶ
354 770 483 806 ὑψιφόρον
501 769 590 805 ἔχουσι
606 769 653 796 καὶ
674 770 697 796 ot
720 769 829 804 ἄγγελοι
842 790 849 800 ,

71 817 114 843 καὶ
124 816 154 843 τὸ
167 817 316 852 ταχυπετὲς
331 816 440 852 ὁμοίως.
456 816 510 843 Καὶ
528 815 621 851 ὥσπερ
635 816 742 847 ἐκεῖνοι,
771 816 850 851 ὑψόθι

903 265 1031 298 quidnam
1046 265 1080 291 iis
1095 272 1154 291 esse
1171 265 1253 298 possit
1265 265 1542 299 incomprehensibile,
1557 269 1584 292 et
1597 266 1623 293 in
1638 266 1680 293 di-

903 311 974 337 vinis
987 310 1035 337 viis
1050 310 1252 344 investigabile?

937 355 1021 383 Porro
1034 355 1110 383 bovis
1126 355 1210 382 forma
1222 375 1230 388 ,
1243 358 1401 390 angelorum
1418 357 1499 384 robur
1515 364 1546 384 ac
1559 358 1677 392 vigorem

903 402 1000 437 signat,
1013 408 1066 436 quo
1082 401 1221 436 spiritales
1239 402 1328 429 sulcos
1341 402 1465 436 viriliter,
1483 408 1512 430 ut
1527 404 1565 431 sic
1579 404 1678 436 dicant,

902 448 1026 479 diiatant,
1053 447 1186 482 proprias,
1212 447 1338 482 inquam,
1360 454 1473 482 mentes,
1496 450 1527 477 ad
1547 450 1678 478 fecundos

903 493 1060 527 divinosque
1076 493 1176 520 imbres
1188 494 1392 528 suscipiendos;
1415 502 1514 522 cornua
1533 503 1598 523 vero
1618 504 1679 524 ser-

876 543 880 548 ·
902 539 1033 566 vatricem
1050 539 1233 574 invictamque
1246 538 1298 567 vim
1311 540 1460 573 declarant,
1485 541 1616 576 siquidem
1635 543 1678 571 his

901 584 984 612 bores
1002 592 1032 612 se
1045 584 1200 619 defendunt,
1223 592 1254 612 ac
1276 586 1376 613 habent
1389 591 1420 614 ut
1436 588 1470 615 ab
1482 587 1542 615 aliis
1556 590 1678 623 superari

901 635 953 656 non
967 629 1083 664 possint.

939 716 1017 752 148
1037 717 1101 751 Age.
1119 717 1201 744 etiam
1215 718 1310 750 aauila:
1326 719 1468 755 imaginem
1491 726 1677 751 contueamur.

902 761 1012 796 Regiam
1026 762 1097 789 enim
1109 763 1267 797 dignitatem
1278 768 1305 791 et
1316 765 1456 793 sublimem
1468 768 1585 796 volatum
1596 771 1677 797 etiam

901 807 1002 835 habent
1015 808 1114 843 angeli,
1134 809 1172 835 uti
1190 813 1217 836 et
1233 809 1411 839 velocitatem.
1429 812 1463 840 Et
1477 814 1547 841 sicut
1569 816 1678 850 aquilae,

69 863 117 898 τὴν
139 863 234 898 πτῆσιν
255 862 428 898 ποιούμενοι,
449 863 518 896 ὀξεῖς
534 863 586 889 εἱσι
600 863 646 889 καὶ
661 863 788 898 νηφαλέοι
804 864 850 889 καὶ

907 853 963 880 tum
978 853 1005 880 in
1020 854 1128 881 sublimi
1144 853 1244 888 volant,
1260 862 1338 883 acres
1354 862 1427 888 sunt.
1444 863 1471 885 et
1484 859 1637 894 vigilantes,
1651 867 1680 889 et

70 909 211 944 ὲντρεχεῖς,
225 909 272 935 καὶ
287 908 434 944 εὐμήχανοι
451 910 491 940 εἰς
507 909 537 935 τὸ
554 909 669 945 θηρᾶσαι
685 910 733 945 τὴν
747 910 849 945 τροφὴν

907 899 1028 932 intentae,
1055 899 1202 934 facilesque
1219 901 1252 928 ad
1275 902 1392 935 praedam
1411 907 1582 938 qumrendam
1597 907 1679 942 (unde

70 954 145 988 (ὅθεν
164 954 224 980 οὐδὲ
245 954 340 989 λέληθε
357 954 466 986 τούτους
481 954 527 989 ὕψι
545 955 709 990 πετομένους
731 955 778 982 καὶ
799 955 851 982 ὑπὸ

907 945 977 980 ipsas
995 946 1023 972 in
1041 946 1148 974 sublimi
1164 947 1305 975 volitantes
1318 956 1405 983 neque
1417 950 1468 978 sub
1481 952 1599 980 arbustis
1616 954 1679 981 latis

70 999 177 1035 θάμνων
192 1000 375 1035 κρυπτόμενον
389 999 473 1035 ζῶον)
483 1009 489 1015 ·
505 1000 589 1032 οὕτως
604 1001 722 1027 κάκεῖνοι
738 1001 852 1028 τοιοῦτοί

907 994 964 1017 tans
980 991 1172 1019 animalculum
1195 992 1291 1028 fugit);
1308 994 1348 1021 sic
1367 1000 1393 1022 et
1409 996 1450 1031 ips
1481 999 1595 1032 expediti
1617 1006 1677 1027 sunt

70 1046 121 1072 εἱσι
134 1046 201 1082 πρὸς
213 1047 261 1082 τὴν
276 1047 380 1078 ἑαυτοῖς
394 1048 582 1083 προσήκουσαν
593 1047 639 1073 καὶ
650 1047 725 1074 θείαν
738 1048 850 1084 τροφήν.

907 1036 936 1062 ad
957 1037 1160 1064 convenientem
1183 1038 1233 1065 sibi
1258 1046 1290 1066 ac
1311 1038 1430 1068 divinum
1455 1043 1543 1070 cibum
1569 1045 1679 1079 capien-

71 1091 142 1126 Ηλὴν
158 1089 228 1118 οὗτοι
250 1091 298 1126 μὲν
319 1091 440 1118 κάτωθεν
457 1082 505 1126 τήν
525 1091 627 1127 τροφὴν
647 1082 850 1128 ἐκπορίζονται,

907 1082 976 1109 dum.
993 1083 1090 1110 Verum
1105 1085 1202 1118 aquilae
1216 1085 1341 1112 deorsum
1356 1088 1500 1121 exquirunt
1512 1089 1678 1124 alimentum,

68 1138 124 1168 τοῖς
137 1136 164 1163 δὲ
180 1137 306 1171 ἀγγέλοις
322 1137 424 1164 ἄνωθέν
437 1137 510 1163 ἐστιν
524 1137 540 1172 ἡ
552 1137 729 1172 δυναμοποιὺς
748 1139 833 1174 τροφή
844 1147 850 1153 ·

907 1132 932 1154 at
954 1128 1057 1162 angelis
1078 1136 1183 1156 sursum
1208 1136 1249 1158 est
1272 1131 1348 1158 cibus
1374 1133 1547 1167 potentiﬁcns
1564 1145 1572 1163 :
1591 1138 1680 1164 omnis

70 1183 144 1208 πᾶσα
166 1182 219 1218 γὰρ
237 1182 344 1217 τροφὴ,
370 1182 406 1218 μὴ
431 1182 509 1217 μόνον
523 1182 621 1217 ἄρτος,
646 1182 694 1218 τὴν
712 1183 759 1209 τοῦ
784 1173 852 1214 ζώου

907 1173 974 1200 enim
992 1175 1077 1208 cibus,
1092 1181 1120 1203 et
1145 1184 1197 1203 non
1213 1176 1286 1205 solus
1309 1179 1396 1213 panis,
1411 1187 1457 1207 cor
1472 1181 1595 1211 animalis
1612 1191 1678 1211 con-

70 1227 181 1263 καρδίαν
193 1228 322 1263 στηρίξει.
336 1228 446 1262 Ἔχουσι
460 1227 507 1253 καὶ
519 1227 550 1254 τὸ
563 1227 727 1263 θεωρητικὸν
738 1229 852 1261 ἀκλινῶς

907 1220 1001 1248 ﬁrmat.
1017 1220 1122 1249 Habent
1136 1230 1242 1257 quoque
1265 1224 1329 1257 vim,
1354 1226 1471 1254 robustis
1486 1228 1624 1257 oculorum
1641 1231 1681 1257 in-

68 1273 136 1309 πρὸς
151 1274 200 1309 τὴν
215 1273 328 1308 ἄφθονον
351 1274 397 1300 καὶ
411 1273 557 1308 πολύχυτον
577 1274 673 1300 ἀκτῖνα
693 1275 742 1309 τῆς
761 1275 852 1310 θεῖκῆς

907 1266 1080 1300 tentionibus,
1095 1267 1217 1296 irreilexe
1237 1269 1433 1305 contemplandi
1450 1272 1615 1302 uberrimum
1639 1276 1681 1303 la~

68 1319 220 1356 ήλιοόολίας
231 1320 260 1346 ὲν
292 1320 351 1351 ταῖς
372 1316 532 1355 εὐρωστίαις
553 1319 607 1346 τῶν
623 1320 742 1347 όπτικῶν
764 1321 852 1348 αὐτῶν

907 1317 986 1347 teque
1001 1313 1127 1342 diffusum
1146 1315 1262 1352 radium,
1276 1323 1355 1350 quem
1368 1324 1401 1344 ex
1416 1325 1446 1346 se
1457 1318 1563 1348 divinus
1582 1321 1626 1350 ille
1640 1323 1680 1351 soi

67 1366 207 1401 δυνάμεων
218 1373 225 1380 ·
241 1365 319 1399 λόγος
338 1365 391 1401 γὰρ
401 1385 408 1397 ,
425 1366 487 1397 τοὺς
501 1364 596 1397 ἀετοὺς
614 1365 668 1392 τῶν
689 1367 852 1402 τικτομένων

907 1357 1009 1385 evibrat
1026 1365 1033 1385 :
1049 1359 1139 1386 terunt
1152 1359 1236 1392 enim,
1250 1360 1353 1394 aquilas
1366 1361 1453 1396 pullos
1471 1370 1535 1392 suos
1550 1367 1682 1400 genuinos

67 1411 102 1437 τὰ
114 1411 213 1447 γνήσια
225 1411 257 1437 ὲκ
271 1410 325 1438 τῶν
343 1411 426 1438 νόθων
447 1410 518 1437 oin-tu
533 1411 680 1447 διακρίνειν
689 1421 695 1427 ·
719 1412 781 1439 Ἐὰν
794 1413 852 1439 ἀτε-

907 1412 918 1431 a
935 1405 1026 1433 nothis
1042 1406 1078 1432 ita
1094 1406 1259 1436 discernere.
1283 1409 1311 1437 Si
1327 1410 1467 1438 irretortos
1483 1413 1617 1442 oculos‘in
1635 1423 1681 1443 so-

67 1455 177 1482 νίσωσιν
190 1456 397 1491 ἀσκαρδαμυκτὶ
415 1455 483 1491 πρὸς
497 1455 542 1482 τὸν
555 1455 640 1491 ἥλιον,
656 1457 756 1492 γνήσιά
768 1458 836 1484 εἰσιν
845 1466 852 1473 ·

907 1449 956 1478 lem
978 1452 1135 1486 intendunt,
1160 1455 1270 1488 genuini
1295 1456 1443 1490 habentur;
1470 1458 1512 1486 sin
1530 1467 1630 1496 secus,
1654 1466 1682 1490 ut

67 1502 135 1529 εἰδὲ
153 1502 189 1537 μὴ
202 1522 209 1533 ,
231 1502 268 1534 ὡς
287 1502 350 1528 νόθα
373 1502 420 1528 καὶ
437 1502 516 1538 ξένης
537 1503 618 1538 γονῆς
630 1523 637 1534 ,
658 1503 852 1531 ἀποδάλλονται

907 1497 979 1524 nothi
1000 1502 1027 1525 et
1047 1499 1190 1527 adulterini
1205 1507 1220 1527 e
1235 1501 1297 1528 nido
1312 1500 1498 1534 deturbantur.
1520 1505 1618 1534 Eadem
1635 1508 1680 1535 ita-

66 1548 117 1583 τῆς
132 1547 237 1579 καλιᾶς.
252 1547 344 1579 Οὕτως
360 1546 405 1574 οῦν
420 1548 466 1574 καὶ
479 1549 493 1574 ὁ
504 1548 541 1584 μὴ
551 1548 695 1583 δυνάμενος
709 1547 747 1583 τῷ
766 1547 848 1583 Ἡλίῳ

911 1550 963 1576 que
978 1544 1090 1577 ratione,
1105 1545 1149 1580 qui
1168 1545 1280 1580 iustitiae
1301 1547 1356 1575 Soli
1374 1556 1427 1576 non
1442 1550 1514 1578 valet
1528 1552 1644 1586 obtueri,
1667 1562 1680 1581 a

134 1578 308 1629 δικαιοσύνης
320 1578 453 1626 ἀτενίσαι,
467 1578 542 1625 νόθος
556 1594 605 1629 τῆς
618 1578 707 1620 ἀὐτοῦ
729 1578 852 1627 γνώσεως

907 1589 1058 1624 cognitione
1072 1589 1131 1624 ejus
1147 1591 1253 1620 alienus
1266 1600 1298 1621 ac
1311 1594 1411 1622 nothus
1422 1597 1570 1632 reperitur;
1591 1578 1680 1628 verum

65 1639 238 1674 εὑρίσκεται-
250 1641 274 1666 oi,
284 1639 312 1665 δὲ
324 1639 390 1666 θεῖοι
400 1639 472 1672 νόες,
482 1639 688 1675 ἀσκαρδαμυκτὶ
697 1639 734 1671 ὡς
745 1639 852 1674 ἐφικτὸν

907 1633 958 1660 illa:
982 1635 1080 1663 divina}
1101 1641 1220 1670 mentes,
1244 1646 1303 1673 quae
1318 1639 1391 1667 illum
1408 1641 1535 1671 irretorta
1552 1650 1680 1679 quantum

65 1685 255 1717 ἀτενίζοντες,
272 1685 377 1721 γνήσιοί
394 1685 471 1712 εἰσιν.

907 1679 946 1708 fas
960 1685 1002 1709 est
1016 1682 1074 1709 acie
1086 1683 1316 1718 contemplantur,
1331 1687 1454 1722 genuina:
1471 1693 1544 1716 sunt.

107 1732 140 1757 Ἦ
154 1731 183 1757 δὲ
198 1731 253 1757 τῶν
267 1731 359 1758 ῖππων
382 1731 462 1757 εἰκὼν
473 1731 503 1758 τὸ
522 1732 643 1763 εὐπειθὲς
661 1731 786 1766 σημαίνει
808 1732 852 1758 καὶ

941 1724 1079 1759 Equorum
1105 1732 1194 1754 autent
1222 1728 1306 1763 ﬁgura
1338 1730 1474 1766 signiﬁcat
1501 1734 1681 1764 obedientiam

65 1777 174 1812 εὐήνιον
186 1776 241 1803 τῶν
253 1776 385 1810 ἀγγέλων,
400 1775 461 1803 καθ’
477 1776 492 1803 ὃ
505 1776 625 1812 εἴρηται·
643 1776 671 1803 ’0
684 1776 792 1812 κρατῶν
805 1775 852 1808 τὰς

907 1774 932 1796 et
945 1770 1144 1799 observantiam
1155 1773 1324 1807 angelorum,
1338 1774 1414 1809 juxta
1427 1777 1498 1812 quod
1509 1778 1609 1806 dictum
1621 1786 1677 1809 est:

64 1823 146 1858 ἡνίας
163 1822 218 1848 τῶν
235 1822 374 1857 ἀχράντων
393 1822 545 1857 δυνάμεων.
567 1823 621 1849 Καὶ
641 1821 745 1848 λευκῶν
759 1822 853 1854 όντων⁷

63 1869 96 1895 τὸ
108 1867 233 1903 λαμπρὸν
246 1867 395 1903 παραδηλοῖ
408 1868 455 1894 καὶ
469 1868 506 1900 ὡς
530 1868 644 1903 μάλιστα
664 1868 793 1902 συγγενὲς
807 1868 854 1894 τοῦ

65 1913 139 1940 θείου
162 1912 268 1947 φωτός·
294 1912 400 1939 κυανῶν
423 1913 470 1945 δὲ,
490 1914 570 1940 οἱονεὶ
586 1913 720 1948 μελάνων,
735 1913 765 1940 τὸ
785 1913 854 1949 κρύ-

64 1967 145 1994 φιον·
172 1959 203 1985 τὸ
229 1959 283 1994 γὰρ
316 1959 397 1994 μέλαν
431 1959 478 1985 καὶ
501 1959 635 1986 σκοτεινὸν
658 1960 704 1986 καὶ
729 1959 852 1995 κρύφιον.

70 2005 214 2042 Ἐρυθρῶν
227 2005 255 2032 δὲ
265 2026 272 2037 ,
286 2005 346 2032 ἐπεὶ
364 2005 453 2032 καὶτὸ
468 2005 523 2041 πῦρ
537 2005 661 2042 ἐρυθρὸν,
675 2005 706 2031 τδ
721 2005 853 2040 πυρῶδες,

65 2052 117 2078 καὶ
132 2051 179 2077 διὰ
190 2051 269 2077 τοῦτο
283 2051 442 2087 δραστήριον
451 2060 459 2067 ο
477 2052 637 2087 συμμίκτων
649 2051 677 2078 δὲ
692 2051 745 2077 ἀπὸ
757 2050 854 2078 λευκοῦ

64 2106 94 2124 τε
108 2098 156 2124 καὶ
173 2097 294 2132 μέλανος,
306 2097 424 2133 δηλονότι
440 2097 536 2132 φαιῶν,
551 2097 605 2123 τῶν
620 2096 779 2123 συνδετικῶν
800 2096 854 2123 τῶν

64 2145 160 2180 ἄκρων
176 2144 206 2170 ὲν
221 2145 255 2179 τῇ
279 2144 509 2179 διαπορθμευτικῇ
531 2144 660 2179 δυνάμει,
683 2143 743 2170 καθ’
767 2143 800 2178 ἥν
820 2143 854 2169 τὰ

65 2192 166 2228 πρῶτα
181 2193 238 2224 τοῖς
260 2192 395 2227 δευτέροις
410 2191 612 2227 προνοητικῶς,
625 2191 672 2217 καὶ
691 2190 725 2217 τὰ
742 2190 854 2226 δεύτερα

64 2238 123 2269 τοῖς
138 2236 258 2273 πρώτοις
271 2237 487 2273 ἐπιστρεπτικῶς
504 2237 694 2264 συνάπτονται.

110 2376 181 2408 Ἀλλ’
197 2381 221 2407 εἰ
238 2381 274 2416 μὴ
293 2379 544 2415 κατεστοχαζόμεθα
561 2380 609 2415 τῆς
626 2379 794 2415 συμμετρίας
807 2379 853 2406 τοῦ

66 2423 148 2462 λόγου
167 2425 264 2462 (κόρος
278 2426 331 2462 γὰρ
347 2426 426 2460 λόγου
446 2425 571 2460 πολέμιος
584 2425 715 2459 ἀκοαῖς),
738 2426 785 2452 καὶ
804 2425 855 2456 τὰς

67 2472 138 2499 κατά
157 2472 240 2507 μέρος
258 2471 389 2506 ίδιότητας
404 2471 458 2497 τῶν
473 2471 559 2504 ζώων,
575 2472 622 2498 καὶ
639 2472 727 2503 πάσας
741 2470 791 2502 τὰς
803 2479 854 2497 σω-

68 2515 188 2550 ματικὰς
211 2514 299 2541 αὐτῶν
320 2515 494 2547 διαπλάσεις,
520 2515 714 2551 ὲφηρμόσαμεν
737 2515 771 2542 ἂν
794 2517 853 2547 ταῖς

67 2561 210 2597 οὐρανίαις
230 2560 375 2595 δυνάμεσιν
393 2561 546 2595 ἀναλόγως,
570 2560 640 2587 κατὰ
657 2560 706 2592 τὰς
727 2561 853 2597 ῥηθείσας

68 2607 213 2643 ἀνομοίους
231 2606 392 2641 ὁμοιότητας
407 2606 564 2642 (ἀνομοίους
582 2607 641 2642 μὲν,
655 2607 695 2633 ὅτι
710 2609 737 2634 αί
750 2608 854 2639 εἰκόνες

69 2653 162 2680 ῦλικαὶ
190 2653 238 2679 καὶ
262 2651 329 2678 πολὺ
358 2653 593 2687 ἀπεμφαίνουσαι·
620 2653 780 2688 ὁμοιότητας
805 2653 853 2685 δὲ,

69 2699 139 2725 κατὰ
150 2698 201 2734 τὴν
215 2697 361 2733 νοουμένην
373 2697 533 2733 ἀλληγορίαν
548 2699 593 2725 καὶ
605 2699 654 2734 τὴν
666 2700 854 2734 προσήκουσαν

68 2745 123 2776 τοῖς
141 2738 332 2778 ὑποκειμένοις
350 2742 506 2779 πράγμασιν
519 2743 678 2779 ἀναγωγὴν)
690 2763 697 2776 ,
715 2744 761 2770 καὶ
781 2743 853 2778 εἴχο-

71 2798 119 2823 μεν
133 2790 226 2825 λέγειν
238 2789 301 2824 περὶ
314 2789 360 2816 τοῦ
379 2789 534 2824 θυμοειδοῦς
551 2789 642 2821 αὐτοῦ,
658 2790 698 2815 ὅτι
718 2789 798 2824 νοερά
812 2797 854 2820 τις

70 2834 167 2870 ἀνδρία
184 2835 256 2867 ἐστὶ,
278 2834 325 2860 καὶ
342 2834 390 2868 οὐχ
407 2833 498 2865 ἁπλῶς
513 2834 601 2869 ψυχῆς
616 2834 699 2870 ἀρετὴ
711 2853 717 2865 ,
735 2834 801 2869 πρὸς
820 2832 854 2858 τὰ

71 2882 298 2918 παρεμπίπτοντα
322 2880 386 2915 ἡδέα
411 2880 457 2907 καὶ
472 2881 579 2917 λυπηρά
601 2881 643 2908 ἀεὶ
660 2879 790 2915 μενούσης
807 2879 852 2906 ἐπὶ

212 2928 348 2958 Ρλτιιοι..
372 2927 430 2958 Gn.
452 2927 506 2958 lli.

905 1815 956 1850 Qui
986 1817 1107 1845 continet
1134 1817 1210 1845 frena
1235 1819 1455 1849 intemeratarum
1483 1823 1622 1852 virtutum.
1650 1827 1682 1854 Et

905 1865 1027 1894 alborum
1045 1867 1154 1901 quidem
1172 1868 1316 1895 candorem
1335 1869 1464 1902 denotat,
1482 1874 1576 1905 utpote
1593 1872 1682 1901 divino;

905 1912 999 1940 lumini
1019 1913 1134 1940 maxime
1151 1913 1279 1947 amnem;
1296 1915 1471 1943 caeruleorum
1484 1923 1559 1950 vero,
1575 1921 1602 1944 et
1618 1925 1677 1952 quo.

905 1959 1047 1986 dummodo
1067 1959 1225 1994 nigrorum,
1244 1961 1363 1988 divinum
1391 1961 1455 1988 illud
1480 1969 1626 1997 arcanum;
1644 1964 1682 1991 si-

904 2004 1011 2038 quidem
1029 2005 1055 2032 itl
1072 2005 1143 2040 quod
1161 2006 1288 2041 nigrum,
1306 2011 1333 2034 et
1348 2007 1492 2035 obscurum
1518 2013 1560 2036 est
1583 2013 1611 2036 et
1635 2017 1682 2037 oo—

904 2050 1027 2078 cultum:
1046 2052 1191 2079 rubrorum
1210 2057 1310 2085 autem,
1327 2060 1388 2080 cum
1405 2053 1486 2081 etiam
1509 2054 1579 2089 ignis
1603 2055 1685 2083 ruber

904 2097 949 2128 sit,
966 2097 1029 2131 quid
1047 2098 1154 2132 igneum
1169 2102 1251 2133 atque
1273 2100 1340 2127 adeo
1356 2099 1449 2128 eﬂicax
1465 2108 1471 2126 :
1490 2101 1551 2128 albo
1568 2101 1681 2136 denique

904 2141 1035 2177 nigroque
1051 2143 1141 2171 colore
1165 2144 1372 2173 commistorum
1386 2165 1394 2180 ,
1418 2153 1464 2173 seu
1490 2146 1627 2174 fuscorum
1650 2148 1678 2175 ﬁ-

905 2195 981 2222 gura,
1001 2187 1135 2223 signiﬁcat
1161 2189 1188 2216 id
1212 2191 1282 2224 quod
1305 2194 1426 2217 extrema
1442 2191 1468 2218 vi
1495 2191 1612 2225 quadam
1630 2196 1684 2219 tra-

869 2246 892 2273 D
906 2232 973 2259 duce
988 2234 1137 2266 connectit,
1153 2234 1300 2262 secundum
1318 2242 1400 2270 quam
1424 2236 1509 2270 prima
1527 2239 1684 2271 posteriori-

906 2277 956 2305 bus
973 2278 1139 2313 providendo
1150 2300 1158 2314 ,
1181 2284 1209 2307 et
1226 2281 1376 2316 p0steriora
1393 2282 1488 2316 primis
1505 2286 1683 2313 convertendo

906 2330 1116 2353 connectuntur.

943 2370 1039 2398 Verum
1059 2372 1110 2399 nisi
1127 2373 1260 2400 sermonis
1283 2373 1392 2400 modum
1418 2382 1602 2408 quaereremus
1626 2375 1698 2411 (sa-'

906 2416 986 2444 tietas
1009 2417 1080 2444 enim
1098 2417 1224 2445 dictionis
1237 2418 1346 2446 inimica
1362 2424 1404 2447 est
1421 2420 1614 2456 auditoribus),
1628 2421 1674 2448 sin

905 2463 982 2497 gulas
993 2463 1074 2490 etiam
1087 2463 1243 2491 animalium
1257 2465 1446 2499 proprietates,
1458 2472 1607 2500 omnesque
1623 2474 1680 2494 cor-

904 2515 1001 2543 poreus
1024 2515 1117 2535 eorum
1140 2509 1253 2544 eﬂigies,
1278 2511 1435 2539 coelestibus
1460 2511 1606 2539 virtutibus
1621 2519 1680 2546 pro

905 2555 1029 2589 portione
1046 2555 1162 2589 quadaut
1180 2555 1259 2583 dictis
1276 2556 1450 2584 dissimilibus
1463 2557 1682 2585 similitudinibus

906 2601 1175 2629 accommodaremus
1197 2601 1391 2636 (dissimilibus
1408 2603 1516 2637 quidem
1528 2623 1536 2635 ,
1554 2603 1680 2637 quoniam

905 2645 1037 2681 imagines
1061 2646 1214 2674 materiales
1246 2646 1358 2674 multum
1386 2647 1420 2675 ab
1450 2648 1482 2675 iis
1509 2649 1680 2683 discrepant;

905 2683 1126 2718 similitudinibus
1151 2696 1257 2725 tamen,
1275 2692 1350 2726 juxta
1368 2694 1505 2728 cognitam
1523 2694 1679 2728 allegoriam

904 2743 932 2766 et
965 2737 1172 2765 convenientem
1206 2738 1286 2765 rebus
1317 2739 1460 2774 propositis
1486 2747 1628 2773 anagogen
1647 2739 1676 2775 ):

904 2792 1100 2820 possemusque
1124 2784 1213 2812 dicere
1235 2785 1269 2812 de
1292 2785 1397 2812 illorutn
1424 2786 1582 2819 iracundia,
1608 2785 1679 2812 illam

905 2838 966 2858 esse
983 2830 1130 2864 spiritalem
1149 2831 1292 2863 quamdam
1311 2831 1503 2863 fortitudinem,
1522 2831 1601 2867 15,9
1619 2837 1676 2858 cutr

906 2884 936 2904 ea
950 2884 1004 2904 non
1019 2876 1130 2910 simplex
1147 2877 1183 2905 sit
1199 2877 1284 2905 virtus
1300 2878 1406 2911 animae,
1424 2879 1450 2906 in
1469 2878 1562 2905 eodem
1576 2876 1683 2911 semper
