1931 3073
229 133 282 161 5‘83

867 137 1015 165 DlONYSIl
1031 137 1261 165 AREOPAGITA'J

1791 141 1841 170 σοι

229 196 302 220 statu
321 193 505 228 permanentis
529 193 586 220 sive
606 193 725 227 jucunda
753 194 809 222 sive
832 196 918 223 tristia
940 196 992 223 inci

1058 195 1089 222 τὺ
1104 196 1169 222 αὐτὸ
1181 216 1188 228 ,
1204 197 1273 232 μήτε
1295 197 1350 229 τοῖς
1369 197 1445 233 ἡδέσι
1468 199 1672 235 χαυνουμένης,
1696 199 1762 235 μήτε
1787 202 1840 233 τοῖς

230 239 305 270 dant,
323 243 354 266 ut
370 237 595 274 nequcjucundis
618 239 698 266 rebus
721 239 897 273 diSSoivatur,
918 248 1006 276 neque

229 285 356 312 tristibus
384 284 540 318 deiiciatur,
568 284 644 318 cujus
669 285 837 314 fortitudinis
866 287 1006 315 iracundia

227 330 365 366 quoddam
380 334 530 357 extremum
546 334 587 357 est
604 330 760 366 vestigium.
777 331 863 359 Porro
883 333 1007 362 dicamus

227 378 365 412 primum,
393 376 527 411 quomodo
545 376 684 404 iracundia
707 385 756 412 pro
779 378 953 413 fortitudine,
980 384 1008 407 et

226 431 282 449 non
308 431 356 457 pro
373 423 423 449 alia
448 422 548 448 virtute
564 422 654 457 aliqua
678 423 838 458 accipiatur.
862 424 1004 452 Sciendum

227 474 282 497 tres
304 477 364 496 esse
381 469 478 497 animat
501 469 658 504 portiones,
683 469 842 497 rationalem
864 470 1006 503 videlicet,

226 517 389 545 irascibilem
415 521 443 545 et
469 517 729 552 concupiscibilem;
756 522 784 545 et
810 522 926 553 quatuor
949 525 1007 546 esse

225 564 341 590 virtutes
362 563 519 598 originales,
537 563 641 591 scilicet
661 564 832 598 prudentiam
844 584 851 596 ,
869 564 1007 592 fortitudi—

225 617 305 643 nem,
323 609 531 644 temperantiam
549 613 576 637 et
589 609 733 644 justitiam.
759 609 933 645 Unaquazqne
954 610 1007 637 ita-

224 663 277 690 que
298 655 384 682 virtus
407 655 555 690 quamlibet
577 655 674 683 anima:
700 656 851 690 portionem
878 660 958 684 ornat
980 661 1007 684 et

223 702 326 737 dirigit,
340 701 483 736 prudentia
499 700 670 734 rationalem,
689 700 819 730 fortitudo
832 702 1005 736 irascibilem,

223 747 401 783 temperantia
414 747 650 782 concupiscibiiem
663 757 669 781 ;
682 748 788 782 iustitia
803 756 868 776 vero
884 756 1007 777 commu-

222 794 265 822 nis
281 798 323 821 est
337 792 471 821 omnibus.
485 792 599 826 Quando
617 794 689 821 enim
712 794 856 828 prudentia
873 794 1006 822 rationem

221 845 320 872 ornat,
344 840 474 876 fortitudo
499 843 589 866 autem
612 839 799 873 iracundiam,
825 841 1003 875 temperantia

1058 241 1188 278 λυπηροῖς
1213 242 1450 278 καταπιπτούσης·
1483 241 1592 280 ἧστινος
1625 245 1675 280 τῆς
1700 245 1806 282 ἀνδρίας
1826 245 1841 273 6

1059 287 1142 323 θυμὺς
1157 288 1268 324 ἔσχατόν
1281 290 1354 316 ἐστιν
1367 290 1513 326 ἁπήχημα.
1540 290 1619 318 Ἀλλὰ
1638 291 1747 328 πρῶτον
1763 293 1841 320 εῐπω-

1059 342 1120 369 μεν,
1132 334 1191 366 πῶς
1203 334 1234 360 τὺ
1255 334 1394 370 θυμοειδὲς
1409 336 1448 367 εἰς
1467 335 1576 371 ἀνδρίαν
1593 336 1840 373 παραλαμϐάνεται,

1057 379 1105 406 καὶ
1120 379 1169 406 οὐκ
1195 380 1234 411 είς
1250 379 1332 415 ἄλλην
1357 379 1418 407 τινὰ
1441 381 1550 417 ἀρετήν.
1586 382 1698 416 Ἱστέον,
1719 383 1760 410 ὅτι
1781 384 1841 420 τρία

1058 425 1129 461 μέρη
1145 425 1198 452 εἰσὶ
1217 425 1267 460 τῆς
1287 425 1377 460 ψυχῆς
1387 445 1393 457 ,
1414 425 1532 459 λογικὸν,
1547 425 1671 462 θυμικὸν,
1687 428 1733 455 καὶ
1748 429 1839 456 ἐπιθυ-

1059 470 1188 506 μητικόν·
1214 471 1260 497 καὶ
1282 470 1413 505 τέσσαρες
1435 470 1542 504 γενικαὶ
1561 471 1676 507 ἀρεταὶ,
1695 471 1838 508 φρόνησις,

1057 517 1164 553 ἀνδρία,
1181 515 1339 552 σωφροσύνη
1365 517 1412 543 καὶ
1423 516 1589 552 δικαιοσύνη.
1607 517 1664 544 Μία
1678 518 1767 545 τοίνυν
1779 519 1840 546 ἑκά-

1058 572 1107 599 στη
1124 563 1178 590 τῶν
1193 562 1300 598 ἀρετῶν
1316 562 1430 589 ἕκαστον
1445 563 1527 599 μέρος
1537 563 1586 599 τῆς
1601 563 1691 599 ψυχῆς
1705 566 1839 600 κοσμεῖτε

1056 609 1104 636 καὶ
1118 608 1230 641 εὐθετεῖ,
1249 609 1265 644 ἡ
1283 608 1412 644 φρόνησις
1428 608 1459 634 τὸ
1481 608 1598 643 λογικὸν,
1615 610 1632 646 ἡ
1650 609 1744 647 ἀνδρία
1755 611 1784 638 τὸ
1795 612 1839 639 θυ-

1059 653 1146 689 μικὸν,
1165 654 1181 689 ὴ
1204 653 1363 689 σωφροσύνη
1382 653 1413 680 τὸ
1431 653 1643 690 ἐπιθυμητικόν
1662 656 1679 692 ἡ
1696 655 1724 682 δὲ
1740 656 1837 683 δικαιο-

1058 697 1123 734 σύνη
1138 698 1214 734 κοινὴ
1226 699 1308 725 πᾶσίν
1321 699 1402 725 ἐστιν.
1422 700 1487 726 Ὅτε
1502 699 1556 736 γὰρ
1571 701 1588 736 ή
1604 701 1652 736 μὲν
1669 701 1797 737 φρόνησις
1809 702 1838 730 τὸ

1056 742 1163 777 λογικὸν
1175 744 1284 778 κοσμεῖ,
1297 743 1313 779 ή
1330 743 1358 769 δὲ
1369 743 1464 779 ἀνδρία
1474 744 1505 771 τὸ
1519 744 1643 781 θυμικὸν,
1660 747 1677 782 ἡ
1689 747 1718 773 δὲ
1736 756 1839 784 σωφρο-

1058 788 1124 825 σύνη
1139 788 1171 815 τδ
1187 788 1393 824 ἐπιθυμητικὸν,
1412 789 1523 822 δικαίως
1538 791 1598 818 τότε
1609 793 1623 819 ὸ
1638 792 1779 829 ἄνθρωπος
1794 803 1838 821 πο-

1057 833 1207 867 λιτεύεται,
1227 836 1275 862 καὶ
1296 836 1398 870 δίκαιος
1421 838 1454 865 ἂν
1473 838 1587 873 λέγοιτο.
1609 839 1728 871 Εἰκότως
1746 837 1792 866 οὖν
1807 840 1837 866 τὸ

221 894 286 914 vero
303 875 562 920 concupiscentiam.
577 890 642 913 tunc
656 887 736 913 homo
758 892 792 912 ex
807 885 911 919 iustitia
929 887 995 922 regit

1054 879 1168 916 θυμικὸν
1178 881 1219 913 εἰς
1231 882 1280 918 τὴν
1293 883 1447 918 κοσμοῦσαν
1464 885 1530 912 αὐτὸ
1542 885 1652 921 ἀνδρίαν
1668 885 1838 922 μεταλαμϐά-

222 937 276 967 tur,
293 932 419 966 etjustus
443 931 497 959 dici
515 931 611 966 possit.
629 931 727 959 Merito
741 931 822 967 igitur
835 931 1003 959 iracundiam

221 979 345 1014 accipere
372 978 452 1006 liceat
475 984 527 1012 pro
551 977 710 1005 fortitudine
727 985 786 1012 qua:
804 977 888 1012 ipsam
913 983 1002 1005 ornat.

219 1024 267 1052 Sic
286 1031 352 1051 vero
373 1023 412 1050 ira
432 1022 557 1050 ultimum
582 1021 726 1055 vestigium
750 1025 791 1048 est
817 1020 1002 1053 fortitudinis,

217 1071 282 1106 quia
300 1071 341 1098 ira
353 1075 395 1098 est
412 1069 534 1104 quaedam
555 1068 680 1096 ebullitio
697 1068 838 1103 sanguinis
849 1067 922 1096 circa
935 1075 1004 1102 pra:-

218 1117 323 1149 cordia,
341 1124 375 1144 ex
398 1116 518 1151 appetitu
535 1115 673 1143 vindictae.
689 1114 825 1150 Corporea
847 1114 939 1149 itaque
956 1115 1003 1141 ira:

217 1163 344 1195 materia,
357 1166 400 1190 est
414 1161 523 1196 sanguis
535 1161 582 1196 qui
595 1161 668 1188 circa
680 1160 829 1194 praecordia
842 1165 901 1193 est;
916 1159 1002 1187 forma

217 1215 285 1235 vero
296 1207 427 1243 spiritalis
437 1211 464 1234 et
476 1206 647 1241 incorporea,
660 1210 701 1234 est
713 1205 847 1240 appetitus
860 1206 999 1236 vindictas;

216 1253 362 1281 irascibilis
385 1257 476 1280 autem
494 1252 583 1287 portio
599 1251 712 1285 animat,
728 1259 790 1286 pars
807 1255 848 1278 est
863 1251 960 1279 animae
974 1255 1001 1278 et

216 1301 392 1334 incorporea.
413 1298 555 1326 Fortitudo
578 1298 672 1333 igitur,
698 1305 761 1325 cum
785 1297 894 1325 habitus
917 1297 953 1324 sit
973 1302 1002 1325 et

214 1343 322 1375 virtus,
346 1341 568 1377 irascibilemque
594 1348 695 1369 motum
722 1341 830 1369 ordinet
853 1345 880 1369 et
903 1345 1000 1375 ornet,

215 1388 330 1416 minime
348 1388 479 1416 transfert
494 1387 569 1415 illum
586 1387 619 1414 ad
637 1387 754 1421 aliquam
775 1387 934 1421 mollitiem,
954 1391 1000 1415 aut

214 1435 294 1471 quasi
307 1443 322 1462 a
335 1439 432 1462 natura
447 1434 555 1462 abducit
569 1443 576 1461 :
590 1434 662 1461 unde
675 1433 755 1461 etiam
768 1433 833 1461 sinit
847 1434 921 1461 illum
936 1441 1000 1469 pro-

213 1482 330 1517 prietate
341 1489 388 1509 sua
402 1481 451 1514 uti,
462 1484 648 1508 verumtamen
659 1481 797 1514 decenter,
807 1485 834 1508 et
844 1486 872 1508 ut
882 1485 996 1516 oportet.

212 1528 320 1564 Accipit
339 1528 491 1560 materiam.
514 1527 541 1554 id
556 1531 597 1554 est
612 1526 770 1562 sanguinem
782 1526 996 1561 praecordialem,

211 1573 323 1608 vultque
334 1572 476 1601 efformare
490 1573 637 1607 appetitum
647 1571 793 1606 quemdam
805 1572 896 1599 utilem
908 1579 940 1600 ac
951 1572 998 1599 de-

211 1624 330 1652 centem,
342 1619 388 1655 qui
401 1619 561 1647 fortitudine
573 1624 693 1655 regatur,
705 1619 737 1647 ad
750 1625 793 1647 res
803 1619 894 1647 tristes
905 1618 996 1653 despi-

210 1666 321 1695 ciendas
329 1670 356 1694 et
361 1666 497 1700 iucundas
509 1666 732 1698 contemnendas.
751 1666 778 1693 in
793 1665 886 1693 arduis
896 1665 996 1700 perdu-

211 1714 307 1747 rando,
322 1712 492 1747 passionibus
506 1712 683 1745 moderando,
698 1720 742 1740 res
761 1713 889 1741 honestas
908 1719 993 1739 aemu-

209 1759 301 1792 lando,
318 1767 360 1787 res
376 1767 475 1794 pravas
491 1760 635 1793 abolendo,
651 1767 745 1787 verum
767 1760 871 1787 hostem
885 1758 995 1794 propul-

208 1806 312 1839 sando,
333 1813 394 1841 qua:
410 1805 504 1841 utique
518 1806 628 1839 omnia,
652 1806 706 1834 nisi
725 1807 826 1834 circum
844 1806 993 1840 praecordia

208 1851 317 1886 sanguis
325 1850 524 1884 eerrvesceret,
532 1858 701 1886 nequaquam
708 1851 830 1886 profecto
837 1857 992 1880 successum

207 1902 311 1925 rectum
321 1897 496 1925 sortirentur.
509 1895 565 1923 Hoc
579 1898 651 1925 enim
663 1902 690 1925 et
698 1897 782 1925 David
791 1898 830 1925 ait
843 1906 850 1924 :
867 1898 992 1925 Accendit

206 1953 247 1971 me
264 1945 335 1972 zelus
347 1949 407 1972 tutu
417 1949 433 1964 ν
445 1954 451 1978 ;
468 1949 496 1972 et
510 1953 518 1972 :
531 1944 610 1972 Zelus
623 1945 715 1972 domus
730 1949 783 1972 tua:
793 1944 902 1972 comedit
916 1953 956 1973 me
965 1952 991 1973 ι.

208 1991 277 2019 Ecce
288 1991 390 2026 itaque,
402 1991 540 2026 proposita
553 1991 664 2019 materia
675 1991 826 2019 secundum
841 1993 900 2020 haec
913 1991 992 2020 eﬂ‘or-

208 2043 279 2065 mata
291 2058 299 2070 ,
316 2039 439 2072 quaedam
463 2038 518 2065 alia
538 2037 643 2072 species
657 2037 810 2071 subintrat,
827 2044 925 2073 nempe
939 2046 989 2074 ap-

206 2085 308 2119 petitus
331 2084 456 2112 vindictaa
472 2092 479 2111 :
497 2088 523 2111 et
539 2083 610 2118 quod
628 2083 662 2111 ad
685 2083 873 2112 fortitudinem
896 2084 989 2120 dirigi-

207 2135 260 2164 tur,
275 2130 306 2158 ῆι
323 2129 475 2157 iracundia.
498 2129 645 2165 Sanguinis
660 2129 732 2158 enim
749 2129 883 2157 fervorem
904 2130 989 2158 infor-

206 2181 263 2204 mat
288 2177 445 2211 appetitus,
471 2176 520 2204 sed
547 2176 576 2203 in
605 2175 660 2203 alio
689 2175 807 2211 quodam
836 2175 986 2204 dissimili:

1054 934 1133 953 νοιτο.
1150 927 1253 963 Ἀπήχη
1259 936 1295 962 μα
1304 927 1332 954 δέ
1344 929 1417 955 ἐστιν
1424 929 1535 965 ἔσχατον
1543 931 1556 957 ὁ
1567 930 1650 966 θυμὸς
1659 931 1709 966 τῆς
1716 931 1837 968 ἀνδρίας,

1053 971 1141 998 οὕτω·
1160 972 1244 1008 θυμός
1268 973 1326 1000 ἐστι
1347 974 1421 1007 ζέσις
1442 975 1490 1002 τοῦ
1510 977 1683 1013 περικαρδίω
1706 978 1835 1013 αἵματος,

1054 1018 1122 1054 πρὸς
1143 1018 1234 1054 ὄρεξιν
1256 1019 1471 1056 ἀντιλυπήσεως.
1497 1022 1590 1049 Ἔστιν
1612 1020 1659 1049 οὖν
1681 1022 1728 1049 τοῦ
1751 1022 1836 1058 θυμοῦ

1054 1063 1104 1099 ὕλη
1130 1065 1179 1100 μὲν
1204 1065 1346 1101 σωματικὴ
1370 1065 1401 1092 τὸ
1426 1067 1599 1103 περικάρδιον
1621 1065 1706 1103 αἷμα·
1724 1066 1792 1100 εἶδος
1806 1068 1836 1095 δὲ

1052 1111 1165 1146 ψυχικὸν
1181 1112 1228 1138 καὶ
1247 1111 1391 1147 ἀσώματον
1409 1113 1426 1148 ή
1442 1112 1531 1149 δρεξις
1552 1113 1600 1148 τῆς
1615 1112 1834 1149 ἀντιλυπήσεως·

1051 1158 1081 1185 τὸ
1098 1158 1125 1184 δὲ
1142 1158 1255 1194 θυμικὸν
1269 1159 1320 1195 τῆς
1330 1159 1429 1196 ψυχῆς,
1440 1159 1521 1195 μέρος
1536 1159 1625 1195 ψυχῆς
1636 1160 1694 1186 ἐστι
1705 1160 1751 1186 καὶ
1765 1159 1836 1186 ἀσώ-

1053 1212 1146 1239 ματον.
1167 1205 1199 1231 Ἦ
1216 1202 1262 1232 οὖν
1277 1205 1382 1240 ἀνδρία,
1404 1205 1461 1238 ἕξις
1476 1205 1523 1232 καὶ
1538 1205 1622 1241 ἀρετὴ
1635 1202 1717 1237 οὖσα,
1736 1206 1785 1233 καὶ
1805 1205 1837 1232 τὸ

1051 1250 1164 1286 θυμικὸν
1178 1251 1311 1278 τάττουσα
1323 1251 1369 1278 καὶ
1378 1250 1527 1286 κοσμοῦσα,
1540 1251 1570 1277 οὺ
1584 1250 1743 1286 μεταϐάλλει
1757 1250 1837 1277 τοῦτο

1051 1296 1119 1332 πρὸς
1133 1296 1323 1332 μαλθακότητά
1333 1305 1404 1329 τινα,
1416 1297 1464 1323 καὶ
1476 1294 1531 1324 οἷον
1543 1297 1592 1332 τῆς
1605 1296 1712 1331 φύσεως
1726 1295 1835 1332 temq-

1049 1342 1110 1369 ὅθεν
1130 1343 1177 1369 καὶ
1198 1343 1295 1378 ἀφίησι
1314 1342 1392 1369 τοῦτο
1406 1344 1439 1378 τῇ
1461 1342 1549 1378 οἰκείᾳ
1575 1342 1686 1378 ἰδιότητι
1705 1341 1835 1377 χρῆσθαι,

1049 1390 1120 1427 πλὴν
1141 1390 1331 1426 προσηκόντως
1348 1390 1395 1417 καὶ
1418 1390 1455 1422 ὡς
1475 1390 1524 1416 δεῖ.
1536 1389 1675 1424 Λαμδάνει
1690 1388 1740 1424 τὴν
1755 1388 1834 1424 ὓλην,

1048 1436 1079 1463 τδ
1098 1437 1270 1473 περικάρδιον
1290 1436 1389 1472 δηλαδὴ
1409 1433 1494 1471 αἷμα,
1518 1434 1589 1462 θέλει
1612 1435 1778 1470 είδοποιῆσαι
1800 1435 1836 1470 τῇ

1049 1483 1144 1518 ἀνδρίᾳ
1169 1482 1353 1518 διοικούμενον
1377 1482 1466 1518 ὄρεξιν
1492 1490 1553 1508 τινα
1575 1482 1763 1517 προσήκουσαν
1786 1480 1836 1507 καὶ

1049 1528 1176 1564 ἐπωφελῆ
1186 1549 1193 1561 ,
1211 1528 1414 1565 καταφρονῆσαι
1431 1527 1570 1564 λυπηρῶν,
1587 1527 1719 1562 ἀλογῆσαι
1737 1527 1834 1563 ἡδέων,

1048 1576 1214 1612 καρτερῆσαι
1229 1575 1334 1607 δεινῶν,
1350 1574 1564 1610 ὲμφιλοσοφῆσαι
1583 1574 1640 1605 τοῖς
1661 1572 1769 1605 πάθεσι,
1783 1572 1834 1607 ζη-

1046 1626 1131 1653 λῶσαι
1148 1625 1217 1661 πρὸς
1236 1624 1271 1652 τὰ
1286 1624 1371 1657 καλὰ,
1392 1623 1587 1660 παραζηλῶσαι
1605 1622 1674 1658 πρὸς
1694 1621 1729 1649 τὰ
1748 1623 1832 1656 κακὰ,

1045 1671 1200 1709 ἀμύνασθαι
1215 1671 1261 1698 τὸν
1276 1671 1360 1703 ὅντως
1377 1670 1520 1706 πολέμιον·
1538 1669 1557 1696 ἃ.
1576 1668 1608 1704 δὴ
1625 1669 1731 1701 πάντα,
1751 1668 1775 1695 εξ
1793 1668 1834 1704 μὴ

1045 1718 1119 1745 ἔστιν
1139 1719 1156 1754 ή
1181 1718 1246 1754 περὶ
1268 1717 1318 1754 τὴν
1337 1716 1450 1752 καρδίαν
1475 1716 1588 1750 αἵματος
1614 1714 1705 1746 ζέσις,
1727 1714 1776 1741 οὐκ
1797 1713 1833 1740 ἂν

1044 1763 1200 1790 εὐοδωθεὴν
1222 1763 1322 1794 ποσῶς.
1344 1761 1428 1788 Τοῦτο
1444 1760 1498 1797 γὰρ
1509 1761 1525 1787 ὃ
1544 1760 1591 1787 καὶ
1611 1761 1625 1787 ό
1641 1759 1721 1786 Δασὶδ
1737 1759 1810 1794 λέγει
1822 1767 1830 1773 ·

1050 1810 1211 1842 Ἐεέκαυσέ
1224 1817 1263 1844 με
1284 1810 1300 1836 ὀ
1321 1807 1409 1842 ζῆλός
1429 1815 1503 1834 σου·
1530 1807 1588 1838 καὶ,
1617 1807 1648 1833 '0
1668 1805 1756 1840 ζῆλος
1775 1805 1831 1832 τοῦ

1043 1856 1126 1883 οἴκου
1141 1863 1199 1882 σου
1215 1854 1361 1889 κατέφαγέ
1374 1862 1422 1888 με.
1446 1853 1511 1880 Ἰδοὺ
1528 1853 1593 1887 γοῦν
1603 1873 1611 1885 ,
1628 1852 1757 1888 κειμένης
1777 1851 1830 1888 τῆς

1043 1902 1108 1938 ὕλης
1123 1900 1398 1938 είδοποιηθησομένης
1415 1899 1485 1927 κατὰ
1504 1899 1591 1926 ταῦτα
1602 1918 1610 1931 ,
1633 1899 1781 1934 ὑπέρχεται
1801 1907 1829 1925 τι

1041 1949 1134 1985 ἕτερον
1150 1947 1229 1980 εἶδος,
1246 1949 1263 1984 ἡ
1275 1948 1324 1984 ’τῆς
1341 1947 1543 1982 ἀντιλυπήσεως
1559 1945 1648 1982 ὄρεξις
1659 1954 1665 1961 ·
1684 1945 1730 1972 καὶ
1744 1945 1776 1972 τὸ
1787 1946 1829 1977 εις

1041 1995 1150 2031 ἀνδρίαν
1160 1993 1383 2029 οῑκονομούμενον
1399 1992 1482 2028 θυμὸς
1494 1992 1608 2026 γίνεται.
1628 1991 1759 2018 Εἱδοποιεί
1772 1990 1829 2027 γὰρ

1039 2042 1089 2078 τὴν
1108 2041 1182 2074 ζέσιν
1204 2040 1251 2067 τοῦ
1265 2041 1381 2076 αἵματος
1399 2040 1416 2075 ἡ
1440 2038 1547 2074 ὄρεξις,
1564 2037 1621 2064 ἀλλ’
1634 2037 1663 2064 ὲν
1683 2037 1754 2072 ἄλλῳ
1772 2037 1829 2063 τινὶ

1039 2088 1237 2124 ἀπεμφαίνοντι
1250 2095 1256 2102 ·
1270 2087 1315 2114 διὰ
1334 2086 1413 2113 τοῦτο
1428 2085 1534 2119 λέγεται
1552 2085 1566 2110 ὸ
1586 2083 1670 2118 θυμὸς
1689 2083 1828 2118 ἀπήχημα

1038 2134 1088 2169 τῆς
1108 2133 1229 2170 ἀνδρίας,
1243 2132 1281 2165 ὡς
1296 2132 1328 2159 ἄν
1341 2141 1384 2163 τις
1400 2131 1472 2158 εἴποι
1485 2130 1577 2165 φωνῆς
1593 2129 1727 2164 ἀπήχημα
1745 2126 1826 2164 ἦχον,

1041 2179 1077 2214 μὴ
1090 2178 1149 2214 ἔχον
1162 2178 1192 2205 τὸ
1201 2177 1277 2209 τέλος
1287 2177 1336 2212 τῆς
1349 2175 1441 2211 φωνῆς
1449 2183 1456 2190 ⁸
1473 2174 1548 2206 τέλος
1558 2173 1612 2209 γὰρ
1625 2173 1715 2208 φωνῆς
1726 2172 1758 2199 τὸ
1773 2181 1826 2209 ση-

204 2225 313 2256 propter
343 2220 416 2256 quod
449 2221 488 2248 ira
517 2221 616 2248 dicitur
641 2225 793 2249 extremum
820 2221 987 2250 fortitudinis

1047 2224 1123 2251 ιᾶναί
1143 2232 1179 2250 τι.
1209 2223 1287 2250 Οὕτω
1314 2222 1360 2249 καὶ
1383 2220 1500 2248 ἐνταῦθα
1526 2219 1599 2252 ζέσις
1626 2218 1759 2253 αἵματος,
1785 2219 1826 2254 μὴ

203 2266 359 2302 vestigium,
375 2266 455 2302 150
471 2275 504 2294 ac
517 2267 539 2295 si
553 2267 613 2302 quis
636 2272 788 2295 extremum
812 2269 887 2296 vocis
899 2269 986 2296 vesti-

203 2313 287 2348 gium,
304 2318 381 2341 vocet
394 2320 500 2346 sonum,
516 2321 577 2341 cum
600 2314 676 2341 vocis
696 2314 776 2341 finem
793 2321 846 2342 non
863 2314 984 2342 habeat:

202 2367 266 2386 nam
290 2359 365 2387 vocis
387 2359 449 2386 finis
467 2363 509 2387 est
530 2359 668 2394 quidpiam
695 2359 858 2394 significare.
882 2360 985 2387 Eodem

202 2406 282 2432 modo
298 2405 342 2433 hic
358 2405 448 2433 fervor
464 2407 604 2441 sanguinis
615 2426 623 2439 ,
645 2414 705 2434 cum
722 2414 775 2434 non
791 2406 888 2434 habeat
902 2406 983 2434 finem

203 2452 357 2486 proprium;
379 2452 441 2479 finis
460 2457 550 2479 autem
570 2452 638 2486 ejus,
658 2457 700 2480 cst
727 2460 807 2480 omne
830 2453 985 2485 bonum,ut

201 2499 339 2526 Aristoteli
348 2500 446 2534 placet.
458 2499 557 2526 Habuit
567 2500 657 2534 itaque
667 2500 758 2532 finem,
768 2500 790 2528 si
801 2509 815 2527 a
826 2500 983 2528 fortitudine

202 2546 316 2572 formam
332 2546 478 2580 acceperit,
494 2551 520 2572 et
534 2547 645 2573 honeste
657 2547 689 2574 ad
705 2547 732 2574 id
747 2548 818 2581 quod
830 2547 983 2582 oportebat,

201 2595 228 2617 et
247 2599 278 2618 ea
294 2599 354 2626 quae
366 2592 477 2618 decebat
491 2591 596 2619 ratione
606 2596 678 2620 mota
691 2591 782 2620 fuerit.
801 2592 923 2620 Rursum
937 2600 984 2620 cn-

201 2639 340 2673 liltlllalelll
362 2638 394 2665 ad
417 2638 537 2665 divinum
554 2646 673 2666 amorem
693 2639 822 2667 reducere
840 2640 980 2668 debemus.

202 2685 299 2719 thuid
328 2689 417 2712 autem
434 2693 485 2712 non
505 2686 538 2713 ad
552 2686 770 2721 temperantiam,
784 2686 855 2713 sicut
870 2686 981 2714 iracun-

201 2732 270 2759 diam
298 2731 331 2758 ad
361 2731 569 2760 fortitudinem?
593 2733 658 2767 quia
681 2733 811 2759 nimirum
840 2733 979 2761 iracundia

201 2787 252 2806 non
268 2778 365 2806 dicitur
379 2778 412 2805 ad
428 2778 540 2813 aliquid,
557 2786 644 2814 neque
658 2779 729 2805 enim
745 2779 845 2806 dicitur
862 2779 976 2815 alicujus

227 2869 230 2871 “
282 2865 369 2896 'l'sal.
382 2875 497 2898 Lxxvut.
511 2867 528 2894 5
579 2867 677 2900 vasal.
693 2875 774 2896 vant
787 2889 794 2900 ,
817 2867 860 2895 10.

1038 2270 1136 2306 ἔχουσα
1150 2270 1180 2296 τὸ
1193 2271 1290 2296 οἰκεῖον
1301 2268 1376 2300 τέλος
1386 2277 1393 2284 ·
1403 2267 1478 2299 τέλος
1491 2266 1530 2297 δὲ,
1543 2266 1596 2292 πᾶν
1607 2263 1717 2298 ἀγαθὸν,
1731 2263 1826 2296 καθὼς

1037 2319 1085 2345 καὶ
1100 2317 1141 2353 τῷ
1166 2315 1343 2352 Ἀριστοτέλει
1359 2313 1440 2340 δοκεῖ.
1458 2310 1522 2346 Εἶχε
1539 2311 1566 2338 δὲ
1582 2310 1613 2337 τὸ
1635 2309 1711 2341 τέλος
1722 2328 1730 2341 ,
1747 2310 1772 2335 εἰ
1792 2309 1826 2335 τὸ

1036 2363 1108 2391 κατά
1122 2364 1172 2400 τὴν
1189 2363 1299 2398 ἀνδρίαν
1316 2360 1384 2392 εἶδος
1399 2358 1585 2394 ἀπελάμϐανε,
1602 2358 1649 2384 καὶ
1664 2356 1752 2388 καλῶς
1762 2357 1824 2382 ὲκι-

1035 2412 1106 2438 νεῖτο
1123 2410 1190 2447 πρὸς
1206 2409 1220 2436 ὃ
1236 2409 1336 2445 ἐχρῆν,
1359 2408 1405 2434 καὶ
1422 2407 1459 2438 ὼς
1477 2406 1540 2433 ἔδει.
1557 2404 1640 2431 Πάλιν
1659 2403 1707 2439 τὴν
1724 2402 1824 2429 ἐπιθυ-

1037 2457 1100 2492 μίαν
1121 2457 1230 2492 εῐχομεν
1245 2455 1342 2488 άνάξαι
1356 2455 1395 2488 εἰς
1413 2453 1482 2480 θεῖον
1505 2452 1603 2488 ἔρωτα.
1623 2450 1672 2478 Διά
1682 2449 1708 2476 τί
1723 2449 1752 2476 δὲ
1770 2449 1825 2476 οὐκ

1034 2503 1075 2534 εἰς
1089 2502 1273 2539 σωφροσύνην,
1290 2501 1328 2533 ὡς
1340 2501 1386 2527 καὶ
1400 2500 1431 2526 τὸ
1448 2499 1561 2535 θυμικὸν
1577 2498 1617 2529 εἰς
1629 2497 1678 2532 τὴν
1689 2495 1823 2531 ἀνδρίαν;

1034 2549 1121 2576 ὅτιτὸ
1138 2548 1187 2584 μὲν
1204 2547 1318 2584 Θυμικὸν
1337 2547 1368 2573 οὐ
1390 2545 1458 2583 πρός
1481 2554 1507 2571 τι
1530 2544 1653 2579 λέγεται’
1679 2541 1739 2568 οὐδὲ
1765 2540 1825 2576 γὰρ

1034 2595 1140 2630 λέγεταί
1164 2604 1236 2627 τινος
1260 2596 1422 2631 πράγματος
1451 2591 1579 2628 θυμικόν·
1607 2590 1667 2617 ὅθεν
1688 2589 1735 2615 καὶ
1756 2587 1823 2614 καθ’

1033 2642 1099 2669 αὐτὸ
1114 2642 1144 2669 ὃν
1161 2643 1200 2674 εἰς
1210 2641 1259 2678 τὴν
1274 2641 1385 2677 ἀνδρίαν
1400 2638 1599 2676 μετεϐιϐάζετο,
1616 2634 1753 2671 ἀρκούσης
1769 2633 1824 2668 τῆς

1032 2688 1134 2724 ἀρετῆς
1151 2689 1191 2720 εἰς
1207 2689 1257 2724 τὴν
1273 2688 1367 2714 τούτου
1384 2686 1531 2721 ἀναγωγήν
1541 2692 1547 2700 ·
1566 2683 1596 2709 τὸ
1612 2682 1640 2708 δὲ
1656 2680 1825 2715 ἐπιθυμητι-

1032 2734 1079 2761 κὸν
1092 2735 1159 2770 πρός
1173 2743 1199 2761 τι
1209 2734 1316 2769 λέγεται
1333 2732 1455 2770 ὲραστὺν,
1472 2731 1486 2758 ὃ
1502 2731 1548 2757 καὶ
1560 2726 1755 2762 ἐπιθυμητικὸν
1771 2725 1823 2753 λέ-

1031 2790 1118 2816 γεται.
1142 2783 1170 2809 '0
1193 2783 1259 2818 γοῦν
1282 2783 1416 2820 χρησίμου
1429 2802 1436 2813 ,
1453 2777 1621 2816 ὲπιθυμητοῦ
1637 2777 1685 2804 καὶ
1700 2774 1823 2813 spumat;
