1931 3073
103 148 160 176 πω

349 144 391 172 UE
411 143 573 174 C(ELESTI
590 143 813 177 HIERARCHIA,
837 143 914 172 CAP.
934 144 992 172 XV.
1010 159 1045 164 --
1060 143 1233 174 PARAPHR.
1250 143 1484 173 PACHYMEBE.

1681 142 1734 171 566

103 202 248 238 ἐπιθυμῶν
265 200 381 237 σώφρων
397 201 431 228 ἂν
442 200 557 236 λέγοιτο,
575 202 622 228 καὶ
633 202 695 228 ὅσον
712 202 771 228 ἐστὶ
786 202 817 228 τὸ
832 201 894 228 ὲπι-

950 201 985 229 rei
1002 201 1164 229 iracundia?
1180 202 1252 229 unde
1264 209 1327 230 cum
1349 203 1497 230 secundum
1517 208 1547 230 se
1566 202 1611 233 sit.
1627 203 1661 229 ad
1675 201 1733 229 for—

105 249 227 286 θυμητδν
240 247 351 283 ὑψηλὸν,
362 247 487 274 τοσοῦτον
500 247 599 284 μᾶλλον
611 247 726 284 σώφρων
739 247 851 280 ἐκεῖνος.
860 248 894 274 Τί

104 296 135 323 δὲ
150 295 197 322 τοῦ
216 294 287 321 θείου
309 294 410 330 ἔρωτος
427 293 606 330 ὑψηλὸνεροη
624 293 709 326 οὕτως
723 293 832 329 εἴχομεν
847 293 892 320 λέ-

105 349 166 376 γειν
177 338 224 367 καὶ
235 340 299 376 περὶ
309 339 414 366 τούτου.
428 341 483 367 Καὶ
503 339 595 372 ἁπλῶς
611 340 708 372 εἰπεῖν,
725 339 833 371 ἁπάσας
843 338 893 371 τὰς

106 388 249 424 αἰσθήσεις
267 396 298 414 τε
318 387 365 413 καὶ
381 385 561 422 πολυμερείας
574 385 628 412 τῶν
644 384 748 419 ἀλόγων
765 384 842 417 ζώων
853 384 893 416 εἰς

105 433 156 466 τὰς
175 433 272 465 ἀΰλους
287 433 416 468 δυνάμεις
436 431 641 468 μεταδιδάξειν,
658 431 705 459 καί
726 431 836 466 ἀνάγειν
853 431 893 462 εἰς

105 479 138 507 τδ
154 479 267 511 ἐνοειδὲς
287 479 334 506 καὶ
350 478 454 506 ἁπλοῦν
472 478 507 505 τὰ
525 478 656 505 σύνθετα·
671 478 727 505 ἀλλ’
740 478 821 515 ἀρκεῖ
838 477 894 510 τοῖς

105 526 250 562 ὲχέφροσιν
261 526 291 552 οὐ
307 525 395 552 ταῦτα
412 526 490 561 μόνον
506 524 607 560 (ταῦτα
625 523 678 560 γὰρ
692 523 756 556 ῐσως
773 523 873 560 πολλὰ)
886 544 893 556 ,

105 573 175 601 ἀλλὰ
202 573 249 600 καὶ
272 573 335 609 μιᾶς
356 572 459 604 εἰκόνος
477 571 607 607 ἀναγωγὴ
619 592 626 604 ,
644 572 679 607 ῆν
690 579 772 607 φησιν
787 569 896 598 ἀνακά-

107 622 226 655 θαρσιν,
244 619 282 652 ὡς
301 619 369 656 πρὸς
379 619 410 646 τὸ
422 618 534 650 ἐνοειδὲς
544 618 726 654 ἀναγομένην,
739 618 786 645 καὶ
801 617 896 652 νοητὸν

107 667 139 693 ἐν
157 666 197 701 τῷ
212 665 263 701 τῆς
279 665 375 700 ὑλικῆς
396 663 545 700 ὲμφερείας
562 663 774 699 ἀποκαθαίρεται
786 672 792 678 ·
817 662 897 699 ἀρκεῖ

105 712 174 746 γοῦν
194 712 240 739 καὶ
256 711 320 747 μιᾶς
338 710 441 742 εἰκόνος
456 709 640 745 ἀνακάθαρσις
659 709 706 736 καὶ
721 710 762 740 εἰς
778 708 826 743 τὴν
841 708 896 734 τῶν

105 758 207 785 λοιπῶν
223 757 396 792 διασάφησινι
402 778 409 790 ,
415 776 421 785 .

946 247 1090 276 titudinem
1108 247 1261 280 translata,
1284 252 1342 281 est,
1357 248 1429 284 quod
1445 247 1561 276 suﬁiciat
1585 248 1678 276 virtuti
1702 253 1734 275 ut

947 292 981 320 ad
994 293 1075 319 hanc'
1087 293 1250 327 reducatur;
1266 294 1485 329 concupiscentia
1507 299 1596 322 autem
1612 295 1734 322 refertur

948 338 980 365 ad
998 338 1098 373 aliquid
1113 339 1243 373 amabile,
1259 340 1330 374 quod
1346 346 1374 368 et
1387 341 1533 376 appetibile
1547 340 1658 369 dicitur.
1681 341 1734 374 Qui

947 385 1040 420 itaque
1055 393 1112 413 rem
1130 385 1235 419 utilem,
1252 386 1424 422 appetibilem
1438 392 1464 414 et
1477 387 1620 414 amabilem
1634 396 1735 415 concu—

947 430 1044 464 piscit,
1060 435 1217 465 temperans
1236 431 1288 458 dici
1304 432 1412 466 possit;
1431 436 1459 459 et
1478 437 1580 467 quanto
1606 440 1650 460 res
1673 431 1735 468 qua:

948 478 1085 512 appetitur
1096 477 1240 505 sublimior
1255 478 1361 510 existit,
1378 483 1454 506 tanto
1467 486 1575 514 quoque
1588 480 1646 515 ipse
1666 484 1736 507 tetu-

948 525 1099 559 perantior.
1127 524 1198 558 Quid
1225 529 1315 553 autem
1338 526 1430 554 divino
1454 534 1548 556 amore
1577 527 1736 555 sublimius?

949 571 1008 598 haec
1023 571 1116 606 itaque
1131 571 1164 598 de
1180 571 1222 598 his
1236 571 1365 599 diximus.
1382 572 1432 606 Et,
1448 573 1612 608 simpliciter
1626 573 1736 609 loquen-

949 617 984 645 do
993 637 1001 651 ,
1014 625 1156 652 possemus
1167 619 1288 646 omnium
1309 619 1489 647 animantium
1512 620 1627 648 rationis
1639 628 1736 656 exper-

951 663 1020 690 tium
1037 668 1065 691 et
1079 671 1175 691 sensus
1188 668 1216 692 et
1230 664 1316 692 multa
1338 664 1462 693 membra
1479 665 1515 693 ad
1539 665 1736 694 immateriales

950 709 1011 737 illas
1030 710 1147 738 virtutes
1162 712 1327 744 transferre,
1342 716 1369 740 et
1383 719 1414 739 ea
1432 720 1493 748 quae
1508 714 1658 748 composita
1674 719 1737 742 sunt

951 755 984 783 ad
1008 756 1226 784 uniformitatem
1244 757 1503 794 simplicitatemque
1516 760 1675 794 traducere;
1689 761 1737 789 sed

105 805 288 840 prudentibus
308 810 360 831 non
384 803 443 831 hate
464 803 551 832 solum
571 802 711 838 (quoniam
736 802 795 829 haec
815 800 887 829 forte
912 800 1010 845 multa)
1028 803 1095 831 satis
1108 807 1183 836 sunt,
1207 811 1302 831 verum
1329 804 1411 832 etiam
1430 804 1473 833 vel
1498 806 1579 834 unius
1608 807 1737 843 imaginis

105 858 248 886 anagcge,
270 858 350 886 quam
375 850 576 886 ἀνακάθαρσιν,
602 855 650 876 seu
673 847 887 882 expurgationem
909 853 1021 882 vocant,
1034 853 1063 876 ut
1079 855 1140 883 quae
1153 849 1188 876 ad
1203 848 1417 878 uniformitatem
1440 851 1569 884 adducat,
1598 857 1626 880 et
1655 853 1736 881 intel-

108 895 211 930 ligendi
227 895 425 922 facultatemin
457 893 592 922 materiali
616 890 794 920 similitudine
820 891 963 927 puriﬁcat;
993 893 1034 921 vel
1053 894 1135 922 unius
1162 894 1256 929 Itaque
1283 894 1410 931 imaginis
1433 897 1584 926 enucleatio
1598 899 1632 926 ad
1654 903 1737 927 catte-

108 949 203 969 rarum
221 948 329 977 quoque
343 941 553 976 explicationem
571 940 639 968 satis
654 945 706 968 est.

147 989 161 1024 §
182 989 228 1015 1X.
254 986 451 1015 Ἐπισκεπτέον
462 987 490 1014 δὲ
504 987 551 1015 καὶ
561 984 654 1019 τᾶλλα,
671 986 735 1019 τοὺς
750 985 897 1021 ποταμοὺς,

988 984 1002 1020 §
1023 983 1069 1011 lx.
1090 984 1225 1013 Caeterum
1248 985 1445 1015 consideranda
1462 996 1569 1025 quoque
1590 996 1655 1019 sunt
1673 992 1738 1020 reli-

107 1037 157 1063 καὶ
171 1035 233 1067 τοὺς
248 1034 372 1070 τροχοὺς,
385 1034 432 1061 καὶ
449 1033 484 1061 τὰ
500 1031 660 1069 συνημμένα
677 1032 738 1064 ταῖς
757 1031 897 1068 οὐρανίαις

107 1080 214 1112 οὐσίαις
230 1079 349 1116 ἅρματα.
369 1080 401 1106 Οἱ
426 1080 475 1116 μὲν
493 1077 540 1106 οὖν
556 1078 687 1114 ὲμπύριοι
708 1077 826 1113 ποταμοὶ
847 1077 898 1109 τὰς

107 1125 258 1162 θεαρχικὰς
279 1126 448 1162 πλημμύρας
459 1125 699 1162 ὑποσημαίνουσιν,
715 1124 830 1159 ἄφθονον
850 1124 898 1151 καὶ

106 1173 299 1205 ἀνεξάλειπτον
326 1173 459 1208 ὲπιρῥοὴν
482 1171 667 1208 βραϐευούσας
686 1171 746 1202 ταῖς
759 1170 897 1206 οὐρανίαις

106 1219 266 1254 δυνάμεσιν.
289 1218 367 1246 Ἐπεὶ
383 1216 411 1244 δὲ
428 1218 559 1250 ζωοποιὺν
572 1217 603 1244 τὸ
619 1216 675 1252 πῦρ
692 1217 776 1248 ἐστιν,
793 1215 823 1242 οὺ
837 1214 898 1242 καθ’

104 1264 121 1291 ὃ
145 1264 211 1301 πῦρ,
230 1264 297 1292 ἀλλὰ
321 1265 383 1291 καθ’
407 1265 422 1291 ὃ
448 1264 549 1300 θερμὸν
569 1263 617 1291 καὶ
643 1263 788 1299 θρεπτικόν
813 1263 896 1293 ἐστιν,

106 1311 178 1338 εἰσὶν
193 1312 221 1339 αἱ
235 1311 357 1339 τοιαῦται
374 1311 443 1338 θεῖαι
464 1310 627 1346 πλημμύραι
644 1310 690 1336 καὶ
709 1308 836 1341 ζωοποιοὶ
851 1307 899 1335 καὶ

107 1357 253 1394 θρεπτικαί
264 1358 314 1393 τῆς
325 1357 379 1384 τῶν
392 1357 514 1392 ἀγγέλων
528 1356 714 1392 γονιμότητος.
732 1355 773 1382 Τὰ
787 1355 898 1391 ἅρματα

107 1404 158 1440 τὴν
183 1405 313 1440 συζυγίαν
339 1405 385 1431 καὶ
411 1405 442 1431 τὸ
469 1403 636 1431 κοινωνικόν.
663 1403 718 1429 Καὶ
730 1402 757 1429 τί
780 1402 835 1438 γὰρ
864 1402 898 1429 ἂν

107 1451 182 1486 λέγοι
197 1460 238 1483 τις
256 1451 336 1478 τοῦτο
354 1452 398 1478 ἐπ’
417 1450 532 1482 ἐκείνοις
552 1451 618 1477 ὅπου
639 1450 686 1476 καὶ
704 1450 733 1476 ἐν
754 1449 820 1485 ἡμῖν
838 1448 900 1484 φαί-

106 1506 201 1530 νεται;
224 1497 390 1533 Συμϐολικὸν
410 1495 550 1533 οἶμαικαὶ
569 1495 648 1523 τοῦτο
666 1496 716 1532 τῆς
737 1495 896 1528 κοινωνίας·

105 1543 155 1571 δύο
177 1545 270 1580 χεῖρας
288 1543 389 1578 ἔχουσι,
408 1544 455 1570 καὶ
472 1542 519 1569 δύο
534 1542 670 1579 ῥώθωνας,
684 1542 731 1568 καὶ
742 1541 788 1568 δύο
801 1541 900 1576 ὀφθαλ-

109 1590 178 1624 μοὺς
190 1609 197 1622 ,
213 1590 261 1616 καὶ
283 1589 329 1616 δύο
352 1587 419 1622 ὦτα,
440 1590 488 1616 καὶ
505 1588 552 1616 δύο
565 1589 664 1621 πόδας,
681 1589 726 1615 καὶ
738 1589 829 1625 διττὴν
843 1588 898 1615 τῶν

949 1036 1015 1066 qua,
1031 1031 1097 1066 quid
1109 1031 1161 1059 sibi
1178 1032 1264 1060 velint
1282 1031 1406 1066 ﬂumina.
1424 1039 1500 1067 rotae,
1516 1042 1544 1064 et
1556 1044 1666 1070 currus,
1678 1045 1739 1073 quae

949 1078 1109 1106 coelestibus
1123 1077 1251 1106 essentiis
1274 1079 1416 1114 conjuncta
1441 1081 1631 1116 perhibentur.
1656 1084 1736 1120 Ignea

950 1123 1065 1157 proinde
1078 1122 1190 1151 ﬂumina
1213 1123 1321 1152 divinos
1344 1125 1417 1153 rivos
1434 1127 1586 1162 declarant,
1602 1137 1662 1164 qua:
1681 1130 1735 1158 lar-

951 1176 1014 1204 gum
1040 1175 1243 1204 perennemque
1271 1167 1376 1198 ﬂuxum
1402 1172 1560 1201 ctelestibus
1592 1175 1738 1203 virtutibus

951 1215 1138 1250 suppeditant.
1163 1215 1230 1243 Cum
1253 1221 1344 1244 autem
1368 1216 1441 1251 ignis
1465 1218 1501 1246 sit
1520 1219 1665 1254 viviiicus,
1683 1229 1737 1249 non

951 1261 1060 1295 quidem
1075 1260 1104 1288 in
1124 1266 1254 1296 quantum
1273 1262 1344 1297 ignis
1358 1268 1410 1297 est,
1430 1264 1477 1292 sed
1496 1265 1523 1292 in
1545 1270 1675 1300 quantum
1691 1274 1739 1295 ca-

950 1305 1023 1333 lidus
1048 1310 1076 1334 et
1099 1307 1251 1335 nutritivus
1275 1309 1389 1342 existit,
1415 1310 1499 1338 divini
1525 1319 1634 1348 quoque
1655 1319 1739 1342 :cslus

951 1352 1106 1381 istiusmodi
1128 1358 1211 1388 atque
1231 1354 1426 1383 inundationes
1447 1357 1588 1386 viviﬁcant
1604 1359 1686 1388 simul
1705 1368 1740 1390 ac

951 1399 1076 1427 nutriunt
1097 1396 1293 1428 fecunditatem
1317 1401 1486 1437 angelorum.
1509 1404 1613 1433 Currus
1634 1406 1739 1443 signiﬁ-

950 1448 1016 1472 cant
1038 1446 1197 1473 eorumdem
1221 1445 1440 1480 coniunctionem
1459 1455 1492 1476 ac
1507 1451 1738 1481 communionem.

949 1488 1145 1519 Verumtamen
1163 1491 1257 1526 quidni
1275 1493 1308 1521 de
1330 1493 1386 1521 illis
1410 1495 1546 1529 quispiam
1574 1497 1601 1524 id
1626 1497 1738 1530 dixerit.

950 1546 1012 1566 cum
1030 1542 1057 1566 et
1074 1538 1101 1565 in
1119 1537 1198 1566 nobis
1218 1539 1270 1567 hoc
1286 1540 1436 1574 appareat?
1450 1541 1520 1575 Quin
1543 1546 1571 1569 et
1587 1542 1653 1571 illud
1669 1550 1740 1579 quo-

951 1591 1005 1619 que
1027 1583 1179 1619 symbolum
1202 1586 1404 1614 communionis
1420 1587 1558 1622 existimo,
1575 1590 1648 1624 quod
1669 1589 1739 1618 duas

106 1634 220 1662 ὀδόντων
244 1636 291 1662 καὶ
306 1635 362 1662 τῶν
376 1635 487 1671 χειλέων
509 1636 616 1668 πλάσιν,
634 1636 681 1663 καὶ
694 1635 787 1667 τᾶλλα,
801 1635 844 1662 ἵνα
859 1635 896 1671 μὴ

952 1638 1050 1658 tnauos
1063 1631 1202 1666 habeant,
1223 1638 1251 1660 et
1268 1634 1336 1661 duas
1352 1642 1445 1667 nares,
1468 1639 1496 1663 et
1510 1635 1577 1664 duos
1589 1636 1692 1670 oculos,
1711 1643 1740 1665 et

105 1681 168 1708 καθ’
192 1681 306 1709 ἕκαστον
323 1669 514 1718 διατρίϐωμεν.
535 1682 566 1709 Οἱ
585 1681 614 1709 δὲ
635 1682 743 1718 τροχοὶ,
766 1681 827 1708 ἐπεὶ
848 1669 896 1708 καί

950 1677 1014 1704 duas
1035 1684 1124 1711 aures,
1142 1682 1171 1705 et
1191 1678 1258 1707 duos
1271 1679 1366 1715 pedes,
1390 1680 1467 1716 151
1482 1686 1510 1708 et
1526 1681 1660 1717 duplicem
1682 1687 1737 1711 tam

106 1729 261 1764 πτερωτοὶ,
276 1727 323 1755 καὶ
337 1726 384 1754 ἐπὶ
395 1727 430 1754 τὰ
444 1727 597 1763 ἔμπροσθεν
615 1726 731 1759 ἀκλινῶς
747 1725 896 1762 πορευόμε-

107 1783 148 1801 νοι
157 1795 165 1806 ,
178 1775 227 1810 τὴν
238 1774 350 1810 δύναμιν
364 1774 472 1810 δηλοῦσι
481 1783 487 1789 ·
503 1774 534 1801 τὸ
549 1773 604 1810 γὰρ
619 1773 676 1808 τὴν
692 1773 760 1809 πρὸς
773 1773 804 1800 τὸ
817 1772 895 1800 δύνα-

107 1830 156 1856 μιν
170 1821 325 1853 ἀποδοτέον,
342 1820 377 1847 τὰ
396 1820 419 1847 δ’
440 1819 507 1847 ἄλλα
521 1819 566 1847 διὰ
589 1819 683 1856 μέσου.
703 1819 759 1855 Τὴν
778 1818 893 1854 δύναμιν

105 1867 197 1894 τοίνυν
212 1866 321 1902 δηλοῦσι
333 1867 384 1902 τῆς
397 1868 458 1893 κατ’
472 1865 580 1893 εὐθεῖαν
593 1865 663 1897 όδοῦ,
676 1866 723 1892 καὶ
742 1864 832 1900 ὄρθιον
847 1864 896 1900 τῆς

109 1912 277 1949 πομπικῆς
300 1912 390 1939 αὐτῶν
410 1911 558 1948 ἐνεργείας.
579 1910 643 1942 Πῶς
665 1910 695 1937 δὲ
716 1910 764 1944 κα)⁸
780 1909 897 1945 κυκλικὴ

107 1959 156 1985 καὶ
168 1959 228 1985 κατ’
244 1957 352 1984 εὐθεῖαν
365 1958 381 1993 ἡ
402 1957 477 1990 ὸδός;
499 1955 623 1992 Κυκλικὴ
633 1975 640 1989 ,
656 1957 697 1983 ὅτι
713 1955 783 1982 κατὰ
798 1955 897 1982 κύκλον

107 2004 288 2041 ἐπορεύοντο·
309 2004 369 2031 κατ’
382 2003 489 2031 εὐθεῖαν
509 2003 554 2034 δὲ,
573 2003 614 2029 ὄτι
633 2002 837 2038 ἀνεπιστρόφως
851 2003 898 2029 καὶ

105 2052 152 2079 ἀεὶ
174 2052 221 2078 ἐπὶ
241 2051 272 2078 τὸ
291 2051 455 2087 ἔμπροσθεν,
477 2050 523 2077 καὶ
539 2050 570 2076 οὐ
589 2050 654 2076 ποτὲ
676 2050 726 2086 μὲν
744 2049 898 2086 ἔμπροσθεν

108 2097 176 2125 ποτὲ
188 2097 217 2124 δὲ
227 2097 348 2129 ὄπισθεν,
365 2097 382 2133 ἢ
394 2097 442 2123 ἐπὶ
453 2096 528 2130 δεξιὰ
539 2096 556 2131 ἢ
568 2096 615 2123 ἐπὶ
628 2096 727 2132 θάτερα
738 2105 745 2111 υ
761 2095 805 2123 διὰ
819 2095 899 2122 τοῦτο

108 2143 158 2170 καὶ
174 2142 222 2169 ἐπὶ
234 2142 279 2169 τὺν
293 2141 375 2168 αὐτὸν
390 2142 438 2168 καί
452 2140 579 2176 ἰούτομον
589 2138 666 2176 οἷμον
680 2141 698 2175 ἡ
712 2139 794 2175 νοητὴ
808 2138 897 2166 αὐτῶν

107 2190 206 2226 τροχιὰ
220 2188 413 2225 ὑπερκοσμίως
428 2187 556 2214 ἰθύνεται.

949 1723 1070 1750 dentium
1083 1731 1164 1758 quam
1176 1724 1310 1753 labiorum
1321 1727 1457 1760 ordinem,
1473 1731 1501 1755 et
1513 1732 1622 1761 caatera,
1637 1736 1670 1756 ne
1680 1729 1738 1757 sitt-

950 1770 1020 1803 gulis
1031 1771 1220 1798 immoremur.
1233 1771 1309 1799 [tota
1320 1778 1422 1806 autem,
1432 1781 1494 1802 cum
1506 1779 1631 1810 pennata:
1645 1776 1701 1803 sint
1712 1780 1741 1803 ct

949 1817 983 1844 ad
1009 1817 1146 1845 anteriora
1168 1818 1228 1845 sine
1246 1817 1392 1848 inﬂexione
1412 1821 1583 1855 procedant,
1608 1823 1738 1851 virtutem

950 1864 1083 1891 denotant
1097 1873 1104 1891 :
1123 1871 1186 1892 nam
1207 1865 1341 1894 articulus
1356 1867 1407 1902 τήν
1424 1868 1458 1895 ad
1473 1868 1600 1896 virtutem
1616 1869 1740 1897 referen-

951 1910 1001 1938 dus
1018 1915 1076 1943 est,
1103 1916 1203 1939 catera
1227 1919 1293 1940 vero
1317 1913 1478 1941 iutermcdia
1501 1919 1574 1943 sunt.
1602 1914 1736 1943 Virtutem

951 1957 1042 1992 itaque
1056 1957 1214 1992 signiﬁcant
1239 1958 1291 1986 vis:
1312 1964 1407 1992 rectae,
1433 1964 1461 1988 et
1482 1961 1675 1989 rectitudinem
1692 1968 1739 1988 eo-

949 2004 1073 2031 rumdem
1097 2005 1275 2039 operationis.
1299 2005 1440 2038 Quomodo
1462 2010 1552 2034 autem
1577 2014 1671 2034 eorum
1695 2007 1739 2034 via

950 2049 1095 2078 circularis
1109 2054 1163 2083 est,
1179 2055 1206 2078 et
1219 2051 1312 2079 recta?
1325 2051 1475 2080 Circularis
1489 2057 1542 2086 est,
1557 2053 1687 2088 quoniam
1711 2053 1739 2082 in

951 2095 1067 2123 circuitu
1080 2097 1276 2131 ambulabant;
1291 2103 1366 2126 recta
1381 2106 1458 2132 vero,
1477 2099 1540 2134 quia
1565 2100 1626 2128 sine
1649 2100 1741 2128 reditu

951 2146 979 2169 et
990 2149 1099 2178 semper
1115 2143 1148 2171 ad
1169 2144 1309 2172 anteriora
1323 2146 1482 2181 pergebant,
1506 2153 1560 2174 non
1574 2151 1664 2175 autem
1688 2147 1740 2174 ali-

950 2188 1063 2222 quando
1076 2189 1185 2223 quidem
1203 2196 1373 2225 antrorsum,
1388 2193 1551 2228 quandoque
1562 2200 1627 2221 vero
1638 2199 1740 2221 retror—

108 2245 191 2270 sum,
217 2237 260 2264 vel
287 2237 461 2264 dextrorsum
487 2234 530 2262 vel
553 2233 741 2261 sinistrorsum
766 2241 774 2259 :
795 2233 1172 2264 idcircoetiamintellectilis
1197 2244 1292 2266 corum
1306 2239 1438 2267 volutatio
1462 2239 1490 2267 in
1514 2241 1639 2268 eamdem
1666 2240 1739 2268 viam

109 2289 216 2312 rectam
230 2283 398 2317 arduamque
414 2282 672 2317 supermundial'rter
685 2282 824 2318 dirigitur.

148 2332 228 2358 Ἔστι
240 2331 268 2358 δὲ
280 2332 327 2358 καὶ
340 2332 399 2357 κατ’
412 2330 496 2366 ἄλλην
509 2330 677 2366 ἀνακαθᾶραι
692 2330 837 2367 ἀναγωγὴν
850 2331 897 2366 τὴν

984 2330 1060 2358 Licct
1075 2330 1157 2358 etiam
1176 2329 1229 2358 alio
1247 2337 1328 2358 sensu
1350 2331 1498 2367 anagogico
1516 2332 1668 2362 istiusmodi
1692 2343 1738 2363 ro-

108 2379 240 2415 τοιαύτην
265 2378 320 2406 τῶν
345 2378 450 2414 τροχῶν
474 2379 575 2405 εἰκόνα.
603 2378 753 2414 Ἐπεκλήοη
781 2378 836 2414 γὰρ
854 2379 901 2405 αὐ-

109 2428 178 2458 τοῖς,
188 2426 226 2455 ὡς
240 2427 254 2452 ὁ
277 2426 420 2461 προφήτης
440 2425 518 2461 φησὶ,
538 2425 671 2460 Γελγέλ·
695 2424 774 2451 τοῦτο
796 2424 900 2452 δὲκαθ’

114 2472 454 2508 Ἐὃραῒδαάνακυλισμοὺς
479 2472 525 2498 καὶ
548 2471 731 2506 ἀνακαλύψεις
754 2471 898 2506 σημαίνει·

111 2518 314 2554 ἀνακυλισμοὺς
326 2518 381 2554 γὰρ
395 2518 485 2554 ἔχουσι
497 2517 532 2544 τὰ
546 2518 658 2554 οὐράνια
671 2519 704 2553 τῇ
717 2519 780 2554 περί
793 2518 823 2545 τὸ
836 2519 901 2545 ταὺ-

110 2567 159 2593 τὺν
177 2565 280 2600 ἀγαθὸν
297 2565 444 2601 ἀεικινήτῳ
458 2567 606 2601 συστροφῇ,
622 2564 802 2600 ὰνακαλὺψεις
821 2565 849 2591 δὲ
865 2567 898 2601 τῇ

110 2611 166 2638 τῶν
182 2611 306 2648 κρυφίων
327 2611 501 2647 ὲκφαντορίᾳ.
525 2611 568 2637 Ἑν
583 2608 605 2645 ᾧ
627 2610 682 2646 γὰρ
702 2611 727 2638 οἱ
743 2612 834 2646 τροχοὶ
851 2620 899 2638 κυ-

110 2657 231 2689 λίονται,
252 2657 287 2684 τὰ
306 2657 434 2685 ὑποκάτω
454 2657 704 2689 ὰνακαλύπτονται,
724 2657 770 2683 καὶ
790 2657 825 2684 τὰ
843 2657 899 2684 ἄνω

112 2705 189 2733 κάτω
209 2704 340 2739 γίνονται.
368 2703 523 2738 Ἀνάγονται
539 2703 627 2730 τοίνυν
645 2704 680 2731 τὰ
696 2704 840 2740 περιπέζια
854 2705 901 2731 καὶ

113 2751 148 2778 τὰ
161 2751 277 2786 δεύτερα
296 2750 367 2777 κατὰ
380 2750 430 2785 τὴν
446 2751 486 2783 εἰς
497 2751 528 2778 τὸ
541 2750 618 2778 Θείον
633 2751 694 2778 καθ’
708 2751 821 2778 ἕκαστον
839 2751 901 2778 τού-

112 2806 168 2825 των
188 2798 350 2834 ἁναγωγὴν,
375 2798 422 2824 καὶ
445 2799 472 2825 αἱ
498 2798 600 2834 ὑψηλαὶ
614 2798 760 2834 ὲλλάμψεις
785 2799 825 2831 εἰς
850 2799 900 2833 τὴν

114 2844 265 2881 ὑφειμένην
275 2846 308 2880 τῇ
321 2845 433 2881 προνοίᾳ
446 2845 677 2878 καταϐιϐάζονται.

952 2381 1040 2404 tarum
1056 2375 1265 2410 descriptionem
1281 2376 1464 2411 interpretari.
1480 2377 1583 2406 Nomen
1602 2381 1673 2408 enim
1687 2381 1739 2414 eis,

951 2426 981 2448 ut
1000 2422 1037 2449 ait
1059 2422 1207 2456 propheta,
1223 2420 1311 2456 Gelgel
1331 2421 1485 2457 impositum
1515 2428 1567 2458 est,
1592 2427 1664 2460 quod
1684 2427 1740 2455 Hc-

951 2469 1044 2496 nraico
1062 2475 1188 2496 sermone
1215 2469 1384 2496 revoltttt'anes
1398 2470 1566 2498 revelationes
1582 2479 1640 2507 que
1653 2473 1739 2509 signi—

952 2515 1038 2541 licat:
1059 2513 1178 2541 cmlestia
1203 2514 1274 2541 enim
1301 2515 1483 2543 revolutiones
1505 2523 1568 2544 suas
1589 2517 1690 2546 habent
1707 2527 1741 2548 eo

952 2565 1039 2592 motu,
1052 2567 1106 2595 quo
1125 2560 1228 2587 circum
1242 2560 1342 2588 bonum
1363 2561 1451 2596 ipsum
1473 2567 1603 2598 perpetua
1625 2571 1730 2594 conver

952 2607 1030 2634 sione
1053 2611 1216 2638 versantur;
1246 2606 1424 2634 revelationes
1453 2614 1537 2642 vero,
1563 2609 1741 2637 obscurarum

951 2661 1042 2682 rerum
1063 2653 1294 2681 manifestatioue.
1315 2653 1343 2680 lu
1358 2658 1489 2688 quantum
1509 2654 1581 2682 enim
1596 2661 1664 2684 roue
1682 2656 1741 2683 vol-

953 2705 1063 2733 vuntur,
1079 2699 1208 2728 inferiora
1230 2700 1393 2733 revelantur,
1413 2705 1441 2727 et
1454 2701 1593 2736 superiora
1615 2703 1680 2731 ﬁunt
1698 2702 1741 2729 in-

953 2747 1064 2775 feriora.
1087 2746 1237 2774 Humiliora
1262 2747 1352 2782 itaque
1375 2752 1402 2774 et
1428 2747 1568 2782 inferiora,
1589 2748 1740 2780 secundum

952 2794 1095 2830 cujuslibet
1114 2794 1212 2822 horum
1231 2793 1264 2820 ad
1280 2793 1400 2822 divinum
1414 2795 1519 2823 Numen
1538 2796 1739 2829 adductionem.

953 2842 1106 2877 eriguntur,
1122 2846 1151 2870 et
1160 2841 1290 2870 sublimes
1304 2841 1355 2869 illae
1375 2842 1568 2871 illustrationes
1581 2849 1630 2878 per
1646 2843 1739 2878 prcri.

954 2889 1070 2916 dentiam
1092 2888 1238 2917 remissiori
1253 2888 1336 2923 gradu
1349 2888 1536 2916 demittuntur.
