1931 3073
201 159 253 189 567

782 156 810 184 S.
829 154 978 183 DIONYSII
997 154 1231 183 AREOPAGITE

1774 156 1826 185 368‘

237 217 332 244 Restat
346 215 424 243 nobis
446 214 588 243 dicendum
603 213 635 241 de
659 213 767 248 gaudio,
782 213 857 248 juxta
870 212 940 247 quod
957 213 981 239 in

1071 212 1169 244 Λοιπὺς
1192 213 1257 247 ἡμῖν
1276 211 1290 237 ό
1310 210 1374 247 περὶ
1394 209 1444 245 τῆς
1465 211 1552 247 χαρᾶς
1575 211 1662 246 λόγος,
1683 211 1773 244 καθὼς
1797 216 1827 242 ἐν

200 262 352 297 Evangeliis
368 262 405 289 ait
427 261 573 288 Dominus:
593 258 714 287 Gaudent
734 259 820 293 angeli
834 266 913 292 super
931 265 983 284 uno

200 313 335 344 peccatore
349 307 529 343 paenitentiam
542 310 635 341 agente
646 309 671 332 1.
684 304 825 338 Quodnam
840 304 932 338 itaque
944 308 986 330 cst

202 355 327 390 gaudium
348 352 522 389 angelorum?
544 358 631 386 neque
651 351 722 378 enim
744 349 805 384 quis
825 349 936 379 dixe'rit,
957 349 983 374 in

201 400 304 436 angelis
323 400 467 426 humanam
482 404 542 425 esse
557 396 712 432 passibilem
729 395 846 430 aliquam
862 394 985 429 volupta—

203 449 266 476 tcm,
289 443 372 470 veluti
394 441 536 469 aﬂ‘ectione
556 441 625 468 circa
646 447 743 474 c0rpus
761 439 840 467 facile
860 438 983 466 mutabili

201 492 381 519 constantem,
398 488 446 514 sed
459 487 513 514 Deo
524 486 651 513 dicuntur
662 484 832 520 congaudere
844 484 879 511 ob
890 490 983 510 eorum

201 535 246 569 qni
267 533 403 569 perierant
425 533 619 564 inventionem,
635 531 725 559 divina
743 530 849 558 scilicet
867 530 984 558 delecta-

201 582 284 614 tione,
296 579 521 615 quemadmodum
533 579 559 606 in
575 577 729 612 Evangeliis
744 577 908 612 accepimus.
919 577 985 604 Pro-

202 626 386 663 portionaliter
400 625 491 660 itaque
502 624 535 652 de
548 624 649 659 angelis
662 631 760 651 nomen
773 623 824 651 hoc
844 623 984 659 ῥᾳστώνης

200 682 247 701 seu
266 672 446 700 oblectationis
464 670 649 705 accipiendum
667 673 707 697 est
729 677 736 696 :
763 669 886 705 ῥᾳστώνη
913 669 984 696 enim

200 725 243 747 est
263 719 392 755 spiritalis
417 718 540 752 quaedam
562 716 679 744 facilitas
700 716 936 751 tranquillitasqne
957 716 984 742 in

200 766 291 800 quiete
310 764 481 800 paesionibus
505 768 627 791 vacante.
651 762 764 790 Ponitur
785 767 875 789 autem
902 761 984 789 etiam

200 820 249 848 pro
261 812 293 839 iis
305 812 350 846 qui
372 811 494 838 laborare
515 810 617 844 nolunt,
633 810 680 837 sed
695 808 880 837 indifferenter
892 808 988 836 vivere

200 859 313 894 eligunt,
328 857 519 892 signiﬁcatque
533 856 591 883 hzec
609 855 691 882 dictio
706 855 731 882 id
747 855 818 890 quod
840 854 920 882 facile
941 859 984 882 est

200 889 354 932 etininiiiie
376 903 556 930 laboriosum:
580 902 607 929 in
626 902 728 938 angelis
750 889 839 930 autem
865 901 982 929 insinuat
1001 889 1021 916 Β

200 951 308 977 beatutn
323 953 350 976 et
364 948 491 983 passione
503 948 709 982 turbationeque
722 955 846 974 vacuum.
859 947 982 982 Congau-

200 995 361 1030 dentitaque
370 994 493 1022 deil'ormi
502 994 616 1029 quadam
625 993 804 1021 oblectatione
813 992 916 1028 angelis
922 1000 985 1020 con-

199 1042 335 1074 veniente,
348 1041 450 1068 idcirco
469 1042 552 1067 etiam
571 1040 640 1068 dixit
652 1039 794 1067 deiformi:
808 1040 894 1073 angeli
911 1040 982 1067 enim

199 1097 260 1117 cum
276 1088 331 1116 sint
343 1088 414 1116 inter
429 1087 509 1115 Deum
525 1086 703 1121 hominesque
718 1087 810 1120 medii,
823 1088 904 1114 rebus
924 1087 983 1122 qui-

199 1136 260 1164 dem
279 1134 451 1162 inferioribus
464 1133 627 1169 elIigiantur,
644 1133 828 1168 superioribus
843 1133 921 1169 152
934 1142 983 1160 au-

199 1185 253 1208 tem
274 1179 457 1207 insinuantur.
477 1178 709 1212 Quemadmodum
727 1179 810 1214 igitur
832 1180 914 1207 etiam
931 1179 982 1207 alia

200 1231 310 1254 terreno
330 1225 440 1261 quidem
465 1233 539 1253 more
562 1225 709 1258 dicuntur,
738 1225 786 1252 sed
815 1224 983 1253 deiformiter

199 1272 381 1307 accipiuntur,
396 1272 433 1299 ita
447 1271 482 1299 sit
497 1272 578 1299 etiam
592 1271 617 1297 in
637 1271 689 1298 hoc
710 1271 819 1298 nomine
841 1270 982 1307 ῥᾳστώνης

200 1327 249 1347 seu
270 1318 447 1346 oblectationis
463 1328 469 1345 ε
485 1322 528 1346 est
540 1318 612 1345 enim
625 1317 677 1344 illis
690 1314 816 1352 gaudium
830 1319 982 1354 copiosum,

200 1371 228 1393 et
240 1366 313 1393 bono
336 1365 392 1392 Deo
411 1365 586 1397 conveniens,
614 1366 647 1392 de
674 1364 760 1392 salute
785 1365 924 1392 hominum
949 1365 982 1392 ad

199 1411 283 1439 Deum
297 1418 501 1442 conversorum,
517 1415 543 1438 et
558 1411 591 1438 ad
607 1410 658 1438 hoc
672 1417 686 1436 a
708 1410 797 1438 divina
811 1407 982 1438 Providentia

199 1457 386 1484 deductorum.
411 1455 598 1483 Convertimini
618 1455 651 1481 ad
677 1463 728 1486 me,
746 1454 833 1490 inquit
854 1454 982 1482 Dominus

199 1502 234 1530 iis
247 1502 293 1536 qui
310 1502 399 1528 adhuc
412 1501 462 1529 sub
476 1505 646 1536 peccatorum
663 1500 793 1527 servitute
815 1499 982 1531 detinentur,

199 1553 224 1575 et
235 1553 373 1576 convertar
387 1547 422 1574 ad
433 1555 476 1574 vos
491 1551 514 1574 ι.
525 1546 559 1574 Et
569 1547 620 1574 hoc
632 1550 672 1573 est
683 1546 754 1581 quod
768 1552 783 1572 a
796 1552 891 1579 magno
900 1544 983 1571 Paulo
996 1559 1019 1587 ο

199 1593 378 1629 signiﬁcatur,
393 1593 529 1620 Christum
546 1600 594 1627 pro
610 1592 698 1624 nobis,
710 1599 771 1619 cum
784 1591 872 1618 adhuc
887 1597 983 1625 pecea-

200 1644 272 1668 tores
287 1647 420 1673 essemus,
434 1643 569 1666 mortuum
589 1646 660 1666 esse.
680 1638 832 1673 Gratiaeque
850 1638 904 1665 sint
922 1637 983 1664 inli-

198 1687 262 1714 nitae
277 1685 334 1720 ejus
347 1685 545 1720 longanimitati
562 1689 590 1712 et
603 1684 729 1717 bonitati,
742 1684 813 1719 quod
827 1691 880 1712 non
895 1683 981 1712 solum

199 1735 338 1767 acceptam
361 1731 461 1758 habeat
483 1729 681 1765 pmuitenliam,
698 1737 789 1756 verum
812 1729 893 1756 etiam
919 1735 981 1762 pro-

198 1780 277 1803 vocet
288 1780 315 1803 et
330 1779 470 1804 convertat
486 1775 519 1802 ad
532 1774 730 1809 pwnitentiam.
745 1773 801 1801 Etsi
817 1773 907 1808 itaque
921 1780 982 1807 pas-

199 1822 240 1849 sio
252 1829 304 1849 non
317 1821 352 1849 sit
366 1821 392 1848 in
409 1820 522 1856 angelis,
536 1824 578 1847 est
592 1824 681 1847 tamen
696 1819 722 1846 in
737 1819 769 1846 iis
780 1819 849 1846 bOna
863 1818 980 1846 aﬂ‘ectio.

199 1867 232 1895 Et
243 1867 367 1903 quamvis
382 1867 433 1894 hoc
445 1873 542 1894 nomen
558 1873 572 1893 a
589 1865 668 1893 nobis
681 1865 850 1899 desumptum
865 1864 910 1897 sit,
924 1871 982 1891 ma-

199 1914 241 1949 gis
269 1919 359 1940 tamen
381 1916 423 1940 est
442 1912 581 1946 proprium
605 1919 612 1937 :
639 1910 775 1946 ὲμπάθειιι
797 1911 867 1938 cnim
891 1915 982 1938 motus

198 1960 309 1995 quidam
328 1963 443 1987 estcum
464 1957 592 1993 paSsione
605 1957 776 1992 conjunctus,
792 1957 839 1983 sed
851 1955 982 1982 εὐπάθεια

198 2004 306 2033 habitus
324 2009 367 2032 Cal
387 2003 539 2031 affectionis
558 2003 646 2030 bonae.
668 2001 739 2029 Bene
763 2003 852 2036 itaque
873 2000 982 2028 all'ectOs

198 2059 263 2079 esse
274 2050 397 2086 angelbs,
410 2049 544 2085 signiﬁcat
556 2055 604 2076 eos
621 2048 689 2076 bene
702 2055 732 2075 se
748 2048 848 2075 habere
861 2055 909 2082 per
921 2055 981 2074 om-

201 2097 259 2130 nia,
269 2101 296 2125 et
309 2096 469 2124 incolumem
479 2102 572 2123 eorum
584 2098 684 2122 statum
700 2094 828 2121 existere.
847 2093 980 2121 Gaudium

199 2143 285 2178 igitur
298 2143 423 2177 designat
444 2140 606 2168 imitabilem
628 2138 702 2166 illutn
724 2138 849 2166 allectum
871 2139 980 2171 bonum,

199 2189 276 2223 cujus
287 2189 367 2216 etiam
379 2193 564 2222 saepenumero
577 2185 724 2221 participes
735 2185 811 2213 fuere
824 2185 921 2218 sancti,
934 2192 981 2219 per

1036 257 1210 292 Εὐαγγελίοις
1230 258 1311 293 φησὶν
1328 258 1342 283 ὁ
1356 256 1470 293 Κύριος·
1484 258 1646 291 Χαίρουσιν
1662 259 1689 284 οἱ
1704 258 1824 293 ἄγγελοι

1035 304 1084 331 ἐπὶ
1100 304 1144 331 ἑνὶ
1166 303 1330 338 ἁμαρτωλῷ
1345 303 1550 338 μετανοοῦντι.
1575 303 1623 336 Τίς
1643 303 1706 338 γοῦν
1721 303 1825 340 ἠχαρά

1035 349 1090 376 τῶν
1118 349 1258 384 ἀγγέλων;
1283 349 1312 375 οὐ
1335 348 1390 385 γὰρ
1403 349 1436 375 ἃν
1451 349 1522 376 εἴποι
1540 358 1582 382 τις
1599 349 1685 385 χαρὰν
1705 350 1753 376 ἐπὶ
1769 349 1825 377 τῶν

1035 395 1158 430 ἀγγέλων
1173 395 1242 422 εἶναι
1261 396 1309 431 τὴν
1329 395 1439 431 ἐμπαθῆ
1459 395 1571 431 ἡδονὴν,
1585 395 1634 431 τὴν
1651 395 1824 433 ἀνθρωπίνην

1035 441 1146 477 ταύτην,
1164 442 1201 473 ὡς
1214 442 1247 477 τῇ
1267 441 1331 478 περὶ
1347 441 1426 475 σῶμα
1438 441 1606 477 εύαλλοιώτῳ
1620 441 1752 478 εὐπαθείᾳ
1766 452 1824 470 συν-

1037 488 1182 524 ισταμένην
1193 496 1199 503 ”
1216 488 1284 515 ἀλλά
1298 488 1455 524 συγχαίρειν
1465 488 1588 522 λέγονται
1599 488 1639 524 τῷ
1651 488 1709 524 Θεῷ
1723 491 1757 526 τῇ
1768 490 1824 517 τῶν

1035 534 1211 562 ἀπολωλότων
1229 535 1336 571 εὑρέσει
1346 554 1352 566 ,
1368 535 1458 567 καθὼς
1474 535 1503 561 ὲν
1517 535 1693 570 Εὑαγγελίοις
1718 537 1824 571 μανθά-

1035 589 1132 616 νομεν,
1158 581 1229 607 κατὰ
1249 581 1298 616 τὴν
1320 581 1423 616 θεοειδῆ
1447 580 1598 616 ῥαστώνην.
1624 582 1773 616 Ἀναλὸγως
1794 582 1824 609 δὲ

1035 628 1081 654 ἐπὶ
1098 626 1219 661 ἀγγέλων
1242 626 1351 662 νοητέον
1368 627 1398 653 τὸ
1420 627 1469 662 τῆς
1491 627 1633 663 ῥᾳστώνης
1647 628 1749 663 ὅνομα-
1772 631 1823 665 pg.-

1035 673 1122 709 στὼνη
1144 673 1198 709 γάρ
1213 673 1286 699 ἐστιν
1304 674 1321 708 ἠ
1335 673 1438 709 ψυχικὴ
1455 673 1566 699 εὐκολία
1583 674 1630 699 καὶ
1646 674 1779 710 εὐμάρεια
1793 675 1824 701 ἐν

1035 719 1185 746 ἀναπαύσει
1201 718 1270 755 μετὰ
1285 718 1428 750 ἀπαθείας.
1444 718 1553 746 Τίθεται
1566 719 1593 746 δὲ
1607 718 1653 746 ἐπὶ
1665 720 1823 747 τῶν-πονεῖν

1036 766 1073 801 μὴ
1096 765 1275 801 βουλομένων,
1296 765 1353 791 ἀλλ’
1375 764 1530 800 ἀδιαφόρως
1550 765 1599 800 ζῇν
1616 765 1759 801 ἑλομένων,
1776 766 1823 793 καὶ

1035 812 1161 847 σημαίνει
1183 813 1199 847 ὴ
1222 811 1294 844 λέξις
1311 811 1341 837 τὸ
1356 810 1467 846 εὐχερὲς
1484 811 1530 837 καὶ
1545 811 1595 837 οὐκ
1615 811 1757 838 ἐπίπονον·
1777 812 1827 838 ἐπὶ

1034 857 1062 883 δὲ
1078 857 1132 884 τῶν
1144 857 1266 892 ἀγγέλων
1285 857 1317 883 τὸ
1336 857 1470 893 μακάριον
1485 857 1531 883 καὶ
1546 856 1650 889 ἀπαθὲς
1664 857 1710 883 καὶ
1725 857 1825 893 ἀόχλη-

1033 912 1078 930 τον
1100 904 1254 940 ὑποφαίνει.
1275 903 1455 939 Συγχαίρουσι
1478 902 1543 937 γοῦν
1564 903 1635 930 κατά
1648 904 1697 940 τὴν
1720 903 1827 940 θεοειδῆ

1035 951 1175 987 ῥᾳστώνην
1189 951 1239 986 τὴν
1249 951 1304 982 τοῖς
1319 950 1442 984 ἀγγέλοις
1460 950 1649 986 προσήκουσαν
1659 970 1666 982 ,
1688 950 1731 977 διὰ
1745 950 1824 977 τοῦτο

1033 998 1080 1025 καὶ
1099 998 1201 1033 θεοειδῆ
1216 996 1276 1024 εἷπε
1288 1006 1294 1012 ⁸
1313 998 1394 1033 μέσον
1408 997 1462 1034 γὰρ
1482 997 1550 1024 Θεοῦ
1570 998 1617 1024 καὶ
1635 997 1785 1034 ἀνθρώπων
1797 998 1825 1025 οἳ

1034 1044 1099 1071 θεῖοι
1113 1043 1222 1078 ἄγγελοι
1237 1043 1322 1075 ὄντες,
1336 1044 1393 1075 τοῖς
1405 1043 1480 1070 κάτω
1497 1044 1546 1079 μὲν
1564 1043 1751 1076 εἰκονίζονται,
1767 1045 1825 1076 τοῖς

1034 1091 1090 1118 ἀνω
1109 1090 1137 1116 δὲ
1157 1089 1381 1125 ὑπεμφαίνονται.
1410 1089 1453 1120 Ὧς
1473 1088 1539 1124 γοῦν
1556 1089 1602 1116 καὶ
1621 1089 1703 1116 τάλλα
1721 1090 1825 1125 γηΐνως

1035 1135 1084 1171 μὲν
1109 1134 1248 1168 λέγονται,
1274 1133 1397 1166 θεοειδῶς
1424 1133 1453 1160 δὲ
1479 1134 1710 1170 ἐκλαμϐάνονται,
1738 1134 1824 1166 οὕτως

1034 1180 1103 1207 ἔστω
1118 1180 1164 1206 καὶ
1178 1180 1225 1206 ἐπὶ
1241 1180 1291 1215 τῆς
1311 1179 1470 1216 ῥᾳστώνης·
1490 1179 1547 1206 ἔστι
1568 1179 1622 1216 γὰρ
1643 1179 1758 1214 ἄφθονος
1778 1179 1825 1206 εὐ-

1034 1226 1154 1262 φροσύνη
1168 1225 1282 1258 τούτοις,
1297 1226 1343 1252 καὶ
1364 1225 1403 1261 τῷ
1425 1225 1518 1260 ἀγαθῷ
1536 1225 1595 1260 Θεῷ
1613 1225 1763 1261 πρέπουσα,
1777 1225 1824 1252 ἐπὶ

1033 1274 1065 1308 τῇ
1083 1272 1207 1308 σωτηρίᾳ
1223 1272 1278 1298 τῶν
1300 1272 1346 1298 ἐπὶ
1359 1271 1426 1298 Θεὸν
1438 1271 1688 1307 ἐπιστρεφομὲνων,
1705 1272 1750 1298 καὶ
1761 1271 1823 1306 ὁδη-

1033 1319 1174 1353 γουμένων
1188 1318 1227 1349 εἰς
1240 1316 1320 1344 τοῦτο
1340 1316 1416 1353 παρὰ
1431 1317 1481 1352 τῆς
1499 1317 1572 1348 θείας
1589 1316 1726 1352 προνοίας.
1749 1316 1824 1343 Ἑπι-

1033 1363 1184 1399 στράφητε
1202 1363 1276 1397 πρὸς
1288 1362 1343 1398 μὲ,
1366 1363 1448 1398 φησὶν
1469 1362 1483 1388 ὁ
1505 1362 1606 1398 Κύριος
1623 1363 1679 1393 τοῖς
1698 1361 1738 1388 ἐτι
1763 1362 1824 1393 ταῖς

1033 1410 1179 1446 ἁμαρτίαις
1192 1408 1406 1444 δεδουλωμένοις,
1419 1408 1467 1435 καὶ
1474 1407 1735 1443 ἐπιστραφήσομαι
1748 1409 1824 1442 πρὸς

1033 1456 1120 1491 ὑμᾶς.
1136 1456 1192 1482 Καὶ
1211 1455 1290 1482 τοῦτό
1309 1456 1368 1481 ἐστι
1389 1454 1419 1481 τὸ
1439 1455 1515 1490 παρὰ
1534 1454 1573 1490 τῷ
1592 1454 1701 1490 μεγάλῳ
1723 1453 1823 1489 Παύλῳ

1033 1502 1206 1538 δηλούμενον,
1225 1502 1265 1528 ὅτι
1279 1501 1396 1537 Χριστὸς
1417 1501 1487 1537 ὑπὲρ
1506 1501 1583 1536 ἡμῶν
1598 1500 1766 1537 ἁμαρτωλῶν
1781 1500 1822 1526 ἔτι

1034 1546 1118 1574 ὅντων
1140 1547 1268 1573 ἀπέθανε.
1285 1546 1340 1572 Καὶ
1357 1546 1436 1581 χάρις
1450 1547 1482 1581 τῇ
1501 1543 1582 1572 αὑτοῦ
1597 1545 1702 1581 ἀπείρῳ
1717 1552 1827 1580 μακρο-

1034 1591 1118 1627 θυμία
1135 1591 1182 1618 καὶ
1200 1590 1366 1625 ἀγαθότητι,
1385 1590 1428 1616 ὃτι
1445 1589 1482 1625 μὴ
1504 1590 1584 1625 μόνον
1607 1590 1747 1625 προσίεται
1769 1588 1821 1624 τὴν

1035 1639 1187 1675 μετάνοιαν,
1209 1636 1277 1664 ἀλλὰ
1293 1637 1340 1664 καὶ
1359 1636 1570 1673 προσκαλεῖται,
1593 1635 1639 1661 καὶ
1662 1634 1821 1670 ἐπιστρέφει

1033 1685 1101 1721 πρὸς
1120 1684 1170 1720 τὴν
1193 1684 1346 1719 μετάνοιαν.
1372 1684 1404 1710 El
1425 1682 1491 1717 γοῦν
1507 1683 1554 1709 καὶ
1574 1682 1605 1708 τὸ
1629 1681 1750 1717 ἐμπαθὲς
1771 1681 1823 1707 οὐκ

1032 1731 1105 1757 ἐστιν
1130 1730 1178 1756 ἐπὶ
1199 1730 1253 1756 τῶν
1275 1730 1416 1764 ἀγγέλων,
1439 1729 1470 1754 τὺ
1487 1728 1604 1760 εὐπαθὲς
1621 1728 1704 1754 ἐστιν.
1727 1727 1758 1753 El
1775 1727 1822 1754 καὶ

1031 1777 1110 1804 τοῦτο
1121 1777 1154 1803 ἐκ
1168 1775 1222 1803 τῶν
1240 1776 1300 1803 καθ’
1317 1776 1400 1811 ἡμᾶς,
1414 1774 1469 1802 ἀλλ’
1482 1773 1528 1801 οὖν
1538 1774 1700 1808 οἰκειότερον
1709 1781 1716 1787 ·
1733 1773 1822 1808 ἐμπά-

1033 1823 1092 1850 θεια
1112 1823 1167 1860 γάρ
1193 1824 1253 1849 ἐστι
1276 1822 1382 1857 κίνησις
1408 1821 1477 1857 μετά
1495 1821 1617 1852 πάθους,
1639 1819 1769 1847 εὐπάθεια
1792 1819 1823 1846 δὲ

1030 1870 1087 1903 ἕξις
1099 1868 1128 1897 εὖ
1146 1869 1254 1905 ἔχουσα.
1270 1869 1306 1895 Τὸ
1319 1866 1348 1895 εὖ
1363 1867 1458 1894 παθεῖν
1471 1867 1536 1901 γοῦν
1552 1867 1615 1898 τοὺς
1632 1866 1762 1900 ἀγγέλους
1774 1865 1822 1901 δη-

1032 1916 1073 1943 λοῖ
1083 1916 1113 1942 τὸ
1129 1913 1157 1942 εὖ
1171 1914 1243 1950 ἔχειν
1254 1913 1298 1941 διὰ
1314 1913 1426 1946 παντὸς,
1442 1914 1489 1940 καὶ
1504 1912 1553 1948 τὴν
1567 1912 1696 1947 ἀπήμονα
1714 1911 1821 1946 ἐκείνην

1032 1960 1207 1987 κατάστασιν.
1221 1959 1302 1995 Δηλοϊ
1311 1958 1376 1993 γοῦν
1392 1957 1492 1993 ἠχαρά
1509 1957 1556 1993 τὴν
1577 1957 1694 1992 ἄρρητον
1713 1957 1822 1992 ἐκείνην

1032 2006 1189 2038 εὐπάθειαν,
1212 2003 1246 2041 ἦς
1268 2005 1296 2031 ἐν
1316 2004 1422 2040 μεθέξει
1440 2003 1569 2034 πολλάκις
1591 2003 1717 2036 γεγόνασι
1734 2002 1780 2028 καὶ
1795 2003 1820 2028 οἱ

1032 2052 1105 2087 ἀγιοι
1128 2051 1199 2079 κατά
1220 2051 1269 2083 τὰς
1292 2050 1367 2082 θείας
1390 2050 1576 2085 ἐπιφοιτήσεις
1593 2049 1646 2075 τῶν
1670 2048 1749 2075 θείων
1773 2049 1821 2075 καὶ

1032 2098 1109 2130 θεοὺς
1127 2097 1318 2133 ἐργαζομένων
1331 2096 1504 2131 ἐλλάμψεωνο
1523 2094 1585 2121 καθ’
1603 2094 1636 2129 ἣν
1649 2094 1757 2125 πάντως
1773 2093 1822 2120 εὕ-

1031 2143 1108 2177 λογόν
1122 2144 1195 2170 ἐστιν
1209 2142 1389 2178 ἐκλαμϐάνειν
1402 2143 1449 2168 καὶ
1464 2141 1494 2167 τὺ
1507 2141 1578 2176 ἱερὸν
1591 2140 1638 2167 τοῦ
1651 2141 1822 2174 Εὐαγγελίου

1033 2190 1113 2226 ῥητόν
1124 2197 1132 2204 θ
1154 2188 1325 2224 Ἐχάρησαν
1343 2188 1400 2215 οὖν
1421 2189 1448 2214 οι
1471 2187 1617 2222 μαθηταὶ,
1634 2186 1748 2219 ἰδόντες
1765 2186 1821 2213 τὸν

198 2234 311 2269 illapsns
325 2233 432 2260 divinos
455 2232 609 2260 divinarum
629 2231 841 2266 deiﬁcarumque
862 2231 981 2258 illustra-

1033 2236 1142 2269 Κύριον
1150 2243 1157 2250 ·
1174 2235 1204 2261 οὐ
1213 2234 1267 2270 γὰρ
1280 2233 1348 2260 εἶδον
1360 2233 1462 2266 ἁπλῶς,
1474 2234 1511 2265 ὡς
1522 2233 1569 2260 καὶ
1584 2232 1677 2259 ἄλλοτε
1694 2233 1820 2266 ἐὸλεπον,

198 2281 301 2308 tionum
323 2290 328 2306 :
346 2287 399 2314 quo
411 2285 492 2306 sensu
510 2278 591 2305 etiam
607 2281 682 2305 recte
696 2277 756 2311 capi
773 2276 857 2311 pOSSit
873 2283 978 2304 sacrum

198 2327 263 2354 illud
285 2326 386 2353 dictum
409 2324 546 2360 Evangelii
564 2335 570 2351 :
592 2323 680 2351 Gauisi
698 2328 759 2350 sunt
780 2322 914 2357 discipuli,
925 2323 980 2350 υἱιο

199 2372 311 2400 Domino
326 2377 350 2398 II.
372 2371 430 2399 Non
445 2371 517 2398 enim
532 2370 647 2405 simplici
669 2371 775 2397 ratione
794 2369 921 2396 videbant
936 2368 978 2404 ip-

198 2426 258 2446 sum
271 2418 310 2445 uti
322 2417 400 2451 alias,
408 2417 454 2445 sed
466 2420 527 2451 post
538 2421 652 2443 mortem
664 2417 764 2448 vivum,
778 2419 806 2443 et
819 2423 851 2442 ex
866 2415 982 2442 mortuis

197 2469 259 2500 post
283 2463 462 2499 sepulturam,
485 2466 512 2489 et
534 2469 596 2488 cum
620 2462 737 2488 humano
761 2461 858 2488 decore
882 2460 981 2487 divinis

197 2517 307 2546 quoque
321 2509 429 2537 dotibus
446 2508 589 2536 illustrem.
607 2507 722 2535 Pulchre
741 2507 802 2540 hoc,
821 2507 859 2534 uti
880 2511 909 2534 et
928 2506 981 2533 alia

197 2555 337 2591 complura
352 2562 367 2582 a
384 2559 479 2582 sancto
494 2554 545 2582 hoc
559 2554 618 2581 viro
635 2560 712 2580 sacro
723 2560 756 2580 ac
774 2551 881 2580 sublimi
900 2553 980 2580 modo

197 2601 335 2636 disputata
353 2605 435 2634 sunt;
458 2601 529 2628 unde
551 2599 634 2627 etiam
655 2598 819 2627 concludens
841 2605 981 2626 sermones

197 2654 261 2674 suos
278 2646 318 2674 ait
340 2657 347 2674 ε
365 2645 428 2673 llaec
443 2645 553 2680 quidem
568 2646 601 2672 de
615 2645 669 2679 his,
686 2652 745 2679 quae
763 2644 825 2671 licet
844 2645 878 2671 ab
899 2651 979 2671 accu—

198 2697 258 2720 rata
270 2692 434 2720 tractatione
445 2691 546 2724 absint,
558 2695 648 2718 tamen
662 2690 688 2718 id
697 2689 826 2722 eﬂicient,
837 2689 875 2716 uti
887 2696 976 2724 spero,

197 2746 233 2766 Ie
257 2739 361 2774 abjecte
385 2738 455 2774 typis
475 2738 660 2770 immoremur,
685 2735 795 2771 quando
819 2737 853 2762 de
876 2736 980 2769 angelis

197 2785 336 2820 quidpiam
353 2784 380 2811 in
395 2783 544 2819 Scripturis
557 2784 708 2811 audiemus.
723 2782 799 2816 Quod
818 2782 840 2809 si
853 2782 977 2818 obiicias,

249 2868 265 2889 1
276 2870 344 2892 Luc.
361 2873 414 2903 vv‘,
429 2864 471 2892 l0.
512 2869 523 2882 ι
538 2863 620 2892 Zach.
636 2872 661 2897 t,
677 2864 704 2890 5.
742 2870 754 2884 υ
769 2862 847 2892 Joan.
864 2872 912 2899 χι,
924 2863 970 2892 20.

1033 2279 1101 2306 ἀλλά
1119 2279 1188 2315 μετά
1208 2279 1320 2306 θάνατον
1333 2279 1431 2311 ζῶντα,
1445 2279 1492 2305 καὶ
1513 2279 1546 2304 ἐκ
1563 2278 1667 2314 νεκρῶν
1685 2278 1754 2314 μετὰ
1769 2279 1820 2315 τὴν

1031 2327 1136 2363 ταφὴν,
1159 2327 1206 2353 καὶ
1220 2326 1288 2362 μετὰ
1305 2327 1339 2353 τὰ
1359 2325 1575 2362 ἀνθρωποπρεπῆ
1593 2325 1684 2352 ἐκεῖνα
1704 2325 1739 2352 τά
1758 2325 1821 2352 θεῖα

1032 2376 1079 2402 καὶ
1095 2375 1166 2412 ὑπὲρ
1181 2375 1322 2411 ἄνθρωπον
1341 2374 1444 2410 ἔχοντα.
1463 2373 1561 2405 Καλῶς
1580 2373 1611 2399 τὸ
1631 2372 1693 2405 καὶ,
1711 2373 1751 2399 ὅτι
1771 2373 1820 2400 καὶ⁵

1031 2421 1098 2449 ἄλλα
1111 2420 1196 2448 πολλά
1208 2420 1287 2455 ῐερῶς
1303 2420 1350 2446 καὶ
1362 2418 1471 2454 ὑψηλῶς
1488 2418 1526 2453 τῷ
1538 2418 1609 2454 ἁγίῳ
1625 2418 1820 2453 πεφιλοσόφηνα

1030 2475 1092 2494 ται·
1111 2466 1172 2494 ὅθεν
1193 2466 1240 2492 καὶ
1260 2465 1429 2501 ἀποθέμενος
1444 2465 1508 2496 τοὺς
1528 2464 1624 2498 λόγους
1643 2464 1732 2499 λέγει·
1747 2465 1819 2491 Τοσ-

1032 2511 1102 2540 αῦτα
1113 2512 1160 2539 καὶ
1180 2512 1243 2548 περὶ
1259 2511 1359 2538 τούτων
1369 2530 1376 2543 ,
1388 2510 1437 2546 τῆς
1452 2511 1500 2546 μὲν
1517 2511 1659 2546 ἀκριῦείας
1670 2510 1818 2537 ἀπολειπό-

1034 2566 1111 2593 μενα,
1130 2556 1306 2583 συντελοῦντα
1322 2557 1366 2589 δὲ,
1380 2556 1418 2588 ὡς
1435 2556 1616 2592 ὑπολαμϐάνω
1626 2576 1633 2589 ,
1651 2556 1718 2592 πρὸς
1730 2556 1760 2585 τὸ
1779 2556 1820 2593 μὴ

1030 2603 1165 2635 ταπεινῶς
1184 2603 1257 2638 ἡμᾶς
1276 2602 1450 2638 ἐναπομένειν
1474 2604 1530 2635 τοῖς
1552 2602 1663 2635 τύποις,
1686 2603 1730 2629 ὅτε
1752 2603 1819 2638 περὶ

1028 2649 1083 2676 τῶν
1100 2648 1222 2683 ἀγγέλων
1234 2649 1263 2675 ὲν
1274 2650 1334 2680 ταῖς
1348 2649 1434 2684 ἱεραῖς
1446 2649 1568 2685 Γραφαίς
1580 2648 1724 2683 ἀκούομεν.
1743 2649 1775 2675 El
1786 2650 1819 2676 δὲ

1029 2694 1134 2728 λέγεις,
1147 2691 1169 2720 ὦ
1185 2695 1311 2730 ἀγαπητέ
1329 2694 1458 2729 Τιμόθεε,
1480 2695 1518 2726 ὡς
1537 2694 1567 2721 οὐ
1584 2694 1638 2721 τῶν
1651 2695 1773 2726 πάντων,
1798 2695 1818 2722 ἃ

1028 2740 1060 2776 δὴ
1080 2741 1108 2767 ἐν
1126 2742 1186 2772 ταῖς
1210 2742 1296 2776 ἱεραῖς
1312 2740 1434 2776 Γραφαῖς
1453 2741 1517 2778 περὶ
1539 2740 1660 2774 ἀγγέλων
1681 2740 1819 2775 λεγόμενα

1030 2785 1216 2821 εὑρίσκονται,
1243 2786 1336 2822 μνείαν
1357 2785 1560 2822 ἐποιησάμεθα·
1580 2786 1668 2812 ἐκείνὸ
1686 2794 1727 2813 στι
1743 2786 1817 2814 ἀπο.
