1931 3073
135 164 191 194 315

685 159 728 187 DE
737 159 879 188 ECCLES.
898 155 1096 189 HIERARCII.,
1113 155 1190 184 CAP.
1207 155 1224 181 1.

1712 154 1759 180 δη

135 231 168 251 τε
184 222 387 258 ὐποδεϐηκότας
403 221 517 248 ἕπεσθαι
540 221 590 257 μὲν
605 221 661 252 τοῖς
677 219 842 255 κρείττοσιν,
858 218 923 245 ἀνα-

977 215 1074 243 οωιιιω
1090 215 1142 242 sibi
1163 213 1291 241 divinitus
1304 212 1398 240 ‘sacrze
1417 210 1595 239 deiﬁcationis
1611 209 1759 244 participes

134 269 235 296 τείνειν
251 267 280 295 δὲ
301 268 364 300 τοὺς
381 268 479 303 ἥττους
497 268 545 294 ἐπὶ
560 266 596 293 τὰ
614 265 721 302 πρόσω·
743 265 807 296 τοὺς
826 264 855 291 δὲ
876 264 923 290 καὶ

135 313 271 350 προϊέναι,
285 314 333 341 καὶ
346 314 384 346 ὡς
399 313 511 341 δυνατὸν
528 312 630 349 ἑτέροις
641 311 766 348 ἡγεῖσθαι
775 311 810 343 ⁷⁸,
821 310 868 337 καὶ
878 309 924 336 διὰ

134 360 237 396 ταύτης
245 359 295 395 τῆς
307 358 398 386 ὲνθέου
413 359 460 386 καὶ
476 357 636 394 ίεραρχικῆς
657 356 790 393 ἁρμονίας
816 355 864 382 τοῦ
880 355 924 381 ὅν-

133 415 190 438 τως
206 406 281 438 ὄντος
297 404 380 433 καλοῦ
395 406 443 432 καὶ
459 404 541 440 σοφοῦ
564 405 610 431 καὶ¹
630 402 732 438 ἀγαθοῦ
755 401 877 438 μετέχειν
896 401 924 427 ἒ-

135 461 235 480 καστον
252 453 303 488 ὅση
319 451 440 487 δύναμις.

175 583 246 611 Ἀλλ’
262 585 289 610 αἱ
305 584 355 619 μὲν
371 583 442 620 ὑπὲρ
458 584 531 619 ἡμᾶς
543 583 633 610 οὐσίαι
647 583 694 610 καὶ
705 582 810 616 τάξεις,
822 580 860 610 ὧν
873 583 923 619 ήδη

137 630 249 666 μνήμην
271 628 346 664 ἱερὰν
363 628 552 664 ἐποιησάμην,
573 627 713 663 ἀσώματοι
739 628 768 654 τέ
792 629 862 661 εισι,
877 629 924 655 καὶ

135 676 219 711 νοητὴ
237 676 283 702 καὶ
295 674 478 711 ὑπερκόσμιός
492 674 566 701 ἐστιν
579 675 595 710 ἡ
610 675 669 701 κατ’
686 674 769 706 αὐτὰς
783 674 922 710 ίεραρχία·

134 723 187 758 τὴν
203 722 263 749 καθ’
277 722 350 757 ἡμᾶς
363 721 392 748 δὲ
407 720 515 757 ὁρῶμεν
536 720 674 755 ἀναλόγως
696 721 761 756 ἡμῖν
777 721 867 753 αὐτοῖς
890 722 923 756 τῇ

134 768 190 796 τῶν
218 767 354 804 αἰσθητῶν
379 767 520 803 συμϐόλων
546 766 667 802 ποικιλίᾳ
692 766 923 802 πληθυομένην⁸⁰,

135 815 182 850 ὑφ’
196 811 233 842 ὧν
250 813 413 850 ίεραρχικῶς
425 813 474 840 ἐπὶ
488 813 536 849 τὴν
548 812 648 848 ἐνοειδῆ
665 812 760 840 θέωσιν
771 813 800 840 ἐν
818 821 923 848 συμμε-

134 861 201 896 τρίᾳ.
211 862 244 896 τῇ
258 860 319 887 καθ’
334 861 407 896 ἡμᾶς
426 858 592 895 ἀναγόμεθα,
609 858 675 886 Θεόν
693 867 725 887 τε
739 860 785 886 καὶ
799 859 873 886 Θείαν
894 860 924 887 ἀ-

973 263 1089 296 reddat;
1103 261 1143 289 sic
1154 266 1184 288 ut
1197 259 1296 288 subditi
1310 259 1463 294 superiores
1477 257 1584 292 quidem
1598 263 1757 292 sequantur,

974 312 1012 339 ita
1027 314 1118 339 tamen
1132 314 1161 337 ut
1178 313 1207 337 et
1231 308 1281 344 ipsi
1305 305 1384 335 simul
1405 305 1548 333 inferiores
1567 305 1601 331 ad
1622 308 1758 332 anteriora
1786 328 1788 330 τ

975 360 1164 393 promoveant,
1179 354 1225 390 qui
1239 354 1296 390 jam
1312 352 1432 388 provecti
1449 351 1510 379 aliis
1524 351 1605 378 etiam
1622 358 1671 385 pro
1687 350 1759 378 vrrili
1787 385 1789 388 Ι

973 402 1100 430 ducatum
1115 404 1257 437 praestent,
1271 404 1354 435 atque
1368 397 1419 426 hac
1431 397 1523 424 divina
1539 403 1673 432 sacraque
1687 396 1761 424 ordi-
1792 400 1796 404 '

974 449 1018 476 nis
1040 447 1240 480 consensione,
1264 452 1312 480 pro
1335 443 1445 471 modulo
1470 443 1586 478 quisque
1609 451 1675 476 suo,
1694 449 1761 470 vero

974 494 1095 522 essentia
1119 501 1167 521 sua
1189 491 1308 528 pulchri,
1329 489 1460 526 sapientis
1483 497 1514 517 ac
1536 489 1600 518 boni
1623 488 1761 524 particeps

973 539 1083 567 existat.

1009 585 1144 614 Caeterum
1171 583 1345 612 sublimiores
1370 582 1428 610 istae
1455 586 1559 608 naturae
1585 576 1759 614 ordinesque,

974 639 1089 668 quarum
1111 631 1296 659 venerandam
1317 636 1399 663 supra
1413 627 1466 655 feci
1482 626 1658 657 mentionem,
1674 631 1702 653 et
1716 626 1761 653 in-

975 685 1113 713 corporeae
1126 681 1200 710 sunt,
1211 680 1239 704 et
1251 675 1383 711 spiritalis
1396 681 1428 702 ac
1441 672 1672 709 supermundialis
1685 679 1760 700 sacer

975 724 1080 752 illarum
1092 723 1264 759 magistratus
1276 721 1384 754 existit;
1403 725 1525 748 nostrum
1537 726 1602 748 vero
1614 719 1761 751 cernimus,

975 772 1080 799 diversa
1094 770 1128 798 ab
1142 770 1208 805 ipsis
1220 769 1335 800 ratione,
1349 767 1516 795 sensibilium
1527 767 1661 795 varietate
1672 766 1760 802 signo-

975 824 1035 844 rum
1051 814 1236 850 multiplicari,
1252 814 1351 848 quibus
1364 816 1538 840 sacrosancte
1550 813 1583 840 ad
1597 812 1760 840 uniformem

975 861 1183 889 deiformitatem
1203 868 1252 896 pro
1270 865 1350 895 captu
1373 864 1479 892 nostro,
1494 864 1522 887 et
1544 859 1577 886 ad
1593 859 1676 887 Deum
1691 859 1760 886 divi-

136 908 228 944 ρετήν.
242 907 275 933 Αἱ
290 906 350 942 μὲν,
367 906 405 938 ὡς
419 906 489 938 νόες,
505 905 596 933 νοοῦσι
610 905 679 933 κατὰ
698 906 728 932 τὸ
742 906 836 938 αὐταῖς
852 906 923 942 θεμι-

979 916 1095 943 namque
1108 907 1234 935 virtutem
1251 913 1452 939 promoventur.
1466 905 1525 933 lstze
1535 906 1656 940 quidem,
1669 909 1761 940 utpote

134 953 196 980 τόν·
220 954 299 988 ἡμεῖς
318 953 347 979 δὲ
366 952 507 988 αἰσθηταῖς
527 952 629 979 εἰκόσιν
652 953 699 979 ἐπὶ
713 952 762 985 τὰς
783 952 873 985 θείας,
887 953 925 985 ὡς

134 999 258 1031 δυνατὸν,
282 998 438 1034 ἀναγόμεθα
453 998 580 1035 θεωρίας.
596 998 715 1035 ’Δληθῶς
729 1008 759 1026 τε
781 1000 878 1032 εἰπεῖν,
896 999 926 1026 ἔν

137 1045 189 1081 μέν
209 1045 282 1071 ἐστιν
293 1065 300 1078 ,
314 1041 344 1071 οὗ
363 1044 464 1077 πάντες
479 1046 504 1072 οἱ
519 1044 644 1077 θεοειδεῖς
655 1045 676 1061 ⁸¹
691 1045 812 1080 ἐφίενται
822 1066 829 1079 ,
847 1046 926 1082 μετέ-

135 1100 215 1127 χουσι
231 1091 259 1118 δὲ
275 1091 324 1127 οὐχ
340 1092 449 1123 ὲνιαίως
463 1091 562 1119 ταὺτοῦ
578 1100 607 1119 τε
623 1093 670 1119 καὶ
685 1092 745 1124 ἑνὸς
764 1092 850 1126 ὄντος,
868 1093 924 1120 ἀλλ’

135 1137 175 1170 ὡς
196 1137 303 1173 ἑκάστῳ
318 1137 353 1165 τὰ
374 1137 434 1165 θεῖα
456 1137 527 1173 ζυγὰ
551 1138 675 1175 διανέμει
694 1139 754 1166 κατ’
778 1139 856 1172 ἀξίαν
876 1140 925 1176 τὴν

136 1183 339 1220 ἀποπλήρωσιν,

179 1318 258 1346 Ἀλλὰ
274 1319 360 1347 ταῦτα
377 1321 427 1356 μὲν
443 1323 508 1358 ἡμῖν
524 1322 554 1348 ὲν
574 1323 606 1358 τῇ
626 1322 690 1358 περὶ
703 1323 806 1358 νοητῶν
830 1331 860 1349 τε
879 1323 926 1349 καὶ

134 1363 272 1400 αἰσθητῶν
284 1367 460 1404 πραγματείᾳ
473 1367 690 1404 διεξοδικώτερον
701 1368 821 1404 εἴρηται·
836 1369 883 1396 νῦν
896 1369 925 1396 δὲ

134 1411 187 1446 τὴν
197 1410 336 1446 καθ’ήμᾶς
353 1412 502 1448 ίεραρχίαν,
515 1413 603 1449 ἀρχήν
616 1422 646 1440 τε
659 1414 745 1450 αὐτῆς
759 1415 806 1440 καὶ
821 1413 923 1445 οὐσίαν,

133 1456 173 1489 ὡς
192 1454 247 1483 οἷόν
266 1466 312 1490 τε,
330 1458 418 1484 εἰπεῖν
436 1459 615 1494 πειράσομαι,
644 1459 695 1495 τὴν
719 1459 813 1486 πασῶν
833 1460 925 1496 [epap-

133 1502 203 1539 χιῶν
222 1504 308 1540 ἀρχήν
329 1513 358 1531 τε
380 1505 426 1532 καὶ
446 1505 601 1538 τελείωσιν,
628 1505 731 1541 Ἰησοῦν
747 1506 924 1540 Αὲπικαλεσά-

135 1556 226 1582 μενος.

977 959 1093 987 mentes,
1110 958 1191 989 prout
1215 952 1268 980 illis
1283 953 1323 980 fas
1345 957 1387 981 est
1408 952 1581 988 intelligunt;
1601 959 1650 980 nos
1668 959 1732 979 vero
1745 959 1759 979 ε

975 1007 1056 1028 sensu
1084 1000 1219 1036 perceptis
1242 999 1407 1035 imaginibus
1433 999 1466 1027 ad
1490 999 1607 1032 divinas,
1629 1003 1760 1033 quantuli.

975 1055 1130 1084 pessumus,
1148 1046 1390 1081 contemplationes
1406 1045 1591 1073 sublevantur.
1606 1044 1641 1072 Et
1656 1049 1685 1071 ut
1700 1051 1760 1071 vere

975 1095 1074 1128 dicam,
1091 1101 1176 1121 unum
1192 1093 1301 1128 quidem
1318 1097 1369 1124 est,
1389 1092 1462 1127 quod
1482 1099 1576 1119 omnes
1598 1090 1644 1126 qui
1661 1090 1760 1118 deil'or-

978 1147 1036 1167 mes
1049 1143 1112 1166 sunt
1127 1142 1266 1174 appetunt,
1280 1137 1339 1172 ejus
1351 1141 1453 1170 tamen,
1468 1137 1539 1172 quod
1554 1136 1665 1163 omnino
1679 1143 1760 1162 unum

976 1189 1057 1222 atque
1082 1185 1152 1212 idem
1174 1188 1225 1216 est,
1241 1191 1293 1212 non
1319 1183 1447 1210 unimode
1467 1183 1613 1218 participes
1631 1183 1761 1216 eximunt,

976 1233 1023 1260 sed
1038 1237 1118 1268 prout
1129 1232 1239 1260 cuilibet
1251 1239 1301 1266 pro
1328 1231 1425 1259 merito
1439 1235 1540 1259 sortem
1555 1231 1647 1259 divina
1661 1230 1761 1257 trutina

976 1277 1125 1305 distribuit.

1012 1322 1112 1350 Verum
1135 1323 1186 1350 ista
1207 1323 1232 1350 in
1252 1330 1334 1358 Opere
1353 1323 1387 1350 de
1404 1322 1438 1349 iis
1450 1329 1510 1357 qua
1525 1321 1575 1349 sub
1597 1320 1760 1349 intellectum

976 1375 1008 1395 ac
1027 1375 1137 1396 seusqu
1158 1367 1269 1400 cadunt,
1284 1367 1370 1395 iusius
1386 1374 1401 1394 a
1423 1367 1502 1394 nobis
1522 1366 1662 1394 enucleata
1682 1370 1760 1398 sunt;

976 1413 1056 1441 tuodo
1078 1421 1144 1441 vero
1163 1420 1271 1440 sacrum
1292 1417 1415 1440 nostrum
1435 1412 1568 1444 ordinem,
1588 1412 1762 1447 ejusdemque

975 1458 1109 1493 originem
1124 1462 1150 1485 et
1168 1458 1327 1491 essentiam,
1343 1458 1432 1492 quoad
1444 1456 1559 1484 facultas
1572 1456 1699 1492 suppetit,
1716 1464 1761 1484 ex-

975 1511 1076 1540 ponere
1094 1504 1226 1537 conabor,
1242 1504 1366 1532 omnium
1380 1511 1522 1532 sacrorum
1542 1503 1668 1531 ordinum
1684 1503 1760 1538 priu-

976 1551 1076 1586 cipium
1090 1559 1122 1579 ac
1133 1551 1397 1579 consummationem
1411 1551 1542 1578 invocans
1554 1548 1654 1578 Iesum.

895 1634 909 1671 §
925 1633 979 1664 III.

171 1703 249 1729 Ἐστι
265 1703 314 1739 μὲν
331 1703 457 1740 ίεραρχία
469 1704 554 1737 πᾶσα,
575 1703 646 1731 κατὰ
659 1703 690 1730 τὸ
706 1704 805 1731 σεπτὸν
824 1705 873 1740 τῆς
890 1705 923 1740 ή-

1009 1704 1058 1732 Est
1074 1702 1227 1731 bierarchia
1251 1710 1298 1730 seu
1313 1703 1381 1730 ordo
1395 1710 1474 1742 sacer
1487 1702 1577 1730 omnis
1587 1701 1664 1737 juxta
1679 1709 1758 1730 vene-

135 1748 195 1784 μῶν
221 1749 393 1784 παραδόσεως
402 1749 434 1783 ⁸³,
460 1750 475 1776 6
491 1751 545 1782 πᾶς
563 1750 618 1778 τῶν
637 1750 824 1786 ὑποκειμένων
843 1750 924 1786 ἱερῶν

133 1795 222 1829 λόγος,
240 1795 445 1832 καθολικωτάτη
453 1796 476 1812 ⁸³
488 1796 543 1824 τῶν
555 1797 636 1833 τῆσδε
649 1797 730 1832 τυχὸν
739 1796 890 1833 ἱεραρχίας,
906 1797 923 1832 ἢ

132 1841 215 1876 τῆσδε
236 1841 316 1876 ἱερῶν
332 1841 575 1876 συγκεφαλαίωσις.
590 1842 622 1868 Ἡ
640 1841 701 1869 καθ’
719 1842 793 1878 ἡμᾶς
814 1839 861 1868 οὖν
885 1842 923 1868 ἰε-

133 1888 235 1924 ραρχία
246 1887 353 1922 λέγεται
369 1888 417 1915 καὶ
437 1887 511 1914 ἔστιν
528 1889 545 1923 ἡ
567 1889 727 1925 περιεκτικὴ
739 1888 793 1915 τῶν
805 1888 865 1915 κατ’
876 1888 924 1914 αὺ-

131 1933 183 1970 τὴν
200 1933 326 1960 ἁπάντων
339 1933 420 1969 ιερῶν
433 1934 608 1969 πραγματεία
617 1954 625 1967 ,
643 1934 704 1961 καθ’
715 1935 748 1970 ἢν
762 1935 776 1962 6
792 1934 862 1966 θεῖος
883 1935 922 1961 ie-

133 1979 239 2016 ράρχης
248 1979 420 2015 τελούμενος,
433 1980 561 2007 ἁπάντων
572 1980 628 2014 ἕξει
642 1981 697 2008 τῶν
710 1981 771 2008 κατ’
786 1981 867 2008 αὑτὸν
884 1981 922 2007 ἱε-

133 2026 262 2062 ρωτάτων
274 2026 325 2062 τὴν
344 2025 467 2062 μέθεξιν,
490 2025 528 2058 ὡς
546 2027 686 2062 ἱεραρχίας
703 2027 856 2063 ἐπώνυμος.
879 2028 922 2060 Ὡς

131 2071 187 2107 γὰρ
209 2072 350 2108 ίεραρχίαν
372 2073 386 2099 6
405 2073 504 2108 φήσας,
529 2072 656 2100 ἁπάντων
683 2072 751 2108 ὁμοῦ
774 2073 922 2109 συλλήϐδην

131 2116 185 2153 ἔφη
199 2117 248 2153 τὴν
263 2118 317 2145 τῶν
339 2118 419 2154 ἱερῶν
437 2117 631 2154 διακόσμησιν·
648 2118 735 2150 οὕτως
758 2118 890 2154 ἱεράρχην
908 2119 922 2145 6

131 2163 218 2197 λέγων
229 2163 304 2199 δηλοί
317 2164 363 2191 τὸν
379 2163 469 2191 ἐνθεόν
482 2173 511 2191 τε
523 2165 571 2191 καὶ
582 2164 653 2191 θεῖον
666 2164 760 2200 ἄνδρα,
769 2164 815 2191 τὸν
832 2164 922 2201 πάσης

132 2211 209 2246 ἱερᾶς
223 2211 392 2246 ἐπιστήμονα
404 2210 540 2246 γνώσεως,
552 2211 582 2238 ἐν
596 2207 618 2245 ᾧ
630 2212 677 2238 καὶ
690 2211 818 2247 καθαρῶς
831 2212 847 2247 ἠ
860 2211 921 2238 κατ’

130 2257 212 2284 αὑτὸν
228 2257 354 2294 ίεραρχία
373 2258 448 2285 πᾶσα
463 2258 582 2285 τελεῖται
598 2258 644 2285 καὶ
657 2257 831 2293 γινώσκεται.
848 2259 921 2286 Tati—

129 2311 181 2339 της
200 2303 271 2339 ἀρχὴ
287 2304 336 2339 τῆς
359 2304 529 2340 ιεραρχίαςή
546 2304 621 2340 πηγὴ
639 2304 688 2340 τῆς
705 2304 793 2340 ζωῆς,
811 2306 828 2341 ἡ
844 2306 921 2332 οὐσία

129 2349 181 2384 τῆς
194 2349 369 2385 ἁγαθότητος,
382 2351 398 2385 ή
412 2350 462 2386 μία
476 2350 531 2377 τῶν
544 2350 630 2377 ὄντων
646 2350 722 2378 αίτία
733 2351 830 2387 Τριὰς,
844 2352 874 2386 ἐξ
887 2350 920 2388 ἧς

975 1752 1086 1778 randam
1100 1749 1179 1778 nobis
1191 1753 1394 1777 sacrosanctam
1403 1749 1590 1782 traditionem,
1601 1748 1759 1776 universalis

975 1803 1066 1824 rerum
1077 1803 1217 1824 sacrarum
1231 1795 1273 1823 illi
1288 1796 1473 1831 subjectarum
1489 1795 1571 1828 ratio,
1585 1802 1634 1822 seu
1648 1802 1758 1828 genera-

974 1841 1077 1870 lissima
1090 1849 1197 1875 eorum,
1213 1850 1274 1877 qua:
1286 1841 1338 1870 sub
1353 1842 1475 1869 ordinem
1491 1841 1602 1873 cadunt,
1616 1840 1642 1867 id
1653 1844 1694 1867 est
1715 1847 1758 1866 sa—

974 1896 1082 1917 crorum
1094 1896 1212 1916 summa.
1236 1888 1321 1916 Sacer
1335 1888 1417 1923 igitur
1429 1888 1495 1914 ordo
1509 1891 1602 1914 noster
1618 1886 1719 1913 dicitur
1732 1889 1758 1912 et

973 1939 1015 1962 est
1025 1934 1141 1968 functio,
1158 1937 1285 1962 universa
1304 1942 1382 1962 sacra
1398 1934 1424 1961 in
1443 1940 1472 1961 se
1488 1933 1685 1967 complectens,
1705 1938 1757 1965 qua

973 1981 1081 2008 divinus
1102 1981 1221 2016 pontifex
1248 1980 1380 2015 initiatus,
1400 1980 1522 2008 omnium
1546 1987 1595 2014 per
1617 1987 1646 2007 se
1668 1986 1757 2006 rerum

973 2027 1219 2056 sacratissimarum
1241 2027 1375 2062 particeps
1393 2027 1496 2060 existit,
1519 2027 1544 2053 in
1571 2029 1703 2061 quantum
1714 2032 1756 2051 sa-

972 2073 1069 2102 cerdos
1093 2081 1217 2101 summus
1231 2073 1392 2108 appellatur.
1410 2073 1486 2100 Sicut
1500 2073 1572 2100 enim
1588 2071 1633 2106 qui
1648 2078 1756 2098 sacrum

971 2120 1095 2148 ordinem
1111 2121 1273 2153 nominavit,
1286 2120 1409 2147 omnium
1431 2118 1512 2146 simul
1534 2117 1693 2152 compendio
1712 2123 1757 2143 sa-

972 2173 1081 2194 crorum
1096 2166 1167 2194 dixit
1187 2166 1432 2201 dispensationem;
1450 2165 1486 2191 ita
1502 2163 1549 2199 qui
1563 2169 1699 2190 summum
1714 2169 1756 2193 sa-

972 2213 1109 2241 cerdotem
1129 2212 1257 2247 appellat,
1274 2212 1328 2240 Deo
1344 2211 1440 2239 intime
1463 2210 1570 2237 unitum
1585 2216 1618 2237 ac
1632 2209 1756 2236 divinum

971 2260 1051 2296 plane
1066 2261 1153 2288 virum
1168 2260 1314 2295 signiﬁcat,
1327 2259 1401 2287 omni
1415 2266 1493 2287 sacra
1511 2258 1668 2293 cognitione
1692 2263 1756 2291 per-

971 2306 1095 2341 politum,
1107 2307 1134 2333 in
1146 2313 1199 2341 quo
1211 2306 1312 2338 omnis,
1324 2313 1385 2340 quae
1398 2305 1436 2332 illi
1451 2305 1530 2337 inest,
1545 2307 1664 2338 potestas
1677 2309 1756 2329 sacra

971 2358 1175 2380 cortsummatur
1189 2357 1270 2388 atque
1284 2352 1466 2387 cognoscitur.
1486 2350 1569 2384 Hujus
1591 2349 1668 2385 origo
1683 2348 1756 2376 sacri

130 2397 178 2423 καὶ
194 2396 224 2422 τὸ
240 2394 308 2423 εἶναι
325 2397 371 2423 καὶ
385 2392 458 2424 τὸέὗ
474 2395 543 2424 εἶναι
559 2399 615 2429 τοῖς
632 2395 692 2424 οὖσι
706 2397 741 2425 δι’
752 2399 917 2435 ἀγαθότητα.

976 2399 1139 2434 principatus
1159 2398 1220 2427 fons
1235 2404 1276 2427 est
1290 2399 1362 2433 vitae,
1382 2397 1463 2434 156
1477 2397 1594 2425 essentia
1614 2395 1756 2428 bonitatis,

129 2443 224 2480 Ταύτῃ
239 2443 267 2470 δὲ
283 2445 317 2479 τῇ
334 2444 442 2470 πάντων
461 2443 589 2470 ἐπέκεινα
604 2443 811 2482 θεαρχικωτάτῃ
829 2454 917 2481 μακα-

971 2452 1024 2472 una
1041 2452 1131 2473 rerum
1145 2445 1265 2472 omnium
1281 2452 1363 2472 causa
1378 2443 1510 2477 Trinitas,
1526 2451 1560 2471 ex
1575 2450 1628 2477 qua
1643 2449 1694 2477 per
1706 2442 1756 2469 bo—

131 2489 245 2524 ριότητι,
256 2490 289 2524 τῇ
300 2491 397 2525 τρισσῇ
407 2490 441 2525 τῇ
458 2489 551 2525 μονάδι
565 2491 597 2525 τῇ
608 2489 692 2521 ὅντως
704 2489 783 2526 οὔσῃ,
801 2491 871 2518 κατὰ
886 2492 917 2518 τὸ

976 2492 1066 2520 uitatis
1088 2492 1295 2520 redundantiam
1315 2496 1343 2520 et
1360 2493 1449 2528 ipsum
1470 2499 1542 2525 esse,
1559 2499 1592 2519 ac
1607 2491 1678 2519 bene
1694 2497 1756 2518 esse

128 2536 194 2570 ἡμῖν
210 2535 260 2570 μὲν
273 2535 425 2569 ἀνέφικτον,
443 2536 512 2572 αὑτῇ
528 2536 556 2563 δὲ
572 2537 726 2572 ἐπιστητὸν,
744 2536 850 2572 θέλημα
867 2537 917 2573 μέν

976 2539 1062 2567 rebus.
1077 2538 1143 2567 Huic
1153 2544 1242 2568 autem
1254 2539 1344 2567 omnia
1358 2538 1561 2566 transcendenti
1577 2537 1756 2566 divinissima:

127 2583 203 2608 ἐστιν
219 2581 236 2616 ἡ
251 2580 346 2617 λογικὴ
372 2582 492 2618 σωτηρία
513 2583 574 2610 καθ’
595 2584 668 2619 ἡμᾶς
678 2583 702 2599 ⁸⁵
723 2592 752 2610 τε
776 2584 822 2611 καὶ
847 2585 916 2621 ὑπὲρ

976 2587 1141 2620 aeatitudini,
1155 2587 1234 2615 trinae
1245 2587 1352 2619 unitati,
1365 2595 1428 2615 vere
1449 2586 1587 2620 existenti,
1601 2585 1681 2613 modo
1695 2584 1741 2619 qui

126 2628 203 2663 ἡμᾶς
215 2627 328 2655 οὐσιῶν·
346 2629 363 2664 ἠ
375 2628 403 2655 δὲ
421 2629 470 2664 οὐχ
484 2628 585 2664 ἑτέρως
600 2629 727 2664 γενέσθαι
740 2630 862 2664 δύναται,
877 2631 914 2667 μὴ

976 2632 1031 2660 iem
1049 2631 1128 2659 nobis
1147 2631 1385 2668 incomprehenso,
1409 2632 1458 2667 ipsi
1481 2638 1574 2659 autem
1597 2630 1752 2661 notissimo,

783 2722 898 2751 VARhE
919 2723 1116 2754 LECTIONES.

163 2797 187 2839 ’ξ
202 2798 245 2825 ἑτέ
288 2807 302 2831 ς
324 2799 502 2835 εἰσηγεῖσθαι,
519 2799 554 2828 Μ.
572 2799 601 2830 S.
620 2800 650 2828 B.
667 2802 779 2838 corrigit
800 2803 913 2839 ἑτέροις.
931 2804 954 2820 ⁸⁰
974 2804 1190 2840 πληθυνομένην,
1211 2804 1243 2831 ν.
1261 2804 1361 2837 minor,
1385 2803 1417 2831 D.
1439 2803 1490 2831 Ch.
1527 2802 1549 2818 ⁸¹
1566 2801 1699 2833 ἑνοειδεῖςο
1718 2800 1750 2827 V-

127 2840 225 2868 major,
300 2834 350 2861 Ch.
364 2835 394 2863 P.
409 2835 452 2862 Se.
475 2835 538 2862 Sar.
575 2836 597 2852 ⁸¹
615 2836 686 2863 κατὰ
701 2838 731 2864 τὸ
750 2839 848 2864 σεπτὸν
878 2839 928 2868 τῆς
954 2839 1033 2868 ἡμῶν
1061 2840 1136 2868 ἱερᾶς
1159 2839 1342 2868 παραδόσεως.
1372 2839 1448 2867 Vieu.
1471 2838 1534 2868 mai.
1563 2838 1594 2864 D.
1612 2836 1644 2863 P.
1659 2836 1688 2862 S.
1703 2836 1749 2862 Se.

127 2840 225 2891 2‘91“.
246 2839 278 2860 υ·
300 2839 394 2877 “Ir-1’.
409 2839 452 2862 Sc.
475 2839 552 2878 Satn,
575 2839 597 2852 ⁸¹
615 2839 686 2877 κατὰ
701 2839 731 2864 τὸ
750 2839 848 2864 σεπτὸν
878 2839 928 2882 τῆς
954 2840 971 2874 ἡ
995 2839 1033 2866 ῶν
1061 2840 1136 2875 ἱερᾶς
1159 2839 1342 2874 παραδόσεως,
1372 2839 1448 2867 Vieu.
1471 2839 1534 2879 tua].
1563 2839 1594 2864 D.
1612 2839 1644 2863 Ρ.
1703 2839 1749 2862 δι’.

128 2870 310 2932 ἱξᾉνοερᾶς,
328 2871 378 2898 (.h.
415 2871 438 2887 ⁸³
456 2871 604 2907 ίερωσυνης
631 2872 717 2906 Λόγος,
745 2874 761 2908 ὴ
782 2874 874 2901 καθολ.
895 2875 944 2903 Lb.
1014 2875 1061 2909 DL;
1083 2874 1153 2911 ἱερὸς
1172 2875 1250 2909 λόγος
1279 2876 1308 2903 Ρ.
1328 2875 1389 2904 Sor.
1428 2874 1449 2890 ’δ
1464 2882 1517 2901 των
1541 2872 1601 2900 καθ’
1618 2871 1700 2906 ἡμας.
1720 2872 1751 2898 ι)-
