1931 3073
189 123 238 150 675

785 123 813 151 S.
828 123 977 150 DIONYSII
994 123 1225 151 AREOPAGITE

1767 126 1801 154 76

187 182 218 209 iu
233 181 302 210 votis
317 180 424 215 quidem
439 184 481 208 est
496 181 635 209 rationalis
650 180 803 216 (creatum)
816 181 901 214 salus,
913 187 966 209 tam
983 207 985 211 .

1039 180 1171 216 εουμένων
1196 181 1250 208 τῶν
1275 181 1441 217 σωζομένων.
1469 182 1500 208 Ἠ
1522 182 1549 208 δὲ
1570 181 1665 214 θεωσίς
1691 182 1762 208 ἔστιν
1785 183 1802 217 ἡ

185 231 283 255 nostra
307 235 389 262 quam
412 228 543 255 mentium
567 235 762 262 supernorum;
783 232 969 254 verumtamen

190 270 247 300 haec
264 272 337 301 salus
361 273 395 301 iis
409 273 455 308 qui
477 273 620 300 salvantur
640 272 748 300 nonnisi
768 273 822 306 jam
839 273 971 300 deiﬁcatis

192 323 279 357 potest
301 318 453 353 obtingere.
479 318 526 345 Est
549 324 639 346 autem
668 319 725 346 bazc
748 319 895 351 deiﬁcatio,
924 318 970 346 Dei

192 365 326 398 quaedam,
348 364 437 399 quoad
462 364 520 392 ﬁeri
543 369 640 400 potest,
659 365 818 393 assimilatio
843 365 971 399 unioque.

193 410 272 438 Omni
286 417 366 444 porro
379 409 468 437 ordini
483 417 561 437 sacro
573 411 724 438 communis
736 418 834 445 scopus
845 415 896 443 est,
909 418 972 445 erga

193 456 278 487 Deum
290 461 317 484 et
331 465 372 484 res
383 456 489 484 divinas
500 457 628 484 continua
640 457 761 490 dilectio,
774 465 833 492 quae
845 457 975 484 divinitus

224 503 335 535 seritur,
353 507 379 530 et
392 510 440 538 per
454 502 512 538 ejus
525 504 651 530 unionem
671 507 882 535 consummatur,
900 511 974 537 qua:-

195 555 247 583 que
263 549 313 575 bac
333 548 407 582 prior
424 553 476 581 est,
494 549 532 576 illi
550 549 752 577 adversantium
775 548 931 576 omnimoda
946 554 974 576 et

193 593 383 621 irrevertibilis
409 593 481 629 fuga,
509 595 628 629 cognitio
651 602 740 622 rerum
766 601 818 628 qua
835 602 879 621 rcs
901 599 973 627 sunt,

194 647 279 666 sacra:
297 639 420 667 veritatis
440 641 507 668 visio
527 640 708 674 scientiaque,
730 639 863 674 simplicis
886 639 974 674 perfe-

1024 228 1092 262 πρὸς
1108 227 1187 259 Θεὸν,
1207 227 1244 260 ὡς
1265 228 1374 262 ἐφικτὸν
1384 248 1391 260 ,
1409 228 1576 264 ὰφομοίωσίς
1590 236 1619 254 τε
1632 227 1679 254 καὶ
1695 227 1802 260 ἔνωσις.

1028 272 1150 307 Ἀπάσης
1169 272 1196 299 δὲ
1214 273 1290 299 τοῦτο
1309 274 1396 300 κοινὸν
1419 273 1590 309 ἱεραρχίας⁸⁵
1613 273 1643 299 τὸ
1666 273 1763 309 πέρας,
1785 275 1804 309 ἡ

1024 318 1093 354 πρὸς
1106 318 1171 345 Θεόν
1187 328 1216 345 τε
1229 319 1274 346 καὶ
1286 319 1321 346 τὰ
1334 319 1392 346 θεῖα
1406 320 1540 355 προσεχὴς
1548 319 1694 355 ἀγάπησις,
1706 319 1805 351 metu;

1022 372 1051 391 τε
1065 364 1112 391 καὶ
1127 364 1233 396 ὲνιαίως
1246 365 1464 401 ἱερουργουμένη,
1477 365 1524 392 καὶ
1538 365 1589 401 πρό
1597 374 1628 400 γε
1645 365 1739 392 τούτου
1750 364 1807 392 τῶν

1025 411 1151 437 ἐναντίων
1167 412 1183 447 ή
1202 411 1334 446 παντελὴς
1349 412 1396 438 καὶ
1408 412 1602 447 ἀνεπίπροφος
1618 412 1806 444 ἁποφοίτησις,

1027 456 1156 492 ήγνῶσις
1175 457 1228 483 τῶν
1241 457 1324 483 ὄντων
1371 457 1434 484 ὅντα
1447 458 1537 490 ἐστὶν,
1555 459 1571 493 ἡ
1589 458 1637 493 τῆς
1649 459 1724 493 ἱερᾶς
1743 458 1810 493 ἀλη-

1026 501 1102 533 θείας
1122 502 1215 537 ὅρασίς
1236 510 1266 528 τε
1287 503 1333 529 καὶ
1353 503 1505 539 ἐπιστήμη,
1522 504 1539 538 ἡ
1556 503 1605 538 τῆς
1622 503 1751 535 ἑνοειδοῦς
1764 512 1810 530 τε-

1026 547 1160 580 λειώσεως
1176 547 1267 580 ἐνθεος
1280 547 1396 583 μέθεξις,
1415 548 1496 575 αὐτοῦ
1512 548 1558 575 τοῦ
1571 549 1629 580 ἑνὸς
1641 549 1677 580 ὠς
1690 549 1808 584 ἐφικτόν

1027 594 1044 629 ἡ
1057 593 1107 628 τῆς
1120 593 1236 628 ἐποψίας
1249 595 1380 626 ἑστίασις,
1393 595 1529 630 τρέφουσα
1545 595 1646 630 νοητῶς
1658 596 1704 622 καὶ
1714 595 1812 622 θεοῦσα

1027 640 1115 666 πάντα
1126 639 1170 666 τὸν
1186 641 1226 672 εἰς
1238 640 1322 676 αὐτὴν
1336 641 1549 676 ἀνατεινόμενον.

195 687 293 719 ctiouis
309 687 368 723 ejus
381 688 426 723 qui
442 695 545 716 summe
576 687 688 721 simplex
723 690 774 719 est,
790 686 879 713 divina
913 685 1098 721 participatio;
1121 686 1210 714 fruitio
1232 687 1391 720 intuitionis,
1406 694 1467 721 quae
1490 694 1598 715 onmem
1623 687 1667 716 sui
1688 692 1809 716 contem-v

195 734 325 770 piatorem
342 734 455 769 spiritali
473 734 551 762 modo
563 733 650 761 rcticit
662 732 834 768 deiﬁcatque,

960 791 974 828 §
994 790 1047 820 IV.

233 867 354 894 Dicimus
374 866 486 900 itaque,
508 864 553 892 Dei
574 864 750 899 principalem
772 863 978 896 beatitudinem,

1065 865 1225 900 Λέγωμεν⁸⁰
1236 866 1336 897 τοίνυν,
1354 867 1370 901 ἡ
1388 865 1520 902 θεαρχικὴ
1539 867 1716 903 μακαριότης,
1735 868 1752 903 ἡ
1765 867 1817 902 φύ-

197 922 257 948 qu:e
273 918 365 940 natura
382 913 471 940 Deitas
487 917 539 944 est,
554 910 714 946 principium
739 909 929 942 deiﬁcatiouis,
944 917 977 936 ex

198 967 252 995 quo
269 959 287 986 ii
302 959 347 994 qui
361 958 501 986 deificandi
523 962 585 985 sunt
605 957 776 988 deiﬁcautur,
796 956 884 983 divina
906 955 981 982 boni-

198 1010 254 1033 tate
276 1012 383 1032 sacrum
403 1003 537 1034 ordinem,
554 1004 579 1030 in
598 1003 711 1030 salutem
732 1006 759 1029 et
784 1001 980 1028 deiﬁcationem

197 1050 328 1083 omnium,
344 1057 404 1077 cum
419 1048 589 1076 ratiunalium
602 1051 657 1074 tum
671 1046 830 1081 spiritalium
845 1045 981 1073 essentia-

199 1103 270 1130 rum,
287 1095 464 1123 concessisse.
480 1095 518 1121 Ac
535 1093 639 1128 superis
650 1091 758 1127 quidem
781 1091 913 1126 beateque
928 1091 982 1117 otio

199 1141 363 1175 (ruentibus,
380 1141 459 1169 modo
475 1139 559 1175 magis
583 1138 764 1166 immateriato
781 1145 811 1165 ac
827 1136 982 1172 spiritaliori

200 1188 264 1224 (nou
288 1188 360 1215 enim
373 1187 544 1215 extrinsecus
560 1193 606 1214 eos
631 1185 701 1212 Deus
721 1185 753 1212 ad
774 1184 864 1212 divina
883 1188 981 1216 muwt,

200 1234 248 1261 sed
273 1233 432 1268 intelligibili
463 1233 586 1265 ratione,
612 1237 694 1266 atque
722 1231 884 1258 intrinsecus
917 1237 983 1264 pura

201 1279 358 1314 liquidaque
377 1278 558 1306 illustratione
580 1277 775 1304 divinissimam
805 1276 838 1304 iis
861 1276 984 1303 voluim-

203 1331 255 1354 tem
271 1325 436 1356 irradiando)
452 1325 529 1351 nobis
548 1329 649 1357 autem,
671 1324 743 1358 quod
764 1322 915 1357 simplicius
932 1322 986 1350 illis

202 1372 391 1406 collectimque
413 1371 574 1406 pmstitunl,
594 1378 627 1398 ex
652 1370 781 1397 divinitus
804 1369 911 1396 traditis
929 1369 983 1396 elo-

203 1418 284 1453 quiis,
299 1425 348 1452 pro
365 1423 445 1452 captu
463 1422 565 1450 nostro,
583 1416 757 1443 divisibilium
772 1415 902 1442 Varietate
916 1414 986 1441 ntul-

204 1463 371 1498 titudineque
384 1465 521 1498 signorum
537 1461 665 1489 donatum
681 1466 733 1488 est.
746 1460 902 1487 Substautia
914 1462 985 1486 enim

205 1509 365 1537 trierarchis:
387 1514 486 1537 nostra:
507 1513 571 1536 sunt
591 1507 720 1534 divinitus
743 1507 839 1533 tradita
864 1505 983 1533 oracula.

205 1556 320 1584 Maxime
333 1563 395 1584 vero
407 1556 456 1583 ista
469 1554 577 1582 oracula
591 1554 705 1581 dicimus
719 1553 882 1585 vcuctauda,
898 1559 956 1585 qua-
971 1559 985 1577 a
1000 1550 1021 1577 C

205 1603 289 1630 sacris
301 1603 403 1630 nostris
417 1601 598 1629 initialoribus
614 1599 705 1627 divino
722 1599 823 1634 Spiritu
837 1598 944 1630 amatis,
959 1598 985 1623 iu

206 1649 355 1684 Scripturis
376 1648 462 1676 sacris
479 1647 607 1682 librisque
621 1645 775 1680 tbeologicis
795 1645 892 1672 tradita
911 1644 988 1671 nobis

207 1699 287 1728 sunt;
303 1695 341 1722 uti
361 1699 389 1722 et
403 1694 447 1721 illa
460 1701 520 1729 quas
541 1695 574 1721 ab
587 1693 680 1720 iisdem
700 1693 765 1719 viris
783 1692 885 1718 sanctis
901 1691 987 1718 subti-

208 1741 281 1774 liori,
294 1748 346 1768 non
360 1741 471 1768 omnino
483 1740 578 1767 dissita
593 1741 625 1767 ab
639 1739 734 1767 ordiue
748 1738 851 1766 cmlesti
867 1737 987 1764 insinua-

207 1787 290 1819 tione,
306 1787 339 1814 de
354 1791 444 1814 mente
459 1786 486 1813 iu
501 1791 628 1817 mentem,
643 1785 777 1812 mediante
793 1785 885 1815 verbo.
898 1791 991 1817 corpo-

209 1840 259 1860 reo
280 1833 388 1866 quidem
410 1832 473 1865 illo,
497 1832 575 1859 simul
601 1837 687 1858 tamen
711 1830 909 1862 immateriato,
933 1830 990 1856 sine

210 1879 368 1914 scrlptione,
386 1879 555 1906 institutores
570 1877 655 1906 nostri
674 1884 751 1905 sacra
767 1877 881 1910 quadam
896 1869 990 1903 tradu-

211 1926 300 1954 ctione
316 1929 378 1953 sunt
392 1925 492 1953 edocti.
511 1923 603 1958 Neque
620 1930 684 1950 vero
706 1922 758 1949 ista
780 1921 872 1948 divino
888 1921 990 1956 Spiritu

1033 920 1073 938 σει
1084 912 1217 948 Θεότης,ὴ
1229 912 1299 948 ἀρχὴ
1311 912 1360 947 τῆς
1371 911 1501 945 θεώσεως,
1510 913 1539 946 ἐξ
1548 910 1581 949 ἧς
1589 914 1618 940 τὸ
1626 913 1751 940 θεοῠσθαι
1760 914 1818 945 τοῖς

1032 957 1187 993 θεουμένοις
1199 958 1346 994 ὰγαθὰτητι
1360 958 1418 995 θείᾳ
1426 959 1448 975 ⁸⁷
1466 959 1515 995 τὴν
1534 959 1682 995 ἱεραρχίαν,
1702 960 1747 986 ἐπὶ
1765 968 1818 986 σω⁹

1031 1013 1064 1040 τη
1070 1005 1114 1041 ρίᾳ
1126 1005 1174 1031 καὶ
1186 1004 1281 1031 θεώσει
1299 1005 1406 1032 πάντων
1423 1005 1476 1032 τῶν
1489 1005 1604 1039 λογικῶν
1617 1013 1646 1031 τε
1660 1004 1705 1030 καὶ
1717 1003 1820 1040 νοερῶν

1033 1050 1314 1087 οὐσιῶν,ὲδωρήσατο.
1335 1052 1391 1078 Καὶ
1417 1052 1477 1082 ταῖς
1498 1051 1546 1088 μὲν
1564 1051 1758 1087 ὑπερκοσμίοις
1773 1049 1820 1077 καὶ¹

1036 1098 1184 1133 μακαρίαις
1205 1097 1323 1133 λήξεσιν,
1359 1096 1500 1132 ἀῡλοτερόν
1524 1105 1554 1123 τε
1583 1097 1628 1123 καὶ
1645 1095 1820 1132 νοερώτερον.

1035 1141 1075 1176 (οὐ
1085 1141 1108 1156 ⁸⁸
1117 1141 1171 1176 γὰρ
1183 1141 1281 1173 ἔξωθεν
1292 1141 1376 1172 αὐτὰς
1392 1143 1405 1168 ὁ
1416 1141 1483 1173 Θεὸς
1495 1141 1541 1167 ἐπὶ
1552 1141 1586 1167 τὰ
1599 1141 1656 1168 θεῖα
1674 1142 1752 1172 κινεῖ,
1760 1149 1821 1175 νοη-

1033 1185 1087 1217 τῶς
1099 1186 1138 1217 δὲ,
1150 1187 1196 1213 καὶ
1210 1186 1313 1213 ἔνδοθεν
1323 1186 1534 1221 ἐλλαμπομένων
1548 1185 1635 1212 αὐτῶν
1647 1186 1675 1211 ὲν
1688 1185 1758 1220 αὐγῇ
1771 1193 1821 1211 κα-

1036 1234 1108 1270 θαρᾷ
1119 1236 1166 1261 καὶ
1179 1235 1252 1271 ἀΰλῳ
1265 1236 1313 1271 τὴν
1332 1235 1472 1271 θειοτάτην
1493 1235 1620 1270 βούλησιν
1630 1255 1637 1267 ,
1648 1234 1657 1270 )
1675 1235 1739 1270 ἡμῖν
1751 1234 1780 1260 δὲ
1793 1234 1824 1260 τὸ

1037 1281 1154 1312 ἐκείναις
1174 1281 1280 1312 ἑνιαίως
1299 1289 1329 1307 τε
1345 1281 1392 1307 καὶ
1412 1281 1636 1315 συνεπτυγμένως
1647 1279 1767 1315 δωρηθὲν
1791 1280 1824 1306 ἐκ

1037 1325 1091 1352 τῶν
1104 1326 1307 1362 θεοπαραδότων
1318 1326 1424 1362 λογίων,
1438 1326 1475 1357 ὡς
1481 1327 1546 1362 ἡμῖν
1559 1324 1679 1360 ἐφικτὸν,
1692 1325 1719 1351 ὲν
1735 1333 1823 1362 ποικι-

1037 1372 1082 1408 λίᾳ
1099 1372 1145 1398 καὶ
1162 1372 1258 1407 πλήθει
1274 1372 1415 1408 διαιρετῶν
1431 1371 1574 1408 συμϐόλων
1591 1370 1748 1406 δεδώρηται.
1771 1371 1824 1396 Οὐ-

1040 1418 1084 1444 σία
1096 1417 1150 1454 γὰρ
1162 1418 1209 1453 τῆς
1220 1417 1279 1444 καθ’
1292 1418 1364 1453 ἡμᾶς
1376 1418 1515 1453 ἱεραρχίας
1526 1417 1583 1443 ἐστὶ
1594 1415 1826 1451 τῶθεοπαράδοτα

1038 1464 1124 1498 λόγια.
1143 1464 1297 1490 Σεπτότατα
1312 1464 1341 1490 δὲ
1357 1464 1437 1498 λόγια
1450 1463 1538 1490 ταῦτά
1555 1471 1660 1499 φαμεν,
1683 1463 1732 1488 ὅσα
1756 1461 1825 1497 πρὸς

1038 1510 1091 1537 τῶν
1107 1510 1205 1537 ἐνθέων
1221 1510 1298 1546 ἡμῶν
1318 1510 1505 1546 ἱεροτελεστῶν
1522 1511 1549 1536 ὲν
1567 1509 1744 1545 ἁγιογράφοις
1761 1508 1826 1543 ἡμῖν

1040 1559 1086 1585 καὶ
1102 1557 1268 1592 θεολογικαῖς
1279 1557 1427 1593 δεδώρηται
1439 1557 1555 1588 δέλτοις·
1567 1556 1613 1583 καὶ
1627 1556 1678 1591 μὴν
1695 1555 1744 1581 ὅσα
1759 1554 1827 1589 πρὸς

1039 1604 1094 1631 τῶν
1106 1603 1195 1630 αὐτῶν
1213 1603 1293 1639 ἱερῶν
1310 1603 1414 1639 ἀνδρῶν
1437 1602 1568 1638 άῦλοτέρᾳ
1583 1603 1690 1638 μυήσει,
1710 1601 1756 1627 καὶ
1767 1599 1826 1634 γεί-

1040 1650 1095 1676 τονί
1119 1659 1175 1682 πως
1196 1650 1247 1685 ἥδη
1264 1650 1312 1684 τῆς
1328 1649 1454 1685 οὐρανίας
1474 1648 1614 1684 ίεραρχίας
1626 1667 1633 1679 ,
1653 1648 1684 1673 ἐκ
1702 1646 1760 1677 νοὺς
1786 1646 1827 1676 εἰς

1041 1695 1112 1727 νοῦν,
1126 1695 1168 1721 διὰ
1182 1695 1263 1730 μέσου
1275 1694 1355 1729 λόγου
1366 1715 1373 1726 ,
1388 1693 1543 1729 σωματικοῦ
1559 1694 1617 1728 μὲν,
1640 1692 1783 1727 ἀῡλότέρου
1799 1691 1828 1717 δὲ

1041 1742 1124 1777 ὅμως,
1140 1742 1246 1777 γραφῆς
1266 1741 1343 1772 ἐκτὸς
1353 1761 1360 1773 ,
1381 1741 1405 1766 οἱ
1420 1739 1605 1775 καθηγεμόνες
1617 1738 1695 1774 ἡμῶν
1707 1737 1829 1773 ἐμυήθη-

1042 1795 1100 1814 σαν.
1116 1787 1182 1813 Οὐδὲ
1194 1787 1278 1813 ταῦτα
1292 1786 1346 1812 τῶν
1363 1785 1460 1812 ἐνθέων
1474 1785 1609 1821 ίεραρχῶν
1621 1785 1662 1816 εἰς
1677 1783 1707 1810 τὸ
1723 1783 1772 1818 τῆς
1792 1783 1827 1809 ιε-

1045 1833 1171 1868 ρουργίας
1187 1833 1274 1860 κοινὸν
1291 1832 1531 1867 ἀπαρακαλύπτως
1539 1831 1562 1846 ⁸⁹
1574 1831 1706 1866 νοήσεσιν,
1724 1828 1780 1856 ἀλλ’
1801 1830 1829 1854 ὲν

1044 1879 1187 1914 συμϐόλοις
1212 1880 1293 1914 ἱεροῖς
1317 1877 1561 1914 παραδεδωκότων·
1582 1876 1709 1911 ἔστιγὰρ
1726 1875 1756 1901 οὐ
1777 1875 1830 1911 πᾶς

1046 1923 1132 1958 ἱερὸς,
1144 1923 1204 1950 οὐδὲ
1220 1923 1337 1955 πάντων,
1354 1923 1391 1954 ὡς
1406 1922 1440 1949 τὰ
1452 1921 1531 1956 λόγιά
1544 1930 1640 1957 φησιν,
1654 1922 1670 1956 ὴ
1683 1920 1792 1954 γνῶσις.

211 1972 362 2002 alllalorum
377 1978 515 1998 sacrorum
528 1970 669 2006 praesulum
700 1972 881 2000 monumenta,
904 1968 930 1995 in
957 1969 1025 1996 sacri
1046 1970 1148 1996 ordinis
1171 1976 1312 1996 commune
1334 1970 1444 1999 bonum,
1465 1968 1611 2003 propatuls
1634 1966 1829 2002 intelligentiis.

212 2020 259 2047 sed
270 2018 400 2054 symbolis
419 2017 577 2052 quibusdam
600 2017 685 2044 sacris
699 2017 821 2043 traducta
843 2019 922 2047 sunt;
952 2023 1004 2043 non
1024 2016 1096 2044 enim
1121 2016 1233 2051 quilibet
1255 2016 1392 2048 sacerdos,
1416 2014 1494 2050 157
1529 2022 1616 2050 neque
1645 2014 1776 2046 omnium,
1801 2018 1830 2039 us

215 2066 325 2101 eloquia
342 2065 464 2097 tradunt,
476 2064 588 2091 scientia
601 2067 654 2090 est.

985 2133 1052 2170 ἓν.

251 2204 414 2232 Necessario
425 2203 508 2238 igitur
530 2201 609 2236 primi
623 2202 693 2230 sacri
718 2202 821 2231 ordinis
836 2202 920 2229 nostri
939 2209 984 2228 mo

1095 2201 1263 2236 Ἀναγκαίως
1278 2198 1324 2228 οὖν
1340 2202 1364 2227 οἱ
1387 2199 1489 2236 πρῶτοι
1505 2201 1553 2235 τῆς
1575 2200 1634 2226 καθ’
1651 2199 1723 2235 ἡμᾶς
1747 2199 1837 2234 ἱεραρ-

216 2253 369 2281 deratores.
385 2236 656 2284 supersubstautialis
672 2248 717 2275 Dci
736 2249 903 2283 principatus
919 2255 985 2275 sacri

1057 2247 1118 2282 χίας
1129 2247 1322 2282 καθηγεμόνες,
1333 2246 1364 2272 ἐκ
1374 2246 1423 2281 τῆς
1439 2246 1599 2281 ὐπερουσίου
1611 2245 1747 2280 θεαρχίας,
1761 2245 1838 2270 αὐτοί

217 2298 268 2333 ipsi
291 2303 403 2324 munere
424 2295 504 2330 pleni,
518 2299 546 2322 et
558 2294 584 2321 iu
599 2299 720 2328 posteros
735 2294 798 2321 illud
823 2294 910 2328 ipsum
927 2294 997 2321 deri-

217 2347 308 2370 vatum
325 2350 340 2369 a
359 2341 449 2368 divina
465 2340 585 2367 bonitate
601 2340 686 2371 missi,
702 2347 762 2366 cum
783 2344 809 2366 et
828 2339 888 2374 ipsi,
907 2343 999 2373 utpote

218 2388 312 2420 divini,
338 2388 535 2422 promotioucm
556 2386 809 2420 deificationcmque
832 2389 999 2420 posterorum

218 2432 320 2461 aﬂatim
335 2433 534 2463 desiderarent,
560 2432 734 2459 sensibilibus
748 2432 841 2466 ﬁguris
863 2438 1001 2466 superetn-

220 2482 309 2515 zeslia,
328 2487 355 2509 et
369 2482 440 2516 quod
457 2482 560 2508 unitate
581 2480 722 2508 collectutn
738 2485 779 2507 cst
801 2480 873 2507 varia
889 2487 949 2507 cum
962 2479 1002 2506 di-

218 2528 365 2556 stinctione
381 2533 435 2555 tum
449 2527 630 2560 multitudine,
646 2534 695 2554 nec
716 2533 767 2553 non
782 2526 809 2552 in
823 2525 947 2552 humanis
962 2525 1002 2552 di-

220 2577 296 2608 vina,
310 2574 376 2602 etin
393 2572 514 2600 materiis
532 2572 721 2604 immateriata,
738 2575 818 2605 atque
832 2570 858 2596 in
875 2570 1003 2596 nostrati-

220 2622 271 2650 bus
287 2621 367 2649 rebus
381 2618 664 2654 supersubstantialia,
681 2626 735 2653 qua
758 2617 868 2650 scriptis
882 2623 934 2650 qua
950 2623 1003 2642 non

220 2668 332 2704 scriptis
343 2665 567 2697 institutionibus.
579 2665 606 2692 in
621 2663 814 2692 sacratissimis
827 2661 943 2690 oraculis
957 2669 1005 2688 no-

1055 2301 1086 2319 τε
1104 2292 1320 2326 ἀναπλησθέντες
1338 2291 1384 2318 τοῦ
1408 2292 1479 2327 ἱεροῦ
1499 2291 1601 2327 δώρου,
1613 2292 1658 2318 καὶ
1675 2292 1714 2322 εἰς
1734 2290 1764 2316 τὸ
1775 2291 1838 2325 ἑξῆς

1057 2339 1122 2366 αὐτὸ
1139 2341 1304 2375 προαγαγεῖν
1315 2338 1367 2365 ὑπὸ
1377 2339 1424 2373 τῆς
1442 2337 1586 2373 θεαρχικῆς
1601 2337 1764 2372 ἀγαθύτητος
1776 2338 1838 2362 ἀπε-

1058 2385 1210 2420 σταλμένοι,
1228 2385 1275 2411 καὶ
1291 2383 1367 2410 αὐτοὶ
1382 2383 1409 2409 δὲ
1434 2383 1555 2417 ἀφθόνως
1567 2382 1692 2418 ἐρῶντες,
1709 2381 1745 2412 ὡς
1763 2380 1838 2412 θεῖοι,

1055 2431 1104 2465 τῆς
1120 2429 1174 2456 τῶν
1188 2429 1245 2465 μετ’
1262 2429 1360 2460 αὐτοὺς
1374 2427 1517 2462 ἀναγωγῆς
1533 2427 1580 2453 καὶ
1595 2426 1727 2458 θεώσεως,
1745 2425 1838 2460 αἰσθη-

1055 2478 1116 2508 ταῖς
1138 2476 1222 2502 είκὸσι
1244 2475 1277 2501 τὰ
1294 2475 1486 2510 ὐπερουράνια,
1504 2474 1550 2500 καὶ
1570 2473 1690 2509 ποικιλίᾳ.
1708 2472 1754 2498 καὶ
1770 2471 1839 2506 πλή-

1056 2521 1096 2547 θει
1121 2521 1151 2547 τὸ
1179 2519 1404 2554 συνεπτυγμένον,
1427 2518 1474 2544 καὶ
1494 2518 1523 2543 ὲν
1551 2516 1729 2553 ἀνθρωπίνοις
1750 2523 1779 2540 τε
1805 2513 1840 2540 τὰ

1056 2568 1125 2599 θεῖα,
1143 2567 1189 2593 καὶ
1212 2565 1314 2597 ὲνύλοις
1329 2564 1363 2591 τὰ
1386 2563 1463 2595 ᾶύλα,
1491 2564 1538 2590 καὶ
1559 2565 1614 2594 τοῖς
1633 2561 1693 2589 καθ’
1706 2561 1778 2597 ἡμᾶς
1805 2560 1841 2586 τὰ

1056 2613 1215 2650 ὑπερούσια,
1243 2614 1302 2644 ταῖς
1318 2611 1464 2646 ἐγγράφοις
1479 2619 1508 2638 τε
1525 2610 1613 2637 αὐτῶν
1636 2609 1682 2635 καὶ
1708 2608 1841 2644 ἀγράφοις

1059 2661 1184 2696 μυήσεσι,
1201 2659 1272 2687 κατὰ
1293 2659 1355 2690 τοὺς
1372 2658 1460 2693 ἱεροὺς
1480 2658 1547 2692 ἡμῖν
1563 2657 1656 2683 ἔδοσαν
1672 2655 1695 2671 ’⁸⁸
1712 2652 1829 2688 θεσμοὺς

860 2741 978 2768 ΥΛΒΙΑἙ
999 2739 1200 2768 LECTlONES.

254 2811 279 2828 ³⁸
299 2807 326 2834 in
340 2805 421 2832 dandi
439 2812 502 2832 casu
524 2804 618 2839 ἁπάσῃ
632 2800 822 2839 ἱεραρχξᾳμν.
839 2799 937 2839 mioor,
954 2798 1010 2839 Cb;
1024 2797 1045 2824 D

221 2846 283 2879 οὐξι
301 2833 306 2834 ⁷
331 2842 354 2858 ⁸⁹
371 2833 618 2876 ᾁπερικαλύτποις;’
629 2833 667 2866 [λ’
679 2833 731 2865 (Πίξ
750 2833 790 2852 ’⁸⁵⁸
801 2834 969 2871 γπαρέδοςαν,
992 2833 1022 2860 Ι).

1047 2817 1055 2825 .
1079 2798 1108 2826 S.
1146 2797 1168 2813 ³⁸
1194 2796 1317 2831 λέγομεν,
1335 2793 1365 2822 Ρ.
1382 2793 1413 2821 Ι).
1440 2793 1489 2821 Ch.
1527 2792 1548 2808 "
1569 2800 1613 2827 γρ.
1632 2790 1718 2818 θείαν.
1755 2789 1777 2804 ⁸⁸
1794 2796 1840 2823 γρ.
