1931 3073
115 153 166 181 377

468 150 511 178 DE
526 150 667 179 ECCLES.
684 150 882 182 HlERARCll.,
898 150 975 178 CAP.
996 150 1017 177 1.
1039 164 1071 170 --
1085 150 1246 178 CORDERII
1271 149 1383 177 NOTIE.

1694 151 1746 180 573

115 211 145 237 ob
161 208 216 236 τῶν
231 208 350 245 ἀνιέρων
375 207 456 235 ἕνεκα
474 208 564 244 μόνον,
582 205 622 239 οἷς
648 208 708 235 οὐδὲ
727 209 782 236 τῶν
807 209 906 245 συμϐό-

960 207 1002 234 bis
1022 207 1214 234 tradiderunt:
1237 214 1286 234 nec
1305 206 1330 234 id
1350 211 1459 241 propter
1475 207 1602 240 prolauos
1627 212 1744 238 tantum.

114 255 167 284 λων
184 254 318 282 ἅπτεσθαι
345 254 464 290 θεμιτὸν,
478 253 535 280 ἀλλ’
560 255 601 280 ὅτι
626 255 673 280 καὶ
701 254 850 290 συμϐολικὴ
866 254 908 285 τίς

114 303 198 333 sci-rw,
213 301 282 336 ὅπερ
297 299 376 335 ἔφην,
390 298 529 333 ἀναλόγως
539 299 605 334 ἡμῖν
622 299 713 330 αὐτοῖς
728 300 744 334 ὴ
763 299 823 325 καθ’
835 299 908 334 ἡμᾶς

115 346 250 383 ἱεραρχία,
264 345 377 381 δεομένη
389 344 443 371 τῶν
454 344 590 380 αἰσθητῶν
607 345 647 376 εἰς
662 344 710 381 τὴν
723 345 752 378 ἐξ
762 344 851 371 αὐτῶν
863 345 908 371 ἐπὶ

116 394 149 420 τὰ
164 392 247 429 νοητὰ
270 391 408 427 θειοτέραν
424 390 503 426 ἡμῶν
525 391 680 426 ἀναγωγήν.
707 391 908 426 Ἀνακεκαλυμ-

117 442 192 476 μένοι
202 439 230 466 δὲ
242 439 316 474 ὅμως
331 438 400 464 εἰσιν
414 439 438 464 οἱ
452 437 505 464 τῶν
517 438 658 473 συμϐόλων
669 437 742 472 λόγοι
758 439 814 469 τοῖς
827 437 907 468 θείοις

117 486 322 523 ιεροτελεσταῖςτ
339 484 386 516 οὓς
411 484 441 511 οὐ
458 484 566 519 θεμιτὸν
592 483 698 519 ἐξάγειν
717 486 756 516 εἰς
780 485 843 516 τοὺς
867 484 907 510 ἔτι

116 532 317 568 τελειουμένους
341 531 374 563 “,
387 530 491 563 εἰδότας
509 531 547 562 ὡς
562 531 587 556 οἱ
602 530 656 557 τῶν
678 530 758 566 ἱερῶν
774 530 907 566 θεοπαρα-

116 580 199 611 δότως
211 579 233 595 ⁹²
245 577 398 613 νομοθέται,
410 578 470 608 ταῖς
480 576 534 603 τῶν
546 576 699 612 διακόσμων
709 576 849 603 εὐσταθέσι
859 577 907 604 καὶ

117 625 304 661 ἀσυμφύρτοις
320 624 422 657 τάξεσι,
439 623 486 649 καὶ
501 623 562 654 ταῖς
572 621 619 649 τοῦ
633 622 739 659 ἑκάστῳ
756 624 815 650 κατ’
829 623 906 656 ἀξίαν

117 672 301 707 προσήκοντος
317 670 457 705 ἀναλόγως
477 670 525 696 καὶ
542 670 627 706 ἱεραῖς
649 670 844 706 ὰπονεμήσεσι,
857 670 907 706 τὴν

118 718 260 753 ἱεραρχίαν
273 716 436 750 διετάξαντο.
448 716 494 742 At?)
508 716 554 743 καὶ
566 717 626 747 ταῖς
634 717 694 748 σαῖς
711 717 796 752 ἱεραῖς
811 717 906 752 ὁμολο-

116 762 191 797 γίαις
205 761 325 794 πεισθεὶς
342 762 507 798 (ἀναμνῆσαι
523 761 576 797 γὰρ
592 761 682 788 αὐτῶν
707 762 833 799 εὐαγὲς),
857 764 904 795 ὠς,

117 808 228 843 ἁπάσης
240 808 288 843 μὲν
305 808 504 844 ὑπερκειμένης
524 808 682 843 ἱεραρχικῆς
697 808 854 844 ἱερολογίας,
875 809 905 836 οὐ

118 853 284 890 μεταδώσεις
306 854 401 890 ἑτέρῳ,
417 853 492 889 παρὰ
502 854 565 884 τοὺς
577 855 718 889 ὁμοταγεῖς
730 863 770 880 σοι
783 854 906 887 θεοειδεῖς

119 900 312 937 ἱεροτελεστάς·
339 900 438 931 αὐτούς
464 908 494 925 τε
519 900 622 931 πείσεις
650 900 813 936 ὁμολογῆσαι
837 901 907 928 κατὰ
923 895 943 922 Β

117 946 218 982 θεσμὸν
242 945 406 982 ἱεραρχικὸν,
425 945 553 981 καθαρῶν
572 945 620 980 μὲν
643 945 770 982 καθαρῶς
786 947 905 981 ἐφάπτε-

118 992 192 1023 σθαι,
202 993 339 1019 κοινωνεῖν
350 992 378 1018 δὲ
391 991 481 1026 μόνοις
494 990 549 1017 τῶν
562 990 728 1027 θεουργικῶν
744 993 800 1024 τοῖς
813 993 904 1026 θείοις,

117 1037 235 1063 καὶτῶν
257 1036 366 1064 τελείων
389 1035 577 1068 τελειωτικοῖς,
592 1037 680 1070 ἁγίοις
695 1045 724 1063 τε
743 1037 798 1064 τῶν
820 1048 906 1066 πανα-

118 1083 268 1116 γεστάτων,
281 1082 366 1110 ἄλλων
379 1091 408 1109 τε
429 1082 591 1118 ἱεραρχικῶν
602 1082 625 1097 ⁸³
637 1091 677 1109 σοι
693 1084 740 1110 καὶ
751 1083 844 1112 τούτου
859 1093 907 1120 με-

119 1129 256 1158 ταδέδωκα
271 1130 317 1157 τοῦ
331 1130 420 1157 ἐνθέου
435 1129 530 1166 δώρου.

959 254 1060 288 quibus
1082 254 1124 281 vel
1142 254 1199 296 ip'sa
1224 254 1300 287 signa
1317 258 1430 288 tangere
1445 253 1522 281 nefas
1543 253 1588 286 sil,
1604 254 1651 281 sed
1675 255 1746 289 quod

959 301 1064 331 noster,
1080 302 1110 324 ut
1124 297 1191 330 dixi,
1213 305 1290 324 sacra
1305 297 1447 325 ordinandi
1469 298 1548 330 ritus,
1561 306 1622 325 cum
1638 299 1746 326 illorum

959 349 1145 377 comparatus,
1171 343 1336 380 symbolicus
1360 344 1470 376 existat,
1492 345 1640 372 sensilibus
1663 346 1747 380 signis

958 399 1025 425 opus
1041 391 1154 422 habens,
1171 392 1205 418 ad
1220 391 1384 418 diviniorem
1401 391 1485 418 nostri
1503 399 1535 417 ex
1548 391 1602 418 illis
1619 392 1651 418 ad
1669 391 1747 419 intel-

959 437 1073 473 ligibilia
1097 437 1326 465 sublimatiouem.
1348 437 1474 464 Attamen
1501 438 1651 464 manifesta:
1666 439 1747 465 simul

958 488 1022 511 sunt
1034 483 1250 511 sacerdotalibus
1265 483 1407 518 signorum
1421 483 1552 516 rationes,
1576 492 1643 518 quas
1654 492 1747 511 sacro-

958 538 1017 557 rum
1040 529 1187 557 etiamdum
1215 529 1369 556 candidatis
1393 528 1539 562 explanare
1563 529 1648 562 nefas,
1675 531 1746 564 quod

957 576 1129 611 exploratum
1149 575 1195 608 sit,
1214 581 1355 602 sacrorum
1379 575 1510 602 divinitus
1533 576 1694 603 traditorum
1710 577 1747 604 le-

957 622 1112 658 gislatores,
1137 621 1283 648 slabilibus
1312 625 1393 654 atque
1424 621 1601 655 impermislis
1622 622 1746 649 ordinum

957 668 1190 700 distinctionibus,
1210 667 1339 702 cujusque
1354 667 1452 695 merito
1468 668 1748 701 accommodatis,dis~

960 714 1093 748 parilibus
1126 721 1159 742 ac
1181 713 1266 741 sacris
1282 713 1474 748 partitionibus
1497 721 1604 740 sacrum
1624 714 1746 740 ordinent

957 760 1138 788 distribuisse.
1166 760 1336 794 Quapropter
1366 760 1404 786 tui
1429 760 1510 786 etiam
1540 760 1624 794 ipsius
1653 767 1747 786 sacro-

957 806 1058 834 sanctis
1074 806 1246 841 pactionibus
1267 813 1415 840 persuasus
1433 806 1537 841 (earum
1553 806 1626 832 enim
1651 806 1749 834 mentis

958 856 1032 882 uisse
1054 855 1193 890 sanctum)
1224 856 1398 890 episcopatus
1425 855 1535 888 quidem
1561 853 1696 887 ordinem,
1720 861 1748 882 ut
1789 867 1792 870 η

959 902 1066 929 caeteris
1082 902 1309 936 praestantiorem,
1329 908 1500 935 nequaquam
1523 900 1600 928 alteri
1627 908 1749 928 commu-

960 947 1074 979 uicabis,
1095 951 1275 982 prmterquam
1300 947 1336 973 tui
1354 947 1488 974 similibus
1511 947 1687 974 deiforiuihus
1702 953 1749 972 sa-

960 993 1131 1025 cerdotibus;
1158 994 1279 1028 ipsisque
1308 994 1485 1028 persuadebis
1510 998 1539 1021 ut
1563 993 1640 1027 juxta
1667 992 1748 1018 ritum

961 1039 1162 1067 hierarchicum
1189 1040 1380 1075 proﬁteantur,
1407 1045 1499 1068 sancta
1524 1040 1632 1075 quidem
1655 1043 1750 1065 sancte

961 1092 1143 1122 contrectare,
1156 1088 1221 1115 solis
1237 1093 1326 1116 autem
1342 1088 1438 1116 deifica
1454 1088 1562 1121 divinis,
1583 1085 1748 1122 pcrﬁcientia

962 1134 1139 1170 perfectionis
1151 1135 1308 1170 capacibus,
1324 1135 1483 1170 sanctisque
1495 1134 1666 1162 sanctissima
1678 1140 1751 1159 coui-

119 1178 261 1207 muuicare
287 1187 293 1204 :

119 1233 190 1253 mus.

322 1184 384 1204 nam
395 1181 494 1212 praeter
521 1176 574 1204 alia
606 1184 746 1204 sacrorum
760 1178 885 1206 ordinum
913 1188 1036 1211 munera.
1050 1181 1102 1209 hoc
1123 1188 1233 1216 quoque
1257 1182 1378 1209 divinum
1405 1182 1453 1210 tibi
1480 1189 1579 1209 munus
1601 1181 1749 1209 demanda-

911 1270 958 1279 .-

647 1303 727 1340 158
753 1303 1018 1332 ADNOTATIONES
1045 1304 1224 1349 conventa

162 1373 176 1410 ᾗ
191 1372 297 1410 [μου
311 1374 407 1410 primo.
425 1372 554 1410 sublimes
571 1372 631 1410 illas
653 1373 788 1410 loquendi
801 1372 944 1410 formulas,
965 1373 1065 1410 quibus
1088 1373 1270 1410 literarcnlam
1288 1380 1334 1410 seu
1351 1379 1457 1410 sacrum
1470 1372 1599 1410 ordinem
1623 1379 1746 1410 nostrum

121 1407 277 1445 describit§
293 1407 421 1445 t,'dicens
433 1409 508 1445 illum
523 1416 583 1436 esse
600 1407 649 1443 τῆς
662 1407 764 1439 ἐνθέου,
783 1408 808 1445 id
822 1412 874 1445 est,
892 1408 906 1434 L

960 1409 1046 1435 insin
1058 1417 1103 1435 seu
1116 1409 1240 1440 indentaz,
1255 1408 1303 1434 καὶ
1317 1408 1408 1441 θείιις,
1420 1414 1444 1435 et
1458 1409 1631 1445 divinwanl.
1647 1411 1749 1445 Oenop-

121 1444 218 1481 γικῆς,
228 1449 252 1471 et
265 1443 370 1481 deiﬁcaz
382 1444 455 1477 (quia
469 1452 517 1479 per
528 1447 708 1481 sacramenta,
719 1443 944 1481 qiueflinctipues
955 1450 1016 1481 sunt
1028 1444 1144 1481 ordinis,
1156 1444 1254 1481 divinae
1264 1448 1370 1481 natura:
1379 1449 1520 1481 consortes
1534 1443 1677 1481 efficimur,
1691 1443 1746 1472 uie-

121 1477 216 1507 (liaute
224 1479 311 1514 gratia
321 1477 507 1507 sanctificante
519 1487 599 1512 quam
611 1477 764 1513 conferunt)
774 1477 902 1513 ἐπιστήμ

961 1479 1087 1511 scientiw,
1098 1479 1146 1506 καὶ
1155 1479 1315 1514 ἐνεργείας,
1325 1484 1348 1514 et
1363 1479 1501 1513 aﬁiationis
1512 1480 1562 1514 (sic
1571 1480 1642 1506 enim
1657 1481 1750 1514 potius

122 1513 293 1547 vertendum,
310 1522 390 1549 quam
412 1515 587 1547 operationis,
608 1514 736 1548 quoniatn
761 1514 830 1540 sacri
850 1515 960 1540 ordines
986 1522 1033 1548 per
1051 1513 1260 1541 iusulllattonciu
1286 1519 1313 1541 et
1330 1513 1450 1548 Spiritus
1465 1515 1554 1541 sancti
1574 1513 1748 1543 donationem

122 1549 323 1578 conferuntur:
349 1551 411 1578 hinc
427 1549 615 1585 ὲνεργούμενοι
629 1555 769 1585 vocantur,
790 1549 835 1583 qui
858 1549 954 1582 spiritu
971 1550 1061 1584 aliquo
1085 1550 1168 1576 alllati
1194 1554 1268 1581 sunt,
1291 1550 1348 1576 sive
1364 1550 1447 1581 borio,
1465 1555 1494 1576 ut
1513 1551 1542 1576 fit
1558 1550 1584 1576 iu
1605 1551 1748 1578 ordinibus

123 1594 186 1612 cum
207 1585 340 1620 accipitur
364 1584 481 1619 Spiritus
500 1589 620 1616 saucius,
644 1584 689 1620 qui
707 1589 833 1618 tanquam
849 1592 931 1618 agens
948 1585 1100 1618 praecipuus
1128 1593 1175 1619 per
1202 1585 1359 1612 sacerdotes
1384 1590 1556 1611 sacramenta
1576 1584 1750 1613 conferentes

122 1625 253 1655 operatur
270 1619 533 1652 Vsanctilicalioucm;
551 1621 608 1646 sive
628 1619 709 1655 inalo,
725 1624 755 1646 ut
775 1620 804 1645 lit
821 1620 848 1655 in
862 1619 988 1655 obsessis,
1002 1620 1047 1652 qui
1072 1628 1086 1646 a
1102 1621 1225 1647 daemone
1239 1620 1425 1654 exagitantur,
1441 1625 1466 1646 et
1481 1622 1506 1646 in
1530 1621 1629 1654 quibus
1642 1621 1748 1648 daemon

122 1654 214 1691 potius
229 1656 284 1690 agit
299 1663 378 1690 quam
402 1655 464 1689 ipsi)
476 1655 524 1682 καὶ
541 1654 769 1691 relettbaewget
788 1654 956 1691 perfectionis
977 1655 1036 1682 sive
1062 1656 1265 1682 consecrationis
1290 1662 1354 1690 esse,
1368 1660 1422 1682 etc.
1436 1655 1502 1682 Vide
1525 1662 1606 1690 supra
1619 1655 1645 1682 in
1668 1663 1752 1690 gene-

124 1691 228 1718 ralibus
243 1691 479 1718 observationibus
494 1691 621 1725 primam,
638 1690 784 1717 secundam
801 1694 828 1716 et
845 1690 963 1716 tertiam.

160 1726 227 1753 Nota
241 1727 360 1752 secundo
376 1726 469 1758 etiam,
486 1724 567 1760 quam
583 1725 674 1752 divina
691 1724 906 1761 sublituiaquein

962 1732 994 1752 na
1013 1725 1059 1752 det
1073 1725 1193 1758 Christo,
1207 1726 1302 1753 dicens
1317 1734 1324 1753 :
1351 1726 1471 1761 Ἰησοῦς
1484 1727 1499 1752 ό
1517 1725 1750 1760 θεαρχικώτατος

123 1761 206 1794 νοῦς,
225 1761 274 1787 καὶ
289 1761 478 1795 ὑπερούσιος,
494 1761 573 1788 Jews
587 1760 726 1787 divinitate
743 1760 940 1790 transcenderis,
951 1769 998 1788 seu
1012 1761 1177 1787 divinissiina
1193 1766 1216 1787 et
1230 1762 1458 1795 superessentialis
1471 1769 1517 1788 seu
1536 1763 1750 1795 supernatat-alis

123 1804 215 1829 mem;
229 1797 330 1831 quippe
351 1797 396 1830 qui
415 1797 503 1823 omnis
523 1796 674 1823 divinitatis
689 1803 721 1831 ac
736 1796 894 1823 substantia:
908 1803 954 1822 seu
977 1801 1082 1823 natura:
1094 1804 1108 1822 ει
1125 1797 1202 1831 nobis
1224 1797 1412 1831 couccptibilis
1428 1796 1587 1830 dignitatem
1607 1796 1685 1831 longe
1702 1806 1749 1824 su-

123 1837 218 1867 peret:
241 1832 260 1866 ἡ
278 1830 378 1865 πάσης
404 1831 563 1865 ὶεραρχιας,
581 1830 752 1866 ἀγιαστείας
768 1839 800 1867 τε
817 1831 866 1856 καὶ
894 1832 906 1857 ti

958 1831 1047 1865 φγίας
1072 1830 1161 1865 ἁρχὴ,
1181 1831 1229 1857 καὶ
1255 1830 1355 1862 οὐσία.
1384 1833 1433 1858 καὶ
1460 1830 1675 1865 θεαρχικωτάτὴ
1699 1832 1750 1858 δύ-

123 1876 222 1902 ναμις,
240 1867 369 1893 universa:
390 1866 566 1893 ordinationis
589 1874 672 1893 sacra:
693 1866 924 1900 sunctimoniwque
939 1874 969 1892 ac
991 1867 1087 1893 divina:
1105 1867 1249 1902 [unctionis
1269 1868 1426 1900 principium
1442 1872 1465 1894 et
1479 1868 1604 1898 essentia,
1618 1867 1750 1902 virtusque

124 1900 302 1929 diiiiiiiuima.
322 1902 447 1929 Christus
468 1902 541 1928 enim
556 1909 609 1935 qua
627 1903 695 1929 Deus
717 1903 806 1932 homo,
824 1906 866 1927 est
881 1905 976 1928 auctor
991 1907 1018 1928 et
1035 1906 1116 1935 caput
1141 1900 1279 1934 Ecclesiae,
1297 1907 1324 1929 et
1342 1903 1480 1929 iustitutor
1502 1900 1749 1934 sacramentorum,

124 1938 225 1971 quibus
237 1937 294 1964 vim
310 1937 497 1965 sanctilicandi
511 1937 619 1971 indidit,
635 1937 701 1963 etin
722 1936 820 1970 quibus
833 1941 861 1962 ut
884 1936 1042 1972 principalis
1066 1944 1197 1970 operaus,
1212 1937 1306 1964 eadem
1324 1939 1440 1972 ipsemet
1455 1941 1594 1972 operatur,
1607 1942 1636 1963 ut
1651 1938 1750 1964 docent

127 1971 245 2008 theologi
265 1979 330 2008 cum
348 1972 379 1998 ι).
393 1972 496 2008 Thema
512 1978 590 2008 parte
605 1980 645 2004 ut,
662 1977 759 2008 quaest.
780 1972 824 2005 (il,
838 1977 890 1998 art.
907 1971 934 1997 2.
952 1971 1194 2008 Sacramentoruui
1209 1972 1280 2001 enim
1303 1971 1437 2000 inStitutio
1455 1971 1573 2007 pertinet
1595 1974 1628 1999 ad
1650 1980 1748 1999 munus

126 2007 282 2035 Sacerdotii
298 2007 411 2040 Christi,
426 2007 471 2041 qui
486 2012 513 2034 et
529 2012 558 2034 ut
570 2007 641 2035 Deus
655 2012 682 2035 et
693 2011 721 2033 ut
738 2007 819 2034 homo
839 2012 967 2041 operatur
987 2007 1142 2034 interiorem
1157 2007 1281 2034 allectum
1297 2010 1462 2035 sacramenti
1476 2016 1483 2038 ;
1502 2013 1531 2034 ιιι
1544 2009 1613 2034 Deus
1629 2008 1750 2041 quidem,

126 2047 263 2077 potCState
273 2043 458 2074 auctoritatis;
469 2048 498 2069 ut
507 2042 588 2070 homo
599 2051 673 2075 vero,
684 2048 819 2076 potestate
828 2042 986 2070 excellentis
999 2042 1152 2069 ministerii.
1164 2041 1287 2069 Potestas
1299 2049 1388 2070 autem
1402 2043 1575 2070 auctoritatis
1585 2048 1626 2070 est
1636 2043 1679 2068 illa
1692 2050 1752 2077 quat

126 2078 237 2105 omnino
253 2078 440 2112 independens
454 2083 506 2111 est,
525 2084 552 2105 et
569 2078 618 2106 soli
636 2079 690 2105 Deo
706 2078 854 2105 convenit:
874 2082 994 2112 potestas
1014 2085 1078 2104 vero
1096 2077 1262 2104 excellentiae
1280 2079 1405 2105 consistit
1419 2079 1444 2105 in
1470 2085 1514 2109 co,
1529 2079 1600 2111 quod
1619 2078 1750 2104 nimirum

127 2113 255 2149 Christus
269 2114 356 2149 primo
373 2114 492 2149 potuerit
514 2119 689 2149 sacramenta
706 2113 870 2146 instituere;
898 2114 1018 2140 secundo
1033 2114 1105 2146 quod
1129 2113 1186 2149 suis
1205 2113 1311 2140 meritis
1331 2120 1438 2140 omnem
1465 2114 1498 2139 iis
1514 2114 1566 2140 viui
1589 2114 1751 2145 contulerit;

129 2148 219 2181 tertio,
237 2148 308 2183 quod
327 2148 353 2175 iu
369 2149 428 2183 ejus
447 2148 556 2176 nomine
571 2153 769 2176 cousecreutur
789 2153 816 2175 et
830 2149 957 2175 dicantur
973 2153 1144 2175 sacramenta
1167 2148 1280 2180 Christi,
1297 2154 1323 2175 et
1343 2148 1460 2175 iniuistri
1477 2153 1579 2175 tantum
1595 2149 1653 2182 ejus
1667 2149 1751 2175 vicem

131 2188 246 2220 gerant;
263 2187 361 2220 quarto
371 2185 443 2219 quod
454 2185 537 2220 etiam
558 2186 659 2219 absque
688 2184 868 2210 sacramentis
883 2188 990 2218 poterat
1004 2189 1118 2218 gratiam
1144 2183 1278 2210 conferre.
1297 2183 1362 2210 Vide
1376 2184 1453 2219 plura
1470 2185 1539 2219 apud
1562 2184 1652 2210 divum
1679 2184 1752 2210 Thes

128 2218 200 2254 inata
220 2226 301 2254 supra
315 2218 429 2246 citatum
444 2223 496 2246 art.
509 2218 537 2247 3.

163 2253 233 2281 Nota
248 2254 340 2287 tertio,
353 2262 434 2289 quam
451 2255 565 2288 pulchre
580 2255 708 2282 virtutem
721 2255 888 2282 sacramenti
902 2254 1007 2282 ordinis
1023 2254 1171 2286 describat,
1187 2255 1281 2282 dicens
1294 2263 1301 2281 :
1317 2254 1387 2287 Quin
1404 2259 1428 2281 et
1443 2255 1543 2281 intento
1555 2255 1584 2280 in
1596 2262 1655 2280 eum
1667 2254 1753 2282 amori

128 2294 218 2316 nostro
233 2289 381 2324 frequentes
395 2290 519 2316 admiscet
536 2291 684 2322 varietates,
706 2289 801 2317 Graece
820 2290 993 2324 ἑτερότητας
1010 2290 1035 2316 id
1052 2291 1246 2319 esto/tertiata:
1258 2297 1305 2316 seu
1321 2291 1485 2318 diversitates
1501 2297 1509 2316 :
1525 2297 1576 2316 non
1600 2291 1673 2317 enim
1688 2298 1754 2316 suu—

129 2324 191 2357 plici
210 2324 535 2352 rationesanctilicaiuur
550 2331 579 2352 ut
590 2327 690 2359 angeli,
703 2326 749 2352 sed
760 2334 807 2359 per
820 2326 942 2353 diversas
958 2326 1135 2352 cwremonias
1145 2331 1171 2353 et
1185 2326 1255 2352 ritus
1270 2330 1512 2357 sacramentorum,
1525 2332 1585 2359 qum
1602 2326 1653 2352 sub
1668 2325 1753 2359 signis

129 2363 158 2385 ct
174 2360 305 2395 symbolis
319 2360 507 2387 conferuntur.
521 2361 667 2394 Additque,
683 2365 781 2394 praeter
800 2361 914 2395 gratiam
932 2361 1160 2393 sanctificantein,
1187 2361 1374 2387 sacerdotibus
1396 2366 1521 2388 Virtutem
1538 2361 1684 2394 quamdam
1703 2362 1752 2386 lia-

130 2394 260 2431 bitualem
275 2395 438 2422 sacramenti
453 2396 556 2423 ordinis
580 2397 716 2431 propriam
737 2394 866 2428 conferri,
882 2405 935 2431 qua
950 2397 1133 2430 disponuntur
1155 2397 1188 2422 ad
1213 2401 1383 2423 sacramenta
1409 2401 1504 2423 sancte
1525 2396 1751 2422 administranda.

130 2428 199 2468 Hinc
216 2432 395 2468 coulirmatur
410 2431 547 2468 sententia
566 2428 752 2468 theologorum
768 2432 794 2458 in
819 2428 899 2465 parte
911 2440 954 2468 ιιι¹
969 2428 1059 2466 qjo-z,
1075 2437 1127 2458 art.
1142 2432 1170 2463 2,
1185 2432 1351 2468 docentium,
1367 2437 1470 2468 praeter
1481 2432 1599 2466 gratiam
1623 2431 1753 2468 tiabitua~

129 2467 182 2493 letn
195 2469 224 2493 et
237 2465 352 2492 virtutes
368 2471 394 2493 et
409 2466 491 2498 dona,
510 2467 615 2502 singula
628 2462 800 2494 sacramenta
817 2462 1096 2501 conl'erre'q'uoddaui
1114 2462 1247 2494 auxilium
1273 2462 1402 2501 speciale,
1423 2462 1580 2494 ordinatum
1606 2466 1639 2492 ad
1656 2473 1755 2492 consc~

129 2502 268 2537 quendam
290 2502 429 2535 proprium
447 2502 519 2529 illius
534 2503 696 2529 sacrauieuti
715 2503 806 2535 liueiu,
825 2502 862 2528 ita
876 2507 906 2529 ut
924 2510 949 2529 ν.
971 2511 998 2537 g.
1019 2503 1182 2535 baptisuius,
1201 2507 1299 2537 praiter
1314 2502 1382 2528 dona
1401 2502 1549 2529 habitualia
1570 2502 1673 2536 gratia),
1687 2508 1738 2527 cou

129 2535 201 2565 [erat
216 2537 298 2563 etiam
311 2537 429 2570 speciale
441 2537 570 2564 auxilium
585 2539 618 2564 ad
635 2541 853 2565 conservandam
869 2535 1081 2569 uovaui‘vitam,
1100 2542 1128 2565 et
1155 2539 1188 2565 ad
1201 2535 1265 2564 alia
1294 2543 1463 2565 sacramenta
1488 2538 1540 2563 rite
1561 2535 1733 2570 suscipienda
1744 2556 1754 2569 ,

130 2572 358 2607 confirmatiorad
374 2573 454 2599 iidem
476 2574 669 2607 profitendam,
686 2573 852 2600 eucliaristia
867 2574 900 2600 ad
919 2574 1098 2600 crescendqu
1123 2573 1148 2600 in
1165 2573 1314 2605 charitate,
1337 2573 1405 2599 ordo
1431 2573 1465 2599 ad
1494 2578 1666 2599 sacramenta
1690 2579 1757 2598 cou-

129 2607 259 2640 ﬁcicnda,
284 2606 326 2634 vel
349 2606 502 2635 functiones
525 2608 630 2635 ordinis
649 2609 781 2643 cujusque
807 2609 859 2635 rite
877 2609 1028 2641 obeundas,
1056 2614 1083 2635 et
1111 2609 1150 2636 sic
1172 2610 1206 2636 de
1238 2609 1358 2635 coeteris.
1384 2609 1450 2635 Cum
1477 2609 1549 2634 enim
1582 2612 1755 2635 sacramenta

129 2643 294 2669 ordinentur
306 2643 341 2670 ad
355 2643 447 2670 Varios
459 2643 573 2671 eﬂ‘ectus
587 2649 614 2670 et
630 2644 796 2675 functiones,
820 2646 964 2671 conferunt
978 2651 1060 2671 etiam
1081 2644 1188 2671 diversa
1209 2644 1308 2670 auxilia
1328 2644 1362 2670 ad
1381 2643 1441 2670 illos
1458 2643 1582 2670 cll‘ectus.

167 2677 223 2714 §2.
245 2678 372 2711 Nota,ex
386 2685 418 2705 eo
434 2680 505 2713 quod
519 2679 585 2706 dicit
601 2680 716 2707 :Umues
742 2688 822 2706 unum
836 2685 972 2714 appetunt,
997 2679 1055 2713 ejus
1072 2685 1159 2706 tamen
1182 2682 1250 2714 quod
1277 2687 1358 2706 unum
1382 2683 1419 2705 est
1441 2687 1494 2705 non
1519 2678 1642 2704 unimode
1668 2677 1739 2712 parti

130 2713 201 2750 cipe;
217 2715 345 2747 existunt,
370 2714 484 2749 liquere,
504 2721 613 2742 omnem
634 2716 816 2743 dill'erentiaut
833 2713 1074 2750 participatiouum
1100 2722 1134 2742 ex
1160 2713 1313 2743 ditl‘ereutia
1338 2714 1560 2750 participautium
1584 2715 1705 2741 existere
1729 2716 1756 2740 et

804 2795 915 2824 vani/13
934 2793 1131 2824 LECTlONES.
1148 2780 1151 2786 ’

165 2889 188 2911 υ
202 2888 389 2926 τελουμένους,
407 2889 437 2916 ι).
457 2889 485 2918 Ρ.
524 2891 544 2907 ³³
561 2890 773 2927 θεοπαραδότιςνι,
792 2890 841 2917 Ch.
880 2890 903 2906 Μ
920 2888 1092 2932 ἱεραρχικῶς,
1110 2888 1140 2915 ι).
