1931 3073
117 189 168 218 581
399 185 441 215 DE
461 185 600 214 ECCLES.
619 185 821 219 HIERARCH.,
839 186 916 214 CAP.
935 186 954 213 l.
981 201 1016 207 —-
1041 186 1215 214 PARAPHR.
1236 186 1469 215 PACHYMEIUE.
1695 187 1747 215 IIS?

641 243 884 272 PARAPHRASIS
903 244 1127 273 PACHYMEBIE
1146 246 1212 281 (22).

153 358 232 385 Μετὰ
256 357 304 392 τὴν
332 357 460 393 οὐρανίαν
488 357 628 394 ίεραρχίαν
651 357 830 393 διαλαμϐάνει
861 359 908 385 καὶ

998 360 1064 388 Post
1074 360 1214 388 caelestem
1222 359 1404 387 hierarchiaut
1416 364 1514 387 tractat
1522 360 1604 388 etiam
1615 361 1647 388 de
1655 365 1746 388 tiostra

116 404 183 439 mp!
192 403 242 439 τῆς
254 402 314 430 καθ’
329 403 403 438 ἡμᾶς
424 403 576 439 ίεραρχίας,
590 404 624 439 ἣν
646 403 697 430 οὐκ
716 401 777 431 εἷπε
799 405 878 440 γηῒνη

985 407 1137 439 ierarcbia,
1158 414 1240 441 quam
1258 414 1312 433 non
1331 406 1399 433 dixit
1424 411 1577 439 terrenam;
1593 407 1668 440 quia,
1683 407 1747 434 licet

116 451 142 476 ει
157 449 210 485 γὰρ
231 449 278 476 καὶ
298 449 328 476 ἐν
344 450 379 484 γῇ
393 449 572 482 πολιτεύεται,
592 449 649 476 ἀλλ’
664 451 678 476 ὁ
700 450 801 482 σκοπὸς
815 451 863 477 καὶ

984 461 988 479 ι
1004 456 1076 479 terra
1097 451 1301 479 administretur
1312 471 1320 484 ,
1339 458 1438 485 scopas
1455 455 1544 478 tamen
1560 456 1587 478 et
1604 452 1667 478 linis
1687 459 1746 486 ejus

117 495 192 527 τέλος
208 495 294 530 αὐτῆς
315 495 439 531 οὐράνιός
458 495 548 528 ἐστιν,
571 496 611 527 εἰς
634 495 749 531 μίμησιν
773 495 820 522 τοῦ
841 496 879 523 Θεη

985 499 1082 527 elestis
1096 503 1149 531 est,
1170 506 1231 526 cum
1250 499 1283 525 ad
1299 498 1461 525 imitandum
1477 497 1561 524 Deum
1576 498 1747 526 inducatho—

116 542 221 576 ἄγουσα
243 541 290 568 τὸν
307 541 459 576 ἄνθρωπον,
483 540 572 572 καθὼς
587 541 678 576 ἐκείνη
698 540 747 573 τὰς
769 541 845 574 θείας
862 551 878 568 κ

985 545 1073 577 ηἰηθω,
1084 552 1137 571 non
1154 551 1233 571 secus
1245 551 1277 571 ac
1292 543 1336 570 illa
1349 544 1455 571 divinas
1469 543 1647 578 caelestesque
1663 544 1747 570 virtu-

116 587 257 624 οὐρανίους
278 587 416 622 δυνάμεις·
439 586 650 622 προηγουμένως
673 586 728 622 γὰρ
745 588 792 614 καὶ
807 588 878 624 κυρίι

984 598 1013 623 ιε,
1029 590 1163 625 siquidem
1179 589 1368 624 principaliter
1382 597 1414 616 ac
1434 589 1556 624 proprie,
1571 590 1694 624 expiare,
1713 589 1746 616 il—

115 633 148 660 τὺ
162 632 312 668 καθαίρειν,
323 632 354 658 τὸ
365 631 502 666 φωτίζειν,
514 632 544 658 τὸ
555 631 685 665 τελειοῦν,
698 632 745 660 τοῦ
756 633 824 660 Θεοῦ
837 634 877 660 tam

985 637 1106 669 minare,
1142 635 1284 671 perﬁcere,
1310 635 1358 662 Dei
1387 640 1443 669 est;
1467 635 1630 663 secundario
1657 640 1747 662 autem

115 678 250 714 δευτέρως
261 678 289 704 δὲ
303 676 416 704 καὶτῶν
436 677 570 711 ἀγγέλων,
590 677 661 705 κατὰ
675 678 765 714 τρίτον
783 679 812 705 δὲ
830 679 877 713 λὸγ

981 681 1044 708 tiam
1059 681 1228 716 angelorum,
1242 681 1390 708 secundum
1410 688 1475 708 vero
1486 681 1593 708 tertiam
1610 680 1743 708 rationem

118 726 167 752 καὶ
181 725 272 752 αὐτῶν
283 725 338 751 τῶν
351 723 512 760 ἀνθρώπων·
528 724 615 751 ταῦτα
628 725 682 761 γάρ
698 726 750 751 εἰσι
761 725 796 751 τὰ
808 725 872 761 τρία

985 727 1043 754 iam
1061 727 1182 762 ipsorum
1209 727 1367 759 hominum.
1383 727 1513 762 quoniam
1532 726 1589 754 haec
1614 726 1665 754 tria
1683 731 1747 754 sunt

115 771 167 807 τῆς
179 771 321 807 ίεραρχίας
337 771 471 807 ἐνέργεια.
492 770 585 797 Ταῦτα
606 770 682 807 παρὰ
699 771 748 806 μὲν
771 772 831 804 ταῖς
852 771 877 798 ἄη

984 780 1059 800 ιυηυε
1075 772 1247 801 hierarchiae.
1265 772 1328 800 Haec
1347 773 1411 799 dum
1437 773 1464 799 in
1489 772 1615 807 supernis
1637 771 1746 806 quidem

116 817 222 849 οὐσίαις
235 817 396 852 τελούμενα,
417 818 441 844 εί
461 817 508 844 καὶ
531 816 668 853 μυστήριά
682 818 761 849 εἰσιν,
780 818 818 849 ὡς
839 817 878 844 Θει

985 818 1085 846 tsentiis
1100 818 1287 852 perﬁciuntur.
1301 819 1408 846 tametsi
1419 818 1474 845 sint
1490 817 1629 853 mysteria,
1647 817 1747 852 quippe

115 864 187 900 ἔργα
200 864 350 900 ὑπέρτατα,
368 864 425 891 ἀλλ’
438 862 486 891 οὖν
505 864 536 890 οὐ
559 864 695 899 μυοτήριά
710 865 763 891 εἰσι
776 864 844 900 πρὸς
859 864 876 890 ὰ

984 865 1007 892 ei
1029 871 1114 898 opera
1136 864 1344 898 sublimissima,
1365 869 1553 892 verumtamen
1576 864 1665 898 quoad
1687 863 1746 892 illas

115 909 210 945 λήλας·
224 910 310 936 πᾶσαι
326 909 380 946 γὰρ
394 909 470 944 ἅγιαι
487 910 534 936 καὶ
555 910 728 945 μεμυημέναι
744 910 796 937 εἰσὶ
810 911 844 946 τῇ
859 919 876 946 χ

985 918 1013 938 )n
1030 916 1096 938 sunt
1110 911 1256 946 mysteria;
1274 911 1402 946 quoniam
1418 917 1513 938 omnes
1529 914 1629 937 sancta:
1642 914 1706 937 Slllll
1719 914 1747 937 et

117 965 173 993 ριτι
184 955 231 982 τοῦ
243 955 322 988 Θεοῦ,
334 957 358 982 εἰ
372 956 418 982 καὶ
430 955 497 991 ἄλλη
509 955 592 991 ἄλλης
610 955 719 991 προέχει
732 955 802 982 κατὰ
815 956 846 983 τὸ
860 965 879 992 μ

983 956 1048 983 ralia
1070 955 1118 984 Dei
1144 961 1325 988 consecratae,
1346 956 1471 990 quamvis
1497 955 1581 983 altera
1604 955 1641 983 sit
1661 955 1745 983 altera

114 1011 181 1039 τρον
191 1003 242 1038 τῆς
259 1004 317 1029 ἐκεῖ
335 1002 391 1028 εἴτε
408 1001 522 1035 τάξεως,
543 1001 598 1028 εἴτε
621 1001 672 1037 μὴν
690 1002 736 1028 καὶ
753 1001 876 1036 δυνάμεως

984 1001 1147 1034 rtestantior,
1161 1001 1310 1029 secundum
1329 1002 1462 1029 rationem
1478 1009 1538 1036 qua:
1551 1001 1606 1029 illic
1620 1007 1674 1034 est,
1689 1002 1746 1030 sive

116 1050 183 1085 παρ’
198 1050 263 1085 ἡμῖν
281 1048 309 1075 δὲ
329 1048 488 1083 τελούμενα,
505 1048 642 1083 μυστήρια
655 1047 794 1081 λέγονται,
809 1049 839 1074 οὑ
855 1056 878 1081 γι

982 1047 1064 1076 rdinis
1077 1048 1136 1075 sive
1150 1048 1276 1081 virtutis;
1294 1055 1355 1082 quae
1371 1056 1435 1076 vero
1447 1048 1518 1082 apud
1533 1039 1583 1075 nos
1597 1047 1744 1082 perficiun-

115 1095 217 1127 πάντες
239 1095 371 1131 καθαροὶ,
394 1093 456 1120 οὔτε
482 1094 535 1130 μὴν
561 1095 741 1129 μεμυημένοι.
764 1093 844 1120 Ὅθεν
864 1102 877 1120 κ

983 1102 1018 1127 ll",
1038 1094 1166 1129 mysteria
1180 1101 1226 1122 seu
1252 1100 1422 1123 sacramenta
1442 1094 1580 1126 dicuntur,
1605 1101 1658 1122 non
1673 1095 1745 1121 enim

115 1142 182 1178 παρ’
196 1141 314 1173 ἐκείναις
329 1141 378 1176 μὲν
399 1140 519 1171 ἁπάσαις
533 1139 619 1166 ταῦτά
641 1141 720 1173 εἰσιν,
743 1140 767 1166 εἰ
790 1140 837 1167 κα)¹
858 1140 876 1166 ὰ

984 1148 1056 1168 mnes
1067 1140 1128 1175 puri
1144 1145 1220 1174 sunt,
1235 1148 1324 1175 neque
1337 1140 1418 1168 etiam
1432 1141 1543 1168 initiati.
1560 1140 1637 1168 Unde
1655 1141 1681 1168 in
1694 1140 1746 1168 illis

117 1188 200 1224 μέρος
214 1188 261 1214 καὶ
274 1187 461 1223 καθαίρονται,
475 1186 521 1213 καὶ
535 1185 706 1220 φωτίζονται,
720 1187 766 1213 καὶ
777 1185 879 1213 τελειοῦ

981 1188 1087 1215 mnibus
1102 1187 1154 1214 ista
1171 1192 1245 1219 sunt,
1261 1187 1311 1215 etsi
1327 1194 1376 1222 per
1386 1191 1477 1222 partes
1491 1187 1573 1215 etiam
1589 1187 1743 1222 expientur,

114 1243 177 1262 ται·
194 1235 260 1270 παρ’
272 1235 338 1270 ἡμῖν
356 1234 384 1260 δὲ
405 1233 435 1259 οὺ
450 1234 542 1264 πᾶσιν,
557 1232 625 1259 ἀλλά
637 1241 703 1265 τισι,
724 1232 815 1264 καθὼς
835 1233 876 1259 xui

982 1234 1185 1262 tilluminentur
1199 1239 1280 1268 atque
1296 1233 1489 1268 perﬁciantur;
1502 1233 1573 1267 apud
1589 1240 1638 1260 nos
1654 1237 1744 1259 autem

115 1281 183 1313 Θεὸς
199 1280 243 1308 διὰ
262 1281 312 1308 τοῦ
330 1282 470 1317 προφήτου
492 1280 575 1315 λέγει’
602 1280 635 1307 Τὸ
660 1280 830 1315 μυστήριόν
849 1289 877 1315 με

982 1289 1014 1308 on
1027 1282 1053 1308 in
1068 1282 1204 1313 omnibus,
1221 1281 1269 1308 sed
1284 1281 1310 1307 in
1322 1280 1494 1316 quibusdam,
1517 1280 1744 1315 quemadmodum

115 1327 182 1362 ἐμοὶ
192 1327 241 1354 καὶ
254 1326 412 1361 τοῖς-ἐμοῖς·
426 1327 518 1362 ἐμοὺς
530 1326 617 1360 λέγων
632 1327 740 1358 πάντως
751 1326 815 1358 τοὺς
827 1327 877 1362 ίερε

984 1328 1042 1355 .iam
1056 1327 1127 1355 Deus
1142 1335 1189 1362 per
1201 1327 1361 1362 prophetam
1382 1327 1439 1360 ait,
1456 1326 1627 1362 mysterium,
1643 1333 1690 1353 seu
1705 1334 1746 1352 se-

115 1373 134 1409 ἢ
159 1373 223 1405 τοὺς
246 1372 446 1408 μεμυημένους.
471 1373 526 1408 Τὴν
554 1371 620 1406 γοῦν
644 1372 698 1399 τῶν
722 1372 877 1408 προκειμένι

983 1379 1058 1401 'etum
1075 1382 1161 1401 meum
1178 1374 1240 1400 mihi
1256 1374 1270 1394 ὶι
1284 1379 1308 1401 et
1333 1374 1412 1406 nuis;
1428 1381 1498 1400 meos
1519 1373 1623 1405 dicens,
1652 1372 1745 1407 utique

116 1417 272 1453 κεφαλαίων
283 1417 456 1445 διδασκαλίαν
475 1417 546 1445 κατὰ
557 1417 644 1444 διττὸν
662 1419 778 1444 ποιεῖται
797 1417 878 1453 τρόπο

982 1420 1116 1448 tcerdotes
1130 1420 1172 1447 Vel
1190 1420 1324 1448 initiatos.
1339 1419 1543 1455 Propositorum
1563 1420 1656 1454 itaque
1669 1419 1741 1454 capi-

116 1464 228 1501 Πρῶτον
241 1465 295 1501 γὰρ
306 1465 440 1492 ἐκτίθεται
454 1465 496 1497 τὸ,
514 1464 572 1496 πῶς
584 1464 700 1491 τελεῖται
713 1464 744 1491 τὸ
762 1464 878 1500 μυστήρι

983 1466 1079 1494 dorum
1106 1465 1258 1493 doctrinam
1284 1465 1383 1501 duplici
1407 1465 1487 1493 modo
1510 1465 1602 1493 tradit.
1625 1465 1745 1492 Primum

115 1521 164 1549 τοῦ
177 1521 334 1556 κεφαλαίου·
348 1521 395 1549 καὶ
409 1511 558 1557 μετέπειτα
571 1521 672 1556 θεωρίᾳ
691 1519 744 1547 τινὶ
761 1519 841 1546 τοῦτο
854 1529 877 1546 πί

982 1513 1034 1539 aim
1057 1512 1221 1546 exponitur,
1246 1513 1381 1546 quomodo
1401 1511 1560 1547 mysterium
1580 1518 1628 1539 seu
1653 1518 1744 1538 sacra-

118 1567 269 1603 ραδίόωσιν.
301 1565 380 1600 Οἷον,
414 1567 564 1603 μυστηρίου
599 1567 774 1602 φωτίσματος
801 1565 880 1592 ἐκθεσ

984 1563 1082 1586 lentum
1098 1559 1152 1586 isto
1167 1558 1258 1593 capite
1281 1558 1453 1593 propositum
1476 1561 1691 1589 consumtnetur,
1714 1564 1746 1583 ac

115 1611 234 1648 πρῶτον,
255 1609 315 1638 εἶτα
335 1611 448 1648 δευτέρα
466 1614 483 1648 ὴ
498 1612 599 1648 θεωρία
621 1611 714 1638 αὑτοῦ·
738 1611 830 1644 πάλιν,
856 1619 876 1646 μ

983 1604 1057 1631 ainde
1071 1611 1119 1639 per
1135 1604 1392 1639 contemplationem
1407 1603 1552 1638 quamdam
1575 1603 1641 1630 illud
1656 1603 1745 1638 expli-

115 1658 228 1694 πηρίου
251 1658 387 1692 συνάξεως
413 1658 536 1690 ἐκθεσις,
558 1655 618 1684 εἶτα
645 1658 662 1693 ἡ
687 1657 788 1693 θεωρία
814 1656 877 1683 αὐτο

984 1654 1013 1677 tt.
1031 1649 1111 1678 Verbi
1131 1650 1239 1685 gratia,
1263 1655 1306 1678 est
1328 1650 1461 1684 expositio
1487 1649 1677 1677 illustrationis
1698 1657 1746 1677 seu

122 1703 199 1730 Ἐπεὶ
213 1703 268 1739 γὰρ
285 1703 375 1730 διπλοῖ
390 1704 474 1739 ἐσμεν
493 1703 540 1730 καὶ
558 1704 656 1739 ἡμεῖς,
678 1703 771 1738 ὁρατοὶ
791 1702 861 1729 κατὰ
878 1711 884 1726 η

983 1697 1141 1732 iptismatis.
1157 1697 1255 1724 deinde
1267 1696 1443 1731 subsequitur
1457 1695 1516 1730 ejus
1534 1696 1745 1731 contemplatio;

115 1747 207 1784 σῶμα,
225 1737 272 1775 καὶ
293 1737 434 1784 νοούμενοι
453 1748 523 1775 κατὰ
537 1737 636 1784 ψυχὴν,
658 1737 740 1783 διττλῆ
752 1749 799 1775 καὶ
811 1748 829 1783 ή
847 1756 877 1775 κα

987 1742 1090 1770 militer
1111 1743 1246 1778 expositio
1269 1742 1435 1769 sacramenti
1453 1748 1589 1776 synaxeos
1608 1748 1654 1777 seu
1669 1748 1745 1768 eom-

115 1795 190 1830 ὴμᾱς
203 1795 327 1831 ῑεραρχία
336 1815 343 1827 ,
358 1795 473 1832 αἰσθητὴ
494 1795 539 1822 διὰ
552 1795 606 1822 τῶν
619 1795 825 1831 ἐνεργουμένων
842 1804 873 1822 συ

981 1788 1111 1821 tunionis,
1125 1788 1223 1816 deinde
1236 1787 1429 1823 contemplatio
1438 1787 1573 1822 ejusdem.
1585 1786 1651 1814 Cum
1666 1786 1743 1822 161

116 1839 218 1873 σόλων,
236 1841 337 1877 νοητή,
358 1840 402 1868 διὰ
420 1840 471 1876 τῆς
501 1841 627 1877 θεωρίας.
651 1841 757 1877 Θεωρία
784 1841 813 1867 δέ
836 1841 878 1867 ἐστ

983 1835 1032 1862 nim
1039 1840 1067 1862 et
1074 1842 1122 1863 nos
1129 1835 1226 1870 duplici
1235 1842 1267 1869 pa
1272 1839 1312 1862 rte
1319 1833 1588 1867 constemus,visibili
1596 1834 1745 1861 secundum

114 1885 228 1921 ἐπιϐολὴ
242 1886 302 1918 νοὸς
318 1886 419 1921 ἆμεσος
432 1886 479 1912 καὶ
488 1886 552 1922 ψιλὴ
566 1886 620 1913 τῶν
632 1886 783 1922 αἰσθήσεων
795 1885 863 1922 πρὸς
874 1897 876 1902 ι

983 1888 1069 1915 )rpus,
1091 1885 1119 1908 et
1140 1880 1292 1908 intellectili
1316 1880 1465 1908 secundum
1490 1879 1609 1907 animam
1622 1899 1631 1912 ,
1646 1879 1745 1914 duplex

115 1929 294 1967 ὑποκείμενα.
317 1932 374 1967 Τῆς
398 1931 464 1966 γοῦν
485 1932 613 1967 τοιαύτης
638 1931 781 1968 ἰεραρχίας
805 1932 853 1958 καὶ
874 1941 877 1949 ι

982 1931 1001 1954 it
1025 1926 1106 1954 etiam
1129 1927 1201 1962 apud
1224 1933 1274 1954 nos
1296 1927 1462 1960 bierarehia,
1479 1926 1588 1954 sensilis
1604 1925 1744 1958 nimirum,

116 1976 240 2012 σύμϐολα
254 1977 392 2013 μυστήριά
403 1978 456 2004 είσι
470 1977 537 2013 πρὸς
548 1979 612 2010 τοὺς
624 1977 716 2011 ξένους
728 1978 777 2013 τῆς
795 1977 876 2004 Ἐκχλ

981 1976 1070 2007 ropter
1090 1971 1212 2008 symbola
1233 1980 1294 2007 qua:
1314 1972 1492 2004 exhibentur;
1516 1975 1543 1998 et
1567 1970 1743 2003 intellectilis,

116 2022 178 2054 σίας
191 2023 238 2050 καὶ
254 2023 401 2059 ἀμυήτους·
417 2022 485 2050 ἀλλὰ
498 2024 545 2050 καὶ
560 2025 576 2060 ἡ
590 2024 703 2060 θεωρία,
717 2025 755 2056 ὡς
768 2024 878 2060 ὑπερτάι

983 2022 1069 2053 ropter
1084 2018 1352 2054 contemplationem.
1367 2017 1569 2052 Contemplatio
1594 2022 1684 2045 autem
1705 2022 1745 2043 est

116 2068 227 2103 γνῶσις,
245 2070 292 2096 καὶ
309 2069 423 2105 δεομένη
437 2070 564 2103 πίστεως,
584 2072 730 2107 μυστήριον
752 2071 850 2106 λέγοιτ’
864 2071 878 2098 ἂ

983 2064 1119 2101 ninediata
1140 2065 1238 2093 mentis
1259 2070 1286 2093 et
1310 2065 1389 2093 exilis
1404 2073 1533 2092 sensuum
1549 2064 1693 2100 applicatio
1712 2064 1745 2091 ad

116 2114 207 2147 καθὼς
231 2116 278 2142 καὶ
295 2116 310 2142 ὁ
334 2109 491 2149 Ἀπόστολος
509 2117 605 2151 λέγει·
625 2116 799 2152 Μυστήριον
830 2117 878 2152 λέγ

984 2117 991 2136 l
1010 2117 1070 2145 quae
1085 2115 1284 2144 proponuntur.
1307 2109 1462 2138 Istiusmodi
1488 2110 1570 2145 igitur
1585 2109 1746 2137 hierarchize

115 2161 197 2196 ὑμῖν·
218 2162 331 2196 πάντες
352 2163 408 2197 μὲν
427 2165 462 2191 οὐ
482 2163 732 2198 κοιμηθησόμεθα,
749 2163 877 2196 πάντεςι

983 2156 1094 2190 nnbola.
1108 2157 1230 2191 profanis
1243 2157 1315 2184 etab
1329 2157 1450 2198 Ecclesia
1465 2156 1602 2184 extraneis
1617 2156 1745 2191 mysteria

115 2192 359 2243 dluamo‘dwda.
382 2209 451 2236 Ἀλλ’
465 2192 539 2245 ὅμως
551 2192 730 2245 adsedi-1.60M.-
743 2209 822 2244 μόνον
834 2192 877 2243 λέγ

982 2210 1068 2237 noque
1082 2207 1147 2230 sunt
1162 2211 1170 2229 :
1185 2192 1371 2230 verumtame'n
1386 2202 1595 2237 contemplatio,
1616 2208 1744 2236 tanquam

117 2252 254 2289 μυστήρια
277 2253 346 2289 πρὸς
368 2251 600 2290 τοὺξάμυήτους,
617 2255 655 2286 ὡς
674 2253 793 2290 εἴρηται⁸
810 2253 860 2285 τὰς

983 2256 1084 2283 iprema
1097 2249 1226 2284 cognitio,
1242 2256 1354 2284 quaeque
1369 2249 1421 2277 lide
1436 2256 1503 2283 opus
1519 2248 1629 2280 habeat,
1647 2252 1745 2282 myste-

115 2297 260 2333 ἀναγωγὰς
275 2299 366 2326 αὐτῶν
389 2300 505 2337 θεωρίας
518 2301 609 2336 φησὶν,
623 2300 660 2332 ὡς
673 2300 719 2326 τὸν
738 2299 800 2327 νοῦν
818 2300 877 2326 αὺτί

985 2302 1031 2322 um
1056 2295 1218 2330 appellatur,
1244 2295 1321 2330 juxta
1351 2295 1422 2329 quod
1448 2299 1475 2322 et
1497 2294 1643 2329 Apostolus
1670 2293 1709 2320 ait
1738 2300 1743 2318 :

115 2345 271 2380 ἀναγούσας
290 2347 325 2374 τὰ
342 2349 429 2375 οἰκεῖα
443 2349 554 2385 θεωρεῖν
574 2348 665 2380 καθὼς
680 2348 798 2384 ἔχουσιν,
816 2350 841 2375 εί
861 2357 877 2375 κ

982 2341 1119 2375 ’ysterium
1142 2341 1213 2368 vobis
1235 2341 1381 2368 dico:non
1406 2348 1494 2367 omnes
1518 2339 1624 2374 quidem
1648 2339 1744 2366 obdor-

114 2391 202 2424 ἄλλως
221 2392 267 2420 διὰ
289 2394 429 2429 συμϐόλων
449 2395 635 2430 ὲμφαίνονται.
658 2393 688 2421 '0
708 2394 762 2430 γὰρ
791 2394 876 2430 μυηθε

983 2389 1082 2421 demus,
1097 2389 1142 2415 sed
1156 2396 1245 2415 cmnes
1269 2387 1468 2415 immutabt‘mur
1485 2387 1508 2413 ί.
1522 2388 1649 2413 Attamen
1672 2393 1745 2420 synt-

115 2438 163 2465 καὶ
182 2438 257 2470 ὲντὺς
269 2439 414 2475 γενόμενος
427 2440 477 2475 τῆς
490 2440 570 2474 ἁγίας
590 2439 704 2475 σκηνῆς,
718 2438 873 2466 ἁνακεκαλυ

984 2435 1022 2462 διε
1036 2439 1139 2462 tantum
1155 2439 1235 2462 vocat
1248 2434 1389 2469 mysteria,
1404 2433 1493 2467 quoad
1512 2439 1560 2459 eos
1579 2431 1684 2460 scilicet
1700 2430 1746 2465 qui

116 2483 190 2520 μένῳ
202 2484 340 2521 προσώπῳ
354 2485 455 2520 ὀφείλει
466 2485 579 2521 θεωρεῖν
592 2485 627 2512 τὰ
644 2485 695 2521 τῆς
707 2485 827 2517 πίστεως
841 2494 878 2521 μελ

983 2481 1074 2509 ecdum
1091 2481 1188 2508 initiati
1207 2485 1280 2514 sunt,
1298 2480 1336 2507 uti
1351 2480 1454 2509 dictum
1471 2483 1532 2506 est:
1548 2486 1641 2506 coruunt
1656 2483 1745 2504 autent

115 2529 245 2562 πίστεως.
959 2537 1114 2565 auagogas.
1140 2527 1258 2563 appellat
1284 2526 1545 2562 contemplationes,
1565 2525 1665 2560 quippe
1688 2531 1748 2558 qua:

114 2581 234 2603 tuentem
254 2576 362 2612 erigant
378 2577 412 2605 ad
432 2585 523 2605 rerum
540 2578 674 2612 ipsarum,
691 2581 722 2604 ut
748 2577 776 2604 in
796 2583 827 2604 se
861 2581 934 2610 sunt,
955 2575 1227 2610 contemplationem,
1243 2574 1308 2601 licet
1331 2573 1411 2600 aliter
1437 2573 1520 2600 etiam
1546 2580 1594 2606 per
1622 2570 1747 2606 symbola

115 2623 299 2650 insinuentur.
315 2623 366 2657 Qui
382 2625 455 2652 enim
469 2625 593 2652 initiatus
608 2629 651 2652 est
682 2629 711 2652 et
725 2624 795 2652 intra
809 2631 918 2652 sacrum
951 2623 1039 2650 velum
1062 2623 1213 2657 ingressus,
1231 2621 1346 2649 revelata
1366 2620 1438 2648 facie
1458 2627 1520 2647 cum
1546 2618 1599 2646 [ide
1626 2622 1747 2645 conteru-

114 2670 185 2705 plari
201 2671 280 2699 debet
296 2678 327 2698 ea
343 2679 404 2706 quae
420 2677 484 2699 sunt
498 2671 570 2699 ﬁdei.

141 2716 156 2753 ς
168 2718 189 2744 1.
203 2718 264 2744 ’Ότι
276 2718 327 2753 μὲν
337 2719 354 2753 ἠ
365 2718 426 2745 καθ’
437 2719 509 2754 ἡμᾶς
518 2717 653 2754 Εεραρχία,
665 2718 689 2744 εἰ
701 2718 748 2744 καὶ
758 2717 819 2745 καθ’
833 2718 903 2753 ἡμᾶς

998 2715 1012 2751 §
1033 2717 1054 2742 1.
1079 2714 1266 2742 llierarcbiam
1288 2717 1420 2744 nostram,
1438 2712 1501 2739 licet
1519 2715 1610 2739 nostra
1629 2710 1745 2742 dicatur.

114 2762 233 2798 λέγεται,
247 2764 305 2791 ἀλλ’
316 2762 363 2791 οὖν
376 2764 423 2791 καὶ
437 2764 508 2800 αὑτὴ
521 2765 568 2791 καὶ
580 2764 641 2791 θεία
654 2764 714 2790 ἐστὶ
732 2763 792 2790 καθ’
808 2763 876 2799 αὑτὴ

983 2768 1076 2789 ηιέι111611
1088 2766 1116 2788 et
1127 2761 1212 2797 ipsam
1230 2767 1277 2796 per
1290 2767 1320 2788 se
1332 2758 1452 2787 divinam
1472 2764 1543 2791 esse,
1557 2763 1611 2785 nou
1625 2762 1705 2783 secus
1715 2761 1745 2782 ac

168 2842 183 2862 ιι
197 2841 247 2869 Isa.
265 2849 340 2875 χειν,
360 2842 407 2873 16,
426 2849 481 2870 sec.
495 2841 621 2877 Septuag.
638 2841 666 2869 in
680 2841 782 2876 aliquot
798 2839 878 2868 codd.
921 2839 928 2859 ί
948 2838 1035 2867 lCor.
1052 2845 1096 2872 xv,
1112 2838 1157 2866 51.

154 2922 210 2949 iiii
233 2921 298 2950 Vide
321 2921 429 2950 S.holia
452 2921 480 2949 S.
504 2920 612 2949 Maximi
644 2926 708 2950 tom.
731 2920 765 2954 ll,
791 2928 850 2956 cap.
876 2919 886 2947 l
923 2919 1023 2947 Ecclcs.
1043 2918 1118 2945 Hier.
