1931 3073
194 139 246 167 58³

784 136 811 164 S.
833 136 982 164 NONVS“
1001 135 1232 164 AREOPAGlTJ-Z

1772 133 1826 161 εει

194 194 334 222 εωΓεειρηι
349 193 582 222 bierarcniam.et
596 199 610 218 a
624 191 680 219 Deo
695 191 818 225 insitam,
838 191 986 218 secundum

1041 191 1077 223 ὼς
1089 191 1135 217 καὶ
1146 191 1162 226 ὴ
1175 191 1288 226 οὐρανία
1301 191 1434 226 ἱεραρχία,
1450 192 1496 218 καί
1512 191 1611 222 ἔνθεος,
1626 190 1696 217 κατὰ
1709 192 1827 226 μετοχὴν

195 240 432 275 participationem
448 246 539 266 rerum
552 238 659 265 illarum
675 237 841 269 divinarum,
855 237 986 271 juxtaque

194 294 301 314 sacram
321 286 395 313 illam
412 285 558 312 scientiam
581 289 608 312 et
627 284 830 318 operationem,
847 284 887 311 sui
904 283 987 319 parti-

193 333 270 366 cipes
291 332 422 359 deiﬁcare
447 337 530 366 alque
556 330 707 366 perlicere,
733 337 767 357 ex
791 330 987 358 sacratissimis

194 377 345 411 Scripturis
357 376 601 404 demonstrandum
617 380 672 407 est;
693 383 747 402 non
762 379 852 403 tamen
874 377 986 404 omnino

194 423 334 455 omnibus,
349 423 397 450 sed
417 422 486 450 solis
505 423 548 456 iis,
567 423 612 457 qui
632 430 682 458 per
697 422 858 450 traditiones
874 428 986 458 aposto-

197 470 286 497 lorum
304 470 458 498 istiusmodi
478 470 650 498 institutione
664 470 738 506 digni
754 474 817 497 sunt
832 470 930 497 habiti.
947 469 986 497 Tn

197 521 288 543 autem
305 517 432 547 observa.
447 521 540 544 sancte
554 516 602 548 fili,
621 523 655 544 ne
669 518 711 544 vel
721 516 798 551 juxta
813 525 911 545 novum
928 525 985 545 mo-

196 569 267 594 rem,
282 562 323 588 vel
341 569 391 597 per
404 562 531 590 ordinem
545 562 676 590 doctrina:
695 562 806 598 (patres
828 563 901 590 enim
924 568 988 590 sunt

195 608 398 642 praeceptores)
423 608 538 636 ridicule
565 606 593 635 et
622 609 807 636 irreverenter
832 608 986 636 istiusmodi

195 655 326 690 myswria
342 655 486 683 manifesta
501 654 586 682 facias
596 656 724 683 omnibus
736 655 868 691 profanis,
883 657 928 690 qui
941 663 986 684 res

196 700 305 727 divinas
333 700 518 735 mysticasque
547 701 620 728 risus
646 701 820 729 occasionem
847 701 984 734 facerent;

196 745 245 774 sed
259 753 391 774 venerare
414 745 486 778 illas,
501 747 572 774 sicut
583 754 690 781 Equum
709 751 761 780 est,
778 747 898 776 silentio.
913 748 949 775 At
962 748 985 775 si

196 792 305 826 quando
316 793 398 819 etiam
413 799 481 827 opus
495 793 531 820 sit
545 793 699 820 istiusmodi
719 795 933 827 communicare,
952 801 986 822 ne

197 839 385 866 communices
398 839 570 870 rudioribus;
585 840 633 866 sed
652 841 768 872 sanctis,
783 841 864 874 idque
878 840 930 868 illis
943 849 987 868 sa-

196 889 340 912 crosancte
366 889 468 912 etcum
493 892 570 913 sacra
594 885 790 918 illustratione,
809 887 920 914 minime
936 887 987 915 im-
1004 874 1024 902 ﬂ

197 932 328 959 morando
344 932 430 968 typis.
451 933 497 960 sed
522 932 728 968 inaspectabilia
746 932 907 960 illustrando
924 943 931 960 :
948 935 988 961 sic

195 978 268 1005 enim
288 978 371 1005 etiam
390 979 468 1006 nobis
490 979 524 1006 ad
549 978 647 1006 divina
665 979 822 1012 conversis,
838 980 880 1007 vel
896 981 986 1007 divina

196 1024 406 1052 concinentibus
417 1024 529 1060 collegis
545 1025 643 1052 tradita
661 1025 779 1052 fuerunt.
793 1026 862 1059 Quin
875 1031 902 1053 et
917 1027 986 1062 ipse-

196 1075 253 1098 met
271 1069 359 1104 Deus,
378 1071 424 1105 qni
444 1078 522 1098 mens
545 1077 588 1098 est
612 1071 657 1097 illa
681 1071 825 1099 divinitate
848 1076 988 1100 transcen-

197 1116 276 1149 deus,
289 1114 336 1149 qui
350 1115 441 1143 omnis
451 1115 642 1143 sanctimoniae
657 1116 811 1150 divinosque
821 1117 987 1150 operationis

197 1169 279 1190 causa
295 1161 390 1188 existit
405 1162 480 1196 (cum
501 1162 575 1189 enim
597 1162 752 1189 bierarcbia
770 1163 886 1189 scicntia
910 1164 946 1190 sit
961 1168 988 1190 et

197 1207 332 1242 operatio,
343 1207 554 1234 sanctimoniam
567 1207 676 1242 quidem
688 1207 722 1234 ad
735 1207 878 1234 scientiam
892 1207 986 1239 refert,

198 1253 246 1280 Dei
261 1260 327 1280 vero
345 1252 423 1288 162
438 1253 627 1287 operationem
637 1253 671 1279 ad
684 1253 832 1280 ellicaciam
842 1261 888 1280 seu
902 1254 987 1280 aetio-

197 1297 273 1333 nem)
283 1298 446 1326 emtestibus
461 1298 608 1325 virtutibus
620 1298 792 1326 manifestius
808 1298 889 1326 simul
904 1304 932 1326 et
947 1299 988 1326 in-

198 1343 370 1379 lelligibilius
392 1343 506 1379 alfulget
529 1344 720 1379 (intelligimus
734 1345 807 1372 enim
821 1350 848 1372 et
862 1353 921 1376 nos,
940 1346 987 1372 sed

199 1396 255 1417 non
272 1394 303 1416 ut
316 1391 386 1425 istm)
398 1397 468 1425 quas
482 1391 566 1417 etiam
586 1391 620 1417 ad
639 1391 777 1424 propriam
801 1399 878 1418 suam
901 1391 987 1419 lucem

202 1434 348 1467 infamat,
356 1441 387 1463 ut
401 1437 530 1463 nimirum
545 1437 628 1464 etiam
649 1438 716 1464 alios
732 1437 894 1471 illuminent,
911 1438 987 1471 juxta

198 1481 330 1509 virtutem
342 1482 507 1516 spiritalium
523 1487 550 1510 et
562 1483 759 1511 intellectilium
775 1492 887 1512 suarum
908 1490 988 1512 natu—

198 1535 301 1560 rarum,
310 1535 363 1555 non
372 1534 462 1556 autem
474 1529 622 1557 secundum
633 1530 761 1556 virtutem
774 1531 875 1557 suimet
887 1531 986 1566 ipsius;

198 1581 263 1603 nam
288 1574 359 1602 Deus
386 1574 499 1602 inﬁnitae
522 1576 632 1602 virtutis
653 1580 705 1602 est.
726 1575 796 1609 Quin
820 1581 847 1603 et
869 1582 987 1611 nostras,

198 1627 260 1654 qua:
277 1620 369 1648 multa:
385 1626 460 1654 sunt,
479 1621 636 1654 varietates,
653 1625 681 1648 et
696 1622 878 1649 multiformes
892 1630 988 1650 cama-

199 1666 266 1695 lium
281 1667 481 1695 desideriorum
503 1676 594 1700 curas,
616 1675 686 1702 quas
702 1668 832 1703 prohibet
847 1669 988 1702 Dominus,

200 1715 236 1743 ad
251 1714 418 1742 uniformem
433 1715 612 1751 divinamqne
625 1717 708 1744 vitam
729 1717 844 1748 reducit,
857 1722 886 1743 ut
908 1717 988 1744 nimi-

199 1769 260 1791 rum
280 1769 436 1797 qnaramns
459 1763 576 1797 primum
598 1771 710 1799 regnum
727 1762 787 1797 Dei,
811 1767 838 1791 et
854 1763 988 1798 justitiam

198 1808 268 1842 ejus.
292 1808 321 1836 Id
344 1813 436 1836 autem
452 1816 506 1843 quo
527 1809 568 1836 sic
589 1810 680 1836 anima
699 1809 866 1844 disponitur,
880 1816 988 1836 sacrum

200 1854 323 1882 habitum
344 1854 491 1889 appellavit
504 1876 511 1885 ,
536 1855 583 1889 qui
598 1855 642 1882 vel
661 1855 778 1882 maxime
803 1855 991 1882 sacerdotibus

201 1905 244 1929 est
258 1905 474 1928 consentaneus.
488 1901 663 1936 Accipientes
675 1901 765 1936 itaque
779 1901 815 1928 ab
829 1901 888 1936 ipso
902 1901 988 1928 virtu-

201 1952 270 1979 tem,
287 1947 481 1982 progredimur
503 1948 537 1974 ad
561 1947 723 1975 bierarchize
748 1947 916 1974 functioncm
937 1957 944 1974 :
964 1953 992 1975 et

201 1993 253 2021 hoc
268 1994 350 2021 modo
363 1993 467 2020 sanctis
491 1993 595 2028 angelis
613 1994 854 2029 approximamus,
868 1993 990 2020 illorum-

201 2047 255 2074 que
277 2047 329 2074 ope
347 2039 381 2067 ad
405 2039 629 2074 divinam‘lucem
649 2039 850 2075 suspicientes,
872 2040 991 2075 indeque

201 2087 316 2117 scientia
327 2087 495 2122 cognitionis
506 2087 724 2121 spectaculorum
736 2087 865 2114 illustrati
877 2088 992 2122 (specta-

201 2133 262 2164 cula
286 2139 377 2161 autem
393 2138 474 2161 vocat
490 2134 631 2161 doctrinas
652 2134 685 2161 de
703 2134 773 2166 Deo,
797 2142 859 2169 quae
880 2142 934 2161 non
958 2142 991 2161 ex

202 2181 274 2211 nudo
287 2181 432 2208 verborum
456 2180 563 2212 auditu,
580 2181 623 2208 vel
640 2189 782 2208 sacrarum
806 2183 991 2210 doctrinarum

203 2227 428 2262 pronuntiatione
441 2227 575 2263 existunt)
589 2229 706 2255 evadere
720 2229 882 2264 poterimus,
899 2234 927 2256 ut
944 2236 992 2262 pa-
1008 2232 1029 2259 ι)

202 2272 305 2300 tieutes
319 2272 429 2306 quidem
449 2280 511 2307 quae
536 2272 573 2299 ibi
595 2272 708 2307 pulchra
732 2277 806 2303 sunt,
825 2271 989 2303 consecrati,

203 2319 302 2353 nempe
312 2319 373 2353 puri
387 2323 415 2346 et
430 2318 601 2351 luciformes,
617 2323 645 2345 et
658 2317 787 2352 perfecti;
806 2318 878 2344 velut
893 2317 990 2345 habitu

202 2370 267 2390 vero
286 2363 338 2390 hoc
360 2363 527 2397 obtinentes,
541 2369 623 2398 atque
645 2364 741 2391 eadem
762 2363 823 2390 aliis
840 2364 992 2390 communi-

202 2416 267 2438 care
282 2409 418 2442 valentes,
443 2414 668 2442 consecratores,
692 2414 719 2436 et
743 2409 812 2436 lucis
833 2414 993 2444 operatores

203 2462 251 2483 seu
275 2455 485 2487 illuminatores,
512 2460 541 2483 et
563 2455 747 2490 perfectores;
775 2455 832 2483 haec
857 2455 991 2490 siquidem

204 2501 257 2530 Iria
275 2506 340 2529 sunt
355 2502 520 2530 bierarcbia:
533 2508 638 2537 partes.

241 2547 256 2584 ς
269 2547 302 2575 ll.
317 2548 386 2576 Cum
401 2554 492 2576 autem
505 2549 550 2575 liie
562 2555 652 2576 sermo
665 2548 733 2575 duas
747 2552 875 2582 agnoscat
889 2547 993 2574 liierar-

203 2593 293 2626 cllias,
307 2594 455 2622 secundum
466 2594 701 2629 participationem
709 2593 884 2621 divinissimae
897 2600 994 2620 esseu-

207 2641 251 2669 lia
265 2641 356 2668 omnis
373 2641 536 2669 bierarcbiae
551 2641 611 2672 Dei,
627 2640 683 2667 vult
695 2640 775 2668 Pater
787 2641 831 2669 hic
842 2640 992 2672 declarare,

206 2685 274 2720 quid
291 2685 344 2713 illis
357 2692 502 2713 commune
523 2689 551 2713 et
569 2686 635 2720 quid
648 2686 788 2720 proprium
804 2686 850 2717 sit,
864 2685 994 2720 quocirca

207 2731 274 2759 dicit
289 2739 297 2758 :
313 2731 378 2765 Qua.-
393 2731 504 2766 quidem
517 2731 641 2760 ctelestis
652 2731 687 2758 sit
700 2732 853 2759 hierarebta
866 2732 931 2758 alibi
948 2739 993 2758 re-

208 2777 309 2812 paries,
325 2778 371 2805 ubi
385 2777 449 2806 licet
463 2785 516 2804 non
532 2785 583 2812 pro
594 2777 737 2812 dignitate,
751 2784 800 2812 pro
817 2777 886 2804 virili
903 2782 993 2804 tamen

209 2827 315 2855 nostra,
331 2823 364 2850 de
381 2823 434 2849 illis
451 2823 620 2858 disputatum
632 2828 694 2855 est;
711 2823 737 2850 in
754 2831 809 2858 quo
821 2823 951 2850 Tractatu
967 2823 994 2849 id

211 2875 294 2896 unum
306 2869 422 2899 dicimus
442 2869 634 2899 observatione
658 2870 778 2905 dignum,
794 2870 865 2906 quod
881 2877 942 2899 eum
967 2869 994 2898 in

1040 235 1095 262 τῶν
1115 235 1195 262 θείων
1212 235 1334 267 ἐκείνων,
1353 237 1399 262 καὶ
1421 237 1481 262 κατ’
1495 236 1601 271 ἐκείνην
1611 236 1660 271 τὴν
1676 235 1752 271 ἱερὰν
1763 236 1826 262 ὲπι-

1042 283 1149 318 στήμην
1166 283 1212 308 καὶ
1226 283 1364 318 ἐνέργειαν
1378 282 1455 314 θεοὺς
1475 283 1602 309 ἀποτελεῖ
1617 283 1679 315 τοὺς
1696 282 1826 319 μετόχους

1039 329 1125 363 αὐτῆς
1142 329 1189 355 καὶ
1202 329 1316 361 τελειοί,
1334 330 1366 356 ὲκ
1386 329 1440 356 τῶν
1461 330 1613 364 ἱερωτάτων
1630 328 1744 364 ΓραφιῖΝ
1759 329 1828 355 ἀπο-

1038 375 1123 407 δεῖξαι
1144 375 1213 410 χρή·
1228 375 1285 401 ἀλλ’
1299 375 1329 401 οὐ
1350 375 1458 407 πάντως
1474 376 1565 407 πᾶσιν,
1578 375 1647 402 ἀλλὰ
1664 374 1753 410 μόνοις
1769 376 1827 406 τοῖς

1037 421 1198 457 ἠξιωμένοις
1212 421 1260 457 τῆς
1277 421 1403 457 τοιαύτης
1424 422 1617 457 μυσταγωγίας
1636 421 1678 448 διὰ
1690 422 1739 456 τῆς
1755 422 1826 448 ἀπο-

1039 469 1141 495 στόλων
1151 469 1338 504 παραδόσεως.
1357 469 1393 496 Σὺ
1409 468 1437 495 δὲ
1457 469 1562 499 σκόπει,
1577 469 1634 504 ἱερὲ
1646 470 1706 500 παῖ,
1724 469 1740 504 ἢ
1753 468 1827 495 κατὰ

1037 515 1068 542 τὸ
1084 515 1224 551 νεώτερον,
1240 516 1256 552 ἦ
1269 516 1340 543 κατὰ
1355 516 1404 552 τὴν
1417 516 1494 549 τάξιν
1505 516 1555 551 τῆς
1570 515 1743 548 διδασκαλίας
1757 515 1766 551 (
1774 524 1828 543 πα-

1037 561 1115 596 τέρες
1144 561 1198 597 γὰρ
1226 563 1250 588 οἱ
1280 561 1468 598 διδάσκαλοι),
1492 562 1566 593 ὅπως
1592 561 1630 597 μὴ
1655 561 1826 595 παιγνιιώὦς

1038 607 1086 634 καὶ
1103 608 1260 640 ἁνευλαὸὦς
1284 609 1400 644 ποιήσῃς
1421 609 1478 640 τοῖς
1499 608 1617 644 ἁνιέροις
1634 608 1774 643 καταφανῆ
1793 607 1828 634 τὰ

1036 654 1148 681 τοιαῦτα
1163 656 1313 691 μυστήρια,
1328 654 1446 689 γέλωτος
1462 655 1589 691 ἀφορμὴν
1601 654 1772 690 ποιουμένοις
1790 653 1826 680 τὰ

1038 699 1098 726 Θεία
1111 700 1158 726 καὶ
1172 701 1289 735 μυστικά
1298 709 1304 714 “
1318 700 1385 727 ἀλλὰ
1397 700 1511 736 τῖμησον
1521 700 1600 731 αὐτὰ,
1609 700 1705 736 ὥσπερ
1714 699 1794 734 λόγον
1804 702 1825 731 “,

1037 747 1072 781 τῇ
1097 747 1196 781 σιωπῇ.
1216 747 1246 772 ΕΙ
1267 746 1296 773 δέ
1321 755 1371 773 που
1393 747 1440 774 καὶ
1461 746 1551 781 δεήσει
1574 745 1765 777 κοινώσασθαι,
1788 746 1826 781 μὴ

1037 792 1093 822 τοῖς
1112 791 1264 823 ἀτελέστοις
1279 791 1381 819 τούτων
1402 791 1540 824 κοινώνει,
1566 791 1633 818 ἀλλὰ
1655 792 1711 823 τοῖς
1732 792 1826 827 ἱεροῖς,

1038 837 1176 869 κάκείνοις
1204 837 1374 874 ἱεροπρεπῶς
1399 838 1446 864 καὶ
1473 837 1531 872 μεθ’
1551 838 1627 872 ἱερᾶς
1650 837 1827 872 ἐλλάμψεως,

1040 884 1077 919 μὴ
1090 884 1264 919 ἐναπομένων
1280 885 1337 916 τοῖς
1352 883 1448 915 τύποις
1459 904 1466 915 ,
1482 883 1550 910 ἀλλὰ
1562 883 1597 910 τὰ
1609 883 1709 910 ἀθέατα
1726 883 1828 918 ἐλλαμ-

1039 931 1170 966 πόμενος’
1184 930 1254 957 οὕτω
1269 930 1323 966 γὰρ
1335 931 1382 957 καὶ
1395 931 1461 965 ἡμῖν
1475 932 1532 962 τοῖς
1552 931 1616 966 τερὶ
1634 930 1669 956 τὰ
1687 930 1746 956 θεῖα
1764 930 1830 955 ἐπε-

1039 976 1231 1012 στραμμένοις,
1244 976 1261 1012 ἢ
1273 975 1307 1002 τὰ
1318 976 1377 1002 θεῖα
1394 975 1486 1011 ᾅδουσι
1505 976 1647 1011 χορευταῖς
1656 995 1664 1007 ,
1678 975 1830 1011 παρεδόθη-

1040 1030 1097 1048 σαν.
1123 1022 1177 1048 Καὶ
1200 1022 1281 1053 αὐτὸς
1308 1023 1322 1048 ὁ
1345 1020 1563 1057 θεαρχικώτατος
1589 1021 1652 1053 νοῦς
1675 1022 1690 1047 ὁ
1714 1020 1792 1053 Θεὸς,
1811 1021 1830 1056 ἡ

1039 1068 1129 1103 πάσης
1149 1068 1303 1102 ἁγιωσύνης
1325 1069 1371 1094 καὶ
1387 1067 1530 1104 θεουργίας
1544 1067 1627 1100 αἰτία,
1650 1067 1727 1103 (ἐπεὶ
1739 1067 1795 1103 γὰρ
1812 1067 1830 1102 ἠ

1038 1114 1164 1150 ἱεραρχξα
1178 1115 1315 1149 ἐπιστήμη
1332 1115 1391 1140 ἐστῖ⁵
1404 1114 1452 1140 καὶ
1468 1109 1604 1150 ἐνέργεια,
1621 1114 1671 1150 τὴν
1688 1114 1738 1149 μὲν
1748 1114 1832 1148 ἁγιω-

1037 1159 1122 1195 σύνην
1143 1160 1212 1195 πρὸς
1227 1161 1277 1196 τὴν
1291 1161 1446 1196 ἐπιΜμην
1460 1161 1604 1196 λαμϐάνει,
1622 1161 1670 1197 τὴν
1686 1160 1716 1187 δὲ
1733 1159 1831 1196 θεουρ-

1039 1206 1101 1238 γιαν
1121 1206 1188 1241 πρὸς
1209 1207 1257 1242 τὴν
1280 1207 1435 1243 ἐνέργειαν)
1452 1207 1512 1239 ταῖς
1534 1207 1676 1242 οὐρανίαις
1695 1206 1832 1242 ἐλλάμπει

1038 1252 1167 1288 δυνάμεσι
1187 1251 1347 1287 τρανότερον
1359 1261 1388 1279 τε
1402 1253 1449 1280 καὶ
1461 1262 1503 1279 νοε
1509 1253 1624 1289 ριίιτερον
1636 1252 1761 1287 (νοοῦμεν
1775 1251 1833 1286 γὰρ

1040 1299 1086 1325 καὶ
1101 1299 1182 1334 ἡμεῖς
1193 1319 1200 1329 ,
1220 1299 1276 1325 ἀλλ’
1289 1299 1320 1326 οὐ
1340 1300 1400 1326 κατ’
1418 1299 1540 1333 ὲκείνας)
1551 1319 1558 1331 ,
1577 1300 1623 1326 καὶ
1640 1299 1742 1330 ταύτας
1761 1299 1833 1334 πρὸς

1039 1344 1069 1370 τὸ
1090 1345 1188 1371 οἰκεῖον
1218 1344 1290 1379 φῶς,
1314 1345 1357 1371 ῖνα
1374 1346 1419 1371 καὶ
1432 1345 1511 1372 αὐταὶ
1530 1345 1628 1380 δηλαδὴ
1651 1345 1714 1376 τοὺς
1733 1344 1833 1376 ἄλλους

1041 1391 1194 1425 φωτίζωσιν
1206 1411 1212 1421 ,
1238 1392 1380 1427 ἀφομοιοῖ,
1399 1391 1470 1418 κατὰ
1489 1391 1603 1426 δύναμιν
1619 1391 1708 1418 αὐτῶν
1726 1391 1759 1426 δὴ
1776 1391 1833 1416 τῶν

1040 1437 1140 1473 νοερῶν
1153 1445 1184 1463 τε
1198 1437 1245 1463 καὶ
1257 1438 1359 1473 νοητῶν
1370 1439 1400 1464 οὐ
1406 1438 1479 1469 σιῶν,
1497 1438 1528 1464 οὐ
1546 1438 1600 1473 γὰρ
1615 1437 1686 1464 κατὰ
1702 1437 1752 1472 τὴν
1765 1438 1832 1464 ἐαυ-

1040 1483 1086 1510 τοῦ
1102 1483 1216 1519 δύναμιν
1228 1492 1234 1498 ο
1258 1484 1475 1520 ἀπειροόύναμος
1496 1484 1551 1519 γὰρ
1567 1485 1582 1510 ὁ
1597 1484 1672 1515 Θεὸς.
1693 1483 1788 1518 Ἦμῶν
1801 1491 1833 1509 τε

1040 1530 1090 1562 τὰς
1106 1530 1205 1562 πολλὰς
1217 1531 1388 1566 ἑτερότητας,
1405 1530 1454 1562 τὰς
1466 1529 1613 1562 πολυειδεῖς
1623 1529 1677 1556 τῶν
1690 1529 1834 1564 σαρκικῶν

1040 1576 1191 1612 ἐπιθυμιῶν
1210 1577 1352 1613 μερίμνας,
1369 1577 1401 1609 ἃς
1418 1577 1585 1612 ἀπαγορεύει
1602 1577 1616 1602 ὁ
1632 1576 1750 1611 Κύριος,
1766 1583 1834 1602 συν-

1039 1624 1100 1657 άγει
1118 1625 1158 1655 εὶς
1175 1624 1276 1659 ἐνοειδῆ
1296 1624 1343 1650 καὶ
1358 1624 1433 1650 θείαν
1449 1623 1532 1658 ζωὴν,
1549 1623 1580 1650 τὺ
1597 1623 1688 1658 ζητεῖν
1708 1621 1834 1657 δηλονότι

1042 1671 1070 1696 ἐν
1089 1669 1208 1706 πρώτοις
1221 1670 1270 1705 τὴν
1285 1670 1423 1705 βασιλείαν
1434 1669 1481 1696 τοῦ
1498 1669 1577 1699 Θεοῦ,
1598 1669 1644 1695 καὶ
1663 1667 1713 1702 τὴν
1729 1667 1835 1694 δικαιο-

1042 1716 1122 1750 σύνην
1136 1715 1226 1742 αὑτοῦ.
1240 1716 1276 1742 τὸ
1287 1716 1315 1742 δὲ
1326 1715 1396 1742 οὕτω
1410 1714 1579 1741 πεποιιῖηθαι
1595 1714 1646 1749 τὴν
1657 1713 1758 1749 ψυχὴν,
1773 1713 1833 1746 ἕξιν

1041 1762 1116 1798 ἱερὰν
1128 1762 1305 1794 ἀπεκάλεε-εν,
1323 1763 1382 1797 ἥτις
1400 1763 1447 1789 καὶ
1465 1761 1580 1797 μάλιστα
1596 1761 1653 1791 τοῖς
1666 1760 1834 1795 ἱερωμένοις

1041 1809 1186 1845 πρεταῦὃης
1198 1810 1264 1835 ἐστι.
1286 1810 1476 1844 Λαμσάνοντες
1495 1808 1561 1843 γοῦν
1574 1808 1638 1844 παρ’
1655 1807 1762 1834 ἐκείνου
1782 1807 1833 1842 τὴν

1040 1855 1154 1890 δύναμιν
1184 1855 1380 1891 προχωροῦμεν
1407 1856 1454 1882 καὶ
1476 1856 1523 1882 ἐπὶ
1544 1856 1593 1890 τὴν
1614 1855 1663 1890 τῆς
1691 1854 1834 1889 ἱεραρχίας

1042 1901 1199 1936 ἐνέργειαν
1219 1903 1266 1928 καὶ
1290 1902 1376 1934 οὕτως
1393 1901 1538 1938 ἐγγίζομεν
1557 1903 1613 1934 τοῖς
1629 1901 1773 1935 ἀγγέλοις,
1799 1901 1834 1936 τῇ

1043 1949 1112 1984 πρὸς
1135 1949 1233 1980 αὐτοὺς
1257 1949 1424 1984 ἁςομοιὼσει
1436 1969 1444 1980 ,
1470 1950 1516 1975 καὶ
1536 1948 1570 1974 δι’
1590 1948 1678 1974 αὐτῶν
1698 1947 1767 1982 πρὸς
1784 1947 1836 1982 τὴν

1043 1995 1190 2031 θεαρχικὴν
1216 1996 1303 2030 αὐγὴν
1330 1995 1546 2030 ἁναὸλέψαντες,
1569 1995 1615 2021 καὶ
1634 1993 1836 2028 ὲλλαμφθέντες

1043 2041 1146 2068 ἐκεῖθεν
1162 2042 1211 2077 τὴν
1231 2042 1386 2077 ἐπιστήμην
1401 2042 1451 2077 τῆς
1470 2043 1524 2068 τῶν
1540 2041 1682 2076 θεαμάτων
1703 2040 1837 2074 γνώσεως

1044 2087 1184 2122 (θεάματα
1195 2087 1224 2114 δὲ
1240 2087 1274 2114 τὰ
1286 2088 1350 2123 περὶ
1369 2087 1437 2113 Θεοῦ
1461 2095 1527 2122 φησι
1539 2087 1707 2121 διδάγματα·
1727 2085 1759 2112 οὐ
1779 2086 1838 2122 γὰρ

1044 2133 1105 2169 ἄχρι
1118 2134 1199 2169 ψιλῆς
1219 2134 1268 2169 τῆς
1285 2134 1340 2159 τῶν
1359 2133 1446 2167 λόγων
1462 2133 1545 2168 ἀκοῆς
1564 2132 1580 2167 ἢ
1603 2132 1785 2167 ἐκφωνήσεως
1802 2132 1839 2158 τὰ

1043 2179 1097 2205 τῶν
1115 2179 1194 2216 ἱερῶν
1210 2179 1335 2215 μυήσεών
1347 2181 1399 2205 εἰσι
1410 2180 1446 2214 ’),
1458 2179 1582 2213 γενέσθαι
1599 2178 1780 2214 δυνησόμεθα,
1798 2179 1839 2210 ὡς

1044 2225 1175 2257 παθόντες
1200 2226 1249 2261 μὲν
1271 2226 1305 2252 τὰ
1329 2225 1435 2253 ἐκεῖθεν
1462 2225 1549 2257 καλὰ,
1571 2225 1771 2260 ἁφιερωμένοι,
1790 2225 1840 2260 δη-

1043 2273 1129 2299 λονότι
1147 2273 1278 2309 καθαροὶ,
1302 2274 1348 2300 καὶ
1374 2273 1530 2307 φωτοειδείς
1542 2293 1549 2304 ,
1567 2273 1613 2299 καὶ
1629 2271 1820 2307 τετελεσμένοι
1831 2281 1838 2287 ·

1043 2319 1081 2350 ὡς
1098 2318 1158 2345 καθ’
1177 2318 1234 2350 ἕξιν
1253 2319 1281 2345 δὲ
1298 2319 1406 2354 ἔχοντες
1424 2317 1510 2345 ταῦτα
1522 2339 1529 2350 ,
1544 2319 1591 2345 καὶ
1607 2318 1673 2354 δρᾷν
1691 2318 1735 2344 ἐπ’
1756 2318 1841 2344 ἄλλον

1044 2365 1200 2401 δυνάμενοι,
1219 2366 1369 2402 ἀφιερωταὶ
1385 2366 1432 2392 καὶ
1444 2366 1634 2401 φωτουργικοὶ,
1647 2365 1696 2390 εἶτ’
1713 2362 1762 2390 οὖν
1779 2373 1841 2398 φω-

1043 2413 1171 2443 τιστικοὶ,
1187 2412 1234 2438 καὶ
1252 2411 1450 2447 τελεσιουργοί·
1469 2411 1554 2438 ταῦτα
1572 2411 1626 2446 γὰρ
1637 2411 1671 2437 τὰ
1686 2410 1750 2445 τρία
1765 2411 1841 2447 μέρη

1043 2459 1094 2494 τῆς
1113 2459 1253 2495 ἱεραρχίας
1265 2459 1343 2485 εἰσίν.

1081 2549 1096 2585 ς
1109 2548 1138 2576 ΙΙ.
1158 2548 1267 2584 Ἐπειδὴ
1279 2548 1325 2574 δύο
1342 2548 1483 2584 ἱεραρχίας
1493 2549 1508 2574 ὁ
1520 2547 1598 2581 λόγος
1610 2545 1666 2573 οἵδε
1679 2547 1750 2574 κατὰ
1763 2556 1845 2582 μετο-

1044 2597 1095 2632 χὴν
1112 2596 1160 2630 τῆς
1174 2594 1395 2630 θεαρχικωτάτης
1405 2593 1499 2626 οὐσίας
1511 2594 1619 2628 ἁπάσης
1632 2593 1777 2628 ἱεραρχίας
1791 2594 1845 2621 τοῦ

1044 2641 1129 2673 Θεοῦ,
1147 2641 1270 2676 βούλεται
1282 2641 1297 2666 ὁ
1309 2640 1404 2675 Πατὴρ
1425 2639 1455 2666 τό
1477 2647 1507 2665 τε
1527 2640 1614 2666 ἰοινὺν
1635 2639 1725 2665 αὐτῶν
1742 2641 1791 2666 καὶ
1811 2640 1846 2666 τὸ

1046 2688 1112 2715 ἴδιον
1127 2687 1311 2722 διασαφῆσαι,
1329 2687 1375 2712 διὰ
1392 2685 1471 2712 τοῦτο
1493 2685 1566 2719 λεγει
1577 2694 1583 2700 ·
1606 2685 1655 2716 Τίς
1669 2685 1718 2720 μέν
1730 2686 1808 2712 ἐστιν
1827 2687 1847 2718 ἡ

1045 2734 1158 2769 οὐρανία
1184 2732 1327 2767 ιεραρχία,
1353 2732 1479 2767 εὑρήσεις
1505 2732 1535 2757 ἐν
1562 2731 1670 2762 ἄλλοις,
1697 2732 1767 2758 ὅπου
1791 2733 1847 2760 οὐκ

1046 2779 1130 2811 ἀξίως
1148 2779 1206 2814 μὲν,
1224 2778 1262 2809 ὡς
1278 2778 1387 2811 ἐςικτὸν
1399 2777 1426 2803 δὲ
1445 2778 1519 2812 ἡμῖν,
1534 2777 1597 2812 περὶ
1610 2776 1698 2802 αὐτῶν
1712 2776 1826 2812 εἴρηται
1837 2787 1845 2793 ·

1047 2826 1075 2850 ἐν
1131 2823 1158 2849 δὲ
1181 2824 1318 2857 περικοπῇ
1334 2822 1363 2848 ἓν
1380 2830 1405 2847 τι
1427 2821 1542 2855 λέγομεν
1559 2821 1728 2852 ἐπιστάσεως
1751 2821 1846 2854 ἀξιον.

1047 2871 1086 2897 ὁτι
1102 2871 1179 2906 ἡμεῖς
1202 2869 1260 2903 μὲν,
1279 2867 1348 2895 κατὰ
1367 2867 1452 2894 πάντα
1471 2867 1629 2902 προθέμενοι
1648 2868 1703 2898 τοῖς
1728 2867 1847 2902 ἀρχαιοο
