1931 3073
99 159 154 187 385

367 157 411 185 DE
427 156 566 185 ECCLES.
582 155 781 188 HIERAREH.,
800 155 876 184 CAP.
898 155 919 183 I.
938 171 973 176 ——
994 154 1169 183 PARM’HR.
1191 155 1426 183 PACllUlERJZ.

1677 153 1729 182 383

97 219 190 255 τέροις
204 216 423 248 κατακολουθεῖν,
440 217 470 243 ἐν
484 215 524 251 τῷ
541 215 610 249 Περὶ
624 214 679 249 τῆς
691 214 832 248 οὐρανίας
852 215 883 240 Ιε-

943 213 1072 240 omnibus
1085 213 1253 247 propositum
1269 214 1305 240 sit
1321 214 1398 241 nobis
1415 215 1585 250 antiquiores
1595 215 1681 251 sequi,
1699 212 1729 242 In

93 265 223 298 ραρχίας
236 263 349 298 εἴπομεν
361 262 421 289 κατ’
435 261 555 292 ἐκείνους
568 261 617 296 τὴν
627 260 682 287 τῶν
698 260 801 296 θρόνων
811 259 888 292 τάξιν

96 310 267 345 ὑψηλοτέραν
286 309 340 335 τῶν
357 308 453 336 ἄλλων.
470 307 623 343 Σκοπητέον
639 307 668 333 δὲ
684 307 716 333 ὲκ
738 306 849 337 τούτων,
862 307 887 332 εἰ

96 355 189 387 καλῶς
215 354 331 390 ταύτην,
359 354 405 381 καὶ
422 354 453 380 οὑ
477 353 524 389 τὴν
542 352 596 379 τῶν
617 352 750 388 σεραφίμ’
772 351 888 379 ἐνταῦθα

96 401 152 438 γὰρ
165 401 219 428 ἀπὸ
237 401 290 427 τῶν
307 400 428 436 ἐσχάτων
444 398 598 434 διακόσμων
616 398 784 433 ἀρξάμενος,
807 397 887 433 μέχρι

96 446 209 474 καὶτῶν
223 447 343 482 σεραφὶμ
356 445 495 480 κατέληξε,
511 445 584 481 Πλὴν
604 444 660 471 ἀλλ’
676 445 750 476 ὅπως
767 444 800 471 ἂν
820 444 886 479 ἔχοι,

96 492 200 519 νικάτω
219 492 248 518 τὸ
277 491 464 527 ἀρχαιότερον.
486 490 618 517 Τοσοῦτον
637 491 664 517 δὲ
683 491 758 526 ὅμως
777 491 791 517 ὁ
810 491 887 525 ἆγιος

70 566 74 570 θ
95 537 180 572 λέγει,
193 538 223 564 τὸ
235 538 322 565 κοινὸν
334 537 442 573 ἁπάσης
456 537 594 573 ἱεραρχίας
607 536 743 568 συνιστὰς,
757 537 797 563 ὅτι
812 537 886 563 πᾶσα

95 584 221 619 ἰεραρχία
233 584 297 619 μίαν
314 583 370 619 ἕχει
390 583 439 618 τὴν
457 583 582 619 δύναμιν.
601 583 638 610 Τὸ
653 583 742 610 τοίνυν
756 583 837 609 αὐτόν
857 591 886 609 τε

93 630 141 656 τὸν
156 630 284 666 ἰεράρχην
297 629 366 656 κατὰ
382 629 432 665 τὴν
451 629 516 656 ἰδίαν
533 630 625 656 οὐσίαν
636 638 642 645 ·
661 629 726 666 ἄλλη
739 630 793 665 γὰρ
805 630 888 664 ἀγγέ-

94 676 141 703 λου
158 676 303 712 τελειότης,
323 676 369 703 καὶ
392 676 458 711 ἄλλη
477 675 636 711 ἀνθρώπου*
658 677 706 703 καὶ
719 675 796 708 αὖθις
817 677 888 704 κατὰ

94 723 144 758 τὴν
162 723 264 750 οἰκείαν
278 723 422 758 ἀναλογίαν
441 725 487 751 καὶ
505 723 581 757 τάξιν
591 732 597 738 “
611 724 657 750 ἐπὶ
668 724 723 759 γὰρ
735 726 791 756 τοῖς
805 725 888 759 οὐρα-

94 771 162 802 νίοις
175 771 241 806 ἄλλη
259 771 308 806 τῆς
325 771 556 807 ὑπερϐεϐηκυίας,
573 771 621 797 καὶ
636 771 703 806 ἄλλη
721 771 771 806 τῆς
787 770 886 797 ὑποϐε-

95 816 211 852 ϐηκυὶας
234 817 337 849 τάξεως
396 817 575 853 λαμπρότης·
596 817 642 843 ἐπὶ
657 817 686 843 δὲ
707 818 763 849 τοῖς
783 817 887 852 γηῖνοις

93 863 161 899 ἄλλη
177 863 231 892 τῶν
245 865 415 897 ἐπισκόπων,
434 865 480 891 καλ¹
500 864 566 900 ἄλλη
586 865 639 891 τῶν
658 864 850 900 πρεσϐυτέρων
869 865 886 900 ὴ

940 259 1010 286 libro
1020 259 1056 286 De
1066 258 1169 286 Caelesti
1182 258 1341 286 Hieran/tia
1354 260 1484 294 diximus,
1498 262 1569 289 inter
1581 261 1641 289 illos
1655 262 1729 289 thro-

939 312 1036 333 norum
1060 306 1185 333 ordinem
1204 306 1312 333 caneris
1327 313 1387 334 esse
1409 307 1607 336 sublimiorem.
1625 309 1727 337 Verum

938 360 970 379 ex
987 353 1030 380 his
1043 352 1279 387 perpendendum,
1298 360 1363 380 num
1376 353 1450 381 illum
1468 360 1554 388 recte,
1569 361 1596 383 et
1615 364 1668 384 non
1684 364 1728 385 se-

938 398 1063 433 raphim,
1085 397 1274 426 sublimiorem
1303 398 1427 426 ordinem
1450 407 1576 428 asserere
1601 401 1730 430 debueri-

938 451 998 470 mus
1020 452 1027 470 :
1056 443 1100 470 hic
1125 445 1197 471 enim
1221 444 1257 472 ab
1280 443 1384 472 ultimis
1410 445 1634 480 dispositionibus
1660 447 1730 475 inci—

939 491 1025 526 piens,
1042 492 1150 518 tandetn
1167 491 1194 518 in
1209 491 1346 526 seraphim
1363 491 1470 519 desivit.
1486 488 1635 526 Czcterum,
1650 494 1729 529 quid-

937 537 1001 571 quid
1021 537 1072 564 hac
1098 537 1132 564 de
1155 544 1186 564 re
1208 537 1254 569 sit,
1273 537 1365 566 vincat
1386 538 1412 565 id
1428 538 1500 573 quod
1521 539 1660 574 antiquius
1675 544 1727 567 est.

937 583 1004 610 lllud
1026 588 1102 611 certe
1130 588 1245 611 sanctus
1273 583 1317 610 hic
1339 583 1472 617 allirmat,
1497 592 1643 612 commune
1667 592 1730 613 esse

937 630 1010 657 omni
1021 630 1181 658 hierarchize
1189 630 1262 664 quod
1270 630 1359 657 omnis
1371 630 1524 658 hierarchia
1535 639 1617 658 unam
1626 631 1731 659 habeat

937 677 1076 704 virtutem.
1092 676 1191 703 Delinit
1210 677 1303 711 itaque
1319 677 1501 704 hierarchiam
1529 677 1606 712 163
1629 677 1728 712 partim

938 723 1088 750 secundum
1107 723 1250 758 propriam
1265 728 1404 757 naturam,
1418 724 1547 758 quoniam
1559 724 1613 751 alia
1627 729 1669 752 est
1680 731 1730 752 au-

939 769 1004 804 geli,
1019 773 1047 796 ct
1063 769 1115 796 alia
1131 769 1250 796 hominis
1264 769 1406 803 perfectio,
1422 770 1523 804 partim
1540 769 1622 797 etiam
1636 777 1729 797 secun-

939 815 1002 842 dun’t
1024 815 1229 850 proportionem
1254 821 1282 842 et
1306 815 1431 842 ordinem
1454 815 1553 850 cuique
1570 816 1726 850 proprium:

938 861 1069 895 quoniam
1091 861 1119 888 in
1146 860 1304 888 coelestibus
1320 861 1373 888 alia
1393 866 1436 889 est
1458 861 1619 895 superioris,
1634 866 1661 888 et
1674 861 1728 888 alia

92 910 182 944 τάξις.
202 911 239 938 Τὸ
256 911 396 945 ἀναλόγως
415 910 481 945 γοῦν
505 910 664 946 τελεσθῆναι
682 910 729 937 τὸν
749 911 883 946 ἱεράρχηνη

942 903 1079 931 inferioris
1109 904 1213 932 ordinis
1238 904 1389 936 claritudo;
1413 903 1440 930 in
1466 904 1643 931 terrestribus
1662 911 1727 932 vero

93 957 142 983 καὶ
163 958 220 988 τοῖς
246 956 429 992 ὑποϐεϐηκόσι
455 956 621 992 μεταδιδόναι
641 957 690 993 τῆς
709 956 886 992 ἐγγινομένης

92 1002 169 1038 αὐτῷ
187 1002 279 1029 θεόθεν
292 1003 461 1038 ἐλλάμψεως,
477 1003 523 1029 καὶ
536 1002 616 1029 πάλιν
634 1003 698 1034 τοὺς
719 1002 887 1038 ὑποϐεϐηκό-

91 1057 142 1080 τας
155 1050 211 1081 τοῖς
225 1049 361 1085 κρείττοσι
375 1049 423 1085 μὲν
433 1049 557 1081 ἕπεσθαι,
576 1048 629 1075 τῶν
641 1048 669 1074 δε
683 1048 800 1084 ἡττόνων
813 1048 887 1083 ἡγεῖ-

93 1095 166 1128 σθαι,
183 1095 262 1123 τοῦτό
274 1097 376 1132 ἐστινή
392 1096 468 1132 κοινὴ
487 1096 536 1132 τῆς
557 1095 698 1131 ἱεραρχίας
717 1095 826 1130 ἁπάσης
840 1095 884 1121 δύ-

91 1151 184 1178 ναμις.
205 1143 242 1169 Οὐ
258 1142 311 1178 μὴν
322 1142 361 1174 δὲ,
382 1142 440 1169 ἀλλ’
452 1142 518 1169 ἴδιόν
529 1142 602 1168 ἐστιν
613 1142 731 1178 ἑκατέρᾳ
748 1142 884 1179 ἰεραρχίᾳ,

90 1189 133 1215 ὂτι
146 1189 163 1224 ἠ
180 1188 230 1224 μὲν
251 1187 363 1224 οὐρανία
382 1189 535 1225 ἀσωμάτων
555 1188 613 1215 ἐστὶ
630 1189 678 1215 καὶ
696 1187 798 1224 νοητῶν
817 1189 885 1224 πρὸς

90 1236 166 1270 ἡμᾶς
185 1234 327 1270 (κάκεῖναι
340 1235 394 1271 γὰρ
408 1235 476 1271 πρὸς
490 1235 534 1262 τὸν
552 1234 618 1262 Θεὸν
629 1235 720 1270 νοεραί
743 1236 795 1261 εἰσι
805 1234 825 1270 ),
839 1235 886 1262 καὶ

89 1280 135 1307 διὰ
147 1280 227 1307 τοῦτο
240 1282 287 1307 καὶ
305 1281 432 1317 ἱεραρχία
441 1281 529 1308 αὐτῶν
543 1281 625 1317 νοητὴ
639 1281 686 1308 καὶ
702 1281 885 1316 ὑπερκόσμιός

89 1327 184 1353 ἐστιν’
207 1327 223 1362 ὴ
248 1326 311 1354 καθ’
327 1328 400 1362 ἡμᾶς
419 1327 447 1354 δὲ
465 1327 498 1353 δι’
512 1327 649 1362 αἰσθητῶν
664 1326 815 1362 συμϐόλων,
836 1327 884 1363 δη-

89 1372 179 1399 λονότι
197 1372 383 1408 βαπτίσματος
396 1393 402 1405 ,
422 1372 567 1406 συνάξεως,
591 1373 749 1406 κοινωνίας,
766 1373 812 1400 καὶ
830 1373 884 1400 τῶν

88 1417 193 1445 λοιπῶν
209 1418 401 1454 ποικιλλομένη
414 1418 590 1454 πληθύνεται.
609 1420 685 1455 Ὄσῳ
699 1419 752 1455 γάρ
764 1428 806 1451 τις
820 1419 885 1446 ἀνά-

89 1472 169 1498 γεται
183 1465 224 1497 εἰς
240 1464 271 1491 τὸ
290 1465 401 1497 ὲνιαῖον,
422 1464 517 1499 φθάνει
535 1465 584 1500 τῆς
604 1465 723 1501 νοήσεως
736 1474 744 1481 ο
765 1466 811 1492 καὶ
830 1466 885 1501 ὅσῳ

87 1509 147 1540 τοῖς
166 1508 305 1544 αἰσθητοῖς
322 1510 477 1546 προχωρεῖ,
498 1509 662 1545 πληθύνεται
676 1512 733 1542 τοῖς
747 1510 883 1546 αἰσθητοῖς

88 1549 127 1579 ὧν
143 1553 310 1581 αἰσθάνεται.
341 1554 437 1590 Ἑτέρα
461 1552 539 1586 αὖθις
558 1555 612 1582 τῶν
632 1555 680 1582 δύο
700 1555 826 1592 διάφορα,
843 1556 883 1583 ὅτι

937 950 1061 984 alius.est
1073 950 1193 985 episcopi
1208 955 1235 977 et
1250 950 1319 977 alius
1333 951 1402 977 ordo
1415 951 1650 986 presbyterorum.
1663 951 1726 978 llic-

938 997 1075 1024 rarchiam
1099 997 1192 1031 itaque
1209 997 1323 1029 initiari,
1343 1001 1371 1024 ct
1394 997 1572 1024 inferioribus
1583 997 1640 1024 suis
1656 997 1726 1028 insi-

938 1048 992 1070 tam
1017 1043 1070 1070 sibi
1100 1043 1232 1070 divinitus
1255 1042 1468 1070 illustrationem
1497 1043 1723 1075 communicare,

936 1094 1019 1124 atque
1036 1090 1119 1117 etiam
1140 1089 1285 1118 inferiores
1311 1089 1500 1124 superioribus
1521 1089 1631 1125 quidem
1645 1090 1726 1118 obse-

936 1136 993 1171 quiI
1011 1139 1039 1163 et
1057 1135 1218 1163 inferiorum
1232 1143 1342 1163 suorum
1361 1135 1443 1162 duces
1456 1135 1584 1169 existere,
1599 1135 1656 1173 hate
1672 1136 1727 1163 vir-

937 1186 981 1209 tus
1007 1182 1132 1217 quadam
1160 1186 1200 1209 est
1231 1181 1343 1209 cuilibet
1369 1181 1532 1210 hierarchim
1562 1182 1724 1209 communis.

936 1228 1070 1256 Caeterum
1087 1235 1141 1254 non
1155 1235 1310 1260 commune,
1324 1227 1370 1254 sed
1386 1227 1524 1262 proprium
1539 1227 1652 1255 cuilibet
1667 1228 1726 1254 hic—

936 1273 1053 1301 rarchiaa
1071 1278 1124 1304 est.
1141 1273 1213 1307 quod
1228 1272 1348 1300 caelestis
1375 1272 1421 1299 illa
1445 1277 1569 1307 respectu
1585 1273 1672 1300 nostri
1691 1272 1727 1300 sit

936 1325 1029 1346 rerum
1048 1319 1274 1354 incorporearum
1298 1324 1326 1346 et
1348 1318 1565 1354 intelligihilium
1585 1321 1659 1356 (nam
1683 1330 1726 1349 re-

935 1370 1031 1399 spectu
1057 1364 1104 1391 Dei
1129 1369 1157 1392 et
1187 1364 1239 1392 illae
1263 1370 1327 1392 sunt
1350 1365 1567 1401 intelligentes);
1595 1368 1725 1401 quocirca

935 1411 1018 1438 etiam
1037 1418 1131 1439 earum
1147 1411 1304 1439 hierarchia
1320 1411 1503 1446 intelligibilis
1515 1420 1548 1440 ac
1560 1420 1726 1448 supramuu-

937 1458 1019 1486 dialis
1031 1459 1125 1487 existit
1142 1468 1149 1486 :
1168 1464 1262 1487 nostra
1280 1463 1372 1487 autem
1393 1467 1441 1495 per
1461 1461 1586 1496 symboia
1603 1462 1724 1494 sensilia.

935 1505 1038 1534 scilicet
1053 1505 1238 1540 baptismatis,
1255 1513 1401 1541 synaxeos,
1413 1507 1630 1540 communionis,
1645 1513 1725 1535 cate-

936 1553 1030 1588 risque
1045 1553 1185 1587 variegata
1200 1552 1408 1588 multiplicatur.
1424 1552 1561 1586 Quantum
1578 1555 1650 1582 enim
1663 1556 1726 1590 quis

88 1600 136 1626 τὸν
155 1600 221 1626 Θεὸν
236 1601 282 1627 καὶ
300 1601 350 1637 τὴν
369 1600 443 1628 θείαν
462 1601 562 1637 ἀρετὴν
577 1602 676 1628 ἐκεῖνοι
700 1602 749 1637 μὲν
767 1602 805 1634 ὡς
825 1603 883 1636 νόες

936 1599 1081 1626 adducitur
1097 1600 1131 1626 ad
1145 1607 1226 1626 unum
1243 1599 1307 1627 illud
1323 1600 1480 1634 singulare,
1499 1606 1603 1628 tantum
1618 1602 1725 1629 accedit

88 1647 206 1680 νοοῦσιν,
219 1647 288 1674 ἀλλὰ
298 1648 359 1674 καθ’
367 1648 427 1675 ὅσον
439 1647 581 1680 κάκείνους
591 1649 661 1675 νοεῖν
674 1649 747 1675 ἐστιν
758 1649 882 1683 ἐφικτόν·

87 1694 170 1729 ἡμεῖς
182 1694 211 1720 δὲ
228 1694 258 1727 ἐξ
278 1693 415 1729 αἰσθητῶν
433 1693 556 1727 εἰκόνων,
573 1694 628 1720 τῶν
640 1694 669 1720 ὲν
681 1695 714 1730 τῇ
737 1695 883 1730 Ἐκκλησία

87 1740 260 1776 τελουμένων
276 1740 357 1777 φημὶ,
373 1741 420 1768 ἐπὶ
433 1741 479 1767 τὸν
495 1740 562 1768 Θεὸν
574 1741 739 1776 ἀναγόμεθα.
764 1742 883 1778 Ἀληθῶς

87 1794 119 1813 τε
134 1788 234 1819 εἰπεῖν,
248 1786 277 1813 ἓν
294 1787 344 1823 μέν
358 1788 432 1814 ἐστιν
451 1785 482 1814 οὗ
502 1788 602 1819 πάντες
616 1787 736 1822 ἐφίενται
749 1796 755 1802 ·
774 1788 842 1820 τέως
855 1788 883 1814 δὲ

88 1832 207 1860 ἐνταῦθα
221 1833 290 1869 πρὸς
303 1833 349 1860 τὸν
365 1833 464 1861 σκοπὸν
484 1832 538 1859 τῶν
556 1832 603 1860 δύο
623 1833 780 1869 ἰεραρχιῶν,
796 1834 883 1861 ἃπαν-

87 1886 135 1912 τες
150 1879 174 1904 oi
189 1878 315 1910 ἑνοειδεῖς
333 1878 470 1914 δηλονότι,
492 1879 516 1904 oi
536 1877 607 1905 κατὰ
627 1878 724 1914 νοερὰν
742 1878 883 1915 ἐνέργειαν

89 1925 250 1960 ὲνιζόμενοι.
284 1925 328 1957 Ὡς
354 1924 408 1961 γὰρ
433 1925 513 1960 ἡμεῖς
534 1924 677 1959 ἐνιςόμεοα
702 1925 881 1961 ἀναγόμενοι,

88 1971 161 1998 οὕτω
184 1971 232 1997 καὶ
255 1971 281 1997 οἰ
304 1970 370 1997 θεῖοι
394 1971 503 2005 ἄγγελοι
530 1971 570 1998 ἐτι
592 1972 724 2004 ἐνίζονται
747 1973 815 2008 πρὸς
832 1973 882 2005 τὰς

89 2017 165 2049 θείας
185 2017 292 2052 νοήσεις
306 2017 478 2053 ἀναγόμενοι.
502 2017 576 2050 Ἑνὸς
588 2017 643 2053 γὰρ
655 2018 731 2050 ὄντος
752 2018 799 2045 τοῦ
819 2019 883 2053 ὲφε--

88 2063 147 2096 τοῦ,
159 2063 208 2098 οὐχ
219 2062 327 2095 ἐνιαίως
339 2063 386 2089 καὶ
400 2063 462 2090 καθ’
476 2063 523 2090 ἕνα
537 2063 584 2090 καὶ
594 2063 640 2090 τὸν
651 2063 732 2090 αὑτὸν
741 2065 841 2100 τρόπον
857 2065 881 2092 οἱ

88 2109 227 2145 ἐφιέμενοι
235 2109 366 2144 ἐφίενται,
378 2109 445 2136 ἀλλὰ
456 2109 527 2136 κατὰ
535 2110 584 2145 τὴν
594 2109 662 2137 ἰδίαν
670 2110 747 2143 ἀξίαν
757 2111 881 2143 ἕκαστος.

95 2155 175 2182 Ἀλλὰ
189 2155 276 2182 ταῦτα
288 2156 337 2192 μὲν
350 2156 377 2182 ὲν
389 2155 479 2188 ἄλλοις
493 2155 600 2192 εἴρηται
610 2165 617 2171 ”
639 2155 686 2183 νῦν
705 2157 733 2183 δὲ
751 2157 801 2192 τὴν
821 2157 881 2183 καθ’

88 2202 163 2237 ἡμᾶς
187 2201 339 2238 ἰεραρχίαν,
361 2201 407 2228 καὶ
433 2201 482 2237 τὴν
503 2201 592 2228 αἰτίαν
610 2202 658 2228 καὶ
683 2202 776 2230 οὐσίαν
798 2203 882 2239 αὐτῆς

88 2247 178 2283 (αὕτη
188 2248 217 2274 δέ
230 2248 304 2275 ἐστιν
315 2248 332 2283 ἡ
344 2247 548 2283 θεαρχικωτὰτη
560 2247 707 2284 δύναμις),
725 2249 811 2276 εἰπεῖν
822 2257 882 2276 πει-

89 2294 219 2330 ράσομαι,
236 2293 281 2321 τὸν
293 2293 407 2329 Σωτῆρα
419 2293 651 2329 ἐπικαλεσάμενος
671 2295 784 2331 Ἰησοῦν.

936 1645 968 1672 ad
982 1645 1195 1673 intellectiouem
1211 1654 1218 1673 :
1234 1651 1366 1681 quantum
1383 1654 1448 1674 vero
1460 1647 1493 1674 ab
1509 1655 1542 1674 eo
1557 1648 1683 1681 discedit,
1695 1649 1722 1676 in

935 1697 1039 1720 tantum
1059 1693 1257 1728 multiplicatur
1271 1701 1319 1721 seu
1338 1694 1502 1721 distrahitur
1514 1694 1595 1722 rebus
1606 1694 1723 1722 sensibi-

935 1739 1016 1771 libus,
1035 1746 1104 1772 quas
1125 1740 1219 1767 sentit.
1235 1739 1293 1766 Alia
1313 1739 1412 1766 iterum
1431 1743 1474 1766 est
1494 1739 1591 1767 horum
1607 1740 1723 1768 duorum

935 1783 1103 1816 diﬂ‘ereutia,
1121 1785 1193 1818 quod
1213 1784 1252 1812 illi
1273 1785 1395 1819 quidem,
1415 1789 1444 1812 ut
1464 1790 1581 1820 mentes,
1597 1786 1681 1814 Deum
1695 1793 1724 1814 et

934 1830 1053 1858 divinam
1065 1830 1194 1858 virtutem
1206 1831 1370 1866 intelligant,
1380 1831 1406 1859 in
1419 1837 1550 1867 quantum
1566 1833 1672 1861 scilicet
1688 1834 1723 1861 iis

934 1876 976 1904 fas
1000 1876 1172 1912 intelligere;
1199 1884 1248 1904 nos
1263 1883 1355 1904 autent
1377 1886 1409 1905 ex
1432 1879 1609 1907 scusibilibus
1626 1881 1722 1915 signis,

934 1930 1005 1958 qum.
1028 1923 1153 1958 inquam,
1168 1923 1194 1950 in
1211 1922 1332 1951 Ecclesia
1355 1930 1562 1959 consecrantur,
1587 1926 1621 1952 ad
1637 1926 1721 1954 Deum

933 1970 1113 1997 adducamur.
1137 1969 1171 1997 Et
1186 1974 1216 1997 ut
1237 1977 1301 1997 vere
1317 1971 1424 2004 dicam,
1449 1979 1532 1998 unum
1549 1972 1657 2006 quidem
1681 1978 1723 2000 est.

934 2016 1005 2048 quod
1017 2023 1112 2042 omnes
1120 2019 1262 2050 appetunt,
1272 2016 1376 2044 scilicet
1384 2017 1472 2051 quoad
1485 2024 1593 2052 scopum
1606 2019 1722 2046 duarum

935 2061 1153 2089 hicrarchiarum
1167 2083 1175 2096 ,
1192 2063 1225 2091 de
1242 2071 1296 2098 quo
1313 2063 1448 2091 hactenus
1464 2063 1538 2099 agit,
1554 2071 1648 2093 omnes
1662 2066 1722 2093 uni-

934 2108 1036 2136 formes
1050 2114 1113 2135 sunt
1127 2109 1172 2143 qui
1186 2117 1234 2144 per
1249 2109 1400 2144 spiritalem
1423 2110 1559 2138 actionem
1578 2111 1720 2141 uniuntur.

934 2153 1013 2181 Sicut
1035 2155 1108 2181 enim
1133 2163 1183 2183 nos
1210 2155 1328 2188 unimur,
1353 2163 1414 2184 cum
1442 2157 1614 2190 adducimur,
1635 2158 1676 2186 sic
1693 2163 1725 2186 ct-

934 2199 1022 2235 angeli
1049 2200 1133 2228 divini
1158 2201 1302 2234 uuiuutur,
1320 2209 1382 2228 cum
1408 2203 1443 2229 ad
1466 2202 1573 2231 divinas
1597 2204 1724 2233 notiones

934 2247 1117 2275 adducuntur.
1138 2247 1205 2274 Cum
1222 2247 1296 2275 enim
1318 2255 1402 2275 unum
1424 2249 1461 2276 sit
1477 2250 1548 2284 quod
1570 2251 1719 2286 appetitur,

897 2289 919 2316 Ῑ)
934 2303 987 2323 non
1015 2299 1104 2323 tamen
1133 2295 1260 2324 unimode
1278 2303 1328 2324 seu
1350 2297 1505 2324 secundum
1530 2305 1613 2325 unum
1639 2306 1721 2326 eumu

89 2340 208 2376 demque
229 2341 352 2373 modum,
372 2340 420 2376 qui
439 2340 466 2368 id
487 2345 638 2376 appetunt,
657 2341 822 2376 alIiciuntur,
855 2343 904 2371 sed
934 2343 1048 2378 quilibet
1076 2344 1223 2372 secundum
1249 2345 1391 2379 propriam
1417 2345 1722 2379 dignitatum-Verum

89 2389 149 2416 hmo
161 2387 226 2415 alibi
239 2388 311 2416 dicta
323 2393 410 2414 sunt:
428 2388 511 2416 modo
525 2393 616 2417 autem
632 2395 752 2417 nostram
769 2390 967 2424 hierarchiam,
999 2395 1027 2419 et
1041 2391 1102 2426 ejus
1113 2399 1223 2420 causam
1242 2400 1274 2420 ac
1300 2394 1449 2422 essentiam
1475 2394 1547 2430 (quae
1572 2400 1615 2424 est
1633 2395 1725 2424 virtus

88 2434 138 2462 illa
161 2434 343 2469 divinissima)
361 2441 499 2469 exponere
522 2436 653 2468 conabor,
677 2437 804 2464 invocato
818 2436 962 2466 Salvatore
977 2438 1054 2466 Jesu.

113 2480 129 2518 ς
139 2481 187 2507 ΙΙΙ.
196 2481 333 2517 Ἰεραρχία
343 2481 410 2514 ἐστὶ,
421 2481 513 2515 καθὼς
521 2483 538 2518 ἡ
550 2483 635 2520 σεπτὴ
646 2484 662 2519 ἡ
666 2484 724 2519 μῶν
732 2484 881 2520 παράδοσις

87 2527 256 2563 παρίστησι,
279 2526 315 2554 τὰ
333 2527 485 2560 καθολικῶς
508 2528 682 2565 θεωρούμενα
708 2529 724 2566 ἧ
747 2530 881 2566 λεγόμενα

88 2572 221 2608 περὶτῶν
233 2572 420 2608 ὑποκειμένων
440 2573 520 2610 ἱερῶν
539 2576 720 2611 πραγμάτων.
740 2577 881 2612 Συγκεφα-

87 2615 201 2646 λαίωσιν
216 2618 271 2655 γὰρ
284 2619 334 2655 τὴν
355 2619 402 2646 τοῦ
425 2619 486 2647 ὅλου
502 2621 648 2658 περίληψιν
670 2622 764 2657 λέγει,
786 2623 881 2661 ὥσπερ

87 2666 325 2702 ἀνακεφαλαίωσιν
339 2665 455 2702 λέγομεν
471 2667 503 2694 τὸ
523 2668 669 2695 ἀναλαϐεῖν
683 2670 712 2697 ἐν
727 2669 828 2704 ὀλίγοις
846 2670 882 2698 τὰ

88 2712 287 2748 προλεχθέντα·
303 2712 430 2739 ἁπάντων
448 2713 503 2750 γὰρ
521 2713 576 2747 ἔξει
592 2714 646 2742 τῶν
661 2715 723 2742 κατ’
736 2716 816 2743 αὐτὸν
829 2717 880 2753 τὴν

87 2759 254 2794 ἐπιστήμην,
267 2758 315 2786 καὶ
324 2758 378 2785 τῶν
391 2759 593 2795 πρεσὸυτέρων,
606 2761 654 2787 καὶ
668 2761 722 2788 τῶν
735 2762 878 2797 διακόνων,

88 2804 136 2832 καὶ
152 2803 207 2831 τῶν
229 2804 342 2838 λοιπῶν,
356 2804 402 2832 διὰ
410 2804 489 2832 τοῦτο
509 2805 563 2842 γὰρ
574 2807 621 2834 καὶ
640 2807 770 2844 ἰεράρχης
785 2810 880 2837 ἐπονο-

87 2851 219 2888 μάζεται,
231 2851 280 2879 xai.
292 2852 440 2889 σκοπητέον
454 2852 483 2886 ἐξ
498 2853 644 2888 ἀναλογίας
656 2854 710 2881 ἀπὸ
723 2855 773 2891 τῆς
787 2856 879 2893 ἱεραρ-

87 2898 160 2933 χίας.
180 2898 224 2930 Ὠς
236 2897 302 2933 γοῦν
317 2897 386 2935 αὕτη
399 2899 433 2925 δι’
446 2899 506 2926 ὅλου
524 2900 570 2927 καὶ
584 2900 630 2927 ἐπὶ
643 2901 709 2928 πᾶσι
723 2902 780 2934 τοῖς
796 2902 879 2938 ίεροῖς

972 2485 1044 2522 §lII.
1065 2486 1113 2514 Est
1129 2487 1294 2519 hierarchia.
1309 2488 1540 2522 quemadmodum
1563 2490 1723 2518 veneranda-

933 2537 1025 2560 nostra
1040 2534 1150 2561 traditio
1165 2534 1302 2569 proponit,
1313 2541 1344 2562 ea
1357 2542 1417 2569 quae
1429 2536 1577 2563 universim
1591 2537 1721 2565 videntur

931 2585 979 2607 aut
997 2579 1125 2607 dicuntur
1139 2580 1172 2608 de
1185 2580 1333 2615 propositis
1351 2581 1439 2608 sacris
1463 2582 1555 2609 rebus.
1577 2581 1719 2611 Summam

931 2625 1004 2653 enim
1018 2633 1066 2654 seu
1079 2626 1271 2660 summarium,
1283 2631 1365 2654 vocat
1380 2627 1463 2655 totius
1481 2628 1718 2663 complexionem.

931 2673 1004 2700 sicut
1022 2673 1278 2709 recapitulationem
1292 2673 1419 2703 dicimus.
1435 2682 1497 2702 cum
1509 2676 1603 2710 paucis
1616 2683 1647 2703 ea
1659 2683 1720 2710 quat

931 2723 997 2746 ante
1012 2719 1084 2747 dicta
1097 2723 1160 2747 sunt
1175 2724 1350 2755 repetuntur;
1368 2720 1496 2754 quoniam
1512 2721 1631 2748 omnium
1648 2722 1674 2748 in
1689 2729 1719 2749 se

931 2765 1075 2792 scientiam
1101 2765 1230 2799 habebit;
1257 2773 1318 2794 cum
1335 2766 1571 2802 presbyterorum,
1587 2772 1643 2794 tum
1661 2767 1719 2794 dia-

930 2818 1061 2839 conorum
1086 2811 1166 2848 165
1190 2817 1423 2847 cacterorumque,
1435 2813 1507 2841 unde
1520 2814 1648 2841 nimirum
1660 2814 1718 2841 ἰήσε-

930 2859 1030 2886 rarcha
1052 2859 1219 2892 nominatur,
1245 2860 1284 2887 uti
1302 2861 1431 2897 colligam
1453 2861 1518 2889 licet
1539 2868 1575 2889 ex
1591 2856 1719 2896 analogia

930 2904 1049 2933 nominis
1061 2904 1232 2934 hicrarchiae.
1248 2905 1483 2939 Quemadmodum
1497 2907 1582 2942 igitur
1597 2906 1648 2934 hoc
1665 2913 1720 2934 uo'v
