1931 3073
184 146 233 175 587

770 133 798 160 S.
813 129 963 160 DIONYSII
979 124 1212 157 AREOPAGiTxE

1758 115 1811 143 588

185 212 247 232 men
266 202 301 230 de
314 198 453 228 universis
467 201 495 226 et
507 194 635 224 omnibtts
648 191 736 221 sacris
755 188 974 219 ordinationibus
988 216 992 222 Α

1043 183 1181 218 ιακόσμοις
1196 181 1316 215 λέγεται,
1329 177 1415 209 οὕτως
1426 177 1441 203 ὀ
1454 174 1538 202 εἰπὼν
1551 172 1680 209 ἱεράρχην
1691 171 1737 199 τὸν
1751 171 1814 197 ἑπι-

1184 229 1189 232 -
1258 228 1264 232 ·
1304 227 1317 232 -
1383 224 1388 232 1
1474 223 1483 232 κ
1494 222 1544 232 1,”.
1567 217 1622 232 1...".
1635 217 1761 232 ..-Δ..,.ἷῗ.-
1771 225 1798 232 υ,

187 248 342 281 dicitur,ita
355 246 400 282 qui
412 243 584 273 hierarcham
596 239 732 271 nominat,
744 238 832 265 virum
843 235 916 263 omni
927 241 972 262 sa.

187 305 234 326 era
246 295 401 331 cognitione
412 293 555 329 praeditum
564 289 709 326 signiﬁcat,
718 288 745 315 in
754 293 808 321 quo
815 285 906 313 omnis
913 291 974 318 quae

188 344 226 372 illi
247 343 318 370 ineat
335 339 491 370 liierarchia
506 337 609 372 liquido
624 334 808 371 cognoscitur.
826 331 883 359 Nisi
900 330 975 357 enim

190 390 248 424 ipse
261 388 370 423 penitus
384 391 411 413 et
429 386 457 412 in
478 382 606 411 omnibus
624 380 728 416 peritus
737 381 876 409 existeret,
885 381 975 410 neque

190 423 307 464 scientia
319 434 402 461 etiam
419 429 578 459 hierarchia:
593 431 763 462 operaretur.
788 424 873 452 Nemo
893 423 976 458 igitur

190 483 264 510 dicat
276 491 283 509 :
296 479 395 515 Ecquis
405 483 458 506 tam
470 476 608 511 perfectus
614 466 673 502 est“?
682 472 741 500 Non
753 471 825 498 enim
838 468 979 505 proposuit

191 529 236 557 hic
246 528 331 559 Pater
341 527 374 554 de
383 526 433 553 hoc
441 524 485 552 vel
497 523 542 551 illo
552 521 693 550 hierarcha
706 519 808 550 dicere,
818 517 865 545 sed
875 515 979 550 simpli-

192 576 260 603 citer
266 575 298 602 de
308 573 460 604 hierarcha,
469 569 558 605 qualis
568 575 629 596 esse
639 567 736 594 debeat
745 566 803 593 sine
811 564 914 592 defectu
926 571 935 591 :
947 570 979 590 ae

193 623 216 651 si
225 622 286 657 quis
298 619 458 655 simpliciter
471 618 505 645 de
515 615 696 652 grammatico
709 614 832 648 loquens,
846 618 877 639 ea
886 617 980 639 recen-

193 673 253 698 seat
265 675 326 703 quae
343 667 376 694 ad
391 664 542 692 absolutum
563 661 770 698 grammaticum
792 658 979 693 requiruntur,

194 715 314 750 alioquin
330 712 496 741 claudicaret
508 707 697 745 grammatica,
713 705 765 734 nisi
780 704 980 733 demonstrare-

194 747 351 796 tur,qualis
373 760 430 794 ipsa
448 757 555 785 tandem
575 754 622 782 sit.
638 753 724 788 llujus
733 747 981 784 hierarchiazprin-

195 809 294 843 cipium
304 811 347 834 est
359 809 453 833 sancta
468 811 500 831 ac
518 803 597 830 beata
619 799 751 831 Trinitas,
772 804 831 832 qua:
847 802 910 823 vere
929 799 980 826 est,

196 855 307 889 solaque
314 852 487 887 semetipsam
495 848 644 884 cognoscit,
653 851 780 880 tanquam
788 843 889 871 habens
896 840 983 869 notio-

198 910 260 930 nem
269 901 384 936 propriae
394 897 556 927 existentitc.
563 895 626 923 llaec
636 898 725 922 autem
737 892 793 919 vult
804 891 909 919 ratione
917 895 984 923 pra:-

197 949 315 976 ditorum
338 945 495 981 angelorum
520 946 548 970 et
567 941 706 970 hominum
731 937 869 969 salutem,
888 939 984 970 estque

198 993 337 1022 deiﬁcatio
353 989 555 1019 salvandorum.
578 983 810 1020 Quemadmodum
834 981 907 1010 enim
930 980 984 1007 alia

198 1041 314 1068 dicimus
328 1046 343 1066 a
357 1041 429 1065 metu
443 1034 558 1066 servari,
575 1034 601 1060 id
616 1036 657 1060 est
667 1030 842 1060 securitatem
855 1022 984 1062 adipisci;

197 1093 227 1117 et
242 1095 258 1115 a
269 1087 343 1114 caede
354 1083 469 1116 servari,
483 1082 511 1109 id
530 1086 573 1109 est
583 1081 666 1107 vitam
683 1077 808 1112 assequi;
822 1079 849 1102 ct
863 1082 878 1102 a
892 1074 987 1101 morbo

199 1134 315 1167 servari,
335 1132 362 1159 id
379 1134 421 1159 est
437 1129 529 1157 sanari
547 1136 554 1155 :
569 1127 610 1154 sic
624 1126 707 1154 etiam
723 1124 750 1150 in
764 1121 913 1157 propositis
931 1127 988 1148 ser—

201 1180 258 1207 vari
274 1179 309 1206 ab
328 1176 494 1204 alienatione
510 1173 569 1202 Dei.
586 1175 629 1199 est
645 1169 755 1204 adjungi
777 1167 843 1200 Deo,
866 1166 988 1200 adeoque

201 1225 350 1255 deiﬁcatio.
365 1221 528 1251 Omnimoda
551 1224 642 1246 autem
659 1215 819 1245 assimilatio
834 1217 861 1241 et
875 1214 940 1241 unio
955 1213 989 1240 ad

203 1275 299 1304 Deum,
323 1270 419 1304 utique
443 1262 578 1295 terminus
594 1271 627 1292 ac
645 1263 708 1290 linis
723 1267 765 1289 est
782 1260 872 1288 omnis
886 1259 990 1286 liierar-

204 1319 284 1350 chim,
298 1324 358 1352 quae
382 1315 416 1342 ad
441 1311 525 1341 Deum
548 1316 591 1338 est
613 1309 744 1337 dilectio:
762 1314 821 1342 quae
837 1311 865 1335 et
888 1305 991 1332 unitive

203 1365 421 1392 consummatur,
444 1357 591 1387 secundum
608 1356 728 1384 divinam
743 1359 772 1382 et
795 1354 902 1381 unicam
924 1351 991 1379 sim-

205 1411 354 1446 plicitatem
368 1427 376 1440 ,
401 1405 550 1434 secundum
573 1410 655 1438 quam
681 1401 753 1428 Deus
775 1404 817 1428 est
836 1397 990 1427 omnimodo

206 1444 318 1485 dilectio
337 1454 378 1490 (et
392 1460 446 1480 non
470 1451 535 1478 huic
563 1449 689 1484 quidem,
709 1447 748 1474 illi
770 1453 836 1473 vero
856 1451 927 1477 non,
944 1444 992 1471 sed

207 1503 274 1538 quid
298 1507 383 1528 unum
409 1495 591 1526 desiderabile
613 1495 753 1525 existens,
778 1490 859 1520 simul
877 1496 941 1525 erga
963 1495 993 1516 se

1027 217 1149 267 στήμονα
1155 229 1245 264 πάσης
1258 227 1333 263 ἱερᾶς
1340 224 1466 260 γνώσεως
1474 222 1558 256 λέγει,
1567 221 1595 247 ὲν
1602 217 1623 253 ᾧ
1635 217 1761 254 καθαρῶς
1771 225 1814 251 γι-

1026 261 1160 304 νώσκεται
1178 275 1195 310 ἡ
1214 261 1364 300 καθἀὑτὸν
1374 270 1429 306 [ῖσ.
1439 269 1499 296 κατ’
1513 265 1605 301 αὑτὸν]
1621 263 1756 300 ίεραρχία.
1767 261 1815 298 Μὴ

1025 321 1079 358 γὰρ
1093 321 1167 353 δντος
1188 319 1270 346 αὐτοῦ
1288 317 1402 345 καθόλου
1413 315 1460 342 καὶ
1471 313 1516 340 ἐπὶ
1527 312 1609 339 πᾶσιν
1620 310 1814 346 ἐπιστήμονος,

1025 354 1085 394 οὐδὲ
1095 367 1112 402 ἡ
1126 365 1262 401 ἐπιστήμη
1282 362 1351 397 αὐτὴ
1369 362 1418 397 τῆς
1438 358 1578 395 ιεραρχίας
1592 354 1813 392 ἐνεργηθὴσεται.

1026 413 1073 449 Μὴ
1089 400 1154 447 γοῦν
1166 411 1237 438 εἴποι
1255 418 1295 442 τις
1307 417 1314 423 ”
1324 407 1380 435 Καὶ
1396 407 1470 437 ποῖος
1483 404 1553 432 οὓτω
1564 403 1665 433 τέλειος
1678 409 1685 433 ;
1698 400 1735 427 Οὐ
1748 407 1818 435 προ-

1030 445 1108 485 έθετο
1126 457 1180 492 γὰρ
1199 454 1318 490 ὁΠατὴρ
1337 452 1401 489 περὶ
1411 451 1488 478 τοῦδε
1508 449 1525 485 ἢ
1546 448 1622 474 τοῦδε
1634 446 1760 482 ῐερὰρχου
1776 445 1817 470 εί-

1027 506 1099 536 πεῖν,
1112 491 1179 530 ἀλλά
1190 502 1254 538 περὶ
1264 500 1311 528 τοῦ
1325 499 1417 530 ἁπλῶς
1431 497 1568 533 ίεράρχου,
1583 495 1612 526 ὃς
1629 492 1730 528 ὀφείλει
1744 491 1818 526 ἔχειν

1028 549 1179 581 ἀνελλιπῶς
1204 537 1238 575 τά
1264 545 1365 574 αὐτοῦ·
1392 544 1486 579 ὥσπερ
1512 542 1559 569 καὶ
1586 541 1611 567 εἰ
1635 539 1700 575 περὶ
1723 537 1818 568 ἁπλῶς

1029 592 1222 632 γραμματικοῦ
1235 592 1337 627 ἔλεγεν,
1355 589 1450 626 ἔμελλε
1464 589 1553 623 λέγειν
1565 587 1656 614 ἐκεῖνα
1666 584 1728 612 καθ’
1741 583 1760 611 ἃ.
1771 582 1820 610 τὸν

1029 629 1130 668 τέλειον
1145 639 1245 675 ἀπῄτει
1258 634 1449 673 γραμματικόν
1459 642 1466 649 °
1481 634 1505 660 εί
1517 632 1539 660 δ’
1555 629 1600 659 οὖν
1615 630 1672 658 ἀλλ’
1686 629 1820 665 ὲχὼλευεν

1029 686 1047 721 ὴ
1061 683 1242 721 γραμματικὴ
1259 682 1296 718 μὴ
1310 681 1408 717 ἔχουσα
1419 678 1558 714 δειχθῆναι
1571 676 1651 704 ὁποία
1661 676 1720 702 ποτ’
1733 674 1818 701 ἐστίν.

1031 719 1196 766 τάότήξτῆς
1204 727 1345 764 ίεραρχίας
1355 726 1449 762 ἀρχὴὴ
1461 724 1526 758 ἁγία
1536 723 1583 750 καὶ
1595 721 1715 758 μακαρία
1723 719 1820 756 Τριάς,

1032 779 1049 814 ὴ
1064 778 1148 808 ὅντως
1172 774 1255 809 οὖσα,
1277 774 1324 800 καὶ
1345 772 1414 808 αὐτὴ
1435 770 1503 807 μόνη
1525 769 1624 804 ἑαυτὴν
1638 766 1818 802 ἐπισταμένη,

1031 811 1069 857 ῶς
1084 824 1155 860 ἔχειν
1169 820 1316 857 ἐπιστητὸν
1333 820 1365 846 τὸ
1378 819 1427 854 τῆς
1441 816 1544 847 οἰκείας
1563 814 1717 849 ὑπάρξεως.
1738 813 1772 839 'H
1792 811 1822 838 δὲ

997 875 1019 903 Β
1033 857 1138 906 θέλημα
1159 868 1207 905 μέν
1227 868 1318 898 ἐστιν,
1338 866 1355 901 ἡ
1374 864 1428 891 τῶν
1447 862 1562 898 λογικῶν
1581 858 1704 895 ἀγγέλων
1723 867 1753 885 τε
1775 857 1824 884 καὶ

1034 904 1185 953 ἀνθρῶπων
1205 912 1341 949 σωτηρία·
1357 912 1373 947 ἡ
1388 911 1426 942 δὲ,
1442 908 1538 940 θέωσίς
1556 908 1615 934 ὲστι
1628 905 1683 933 τῶν
1704 904 1825 940 σωζομέ-

1034 950 1097 991 νωνι
1117 962 1222 996 ’Ὥσπερ
1243 959 1298 995 γὰρ
1325 956 1441 984 ἐπὶτῶν
1464 955 1552 983 ἄλλων
1576 952 1667 989 φαμὲν
1691 950 1826 983 σώζεσθαι

1036 1008 1089 1036 ἀπὸ
1100 1007 1194 1043 φόϐου,
1207 995 1290 1041 ἦγουν
1303 1005 1336 1039 τῇ
1351 1002 1451 1038 ἀφοδίᾳ
1466 998 1674 1037 προσπελάζειν,
1691 995 1826 1029 σώζεσθαι

1035 1052 1089 1080 ἀπὸ
1104 1040 1195 1087 φόνου,
1212 1040 1295 1085 ἤγουν
1315 1049 1348 1083 τῇ
1369 1047 1426 1082 ζωῇ
1448 1043 1663 1082 προσπελάζειν·
1688 1040 1824 1073 σώζεσθαι

1036 1098 1090 1126 ἀπὸ
1108 1098 1196 1129 νόσου,
1217 1097 1300 1131 ἤγουν
1320 1093 1396 1125 ἐντὸς
1413 1093 1462 1128 τῆς
1482 1090 1576 1126 ὑγείας
1595 1088 1716 1125 γίνεσθαι
1729 1096 1736 1104 ·
1756 1087 1828 1114 οὕτω

1037 1145 1084 1172 καὶ
1099 1144 1146 1171 ἐπὶ
1158 1143 1212 1170 τῶν
1227 1140 1415 1178 προκειμένων
1430 1138 1460 1165 τὸ
1473 1137 1607 1169 σώζεσθαι
1619 1136 1673 1163 ἀπὸ
1685 1132 1829 1170 ἀλλοτριιῖι-

1039 1197 1107 1220 σεως
1122 1186 1189 1213 Θεοῦ
1206 1185 1404 1222 προσπελάζειν
1417 1183 1457 1219 τῷ
1475 1183 1545 1218 Θεῷ,
1564 1182 1611 1209 καὶ
1629 1180 1726 1212 θέωσίς
1742 1180 1828 1206 ἐστιν.

1043 1233 1076 1260 Ἦ
1091 1232 1120 1259 δὲ
1135 1232 1244 1263 πάντως
1258 1229 1424 1266 ἀφομοίωσις
1438 1228 1485 1255 καὶ
1499 1227 1595 1259 ἓνωσις
1609 1226 1676 1262 πρὸς
1691 1225 1767 1256 Θεὸν,
1780 1225 1830 1252 καὶ

1038 1279 1071 1314 δὴ
1083 1279 1170 1315 πέρας
1183 1278 1231 1304 καὶ
1245 1277 1322 1308 τέλος
1338 1276 1411 1302 ἐστὶν
1424 1274 1534 1309 ἀπάσης
1549 1272 1690 1309 ίεραρχίας
1702 1290 1709 1303 ,
1727 1272 1745 1306 ὴ
1761 1270 1830 1306 πρὸς

1040 1324 1106 1352 Θεὸν
1118 1324 1258 1359 ἀγάπησις
1269 1331 1276 1337 ·
1291 1322 1308 1357 ἡ
1322 1321 1354 1357 δὴ
1373 1321 1426 1356 καὶ*
1439 1319 1546 1351 ὲνιαίως
1561 1318 1740 1354 ἱερουργεῖται
1758 1315 1830 1343 κατὰ

1040 1372 1090 1408 τὴν
1107 1371 1181 1397 θείαν
1197 1369 1244 1396 καὶ
1266 1367 1368 1395 ἑνιαίαν
1392 1366 1532 1402 ἁπλότητα
1543 1385 1551 1397 ,
1573 1363 1633 1392 καθ’
1647 1364 1680 1399 ἢν
1695 1361 1831 1397 παντελὴς

1041 1406 1134 1451 ἀγάπη
1150 1415 1248 1441 ὲστὶνό
1261 1413 1327 1445 Θεὸς
1347 1411 1414 1448 (καὶ
1432 1411 1461 1438 οὑ
1484 1410 1524 1446 τῷ
1545 1410 1604 1446 μὲν,
1616 1409 1656 1445 τῷ
1676 1408 1699 1435 δ’
1717 1406 1758 1440 οὗ,
1771 1406 1830 1434 ἀλλ’

1043 1463 1143 1489 ἑνιαῖον
1155 1460 1252 1495 ὲφετὸν
1263 1459 1311 1491 ὢν,
1325 1459 1400 1494 ὅμως
1411 1457 1461 1489 τὰς
1475 1456 1543 1492 πρὸς
1556 1455 1637 1482 αὑτὸν
1649 1454 1757 1489 ἐφέσεις
1773 1452 1832 1479 δια-

1045 1508 1145 1544 φόρους
1167 1506 1223 1542 ἔχει
1247 1504 1315 1541 πρὸς
1334 1504 1387 1539 τὴν
1406 1502 1484 1536 ἀξίαν
1503 1501 1549 1528 καὶ
1567 1500 1616 1536 τὴν
1639 1498 1756 1534 σπουδὴν
1777 1496 1833 1524 τῶν

209 1537 294 1578 liabet
315 1545 462 1576 desideria,
479 1550 528 1579 pro
550 1541 650 1569 merito
673 1539 818 1573 studioque
837 1537 992 1565 desideran-

1045 1537 1213 1590 έφίεμένων)
1227 1572 1234 1583 ,
1259 1537 1306 1578 καὶ
1330 1537 1383 1586 πρὸ
1407 1549 1502 1576 τούτου
1529 1548 1546 1583 ἡ
1576 1546 1754 1581 άποφοίτησις
1778 1543 1834 1571 τῶν

208 1607 287 1638 tium,
298 1603 430 1638 diversa),
450 1607 550 1636 quique
568 1599 619 1626 bac
632 1598 708 1633 prior
719 1601 773 1629 est,
790 1593 962 1624 omnimodus
977 1601 993 1620 a

211 1651 362 1681 contrariis
384 1654 521 1676 recessus.
546 1645 603 1673 Nisi
627 1644 700 1672 enim
718 1643 752 1670 ab
766 1641 839 1670 omni
857 1639 994 1668 materiali

209 1704 237 1727 ct
255 1698 364 1727 sordida
379 1695 519 1728 voluptate
533 1691 642 1727 penitus
660 1688 763 1724 expiati
778 1687 921 1719 fuerimus,
936 1686 993 1714 veri

211 1745 273 1774 boni
295 1742 404 1771 dilectio
418 1748 472 1767 non
496 1739 549 1766 erit
570 1737 599 1764 in
621 1736 712 1764 nobis.
737 1733 851 1769 Quando
875 1737 965 1759 autem
979 1739 995 1758 a

210 1790 356 1820 contrariis
378 1785 586 1816 discesserimns
599 1804 607 1816 ,
633 1788 689 1810 tum
706 1789 751 1809 res
769 1781 842 1814 ipsas
854 1799 862 1813 ,
878 1779 948 1807 utin
967 1784 997 1805 se

212 1844 286 1870 sunt,
304 1841 403 1864 natura
413 1841 462 1861 sua
486 1836 706 1868 cognoscemus;
728 1834 826 1863 nempe
852 1825 995 1862 praesentia

215 1887 274 1913 haec
292 1887 468 1917 temporanea
480 1885 552 1911 esse,
566 1884 626 1912 qua:
641 1883 706 1903 vero
729 1875 765 1902 ibi
787 1877 862 1906 sunt,
883 1877 998 1903 reterns,

214 1939 264 1958 nec
285 1929 452 1964 decipiemur
470 1927 543 1954 circa
560 1922 624 1952 boni
640 1920 847 1957 apparentiam;
864 1917 997 1953 siquidem

213 1978 260 2006 itla
276 1983 329 2004 non
354 1980 395 2002 est
419 1973 515 2001 notitia
553 1976 646 1998 rerum
673 1975 725 2003 qua
752 1974 796 1994 res
820 1970 898 1998 sunt;
935 1969 999 1992 tunc

214 2023 287 2052 enim
302 2022 334 2050 ad
350 2022 495 2056 ipsammet
509 2017 655 2046 veritatem
669 2013 836 2047 accedimus,
846 2017 928 2047 atque
938 2011 999 2038 uni-

217 2069 330 2094 l'ormem
347 2063 543 2100 perfectionem
559 2059 765 2096 participamus.
782 2057 851 2091 Quid
867 2064 948 2093 porro
958 2061 1002 2084 est

216 2110 410 2140 uniformitas?
426 2109 541 2142 Quando
558 2106 688 2134 nimirum
701 2113 716 2132 a
731 2105 813 2132 rebus
826 2103 902 2132 hisce
913 2103 1001 2130 sensi-

217 2159 319 2186 bilibus
332 2162 359 2185 et
373 2155 536 2184 :erumnOsis
554 2153 589 2180 ad
604 2152 723 2180 divinam
744 2149 823 2187 165
844 2149 1003 2184 simplicita-

218 2211 273 2233 tem
290 2203 462 2234 adducimur,
478 2201 525 2236 qui
549 2203 592 2227 est
611 2198 688 2226 cibus
713 2198 799 2225 beata:
821 2196 951 2228 visionis,
973 2201 1005 2224 ut

1045 1599 1174 1627 ἐναντίων
1191 1599 1208 1634 ὴ
1223 1597 1367 1633 παντελής.
1387 1596 1420 1623 Εἰ
1445 1595 1482 1631 μὴ
1507 1593 1561 1630 γὰρ
1581 1592 1761 1628 καθαρθῶμεν
1780 1590 1835 1618 ἀπὸ

1047 1647 1138 1682 πάσης
1153 1645 1246 1673 ὲνύλου
1266 1644 1314 1672 καὶ
1336 1643 1464 1679 ῥυπαρᾶς
1478 1640 1617 1672 παντελῶς
1629 1639 1733 1675 ἡδονῆς,
1748 1637 1779 1664 οὐ
1797 1637 1836 1673 μὴ

1046 1694 1189 1730 γενήσεται
1210 1693 1227 1728 ἡ
1247 1691 1385 1726 ἀγάπησις
1409 1688 1456 1715 τοῦ
1483 1687 1567 1719 ὅντως
1586 1685 1698 1721 ἀγαθοῦ.
1720 1684 1789 1711 Πότε
1807 1683 1836 1710 δὲ

1047 1739 1237 1775 άποφοιτῶμεν
1251 1737 1306 1764 τῶν
1325 1735 1470 1767 ὲναντίων;
1485 1734 1530 1761 ὅτε
1549 1731 1710 1768 γνωσόμεθα
1722 1729 1757 1757 τὰ
1772 1729 1836 1756 ὂντα

1047 1774 1136 1818 καθὼς
1147 1785 1237 1821 ἔχουσι
1253 1784 1371 1819 φύσεως,
1385 1782 1430 1808 ὅτε
1445 1780 1480 1807 τὰ
1499 1778 1618 1815 παρόντα
1628 1777 1793 1813 πρόσκαιρα,
1803 1774 1837 1801 τὰ

1047 1832 1070 1860 δ’
1082 1819 1177 1859 ἐκεῖσε
1183 1830 1290 1864 αἰώνια,
1302 1829 1339 1865 μὴ
1352 1826 1525 1862 ἀπατώμενοι
1540 1825 1604 1861 περὶ
1616 1824 1665 1860 τὴν
1675 1823 1784 1859 δόκησιν
1791 1819 1838 1848 τοῦ

1049 1876 1133 1906 καλοῦ
1144 1885 1151 1892 ·
1164 1876 1243 1903 τοῦτο
1256 1875 1311 1911 γὰρ
1325 1875 1375 1901 οὑκ
1387 1873 1445 1900 ἔστι
1461 1871 1562 1907 γνῶσις
1571 1870 1625 1897 τῶν
1637 1865 1749 1905 ὄντωνῇ
1763 1866 1838 1899 ὄντα,

1049 1924 1109 1952 τότε
1120 1923 1174 1960 γὰρ
1189 1923 1235 1950 καὶ
1243 1923 1276 1958 τῇ
1285 1920 1399 1957 ἀληθείᾳ
1410 1917 1619 1956 προσὸαίνομεν,
1632 1916 1679 1944 καὶ
1692 1915 1839 1951 μετέχομεν

1050 1971 1100 2006 τῆς
1119 1968 1253 2001 ὲνοειδοῦς
1278 1966 1455 1998 τελειώσεως.
1476 1966 1509 1992 Τί
1527 1964 1556 1992 δέ
1575 1965 1633 1991 ἐστι
1655 1962 1686 1989 τὸ
1709 1960 1839 1991 ἑνοειδὲς·
1882 1994 1886 1998 ν

1058 2014 1227 2050 Ἀναγόμεθα
1246 2013 1366 2050 δηλονότι
1380 2013 1435 2040 ἀπὸ
1447 2013 1503 2040 τῶν
1521 2010 1659 2046 αἰσθητῶν
1679 2008 1781 2035 τούτων
1797 2006 1842 2034 καὶ

1054 2060 1197 2097 μοχθηρῶν
1219 2060 1260 2091 εἰς
1282 2058 1357 2086 θείαν
1382 2057 1535 2093 ἁπλότητα,
1556 2055 1570 2083 ὃ
1589 2055 1621 2092 δὴ
1642 2053 1761 2085 ἑστίασις
1785 2052 1842 2078 ἔστι

1052 2107 1102 2142 τῆς
1120 2106 1236 2141 ὲποψίας
1249 2113 1256 2120 ·
1271 2105 1403 2141 τρέφεται
1419 2103 1474 2140 γὰρ
1490 2102 1530 2138 τῷ
1547 2101 1635 2137 νοητῷ
1647 2100 1692 2127 τὸν
1706 2098 1779 2131 νοῦν,
1792 2106 1842 2125 κα-

1054 2152 1109 2185 θὼς
1129 2152 1176 2179 καὶ
1193 2151 1288 2179 ἄλλοτε
1310 2150 1450 2186 ἐλέγομεν.
1471 2149 1526 2176 Καὶ
1544 2147 1623 2174 τοῦτό
1641 2147 1714 2173 ἐστιν
1733 2145 1750 2180 ὴ
1769 2152 1841 2180 παρ-

1054 2199 1112 2230 τοῖς
1131 2197 1308 2233 Εὑαγγελίοις
1327 2196 1387 2224 θεία
1405 2196 1451 2223 καὶ
1470 2193 1653 2230 ὕπερκόσμιος
1671 2189 1807 2227 τράπεζα.

219 2258 279 2286 quae
290 2255 407 2277 mentem
422 2256 451 2276 re
463 2246 601 2275 intellecta
615 2245 712 2279 nutrit,
729 2244 801 2272 sicut
813 2243 877 2271 alibi
889 2243 1018 2271 diximus.
1039 2245 1073 2273 Et
1087 2245 1144 2273 haec
1169 2251 1213 2273 εει
1229 2245 1256 2272 in
1278 2243 1432 2279 Evangeliis
1450 2241 1495 2270 illa
1514 2241 1604 2269 divina
1633 2246 1667 2267 ac
1685 2243 1844 2273 supermuni-

219 2298 298 2325 dialis
313 2303 416 2324 mensa.

258 2345 272 2380 §
289 2343 333 2371 lV.
356 2343 476 2370 Dicimus
487 2342 591 2376 itaque,
603 2341 687 2368 Deum
699 2339 807 2368 dedisse
819 2338 992 2367 liierarchian

1043 2347 1045 2362 ι
1095 2336 1167 2374 διν.
1188 2336 1310 2372 Λέγομεν
1332 2335 1431 2367 τοίνυν,
1448 2334 1486 2366 ὡς
1507 2334 1522 2360 ὸ
1544 2331 1610 2364 Θεὸς
1631 2331 1682 2367 τὴν
1707 2328 1845 2366 ἱεραρχίαν

222 2392 249 2419 in
275 2390 388 2418 salutem
412 2394 441 2418 et
464 2388 662 2417 deiﬁcationem
681 2394 776 2415 eorum
793 2386 838 2421 qui
863 2387 920 2421 ejus
942 2389 1005 2412 sunt

222 2438 378 2473 participes,
392 2441 474 2471 atque
495 2435 599 2470 angelis
620 2433 727 2468 quidem
746 2432 902 2467 spiritaliori
926 2432 1005 2458 modo

222 2488 250 2511 et
264 2484 350 2518 magis
365 2491 380 2510 a
403 2482 516 2509 materia
536 2485 651 2512 remoto,
668 2479 745 2507 nobis
763 2483 853 2506 autem
869 2485 918 2513 per
932 2485 1006 2513 sym-

224 2530 284 2558 bola
308 2539 315 2556 :
338 2529 471 2564 siquidem
494 2528 617 2555 homines
640 2527 811 2554 extrinsecus
837 2532 852 2552 a
876 2529 1008 2552 creatura!

224 2575 466 2611 contemplatione,
480 2575 572 2602 verbis
587 2572 794 2605 doctrinalibus,
807 2572 920 2607 aliisque
935 2579 1008 2607 sym-

225 2623 295 2651 bolis
309 2630 356 2650 seu
372 2622 467 2657 signis,
483 2628 575 2648 veram
598 2620 778 2655 cognitionem
795 2619 940 2650 hauriunt;
958 2625 1007 2644 an-

226 2667 277 2705 geli
292 2676 357 2696 vero
373 2669 446 2695 intus
459 2667 609 2695 secundum
622 2665 770 2701 spiritalem
787 2665 917 2692 virtutem
931 2671 1008 2691 suam

227 2716 456 2747 illustrantur,ac
483 2713 572 2740 divina
598 2712 736 2740 voluntate
766 2710 960 2745 insigniuutur,
983 2708 1010 2735 id

227 2767 269 2791 est
291 2762 325 2789 ad
351 2761 470 2788 divinam
496 2759 690 2789 imitationem,
709 2764 866 2791 rerumque,
889 2763 941 2790 qua
966 2762 1010 2782 res

228 2813 301 2842 sunt,
314 2808 452 2836 notionem
475 2805 661 2833 ell‘onnantur.
677 2804 745 2831 Cum
767 2802 839 2830 enim
857 2800 1011 2836 intelligens

229 2857 336 2891 quidem
359 2856 394 2884 sit
419 2855 446 2883 id
464 2854 535 2890 quod
561 2852 699 2887 intelligit,
713 2849 883 2885 intelligibile
905 2855 970 2874 vero
985 2847 1012 2874 id

229 2904 299 2935 quod
316 2902 485 2936 intelligitur.
499 2901 575 2928 cibus
595 2904 686 2926 autem
703 2903 730 2926 et
748 2897 825 2932 quasi
849 2894 1012 2923 suatentotio

1056 2385 1103 2411 ἐπὶ
1116 2383 1237 2420 σωτηρίᾳ
1253 2383 1300 2409 κα)¹
1316 2381 1412 2409 θεώσει
1427 2381 1482 2407 τῶν
1507 2377 1694 2415 μετεχομένων
1711 2375 1846 2411 ἐδωρήσα-

1056 2440 1097 2463 το,
1116 2431 1163 2458 καὶ
1184 2431 1240 2461 τοῖς
1265 2429 1314 2464 μὲν
1335 2427 1460 2462 ἀγγέλοις
1483 2424 1646 2462 νοερὼτερον
1667 2423 1716 2450 καὶ
1731 2421 1846 2449 άῦλώτεε-

1059 2486 1114 2513 ρον,
1132 2478 1198 2512 ἡμῖν
1214 2476 1242 2502 δὲ
1258 2475 1302 2501 διὰ
1320 2474 1461 2510 συμϐόλων
1471 2481 1477 2488 ·
1491 2471 1628 2508 ἄνθρωποι
1647 2469 1696 2505 μὲν
1712 2467 1766 2503 γὰρ
1781 2467 1847 2500 ἔξω-

1058 2511 1104 2549 θεν
1120 2511 1174 2548 ἀπὸ
1189 2520 1239 2556 τῆς
1255 2519 1326 2547 κατὰ
1340 2520 1390 2555 τὴν
1416 2518 1503 2545 κτίσιν
1526 2515 1653 2551 θεωρίας,
1672 2514 1718 2540 καὶ
1734 2512 1789 2539 ἀπὸ
1805 2511 1846 2538 λό-

1057 2576 1114 2603 γων
1129 2566 1335 2598 διδασκαλικῶν,
1353 2565 1401 2592 καὶ
1424 2564 1523 2600 ἑτέρων
1541 2561 1681 2597 συμϐόλων
1697 2559 1747 2594 τὴν
1762 2557 1846 2589 ἀληθεῖ1

1058 2614 1158 2651 γνῶσιν
1175 2613 1357 2649 λαμϐάνουσιν
1370 2620 1377 2627 ·
1395 2610 1505 2645 ἄγγελοι
1520 2609 1549 2635 δὲ
1573 2607 1657 2643 αὐτὴν
1679 2605 1783 2633 ἔνδοθεν
1802 2607 1842 2641 τη·

1060 2661 1155 2698 νοεράν
1180 2660 1270 2687 αὐτῶν
1294 2658 1477 2693 ὲλλάμπονται
1502 2655 1625 2691 δύναμιν,
1643 2653 1691 2680 καὶ
1711 2652 1760 2688 τὴν
1778 2651 1851 2678 θείαν

1060 2697 1268 2744 ἐνσημαίνονται
1295 2705 1432 2741 βούλησιν,
1449 2704 1532 2739 ἤγουν
1557 2700 1706 2728 τυποῦνται
1729 2698 1798 2734 πρὸς
1822 2697 1852 2724 τὸ

1061 2743 1224 2788 θεομίμητόν
1241 2759 1281 2783 τε,
1297 2750 1345 2777 καὶ
1360 2749 1391 2776 τὸ
1407 2748 1462 2775 τῶν
1477 2747 1572 2779 όντων,
1619 2746 1684 2772 ὄντα
1699 2743 1768 2775 ἐστὶ,
1781 2751 1852 2777 γνω-

1063 2799 1163 2826 στικόν.
1172 2797 1280 2833 Ἐπειδὴ
1291 2797 1345 2833 γὰρ
1355 2795 1447 2831 νοερὸν
1460 2794 1508 2830 μέν
1518 2794 1575 2820 ἐστι
1582 2792 1613 2819 τὸ
1622 2790 1710 2823 νοοῦν,
1721 2789 1814 2825 νοητὸν
1823 2789 1853 2816 δι

1061 2846 1092 2872 τὸ
1108 2845 1260 2880 νοούμενον,
1273 2843 1359 2879 τροφὴ
1370 2842 1398 2869 δὲ
1409 2842 1457 2868 καὶ
1471 2840 1551 2867 οἱονεὶ
1563 2839 1691 2869 σύστασις
1701 2835 1749 2863 τοῦ
1761 2834 1852 2862 vociv-

1063 2893 1107 2925 τός
1125 2893 1183 2919 ἐστι
1200 2893 1229 2918 τὸ
1246 2891 1401 2926 νοούμενον,
1414 2887 1525 2918 εἰκότως
1541 2886 1554 2912 ό
1571 2885 1647 2916 Θεὸς,
1663 2883 1708 2910 ἅτε
1726 2881 1793 2908 νόων
1809 2881 1849 2908 69‘-
