1931 3073
115 147 166 176 389

396 146 439 174 DE
458 146 597 175 ECCLES.
618 145 818 174 HIERARCH..
838 145 914 173 CAP.
933 145 953 173 Ι.
969 161 1003 166 --
1017 145 1193 176 PARAPHR.
1212 145 1436 174 PACHYMERIE

1680 148 1734 176 590

115 218 169 235 οων
194 208 248 236 τῶν
273 208 435 244 ἀσωμάτων,
462 206 542 237 αὐτὸς
569 204 711 240 νοούμενος
735 204 782 230 καὶ
806 203 900 239 νοητὸς

958 195 1129 238 intelligentis
1156 203 1191 231 sit
1215 203 1241 230 id
1266 204 1338 238 quod
1355 203 1528 239 intelligitur,
1542 205 1639 232 merito
1652 204 1735 239 Deus.

115 255 216 286 αὐτοῖς,
227 253 317 286 καθὼς
335 251 516 288 ἐφικνοῦνται,
529 251 678 286 γινόμενος,
689 249 790 276 ἔσωθεν
802 248 899 280 αὐτοὺς

114 301 258 336 ὲλλάμπει.
278 300 310 326 Ὃ
324 298 389 333 γοῦν
399 298 505 334 ἔχουσιν
521 298 617 323 ἐκεῖνοι
632 296 738 327 ἐνιαίως
748 296 795 322 καὶ
806 302 902 321 συνεπ-

115 346 258 381 τυγμένως
273 344 310 377 ὡς
327 344 412 376 ἄῡλοι,
429 343 507 370 τοῦτο
517 344 597 378 ἡμεῖς
613 341 657 371 διὰ
674 341 814 377 συμϐόλων
830 340 900 367 διαι-

117 393 202 430 ρετῶν
223 393 270 420 καὶ
286 391 382 427 πλήθει
399 390 580 425 λαμϐάνομεν.
599 388 722 424 Σύμϐολα
738 388 766 414 δὲ
781 387 902 423 διαιρετά

115 442 165 474 τὰς
189 442 238 476 τῆς
259 440 370 476 Γραφῆς
392 439 538 471 πολυειδεῖς
560 438 731 470 διδασκαλίας
754 438 845 473 φησίν.
870 438 901 464 Εἰ

116 488 180 522 γοῦν
197 487 244 513 καὶ
260 485 356 522 πρώην
369 485 506 520 ἐλέγομεν,
519 485 559 511 δτι
573 485 661 520 πάσης
675 485 814 521 ἱεραρχίας
824 484 902 510 οὐσία

116 533 189 559 ἐστὶν
200 533 214 558 ὁ
227 531 301 564 Θεδς,
316 531 384 559 ἀλλὰ
399 531 449 566 τῆς
465 531 525 558 καθ’
535 531 608 566 ἡμᾶς
621 530 692 563 ἰδίως
705 532 751 558 καὶ
768 531 903 567 προσεχὴς

116 577 204 609 οὐσία,
220 577 256 604 τὰ
272 577 456 613 Θεοπαράδοτα
473 577 559 611 λόγια,
575 576 622 603 καὶ
639 577 737 612 μᾶλλον
753 577 853 604 τούτων
869 577 903 603 τὰ

118 624 268 651 σεπτότατα
283 623 336 649 τῶν
352 623 506 650 ἀποστόλων
521 622 718 658 διδάγματα.“0
731 622 840 658 γὰρ’τῇ
849 623 902 649 τῶν

117 669 249 706 οὐρανίων
266 669 391 705 ίεραρχίᾳ
406 669 485 700 αὐτὸς
499 670 514 695 ὁ
530 669 605 701 Θεὸς,
622 669 721 702 ἀΰλως,
738 669 775 701 ὡς
794 669 902 704 ἐφικτὸν

118 718 222 749 αὐτοῖς,
239 716 392 751 ἐνούμενος,
410 715 456 742 καί¹
480 716 580 752 ταύτην
605 715 753 748 ἀποτελῶν,
769 715 847 742 τοῦτο

117 763 178 790 καθ’
195 763 267 798 ἡμᾶς
284 764 311 789 αἱ
328 763 444 798 Γραφαὶ,
462 762 495 788 δι’
509 758 545 788 ὧν
562 761 660 797 ἔχομεν
675 762 820 796 ἀνάγεσθαι
836 763 904 798 πρὸς

116 808 166 845 τὴν
187 810 261 836 Θείαν
285 809 437 845 ἁπλότητα·
455 809 501 835 καὶ
519 808 571 844 μὴν
588 809 634 835 καὶ
649 808 683 835 τὰ
698 809 748 835 ὅσα
769 808 802 834 δι’
818 808 898 841 ἀῦγο-

117 855 201 891 τέρας
219 855 354 891 μυήσεως,
368 855 418 889 τῆς
434 855 466 881 ἐκ
482 854 529 880 τοῦ
546 853 702 889 Πνεύματος
717 853 816 889 δηλαδὴ
833 855 904 888 ἐγγι-

118 902 233 936 νομένης
255 902 310 932 τοῖς
335 901 493 932 ἀποστόλοις
515 900 642 934 γνώσεως
657 899 711 926 τῶν
727 900 776 935 τῆς
792 900 904 935 Γραφῆς

118 948 271 984 νοημάτων,
288 947 364 973 αὐτοὶ
385 948 441 978 τοῖς
465 946 554 979 ἄλλοις
578 946 621 973 διὰ
642 946 731 981 λόγου,
749 946 904 982 σωματικοῦ

120 994 180 1028 μὲν,
197 994 237 1019 ὅτι
261 993 294 1019 δι’
310 993 433 1029 ὀργάνων
457 993 618 1029 σωματικῶν
634 993 767 1027 ἐλέγοντο,
794 993 905 1019 ἀῦλοτέ-

121 1047 167 1073 ρου
184 1038 211 1065 δὲ
221 1039 304 1074 ὅμως,
318 1039 357 1064 ὅτι
369 1038 439 1073 λόγῳ
459 1038 540 1074 μόνῳ,
558 1039 604 1066 καὶ
620 1039 663 1066 διὰ
679 1039 787 1075 γραφῆς
797 1040 804 1050 ‘
822 1039 906 1074 παρέ-

118 1085 199 1111 δοσαν
217 1084 363 1120 μυστικῶς.
381 1085 536 1121 Παρέδοσαν
551 1085 579 1112 δὲ
595 1086 680 1113 ταῦτα
696 1087 745 1113 οὐκ
761 1087 906 1122 ἀπαρακα-

118 1129 229 1162 λύπτοις
246 1132 378 1167 νοήσεσιν,
397 1131 491 1158 ἀλλ’ὲν
509 1132 651 1168 συμϐόλοις
666 1132 736 1159 τισὶν
754 1133 905 1168 ίεροῐς,ὅσα

117 1174 217 1210 δηλαδὴ
229 1175 257 1200 ἐν
272 1177 304 1210 τῇ
321 1175 386 1210 ἁγίᾳ
400 1175 545 1212 Ἐκκλησία
562 1176 708 1207 τελοῦνται,
718 1177 795 1211 λόγον
810 1177 904 1212 ἔχοντα

117 1222 165 1248 τοῦ
183 1222 342 1257 φαινομένου
363 1222 526 1258 ὑψηλότερον
548 1222 594 1249 καὶ
617 1223 759 1259 θειότερον.
777 1223 861 1250 Τοῦτο
876 1224 905 1250 δὲ

119 1270 294 1304 πεποιήκασι,
312 1269 358 1295 καὶ
378 1269 427 1295 οὐκ
443 1268 619 1304 ἀπεκάλυψαν
636 1269 721 1295 ἅπασι
736 1269 771 1296 τὰ
786 1270 906 1306 ἀπόκρυ-

119 1323 169 1348 φα,
185 1314 224 1340 ὅτι
240 1314 269 1340 ού
287 1315 339 1346 πᾶς
358 1314 439 1350 ίερὸς,
455 1315 514 1341 οὐδὲ
532 1314 639 1341 πάντων
689 1315 804 1349 γνῶσις·
828 1315 906 1350 Ὑμῖν

119 1361 175 1395 γὰρ
189 1360 314 1392 δέδοται,
332 1362 413 1397 φησὶν
438 1362 452 1387 ὁ
476 1361 577 1397 Κύριος
599 1362 655 1393 τοῖς
677 1362 836 1394 ἀποστόλοις
857 1363 905 1390 καὶ

951 256 1011 276 cum
1037 252 1142 276 mentes
1164 249 1221 276 sint
1240 249 1417 284 incorporeas.
1433 249 1549 284 ipsemet
1571 250 1735 286 intelligens.

951 299 979 322 et
994 294 1056 328 illis,
1073 299 1205 330 qttantum
1225 302 1323 330 capere
1336 300 1461 330 possunt,
1475 295 1565 324 factus
1577 297 1735 333 intelligibi-

951 341 994 374 iis,
1009 341 1082 368 intus
1095 341 1168 376 ipsas
1184 341 1312 368 illustrat.
1329 341 1406 374 Quod
1419 342 1510 377 itaque
1527 343 1588 377 ipsi,
1606 348 1736 379 tanquam

951 386 1157 418 immateriales,
1170 386 1245 413 unite
1270 386 1372 413 habent
1395 394 1427 414 ac
1445 392 1596 423 compacte,
1610 389 1663 417 hoc
1687 397 1738 416 nos

952 431 1003 458 sub
1017 431 1162 458 divisorum
1176 430 1357 466 symbolorum
1380 432 1553 461 multitudine
1577 434 1737 469 accipimus.

954 477 1081 512 Symbola
1105 485 1186 512 porro
1209 478 1306 510 divisa,
1322 483 1403 505 vocat
1427 479 1564 507 doctrinas
1590 480 1739 515 Scriptura:

952 524 1143 552 multiformes.
1160 524 1188 552 Si
1202 524 1304 558 itaque.
1319 528 1349 550 ut
1372 525 1453 552 etiam
1475 530 1539 552 ante
1550 526 1678 557 diximus.
1693 533 1734 553 es-

953 571 1040 598 sentia
1068 571 1157 598 omnis
1184 570 1346 600 bierarch'u‘.
1370 571 1439 598 Deus
1455 576 1507 604 est,
1522 576 1623 599 nostra:
1649 577 1738 600 tamen

955 619 1082 654 proprie,
1096 618 1174 652 quasi
1204 618 1329 652 proxima
1351 618 1477 650 materia,
1498 623 1561 645 sunt
1585 618 1695 646 oracula
1723 626 1738 645 a

955 664 1009 692 Deo
1022 664 1289 699 tradita.prazsertiin
1303 663 1488 698 apostolorum
1505 664 1637 691 doctrina:
1652 664 1739 691 maxi-

956 717 999 737 me
1010 710 1182 738 venerandaa.
1198 709 1274 743 Quod
1292 711 1363 738 enim
1383 710 1489 738 coalein
1517 710 1677 738 bierarchite
1699 715 1741 738 est

956 758 1013 792 ipse
1037 757 1118 789 Dens.
1134 757 1361 790 itnmalerialiter,
1379 758 1466 791 quoad
1491 756 1549 784 ﬁeri
1573 762 1671 791 potest,
1689 757 1740 792 ipsi

955 802 1048 829 unitos
1069 809 1183 836 eamque
1206 801 1361 837 perﬁciens,
1383 802 1435 829 hoc
1459 807 1557 829 nostrae
1580 802 1741 830 bierarcbia

956 851 1018 874 sunt
1034 847 1191 882 Scriptum,
1208 855 1256 882 per
1270 855 1339 882 quas
1357 848 1389 874 ad
1402 847 1520 874 divinam
1537 847 1740 882 simplicitatem

955 893 1183 926 adducimur;utt
1205 897 1232 920 et
1255 893 1416 920 traditiones
1429 893 1492 926 illic,
1510 894 1609 928 quibus
1630 893 1741 921 institu-

955 939 1030 966 tione
1045 939 1129 973 magis
1153 946 1168 965 ο
1192 939 1306 966 materia
1332 944 1446 970 semota,
1461 946 1495 966 ex
1510 940 1597 966 sancti
1622 939 1741 974 Spiritus

957 986 1096 1017 instinctu,
1113 984 1227 1020 apostoli
1242 993 1372 1012 sensuum
1387 984 1535 1020 Scriptura:
1547 985 1740 1020 cognitionem,

956 1032 1001 1060 alii
1017 1031 1089 1064 aliis,
1104 1039 1228 1060 sermone
1252 1033 1362 1067 quidem
1384 1039 1527 1067 corporeo,
1539 1031 1602 1066 quia
1625 1039 1673 1066 per
1698 1032 1741 1059 itt-

956 1082 1105 1106 strumenta
1130 1085 1259 1113 corporea
1284 1078 1367 1106 locuti
1394 1083 1470 1110 sunt,
1485 1078 1574 1112 magis
1591 1082 1678 1104 tamen
1696 1077 1744 1104 im-

958 1125 1103 1157 materiali,
1118 1125 1182 1159 quia
1194 1132 1320 1152 sermone
1335 1124 1394 1152 solo
1410 1129 1437 1153 et
1455 1132 1508 1152 non
1522 1124 1634 1159 scripto,
1651 1123 1744 1159 mysti-

957 1179 989 1199 ce
1003 1172 1181 1200 tradiderunt.
1196 1171 1370 1207 Nequaquam
1386 1177 1475 1200 autem
1501 1172 1558 1199 INBC
1583 1170 1682 1206 patulis
1700 1171 1741 1198 in-

959 1217 1114 1252 telligentiis
1130 1218 1311 1251 tradiderunt,
1325 1218 1372 1245 sed
1391 1218 1418 1244 iii
1439 1217 1569 1252 symbolis
1583 1217 1742 1252 quibusdam

958 1264 1056 1295 sacris,
1071 1271 1132 1298 qum
1148 1263 1275 1290 nimirum
1303 1263 1330 1290 in
1355 1263 1476 1291 Ecclesia
1493 1268 1587 1290 sancta
1603 1261 1744 1290 celebran-

959 1314 1013 1342 tur,
1028 1317 1090 1337 cum
1106 1310 1237 1337 rationem
1253 1309 1373 1337 habeant
1387 1316 1419 1337 eo
1439 1309 1511 1344 quod
1530 1313 1644 1344 apparet
1657 1308 1744 1336 subli-

959 1355 1072 1382 miorem
1097 1359 1178 1390 atque
1198 1355 1369 1382 diviniorem.
1386 1354 1443 1382 Hoc
1460 1359 1551 1381 autem
1566 1353 1702 1386 fecerunt,
1717 1357 1745 1381 et

119 1407 176 1436 τοῖς
200 1406 258 1440 μετ’
274 1406 371 1437 αὐτοὺς
393 1405 490 1440 ἁγίοις,
507 1404 617 1439 γνῶναι
632 1404 668 1431 τὰ
680 1404 831 1439 μυστήρια
851 1405 905 1440 τῆς

958 1403 1167 1437 haudquaquam
1177 1403 1306 1430 omnibus
1321 1409 1419 1430 arcana
1434 1402 1600 1434 revelarunt,
1612 1402 1674 1436 quia
1690 1408 1744 1428 non

116 1451 279 1484 βασιλείας
290 1451 342 1478 τοῦ
358 1451 442 1478 Θεοῦ.

958 1451 1047 1479 omnis
1065 1456 1188 1484 sanctus,
1206 1458 1294 1486 neque
1308 1450 1428 1478 omnium
1450 1450 1563 1477 scientia
1579 1454 1644 1477 est:
1668 1447 1744 1476 Vobis

123 1497 203 1532 166
219 1497 298 1530 enim,
314 1497 399 1532 inquit
412 1497 540 1524 Dominus
555 1496 686 1530 apostolis
698 1500 725 1525 et
738 1498 939 1525 successoribus
953 1498 1067 1532 sanctis,
1082 1498 1174 1525 datum
1192 1503 1230 1525 est
1249 1505 1324 1525 noue
1338 1497 1460 1531 mysteria
1475 1496 1548 1531 regni
1564 1495 1612 1524 Dei
1621 1496 1647 1522 ιι.

156 1544 169 1579 §
184 1543 214 1570 ν.
242 1544 409 1578 ’Λναγκαίως
431 1543 520 1570 τοίνυν
536 1544 560 1569 οἰ
578 1544 645 1579 ἱεροὶ
661 1544 813 1578 ἀπόστολοι,
830 1545 907 1571 αὐτοὶ

120 1589 337 1625 ἀναπλησθέντες
361 1588 408 1616 τοῦ
436 1589 507 1615 θείου
534 1589 702 1624 χαρίσματος
728 1588 907 1624 (ὲθεώθησαν

120 1634 174 1670 γὰρ
190 1635 222 1670 τῇ
240 1634 307 1670 πρὸς
323 1633 411 1660 αὐτῶν
429 1633 596 1669 ἀγαπήσει),
615 1634 662 1660 καὶ
679 1634 718 1665 εἰς
734 1634 797 1666 τοὺς
813 1634 908 1666 ἄλλους

120 1679 318 1715 ἀπεσταλμένοι
341 1678 416 1715 παρὰ
440 1679 489 1715 τῆς
513 1679 690 1715 ἀγαθότητος,
708 1680 755 1706 καὶ
779 1680 855 1706 αὐτοὶ
879 1680 908 1706 ae

120 1726 170 1761 ἤδη
189 1725 245 1752 θεοὶ
262 1726 411 1760 γεγονότες,
432 1725 469 1761 μὴ
485 1725 644 1760 φθονοῦντες
660 1727 715 1757 τοῖς
737 1726 796 1761 μετ’
811 1726 908 1758 αὐτοὺς

121 1770 171 1804 τῆς
187 1769 311 1805 τοιαύτης
328 1769 449 1802 θεὼσεως
462 1770 610 1806 (ἀλλότριον
621 1770 674 1806 γὰρ
683 1770 712 1797 τὸ
721 1770 850 1806 φθονερὸν
861 1771 908 1797 τοῦ

120 1816 210 1851 Θεοῦ),
224 1816 362 1851 αἰσθητοῖς
373 1815 406 1842 τὰ
412 1816 503 1851 νοητὰ,
513 1817 560 1843 καὶ
569 1816 668 1848 ὑλικοῑς
677 1816 710 1843 τὰ
719 1816 797 1848 ᾶῦλα,
805 1817 852 1843 καὶ
863 1817 907 1843 ἀν-

121 1860 239 1897 θρώποις
251 1861 284 1888 τά
294 1861 363 1893 θεῖα,
376 1861 421 1887 καὶ
431 1861 576 1897 ἐγγράφως
586 1861 632 1887 καὶ
646 1861 776 1896 ἀγράφως
793 1861 909 1897 παρέδο-

122 1915 183 1936 σαν,
194 1906 224 1931 οὺ
236 1905 314 1941 μόνον
323 1907 402 1941 χάριν
410 1905 463 1932 τῶν
472 1906 585 1942 ἀνιέρων
594 1906 630 1942 (τί
638 1905 691 1941 γὰρ
700 1907 764 1941 ἡμῖν
773 1906 909 1938 κάκείνοις

121 1952 220 1983 κοινὸν,
232 1953 256 1978 οῖ
269 1952 327 1978 οὐδὲ
339 1952 393 1978 τῶν
407 1951 547 1987 συμϐόλων
557 1951 642 1987 ψιλῶν
658 1951 794 1984 ἀξιοῦνται
806 1951 831 1987 ;)
843 1951 910 1978 ἀλλὰ

122 1998 169 2024 καὶ
188 1998 247 2024 κατ’
264 1997 342 2024 ἄλλον
365 1998 464 2033 τρόπον
481 1998 521 2024 ὅτι
537 1997 675 2032 ἀναλόγως
690 1999 756 2033 ἡμῖν
772 1998 909 2033 αἰσθητοῖς

121 2040 191 2074 οὖσι,
209 2043 255 2069 καὶ
279 2042 403 2078 αἰσθήσει
428 2042 505 2074 ζῶσι,
523 2043 570 2069 καὶ
592 2043 609 2078 ἡ
636 2042 760 2078 ίεραρχία
782 2043 908 2070 τελεῖται.

122 2088 159 2114 οὐ
177 2087 230 2124 γὰρ
246 2085 299 2114 οἷόν
315 2096 345 2114 τε
360 2089 472 2124 γυμνοῖς
488 2088 578 2120 αὐτοῖς
599 2089 656 2120 τοῖς
679 2089 761 2121 θείοις
782 2089 910 2125 πράγμα-

123 2143 165 2161 σιν
181 2135 364 2170 ἐντυγχάνειν,
383 2135 431 2161 καὶ
455 2134 558 2170 νοητῶς
575 2135 767 2167 συνάπτεσθαι,
785 2136 909 2171 αἰσθήσει

994 1545 1009 1581 5
1029 1546 1060 1573 ν.
1081 1544 1241 1573 Necessario
1273 1544 1355 1579 igitur
1380 1547 1470 1570 sancti
1496 1542 1610 1577 apostoli
1636 1541 1745 1577 ipsimet

957 1591 1049 1619 divino
1063 1598 1176 1618 munere
1193 1590 1266 1626 pleni
1282 1591 1342 1625 (per
1354 1589 1526 1617 dilectionem
1543 1588 1614 1616 ettim
1626 1588 1743 1615 deiﬁcau’

958 1639 1046 1672 erant)
1062 1641 1090 1664 et
1113 1637 1146 1664 ad
1175 1636 1243 1664 alios
1264 1636 1297 1663 ab
1314 1636 1371 1670 ipsa
1388 1634 1510 1662 bonitate
1528 1634 1616 1666 missi,
1637 1634 1702 1669 quin
1718 1639 1745 1661 et

958 1683 1008 1718 ipsi
1019 1683 1075 1718 jam
1091 1684 1128 1711 dii
1143 1683 1220 1715 facti,
1236 1682 1441 1710 successoribus
1463 1681 1617 1708 istiusmodi
1634 1679 1745 1707 deiﬁca-

959 1729 1060 1756 tionem
1075 1729 1187 1755 minime
1204 1727 1358 1755 invidentes
1377 1725 1477 1757 (aliena
1500 1726 1572 1753 enim
1587 1724 1688 1752 invidia
1703 1728 1745 1751 est

958 1783 972 1802 a
988 1775 1074 1807 Dcoi,
1089 1775 1265 1803 sensibilibus
1279 1773 1460 1806 intellectilia,
1475 1777 1503 1800 et
1525 1772 1676 1800 materiatis
1694 1772 1745 1799 im-

959 1820 1121 1852 materialia,
1135 1825 1164 1848 et
1177 1820 1332 1847 hominibus
1347 1819 1448 1851 divina,
1471 1823 1525 1845 tam
1540 1818 1643 1852 scripto
1661 1824 1744 1852 quam

959 1874 1013 1894 n0n
1030 1867 1131 1901 scripto
1147 1866 1328 1897 tradiderunt,
1345 1873 1397 1893 non
1414 1870 1524 1900 propter
1542 1864 1672 1899 profanos
1687 1868 1744 1891 tan-

960 1916 1014 1939 tum
1029 1912 1106 1947 (quid
1118 1912 1190 1939 cnim
1204 1911 1283 1938 nobis
1292 1915 1320 1938 et
1330 1911 1382 1938 illis
1393 1918 1546 1950 commune,
1562 1910 1608 1944 qui
1625 1917 1659 1936 ne
1670 1916 1745 1943 sym-

958 1957 1028 1985 bolis
1054 1957 1164 1992 quidem
1193 1956 1273 1984 nudis
1305 1956 1382 1991 digni
1411 1961 1473 1983 sunt
1498 1955 1620 1989 habiti?)
1649 1961 1744 1981 verum

959 2005 1040 2032 etiam
1055 2004 1090 2031 ob
1105 2004 1185 2031 aliam
1202 2003 1346 2036 rationem,
1363 2004 1434 2038 quod
1449 2003 1575 2030 nintirum
1593 2009 1744 2036 congruen-

959 2056 1000 2079 ter
1021 2051 1098 2078 nobis
1122 2057 1204 2078 sensu
1225 2050 1377 2077 viventibus
1388 2054 1417 2076 et
1429 2048 1565 2077 sensitivis
1579 2047 1744 2081 .hierarcbia

961 2095 1192 2123 submittistretur.
1209 2094 1268 2121 Non
1291 2095 1363 2121 enim
1379 2101 1427 2129 par
1440 2098 1494 2126 est,
1511 2098 1541 2120 ut
1557 2093 1584 2120 bl'
1601 2093 1647 2127 qui
1661 2100 1744 2120 sensu

961 2143 1065 2175 vivunt,
1084 2142 1170 2169 nudas
1189 2141 1263 2177 ipsas
1279 2148 1322 2168 res
1335 2140 1442 2168 divinas
1459 2140 1643 2175 frequentem,
1662 2145 1690 2167 et
1703 2138 1745 2166 itt-

122 2181 242 2213 ζῶντας·
261 2181 305 2208 διὰ
319 2180 398 2207 τοῦτο
421 2180 466 2208 διὰ
489 2181 629 2217 συμϐόλων
644 2182 778 2208 τελεῖσθαι
795 2183 905 2218 ἐτάχθη-

962 2187 1149 2216 tellectualiter
1164 2187 1199 2215 iis
1211 2187 1427 2222 conjungantur;
1446 2186 1549 2214 idcirco
1564 2193 1612 2221 per
1625 2185 1744 2221 sytnbola

124 2236 182 2263 μεν.
197 2227 272 2259 Τέως
288 2227 316 2253 δὲ
331 2228 405 2263 ὅμως
421 2228 446 2254 ot
462 2227 516 2254 τῶν
534 2227 673 2263 συμϐόλων
689 2227 762 2262 λόγοι
778 2228 808 2254 οὐ
826 2228 907 2254 πᾶσίν

122 2274 191 2300 εἰσιν
207 2273 459 2309 ἀνακεκαλυμμένοι
472 2274 518 2300 καὶ
529 2273 670 2309 γνώριμοι,
682 2273 749 2300 ἀλλὰ
759 2275 815 2306 τοῖς
827 2275 908 2309 ίεροῖς

121 2319 259 2355 ἀνδράσιν,
276 2319 322 2351 οὓς
347 2320 376 2345 ού
401 2319 508 2354 θεμιτόν
533 2320 605 2346 ἐστιν
629 2319 735 2354 ἐξάγειν
758 2320 854 2352 αὐτοὺς
870 2321 908 2351 εἰς

121 2365 185 2396 τοὺς
210 2364 249 2390 ἔτι
275 2365 503 2400 κατηχουμένους,
522 2365 634 2397 εἰδότας,
651 2365 691 2392 ὅτι
717 2366 909 2402 προσηκόντως

122 2411 229 2445 ἑκάστῳ
251 2410 322 2437 κατά
343 2412 394 2447 τὴν
416 2411 544 2447 οὐρανίαν
566 2411 642 2444 τάξιν
663 2411 712 2448 τὴν
729 2412 845 2447 εὐσταθῆ
863 2413 909 2439 καὶ

121 2456 297 2492 ἀσύμφυρτον
318 2457 456 2491 ἀναλόγως
484 2457 533 2493 τὴν
561 2457 622 2485 καθ’
644 2459 716 2494 ἡμᾶς
743 2458 908 2490 διετάξαντο.

120 2503 167 2529 Διὸ
183 2503 304 2535 πεισθεὶς
319 2505 379 2535 ταῖς
394 2503 549 2539 ὁμολογίαις
565 2506 625 2536 ταῖς
641 2506 711 2536 σαῖς,
731 2504 768 2536 ὡς
784 2505 833 2540 οὐχ
848 2504 910 2530 ἑτέ-

122 2559 162 2586 ρῳ
180 2549 357 2585 μεταδώσεις,
376 2550 400 2576 εί
418 2549 455 2586 μὴ
472 2552 528 2582 τοῖς
550 2550 620 2577 κατά
644 2551 672 2577 σὲ
690 2552 788 2586 ἱεροῖς·
807 2551 853 2577 καὶ
869 2550 910 2576 ὅτι

122 2595 264 2627 κάκείνους
289 2595 424 2632 ἀσφαλίσῃ
446 2595 582 2628 τοιούτους
607 2594 677 2622 εἶναι
701 2596 764 2631 περὶ
787 2595 821 2622 τὰ
837 2595 909 2628 θεῖα,

121 2639 176 2673 οἷος
194 2642 225 2668 σὺ
242 2641 321 2673 αὐτὸς
338 2639 405 2668 εἶναι
423 2642 486 2677 περὶ
501 2641 586 2668 ταῦτα
603 2642 729 2677 ὑπισχνῇ,
747 2641 794 2667 καὶ
814 2641 907 2667 τούτου

123 2687 287 2723 μεταδίδωμί
305 2695 346 2713 σοι
360 2687 407 2713 τοῦ
423 2686 520 2723 δώρου.

160 2810 174 2829 ιι
188 2808 272 2836 Marc.
289 2816 328 2843 tv,
342 2809 386 2836 Η.

958 2235 1026 2270 jussi
1049 2243 1143 2262 sumus
1166 2234 1278 2262 initiari.
1295 2235 1487 2262 Verumtamen
1503 2241 1536 2260 ne
1549 2233 1615 2268 ipsa:
1636 2232 1745 2268 quidem

959 2280 1142 2316 symbolorum
1157 2280 1276 2307 rationes
1289 2280 1416 2308 omnibus
1431 2283 1493 2306 sunt
1508 2278 1635 2306 revelata
1650 2285 1682 2304 ac
1697 2283 1746 2304 no-

962 2331 1006 2359 tae,
1021 2326 1067 2354 sed
1082 2326 1149 2353 viris
1164 2327 1278 2358 sanctis,
1290 2326 1392 2361 quibus
1408 2333 1460 2352 non
1473 2325 1536 2352 licet
1547 2331 1594 2352 eas
1609 2329 1746 2358 exponere

961 2373 994 2401 iis
1008 2373 1054 2408 qui
1068 2374 1156 2400 adhuc
1172 2372 1376 2405 catecltumeni;
1392 2379 1454 2399 cum
1465 2371 1536 2398 scire
1550 2370 1669 2397 debeant
1679 2376 1746 2396 con-

961 2420 1102 2447 venientet‘
1119 2419 1277 2454 unicuique,
1293 2418 1442 2446 secundum
1458 2417 1581 2445 ordinem
1606 2415 1744 2444 caelestem

961 2466 1082 2493 stabilem
1097 2470 1124 2493 et
1137 2465 1321 2498 inconfusum,
1334 2464 1367 2491 ad
1379 2468 1486 2498 captum
1501 2467 1623 2490 nostrum
1637 2462 1744 2489 hierar-

962 2513 1050 2540 cbiam
1063 2512 1150 2546 ipsam
1162 2512 1315 2539 ordinatam
1331 2518 1401 2538 esse.
1414 2510 1584 2544 Quapropter
1597 2508 1678 2535 etiam
1693 2508 1745 2535 tuis

962 2557 1018 2592 ipse
1044 2557 1260 2592 professionibus
1284 2563 1434 2591 persuasus
1455 2563 1496 2587 es,
1511 2562 1545 2582 ne
1567 2554 1639 2582 illam
1666 2554 1744 2582 alteri

963 2605 1068 2637 tradas,
1084 2609 1266 2638 praeterquam
1282 2604 1319 2630 tui
1334 2602 1468 2630 similibtts
1483 2601 1599 2634 sanctis;
1615 2604 1642 2628 et
1656 2601 1691 2629 ab
1705 2601 1746 2629 eis

963 2653 1037 2683 petes
1052 2650 1217 2682 cautionem,
1237 2649 1310 2683 ipsos
1326 2648 1398 2676 circa
1415 2648 1505 2676 divina
1523 2647 1590 2676 tales
1604 2647 1746 2682 fore,qn:v

961 2693 1013 2721 lem
1029 2694 1086 2729 ipse
1100 2699 1125 2722 te
1138 2695 1211 2722 circa
1226 2694 1319 2722 eadetn
1333 2694 1392 2722 fore
1406 2693 1542 2728 recepisti,
1558 2693 1638 2728 idque
1650 2700 1746 2721 mune-

960 2741 999 2768 ris
1013 2740 1060 2768 tibi
1076 2741 1163 2769 trado.

159 2855 168 2865 ⁴
183 2860 252 2896 Lege
266 2840 355 2896 καὶόύ
371 2854 415 2881 διὰ
429 2856 546 2892 γραφῆς.
561 2855 589 2884 1n
608 2862 679 2886 textu
693 2857 763 2885 enim
780 2856 809 2884 S.
831 2856 905 2891 Dion}

976 2855 1076 2890 legitur
1099 2856 1176 2888 ἐκτὸς
1201 2840 1322 2891 γραφῆς.
1339 2855 1513 2890 Negationem
1528 2863 1558 2881 ου
1574 2854 1638 2889 legit
1657 2854 1743 2880 intor-

125 2898 197 2919 ores.
212 2889 291 2916 Enn.
303 2889 422 2918 ΡΑτιιοι..
