  <div class='ocr_page' id='page_1' title='image "/cluster/home/n/w/nwhite01/storage/ocr_20150623/3/njp.32101077772356/237.png"; bbox 0 0 1931 3073; ppageno 0'>
   <div class='ocr_carea' id='block_1_1' title="bbox 198 168 251 197">
    <p class='ocr_par' dir='ltr' id='par_1_1' title="bbox 198 168 251 197">
     <span class='ocr_line' id='line_1_1' title="bbox 198 168 251 197; baseline 0.019 -1"><span class='ocrx_word' id='word_1_1' title='bbox 198 168 251 197; x_wconf 78' lang='lat'><strong>595</strong></span> 
     </span>
    </p>
   </div>
   <div class='ocr_carea' id='block_1_2' title="bbox 801 163 1260 195">
    <p class='ocr_par' dir='ltr' id='par_1_2' title="bbox 801 163 1260 195">
     <span class='ocr_line' id='line_1_2' title="bbox 801 163 1260 195; baseline -0.004 -1"><span class='ocrx_word' id='word_1_2' title='bbox 801 166 830 195; x_wconf 89' lang='lat' dir='ltr'><strong>S.</strong></span> <span class='ocrx_word' id='word_1_3' title='bbox 852 164 1000 194; x_wconf 75' lang='lat' dir='ltr'><strong>DIONYSH</strong></span> <span class='ocrx_word' id='word_1_4' title='bbox 1030 163 1260 194; x_wconf 55' lang='grc' dir='ltr'><strong>ΑΙΚΙΞΞΟΡΛΟΙΤᾸΞΙ</strong></span> 
     </span>
    </p>
   </div>
   <div class='ocr_carea' id='block_1_3' title="bbox 1771 167 1817 196">
    <p class='ocr_par' dir='ltr' id='par_1_3' title="bbox 1771 167 1817 196">
     <span class='ocr_line' id='line_1_3' title="bbox 1771 167 1817 196; baseline 0.022 -1"><span class='ocrx_word' id='word_1_5' title='bbox 1771 167 1817 196; x_wconf 65' lang='lat'><strong>396</strong></span> 
     </span>
    </p>
   </div>
   <div class='ocr_carea' id='block_1_4' title="bbox 199 221 979 259">
    <p class='ocr_par' dir='ltr' id='par_1_4' title="bbox 199 223 979 259">
     <span class='ocr_line' id='line_1_4' title="bbox 199 223 979 259; baseline -0.005 -5"><span class='ocrx_word' id='word_1_6' title='bbox 199 235 250 254; x_wconf 81' lang='lat' dir='ltr'><strong>nec</strong></span> <span class='ocrx_word' id='word_1_7' title='bbox 276 232 329 252; x_wconf 91' lang='lat' dir='ltr'><strong>non</strong></span> <span class='ocrx_word' id='word_1_8' title='bbox 352 225 415 252; x_wconf 72' lang='lat' dir='ltr'><strong>vita!</strong></span> <span class='ocrx_word' id='word_1_9' title='bbox 438 224 568 259; x_wconf 82' lang='lat' dir='ltr'><strong>spiritalis</strong></span> <span class='ocrx_word' id='word_1_10' title='bbox 593 223 771 259; x_wconf 73' lang='lat' dir='ltr'><strong>privationem</strong></span> <span class='ocrx_word' id='word_1_11' title='bbox 792 224 979 255; x_wconf 76' lang='lat' dir='ltr'><strong>tlctcstantem,</strong></span> 
     </span>
    </p>
   </div>
   <div class='ocr_carea' id='block_1_5' title="bbox 1032 221 1817 259">
    <p class='ocr_par' dir='ltr' id='par_1_5' title="bbox 1036 221 1817 258">
     <span class='ocr_line' id='line_1_5' title="bbox 1036 221 1817 258; baseline 0.003 -10"><span class='ocrx_word' id='word_1_12' title='bbox 1036 221 1082 248; x_wconf 76' lang='grc' dir='ltr'>τοῦ</span> <span class='ocrx_word' id='word_1_13' title='bbox 1099 222 1182 254; x_wconf 76' lang='grc' dir='ltr'>ὅντως</span> <span class='ocrx_word' id='word_1_14' title='bbox 1199 221 1292 254; x_wconf 82' lang='grc' dir='ltr'>καλοῦ,</span> <span class='ocrx_word' id='word_1_15' title='bbox 1304 221 1351 258; x_wconf 81' lang='grc' dir='ltr'>τὴν</span> <span class='ocrx_word' id='word_1_16' title='bbox 1361 222 1410 257; x_wconf 82' lang='grc' dir='ltr'>τῆς</span> <span class='ocrx_word' id='word_1_17' title='bbox 1422 222 1512 249; x_wconf 76' lang='grc' dir='ltr'>ἐνθέου</span> <span class='ocrx_word' id='word_1_18' title='bbox 1530 222 1602 258; x_wconf 74' lang='grc' dir='ltr'>ζωῆς</span> <span class='ocrx_word' id='word_1_19' title='bbox 1617 223 1817 258; x_wconf 80' lang='grc' dir='ltr'>ἀνενεργηοίαν,</span> 
     </span>
    </p>
   </div>
   <div class='ocr_carea' id='block_1_6' title="bbox 199 267 981 305">
    <p class='ocr_par' dir='ltr' id='par_1_6' title="bbox 199 267 981 305">
     <span class='ocr_line' id='line_1_6' title="bbox 199 267 981 305; baseline 0 -9"><span class='ocrx_word' id='word_1_20' title='bbox 199 275 281 305; x_wconf 77' lang='lat' dir='ltr'><strong>atque</strong></span> <span class='ocrx_word' id='word_1_21' title='bbox 303 273 397 296; x_wconf 87' lang='lat' dir='ltr'><strong>sancta</strong></span> <span class='ocrx_word' id='word_1_22' title='bbox 415 269 474 303; x_wconf 85' lang='lat' dir='ltr'><strong>ejus</strong></span> <span class='ocrx_word' id='word_1_23' title='bbox 492 269 687 296; x_wconf 84' lang='lat' dir='ltr'><strong>intercessiOne</strong></span> <span class='ocrx_word' id='word_1_24' title='bbox 702 267 750 296; x_wconf 85' lang='lat' dir='ltr'><strong>Dei</strong></span> <span class='ocrx_word' id='word_1_25' title='bbox 774 268 981 303; x_wconf 88' lang='lat' dir='ltr'><strong>divinorumque</strong></span> 
     </span>
    </p>
   </div>
   <div class='ocr_carea' id='block_1_7' title="bbox 197 315 979 351">
    <p class='ocr_par' dir='ltr' id='par_1_7' title="bbox 197 315 979 351">
     <span class='ocr_line' id='line_1_7' title="bbox 197 315 979 351; baseline -0.003 -7"><span class='ocrx_word' id='word_1_26' title='bbox 197 320 348 350; x_wconf 81' lang='lat' dir='ltr'><strong>compotem</strong></span> <span class='ocrx_word' id='word_1_27' title='bbox 366 315 423 343; x_wconf 84' lang='lat' dir='ltr'><strong>ﬁeri</strong></span> <span class='ocrx_word' id='word_1_28' title='bbox 438 315 629 350; x_wconf 87' lang='lat' dir='ltr'><strong>postulantem,</strong></span> <span class='ocrx_word' id='word_1_29' title='bbox 645 320 805 350; x_wconf 66' lang='lat' dir='ltr'><strong>praemonet,</strong></span> <span class='ocrx_word' id='word_1_30' title='bbox 823 315 928 351; x_wconf 78' lang='lat' dir='ltr'><strong>integre</strong></span> <span class='ocrx_word' id='word_1_31' title='bbox 943 315 979 342; x_wconf 87' lang='lat' dir='ltr'><strong>illi</strong></span> 
     </span>
    </p>
   </div>
   <div class='ocr_carea' id='block_1_8' title="bbox 199 359 980 396">
    <p class='ocr_par' dir='ltr' id='par_1_8' title="bbox 199 359 980 396">
     <span class='ocr_line' id='line_1_8' title="bbox 199 359 980 396; baseline 0.004 -10"><span class='ocrx_word' id='word_1_32' title='bbox 199 359 280 396; x_wconf 76' lang='lat'><strong>169</strong></span> <span class='ocrx_word' id='word_1_33' title='bbox 300 360 333 387; x_wconf 92' lang='lat' dir='ltr'><strong>ad</strong></span> <span class='ocrx_word' id='word_1_34' title='bbox 360 360 443 389; x_wconf 80' lang='lat' dir='ltr'><strong>Deum</strong></span> <span class='ocrx_word' id='word_1_35' title='bbox 469 360 652 388; x_wconf 87' lang='lat' dir='ltr'><strong>accedendum</strong></span> <span class='ocrx_word' id='word_1_36' title='bbox 678 368 749 393; x_wconf 90' lang='lat' dir='ltr'><strong>esse,</strong></span> <span class='ocrx_word' id='word_1_37' title='bbox 762 365 853 395; x_wconf 87' lang='lat' dir='ltr'><strong>utpote</strong></span> <span class='ocrx_word' id='word_1_38' title='bbox 869 369 980 396; x_wconf 87' lang='lat' dir='ltr'><strong>prorsus</strong></span> 
     </span>
    </p>
   </div>
   <div class='ocr_carea' id='block_1_9' title="bbox 196 406 980 442">
    <p class='ocr_par' dir='ltr' id='par_1_9' title="bbox 196 406 980 442">
     <span class='ocr_line' id='line_1_9' title="bbox 196 406 980 442; baseline 0.003 -9"><span class='ocrx_word' id='word_1_39' title='bbox 196 406 346 440; x_wconf 77' lang='lat' dir='ltr'><strong>perfectum</strong></span> <span class='ocrx_word' id='word_1_40' title='bbox 373 411 400 434; x_wconf 89' lang='lat' dir='ltr'><strong>et</strong></span> <span class='ocrx_word' id='word_1_41' title='bbox 424 406 628 434; x_wconf 87' lang='lat' dir='ltr'><strong>immaculatum</strong></span> <span class='ocrx_word' id='word_1_42' title='bbox 647 415 655 433; x_wconf 85' lang='lat'><strong>:</strong></span> <span class='ocrx_word' id='word_1_43' title='bbox 673 406 866 442; x_wconf 84' lang='lat' dir='ltr'><strong>propositaque</strong></span> <span class='ocrx_word' id='word_1_44' title='bbox 889 406 980 435; x_wconf 83' lang='lat' dir='ltr'><strong>divine</strong></span> 
     </span>
    </p>
   </div>
   <div class='ocr_carea' id='block_1_10' title="bbox 195 451 980 487">
    <p class='ocr_par' dir='ltr' id='par_1_10' title="bbox 195 451 980 487">
     <span class='ocr_line' id='line_1_10' title="bbox 195 451 980 487; baseline 0.003 -9"><span class='ocrx_word' id='word_1_45' title='bbox 195 451 303 478; x_wconf 78' lang='lat' dir='ltr'><strong>vivendi</strong></span> <span class='ocrx_word' id='word_1_46' title='bbox 327 459 435 484; x_wconf 88' lang='lat' dir='ltr'><strong>norma,</strong></span> <span class='ocrx_word' id='word_1_47' title='bbox 449 460 499 479; x_wconf 91' lang='lat' dir='ltr'><strong>nec</strong></span> <span class='ocrx_word' id='word_1_48' title='bbox 516 460 567 479; x_wconf 87' lang='lat' dir='ltr'><strong>non</strong></span> <span class='ocrx_word' id='word_1_49' title='bbox 585 452 753 487; x_wconf 83' lang='lat' dir='ltr'><strong>interrogato</strong></span> <span class='ocrx_word' id='word_1_50' title='bbox 768 460 831 479; x_wconf 92' lang='lat' dir='ltr'><strong>num</strong></span> <span class='ocrx_word' id='word_1_51' title='bbox 844 461 877 480; x_wconf 78' lang='lat' dir='ltr'><strong>ex</strong></span> <span class='ocrx_word' id='word_1_52' title='bbox 894 460 925 480; x_wconf 90' lang='lat' dir='ltr'><strong>ea</strong></span> <span class='ocrx_word' id='word_1_53' title='bbox 940 453 980 480; x_wconf 92' lang='lat' dir='ltr'><strong>vi-</strong></span> 
     </span>
    </p>
   </div>
   <div class='ocr_carea' id='block_1_11' title="bbox 196 499 983 535">
    <p class='ocr_par' dir='ltr' id='par_1_11' title="bbox 196 499 983 535">
     <span class='ocr_line' id='line_1_11' title="bbox 196 499 983 535; baseline 0.005 -11"><span class='ocrx_word' id='word_1_54' title='bbox 196 502 290 525; x_wconf 88' lang='lat' dir='ltr'><strong>cturus</strong></span> <span class='ocrx_word' id='word_1_55' title='bbox 304 503 386 530; x_wconf 88' lang='lat' dir='ltr'><strong>esset.</strong></span> <span class='ocrx_word' id='word_1_56' title='bbox 406 499 564 527; x_wconf 90' lang='lat' dir='ltr'><strong>asscntienti</strong></span> <span class='ocrx_word' id='word_1_57' title='bbox 590 507 697 527; x_wconf 73' lang='lat' dir='ltr'><strong>marium</strong></span> <span class='ocrx_word' id='word_1_58' title='bbox 719 500 802 534; x_wconf 81' lang='lat' dir='ltr'><strong>capiti</strong></span> <span class='ocrx_word' id='word_1_59' title='bbox 816 500 938 535; x_wconf 90' lang='lat' dir='ltr'><strong>imponit,</strong></span> <span class='ocrx_word' id='word_1_60' title='bbox 956 505 983 528; x_wconf 83' lang='lat' dir='ltr'><strong>et</strong></span> 
     </span>
    </p>
   </div>
   <div class='ocr_carea' id='block_1_12' title="bbox 196 544 981 579">
    <p class='ocr_par' dir='ltr' id='par_1_12' title="bbox 196 544 981 579">
     <span class='ocr_line' id='line_1_12' title="bbox 196 544 981 579; baseline 0.005 -9"><span class='ocrx_word' id='word_1_61' title='bbox 196 544 360 579; x_wconf 75' lang='lat' dir='ltr'><strong>consignans</strong></span> <span class='ocrx_word' id='word_1_62' title='bbox 386 551 458 578; x_wconf 89' lang='lat' dir='ltr'><strong>eum,</strong></span> <span class='ocrx_word' id='word_1_63' title='bbox 482 545 668 573; x_wconf 77' lang='lat' dir='ltr'><strong>sacerdotibus</strong></span> <span class='ocrx_word' id='word_1_64' title='bbox 696 546 816 578; x_wconf 83' lang='lat' dir='ltr'><strong>mandat,</strong></span> <span class='ocrx_word' id='word_1_65' title='bbox 842 551 870 573; x_wconf 88' lang='lat' dir='ltr'><strong>ut</strong></span> <span class='ocrx_word' id='word_1_66' title='bbox 894 546 981 574; x_wconf 90' lang='lat' dir='ltr'><strong>virum</strong></span> 
     </span>
    </p>
   </div>
   <div class='ocr_carea' id='block_1_13' title="bbox 196 590 610 626">
    <p class='ocr_par' dir='ltr' id='par_1_13' title="bbox 196 590 610 626">
     <span class='ocr_line' id='line_1_13' title="bbox 196 590 610 626; baseline 0.01 -10"><span class='ocrx_word' id='word_1_67' title='bbox 196 596 434 626; x_wconf 82' lang='lat' dir='ltr'><strong>susceptoremque</strong></span> <span class='ocrx_word' id='word_1_68' title='bbox 446 590 610 620; x_wconf 86' lang='lat' dir='ltr'><strong>describant.</strong></span> 
     </span>
    </p>
   </div>
   <div class='ocr_carea' id='block_1_14' title="bbox 1032 268 1818 304">
    <p class='ocr_par' dir='ltr' id='par_1_14' title="bbox 1032 268 1818 304">
     <span class='ocr_line' id='line_1_14' title="bbox 1032 268 1818 304; baseline 0.004 -10"><span class='ocrx_word' id='word_1_69' title='bbox 1032 268 1169 301; x_wconf 72' lang='grc' dir='ltr'>ἀξιοῦντος</span> <span class='ocrx_word' id='word_1_70' title='bbox 1185 277 1214 294; x_wconf 92' lang='grc' dir='ltr'><strong>τε</strong></span> <span class='ocrx_word' id='word_1_71' title='bbox 1231 268 1273 295; x_wconf 75' lang='grc' dir='ltr'><strong>διὰ</strong></span> <span class='ocrx_word' id='word_1_72' title='bbox 1290 268 1339 303; x_wconf 72' lang='grc' dir='ltr'>τῆς</span> <span class='ocrx_word' id='word_1_73' title='bbox 1356 269 1431 304; x_wconf 73' lang='grc' dir='ltr'>ἱερᾶς</span> <span class='ocrx_word' id='word_1_74' title='bbox 1447 269 1529 295; x_wconf 75' lang='grc' dir='ltr'>αὑτοῦ</span> <span class='ocrx_word' id='word_1_75' title='bbox 1548 269 1684 304; x_wconf 85' lang='grc' dir='ltr'>μεσιτείας</span> <span class='ocrx_word' id='word_1_76' title='bbox 1694 268 1763 296; x_wconf 74' lang='grc' dir='ltr'>Θεοῦ</span> <span class='ocrx_word' id='word_1_77' title='bbox 1776 270 1818 297; x_wconf 78' lang='grc' dir='ltr'>καὶ</span> 
     </span>
    </p>
   </div>
   <div class='ocr_carea' id='block_1_15' title="bbox 1033 314 1820 351">
    <p class='ocr_par' dir='ltr' id='par_1_15' title="bbox 1033 314 1820 351">
     <span class='ocr_line' id='line_1_15' title="bbox 1033 314 1820 351; baseline 0.001 -11"><span class='ocrx_word' id='word_1_78' title='bbox 1033 315 1086 341; x_wconf 79' lang='grc' dir='ltr'>τῶν</span> <span class='ocrx_word' id='word_1_79' title='bbox 1104 314 1184 341; x_wconf 79' lang='grc' dir='ltr'>θείων</span> <span class='ocrx_word' id='word_1_80' title='bbox 1197 316 1297 350; x_wconf 81' lang='grc' dir='ltr'><strong>τυχεῖν,</strong></span> <span class='ocrx_word' id='word_1_81' title='bbox 1310 315 1489 350; x_wconf 76' lang='grc' dir='ltr'>μαρτύρεται⁹</span> <span class='ocrx_word' id='word_1_82' title='bbox 1499 315 1547 350; x_wconf 75' lang='grc' dir='ltr'><strong>μὲν</strong></span> <span class='ocrx_word' id='word_1_83' title='bbox 1573 315 1648 350; x_wconf 80' lang='grc' dir='ltr'>αὐτῷ</span> <span class='ocrx_word' id='word_1_84' title='bbox 1683 315 1732 351; x_wconf 79' lang='grc' dir='ltr'><strong>τὴν</strong></span> <span class='ocrx_word' id='word_1_85' title='bbox 1756 316 1820 349; x_wconf 76' lang='grc' dir='ltr'>ὀφει-</span> 
     </span>
    </p>
   </div>
   <div class='ocr_carea' id='block_1_16' title="bbox 1032 359 1819 397">
    <p class='ocr_par' dir='ltr' id='par_1_16' title="bbox 1032 359 1819 397">
     <span class='ocr_line' id='line_1_16' title="bbox 1032 359 1819 397; baseline 0.003 -11"><span class='ocrx_word' id='word_1_86' title='bbox 1032 359 1147 396; x_wconf 85' lang='grc' dir='ltr'>λομένην</span> <span class='ocrx_word' id='word_1_87' title='bbox 1164 359 1256 395; x_wconf 83' lang='grc' dir='ltr'>ὁλικὴν</span> <span class='ocrx_word' id='word_1_88' title='bbox 1273 359 1398 393; x_wconf 80' lang='grc' dir='ltr'>γενέσθαι</span> <span class='ocrx_word' id='word_1_89' title='bbox 1418 360 1603 395; x_wconf 80' lang='grc' dir='ltr'>προσέλευσιν,</span> <span class='ocrx_word' id='word_1_90' title='bbox 1621 360 1658 392; x_wconf 88' lang='grc' dir='ltr'>ὡς</span> <span class='ocrx_word' id='word_1_91' title='bbox 1675 361 1819 397; x_wconf 70' lang='grc' dir='ltr'>παν-τελείῳ</span> 
     </span>
    </p>
   </div>
   <div class='ocr_carea' id='block_1_17' title="bbox 1034 404 1819 441">
    <p class='ocr_par' dir='ltr' id='par_1_17' title="bbox 1034 404 1819 441">
     <span class='ocr_line' id='line_1_17' title="bbox 1034 404 1819 441; baseline 0.004 -9"><span class='ocrx_word' id='word_1_92' title='bbox 1034 406 1081 432; x_wconf 68' lang='grc' dir='ltr'><strong>καὶ</strong></span> <span class='ocrx_word' id='word_1_93' title='bbox 1091 405 1199 440; x_wconf 79' lang='grc' dir='ltr'>ἀμώμῳ</span> <span class='ocrx_word' id='word_1_94' title='bbox 1213 404 1268 431; x_wconf 76' lang='grc' dir='ltr'>ὄντι</span> <span class='ocrx_word' id='word_1_95' title='bbox 1280 404 1354 440; x_wconf 80' lang='grc' dir='ltr'>Θεῷ·</span> <span class='ocrx_word' id='word_1_96' title='bbox 1373 405 1420 431; x_wconf 75' lang='grc' dir='ltr'>καὶ</span> <span class='ocrx_word' id='word_1_97' title='bbox 1436 405 1484 440; x_wconf 79' lang='grc' dir='ltr'>τὴν</span> <span class='ocrx_word' id='word_1_98' title='bbox 1499 405 1588 432; x_wconf 75' lang='grc' dir='ltr'>ἔνθεον</span> <span class='ocrx_word' id='word_1_99' title='bbox 1601 406 1674 441; x_wconf 75' lang='grc' dir='ltr'>αὐτῷ</span> <span class='ocrx_word' id='word_1_100' title='bbox 1688 407 1819 435; x_wconf 78' lang='grc' dir='ltr'><strong>πολιτείαν</strong></span> 
     </span>
    </p>
   </div>
   <div class='ocr_carea' id='block_1_18' title="bbox 1035 451 1820 488">
    <p class='ocr_par' dir='ltr' id='par_1_18' title="bbox 1035 451 1820 488">
     <span class='ocr_line' id='line_1_18' title="bbox 1035 451 1820 488; baseline 0.003 -10"><span class='ocrx_word' id='word_1_101' title='bbox 1035 451 1255 486; x_wconf 70' lang='grc' dir='ltr'>ύιρηγησάμενος,</span> <span class='ocrx_word' id='word_1_102' title='bbox 1274 451 1320 477; x_wconf 82' lang='grc' dir='ltr'><strong>καὶ</strong></span> <span class='ocrx_word' id='word_1_103' title='bbox 1343 453 1554 488; x_wconf 81' lang='grc' dir='ltr'>προσερωτήσας</span> <span class='ocrx_word' id='word_1_104' title='bbox 1573 453 1597 479; x_wconf 84' lang='grc' dir='ltr'>εἰ</span> <span class='ocrx_word' id='word_1_105' title='bbox 1613 452 1684 479; x_wconf 74' lang='grc' dir='ltr'>οὕτω</span> <span class='ocrx_word' id='word_1_106' title='bbox 1702 453 1820 480; x_wconf 80' lang='grc' dir='ltr'>πολιτεύ-</span> 
     </span>
    </p>
   </div>
   <div class='ocr_carea' id='block_1_19' title="bbox 1033 501 1819 539">
    <p class='ocr_par' dir='ltr' id='par_1_19' title="bbox 1033 501 1819 539">
     <span class='ocr_line' id='line_1_19' title="bbox 1033 501 1819 539; baseline 0.003 -12"><span class='ocrx_word' id='word_1_107' title='bbox 1033 509 1120 531; x_wconf 80' lang='grc' dir='ltr'>σαιτο,</span> <span class='ocrx_word' id='word_1_108' title='bbox 1140 502 1207 536; x_wconf 85' lang='grc' dir='ltr'><strong>μετά</strong></span> <span class='ocrx_word' id='word_1_109' title='bbox 1227 503 1276 539; x_wconf 81' lang='grc' dir='ltr'>τὴν</span> <span class='ocrx_word' id='word_1_110' title='bbox 1289 503 1444 538; x_wconf 85' lang='grc' dir='ltr'>ὁμολογίαν,</span> <span class='ocrx_word' id='word_1_111' title='bbox 1463 501 1613 537; x_wconf 68' lang='grc' dir='ltr'><strong>ἐπιτίθησιν</strong></span> <span class='ocrx_word' id='word_1_112' title='bbox 1628 501 1710 528; x_wconf 85' lang='grc' dir='ltr'>αὐτοῦ</span> <span class='ocrx_word' id='word_1_113' title='bbox 1726 503 1759 538; x_wconf 81' lang='grc' dir='ltr'>τῇ</span> <span class='ocrx_word' id='word_1_114' title='bbox 1775 511 1819 529; x_wconf 85' lang='grc' dir='ltr'>κε-</span> 
     </span>
    </p>
   </div>
   <div class='ocr_carea' id='block_1_20' title="bbox 1033 546 1819 584">
    <p class='ocr_par' dir='ltr' id='par_1_20' title="bbox 1033 546 1819 584">
     <span class='ocr_line' id='line_1_20' title="bbox 1033 546 1819 584; baseline 0.004 -12"><span class='ocrx_word' id='word_1_115' title='bbox 1033 546 1104 582; x_wconf 77' lang='grc' dir='ltr'>φαλῇ</span> <span class='ocrx_word' id='word_1_116' title='bbox 1122 547 1170 582; x_wconf 81' lang='grc' dir='ltr'>τὴν</span> <span class='ocrx_word' id='word_1_117' title='bbox 1186 550 1275 584; x_wconf 82' lang='grc' dir='ltr'>χεῖρα.</span> <span class='ocrx_word' id='word_1_118' title='bbox 1294 549 1340 575; x_wconf 79' lang='grc' dir='ltr'>καὶ</span> <span class='ocrx_word' id='word_1_119' title='bbox 1364 548 1593 584; x_wconf 75' lang='grc' dir='ltr'><strong>σφραγισάμενος,</strong></span> <span class='ocrx_word' id='word_1_120' title='bbox 1611 547 1819 584; x_wconf 74' lang='grc' dir='ltr'><strong>ἀπογράψασθαι</strong></span> 
     </span>
    </p>
   </div>
   <div class='ocr_carea' id='block_1_21' title="bbox 1036 592 1769 631">
    <p class='ocr_par' dir='ltr' id='par_1_21' title="bbox 1036 592 1769 631">
     <span class='ocr_line' id='line_1_21' title="bbox 1036 592 1769 631; baseline 0.005 -12"><span class='ocrx_word' id='word_1_121' title='bbox 1036 592 1141 620; x_wconf 77' lang='grc' dir='ltr'>κελεύει</span> <span class='ocrx_word' id='word_1_122' title='bbox 1159 595 1215 626; x_wconf 81' lang='grc' dir='ltr'>τοῖς</span> <span class='ocrx_word' id='word_1_123' title='bbox 1231 595 1332 631; x_wconf 75' lang='grc' dir='ltr'>ἱερεῦσι</span> <span class='ocrx_word' id='word_1_124' title='bbox 1348 595 1394 621; x_wconf 82' lang='grc' dir='ltr'><strong>τὸν</strong></span> <span class='ocrx_word' id='word_1_125' title='bbox 1408 594 1491 631; x_wconf 77' lang='grc' dir='ltr'>ἄνδρα</span> <span class='ocrx_word' id='word_1_126' title='bbox 1507 595 1554 621; x_wconf 73' lang='grc' dir='ltr'><strong>καὶ</strong></span> <span class='ocrx_word' id='word_1_127' title='bbox 1570 595 1614 621; x_wconf 84' lang='grc' dir='ltr'>τὸν</span> <span class='ocrx_word' id='word_1_128' title='bbox 1630 595 1769 630; x_wconf 80' lang='grc' dir='ltr'>ἅνάδοχον.</span> 
     </span>
    </p>
   </div>
   <div class='ocr_carea' id='block_1_22' title="bbox 968 673 1051 710">
    <p class='ocr_par' dir='ltr' id='par_1_22' title="bbox 968 673 1051 710">
     <span class='ocr_line' id='line_1_22' title="bbox 968 673 1051 710; baseline 0 -6"><span class='ocrx_word' id='word_1_129' title='bbox 968 673 1051 710; x_wconf 86' lang='lat' dir='ltr'><strong>§VI.</strong></span> 
     </span>
    </p>
   </div>
   <div class='ocr_carea' id='block_1_23' title="bbox 233 728 980 768">
    <p class='ocr_par' dir='ltr' id='par_1_23' title="bbox 233 728 980 768">
     <span class='ocr_line' id='line_1_23' title="bbox 233 728 980 768; baseline -0.003 -7"><span class='ocrx_word' id='word_1_130' title='bbox 233 728 336 768; x_wconf 75' lang='lat' dir='ltr'><strong>Quibus</strong></span> <span class='ocrx_word' id='word_1_131' title='bbox 349 732 489 767; x_wconf 82' lang='lat' dir='ltr'><strong>ascriptis,</strong></span> <span class='ocrx_word' id='word_1_132' title='bbox 503 738 610 759; x_wconf 88' lang='lat' dir='ltr'><strong>sacram</strong></span> <span class='ocrx_word' id='word_1_133' title='bbox 629 731 688 759; x_wconf 76' lang='lat' dir='ltr'><strong>infit</strong></span> <span class='ocrx_word' id='word_1_134' title='bbox 703 733 887 766; x_wconf 82' lang='lat' dir='ltr'><strong>precationem</strong></span> <span class='ocrx_word' id='word_1_135' title='bbox 905 740 912 759; x_wconf 90' lang='lat'><strong>:</strong></span> <span class='ocrx_word' id='word_1_136' title='bbox 929 740 980 767; x_wconf 88' lang='lat' dir='ltr'><strong>qua</strong></span> 
     </span>
    </p>
   </div>
   <div class='ocr_carea' id='block_1_24' title="bbox 194 778 979 814">
    <p class='ocr_par' dir='ltr' id='par_1_24' title="bbox 194 778 979 814">
     <span class='ocr_line' id='line_1_24' title="bbox 194 778 979 814; baseline -0.005 -5"><span class='ocrx_word' id='word_1_137' title='bbox 194 788 249 809; x_wconf 89' lang='lat' dir='ltr'><strong>una</strong></span> <span class='ocrx_word' id='word_1_138' title='bbox 265 788 326 808; x_wconf 89' lang='lat' dir='ltr'><strong>cum</strong></span> <span class='ocrx_word' id='word_1_139' title='bbox 341 780 398 814; x_wconf 86' lang='lat' dir='ltr'><strong>ipso</strong></span> <span class='ocrx_word' id='word_1_140' title='bbox 415 779 448 806; x_wconf 87' lang='lat' dir='ltr'><strong>ab</strong></span> <span class='ocrx_word' id='word_1_141' title='bbox 464 778 592 806; x_wconf 88' lang='lat' dir='ltr'><strong>universa</strong></span> <span class='ocrx_word' id='word_1_142' title='bbox 606 778 818 813; x_wconf 81' lang='lat' dir='ltr'><strong>congregatione</strong></span> <span class='ocrx_word' id='word_1_143' title='bbox 834 779 979 814; x_wconf 84' lang='lat' dir='ltr'><strong>completa,</strong></span> 
     </span>
    </p>
   </div>
   <div class='ocr_carea' id='block_1_25' title="bbox 193 825 982 860">
    <p class='ocr_par' dir='ltr' id='par_1_25' title="bbox 193 825 982 860">
     <span class='ocr_line' id='line_1_25' title="bbox 193 825 982 860; baseline -0.001 -6"><span class='ocrx_word' id='word_1_144' title='bbox 193 827 269 855; x_wconf 87' lang='lat' dir='ltr'><strong>illum</strong></span> <span class='ocrx_word' id='word_1_145' title='bbox 297 825 444 860; x_wconf 76' lang='lat' dir='ltr'><strong>discingit,</strong></span> <span class='ocrx_word' id='word_1_146' title='bbox 476 829 503 852; x_wconf 88' lang='lat' dir='ltr'><strong>et</strong></span> <span class='ocrx_word' id='word_1_147' title='bbox 531 832 580 860; x_wconf 90' lang='lat' dir='ltr'><strong>per</strong></span> <span class='ocrx_word' id='word_1_148' title='bbox 602 825 741 852; x_wconf 83' lang='lat' dir='ltr'><strong>ministros</strong></span> <span class='ocrx_word' id='word_1_149' title='bbox 768 825 854 852; x_wconf 81' lang='lat' dir='ltr'><strong>exuit.</strong></span> <span class='ocrx_word' id='word_1_150' title='bbox 876 825 982 854; x_wconf 73' lang='lat' dir='ltr'><strong>Sistcns</strong></span> 
     </span>
    </p>
   </div>
   <div class='ocr_carea' id='block_1_26' title="bbox 195 865 1017 908">
    <p class='ocr_par' dir='ltr' id='par_1_26' title="bbox 195 865 1017 908">
     <span class='ocr_line' id='line_1_26' title="bbox 195 865 1017 908; baseline -0.002 -7"><span class='ocrx_word' id='word_1_151' title='bbox 195 873 293 902; x_wconf 83' lang='lat' dir='ltr'><strong>exinde</strong></span> <span class='ocrx_word' id='word_1_152' title='bbox 308 873 396 908; x_wconf 89' lang='lat' dir='ltr'><strong>ipsunt</strong></span> <span class='ocrx_word' id='word_1_153' title='bbox 421 872 455 899; x_wconf 91' lang='lat' dir='ltr'><strong>ad</strong></span> <span class='ocrx_word' id='word_1_154' title='bbox 476 871 646 899; x_wconf 87' lang='lat' dir='ltr'><strong>occidentem</strong></span> <span class='ocrx_word' id='word_1_155' title='bbox 669 878 901 907; x_wconf 67' lang='lat' dir='ltr'><strong>prospectantem,</strong></span> <span class='ocrx_word' id='word_1_156' title='bbox 924 881 981 900; x_wconf 87' lang='lat' dir='ltr'><strong>ma-</strong></span> <span class='ocrx_word' id='word_1_157' title='bbox 997 865 1017 891; x_wconf 73' lang='grc' dir='ltr'><strong>Β</strong></span> 
     </span>
    </p>
   </div>
   <div class='ocr_carea' id='block_1_27' title="bbox 193 918 980 956">
    <p class='ocr_par' dir='ltr' id='par_1_27' title="bbox 193 918 980 956">
     <span class='ocr_line' id='line_1_27' title="bbox 193 918 980 956; baseline -0.005 -7"><span class='ocrx_word' id='word_1_158' title='bbox 193 928 301 956; x_wconf 74' lang='lat' dir='ltr'><strong>musque</strong></span> <span class='ocrx_word' id='word_1_159' title='bbox 315 927 410 948; x_wconf 85' lang='lat' dir='ltr'><strong>versus</strong></span> <span class='ocrx_word' id='word_1_160' title='bbox 425 919 499 947; x_wconf 85' lang='lat' dir='ltr'><strong>illam</strong></span> <span class='ocrx_word' id='word_1_161' title='bbox 516 918 622 954; x_wconf 76' lang='lat' dir='ltr'><strong>plagam</strong></span> <span class='ocrx_word' id='word_1_162' title='bbox 638 926 750 946; x_wconf 84' lang='lat' dir='ltr'><strong>aversas</strong></span> <span class='ocrx_word' id='word_1_163' title='bbox 765 920 980 954; x_wconf 83' lang='lat' dir='ltr'><strong>protrudentem,</strong></span> 
     </span>
    </p>
   </div>
   <div class='ocr_carea' id='block_1_28' title="bbox 193 964 982 999">
    <p class='ocr_par' dir='ltr' id='par_1_28' title="bbox 193 964 982 999">
     <span class='ocr_line' id='line_1_28' title="bbox 193 964 982 999; baseline -0.004 -4"><span class='ocrx_word' id='word_1_164' title='bbox 193 967 274 995; x_wconf 86' lang='lat' dir='ltr'><strong>tertio</strong></span> <span class='ocrx_word' id='word_1_165' title='bbox 302 966 434 995; x_wconf 86' lang='lat' dir='ltr'><strong>Satanam</strong></span> <span class='ocrx_word' id='word_1_166' title='bbox 467 965 606 992; x_wconf 86' lang='lat' dir='ltr'><strong>insuﬂlare</strong></span> <span class='ocrx_word' id='word_1_167' title='bbox 628 964 728 998; x_wconf 84' lang='lat' dir='ltr'><strong>jubet,</strong></span> <span class='ocrx_word' id='word_1_168' title='bbox 755 970 836 999; x_wconf 85' lang='lat' dir='ltr'><strong>atque</strong></span> <span class='ocrx_word' id='word_1_169' title='bbox 870 966 982 999; x_wconf 88' lang='lat' dir='ltr'><strong>insuper</strong></span> 
     </span>
    </p>
   </div>
   <div class='ocr_carea' id='block_1_29' title="bbox 193 1011 982 1046">
    <p class='ocr_par' dir='ltr' id='par_1_29' title="bbox 193 1011 982 1046">
     <span class='ocr_line' id='line_1_29' title="bbox 193 1011 982 1046; baseline -0.004 -4"><span class='ocrx_word' id='word_1_170' title='bbox 193 1012 440 1042; x_wconf 83' lang='lat' dir='ltr'><strong>abrenuntiationis</strong></span> <span class='ocrx_word' id='word_1_171' title='bbox 468 1012 551 1039; x_wconf 91' lang='lat' dir='ltr'><strong>verba</strong></span> <span class='ocrx_word' id='word_1_172' title='bbox 576 1011 714 1046; x_wconf 79' lang='lat' dir='ltr'><strong>proferre;</strong></span> <span class='ocrx_word' id='word_1_173' title='bbox 740 1012 820 1046; x_wconf 85' lang='lat' dir='ltr'><strong>eique</strong></span> <span class='ocrx_word' id='word_1_174' title='bbox 841 1015 883 1039; x_wconf 91' lang='lat' dir='ltr'><strong>ter</strong></span> <span class='ocrx_word' id='word_1_175' title='bbox 904 1012 982 1039; x_wconf 87' lang='lat' dir='ltr'><strong>abre-</strong></span> 
     </span>
    </p>
   </div>
   <div class='ocr_carea' id='block_1_30' title="bbox 193 1056 982 1092">
    <p class='ocr_par' dir='ltr' id='par_1_30' title="bbox 193 1056 982 1092">
     <span class='ocr_line' id='line_1_30' title="bbox 193 1056 982 1092; baseline -0.005 -5"><span class='ocrx_word' id='word_1_176' title='bbox 193 1058 373 1087; x_wconf 85' lang='lat' dir='ltr'><strong>nuntiationis</strong></span> <span class='ocrx_word' id='word_1_177' title='bbox 384 1057 551 1085; x_wconf 87' lang='lat' dir='ltr'><strong>solemnibus</strong></span> <span class='ocrx_word' id='word_1_178' title='bbox 565 1056 655 1084; x_wconf 84' lang='lat' dir='ltr'><strong>verbis</strong></span> <span class='ocrx_word' id='word_1_179' title='bbox 667 1057 822 1092; x_wconf 84' lang='lat' dir='ltr'><strong>propositis,</strong></span> <span class='ocrx_word' id='word_1_180' title='bbox 837 1064 898 1084; x_wconf 91' lang='lat' dir='ltr'><strong>cum</strong></span> <span class='ocrx_word' id='word_1_181' title='bbox 911 1064 982 1084; x_wconf 83' lang='lat' dir='ltr'><strong>eant-</strong></span> 
     </span>
    </p>
   </div>
   <div class='ocr_carea' id='block_1_31' title="bbox 192 1102 980 1138">
    <p class='ocr_par' dir='ltr' id='par_1_31' title="bbox 192 1102 980 1138">
     <span class='ocr_line' id='line_1_31' title="bbox 192 1102 980 1138; baseline -0.004 -5"><span class='ocrx_word' id='word_1_182' title='bbox 192 1106 254 1133; x_wconf 84' lang='lat' dir='ltr'><strong>dem</strong></span> <span class='ocrx_word' id='word_1_183' title='bbox 270 1105 351 1132; x_wconf 86' lang='lat' dir='ltr'><strong>toties</strong></span> <span class='ocrx_word' id='word_1_184' title='bbox 367 1104 508 1138; x_wconf 89' lang='lat' dir='ltr'><strong>conceptis</strong></span> <span class='ocrx_word' id='word_1_185' title='bbox 522 1103 615 1131; x_wconf 82' lang='lat' dir='ltr'><strong>verbis</strong></span> <span class='ocrx_word' id='word_1_186' title='bbox 631 1102 825 1137; x_wconf 82' lang='lat' dir='ltr'><strong>pronuntiavit,</strong></span> <span class='ocrx_word' id='word_1_187' title='bbox 844 1103 931 1137; x_wconf 89' lang='lat' dir='ltr'><strong>ipsum</strong></span> <span class='ocrx_word' id='word_1_188' title='bbox 947 1103 980 1130; x_wconf 85' lang='lat' dir='ltr'><strong>ad</strong></span> 
     </span>
    </p>
   </div>
   <div class='ocr_carea' id='block_1_32' title="bbox 191 1148 981 1182">
    <p class='ocr_par' dir='ltr' id='par_1_32' title="bbox 191 1148 981 1182">
     <span class='ocr_line' id='line_1_32' title="bbox 191 1148 981 1182; baseline -0.005 -4"><span class='ocrx_word' id='word_1_189' title='bbox 191 1151 326 1179; x_wconf 88' lang='lat' dir='ltr'><strong>orientem</strong></span> <span class='ocrx_word' id='word_1_190' title='bbox 351 1149 499 1180; x_wconf 78' lang='lat' dir='ltr'><strong>transfert,</strong></span> <span class='ocrx_word' id='word_1_191' title='bbox 521 1153 549 1176; x_wconf 91' lang='lat' dir='ltr'><strong>et</strong></span> <span class='ocrx_word' id='word_1_192' title='bbox 573 1149 599 1176; x_wconf 94' lang='lat' dir='ltr'><strong>in</strong></span> <span class='ocrx_word' id='word_1_193' title='bbox 617 1149 715 1176; x_wconf 82' lang='lat' dir='ltr'><strong>coelum</strong></span> <span class='ocrx_word' id='word_1_194' title='bbox 739 1148 904 1182; x_wconf 86' lang='lat' dir='ltr'><strong>intuentem,</strong></span> <span class='ocrx_word' id='word_1_195' title='bbox 927 1155 981 1175; x_wconf 89' lang='lat' dir='ltr'><strong>ma-</strong></span> 
     </span>
    </p>
   </div>
   <div class='ocr_carea' id='block_1_33' title="bbox 193 1195 982 1231">
    <p class='ocr_par' dir='ltr' id='par_1_33' title="bbox 193 1195 982 1231">
     <span class='ocr_line' id='line_1_33' title="bbox 193 1195 982 1231; baseline -0.004 -6"><span class='ocrx_word' id='word_1_196' title='bbox 193 1205 300 1231; x_wconf 80' lang='lat' dir='ltr'><strong>nusque</strong></span> <span class='ocrx_word' id='word_1_197' title='bbox 315 1196 494 1228; x_wconf 88' lang='lat' dir='ltr'><strong>attollentetn,</strong></span> <span class='ocrx_word' id='word_1_198' title='bbox 506 1195 617 1223; x_wconf 84' lang='lat' dir='ltr'><strong>Christo</strong></span> <span class='ocrx_word' id='word_1_199' title='bbox 630 1196 790 1230; x_wconf 84' lang='lat' dir='ltr'><strong>cunctisque</strong></span> <span class='ocrx_word' id='word_1_200' title='bbox 802 1195 886 1223; x_wconf 87' lang='lat' dir='ltr'><strong>sacris</strong></span> <span class='ocrx_word' id='word_1_201' title='bbox 898 1204 912 1222; x_wconf 87' lang='lat' dir='ltr'><strong>a</strong></span> <span class='ocrx_word' id='word_1_202' title='bbox 927 1195 982 1223; x_wconf 86' lang='lat' dir='ltr'><strong>Deo</strong></span> 
     </span>
    </p>
   </div>
   <div class='ocr_carea' id='block_1_34' title="bbox 194 1242 677 1278">
    <p class='ocr_par' dir='ltr' id='par_1_34' title="bbox 194 1242 677 1278">
     <span class='ocr_line' id='line_1_34' title="bbox 194 1242 677 1278; baseline -0.002 -7"><span class='ocrx_word' id='word_1_203' title='bbox 194 1244 301 1272; x_wconf 83' lang='lat' dir='ltr'><strong>traditis</strong></span> <span class='ocrx_word' id='word_1_204' title='bbox 317 1243 432 1278; x_wconf 88' lang='lat' dir='ltr'><strong>eloquiis</strong></span> <span class='ocrx_word' id='word_1_205' title='bbox 441 1243 520 1278; x_wconf 84' lang='lat' dir='ltr'><strong>jubet</strong></span> <span class='ocrx_word' id='word_1_206' title='bbox 533 1242 677 1270; x_wconf 89' lang='lat' dir='ltr'><strong>assentire.</strong></span> 
     </span>
    </p>
   </div>
   <div class='ocr_carea' id='block_1_35' title="bbox 1071 734 1818 771">
    <p class='ocr_par' dir='ltr' id='par_1_35' title="bbox 1071 734 1818 771">
     <span class='ocr_line' id='line_1_35' title="bbox 1071 734 1818 771; baseline 0.004 -10"><span class='ocrx_word' id='word_1_207' title='bbox 1071 734 1130 761; x_wconf 82' lang='grc' dir='ltr'><strong>Τῶν</strong></span> <span class='ocrx_word' id='word_1_208' title='bbox 1152 735 1180 761; x_wconf 83' lang='grc' dir='ltr'><strong>δὲ</strong></span> <span class='ocrx_word' id='word_1_209' title='bbox 1202 735 1450 771; x_wconf 65' lang='grc' dir='ltr'><strong>ἀπογραψαμένων,</strong></span> <span class='ocrx_word' id='word_1_210' title='bbox 1475 735 1557 770; x_wconf 80' lang='grc' dir='ltr'>εὐχὴν</span> <span class='ocrx_word' id='word_1_211' title='bbox 1583 735 1658 771; x_wconf 82' lang='grc' dir='ltr'>ἱερὰν</span> <span class='ocrx_word' id='word_1_212' title='bbox 1688 738 1818 765; x_wconf 85' lang='grc' dir='ltr'>ποιεῖται·</span> 
     </span>
    </p>
   </div>
   <div class='ocr_carea' id='block_1_36' title="bbox 1035 780 1821 820">
    <p class='ocr_par' dir='ltr' id='par_1_36' title="bbox 1035 780 1821 820">
     <span class='ocr_line' id='line_1_36' title="bbox 1035 780 1821 820; baseline 0.004 -13"><span class='ocrx_word' id='word_1_213' title='bbox 1035 781 1082 807; x_wconf 70' lang='grc' dir='ltr'><strong>καὶ</strong></span> <span class='ocrx_word' id='word_1_214' title='bbox 1104 781 1205 816; x_wconf 86' lang='grc' dir='ltr'>ταύτην</span> <span class='ocrx_word' id='word_1_215' title='bbox 1223 781 1332 816; x_wconf 76' lang='grc' dir='ltr'>ἁπάσης</span> <span class='ocrx_word' id='word_1_216' title='bbox 1354 780 1427 816; x_wconf 83' lang='grc' dir='ltr'>αὑτῴ</span> <span class='ocrx_word' id='word_1_217' title='bbox 1447 781 1496 816; x_wconf 84' lang='grc' dir='ltr'>τῆς</span> <span class='ocrx_word' id='word_1_218' title='bbox 1519 781 1681 817; x_wconf 83' lang='grc' dir='ltr'>Ἑκκλησίας</span> <span class='ocrx_word' id='word_1_219' title='bbox 1703 783 1821 820; x_wconf 83' lang='grc' dir='ltr'>συμπλη-</span> 
     </span>
    </p>
   </div>
   <div class='ocr_carea' id='block_1_37' title="bbox 1036 827 1820 864">
    <p class='ocr_par' dir='ltr' id='par_1_37' title="bbox 1036 827 1820 864">
     <span class='ocr_line' id='line_1_37' title="bbox 1036 827 1820 864; baseline 0.003 -10"><span class='ocrx_word' id='word_1_220' title='bbox 1036 828 1172 863; x_wconf 81' lang='grc' dir='ltr'>ρωσάσης,</span> <span class='ocrx_word' id='word_1_221' title='bbox 1191 827 1300 854; x_wconf 82' lang='grc' dir='ltr'>ὑπολύει</span> <span class='ocrx_word' id='word_1_222' title='bbox 1324 828 1345 843; x_wconf 81' lang='grc'><strong>²⁰</strong></span> <span class='ocrx_word' id='word_1_223' title='bbox 1371 827 1419 863; x_wconf 79' lang='grc' dir='ltr'><strong>μὲν</strong></span> <span class='ocrx_word' id='word_1_224' title='bbox 1443 827 1534 860; x_wconf 75' lang='grc' dir='ltr'>αὐτὸν,</span> <span class='ocrx_word' id='word_1_225' title='bbox 1558 828 1604 854; x_wconf 79' lang='grc' dir='ltr'><strong>καὶ</strong></span> <span class='ocrx_word' id='word_1_226' title='bbox 1620 829 1820 864; x_wconf 69' lang='grc' dir='ltr'><strong>ἀπαμφιέννυσι</strong></span> 
     </span>
    </p>
   </div>
   <div class='ocr_carea' id='block_1_38' title="bbox 1031 873 1821 911">
    <p class='ocr_par' dir='ltr' id='par_1_38' title="bbox 1031 873 1821 911">
     <span class='ocr_line' id='line_1_38' title="bbox 1031 873 1821 911; baseline 0.004 -12"><span class='ocrx_word' id='word_1_227' title='bbox 1031 873 1075 900; x_wconf 80' lang='grc' dir='ltr'><strong>διὰ</strong></span> <span class='ocrx_word' id='word_1_228' title='bbox 1091 873 1146 900; x_wconf 82' lang='grc' dir='ltr'>τῶν</span> <span class='ocrx_word' id='word_1_229' title='bbox 1159 873 1334 909; x_wconf 86' lang='grc' dir='ltr'>λειτουργῶν.</span> <span class='ocrx_word' id='word_1_230' title='bbox 1349 873 1415 900; x_wconf 84' lang='grc' dir='ltr'>Εἶτα</span> <span class='ocrx_word' id='word_1_231' title='bbox 1429 875 1529 909; x_wconf 79' lang='grc' dir='ltr'><strong>στήσας</strong></span> <span class='ocrx_word' id='word_1_232' title='bbox 1546 875 1591 900; x_wconf 78' lang='grc' dir='ltr'><strong>ἐπὶ</strong></span> <span class='ocrx_word' id='word_1_233' title='bbox 1610 874 1725 910; x_wconf 82' lang='grc' dir='ltr'>δυσμαῖς</span> <span class='ocrx_word' id='word_1_234' title='bbox 1739 884 1821 911; x_wconf 84' lang='grc' dir='ltr'>προσ-</span> 
     </span>
    </p>
   </div>
   <div class='ocr_carea' id='block_1_39' title="bbox 1032 919 1821 956">
    <p class='ocr_par' dir='ltr' id='par_1_39' title="bbox 1032 919 1821 956">
     <span class='ocr_line' id='line_1_39' title="bbox 1032 919 1821 956; baseline 0.003 -10"><span class='ocrx_word' id='word_1_235' title='bbox 1032 919 1144 955; x_wconf 86' lang='grc' dir='ltr'>έχοντα,</span> <span class='ocrx_word' id='word_1_236' title='bbox 1168 920 1214 946; x_wconf 80' lang='grc' dir='ltr'>καὶ</span> <span class='ocrx_word' id='word_1_237' title='bbox 1230 919 1282 951; x_wconf 78' lang='grc' dir='ltr'>τὰς</span> <span class='ocrx_word' id='word_1_238' title='bbox 1299 921 1390 956; x_wconf 82' lang='grc' dir='ltr'>χεῖρας</span> <span class='ocrx_word' id='word_1_239' title='bbox 1400 920 1561 947; x_wconf 77' lang='grc' dir='ltr'>ἀπωθοῦντα</span> <span class='ocrx_word' id='word_1_240' title='bbox 1579 921 1599 936; x_wconf 78' lang='grc'>¹¹</span> <span class='ocrx_word' id='word_1_241' title='bbox 1621 921 1689 956; x_wconf 81' lang='grc' dir='ltr'>πρὸς</span> <span class='ocrx_word' id='word_1_242' title='bbox 1705 921 1754 956; x_wconf 79' lang='grc' dir='ltr'><strong>τὴν</strong></span> <span class='ocrx_word' id='word_1_243' title='bbox 1774 922 1821 948; x_wconf 82' lang='grc' dir='ltr'><strong>αὐ-</strong></span> 
     </span>
    </p>
   </div>
   <div class='ocr_carea' id='block_1_40' title="bbox 1030 965 1821 1004">
    <p class='ocr_par' dir='ltr' id='par_1_40' title="bbox 1030 965 1821 1004">
     <span class='ocr_line' id='line_1_40' title="bbox 1030 965 1821 1004; baseline 0.003 -12"><span class='ocrx_word' id='word_1_244' title='bbox 1030 965 1079 1001; x_wconf 78' lang='grc' dir='ltr'><strong>τὴν</strong></span> <span class='ocrx_word' id='word_1_245' title='bbox 1092 966 1323 1002; x_wconf 80' lang='grc' dir='ltr'>ἀπεστραμμένας</span> <span class='ocrx_word' id='word_1_246' title='bbox 1333 967 1434 1003; x_wconf 87' lang='grc' dir='ltr'>χώραν,</span> <span class='ocrx_word' id='word_1_247' title='bbox 1445 967 1600 1003; x_wconf 77' lang='grc' dir='ltr'><strong>ἐμφυσῆσαι</strong></span> <span class='ocrx_word' id='word_1_248' title='bbox 1616 967 1665 1003; x_wconf 78' lang='grc' dir='ltr'>μὲν</span> <span class='ocrx_word' id='word_1_249' title='bbox 1674 967 1747 1004; x_wconf 87' lang='grc' dir='ltr'>αὑτῷ</span> <span class='ocrx_word' id='word_1_250' title='bbox 1762 968 1821 1004; x_wconf 82' lang='grc' dir='ltr'>τρὶς</span> 
     </span>
    </p>
   </div>
   <div class='ocr_carea' id='block_1_41' title="bbox 1031 1011 1821 1049">
    <p class='ocr_par' dir='ltr' id='par_1_41' title="bbox 1031 1011 1821 1049">
     <span class='ocr_line' id='line_1_41' title="bbox 1031 1011 1821 1049; baseline 0.001 -11"><span class='ocrx_word' id='word_1_251' title='bbox 1031 1011 1218 1039; x_wconf 82' lang='grc' dir='ltr'>διακελεύεται</span> <span class='ocrx_word' id='word_1_252' title='bbox 1230 1012 1268 1048; x_wconf 83' lang='grc' dir='ltr'><strong>τῷ</strong></span> <span class='ocrx_word' id='word_1_253' title='bbox 1280 1013 1396 1048; x_wconf 84' lang='grc' dir='ltr'><strong>Σατανᾷ,</strong></span> <span class='ocrx_word' id='word_1_254' title='bbox 1411 1013 1456 1039; x_wconf 75' lang='grc' dir='ltr'><strong>καὶ</strong></span> <span class='ocrx_word' id='word_1_255' title='bbox 1475 1012 1587 1048; x_wconf 82' lang='grc' dir='ltr'>προσέτι</span> <span class='ocrx_word' id='word_1_256' title='bbox 1604 1012 1639 1039; x_wconf 86' lang='grc' dir='ltr'>τὰ</span> <span class='ocrx_word' id='word_1_257' title='bbox 1653 1013 1704 1049; x_wconf 83' lang='grc' dir='ltr'><strong>τῆς</strong></span> <span class='ocrx_word' id='word_1_258' title='bbox 1720 1013 1821 1040; x_wconf 84' lang='grc' dir='ltr'>ἀποτα-</span> 
     </span>
    </p>
   </div>
   <div class='ocr_carea' id='block_1_42' title="bbox 1031 1057 1823 1094">
    <p class='ocr_par' dir='ltr' id='par_1_42' title="bbox 1031 1057 1823 1094">
     <span class='ocr_line' id='line_1_42' title="bbox 1031 1057 1823 1094; baseline 0.003 -11"><span class='ocrx_word' id='word_1_259' title='bbox 1031 1057 1251 1093; x_wconf 81' lang='grc' dir='ltr'>γῆςὸμολογῆσαι</span> <span class='ocrx_word' id='word_1_260' title='bbox 1261 1067 1267 1073; x_wconf 93' lang='grc'><strong>·</strong></span> <span class='ocrx_word' id='word_1_261' title='bbox 1279 1058 1325 1085; x_wconf 70' lang='grc' dir='ltr'>καὶ</span> <span class='ocrx_word' id='word_1_262' title='bbox 1334 1058 1395 1093; x_wconf 76' lang='grc' dir='ltr'>τρὶς</span> <span class='ocrx_word' id='word_1_263' title='bbox 1404 1058 1531 1094; x_wconf 76' lang='grc' dir='ltr'>αὐτῷτὴν</span> <span class='ocrx_word' id='word_1_264' title='bbox 1540 1059 1681 1094; x_wconf 81' lang='grc' dir='ltr'>ἀποταγὴν</span> <span class='ocrx_word' id='word_1_265' title='bbox 1689 1058 1823 1094; x_wconf 81' lang='grc' dir='ltr'>μαρτυρὸ-</span> 
     </span>
    </p>
   </div>
   <div class='ocr_carea' id='block_1_43' title="bbox 1033 1099 1822 1140">
    <p class='ocr_par' dir='ltr' id='par_1_43' title="bbox 1033 1099 1822 1140">
     <span class='ocr_line' id='line_1_43' title="bbox 1033 1099 1822 1140; baseline 0.003 -11"><span class='ocrx_word' id='word_1_266' title='bbox 1033 1112 1112 1139; x_wconf 86' lang='grc' dir='ltr'>μενος</span> <span class='ocrx_word' id='word_1_267' title='bbox 1131 1104 1162 1136; x_wconf 85' lang='grc'>¹¹,</span> <span class='ocrx_word' id='word_1_268' title='bbox 1183 1104 1386 1139; x_wconf 81' lang='grc' dir='ltr'>ὁμολογήσαντα</span> <span class='ocrx_word' id='word_1_269' title='bbox 1403 1105 1463 1140; x_wconf 72' lang='grc' dir='ltr'>τρὶς</span> <span class='ocrx_word' id='word_1_270' title='bbox 1479 1104 1558 1131; x_wconf 78' lang='grc' dir='ltr'>τοῦτο</span> <span class='ocrx_word' id='word_1_271' title='bbox 1578 1105 1609 1137; x_wconf 82' lang='grc'>¹³,</span> <span class='ocrx_word' id='word_1_272' title='bbox 1624 1105 1736 1140; x_wconf 84' lang='grc' dir='ltr'>μετάγει</span> <span class='ocrx_word' id='word_1_273' title='bbox 1754 1099 1822 1140; x_wconf 80' lang='grc' dir='ltr'>πρὸς</span> 
     </span>
    </p>
   </div>
   <div class='ocr_carea' id='block_1_44' title="bbox 1031 1149 1823 1187">
    <p class='ocr_par' dir='ltr' id='par_1_44' title="bbox 1031 1149 1823 1187">
     <span class='ocr_line' id='line_1_44' title="bbox 1031 1149 1823 1187; baseline 0.003 -12"><span class='ocrx_word' id='word_1_274' title='bbox 1031 1149 1128 1180; x_wconf 76' lang='grc' dir='ltr'>ἒω,καὶ</span> <span class='ocrx_word' id='word_1_275' title='bbox 1153 1150 1222 1185; x_wconf 78' lang='grc' dir='ltr'>πρὸς</span> <span class='ocrx_word' id='word_1_276' title='bbox 1243 1150 1355 1185; x_wconf 80' lang='grc' dir='ltr'>οὐρανὸν</span> <span class='ocrx_word' id='word_1_277' title='bbox 1377 1150 1575 1185; x_wconf 67' lang='grc' dir='ltr'>ἀναϐλέψαντα,</span> <span class='ocrx_word' id='word_1_278' title='bbox 1594 1151 1640 1177; x_wconf 73' lang='grc' dir='ltr'><strong>καὶ</strong></span> <span class='ocrx_word' id='word_1_279' title='bbox 1662 1151 1711 1182; x_wconf 79' lang='grc' dir='ltr'>τὰς</span> <span class='ocrx_word' id='word_1_280' title='bbox 1730 1152 1823 1187; x_wconf 81' lang='grc' dir='ltr'>χεῖρας</span> 
     </span>
    </p>
   </div>
   <div class='ocr_carea' id='block_1_45' title="bbox 1031 1195 1824 1233">
    <p class='ocr_par' dir='ltr' id='par_1_45' title="bbox 1031 1195 1824 1233">
     <span class='ocr_line' id='line_1_45' title="bbox 1031 1195 1824 1233; baseline 0.001 -10"><span class='ocrx_word' id='word_1_281' title='bbox 1031 1195 1225 1227; x_wconf 84' lang='grc' dir='ltr'>ἀνατείναντα,</span> <span class='ocrx_word' id='word_1_282' title='bbox 1250 1195 1356 1222; x_wconf 86' lang='grc' dir='ltr'>κελεύει</span> <span class='ocrx_word' id='word_1_283' title='bbox 1382 1196 1561 1229; x_wconf 73' lang='grc' dir='ltr'>ωντάξασοαι</span> <span class='ocrx_word' id='word_1_284' title='bbox 1582 1197 1621 1231; x_wconf 82' lang='grc' dir='ltr'><strong>τῷ</strong></span> <span class='ocrx_word' id='word_1_285' title='bbox 1645 1197 1754 1233; x_wconf 80' lang='grc' dir='ltr'>Χριστῷ</span> <span class='ocrx_word' id='word_1_286' title='bbox 1776 1197 1824 1224; x_wconf 78' lang='grc' dir='ltr'><strong>καὶ</strong></span> 
     </span>
    </p>
   </div>
   <div class='ocr_carea' id='block_1_46' title="bbox 1032 1241 1618 1278">
    <p class='ocr_par' dir='ltr' id='par_1_46' title="bbox 1032 1241 1618 1278">
     <span class='ocr_line' id='line_1_46' title="bbox 1032 1241 1618 1278; baseline 0.002 -10"><span class='ocrx_word' id='word_1_287' title='bbox 1032 1242 1132 1274; x_wconf 75' lang='grc' dir='ltr'>πάσαις</span> <span class='ocrx_word' id='word_1_288' title='bbox 1149 1243 1209 1274; x_wconf 86' lang='grc' dir='ltr'>ταῖς</span> <span class='ocrx_word' id='word_1_289' title='bbox 1226 1241 1434 1278; x_wconf 77' lang='grc' dir='ltr'>Θεοπαραδὰτοις</span> <span class='ocrx_word' id='word_1_290' title='bbox 1449 1242 1618 1278; x_wconf 72' lang='grc' dir='ltr'>ἱερολογίαις,</span> 
     </span>
    </p>
   </div>
   <div class='ocr_carea' id='block_1_47' title="bbox 954 1300 1052 1338">
    <p class='ocr_par' dir='ltr' id='par_1_47' title="bbox 954 1300 1052 1338">
     <span class='ocr_line' id='line_1_47' title="bbox 954 1300 1052 1338; baseline 0.02 -8"><span class='ocrx_word' id='word_1_291' title='bbox 954 1300 1052 1338; x_wconf 68' lang='lat' dir='ltr'><strong>gvn.</strong></span> 
     </span>
    </p>
   </div>
   <div class='ocr_carea' id='block_1_48' title="bbox 228 1362 976 1400">
    <p class='ocr_par' dir='ltr' id='par_1_48' title="bbox 228 1362 976 1400">
     <span class='ocr_line' id='line_1_48' title="bbox 228 1362 976 1400; baseline -0.004 -8"><span class='ocrx_word' id='word_1_292' title='bbox 228 1365 288 1400; x_wconf 86' lang='lat' dir='ltr'><strong>Quo</strong></span> <span class='ocrx_word' id='word_1_293' title='bbox 300 1364 384 1397; x_wconf 77' lang='lat' dir='ltr'><strong>facto,</strong></span> <span class='ocrx_word' id='word_1_294' title='bbox 401 1363 501 1391; x_wconf 79' lang='lat' dir='ltr'><strong>trinam</strong></span> <span class='ocrx_word' id='word_1_295' title='bbox 518 1363 555 1390; x_wconf 94' lang='lat' dir='ltr'><strong>illi</strong></span> <span class='ocrx_word' id='word_1_296' title='bbox 577 1363 665 1391; x_wconf 89' lang='lat' dir='ltr'><strong>denuo</strong></span> <span class='ocrx_word' id='word_1_297' title='bbox 690 1363 811 1398; x_wconf 73' lang='lat' dir='ltr'><strong>prrccipit</strong></span> <span class='ocrx_word' id='word_1_298' title='bbox 833 1362 976 1398; x_wconf 79' lang='lat' dir='ltr'><strong>professio-</strong></span> 
     </span>
    </p>
   </div>
   <div class='ocr_carea' id='block_1_49' title="bbox 193 1408 978 1444">
    <p class='ocr_par' dir='ltr' id='par_1_49' title="bbox 193 1408 978 1444">
     <span class='ocr_line' id='line_1_49' title="bbox 193 1408 978 1444; baseline -0.003 -6"><span class='ocrx_word' id='word_1_299' title='bbox 193 1417 266 1444; x_wconf 86' lang='lat' dir='ltr'><strong>nem,</strong></span> <span class='ocrx_word' id='word_1_300' title='bbox 283 1410 419 1444; x_wconf 85' lang='lat' dir='ltr'><strong>tertioque</strong></span> <span class='ocrx_word' id='word_1_301' title='bbox 440 1408 594 1444; x_wconf 77' lang='lat' dir='ltr'><strong>professum</strong></span> <span class='ocrx_word' id='word_1_302' title='bbox 615 1409 800 1437; x_wconf 81' lang='lat' dir='ltr'><strong>benedicendo</strong></span> <span class='ocrx_word' id='word_1_303' title='bbox 813 1409 919 1444; x_wconf 89' lang='lat' dir='ltr'><strong>recipit.</strong></span> <span class='ocrx_word' id='word_1_304' title='bbox 936 1410 978 1437; x_wconf 85' lang='lat' dir='ltr'><strong>ei-</strong></span> 
     </span>
    </p>
   </div>
   <div class='ocr_carea' id='block_1_50' title="bbox 192 1455 979 1492">
    <p class='ocr_par' dir='ltr' id='par_1_50' title="bbox 192 1455 979 1492">
     <span class='ocr_line' id='line_1_50' title="bbox 192 1455 979 1492; baseline -0.001 -9"><span class='ocrx_word' id='word_1_305' title='bbox 192 1463 246 1492; x_wconf 82' lang='lat' dir='ltr'><strong>que</strong></span> <span class='ocrx_word' id='word_1_306' title='bbox 269 1463 379 1483; x_wconf 87' lang='lat' dir='ltr'><strong>manum</strong></span> <span class='ocrx_word' id='word_1_307' title='bbox 398 1455 522 1490; x_wconf 87' lang='lat' dir='ltr'><strong>imponit.</strong></span> <span class='ocrx_word' id='word_1_308' title='bbox 549 1455 616 1482; x_wconf 91' lang='lat' dir='ltr'><strong>Dum</strong></span> <span class='ocrx_word' id='word_1_309' title='bbox 642 1463 708 1482; x_wconf 87' lang='lat' dir='ltr'><strong>vero</strong></span> <span class='ocrx_word' id='word_1_310' title='bbox 734 1455 849 1483; x_wconf 89' lang='lat' dir='ltr'><strong>ministri</strong></span> <span class='ocrx_word' id='word_1_311' title='bbox 873 1455 979 1490; x_wconf 83' lang='lat' dir='ltr'><strong>penitus</strong></span> 
     </span>
    </p>
   </div>
   <div class='ocr_carea' id='block_1_51' title="bbox 193 1501 980 1535">
    <p class='ocr_par' dir='ltr' id='par_1_51' title="bbox 193 1501 980 1535">
     <span class='ocr_line' id='line_1_51' title="bbox 193 1501 980 1535; baseline -0.004 -4"><span class='ocrx_word' id='word_1_312' title='bbox 193 1511 254 1531; x_wconf 84' lang='lat' dir='ltr'><strong>eum</strong></span> <span class='ocrx_word' id='word_1_313' title='bbox 262 1506 377 1535; x_wconf 82' lang='lat' dir='ltr'><strong>exuunt,</strong></span> <span class='ocrx_word' id='word_1_314' title='bbox 385 1509 493 1530; x_wconf 87' lang='lat' dir='ltr'><strong>sacrum</strong></span> <span class='ocrx_word' id='word_1_315' title='bbox 508 1502 643 1529; x_wconf 88' lang='lat' dir='ltr'><strong>ttnctionis</strong></span> <span class='ocrx_word' id='word_1_316' title='bbox 656 1502 744 1530; x_wconf 89' lang='lat' dir='ltr'><strong>oleum</strong></span> <span class='ocrx_word' id='word_1_317' title='bbox 759 1501 874 1530; x_wconf 84' lang='lat' dir='ltr'><strong>ail‘erunt</strong></span> <span class='ocrx_word' id='word_1_318' title='bbox 887 1510 980 1529; x_wconf 90' lang='lat' dir='ltr'><strong>sacer-</strong></span> 
     </span>
    </p>
   </div>
   <div class='ocr_carea' id='block_1_52' title="bbox 193 1549 980 1584">
    <p class='ocr_par' dir='ltr' id='par_1_52' title="bbox 193 1549 980 1584">
     <span class='ocr_line' id='line_1_52' title="bbox 193 1549 980 1584; baseline -0.003 -6"><span class='ocrx_word' id='word_1_319' title='bbox 193 1550 282 1578; x_wconf 81' lang='lat' dir='ltr'><strong>dotes.</strong></span> <span class='ocrx_word' id='word_1_320' title='bbox 296 1549 423 1582; x_wconf 79' lang='lat' dir='ltr'><strong>Pontjfex</strong></span> <span class='ocrx_word' id='word_1_321' title='bbox 437 1556 502 1577; x_wconf 88' lang='lat' dir='ltr'><strong>vero</strong></span> <span class='ocrx_word' id='word_1_322' title='bbox 525 1550 596 1577; x_wconf 90' lang='lat' dir='ltr'><strong>trino</strong></span> <span class='ocrx_word' id='word_1_323' title='bbox 618 1549 759 1584; x_wconf 82' lang='lat' dir='ltr'><strong>signaculo</strong></span> <span class='ocrx_word' id='word_1_324' title='bbox 780 1550 910 1577; x_wconf 86' lang='lat' dir='ltr'><strong>inchoans</strong></span> <span class='ocrx_word' id='word_1_325' title='bbox 929 1557 980 1576; x_wconf 93' lang='lat' dir='ltr'><strong>un-</strong></span> 
     </span>
    </p>
   </div>
   <div class='ocr_carea' id='block_1_53' title="bbox 193 1597 980 1632">
    <p class='ocr_par' dir='ltr' id='par_1_53' title="bbox 193 1597 980 1632">
     <span class='ocr_line' id='line_1_53' title="bbox 193 1597 980 1632; baseline -0.003 -6"><span class='ocrx_word' id='word_1_326' title='bbox 193 1599 326 1632; x_wconf 90' lang='lat' dir='ltr'><strong>ctionem,</strong></span> <span class='ocrx_word' id='word_1_327' title='bbox 341 1597 530 1626; x_wconf 82' lang='lat' dir='ltr'><strong>sacerdotibus</strong></span> <span class='ocrx_word' id='word_1_328' title='bbox 543 1598 680 1626; x_wconf 86' lang='lat' dir='ltr'><strong>hominem</strong></span> <span class='ocrx_word' id='word_1_329' title='bbox 696 1598 777 1625; x_wconf 83' lang='lat' dir='ltr'><strong>tradit</strong></span> <span class='ocrx_word' id='word_1_330' title='bbox 793 1603 850 1626; x_wconf 91' lang='lat' dir='ltr'><strong>toto</strong></span> <span class='ocrx_word' id='word_1_331' title='bbox 867 1605 980 1632; x_wconf 86' lang='lat' dir='ltr'><strong>corpore</strong></span> 
     </span>
    </p>
   </div>
   <div class='ocr_carea' id='block_1_54' title="bbox 192 1644 981 1681">
    <p class='ocr_par' dir='ltr' id='par_1_54' title="bbox 192 1644 981 1681">
     <span class='ocr_line' id='line_1_54' title="bbox 192 1644 981 1681; baseline -0.003 -8"><span class='ocrx_word' id='word_1_332' title='bbox 192 1644 456 1681; x_wconf 55' lang='lat' dir='ltr'><strong>inungendum;{ipse</strong></span> <span class='ocrx_word' id='word_1_333' title='bbox 465 1648 554 1672; x_wconf 88' lang='lat' dir='ltr'><strong>autem</strong></span> <span class='ocrx_word' id='word_1_334' title='bbox 564 1644 597 1672; x_wconf 86' lang='lat' dir='ltr'><strong>ad</strong></span> <span class='ocrx_word' id='word_1_335' title='bbox 608 1644 760 1679; x_wconf 85' lang='lat' dir='ltr'><strong>adoptionis</strong></span> <span class='ocrx_word' id='word_1_336' title='bbox 770 1649 880 1672; x_wconf 88' lang='lat' dir='ltr'><strong>matrem</strong></span> <span class='ocrx_word' id='word_1_337' title='bbox 889 1645 927 1679; x_wconf 92' lang='lat' dir='ltr'><strong>(id</strong></span> <span class='ocrx_word' id='word_1_338' title='bbox 939 1649 981 1672; x_wconf 86' lang='lat' dir='ltr'><strong>est</strong></span> 
     </span>
    </p>
   </div>
   <div class='ocr_carea' id='block_1_55' title="bbox 192 1690 978 1727">
    <p class='ocr_par' dir='ltr' id='par_1_55' title="bbox 192 1690 978 1727">
     <span class='ocr_line' id='line_1_55' title="bbox 192 1690 978 1727; baseline -0.004 -8"><span class='ocrx_word' id='word_1_339' title='bbox 192 1691 307 1727; x_wconf 77' lang='lat' dir='ltr'><strong>fontem)</strong></span> <span class='ocrx_word' id='word_1_340' title='bbox 321 1691 409 1725; x_wconf 87' lang='lat' dir='ltr'><strong>vadit;</strong></span> <span class='ocrx_word' id='word_1_341' title='bbox 441 1691 517 1725; x_wconf 86' lang='lat' dir='ltr'><strong>cujus</strong></span> <span class='ocrx_word' id='word_1_342' title='bbox 544 1698 629 1726; x_wconf 81' lang='lat' dir='ltr'><strong>aquas</strong></span> <span class='ocrx_word' id='word_1_343' title='bbox 643 1695 785 1726; x_wconf 84' lang='lat' dir='ltr'><strong>postquam</strong></span> <span class='ocrx_word' id='word_1_344' title='bbox 802 1691 887 1718; x_wconf 84' lang='lat' dir='ltr'><strong>sacris</strong></span> <span class='ocrx_word' id='word_1_345' title='bbox 901 1690 978 1718; x_wconf 88' lang='lat' dir='ltr'><strong>invo-</strong></span> 
     </span>
    </p>
   </div>
   <div class='ocr_carea' id='block_1_56' title="bbox 192 1736 979 1770">
    <p class='ocr_par' dir='ltr' id='par_1_56' title="bbox 192 1736 979 1770">
     <span class='ocr_line' id='line_1_56' title="bbox 192 1736 979 1770; baseline -0.005 -4"><span class='ocrx_word' id='word_1_346' title='bbox 192 1738 348 1768; x_wconf 81' lang='lat' dir='ltr'><strong>cationibus</strong></span> <span class='ocrx_word' id='word_1_347' title='bbox 364 1737 560 1770; x_wconf 79' lang='lat' dir='ltr'><strong>sanctiﬁcavit,</strong></span> <span class='ocrx_word' id='word_1_348' title='bbox 576 1745 626 1764; x_wconf 82' lang='lat' dir='ltr'><strong>nec</strong></span> <span class='ocrx_word' id='word_1_349' title='bbox 641 1745 693 1764; x_wconf 92' lang='lat' dir='ltr'><strong>non</strong></span> <span class='ocrx_word' id='word_1_350' title='bbox 717 1737 803 1764; x_wconf 90' lang='lat' dir='ltr'><strong>tribus</strong></span> <span class='ocrx_word' id='word_1_351' title='bbox 826 1736 979 1763; x_wconf 85' lang='lat' dir='ltr'><strong>sacratissi-</strong></span> 
     </span>
    </p>
   </div>
   <div class='ocr_carea' id='block_1_57' title="bbox 192 1781 978 1819">
    <p class='ocr_par' dir='ltr' id='par_1_57' title="bbox 192 1781 978 1819">
     <span class='ocr_line' id='line_1_57' title="bbox 192 1781 978 1819; baseline -0.006 -7"><span class='ocrx_word' id='word_1_352' title='bbox 192 1784 232 1811; x_wconf 89' lang='lat' dir='ltr'><strong>mi</strong></span> <span class='ocrx_word' id='word_1_353' title='bbox 259 1784 388 1819; x_wconf 69' lang='lat' dir='ltr'><strong>unguenti</strong></span> <span class='ocrx_word' id='word_1_354' title='bbox 418 1784 508 1811; x_wconf 83' lang='lat' dir='ltr'><strong>crucis</strong></span> <span class='ocrx_word' id='word_1_355' title='bbox 536 1782 622 1811; x_wconf 80' lang='lat' dir='ltr'><strong>forma</strong></span> <span class='ocrx_word' id='word_1_356' title='bbox 648 1781 841 1815; x_wconf 73' lang='lat' dir='ltr'><strong>atfusionibus,</strong></span> <span class='ocrx_word' id='word_1_357' title='bbox 867 1781 978 1809; x_wconf 81' lang='lat' dir='ltr'><strong>totidem</strong></span> 
     </span>
    </p>
   </div>
   <div class='ocr_carea' id='block_1_58' title="bbox 191 1827 980 1866">
    <p class='ocr_par' dir='ltr' id='par_1_58' title="bbox 191 1827 980 1866">
     <span class='ocr_line' id='line_1_58' title="bbox 191 1827 980 1866; baseline -0.004 -9"><span class='ocrx_word' id='word_1_358' title='bbox 191 1830 263 1858; x_wconf 80' lang='lat' dir='ltr'><strong>sacri</strong></span> <span class='ocrx_word' id='word_1_359' title='bbox 288 1830 419 1866; x_wconf 81' lang='lat' dir='ltr'><strong>unguenti</strong></span> <span class='ocrx_word' id='word_1_360' title='bbox 443 1829 659 1865; x_wconf 87' lang='lat' dir='ltr'><strong>appositionibus</strong></span> <span class='ocrx_word' id='word_1_361' title='bbox 692 1833 895 1856; x_wconf 85' lang='lat' dir='ltr'><strong>sacrosanctum</strong></span> <span class='ocrx_word' id='word_1_362' title='bbox 923 1827 980 1854; x_wconf 86' lang='lat' dir='ltr'><strong>Deo</strong></span> 
     </span>
    </p>
   </div>
   <div class='ocr_carea' id='block_1_59' title="bbox 192 1873 980 1911">
    <p class='ocr_par' dir='ltr' id='par_1_59' title="bbox 192 1873 980 1911">
     <span class='ocr_line' id='line_1_59' title="bbox 192 1873 980 1911; baseline -0.005 -8"><span class='ocrx_word' id='word_1_363' title='bbox 192 1875 343 1904; x_wconf 77' lang='lat' dir='ltr'><strong>nlllatorum</strong></span> <span class='ocrx_word' id='word_1_364' title='bbox 365 1876 559 1911; x_wconf 75' lang='lat' dir='ltr'><strong>prophetarum</strong></span> <span class='ocrx_word' id='word_1_365' title='bbox 583 1875 682 1902; x_wconf 80' lang='lat' dir='ltr'><strong>divinzc</strong></span> <span class='ocrx_word' id='word_1_366' title='bbox 703 1873 879 1909; x_wconf 84' lang='lat' dir='ltr'><strong>aspirationis</strong></span> <span class='ocrx_word' id='word_1_367' title='bbox 902 1874 980 1908; x_wconf 81' lang='lat' dir='ltr'><strong>hym-</strong></span> 
     </span>
    </p>
   </div>
   <div class='ocr_carea' id='block_1_60' title="bbox 191 1919 979 1953">
    <p class='ocr_par' dir='ltr' id='par_1_60' title="bbox 191 1919 979 1953">
     <span class='ocr_line' id='line_1_60' title="bbox 191 1919 979 1953; baseline -0.008 -3"><span class='ocrx_word' id='word_1_368' title='bbox 191 1930 258 1950; x_wconf 86' lang='lat' dir='ltr'><strong>num</strong></span> <span class='ocrx_word' id='word_1_369' title='bbox 286 1922 479 1953; x_wconf 89' lang='lat' dir='ltr'><strong>concinendo,</strong></span> <span class='ocrx_word' id='word_1_370' title='bbox 517 1920 710 1952; x_wconf 87' lang='lat' dir='ltr'><strong>consecravit,</strong></span> <span class='ocrx_word' id='word_1_371' title='bbox 755 1919 851 1946; x_wconf 87' lang='lat' dir='ltr'><strong>adduci</strong></span> <span class='ocrx_word' id='word_1_372' title='bbox 891 1919 979 1944; x_wconf 83' lang='lat' dir='ltr'><strong>virum</strong></span> 
     </span>
    </p>
   </div>
   <div class='ocr_carea' id='block_1_61' title="bbox 190 1964 978 2004">
    <p class='ocr_par' dir='ltr' id='par_1_61' title="bbox 190 1964 978 2004">
     <span class='ocr_line' id='line_1_61' title="bbox 190 1964 978 2004; baseline -0.006 -8"><span class='ocrx_word' id='word_1_373' title='bbox 190 1968 287 2004; x_wconf 82' lang='lat' dir='ltr'><strong>jubet;</strong></span> <span class='ocrx_word' id='word_1_374' title='bbox 321 1975 355 1995; x_wconf 92' lang='lat' dir='ltr'><strong>ac</strong></span> <span class='ocrx_word' id='word_1_375' title='bbox 398 1966 540 1995; x_wconf 85' lang='lat' dir='ltr'><strong>sacerdote</strong></span> <span class='ocrx_word' id='word_1_376' title='bbox 574 1965 699 2000; x_wconf 85' lang='lat' dir='ltr'><strong>quopiam</strong></span> <span class='ocrx_word' id='word_1_377' title='bbox 737 1972 752 1992; x_wconf 90' lang='lat' dir='ltr'><strong>e</strong></span> <span class='ocrx_word' id='word_1_378' title='bbox 782 1964 884 1999; x_wconf 82' lang='lat' dir='ltr'><strong>scripto</strong></span> <span class='ocrx_word' id='word_1_379' title='bbox 916 1971 978 1992; x_wconf 91' lang='lat' dir='ltr'><strong>cutn</strong></span> 
     </span>
    </p>
   </div>
   <div class='ocr_carea' id='block_1_62' title="bbox 191 2011 978 2050">
    <p class='ocr_par' dir='ltr' id='par_1_62' title="bbox 191 2011 978 2050">
     <span class='ocr_line' id='line_1_62' title="bbox 191 2011 978 2050; baseline -0.003 -8"><span class='ocrx_word' id='word_1_380' title='bbox 191 2015 281 2050; x_wconf 83' lang='lat' dir='ltr'><strong>ipsum</strong></span> <span class='ocrx_word' id='word_1_381' title='bbox 309 2019 365 2042; x_wconf 91' lang='lat' dir='ltr'><strong>tum</strong></span> <span class='ocrx_word' id='word_1_382' title='bbox 388 2017 575 2048; x_wconf 85' lang='lat' dir='ltr'><strong>susceptorem</strong></span> <span class='ocrx_word' id='word_1_383' title='bbox 606 2011 809 2046; x_wconf 82' lang='lat' dir='ltr'><strong>proclamante,</strong></span> <span class='ocrx_word' id='word_1_384' title='bbox 831 2011 978 2040; x_wconf 85' lang='lat' dir='ltr'><strong>initiandus</strong></span> 
     </span>
    </p>
   </div>
   <div class='ocr_carea' id='block_1_63' title="bbox 191 2059 977 2093">
    <p class='ocr_par' dir='ltr' id='par_1_63' title="bbox 191 2059 977 2093">
     <span class='ocr_line' id='line_1_63' title="bbox 191 2059 977 2093; baseline -0.003 -5"><span class='ocrx_word' id='word_1_385' title='bbox 191 2061 362 2088; x_wconf 87' lang='lat' dir='ltr'><strong>sacerdotum</strong></span> <span class='ocrx_word' id='word_1_386' title='bbox 376 2059 501 2087; x_wconf 84' lang='lat' dir='ltr'><strong>manibus</strong></span> <span class='ocrx_word' id='word_1_387' title='bbox 515 2059 544 2086; x_wconf 92' lang='lat' dir='ltr'><strong>in</strong></span> <span class='ocrx_word' id='word_1_388' title='bbox 568 2065 667 2093; x_wconf 89' lang='lat' dir='ltr'><strong>aquam</strong></span> <span class='ocrx_word' id='word_1_389' title='bbox 691 2059 801 2086; x_wconf 88' lang='lat' dir='ltr'><strong>ducitur</strong></span> <span class='ocrx_word' id='word_1_390' title='bbox 823 2059 855 2085; x_wconf 90' lang='lat' dir='ltr'><strong>ad</strong></span> <span class='ocrx_word' id='word_1_391' title='bbox 868 2066 977 2086; x_wconf 85' lang='lat' dir='ltr'><strong>manum</strong></span> 
     </span>
    </p>
   </div>
   <div class='ocr_carea' id='block_1_64' title="bbox 191 2105 977 2142">
    <p class='ocr_par' dir='ltr' id='par_1_64' title="bbox 191 2105 977 2142">
     <span class='ocr_line' id='line_1_64' title="bbox 191 2105 977 2142; baseline -0.003 -9"><span class='ocrx_word' id='word_1_392' title='bbox 191 2106 350 2142; x_wconf 83' lang='lat' dir='ltr'><strong>pontiﬁcis:</strong></span> <span class='ocrx_word' id='word_1_393' title='bbox 368 2106 415 2141; x_wconf 94' lang='lat' dir='ltr'><strong>qui</strong></span> <span class='ocrx_word' id='word_1_394' title='bbox 432 2112 550 2140; x_wconf 87' lang='lat' dir='ltr'><strong>superne</strong></span> <span class='ocrx_word' id='word_1_395' title='bbox 573 2109 678 2138; x_wconf 86' lang='lat' dir='ltr'><strong>astans,</strong></span> <span class='ocrx_word' id='word_1_396' title='bbox 701 2105 746 2132; x_wconf 87' lang='lat' dir='ltr'><strong>ubi</strong></span> <span class='ocrx_word' id='word_1_397' title='bbox 770 2105 923 2133; x_wconf 86' lang='lat' dir='ltr'><strong>sacerdotes</strong></span> <span class='ocrx_word' id='word_1_398' title='bbox 937 2112 977 2131; x_wconf 91' lang='lat' dir='ltr'><strong>se-</strong></span> 
     </span>
    </p>
   </div>
   <div class='ocr_carea' id='block_1_65' title="bbox 1067 1363 1825 1400">
    <p class='ocr_par' dir='ltr' id='par_1_65' title="bbox 1067 1363 1825 1400">
     <span class='ocr_line' id='line_1_65' title="bbox 1067 1363 1825 1400; baseline 0.003 -11"><span class='ocrx_word' id='word_1_399' title='bbox 1067 1363 1120 1389; x_wconf 79' lang='grc' dir='ltr'><strong>Τοῦ</strong></span> <span class='ocrx_word' id='word_1_400' title='bbox 1140 1363 1168 1389; x_wconf 83' lang='grc' dir='ltr'><strong>δὲ</strong></span> <span class='ocrx_word' id='word_1_401' title='bbox 1188 1363 1234 1390; x_wconf 72' lang='grc' dir='ltr'><strong>καὶ</strong></span> <span class='ocrx_word' id='word_1_402' title='bbox 1250 1363 1331 1390; x_wconf 85' lang='grc' dir='ltr'>τοῦτο</span> <span class='ocrx_word' id='word_1_403' title='bbox 1349 1363 1539 1399; x_wconf 81' lang='grc' dir='ltr'>πεποιηκότος,</span> <span class='ocrx_word' id='word_1_404' title='bbox 1559 1363 1726 1400; x_wconf 77' lang='grc' dir='ltr'>μαρτύρεται</span> <span class='ocrx_word' id='word_1_405' title='bbox 1743 1365 1825 1392; x_wconf 76' lang='grc' dir='ltr'>πάλιν</span> 
     </span>
    </p>
   </div>
   <div class='ocr_carea' id='block_1_66' title="bbox 1031 1409 1826 1447">
    <p class='ocr_par' dir='ltr' id='par_1_66' title="bbox 1031 1409 1826 1447">
     <span class='ocr_line' id='line_1_66' title="bbox 1031 1409 1826 1447; baseline 0.003 -11"><span class='ocrx_word' id='word_1_406' title='bbox 1031 1409 1105 1445; x_wconf 75' lang='grc' dir='ltr'>αὐτῷ</span> <span class='ocrx_word' id='word_1_407' title='bbox 1121 1410 1182 1446; x_wconf 79' lang='grc' dir='ltr'>τρὶς</span> <span class='ocrx_word' id='word_1_408' title='bbox 1198 1410 1248 1445; x_wconf 88' lang='grc' dir='ltr'>τὴν</span> <span class='ocrx_word' id='word_1_409' title='bbox 1259 1410 1404 1446; x_wconf 84' lang='grc' dir='ltr'>ὁμολογίαν</span> <span class='ocrx_word' id='word_1_410' title='bbox 1414 1418 1420 1423; x_wconf 92' lang='grc'><strong>·</strong></span> <span class='ocrx_word' id='word_1_411' title='bbox 1440 1411 1486 1437; x_wconf 79' lang='grc' dir='ltr'>καὶ</span> <span class='ocrx_word' id='word_1_412' title='bbox 1499 1409 1579 1437; x_wconf 84' lang='grc' dir='ltr'>πάλιν</span> <span class='ocrx_word' id='word_1_413' title='bbox 1596 1411 1678 1437; x_wconf 72' lang='grc' dir='ltr'>αὐτοῦ</span> <span class='ocrx_word' id='word_1_414' title='bbox 1690 1411 1750 1446; x_wconf 77' lang='grc' dir='ltr'>τρὶς</span> <span class='ocrx_word' id='word_1_415' title='bbox 1763 1412 1826 1447; x_wconf 75' lang='grc' dir='ltr'>ὁμο-</span> 
     </span>
    </p>
   </div>
   <div class='ocr_carea' id='block_1_67' title="bbox 995 1456 1826 1500">
    <p class='ocr_par' dir='ltr' id='par_1_67' title="bbox 995 1456 1826 1500">
     <span class='ocr_line' id='line_1_67' title="bbox 995 1456 1826 1500; baseline 0.004 -18"><span class='ocrx_word' id='word_1_416' title='bbox 995 1470 1016 1500; x_wconf 79' lang='lat' dir='ltr'><strong>C</strong></span> <span class='ocrx_word' id='word_1_417' title='bbox 1030 1456 1204 1491; x_wconf 79' lang='grc' dir='ltr'>λογήσαντος,</span> <span class='ocrx_word' id='word_1_418' title='bbox 1219 1456 1401 1492; x_wconf 78' lang='grc' dir='ltr'>ἐπευξάμενος</span> <span class='ocrx_word' id='word_1_419' title='bbox 1417 1456 1521 1490; x_wconf 82' lang='grc' dir='ltr'>εὐλογεῖ</span> <span class='ocrx_word' id='word_1_420' title='bbox 1537 1456 1584 1482; x_wconf 70' lang='grc' dir='ltr'><strong>καὶ</strong></span> <span class='ocrx_word' id='word_1_421' title='bbox 1600 1456 1759 1493; x_wconf 77' lang='grc' dir='ltr'>χειροθετεῖ.</span> <span class='ocrx_word' id='word_1_422' title='bbox 1770 1458 1826 1485; x_wconf 75' lang='grc' dir='ltr'><strong>Καὶ</strong></span> 
     </span>
    </p>
   </div>
   <div class='ocr_carea' id='block_1_68' title="bbox 1031 1501 1826 1540">
    <p class='ocr_par' dir='ltr' id='par_1_68' title="bbox 1031 1501 1826 1540">
     <span class='ocr_line' id='line_1_68' title="bbox 1031 1501 1826 1540; baseline 0.004 -13"><span class='ocrx_word' id='word_1_423' title='bbox 1031 1501 1140 1533; x_wconf 79' lang='grc' dir='ltr'>τελείως</span> <span class='ocrx_word' id='word_1_424' title='bbox 1157 1502 1390 1537; x_wconf 73' lang='grc' dir='ltr'>ἀπαμφιεσάντων</span> <span class='ocrx_word' id='word_1_425' title='bbox 1403 1503 1483 1529; x_wconf 81' lang='grc' dir='ltr'>αὑτὸν</span> <span class='ocrx_word' id='word_1_426' title='bbox 1495 1503 1549 1529; x_wconf 85' lang='grc' dir='ltr'><strong>τῶν</strong></span> <span class='ocrx_word' id='word_1_427' title='bbox 1561 1503 1734 1539; x_wconf 81' lang='grc' dir='ltr'>λειτουργῶν,</span> <span class='ocrx_word' id='word_1_428' title='bbox 1746 1505 1826 1540; x_wconf 86' lang='grc' dir='ltr'>κομί-</span> 
     </span>
    </p>
   </div>
   <div class='ocr_carea' id='block_1_69' title="bbox 1031 1548 1824 1584">
    <p class='ocr_par' dir='ltr' id='par_1_69' title="bbox 1031 1548 1824 1584">
     <span class='ocr_line' id='line_1_69' title="bbox 1031 1548 1824 1584; baseline 0.003 -10"><span class='ocrx_word' id='word_1_429' title='bbox 1031 1548 1105 1580; x_wconf 78' lang='grc' dir='ltr'>ζουσι</span> <span class='ocrx_word' id='word_1_430' title='bbox 1116 1548 1164 1584; x_wconf 84' lang='grc' dir='ltr'>μὲν</span> <span class='ocrx_word' id='word_1_431' title='bbox 1177 1548 1202 1574; x_wconf 77' lang='grc' dir='ltr'>οἱ</span> <span class='ocrx_word' id='word_1_432' title='bbox 1227 1549 1310 1584; x_wconf 73' lang='grc' dir='ltr'>ἱερεῖς</span> <span class='ocrx_word' id='word_1_433' title='bbox 1327 1549 1357 1575; x_wconf 82' lang='grc' dir='ltr'><strong>τὸ</strong></span> <span class='ocrx_word' id='word_1_434' title='bbox 1376 1549 1425 1584; x_wconf 83' lang='grc' dir='ltr'>τῆς</span> <span class='ocrx_word' id='word_1_435' title='bbox 1443 1549 1560 1584; x_wconf 84' lang='grc' dir='ltr'>χρίσεως</span> <span class='ocrx_word' id='word_1_436' title='bbox 1577 1550 1653 1583; x_wconf 74' lang='grc' dir='ltr'>ἅγιον</span> <span class='ocrx_word' id='word_1_437' title='bbox 1671 1549 1768 1576; x_wconf 75' lang='grc' dir='ltr'>ἔλαιον.</span> <span class='ocrx_word' id='word_1_438' title='bbox 1794 1550 1824 1576; x_wconf 88' lang='grc'><strong>’0</strong></span> 
     </span>
    </p>
   </div>
   <div class='ocr_carea' id='block_1_70' title="bbox 1030 1594 1823 1631">
    <p class='ocr_par' dir='ltr' id='par_1_70' title="bbox 1030 1594 1823 1631">
     <span class='ocr_line' id='line_1_70' title="bbox 1030 1594 1823 1631; baseline 0.001 -10"><span class='ocrx_word' id='word_1_439' title='bbox 1030 1595 1058 1621; x_wconf 80' lang='grc' dir='ltr'><strong>δὲ</strong></span> <span class='ocrx_word' id='word_1_440' title='bbox 1072 1595 1122 1630; x_wconf 86' lang='grc' dir='ltr'>τῆς</span> <span class='ocrx_word' id='word_1_441' title='bbox 1133 1595 1250 1630; x_wconf 77' lang='grc' dir='ltr'>κρίσεως</span> <span class='ocrx_word' id='word_1_442' title='bbox 1266 1594 1310 1621; x_wconf 85' lang='grc' dir='ltr'>διὰ</span> <span class='ocrx_word' id='word_1_443' title='bbox 1325 1595 1372 1621; x_wconf 80' lang='grc' dir='ltr'>τοῦ</span> <span class='ocrx_word' id='word_1_444' title='bbox 1391 1596 1539 1631; x_wconf 74' lang='grc' dir='ltr'>σφραγίσαι</span> <span class='ocrx_word' id='word_1_445' title='bbox 1550 1596 1610 1631; x_wconf 75' lang='grc' dir='ltr'>τρὶς</span> <span class='ocrx_word' id='word_1_446' title='bbox 1619 1595 1823 1631; x_wconf 80' lang='grc' dir='ltr'>ἀπαρξάμενος,</span> 
     </span>
    </p>
   </div>
   <div class='ocr_carea' id='block_1_71' title="bbox 1029 1640 1825 1678">
    <p class='ocr_par' dir='ltr' id='par_1_71' title="bbox 1029 1640 1825 1678">
     <span class='ocr_line' id='line_1_71' title="bbox 1029 1640 1825 1678; baseline 0.003 -11"><span class='ocrx_word' id='word_1_447' title='bbox 1029 1641 1059 1667; x_wconf 82' lang='grc' dir='ltr'><strong>τὸ</strong></span> <span class='ocrx_word' id='word_1_448' title='bbox 1075 1640 1167 1667; x_wconf 86' lang='grc' dir='ltr'>λοιπὸν</span> <span class='ocrx_word' id='word_1_449' title='bbox 1187 1642 1244 1673; x_wconf 84' lang='grc' dir='ltr'>τοῖς</span> <span class='ocrx_word' id='word_1_450' title='bbox 1264 1641 1364 1677; x_wconf 86' lang='grc' dir='ltr'>ίερεῦσι</span> <span class='ocrx_word' id='word_1_451' title='bbox 1381 1641 1426 1668; x_wconf 82' lang='grc' dir='ltr'>τὸν</span> <span class='ocrx_word' id='word_1_452' title='bbox 1446 1642 1529 1677; x_wconf 77' lang='grc' dir='ltr'>ἄνδρα</span> <span class='ocrx_word' id='word_1_453' title='bbox 1548 1643 1641 1678; x_wconf 85' lang='grc' dir='ltr'>χρῖσαι</span> <span class='ocrx_word' id='word_1_454' title='bbox 1667 1641 1825 1678; x_wconf 85' lang='grc' dir='ltr'>πανσώμως</span> 
     </span>
    </p>
   </div>
   <div class='ocr_carea' id='block_1_72' title="bbox 1030 1687 1825 1724">
    <p class='ocr_par' dir='ltr' id='par_1_72' title="bbox 1030 1687 1825 1724">
     <span class='ocr_line' id='line_1_72' title="bbox 1030 1687 1825 1724; baseline 0 -10"><span class='ocrx_word' id='word_1_455' title='bbox 1030 1688 1177 1723; x_wconf 77' lang='grc' dir='ltr'>παραδοὺς,</span> <span class='ocrx_word' id='word_1_456' title='bbox 1194 1688 1274 1719; x_wconf 81' lang='grc' dir='ltr'>αὐτὸς</span> <span class='ocrx_word' id='word_1_457' title='bbox 1285 1689 1332 1715; x_wconf 74' lang='grc' dir='ltr'>ἐπὶ</span> <span class='ocrx_word' id='word_1_458' title='bbox 1352 1689 1401 1724; x_wconf 82' lang='grc' dir='ltr'>τὴν</span> <span class='ocrx_word' id='word_1_459' title='bbox 1423 1688 1528 1724; x_wconf 87' lang='grc' dir='ltr'>μητέρα</span> <span class='ocrx_word' id='word_1_460' title='bbox 1545 1688 1596 1722; x_wconf 80' lang='grc' dir='ltr'>τῆς</span> <span class='ocrx_word' id='word_1_461' title='bbox 1620 1687 1754 1719; x_wconf 76' lang='grc' dir='ltr'>υἱοθεσίας</span> <span class='ocrx_word' id='word_1_462' title='bbox 1776 1688 1825 1723; x_wconf 83' lang='grc' dir='ltr'><strong>ἔρ-</strong></span> 
     </span>
    </p>
   </div>
   <div class='ocr_carea' id='block_1_73' title="bbox 1029 1733 1825 1771">
    <p class='ocr_par' dir='ltr' id='par_1_73' title="bbox 1029 1733 1825 1771">
     <span class='ocr_line' id='line_1_73' title="bbox 1029 1733 1825 1771; baseline 0.005 -13"><span class='ocrx_word' id='word_1_463' title='bbox 1029 1741 1116 1767; x_wconf 82' lang='grc' dir='ltr'>χεται,</span> <span class='ocrx_word' id='word_1_464' title='bbox 1137 1733 1183 1760; x_wconf 80' lang='grc' dir='ltr'>καὶ</span> <span class='ocrx_word' id='word_1_465' title='bbox 1205 1733 1236 1761; x_wconf 82' lang='grc' dir='ltr'>τὸ</span> <span class='ocrx_word' id='word_1_466' title='bbox 1257 1734 1360 1770; x_wconf 78' lang='grc' dir='ltr'>ταύτης</span> <span class='ocrx_word' id='word_1_467' title='bbox 1382 1734 1453 1770; x_wconf 77' lang='grc' dir='ltr'>ὕδωρ</span> <span class='ocrx_word' id='word_1_468' title='bbox 1474 1737 1534 1767; x_wconf 87' lang='grc' dir='ltr'>ταῖς</span> <span class='ocrx_word' id='word_1_469' title='bbox 1559 1735 1644 1771; x_wconf 79' lang='grc' dir='ltr'>ἱεραῖς</span> <span class='ocrx_word' id='word_1_470' title='bbox 1664 1736 1825 1771; x_wconf 67' lang='grc' dir='ltr'>ἐπικλήσεσι</span> 
     </span>
    </p>
   </div>
   <div class='ocr_carea' id='block_1_74' title="bbox 1030 1778 1828 1816">
    <p class='ocr_par' dir='ltr' id='par_1_74' title="bbox 1030 1778 1828 1816">
     <span class='ocr_line' id='line_1_74' title="bbox 1030 1778 1828 1816; baseline 0.005 -12"><span class='ocrx_word' id='word_1_471' title='bbox 1030 1778 1208 1813; x_wconf 77' lang='grc' dir='ltr'>καθαγιάσας,</span> <span class='ocrx_word' id='word_1_472' title='bbox 1221 1780 1268 1806; x_wconf 75' lang='grc' dir='ltr'><strong>καὶ</strong></span> <span class='ocrx_word' id='word_1_473' title='bbox 1279 1780 1352 1814; x_wconf 82' lang='grc' dir='ltr'>τρισὶ</span> <span class='ocrx_word' id='word_1_474' title='bbox 1364 1779 1410 1806; x_wconf 82' lang='grc' dir='ltr'>τοῦ</span> <span class='ocrx_word' id='word_1_475' title='bbox 1424 1781 1628 1815; x_wconf 86' lang='grc' dir='ltr'>παναγεστάτου</span> <span class='ocrx_word' id='word_1_476' title='bbox 1642 1781 1728 1816; x_wconf 81' lang='grc' dir='ltr'>μύρου</span> <span class='ocrx_word' id='word_1_477' title='bbox 1740 1789 1828 1808; x_wconf 78' lang='grc' dir='ltr'>σταυ-</span> 
     </span>
    </p>
   </div>
   <div class='ocr_carea' id='block_1_75' title="bbox 1031 1824 1824 1863">
    <p class='ocr_par' dir='ltr' id='par_1_75' title="bbox 1031 1824 1824 1863">
     <span class='ocr_line' id='line_1_75' title="bbox 1031 1824 1824 1863; baseline 0.004 -13"><span class='ocrx_word' id='word_1_478' title='bbox 1031 1824 1144 1860; x_wconf 82' lang='grc' dir='ltr'>ροειδέσι</span> <span class='ocrx_word' id='word_1_479' title='bbox 1161 1825 1256 1860; x_wconf 84' lang='grc' dir='ltr'>χύσεσι</span> <span class='ocrx_word' id='word_1_480' title='bbox 1273 1825 1418 1858; x_wconf 86' lang='grc' dir='ltr'>τελειώσας</span> <span class='ocrx_word' id='word_1_481' title='bbox 1434 1826 1510 1858; x_wconf 80' lang='grc' dir='ltr'>αὐτὸ,</span> <span class='ocrx_word' id='word_1_482' title='bbox 1525 1827 1571 1853; x_wconf 77' lang='grc' dir='ltr'><strong>καὶ</strong></span> <span class='ocrx_word' id='word_1_483' title='bbox 1586 1828 1647 1858; x_wconf 86' lang='grc' dir='ltr'>ταῖς</span> <span class='ocrx_word' id='word_1_484' title='bbox 1668 1826 1715 1853; x_wconf 84' lang='grc' dir='ltr'>τοῦ</span> <span class='ocrx_word' id='word_1_485' title='bbox 1734 1827 1824 1863; x_wconf 86' lang='grc' dir='ltr'>μύρου</span> 
     </span>
    </p>
   </div>
   <div class='ocr_carea' id='block_1_76' title="bbox 1029 1871 1825 1909">
    <p class='ocr_par' dir='ltr' id='par_1_76' title="bbox 1029 1871 1825 1909">
     <span class='ocr_line' id='line_1_76' title="bbox 1029 1871 1825 1909; baseline 0.004 -12"><span class='ocrx_word' id='word_1_486' title='bbox 1029 1871 1169 1907; x_wconf 82' lang='grc' dir='ltr'>πανιέροις</span> <span class='ocrx_word' id='word_1_487' title='bbox 1181 1872 1321 1905; x_wconf 79' lang='grc' dir='ltr'>ἐπιϐολαῖς</span> <span class='ocrx_word' id='word_1_488' title='bbox 1339 1873 1489 1909; x_wconf 74' lang='grc' dir='ltr'>ἰσαρίθμως</span> <span class='ocrx_word' id='word_1_489' title='bbox 1503 1874 1534 1900; x_wconf 77' lang='grc' dir='ltr'>τὸ</span> <span class='ocrx_word' id='word_1_490' title='bbox 1549 1874 1619 1909; x_wconf 82' lang='grc' dir='ltr'>ἱερὸν</span> <span class='ocrx_word' id='word_1_491' title='bbox 1631 1874 1681 1908; x_wconf 80' lang='grc' dir='ltr'>τῆς</span> <span class='ocrx_word' id='word_1_492' title='bbox 1697 1874 1751 1901; x_wconf 81' lang='grc' dir='ltr'>τῶν</span> <span class='ocrx_word' id='word_1_493' title='bbox 1764 1873 1825 1901; x_wconf 84' lang='grc' dir='ltr'>θεο-</span> 
     </span>
    </p>
   </div>
   <div class='ocr_carea' id='block_1_77' title="bbox 1029 1916 1825 1954">
    <p class='ocr_par' dir='ltr' id='par_1_77' title="bbox 1029 1916 1825 1954">
     <span class='ocr_line' id='line_1_77' title="bbox 1029 1916 1825 1954; baseline 0.005 -12"><span class='ocrx_word' id='word_1_494' title='bbox 1029 1916 1138 1952; x_wconf 81' lang='grc' dir='ltr'>λήπτων</span> <span class='ocrx_word' id='word_1_495' title='bbox 1155 1918 1302 1954; x_wconf 82' lang='grc' dir='ltr'>προφητῶν</span> <span class='ocrx_word' id='word_1_496' title='bbox 1323 1918 1465 1951; x_wconf 71' lang='grc' dir='ltr'>ἐπιπνοίας</span> <span class='ocrx_word' id='word_1_497' title='bbox 1480 1918 1627 1954; x_wconf 79' lang='grc' dir='ltr'>μελῴδημα</span> <span class='ocrx_word' id='word_1_498' title='bbox 1641 1919 1825 1954; x_wconf 76' lang='grc' dir='ltr'>συνεπιφθεγ-</span> 
     </span>
    </p>
   </div>
   <div class='ocr_carea' id='block_1_78' title="bbox 1030 1961 1826 2000">
    <p class='ocr_par' dir='ltr' id='par_1_78' title="bbox 1030 1961 1826 2000">
     <span class='ocr_line' id='line_1_78' title="bbox 1030 1961 1826 2000; baseline 0.005 -12"><span class='ocrx_word' id='word_1_499' title='bbox 1030 1961 1154 1998; x_wconf 83' lang='grc' dir='ltr'>ξάμενος,</span> <span class='ocrx_word' id='word_1_500' title='bbox 1173 1963 1278 1990; x_wconf 86' lang='grc' dir='ltr'>κελεύει</span> <span class='ocrx_word' id='word_1_501' title='bbox 1294 1963 1339 1990; x_wconf 72' lang='grc' dir='ltr'><strong>τὸν</strong></span> <span class='ocrx_word' id='word_1_502' title='bbox 1351 1963 1436 2000; x_wconf 77' lang='grc' dir='ltr'>ἄνδρα</span> <span class='ocrx_word' id='word_1_503' title='bbox 1453 1964 1687 2000; x_wconf 59' lang='grc' dir='ltr'>προηομισθῆναι</span> <span class='ocrx_word' id='word_1_504' title='bbox 1698 1974 1704 1980; x_wconf 88' lang='grc'>·</span> <span class='ocrx_word' id='word_1_505' title='bbox 1721 1965 1767 1992; x_wconf 85' lang='grc' dir='ltr'><strong>καί</strong></span> <span class='ocrx_word' id='word_1_506' title='bbox 1785 1975 1826 1992; x_wconf 87' lang='grc' dir='ltr'>τι-</span> 
     </span>
    </p>
   </div>
   <div class='ocr_carea' id='block_1_79' title="bbox 1028 2009 1826 2046">
    <p class='ocr_par' dir='ltr' id='par_1_79' title="bbox 1028 2009 1826 2046">
     <span class='ocr_line' id='line_1_79' title="bbox 1028 2009 1826 2046; baseline 0.006 -12"><span class='ocrx_word' id='word_1_507' title='bbox 1028 2017 1073 2040; x_wconf 83' lang='grc' dir='ltr'><strong>νος</strong></span> <span class='ocrx_word' id='word_1_508' title='bbox 1086 2009 1180 2044; x_wconf 83' lang='grc' dir='ltr'>ἱερέως</span> <span class='ocrx_word' id='word_1_509' title='bbox 1193 2010 1225 2036; x_wconf 79' lang='grc' dir='ltr'>ἐκ</span> <span class='ocrx_word' id='word_1_510' title='bbox 1244 2010 1295 2044; x_wconf 76' lang='grc' dir='ltr'>τῆς</span> <span class='ocrx_word' id='word_1_511' title='bbox 1308 2010 1470 2046; x_wconf 70' lang='grc' dir='ltr'>ἀπογραφῆς</span> <span class='ocrx_word' id='word_1_512' title='bbox 1483 2011 1566 2037; x_wconf 81' lang='grc' dir='ltr'>αὐτόν</span> <span class='ocrx_word' id='word_1_513' title='bbox 1583 2019 1612 2037; x_wconf 88' lang='grc' dir='ltr'><strong>τε</strong></span> <span class='ocrx_word' id='word_1_514' title='bbox 1633 2012 1679 2037; x_wconf 75' lang='grc' dir='ltr'>καὶ</span> <span class='ocrx_word' id='word_1_515' title='bbox 1698 2011 1742 2038; x_wconf 77' lang='grc' dir='ltr'><strong>τὸν</strong></span> <span class='ocrx_word' id='word_1_516' title='bbox 1756 2013 1826 2040; x_wconf 76' lang='grc' dir='ltr'><strong>ἀνά-</strong></span> 
     </span>
    </p>
   </div>
   <div class='ocr_carea' id='block_1_80' title="bbox 1028 2054 1824 2092">
    <p class='ocr_par' dir='ltr' id='par_1_80' title="bbox 1028 2054 1824 2092">
     <span class='ocr_line' id='line_1_80' title="bbox 1028 2054 1824 2092; baseline 0.004 -11"><span class='ocrx_word' id='word_1_517' title='bbox 1028 2054 1104 2090; x_wconf 83' lang='grc' dir='ltr'>δοχον</span> <span class='ocrx_word' id='word_1_518' title='bbox 1117 2055 1346 2091; x_wconf 79' lang='grc' dir='ltr'>ἀνακηρύξαντος,</span> <span class='ocrx_word' id='word_1_519' title='bbox 1360 2056 1374 2082; x_wconf 74' lang='grc' dir='ltr'>ὁ</span> <span class='ocrx_word' id='word_1_520' title='bbox 1393 2056 1441 2091; x_wconf 84' lang='grc' dir='ltr'>μὲν</span> <span class='ocrx_word' id='word_1_521' title='bbox 1454 2056 1505 2082; x_wconf 73' lang='grc' dir='ltr'><strong>ὑπὸ</strong></span> <span class='ocrx_word' id='word_1_522' title='bbox 1521 2055 1576 2083; x_wconf 81' lang='grc' dir='ltr'>τῶν</span> <span class='ocrx_word' id='word_1_523' title='bbox 1599 2056 1693 2092; x_wconf 79' lang='grc' dir='ltr'>ἱερέων</span> <span class='ocrx_word' id='word_1_524' title='bbox 1707 2057 1753 2083; x_wconf 73' lang='grc' dir='ltr'>ἐπὶ</span> <span class='ocrx_word' id='word_1_525' title='bbox 1773 2058 1824 2085; x_wconf 82' lang='grc' dir='ltr'>τοῦ</span> 
     </span>
    </p>
   </div>
   <div class='ocr_carea' id='block_1_81' title="bbox 1030 2101 1824 2140">
    <p class='ocr_par' dir='ltr' id='par_1_81' title="bbox 1030 2101 1824 2140">
     <span class='ocr_line' id='line_1_81' title="bbox 1030 2101 1824 2140; baseline 0.004 -13"><span class='ocrx_word' id='word_1_526' title='bbox 1030 2101 1125 2134; x_wconf 75' lang='grc' dir='ltr'>ὕδατος</span> <span class='ocrx_word' id='word_1_527' title='bbox 1144 2101 1249 2136; x_wconf 79' lang='grc' dir='ltr'>ἄγεται,</span> <span class='ocrx_word' id='word_1_528' title='bbox 1269 2102 1336 2138; x_wconf 81' lang='grc' dir='ltr'>πρὸς</span> <span class='ocrx_word' id='word_1_529' title='bbox 1355 2102 1405 2137; x_wconf 82' lang='grc' dir='ltr'>τὴν</span> <span class='ocrx_word' id='word_1_530' title='bbox 1428 2102 1476 2128; x_wconf 84' lang='grc' dir='ltr'>τοῦ</span> <span class='ocrx_word' id='word_1_531' title='bbox 1503 2103 1629 2138; x_wconf 84' lang='grc' dir='ltr'>ἱεράρχου</span> <span class='ocrx_word' id='word_1_532' title='bbox 1651 2105 1728 2139; x_wconf 85' lang='grc' dir='ltr'>χεῖρα</span> <span class='ocrx_word' id='word_1_533' title='bbox 1751 2105 1824 2140; x_wconf 67' lang='grc' dir='ltr'>πρὸς</span> 
     </span>
    </p>
   </div>
   <div class='ocr_carea' id='block_1_82' title="bbox 192 2144 979 2187">
    <p class='ocr_par' dir='ltr' id='par_1_82' title="bbox 192 2150 976 2187">
     <span class='ocr_line' id='line_1_82' title="bbox 192 2150 976 2187; baseline -0.005 -7"><span class='ocrx_word' id='word_1_534' title='bbox 192 2152 311 2180; x_wconf 89' lang='lat' dir='ltr'><strong>cundum</strong></span> <span class='ocrx_word' id='word_1_535' title='bbox 334 2158 429 2187; x_wconf 89' lang='lat' dir='ltr'><strong>aquas,</strong></span> <span class='ocrx_word' id='word_1_536' title='bbox 445 2158 540 2179; x_wconf 88' lang='lat' dir='ltr'><strong>versus</strong></span> <span class='ocrx_word' id='word_1_537' title='bbox 562 2150 715 2186; x_wconf 81' lang='lat' dir='ltr'><strong>pontiﬁcem</strong></span> <span class='ocrx_word' id='word_1_538' title='bbox 737 2150 862 2177; x_wconf 85' lang='lat' dir='ltr'><strong>initiandi</strong></span> <span class='ocrx_word' id='word_1_539' title='bbox 880 2158 976 2177; x_wconf 81' lang='lat' dir='ltr'><strong>nomen</strong></span> 
     </span>
    </p>
   </div>
   <div class='ocr_carea' id='block_1_83' title="bbox 1032 2144 1824 2187">
    <p class='ocr_par' dir='ltr' id='par_1_83' title="bbox 1032 2147 1824 2185">
     <span class='ocr_line' id='line_1_83' title="bbox 1032 2147 1824 2185; baseline 0.004 -11"><span class='ocrx_word' id='word_1_540' title='bbox 1032 2147 1108 2174; x_wconf 77' lang='grc' dir='ltr'>αὑτὸν</span> <span class='ocrx_word' id='word_1_541' title='bbox 1131 2148 1382 2184; x_wconf 78' lang='grc' dir='ltr'>χειραγωγούμενος</span> <span class='ocrx_word' id='word_1_542' title='bbox 1407 2148 1447 2164; x_wconf 69' lang='grc' dir='ltr'><strong>ίδ·</strong></span> <span class='ocrx_word' id='word_1_543' title='bbox 1473 2149 1487 2175; x_wconf 80' lang='grc' dir='ltr'>ὁ</span> <span class='ocrx_word' id='word_1_544' title='bbox 1506 2149 1535 2175; x_wconf 79' lang='grc' dir='ltr'><strong>δὲ</strong></span> <span class='ocrx_word' id='word_1_545' title='bbox 1559 2149 1690 2185; x_wconf 80' lang='grc' dir='ltr'>ίεράρχης</span> <span class='ocrx_word' id='word_1_546' title='bbox 1716 2150 1824 2178; x_wconf 75' lang='grc' dir='ltr'>ἄνωθεν</span> 
     </span>
    </p>
   </div>
   <div class='ocr_carea' id='block_1_84' title="bbox 190 2195 978 2232">
    <p class='ocr_par' dir='ltr' id='par_1_84' title="bbox 190 2195 978 2232">
     <span class='ocr_line' id='line_1_84' title="bbox 190 2195 978 2232; baseline -0.006 -7"><span class='ocrx_word' id='word_1_547' title='bbox 190 2197 408 2232; x_wconf 83' lang='lat' dir='ltr'><strong>proclamarunt,</strong></span> <span class='ocrx_word' id='word_1_548' title='bbox 424 2201 466 2224; x_wconf 90' lang='lat' dir='ltr'><strong>ter</strong></span> <span class='ocrx_word' id='word_1_549' title='bbox 477 2204 539 2223; x_wconf 88' lang='lat' dir='ltr'><strong>eum</strong></span> <span class='ocrx_word' id='word_1_550' title='bbox 555 2195 702 2231; x_wconf 79' lang='lat' dir='ltr'><strong>immergit,</strong></span> <span class='ocrx_word' id='word_1_551' title='bbox 715 2195 767 2222; x_wconf 87' lang='lat' dir='ltr'><strong>sub</strong></span> <span class='ocrx_word' id='word_1_552' title='bbox 781 2199 884 2222; x_wconf 89' lang='lat' dir='ltr'><strong>ternam</strong></span> <span class='ocrx_word' id='word_1_553' title='bbox 900 2195 978 2221; x_wconf 90' lang='lat' dir='ltr'><strong>istam</strong></span> 
     </span>
    </p>
   </div>
   <div class='ocr_carea' id='block_1_85' title="bbox 192 2241 978 2276">
    <p class='ocr_par' dir='ltr' id='par_1_85' title="bbox 192 2241 978 2276">
     <span class='ocr_line' id='line_1_85' title="bbox 192 2241 978 2276; baseline -0.004 -6"><span class='ocrx_word' id='word_1_554' title='bbox 192 2243 397 2271; x_wconf 89' lang='lat' dir='ltr'><strong>itnmersionem</strong></span> <span class='ocrx_word' id='word_1_555' title='bbox 411 2247 494 2276; x_wconf 87' lang='lat' dir='ltr'><strong>atque</strong></span> <span class='ocrx_word' id='word_1_556' title='bbox 519 2241 702 2269; x_wconf 89' lang='lat' dir='ltr'><strong>emersionem</strong></span> <span class='ocrx_word' id='word_1_557' title='bbox 717 2247 772 2268; x_wconf 90' lang='lat' dir='ltr'><strong>tres</strong></span> <span class='ocrx_word' id='word_1_558' title='bbox 793 2241 890 2268; x_wconf 74' lang='lat' dir='ltr'><strong>divinae</strong></span> <span class='ocrx_word' id='word_1_559' title='bbox 913 2241 978 2267; x_wconf 88' lang='lat' dir='ltr'><strong>bea-</strong></span> 
     </span>
    </p>
   </div>
   <div class='ocr_carea' id='block_1_86' title="bbox 194 2287 979 2322">
    <p class='ocr_par' dir='ltr' id='par_1_86' title="bbox 194 2287 979 2322">
     <span class='ocr_line' id='line_1_86' title="bbox 194 2287 979 2322; baseline -0.003 -6"><span class='ocrx_word' id='word_1_560' title='bbox 194 2289 320 2317; x_wconf 85' lang='lat' dir='ltr'><strong>titudinis</strong></span> <span class='ocrx_word' id='word_1_561' title='bbox 349 2288 485 2316; x_wconf 84' lang='lat' dir='ltr'><strong>Personas</strong></span> <span class='ocrx_word' id='word_1_562' title='bbox 516 2287 678 2315; x_wconf 87' lang='lat' dir='ltr'><strong>invocando.</strong></span> <span class='ocrx_word' id='word_1_563' title='bbox 708 2287 784 2315; x_wconf 86' lang='lat' dir='ltr'><strong>Tunc</strong></span> <span class='ocrx_word' id='word_1_564' title='bbox 813 2287 979 2322; x_wconf 78' lang='lat' dir='ltr'><strong>excipientes</strong></span> 
     </span>
    </p>
   </div>
   <div class='ocr_carea' id='block_1_87' title="bbox 192 2333 979 2368">
    <p class='ocr_par' dir='ltr' id='par_1_87' title="bbox 192 2333 979 2368">
     <span class='ocr_line' id='line_1_87' title="bbox 192 2333 979 2368; baseline -0.004 -6"><span class='ocrx_word' id='word_1_565' title='bbox 192 2341 255 2363; x_wconf 90' lang='lat' dir='ltr'><strong>eum</strong></span> <span class='ocrx_word' id='word_1_566' title='bbox 270 2334 363 2362; x_wconf 64' lang='lat' dir='ltr'><strong>caeteri</strong></span> <span class='ocrx_word' id='word_1_567' title='bbox 383 2333 551 2366; x_wconf 88' lang='lat' dir='ltr'><strong>sacerdotes,</strong></span> <span class='ocrx_word' id='word_1_568' title='bbox 566 2333 678 2360; x_wconf 88' lang='lat' dir='ltr'><strong>tradunt</strong></span> <span class='ocrx_word' id='word_1_569' title='bbox 689 2334 838 2368; x_wconf 86' lang='lat' dir='ltr'><strong>susceptori</strong></span> <span class='ocrx_word' id='word_1_570' title='bbox 861 2340 907 2360; x_wconf 84' lang='lat' dir='ltr'><strong>seu</strong></span> <span class='ocrx_word' id='word_1_571' title='bbox 930 2333 979 2359; x_wconf 87' lang='lat' dir='ltr'><strong>atl-</strong></span> 
     </span>
    </p>
   </div>
   <div class='ocr_carea' id='block_1_88' title="bbox 193 2379 977 2412">
    <p class='ocr_par' dir='ltr' id='par_1_88' title="bbox 193 2379 977 2412">
     <span class='ocr_line' id='line_1_88' title="bbox 193 2379 977 2412; baseline -0.003 -5"><span class='ocrx_word' id='word_1_572' title='bbox 193 2379 333 2407; x_wconf 89' lang='lat' dir='ltr'><strong>missionis</strong></span> <span class='ocrx_word' id='word_1_573' title='bbox 349 2379 472 2412; x_wconf 82' lang='lat' dir='ltr'><strong>auctori,</strong></span> <span class='ocrx_word' id='word_1_574' title='bbox 497 2383 525 2407; x_wconf 90' lang='lat' dir='ltr'><strong>et</strong></span> <span class='ocrx_word' id='word_1_575' title='bbox 549 2379 595 2407; x_wconf 92' lang='lat' dir='ltr'><strong>ubi</strong></span> <span class='ocrx_word' id='word_1_576' title='bbox 622 2387 674 2406; x_wconf 89' lang='lat' dir='ltr'><strong>una</strong></span> <span class='ocrx_word' id='word_1_577' title='bbox 698 2386 760 2406; x_wconf 92' lang='lat' dir='ltr'><strong>cum</strong></span> <span class='ocrx_word' id='word_1_578' title='bbox 782 2387 815 2406; x_wconf 89' lang='lat' dir='ltr'><strong>eo</strong></span> <span class='ocrx_word' id='word_1_579' title='bbox 841 2379 977 2406; x_wconf 87' lang='lat' dir='ltr'><strong>initiatum</strong></span> 
     </span>
    </p>
   </div>
   <div class='ocr_carea' id='block_1_89' title="bbox 192 2424 978 2460">
    <p class='ocr_par' dir='ltr' id='par_1_89' title="bbox 192 2424 978 2460">
     <span class='ocr_line' id='line_1_89' title="bbox 192 2424 978 2460; baseline -0.001 -8"><span class='ocrx_word' id='word_1_580' title='bbox 192 2428 268 2452; x_wconf 83' lang='lat' dir='ltr'><strong>veste</strong></span> <span class='ocrx_word' id='word_1_581' title='bbox 281 2431 401 2460; x_wconf 83' lang='lat' dir='ltr'><strong>cOngrua</strong></span> <span class='ocrx_word' id='word_1_582' title='bbox 415 2424 606 2457; x_wconf 83' lang='lat' dir='ltr'><strong>amiciverunt,</strong></span> <span class='ocrx_word' id='word_1_583' title='bbox 621 2432 716 2453; x_wconf 84' lang='lat' dir='ltr'><strong>rursus</strong></span> <span class='ocrx_word' id='word_1_584' title='bbox 735 2424 810 2452; x_wconf 89' lang='lat' dir='ltr'><strong>illum</strong></span> <span class='ocrx_word' id='word_1_585' title='bbox 828 2425 862 2452; x_wconf 88' lang='lat' dir='ltr'><strong>ad</strong></span> <span class='ocrx_word' id='word_1_586' title='bbox 887 2425 978 2460; x_wconf 88' lang='lat' dir='ltr'><strong>ponti-</strong></span> 
     </span>
    </p>
   </div>
   <div class='ocr_carea' id='block_1_90' title="bbox 194 2470 977 2505">
    <p class='ocr_par' dir='ltr' id='par_1_90' title="bbox 194 2470 977 2505">
     <span class='ocr_line' id='line_1_90' title="bbox 194 2470 977 2505; baseline 0 -7"><span class='ocrx_word' id='word_1_587' title='bbox 194 2471 272 2499; x_wconf 84' lang='lat' dir='ltr'><strong>ﬁcem</strong></span> <span class='ocrx_word' id='word_1_588' title='bbox 297 2471 399 2499; x_wconf 90' lang='lat' dir='ltr'><strong>ducunt</strong></span> <span class='ocrx_word' id='word_1_589' title='bbox 418 2479 426 2498; x_wconf 85' lang='lat'><strong><em>:</em></strong></span> <span class='ocrx_word' id='word_1_590' title='bbox 448 2470 506 2505; x_wconf 86' lang='lat' dir='ltr'><strong>qui,</strong></span> <span class='ocrx_word' id='word_1_591' title='bbox 524 2471 653 2498; x_wconf 88' lang='lat' dir='ltr'><strong>divinitus</strong></span> <span class='ocrx_word' id='word_1_592' title='bbox 675 2475 784 2499; x_wconf 85' lang='lat' dir='ltr'><strong>sacrato</strong></span> <span class='ocrx_word' id='word_1_593' title='bbox 806 2471 866 2499; x_wconf 87' lang='lat' dir='ltr'><strong>oleo</strong></span> <span class='ocrx_word' id='word_1_594' title='bbox 890 2472 977 2499; x_wconf 89' lang='lat' dir='ltr'><strong>virum</strong></span> 
     </span>
    </p>
   </div>
   <div class='ocr_carea' id='block_1_91' title="bbox 194 2516 979 2554">
    <p class='ocr_par' dir='ltr' id='par_1_91' title="bbox 194 2516 979 2554">
     <span class='ocr_line' id='line_1_91' title="bbox 194 2516 979 2554; baseline 0 -9"><span class='ocrx_word' id='word_1_595' title='bbox 194 2517 369 2551; x_wconf 77' lang='lat' dir='ltr'><strong>consignans,</strong></span> <span class='ocrx_word' id='word_1_596' title='bbox 383 2523 565 2546; x_wconf 71' lang='lat' dir='ltr'><strong>sacrosanctae</strong></span> <span class='ocrx_word' id='word_1_597' title='bbox 577 2516 753 2546; x_wconf 70' lang='lat' dir='ltr'><strong>Eucharistiae</strong></span> <span class='ocrx_word' id='word_1_598' title='bbox 762 2518 920 2554; x_wconf 85' lang='lat' dir='ltr'><strong>participem</strong></span> <span class='ocrx_word' id='word_1_599' title='bbox 932 2519 979 2546; x_wconf 88' lang='lat' dir='ltr'><strong>de-</strong></span> 
     </span>
    </p>
   </div>
   <div class='ocr_carea' id='block_1_92' title="bbox 194 2563 291 2592">
    <p class='ocr_par' dir='ltr' id='par_1_92' title="bbox 194 2563 291 2592">
     <span class='ocr_line' id='line_1_92' title="bbox 194 2563 291 2592; baseline 0 0"><span class='ocrx_word' id='word_1_600' title='bbox 194 2563 291 2592; x_wconf 85' lang='lat' dir='ltr'><strong>clarat.</strong></span> 
     </span>
    </p>
   </div>
   <div class='ocr_carea' id='block_1_93' title="bbox 1028 2193 1826 2232">
    <p class='ocr_par' dir='ltr' id='par_1_93' title="bbox 1028 2193 1826 2232">
     <span class='ocr_line' id='line_1_93' title="bbox 1028 2193 1826 2232; baseline 0.004 -12"><span class='ocrx_word' id='word_1_601' title='bbox 1028 2193 1160 2229; x_wconf 82' lang='grc' dir='ltr'>ἑστηκὼς,</span> <span class='ocrx_word' id='word_1_602' title='bbox 1175 2194 1382 2230; x_wconf 78' lang='grc' dir='ltr'>ἀναϐοησάντων</span> <span class='ocrx_word' id='word_1_603' title='bbox 1394 2194 1473 2221; x_wconf 81' lang='grc' dir='ltr'>πάλιν</span> <span class='ocrx_word' id='word_1_604' title='bbox 1485 2195 1531 2221; x_wconf 71' lang='grc' dir='ltr'>ἐπὶ</span> <span class='ocrx_word' id='word_1_605' title='bbox 1547 2195 1593 2222; x_wconf 84' lang='grc' dir='ltr'>τοῦ</span> <span class='ocrx_word' id='word_1_606' title='bbox 1609 2196 1735 2232; x_wconf 82' lang='grc' dir='ltr'>ίεράρχου</span> <span class='ocrx_word' id='word_1_607' title='bbox 1749 2197 1826 2224; x_wconf 70' lang='grc' dir='ltr'>κατὰ</span> 
     </span>
    </p>
   </div>
   <div class='ocr_carea' id='block_1_94' title="bbox 1027 2240 1826 2280">
    <p class='ocr_par' dir='ltr' id='par_1_94' title="bbox 1027 2240 1826 2280">
     <span class='ocr_line' id='line_1_94' title="bbox 1027 2240 1826 2280; baseline 0.005 -14"><span class='ocrx_word' id='word_1_608' title='bbox 1027 2240 1057 2266; x_wconf 83' lang='grc' dir='ltr'>τὸ</span> <span class='ocrx_word' id='word_1_609' title='bbox 1069 2240 1140 2276; x_wconf 75' lang='grc' dir='ltr'>ὕδωρ</span> <span class='ocrx_word' id='word_1_610' title='bbox 1155 2241 1186 2267; x_wconf 83' lang='grc' dir='ltr'><strong>τὸ</strong></span> <span class='ocrx_word' id='word_1_611' title='bbox 1202 2241 1287 2277; x_wconf 84' lang='grc' dir='ltr'>ὄνομα</span> <span class='ocrx_word' id='word_1_612' title='bbox 1307 2241 1355 2268; x_wconf 79' lang='grc' dir='ltr'><strong>τοῦ</strong></span> <span class='ocrx_word' id='word_1_613' title='bbox 1372 2241 1532 2276; x_wconf 80' lang='grc' dir='ltr'>τελουμένου</span> <span class='ocrx_word' id='word_1_614' title='bbox 1552 2242 1607 2268; x_wconf 86' lang='grc' dir='ltr'>τῶν</span> <span class='ocrx_word' id='word_1_615' title='bbox 1630 2243 1734 2277; x_wconf 86' lang='grc' dir='ltr'>ἱερέων,</span> <span class='ocrx_word' id='word_1_616' title='bbox 1759 2244 1826 2280; x_wconf 77' lang='grc' dir='ltr'>τρὶς</span> 
     </span>
    </p>
   </div>
   <div class='ocr_carea' id='block_1_95' title="bbox 1030 2286 1825 2324">
    <p class='ocr_par' dir='ltr' id='par_1_95' title="bbox 1030 2286 1825 2324">
     <span class='ocr_line' id='line_1_95' title="bbox 1030 2286 1825 2324; baseline 0.004 -11"><span class='ocrx_word' id='word_1_617' title='bbox 1030 2287 1078 2322; x_wconf 85' lang='grc' dir='ltr'><strong>μὲν</strong></span> <span class='ocrx_word' id='word_1_618' title='bbox 1093 2287 1174 2314; x_wconf 82' lang='grc' dir='ltr'>αὐτὸν</span> <span class='ocrx_word' id='word_1_619' title='bbox 1190 2288 1204 2314; x_wconf 80' lang='grc' dir='ltr'>ὁ</span> <span class='ocrx_word' id='word_1_620' title='bbox 1218 2287 1348 2323; x_wconf 84' lang='grc' dir='ltr'>ἱερὰρχης</span> <span class='ocrx_word' id='word_1_621' title='bbox 1363 2286 1498 2322; x_wconf 80' lang='grc' dir='ltr'>βαπτίζει,</span> <span class='ocrx_word' id='word_1_622' title='bbox 1510 2289 1570 2320; x_wconf 84' lang='grc' dir='ltr'>ταῖς</span> <span class='ocrx_word' id='word_1_623' title='bbox 1582 2289 1656 2324; x_wconf 74' lang='grc' dir='ltr'>τρισὶ</span> <span class='ocrx_word' id='word_1_624' title='bbox 1667 2289 1714 2315; x_wconf 79' lang='grc' dir='ltr'>τοῦ</span> <span class='ocrx_word' id='word_1_625' title='bbox 1727 2289 1825 2317; x_wconf 85' lang='grc' dir='ltr'>τελου-</span> 
     </span>
    </p>
   </div>
   <div class='ocr_carea' id='block_1_96' title="bbox 1029 2333 1823 2370">
    <p class='ocr_par' dir='ltr' id='par_1_96' title="bbox 1029 2333 1823 2370">
     <span class='ocr_line' id='line_1_96' title="bbox 1029 2333 1823 2370; baseline 0.004 -11"><span class='ocrx_word' id='word_1_626' title='bbox 1029 2333 1110 2368; x_wconf 87' lang='grc' dir='ltr'>μένου</span> <span class='ocrx_word' id='word_1_627' title='bbox 1122 2333 1284 2360; x_wconf 83' lang='grc' dir='ltr'>καταδύσεσι</span> <span class='ocrx_word' id='word_1_628' title='bbox 1298 2334 1344 2360; x_wconf 80' lang='grc' dir='ltr'>καὶ</span> <span class='ocrx_word' id='word_1_629' title='bbox 1355 2333 1498 2360; x_wconf 83' lang='grc' dir='ltr'>ἀναδύσεσι</span> <span class='ocrx_word' id='word_1_630' title='bbox 1505 2335 1553 2370; x_wconf 86' lang='grc' dir='ltr'><strong>τὴν</strong></span> <span class='ocrx_word' id='word_1_631' title='bbox 1566 2335 1680 2370; x_wconf 84' lang='grc' dir='ltr'>τρισσὴν</span> <span class='ocrx_word' id='word_1_632' title='bbox 1686 2335 1736 2370; x_wconf 84' lang='grc' dir='ltr'><strong>τῆς</strong></span> <span class='ocrx_word' id='word_1_633' title='bbox 1743 2336 1823 2368; x_wconf 80' lang='grc' dir='ltr'>Θείας</span> 
     </span>
    </p>
   </div>
   <div class='ocr_carea' id='block_1_97' title="bbox 1032 2379 1823 2417">
    <p class='ocr_par' dir='ltr' id='par_1_97' title="bbox 1032 2379 1823 2417">
     <span class='ocr_line' id='line_1_97' title="bbox 1032 2379 1823 2417; baseline 0.004 -11"><span class='ocrx_word' id='word_1_634' title='bbox 1032 2379 1229 2416; x_wconf 85' lang='grc' dir='ltr'>μακαριότητος</span> <span class='ocrx_word' id='word_1_635' title='bbox 1247 2380 1395 2416; x_wconf 75' lang='grc' dir='ltr'>ὲπιὸοήσας</span> <span class='ocrx_word' id='word_1_636' title='bbox 1418 2380 1591 2407; x_wconf 48' lang='lat' dir='ltr'><strong>Titio-tactv.</strong></span> <span class='ocrx_word' id='word_1_637' title='bbox 1609 2381 1823 2417; x_wconf 78' lang='grc' dir='ltr'>Παραλαϐόντες</span> 
     </span>
    </p>
   </div>
   <div class='ocr_carea' id='block_1_98' title="bbox 1029 2427 1822 2465">
    <p class='ocr_par' dir='ltr' id='par_1_98' title="bbox 1029 2427 1822 2465">
     <span class='ocr_line' id='line_1_98' title="bbox 1029 2427 1822 2465; baseline 0.004 -12"><span class='ocrx_word' id='word_1_638' title='bbox 1029 2427 1057 2454; x_wconf 84' lang='grc' dir='ltr'><strong>δὲ</strong></span> <span class='ocrx_word' id='word_1_639' title='bbox 1072 2427 1151 2454; x_wconf 71' lang='grc' dir='ltr'>αὐτὸν</span> <span class='ocrx_word' id='word_1_640' title='bbox 1166 2428 1218 2454; x_wconf 71' lang='lat' dir='ltr'><strong>“ot</strong></span> <span class='ocrx_word' id='word_1_641' title='bbox 1232 2428 1324 2463; x_wconf 72' lang='grc' dir='ltr'>ἱερεῖς,</span> <span class='ocrx_word' id='word_1_642' title='bbox 1337 2427 1565 2463; x_wconf 74' lang='grc' dir='ltr'>ὲγχειρίζουσιτῷ</span> <span class='ocrx_word' id='word_1_643' title='bbox 1575 2428 1624 2463; x_wconf 83' lang='grc' dir='ltr'>τῆς</span> <span class='ocrx_word' id='word_1_644' title='bbox 1634 2430 1822 2465; x_wconf 83' lang='grc' dir='ltr'>προσαγωγῆς</span> 
     </span>
    </p>
   </div>
   <div class='ocr_carea' id='block_1_99' title="bbox 1030 2472 1822 2508">
    <p class='ocr_par' dir='ltr' id='par_1_99' title="bbox 1030 2472 1822 2508">
     <span class='ocr_line' id='line_1_99' title="bbox 1030 2472 1822 2508; baseline 0.004 -10"><span class='ocrx_word' id='word_1_645' title='bbox 1030 2472 1151 2508; x_wconf 83' lang='grc' dir='ltr'><strong>ἀναδόχῳ</strong></span> <span class='ocrx_word' id='word_1_646' title='bbox 1163 2481 1192 2498; x_wconf 90' lang='grc' dir='ltr'><strong>τε</strong></span> <span class='ocrx_word' id='word_1_647' title='bbox 1211 2473 1258 2498; x_wconf 77' lang='grc' dir='ltr'>καὶ</span> <span class='ocrx_word' id='word_1_648' title='bbox 1271 2472 1383 2508; x_wconf 82' lang='grc' dir='ltr'>ἡγεμόνι</span> <span class='ocrx_word' id='word_1_649' title='bbox 1399 2483 1405 2489; x_wconf 93' lang='grc'><strong>-</strong></span> <span class='ocrx_word' id='word_1_650' title='bbox 1421 2472 1468 2498; x_wconf 77' lang='grc' dir='ltr'>καὶ</span> <span class='ocrx_word' id='word_1_651' title='bbox 1480 2472 1528 2499; x_wconf 85' lang='grc' dir='ltr'><strong>σὺν</strong></span> <span class='ocrx_word' id='word_1_652' title='bbox 1543 2472 1616 2508; x_wconf 82' lang='grc' dir='ltr'><strong>αὺτῷ</strong></span> <span class='ocrx_word' id='word_1_653' title='bbox 1626 2473 1822 2508; x_wconf 76' lang='grc' dir='ltr'>περιϐαλόντες</span> 
     </span>
    </p>
   </div>
   <div class='ocr_carea' id='block_1_100' title="bbox 1030 2517 1822 2556">
    <p class='ocr_par' dir='ltr' id='par_1_100' title="bbox 1030 2517 1822 2556">
     <span class='ocr_line' id='line_1_100' title="bbox 1030 2517 1822 2556; baseline 0.004 -13"><span class='ocrx_word' id='word_1_654' title='bbox 1030 2517 1131 2553; x_wconf 77' lang='grc' dir='ltr'>ἐσθῆτα</span> <span class='ocrx_word' id='word_1_655' title='bbox 1151 2517 1190 2553; x_wconf 79' lang='grc' dir='ltr'>τῷ</span> <span class='ocrx_word' id='word_1_656' title='bbox 1203 2517 1279 2544; x_wconf 81' lang='grc' dir='ltr'>τελου</span> <span class='ocrx_word' id='word_1_657' title='bbox 1283 2518 1356 2553; x_wconf 81' lang='grc' dir='ltr'>μένῳ</span> <span class='ocrx_word' id='word_1_658' title='bbox 1369 2517 1545 2553; x_wconf 85' lang='grc' dir='ltr'>κατάλληλον,</span> <span class='ocrx_word' id='word_1_659' title='bbox 1561 2519 1607 2545; x_wconf 82' lang='grc' dir='ltr'>ἐπὶ</span> <span class='ocrx_word' id='word_1_660' title='bbox 1621 2519 1667 2545; x_wconf 84' lang='grc' dir='ltr'>τὸν</span> <span class='ocrx_word' id='word_1_661' title='bbox 1687 2520 1822 2556; x_wconf 82' lang='grc' dir='ltr'>ίεράρχην</span> 
     </span>
    </p>
   </div>
   <div class='ocr_carea' id='block_1_101' title="bbox 1030 2562 1821 2603">
    <p class='ocr_par' dir='ltr' id='par_1_101' title="bbox 1030 2562 1821 2603">
     <span class='ocr_line' id='line_1_101' title="bbox 1030 2562 1821 2603; baseline 0.004 -13"><span class='ocrx_word' id='word_1_662' title='bbox 1030 2562 1107 2595; x_wconf 84' lang='grc' dir='ltr'>αὖθις</span> <span class='ocrx_word' id='word_1_663' title='bbox 1130 2564 1280 2598; x_wconf 81' lang='grc' dir='ltr'>ἀπάγουσιν</span> <span class='ocrx_word' id='word_1_664' title='bbox 1299 2564 1320 2579; x_wconf 71' lang='grc' dir='ltr'><strong>ιδ</strong></span> <span class='ocrx_word' id='word_1_665' title='bbox 1334 2571 1341 2580; x_wconf 84' lang='grc'><strong>”</strong></span> <span class='ocrx_word' id='word_1_666' title='bbox 1354 2564 1367 2590; x_wconf 77' lang='grc' dir='ltr'><strong><em>ὁ</em></strong></span> <span class='ocrx_word' id='word_1_667' title='bbox 1379 2564 1407 2590; x_wconf 77' lang='grc' dir='ltr'><strong>δὲ</strong></span> <span class='ocrx_word' id='word_1_668' title='bbox 1425 2564 1463 2599; x_wconf 87' lang='grc' dir='ltr'>τῷ</span> <span class='ocrx_word' id='word_1_669' title='bbox 1480 2564 1704 2600; x_wconf 74' lang='grc' dir='ltr'>θεουργικωσάτῳ</span> <span class='ocrx_word' id='word_1_670' title='bbox 1738 2567 1821 2603; x_wconf 89' lang='grc' dir='ltr'>μύρῳ</span> 
     </span>
    </p>
   </div>
   <div class='ocr_carea' id='block_1_102' title="bbox 1031 2609 1821 2645">
    <p class='ocr_par' dir='ltr' id='par_1_102' title="bbox 1031 2609 1821 2645">
     <span class='ocr_line' id='line_1_102' title="bbox 1031 2609 1821 2645; baseline 0.004 -9"><span class='ocrx_word' id='word_1_671' title='bbox 1031 2610 1074 2636; x_wconf 80' lang='grc' dir='ltr'>τὸν</span> <span class='ocrx_word' id='word_1_672' title='bbox 1088 2609 1172 2645; x_wconf 82' lang='grc' dir='ltr'>ἄνδρα</span> <span class='ocrx_word' id='word_1_673' title='bbox 1189 2610 1418 2645; x_wconf 85' lang='grc' dir='ltr'>σφραγισάμενος,</span> <span class='ocrx_word' id='word_1_674' title='bbox 1444 2610 1557 2645; x_wconf 82' lang='grc' dir='ltr'>μέτοχον</span> <span class='ocrx_word' id='word_1_675' title='bbox 1570 2611 1713 2645; x_wconf 81' lang='grc' dir='ltr'>ἀποφαίνει</span> <span class='ocrx_word' id='word_1_676' title='bbox 1724 2611 1821 2640; x_wconf 82' lang='grc' dir='ltr'>λοιπὸν</span> 
     </span>
    </p>
   </div>
   <div class='ocr_carea' id='block_1_103' title="bbox 1030 2656 1631 2694">
    <p class='ocr_par' dir='ltr' id='par_1_103' title="bbox 1030 2656 1631 2694">
     <span class='ocr_line' id='line_1_103' title="bbox 1030 2656 1631 2694; baseline 0.003 -12"><span class='ocrx_word' id='word_1_677' title='bbox 1030 2656 1079 2691; x_wconf 85' lang='grc' dir='ltr'><strong>τῆς</strong></span> <span class='ocrx_word' id='word_1_678' title='bbox 1095 2656 1379 2692; x_wconf 81' lang='grc' dir='ltr'>ἱεροτελεστικωτάτης</span> <span class='ocrx_word' id='word_1_679' title='bbox 1404 2657 1425 2673; x_wconf 65' lang='grc' dir='ltr'><strong><em>ιτ</em></strong></span> <span class='ocrx_word' id='word_1_680' title='bbox 1442 2657 1631 2694; x_wconf 79' lang='grc' dir='ltr'>Εὑχαριστίας.</span> 
     </span>
    </p>
   </div>
   <div class='ocr_carea' id='block_1_104' title="bbox 849 2732 1184 2761">
    <p class='ocr_par' dir='ltr' id='par_1_104' title="bbox 849 2732 1184 2761">
     <span class='ocr_line' id='line_1_104' title="bbox 849 2732 1184 2761; baseline 0.012 -4"><span class='ocrx_word' id='word_1_681' title='bbox 849 2732 962 2760; x_wconf 70' lang='lat' dir='ltr'><strong>VARI/Ii</strong></span> <span class='ocrx_word' id='word_1_682' title='bbox 983 2733 1184 2761; x_wconf 70' lang='lat' dir='ltr'><strong>LECTIONES.</strong></span> 
     </span>
    </p>
   </div>
   <div class='ocr_carea' id='block_1_105' title="bbox 242 2778 1820 2818">
    <p class='ocr_par' dir='ltr' id='par_1_105' title="bbox 242 2778 1820 2818">
     <span class='ocr_line' id='line_1_105' title="bbox 242 2778 1820 2818; baseline 0.002 -12"><span class='ocrx_word' id='word_1_683' title='bbox 242 2778 452 2818; x_wconf 57' lang='lat' dir='ltr'><strong>&#39;ttagrupei,M.</strong></span> <span class='ocrx_word' id='word_1_684' title='bbox 482 2779 754 2818; x_wconf 55' lang='lat' dir='ltr'><strong>‘°_&amp;m)tt35t,ph._“</strong></span> <span class='ocrx_word' id='word_1_685' title='bbox 793 2779 1098 2818; x_wconf 29' lang='lat' dir='ltr'><strong>siritiuattﬂgwtlltasnt</strong></span> <span class='ocrx_word' id='word_1_686' title='bbox 1115 2781 1229 2818; x_wconf 62' lang='grc' dir='ltr'>ᾅυσμάς,</span> <span class='ocrx_word' id='word_1_687' title='bbox 1251 2782 1282 2818; x_wconf 77' lang='lat' dir='ltr'><strong>D.</strong></span> <span class='ocrx_word' id='word_1_688' title='bbox 1296 2782 1462 2813; x_wconf 80' lang='grc' dir='ltr'>ἁνωθοῦντα,</span> <span class='ocrx_word' id='word_1_689' title='bbox 1488 2781 1522 2810; x_wconf 81' lang='grc' dir='ltr'><strong>Μ.</strong></span> <span class='ocrx_word' id='word_1_690' title='bbox 1563 2783 1820 2818; x_wconf 47' lang='grc' dir='ltr'>¹¹ημαρτυράμενοῇ</span> 
     </span>
    </p>
   </div>
   <div class='ocr_carea' id='block_1_106' title="bbox 193 2813 1818 2856">
    <p class='ocr_par' dir='ltr' id='par_1_106' title="bbox 193 2813 1818 2856">
     <span class='ocr_line' id='line_1_106' title="bbox 193 2813 1818 2856; baseline 0.002 -15"><span class='ocrx_word' id='word_1_691' title='bbox 193 2813 244 2856; x_wconf 60' lang='grc' dir='ltr'>ςξίι.</span> <span class='ocrx_word' id='word_1_692' title='bbox 263 2813 359 2843; x_wconf 84' lang='grc' dir='ltr'><strong>·υ.“ν.“</strong></span> <span class='ocrx_word' id='word_1_693' title='bbox 376 2815 617 2856; x_wconf 30' lang='grc' dir='ltr'>μαρτυρούμενος*</span> <span class='ocrx_word' id='word_1_694' title='bbox 646 2815 667 2831; x_wconf 70' lang='grc'><strong>³³</strong></span> <span class='ocrx_word' id='word_1_695' title='bbox 686 2815 790 2856; x_wconf 60' lang='grc' dir='ltr'>τοῦτον,</span> <span class='ocrx_word' id='word_1_696' title='bbox 819 2815 868 2856; x_wconf 63' lang='lat' dir='ltr'><strong>Qh.</strong></span> <span class='ocrx_word' id='word_1_697' title='bbox 885 2823 891 2846; x_wconf 88' lang='lat'><strong>;</strong></span> <span class='ocrx_word' id='word_1_698' title='bbox 909 2813 1013 2856; x_wconf 32' lang='lat' dir='ltr'><strong>&quot;obstiti,</strong></span> <span class='ocrx_word' id='word_1_699' title='bbox 1044 2815 1084 2856; x_wconf 44' lang='grc' dir='ltr'><strong>Ρ..</strong></span> <span class='ocrx_word' id='word_1_700' title='bbox 1114 2817 1134 2856; x_wconf 66' lang='grc' dir='ltr'><strong>ξδ</strong></span> <span class='ocrx_word' id='word_1_701' title='bbox 1220 2817 1407 2856; x_wconf 17' lang='grc' dir='ltr'>πρὸς-λαύτον,</span> <span class='ocrx_word' id='word_1_702' title='bbox 1425 2818 1475 2856; x_wconf 69' lang='lat' dir='ltr'><strong>M_._;</strong></span> <span class='ocrx_word' id='word_1_703' title='bbox 1489 2818 1563 2856; x_wconf 45' lang='lat' dir='ltr'><strong>“rapo;</strong></span> <span class='ocrx_word' id='word_1_704' title='bbox 1586 2813 1702 2856; x_wconf 48' lang='lat' dir='ltr'><strong>ductum;</strong></span> <span class='ocrx_word' id='word_1_705' title='bbox 1711 2813 1750 2856; x_wconf 57' lang='lat' dir='ltr'><strong>(in</strong></span> <span class='ocrx_word' id='word_1_706' title='bbox 1784 2819 1818 2844; x_wconf 85' lang='grc' dir='ltr'><strong>Ι).</strong></span> 
     </span>
    </p>
   </div>
   <div class='ocr_carea' id='block_1_107' title="bbox 195 2850 726 2894">
    <p class='ocr_par' dir='ltr' id='par_1_107' title="bbox 195 2850 726 2894">
     <span class='ocr_line' id='line_1_107' title="bbox 195 2850 726 2894; baseline 0.006 -18"><span class='ocrx_word' id='word_1_707' title='bbox 195 2850 273 2894; x_wconf 53' lang='grc' dir='ltr'><strong>ἕλῃς</strong></span> <span class='ocrx_word' id='word_1_708' title='bbox 295 2850 552 2894; x_wconf 52' lang='grc' dir='ltr'>λειραγωγούμενος</span> <span class='ocrx_word' id='word_1_709' title='bbox 574 2852 663 2894; x_wconf 54' lang='grc' dir='ltr'>ᾉείρα,</span> <span class='ocrx_word' id='word_1_710' title='bbox 697 2852 726 2879; x_wconf 83' lang='lat' dir='ltr'><strong>S.</strong></span> 
     </span>
    </p>
   </div>
   <div class='ocr_carea' id='block_1_108' title="bbox 193 2884 607 2922">
    <p class='ocr_par' dir='ltr' id='par_1_108' title="bbox 193 2884 607 2922">
     <span class='ocr_line' id='line_1_108' title="bbox 193 2884 607 2922; baseline 0.002 -11"><span class='ocrx_word' id='word_1_711' title='bbox 193 2884 255 2912; x_wconf 77' lang='lat' dir='ltr'><strong>Sat.</strong></span> <span class='ocrx_word' id='word_1_712' title='bbox 295 2884 318 2902; x_wconf 51' lang='lat'><strong>‘7</strong></span> <span class='ocrx_word' id='word_1_713' title='bbox 331 2884 557 2922; x_wconf 72' lang='grc' dir='ltr'>ἱὲροτελεστάτης,</span> <span class='ocrx_word' id='word_1_714' title='bbox 572 2884 607 2913; x_wconf 75' lang='grc' dir='ltr'><strong>Μ.</strong></span> 
     </span>
    </p>
   </div>
   <div class='ocr_carea' id='block_1_109' title="bbox 767 2849 1818 2887">
    <p class='ocr_par' dir='ltr' id='par_1_109' title="bbox 767 2849 1818 2887">
     <span class='ocr_line' id='line_1_109' title="bbox 767 2849 1818 2887; baseline 0.004 -9"><span class='ocrx_word' id='word_1_715' title='bbox 767 2849 1040 2886; x_wconf 73' lang='grc' dir='ltr'>¹⁵καὶπαραλαδόντες</span> <span class='ocrx_word' id='word_1_716' title='bbox 1057 2851 1153 2884; x_wconf 71' lang='grc' dir='ltr'>αὑτὸν,</span> <span class='ocrx_word' id='word_1_717' title='bbox 1171 2853 1222 2880; x_wconf 78' lang='lat' dir='ltr'><strong>Ch.</strong></span> <span class='ocrx_word' id='word_1_718' title='bbox 1240 2849 1270 2880; x_wconf 72' lang='grc' dir='ltr'><strong>Ι).</strong></span> <span class='ocrx_word' id='word_1_719' title='bbox 1289 2853 1318 2879; x_wconf 81' lang='grc' dir='ltr'><strong>Ρ.</strong></span> <span class='ocrx_word' id='word_1_720' title='bbox 1333 2854 1362 2880; x_wconf 85' lang='lat' dir='ltr'><strong>S.</strong></span> <span class='ocrx_word' id='word_1_721' title='bbox 1375 2854 1435 2880; x_wconf 64' lang='grc' dir='ltr'><strong>επ.</strong></span> <span class='ocrx_word' id='word_1_722' title='bbox 1451 2853 1472 2868; x_wconf 78' lang='grc'>¹⁶</span> <span class='ocrx_word' id='word_1_723' title='bbox 1485 2849 1606 2887; x_wconf 76' lang='grc' dir='ltr'>ἄγουσιν,</span> <span class='ocrx_word' id='word_1_724' title='bbox 1620 2854 1669 2881; x_wconf 79' lang='lat' dir='ltr'><strong>Ch.</strong></span> <span class='ocrx_word' id='word_1_725' title='bbox 1685 2853 1716 2880; x_wconf 91' lang='lat' dir='ltr'><strong>D.</strong></span> <span class='ocrx_word' id='word_1_726' title='bbox 1733 2853 1765 2880; x_wconf 80' lang='grc' dir='ltr'><strong>Ρ.</strong></span> <span class='ocrx_word' id='word_1_727' title='bbox 1783 2855 1818 2882; x_wconf 69' lang='grc' dir='ltr'><strong>ὃ.</strong></span> 
     </span>
    </p>
   </div>
  </div>
