1931 3073
110 187 160 216 581
391 184 433 213 DE
453 183 592 213 ECCLES.
611 183 813 218 HIERARCH.,
831 184 908 212 CAP.
926 184 946 211 l.
973 200 1008 205 —-
1032 184 1206 212 PARAPIIR.
1228 185 1460 214 PACHYMERA'I.
1687 186 1739 214 539

633 241 876 270 PARAPHRASIS
895 242 1119 271 PACUYMER/E
1137 243 1204 279 (22).

145 356 224 383 Μετὰ
248 354 297 390 τὴν
324 354 452 390 οὐρανίαν
479 355 620 391 ἱεραρχίαν
643 355 822 392 διαλαμϐάνει
853 357 900 384 καὶ

990 358 1056 386 Post
1065 358 1205 386 cmlestem
1215 358 1397 386 hierarchiam
1408 362 1506 385 tractat
1513 358 1595 386 etiam
1607 359 1639 386 de
1647 363 1738 387 nostra

108 401 234 437 περὶτῆς
245 400 305 427 καθ’
321 401 395 436 ἡμᾶς
416 401 567 437 ίεραρχίας,
582 402 616 437 ἢν
638 402 688 428 οὐκ
708 400 769 429 εῐπε
791 403 870 438 γηῖνη

976 405 1129 438 ierarchia,
1150 412 1232 439 quam
1250 412 1304 432 non
1323 404 1391 431 dixit
1416 410 1569 437 terrenam;
1585 405 1659 438 quia,
1675 405 1738 432 licet

108 448 133 474 εί
149 447 203 483 γὰρ
223 447 270 474 καὶ
290 447 320 473 ὲν
336 448 371 482 γῇ
385 447 563 480 πολιτεύεται,
584 447 641 474 ἀλλ’
656 448 670 475 ὁ
691 447 793 480 σκοπὸς
807 449 854 476 καὶ

976 459 979 477 ι
995 454 1067 477 terra
1089 449 1293 477 administretur
1304 469 1312 482 ,
1330 456 1429 483 scopus
1447 453 1535 476 tamen
1552 454 1578 476 et
1596 450 1658 476 linis
1679 457 1738 484 ejus

108 493 184 525 τέλος
200 493 286 528 αὐτῆς
307 493 431 528 οὐράνιός
450 493 540 525 εστιν⁷
563 494 602 525 εἰς
625 493 741 529 μίμησιν
765 493 812 520 τοῦ
833 494 870 521 Θεη

976 497 1074 526 nlestis
1087 501 1140 529 est,
1162 504 1223 524 cum
1242 497 1275 523 ad
1291 496 1453 523 innitendum
1468 495 1554 522 Deum
1568 496 1680 524 inducat
1690 497 1738 524 ho-

107 540 213 574 ἄγουσα
235 539 281 566 τὸν
299 538 451 574 ἄνθρωπον,
474 538 563 570 καθὼς
578 539 670 574 ἐκείνη
689 538 739 571 τὰς
761 539 836 572 Θείας
853 549 869 567 κ

977 543 1064 575 tinem,
1075 550 1128 569 non
1145 549 1225 569 secus
1236 549 1268 569 ac
1284 541 1328 568 illa
1341 541 1447 569 divinas
1460 541 1638 576 caelestesque
1655 542 1739 568 virtu-

107 585 249 622 οὐρανίους
270 584 408 620 δυνάμεις-
431 585 642 620 προηγουμένως
665 584 720 620 γὰρ
737 586 784 612 καὶ
799 586 869 622 κυρί‹

975 596 1004 622 :s,
1021 588 1155 623 siquidem
1170 587 1360 622 principaliter
1374 595 1406 614 ac
1426 587 1547 622 proprie,
1563 588 1686 622 expiare,
1704 587 1737 614 il-

108 631 139 658 τὸ
154 630 304 666 καθαίρειν,
315 630 346 656 τὸ
357 629 494 664 φωτίζειν,
505 629 536 656 τὺ
547 629 677 662 τελειοῦν,
690 630 736 657 τοῦ
748 631 815 657 Θεοῦ
829 632 870 658 ἐστ

976 635 1097 667 uninare,
1134 633 1275 669 perficere,
1302 633 1349 660 Dei
1378 638 1435 667 est;
1459 633 1622 661 sccundario
1647 638 1738 660 autent

108 676 242 712 δευτέρως
253 676 281 702 δὲ
294 674 408 702 καὶτῶν
428 675 562 709 ἀγγέλων,
582 675 653 703 κατὰ
667 676 757 712 τρίτον
775 676 803 703 δὲ
822 676 870 711 λόγ

974 679 1036 706 tiam
1051 679 1219 714 angelorum,
1234 679 1382 706 secundum
1401 686 1466 705 vero
1477 679 1584 706 tertiam
1602 678 1736 706 rationem

110 723 158 750 καὶ
173 723 264 749 αὐτῶν
275 722 329 749 τῶν
343 721 504 758 ἀνθρώπων
520 722 607 749 ταῦτα
619 723 674 759 γάρ
690 724 742 749 εισι
753 723 787 749 τὰ
800 723 864 759 τρία

977 725 1034 752 iam
1052 725 1174 760 ipsorum
1201 725 1358 757 hominum,
1375 725 1504 760 quoniam
1523 724 1581 752 haec
1605 725 1657 752 tria
1674 729 1739 752 sunt

108 769 312 805 τῆςὶεραρχίας
328 769 462 805 ἐνέργεια.
484 767 576 795 Ταῦτα.
597 768 673 805 παρὰ
691 769 740 804 μὲν
762 770 822 801 ταῖς
844 769 870 796 ἄη

975 778 1051 798 ιυιιυε
1067 770 1239 798 ιιῐεῑοτειιίοε.
1257 770 1320 798 Haec
1339 771 1403 798 dutn
1429 770 1456 797 iu
1480 770 1607 804 supernis
1628 769 1737 804 quidem

108 815 214 847 οὐσίαις
227 814 388 850 τελούμενα,
409 816 433 842 εί
453 815 500 841 καὶ
523 814 659 851 μυστήρια
674 816 753 847 εἰσιν,
772 815 809 847 ὡς
830 815 870 841 Θει

976 816 1077 844 ssentiis
1092 816 1279 850 perﬁciuntur,
1293 817 1400 844 tametsi
1411 816 1465 843 sint
1482 815 1621 851 mysteria,
1638 816 1738 850 quippe

108 862 178 898 ἔργα
191 862 342 898 ὑπέρτατα,
360 862 417 889 ἀλλ’
430 860 478 889 οὖν
497 862 527 888 οὐ
551 862 687 897 μυστήρια
702 863 754 888 είσι
767 862 835 898 πρὸς
850 863 870 888 ά

976 862 999 890 ei
1022 869 1105 896 opera
1127 862 1336 895 sublitnissima,
1357 867 1544 890 verumtamen
1567 862 1657 896 quoad
1678 861 1738 889 illas

108 907 202 943 λήλας·
216 908 301 934 πᾶσαι
318 907 371 944 γὰρ
386 907 461 942 ἅγιαι
479 908 525 934 καὶ
546 907 720 943 μεμυημέναι
735 908 787 934 εἰσὶ
802 909 835 944 τῇ
851 917 867 944 χ

977 916 1005 936 )η
1022 913 1087 936 sunt
1102 909 1248 944 mysteria;
1266 909 1393 943 quoniatn
1409 915 1504 936 omnes
1520 913 1621 936 sancta:
1634 913 1697 935 sunt
1711 913 1739 936 et

109 963 164 990 ριτι
175 953 223 980 τοῦ
235 953 314 986 Θεοῦ,
325 954 350 980 εἰ
363 954 410 980 καὶ
422 953 488 989 ἄλλη
501 953 584 989 ἄλλης
601 953 711 989 προέχει
724 954 793 980 κατὰ
806 954 837 980 τὸ
851 963 871 989 μ

975 954 1039 981 ratia
1062 953 1109 982 Dei
1136 959 1316 986 consecratae,
1337 954 1462 988 quamvis
1488 953 1573 981 altera
1596 953 1632 981 sit
1653 954 1737 982 altera

106 1008 172 1037 τρον
183 1001 233 1036 τῆς
251 1001 309 1027 ἐκεῖ
327 999 382 1026 εἴτε
400 999 513 1032 τάξεως,
534 999 590 1026 εἴτε
612 999 664 1035 μὴν
681 1000 728 1026 καὶ
745 999 868 1035 δυνάμεω

976 999 1139 1032 rtestantior,
1153 999 1302 1027 secundum
1321 1000 1454 1028 rationem
1470 1007 1529 1035 quae
1542 1000 1597 1027 illic
1612 1005 1665 1032 est,
1680 1000 1738 1028 sive

108 1047 174 1083 παρ’
190 1047 254 1083 ἡμῖν
273 1046 301 1073 δὲ
321 1045 479 1081 τελούμενα,
497 1046 633 1081 μυστήρια
647 1045 786 1079 λέγονται,
801 1047 830 1071 οὐ
847 1054 870 1079 γι

974 1046 1056 1074 rdinis
1069 1046 1127 1073 sive
1142 1046 1268 1079 virtutis;
1286 1053 1346 1081 quae
1362 1054 1426 1074 vero
1439 1046 1509 1080 apud
1525 1037 1575 1074 nos
1589 1045 1736 1081 perﬁciun-

108 1093 209 1125 πάντες
231 1093 362 1129 καθαροὶ,
386 1091 448 1118 οὔτε
474 1092 526 1127 μὴν
552 1093 733 1127 μεμυημένοι.
756 1091 836 1118 Ὅθεν
856 1100 870 1118 κ

975 1100 1010 1126 tr,
1030 1092 1158 1127 mysteria
1171 1100 1218 1120 seu
1243 1098 1413 1120 sacramenta
1434 1092 1572 1124 dicuntur,
1596 1100 1650 1120 non
1665 1093 1737 1120 enim

107 1140 174 1175 παρ’
188 1139 305 1170 ἐκείναις
320 1138 369 1174 μὲν
390 1138 511 1169 ἁπάσαις
524 1137 611 1164 ταῦτά
633 1139 712 1170 εἰσιν,
734 1138 759 1164 εί
781 1139 829 1164 καὶ
850 1138 868 1164 ἁ

976 1146 1048 1166 mnes
1058 1139 1119 1173 puri
1135 1143 1211 1172 sunt,
1226 1146 1315 1173 neque
1328 1139 1409 1166 etiam
1423 1139 1534 1166 initiati.
1552 1138 1628 1167 Unde
1646 1139 1673 1166 in
1685 1138 1738 1166 illis

109 1186 192 1222 μέρος
205 1186 252 1212 κα)⁸
265 1185 452 1221 καθαίρονται,
467 1184 513 1210 καὶ
526 1183 697 1218 φωτίζονται,
711 1184 758 1211 καὶ
769 1184 871 1210 τελειοῠ

973 1186 1079 1213 mnibus
1094 1185 1145 1213 ista
1162 1190 1236 1217 sunt,
1253 1185 1303 1213 etsi
1318 1193 1367 1220 per
1377 1189 1468 1220 partes
1483 1186 1565 1213 etiam
1581 1185 1735 1220 expientur,

106 1241 168 1260 ται·
185 1233 251 1268 παρ’
264 1232 330 1267 ἡμῖν
347 1231 375 1258 δὲ
397 1231 427 1258 οὐ
441 1231 534 1262 πᾶσιν,
548 1230 617 1257 ἀλλά
629 1239 694 1262 τισι,
716 1230 806 1263 καθὼς
827 1231 868 1257 καί

974 1232 1177 1260 tilluminentur
1191 1237 1271 1266 atque
1287 1231 1480 1266 perﬁciantur;
1494 1231 1564 1265 apud
1580 1238 1630 1258 nos
1645 1236 1736 1258 autem

107 1279 174 1311 Θεὸς
190 1279 234 1306 διὰ
254 1278 304 1306 τοῦ
322 1279 461 1314 προφήτου
483 1278 567 1313 λέγει·
593 1278 627 1305 Τὸ
651 1278 822 1313 μυστήριόν
841 1287 869 1313 μ‹

974 1287 1006 1307 on
1018 1280 1045 1306 in
1059 1280 1196 1312 omnibus,
1212 1279 1260 1306 sed
1275 1279 1301 1306 in
1313 1278 1486 1314 quibusdam,
1509 1279 1736 1314 quemadmodum

107 1325 173 1360 ἐμοὶ
183 1324 233 1352 καὶ
246 1324 403 1359 τοῖςέμοῖς·
417 1325 509 1359 ἐμοὺς
522 1324 609 1358 λέγων
624 1325 732 1356 πάντως
743 1324 806 1356 τοὺς
819 1325 869 1360 ἱερε

975 1326 1033 1353 .iatn
1048 1325 1118 1353 Deus
1134 1333 1180 1361 per
1193 1326 1352 1360 prophetatn
1374 1325 1412 1352 ait
1423 1345 1431 1358 ,
1448 1325 1618 1361 mysterium,
1634 1331 1682 1351 seu
1696 1332 1737 1350 se-

107 1371 125 1407 ἧ
151 1371 214 1403 τοὺς
237 1370 438 1406 μεμυημένους.
463 1370 518 1406 Τὴν
545 1369 611 1405 γοῦν
636 1369 690 1397 τῶν
714 1370 869 1405 προκειμένι

975 1377 1050 1399 'etum
1067 1380 1152 1400 meum
1170 1371 1232 1398 mihi
1248 1372 1262 1392 ιι
1276 1378 1299 1399 ιιι
1324 1372 1404 1404 meis;
1420 1379 1490 1398 meo;
1511 1371 1615 1403 dicens,
1643 1370 1737 1405 utique

108 1415 263 1450 κεφαλαίων
275 1415 447 1444 διδασκαλίαν
467 1415 538 1443 κατὰ
549 1415 635 1442 διττὸν
653 1416 770 1442 ποιεῖται
788 1415 870 1451 τρὸπσ

974 1418 1108 1447 tcerdotes
1121 1418 1164 1445 vel
1181 1419 1316 1446 initiatos.
1330 1418 1535 1453 Propositorutu
1555 1417 1647 1452 itaque
1660 1418 1736 1452 capi~

109 1462 219 1499 Πρῶτον
232 1463 286 1499 γὰρ
298 1463 432 1490 ἐκτίθεται
446 1463 488 1496 τὸ,
505 1462 563 1494 πῶς
575 1462 692 1489 τελεῖται
705 1462 736 1489 τὺ
754 1462 870 1498 μυστήρι

974 1463 1071 1491 tlorum
1098 1463 1250 1491 doctrinam
1275 1463 1374 1499 duplici
1399 1463 1478 1491 modo
1501 1463 1593 1492 tradit.
1617 1463 1736 1490 Primum

107 1519 156 1546 τοῦ
168 1519 326 1554 κεφαλαίου·
340 1519 387 1547 καὶ
401 1509 549 1554 μετέπειτα
563 1518 664 1554 θεωρίᾳ
683 1518 736 1545 τινὶ
753 1518 833 1545 τοῦτο
846 1526 899 1544 πα·
951 1511 1026 1538 θίιίῐη
1048 1510 1212 1544 εἰροηίιυΐι
1237 1511 1372 1545 quomodo
1392 1509 1552 1545 ιηγειετίυηι
1572 1516 1619 1537 se“
1644 1516 1737 1536 ⁵³ίτθ·

110 1565 260 1600 ραδίδωσιν.
293 1562 371 1598 Οἷον,
405 1565 556 1601 μυστηρίου
590 1565 765 1600 φωτίσματος
793 1563 872 1590 ἔκθεσ

975 1561 1074 1584 lentum
1090 1557 1143 1584 isto
1159 1556 1250 1591 capite
1273 1556 1444 1591 propositum
1468 1559 1682 1586 consuunnetur,
1705 1562 1737 1582 ac

108 1609 226 1645 πρῶτον,
247 1607 307 1636 εἶτα
327 1609 439 1646 δευτέρα
457 1611 474 1646 ὴ
489 1609 590 1645 θεωρία
612 1609 706 1636 αὐτοῦ’
730 1609 822 1642 πάλιν,
847 1617 870 1644 μη

975 1601 1048 1630 ainde
1062 1609 1111 1637 per
1126 1602 1383 1637 contemplationem
1399 1601 1544 1636 quamdam
1567 1601 1633 1628 illud
1648 1601 1737 1636 expli-

107 1656 220 1692 στηρίου
243 1656 378 1690 συνάξεως
404 1656 528 1688 ἔκθεσις,
550 1653 610 1682 εἶτα
636 1656 653 1691 ὴ
678 1655 779 1691 θεωρία
806 1654 869 1681 αὐτο

975 1652 1005 1675 tt.
1022 1647 1102 1675 Verbi
1123 1648 1230 1683 gratia,
1255 1653 1298 1675 est
1319 1648 1452 1682 expositio
1478 1647 1669 1675 illustrationis
1689 1654 1737 1674 seu

113 1701 190 1728 Ἐπεὶ
204 1701 259 1737 γὰρ
277 1701 366 1728 διπλοῖ
382 1702 466 1737 ἐσμεν
484 1702 531 1728 καὶ
549 1702 648 1736 ἡμεῖς,
669 1701 763 1736 ὁρατοὶ
782 1699 853 1726 κατὰ
869 1708 875 1717 ε

974 1694 1133 1730 aptismatis,
1149 1695 1247 1722 deinde
1258 1693 1434 1728 subsequitur
1448 1693 1507 1728 ejus
1525 1693 1736 1728 contemplatio;

107 1745 198 1782 σῶμα,
211 1734 264 1773 Vncti.
285 1734 426 1782 νοούμενοι
444 1746 515 1773 κατὰ
528 1734 627 1782 φυγὴν,
650 1734 731 1781 διπλῆ
744 1746 820 1782 καὶὴ
839 1754 869 1773 κα

974 1740 1082 1768 militer
1103 1740 1238 1775 expositio
1260 1740 1427 1767 sacramenti
1445 1746 1581 1774 synaxeos
1599 1746 1646 1775 seu
1660 1746 1736 1766 com-

107 1793 181 1828 ήμᾶς
195 1793 335 1829 ἱεραρχία,
349 1793 465 1829 αἰσθητὴ
485 1793 530 1820 διὰ
543 1793 597 1820 τῶν
611 1793 816 1829 ἐνεργουμένων
833 1801 869 1826 συ,

972 1785 1103 1818 tunionis,
1116 1786 1214 1813 deinde
1227 1785 1421 1820 contemplatio
1430 1785 1563 1820 ejusdem.
1575 1785 1642 1812 Cum
1658 1784 1734 1820 161

108 1837 209 1870 δόλων,
227 1839 328 1875 νοητὴ,
350 1838 394 1865 διὰ
412 1838 462 1874 τῆς
493 1839 618 1875 θεωρίας.
641 1839 748 1874 Θεωρία
775 1838 804 1865 δέ
827 1839 870 1865 ea“:

974 1833 1023 1860 sim
1031 1838 1059 1860 et
1066 1839 1114 1860 nos
1121 1833 1218 1868 duplici
1226 1836 1303 1867 parte
1310 1831 1579 1865 constemus,visibili
1588 1832 1736 1859 secundum

106 1883 219 1919 ἐπιϐολὴ
233 1883 293 1916 νοὸς
310 1884 410 1919 ἄμεσος
423 1884 470 1910 καὶ
480 1884 544 1919 ψιλὴ
558 1884 611 1910 τῶν
623 1884 774 1920 αἰσθήσεων
786 1883 854 1919 πρὸς
866 1894 868 1900 λ

975 1885 1061 1912 )rpus,
1083 1883 1111 1905 et
1131 1877 1284 1905 intellectili
1308 1878 1456 1905 secundum
1481 1878 1600 1905 animam
1613 1897 1623 1910 ,
1637 1877 1737 1912 duplex

107 1927 285 1964 ὑποκείμενα.
309 1929 365 1965 Τῆς
389 1929 455 1964 γοῦν
476 1930 604 1965 τοιαύτης
629 1929 772 1966 ἱεραρχίας
797 1930 845 1956 καὶ
865 1938 869 1947 ι

974 1928 992 1952 it
1016 1924 1098 1952 etiam
1121 1925 1192 1959 apud
1216 1931 1265 1952 nos
1287 1924 1453 1957 hierarchia,
1470 1923 1579 1952 sensilis
1595 1923 1736 1955 nimirum,

108 1974 232 2009 σύμϐολα
245 1975 383 2011 μυστήριά
395 1976 447 2002 εἰσι
461 1976 528 2011 πρὸς
540 1977 604 2008 τοὺς
615 1975 707 2009 ξένους
719 1976 768 2011 τῆς
786 1975 870 2002 Ἐκκλη

973 1973 1061 2005 ropter
1082 1969 1204 2006 syntbola
1224 1977 1285 2004 qua:
1305 1970 1483 2001 exhibentur;
1507 1973 1534 1996 et
1558 1968 1735 2002 intellectilis,

108 2020 170 2052 σίας
182 2021 229 2048 καὶ
245 2021 393 2057 ἀμυήτους·
408 2020 476 2048 ἀλλὰ
489 2022 536 2048 καὶ
551 2023 568 2057 ἡ
581 2022 693 2057 θεωρία,
708 2023 746 2054 ὼς
759 2022 870 2058 ὑπερτά¹

974 2020 1060 2051 ropter
1075 2016 1342 2052 contemplatipnem.
1359 2015 1560 2050 Contemplatio
1585 2019 1675 2042 autem
1696 2020 1736 2041 est

108 2066 218 2101 γνῶσις,
237 2068 284 2094 καὶ
300 2067 415 2103 δεομένη
428 2068 555 2101 πίστεως,
575 2070 721 2105 μυστήριον
743 2069 841 2104 λέγοιτ’
855 2069 870 2096 ἃ

974 2062 1110 2099 ιιιυειιίδια,
1131 2063 1230 2090 utentis
1250 2068 1277 2090 et
1301 2063 1380 2090 exilis
1396 2071 1525 2090 sensuum
1540 2062 1684 2098 applicatiu
1703 2062 1736 2088 ad

108 2112 199 2145 καθὼς
222 2114 268 2140 καὶ
286 2114 301 2140 ὁ
325 2115 483 2147 Ἀπόστολος
500 2114 596 2149 λέγει’
616 2114 790 2149 Μυστήριον
821 2114 870 2149 λέγ

975 2115 982 2134 I
1001 2115 1061 2143 qua:
1077 2113 1275 2143 proponuntur.
1298 2107 1453 2135 Istiusmodi
1479 2108 1561 2143 igitur
1576 2107 1737 2135 hierarchize

107 2159 188 2193 ὑμῖν·
209 2160 322 2194 πάντες
343 2161 399 2194 μὲν
418 2162 454 2189 οὐ
473 2162 723 2196 κοιμηθησόμεθα,
740 2161 869 2194 πάντεςι

975 2154 1086 2188 nnbola,
1100 2155 1221 2190 profanis
1234 2160 1261 2182 et
1271 2155 1306 2182 ab
1321 2155 1441 2196 Eeclesia
1456 2155 1593 2182 extraneis
1607 2154 1737 2189 mysteria

107 2190 351 2241 mmadyeda;
373 2207 442 2233 Ἀλλ’
456 2190 530 2242 ὅμως
541 2190 721 2242 aeoliae};
734 2207 814 2242 μόνον
825 2190 869 2241 λέγ

973 2208 1059 2236 noque
1073 2206 1138 2228 sunt
1154 2209 1161 2227 :
1176 2190 1362 2228 verumtame‘n
1377 2200 1586 2236 contemplatio,
1607 2206 1735 2235 tauquam

109 2250 245 2286 μυστήρια
268 2251 337 2286 πρὸς
359 2252 422 2284 τοὺς
443 2252 591 2290 ἀμυήτους,
608 2252 646 2284 ὡς
666 2251 784 2288 εἴρηται·
801 2252 851 2283 τὰς
870 2265 871 2272 ι

974 2255 1075 2281 ipremu
1088 2247 1218 2282 cognitio,
1233 2255 1346 2282 quaeque
1360 2247 1412 2275 lide
1427 2254 1494 2281 opus
1510 2246 1620 2278 habeat,
1637 2250 1736 2280 myste-

107 2295 252 2331 ἀναγωγὰς
266 2297 356 2324 αὐτῶν
380 2298 496 2335 θεωρίας
509 2299 600 2334 φησὶν,
614 2297 652 2329 ὡς
664 2298 710 2324 τὸν
728 2297 791 2324 νοῦν
809 2298 869 2324 αὐτὶ

971 2300 1022 2320 tum
1047 2293 1209 2328 appellatur,
1235 2294 1312 2328 juxta
1342 2293 1414 2327 quod
1439 2297 1466 2320 et
1489 2291 1634 2327 Apostolus
1661 2291 1700 2318 ait
1729 2298 1733 2316 :

107 2344 262 2378 ἀναγούσας
281 2345 316 2372 τὰ
333 2347 420 2373 οἰκεῖα
434 2347 546 2383 θεωρεῖν
564 2345 656 2378 καθὼς
672 2346 789 2382 ἔχουσιν,
808 2347 832 2373 εί
852 2355 869 2373 κ

973 2339 1110 2373 ’ysterium
1133 2340 1205 2366 vobis
1226 2339 1372 2365 diconum
1397 2346 1485 2365 omnes
1509 2337 1615 2372 quidem
1639 2337 1735 2363 obdor-

105 2389 194 2422 ἄλλως
213 2390 258 2418 διὰ
280 2392 420 2427 συμϐόλων
440 2392 626 2428 ὲμφαίνονται.
649 2391 679 2419 Ὀ
699 2391 753 2428 γὰρ
782 2392 867 2427 μυηθε

974 2387 1073 2419 :iemus,
1089 2386 1133 2413 sed
1148 2394 1236 2413 crimes
1260 2385 1460 2413 immutabimur
1476 2385 1499 2411 ί.
1513 2386 1640 2411 Altamen
1663 2390 1736 2418 syttt-

106 2436 154 2463 καὶ
172 2436 248 2468 ἐντὸς
261 2437 405 2473 γενόμενος
418 2427 468 2473 τῆς
481 2438 561 2472 ἁγίας
581 2438 695 2473 σκηνῆς,
709 2436 864 2464 ἀνακεκαλυ

975 2433 1013 2460 ola
1028 2437 1130 2459 tantum
1147 2437 1226 2460 vocat
1239 2432 1379 2467 mysteria,
1395 2431 1484 2465 quoad
1503 2437 1551 2457 eos
1570 2429 1675 2458 scilicet
1691 2427 1737 2463 qui

107 2482 181 2517 μένῳ
193 2482 331 2519 προσώπῳ
345 2483 446 2518 ὀφείλει
457 2483 570 2520 θεωρεῖν
583 2483 618 2510 τὰ
635 2483 685 2519 τῆς
698 2483 818 2515 πίστεως
832 2491 869 2518 με·

974 2479 1066 2507 cedunt
1082 2479 1179 2506 initiati
1198 2483 1271 2511 sunt,
1289 2479 1327 2505 uti
1342 2478 1446 2507 dictum
1462 2482 1524 2505 est:
1539 2484 1632 2504 eorum
1647 2481 1736 2502 autem

106 2527 236 2560 πίστεως.
950 2534 1105 2563 anagogas,
1131 2525 1250 2561 appellat
1275 2524 1537 2559 contemplationes,
1556 2523 1655 2558 quippe
1678 2529 1738 2557 quae

106 2580 225 2601 tuentem
246 2574 353 2610 erigant
369 2575 403 2603 ad
423 2583 514 2603 rerum
531 2576 665 2610 ipsarum,
682 2579 712 2602 ut
739 2575 767 2602 in
787 2582 818 2602 se
851 2579 926 2608 sunt,
946 2573 1218 2607 contemplationem,
1234 2572 1299 2599 licet
1322 2571 1402 2598 aliter
1428 2572 1511 2599 etiam
1537 2578 1585 2604 per
1613 2569 1738 2604 symbola

107 2620 290 2648 insinuentur.
307 2621 356 2655 Qui
373 2623 445 2650 enim
461 2623 584 2650 initiatus
599 2627 641 2650 est
672 2627 702 2650 et
716 2621 786 2650 intra
800 2629 909 2649 sacrum
942 2621 1030 2648 velum
1053 2621 1204 2655 ingressus,
1222 2619 1337 2647 revelata
1356 2618 1430 2646 facie
1450 2625 1511 2645 cum
1537 2616 1590 2644 [ide
1617 2620 1738 2643 contem-

105 2668 176 2703 plari
192 2669 272 2697 debet
287 2677 318 2696 ea
335 2677 395 2704 quae
411 2675 475 2697 sunt
489 2670 561 2697 tidei.

132 2715 146 2751 ᾗ
160 2716 180 2742 Ι.
195 2715 256 2742 Ὅτι
268 2716 344 2752 μὲνὴ
356 2716 417 2743 καθ’
427 2717 500 2752 ἡμᾶς
509 2715 644 2752 ίεραρχία,
655 2716 680 2742 εἰ
691 2716 739 2742 καὶ
749 2715 810 2742 καθ’
823 2717 894 2751 ἡμᾶς

989 2713 1004 2749 §
1024 2715 1045 2741 l.
1069 2712 1257 2741 llierarchiam
1280 2715 1412 2742 nostram,
1429 2710 1492 2737 licet
1510 2713 1601 2737 nostra
1620 2708 1736 2740 dicaturI

105 2760 224 2796 λέγεται,
239 2761 296 2789 ἀλλ’
308 2760 354 2789 οὖν
366 2762 414 2789 καὶ
428 2762 499 2798 αὑτὴ
511 2763 558 2789 καὶ
571 2762 631 2788 θεία
645 2762 704 2789 ἐστὶ
723 2761 783 2789 καθ’
799 2762 867 2797 αὑτὴ

974 2767 1067 2788 .tantelt
1079 2764 1107 2786 et
1118 2759 1203 2794 ipsam
1221 2766 1269 2794 per
1282 2765 1312 2786 se
1324 2756 1443 2785 divinam
1463 2762 1534 2790 esse,
1548 2761 1602 2783 non
1616 2760 1696 2781 secus
1706 2759 1736 2780 at-

159 2840 174 2860 h
187 2839 238 2867 lsa.
256 2847 331 2873 xxiv,
350 2840 398 2871 l6,
416 2847 472 2868 scc.
486 2839 612 2875 Septuag.
629 2839 657 2867 in
670 2839 773 2875 aliquot
789 2838 868 2867 codd.
911 2838 919 2857 ί
939 2836 1026 2865 lCor.
1043 2844 1086 2870 xv,
1103 2836 1147 2864 5i.

145 2920 201 2947 ιῖεὶὶ
224 2918 289 2948 Vide
312 2919 420 2948 S.holia
443 2919 471 2946 S.
494 2918 603 2947 Maximi
634 2925 700 2948 tom.
722 2919 756 2952 ll,
782 2926 841 2954 cap.
867 2918 877 2945 l
913 2917 1013 2945 Ecclcs.
1033 2915 1109 2943 Hier.
