1931 3073
205 164 258 192 383

796 161 823 189 5.
845 160 994 188 DIONYS“
1012 159 1243 189 AREOPAGlTA‘]

1783 158 1836 186 5M

205 220 346 247 ccet'estcm
361 217 556 247 lticrarcniam.
566 221 594 244 et
607 224 621 243 a
635 216 691 243 Deo
707 215 830 250 insitam,
850 215 997 242 secundum

1053 215 1089 247 ὡς
1100 215 1146 241 καὶ
1158 215 1174 250 ή
1186 215 1299 250 οὐρανία
1313 215 1446 251 ἱεραρχία,
1462 216 1508 242 καὶ
1524 215 1622 247 ἔνθεος,
1638 214 1708 241 κατὰ
1721 217 1837 250 μετοχὴν

206 265 444 300 participationem
460 271 550 291 rerum
564 263 671 290 illarum
686 261 853 294 divinarum,
866 261 998 296 juxtaque

206 319 313 339 sacram
332 311 406 338 illam
424 310 569 337 scientiam
592 313 620 336 et
639 308 841 343 operationem,
858 309 898 336 sui
915 308 998 343 parti-

205 358 281 392 cipes
303 357 434 384 deificare
459 362 541 391 alque
567 355 719 391 perlicere,
744 362 778 382 ex
803 354 998 382 sacratissimis

206 402 356 436 Seripturis
368 401 612 430 demonstrandum
629 404 684 432 est;
705 407 758 427 non
774 404 863 428 tamen
886 401 997 428 omnino

205 448 345 480 omnibus,
361 448 408 475 sed
429 447 497 475 solis
516 448 560 481 iis,
579 448 624 482 qui
644 455 693 483 per
708 447 870 475 traditiones
886 452 998 482 aposto-

209 495 298 522 lorum
316 495 470 523 istiusmodi
490 495 662 522 institutione
675 494 750 530 digni
765 498 829 522 sunt
844 494 942 521 habiti.
958 493 997 521 Tu

209 545 299 568 autem
317 541 444 572 observa,
459 546 551 568 sancte
566 540 614 573 tili.
633 548 667 569 ne
680 543 723 569 vel
733 541 810 575 juxta
824 549 923 569 nevum
940 549 997 570 mo-

208 594 278 619 rem,
293 587 335 613 vel
353 594 402 622 per
416 587 543 614 ordinem
557 587 688 614 doctrinae
706 586 818 623 (patres
840 587 912 615 enim
936 592 1000 615 sunt

207 633 410 668 praeceptores)
435 633 549 661 ridicule
577 631 604 660 ἐι
633 633 818 661 irreverenter
843 632 997 661 istiusmodi

207 680 338 715 mysteria
354 680 498 708 manifesta
512 679 597 707 facias
608 681 735 708 omnibus
748 679 879 715 profanis,
895 681 940 715 qui
953 688 997 708 res

208 725 317 752 divinas
345 725 530 760 mysticasque
558 725 631 753 risus
658 725 832 754 occasionem
859 726 996 759 facerent;

207 771 256 799 sed
271 778 403 799 venerare
426 770 498 803 illas,
513 771 584 799 sicut
595 779 701 805 acquum
720 775 773 804 est,
790 772 909 801 silentio.
925 773 960 799 At
975 772 997 800 si

208 817 317 851 quando
328 818 410 844 etiam
425 825 493 852 opus
508 818 543 845 sit
557 817 711 845 istiusmodi
731 819 945 852 communicare,
964 826 998 847 ne

209 864 397 892 communices
410 864 582 895 rudioribus;
597 864 644 891 sed
663 865 779 897 sanctis,
794 865 876 899 idque
890 865 942 892 illis
955 873 999 892 sa-

208 914 352 937 crosancte
379 914 480 938 etcum
505 917 582 938 sacra
605 910 802 944 illustratioue,
820 911 932 939 minime
948 912 998 939 im-
1015 899 1036 927 Β

209 957 340 985 morando
356 958 443 993 typis,
463 958 509 985 sed
534 957 740 993 inaspectabilia
758 957 918 985 illustrando
936 968 942 986 :
960 959 1000 986 sic

207 1004 280 1030 enim
300 1003 382 1031 etiam
402 1004 480 1032 nobis
502 1004 536 1031 ad
561 1003 660 1032 divina
677 1004 834 1036 conversis,
850 1005 892 1032 vel
909 1005 998 1032 divina

208 1049 418 1077 concinentibus
429 1050 541 1084 collegis
557 1050 655 1077 tradita
672 1050 790 1077 fuerunt.
805 1051 874 1084 Quin
887 1056 914 1078 ct
928 1051 997 1086 ipse-

209 1101 265 1123 met
284 1096 370 1129 Deus,
390 1095 436 1131 qui
456 1103 534 1123 mens
557 1102 600 1124 est
625 1096 669 1123 illa
693 1096 837 1127 divinitate
860 1101 1000 1124 transcen-

209 1141 288 1174 deus,
301 1140 348 1175 qui
362 1141 453 1168 omnis
463 1141 654 1168 sanctimonia:
669 1141 823 1176 divinaeque
833 1142 999 1175 operationis

209 1195 291 1215 causa
307 1187 402 1214 existit
417 1187 491 1222 (cum
514 1187 587 1214 enim
609 1187 764 1214 ltierarchia
782 1187 898 1214 scientia
922 1189 958 1215 sit
973 1193 999 1215 et

209 1232 343 1268 operatio,
356 1232 566 1260 sanctimoniam
579 1232 687 1267 quidem
701 1232 734 1259 ad
747 1232 889 1260 scientiam
903 1232 998 1264 refert,

209 1279 258 1306 Dei
273 1286 339 1306 vero
357 1278 435 1314 162
450 1278 638 1313 operationem
650 1278 683 1305 ad
696 1277 843 1305 efficaciam
853 1286 899 1306 seu
913 1279 999 1306 actio-

210 1323 284 1358 nem)
296 1323 458 1352 caalestibus
473 1323 620 1351 virtutibus
632 1323 804 1352 manifestius
820 1323 901 1351 simul
916 1329 943 1351 et
958 1324 999 1351 iu-

211 1369 382 1404 telligibilius
405 1369 517 1405 all'ulget
541 1370 732 1405 (intelligimus
746 1371 818 1397 enim
832 1375 860 1397 et
874 1378 933 1402 nos,
952 1371 999 1398 sed

211 1422 266 1442 non
285 1419 315 1442 ut
329 1416 397 1451 istae)
411 1423 480 1451 quas
494 1416 577 1443 etiam
599 1417 632 1442 ad
651 1416 788 1450 propriam
813 1424 890 1444 suam
913 1417 998 1444 lucem

214 1459 398 1493 iuformat,ut
414 1463 542 1489 nimirum
557 1463 640 1489 etiam
661 1463 728 1490 alios
745 1463 906 1497 illuminent,
923 1463 998 1497 juxta

211 1507 342 1535 virtutem
355 1508 519 1541 spiritalium
535 1512 562 1536 et
574 1509 771 1536 intellectilium
787 1517 898 1537 suarum
920 1515 1000 1538 natu-

210 1560 313 1586 rarum,
322 1561 375 1581 nou
385 1559 474 1582 autem
486 1555 634 1582 secundum
645 1555 773 1582 virtutem
786 1556 887 1583 suimet
899 1557 998 1591 ipsius;

211 1606 275 1629 nam
301 1599 371 1627 Deus
398 1600 511 1628 infinita;
534 1601 644 1628 virtutis
665 1605 717 1628 est.
737 1601 808 1634 Quin
832 1607 860 1629 et
881 1607 998 1636 nostras,

211 1652 272 1679 quae
289 1645 381 1673 multa;
397 1651 472 1679 sunt,
491 1647 648 1679 varietates,
665 1651 693 1674 et
708 1647 889 1675 multiformes
904 1656 1000 1676 carna-

212 1691 278 1720 liuul
294 1692 493 1720 desideriorqu
516 1701 606 1726 curas,
628 1701 698 1728 quas
714 1693 843 1729 prohibet
859 1695 999 1729 Dominus,

213 1740 249 1769 ad
265 1739 430 1767 uniformem
446 1741 624 1776 divinamque
637 1743 720 1770 vitam
740 1743 855 1775 reducit,
869 1747 898 1769 ut
919 1743 1000 1769 nimi-

212 1794 272 1817 rum
293 1794 449 1822 quaeramus
471 1788 588 1822 primum
611 1796 722 1824 regnum
739 1788 798 1823 Dei,
822 1793 850 1817 et.
865 1789 999 1824 justitiam

211 1833 280 1867 ejus.
305 1833 333 1860 Id
357 1838 448 1861 autem
464 1841 518 1868 quo
540 1835 580 1862 sic
601 1835 692 1862 anima
712 1835 877 1870 disponitur,
891 1842 999 1862 sacrum

213 1879 335 1907 habitum
356 1879 524 1914 appellavit,
548 1881 595 1915 qui
610 1881 653 1908 vel
673 1881 790 1908 maxime
815 1881 1002 1908 sacerdotibus

213 1930 257 1954 est
270 1931 486 1954 consentaneus.
501 1927 675 1962 Accipientes
686 1927 777 1962 itaque
791 1927 826 1954 ab
841 1927 899 1962 ipso
913 1927 1000 1954 virtu-

214 1977 282 2004 tem,
299 1973 493 2007 progredimur
515 1973 549 2000 ad
573 1973 735 2001 hierarchia:
760 1973 927 2001 functionem
948 1983 955 2001 :
976 1978 1003 2001 et

214 2018 265 2047 hoc
280 2019 362 2046 modo
375 2019 479 2046 sanctis
503 2019 607 2054 angelis
625 2019 865 2054 approximamus.
880 2020 1001 2047 illorum-

214 2071 268 2099 que
290 2072 341 2100 ope
359 2065 392 2092 ad
417 2065 641 2100 divinamJucem
661 2065 862 2101 suspicientes,
883 2066 1002 2101 indeque

213 2113 328 2143 pcientia
340 2112 506 2148 cognitionis
519 2113 736 2147 spectaculorum
748 2113 876 2140 illustrati
889 2114 1004 2148 (speeta-

213 2159 275 2190 cula
299 2164 389 2187 autem
405 2164 486 2188 vocat
502 2160 643 2188 doctrinas
664 2160 697 2187 de
715 2160 785 2192 Deo,
809 2168 870 2195 quae
892 2168 946 2187 non
970 2168 1002 2187 ex

214 2207 287 2237 nudo
300 2207 444 2234 verborum
469 2207 575 2239 auditu,
592 2207 636 2234 vel
653 2215 794 2234 sacrarum
819 2208 1003 2235 doctrinarum

1052 259 1106 286 τῶν
1127 259 1206 286 θείων
1223 259 1345 292 ἐκείνων,
1364 261 1411 286 καὶ
1433 261 1493 287 κατ’
1507 261 1613 296 εκείνην
1623 261 1672 296 τὴν
1688 259 1763 296 ἱερὰν
1775 261 1836 287 ἑπι-

1054 307 1101 342 στή
1107 315 1160 342 μην
1177 307 1224 333 καὶ
1237 306 1376 342 ἐνέργειαν
1389 306 1467 339 θεοὺς
1487 307 1614 334 ἀποτελεῖ
1628 307 1691 339 τοὺς
1708 307 1836 344 μετόχους

1051 353 1136 387 αὐτῆς
1153 353 1200 380 καὶ
1213 353 1328 385 τελειοῖ,
1346 354 1378 380 ἐκ
1397 353 1452 380 τῶν
1473 354 1625 388 ἱερωτάτων
1641 352 1756 389 Γραφῶν
1771 354 1838 380 ἀπο-

1050 399 1134 431 δεῖξαι
1155 400 1225 434 χρή·
1239 399 1296 426 ἀλλ’
1311 399 1341 425 οὺ
1361 400 1470 431 πάντως
1485 400 1577 431 πᾶσιν,
1590 399 1658 426 ἀλλὰ
1676 399 1764 435 μόνοις
1780 401 1837 431 τοῖς

1048 445 1209 482 ἠξιωμένοις
1223 446 1272 481 τῆς
1288 446 1415 482 τοιαύτης
1436 446 1628 482 μυσταγωγίας
1648 445 1691 472 διὰ
1702 447 1751 481 τῆς
1767 447 1836 473 ἀπο-

1051 493 1152 520 στόλων
1163 493 1350 528 παραδόσεως.
1368 494 1404 520 Σὺ
1421 493 1449 520 δὲ
1469 493 1574 524 σκόπει,
1589 493 1645 529 ίερὲ
1658 495 1717 526 παῖ,
1736 494 1752 529 ἢ
1765 493 1837 520 κατὰ

1049 539 1080 566 τὸ
1096 539 1236 576 νεώτερον,
1251 540 1268 576 ἦ
1281 540 1351 567 κατὰ
1367 540 1416 576 τὴν
1429 540 1505 574 τάξιν
1517 540 1567 575 τῆς
1582 540 1754 572 διδασκαλίας
1769 540 1838 576 (παι

1048 585 1126 621 τέρες
1156 586 1209 622 γὰρ
1238 587 1262 612 οί
1292 585 1479 622 διδάσκαλοι),
1504 586 1578 618 ὅπως
1604 586 1641 622 μὴ
1667 585 1837 620 παιγνιωδιῖκς

1050 632 1097 658 καὶ
1115 632 1271 665 ἀνευλαὸῶς
1296 633 1412 669 ποιήσῃς
1433 634 1490 665 τοῖς
1511 633 1629 669 ἀνιέροις
1646 633 1786 668 καταφανῆ
1803 631 1838 658 τὰ

1048 679 1160 705 τοιαῦτα
1175 680 1325 715 μυστήρια,
1340 679 1457 714 γέλωτος
1474 680 1600 716 ἀφορμὴν
1613 679 1783 715 ποιουμένοις
1801 678 1837 705 τὰ

1050 723 1109 750 θεῖα
1123 724 1170 750 καὶ
1183 725 1315 760 μυστικά·
1330 724 1397 751 ἀλλὰ
1409 725 1523 761 τίμησον
1533 725 1612 756 αὐτὰ,
1621 725 1716 761 ὥσπερ
1726 725 1804 759 λόγον
1816 727 1836 755 ⁸,

1049 772 1083 806 τῇ
1108 772 1208 805 σιωπῇ.
1227 771 1258 796 Εἰ
1280 770 1308 797 δέ
1333 780 1382 797 που
1406 772 1452 799 καὶ
1473 771 1563 806 δεήσει
1585 770 1776 802 κοινώσασθαι,
1799 771 1836 806 μὴ

1048 817 1105 846 τοῖς
1123 816 1275 848 ἀτελέστοις
1291 816 1393 843 τούτων
1414 815 1552 848 κοινώνει,
1578 815 1645 842 ἀλλὰ
1667 817 1723 848 τοῖς
1745 817 1836 852 ἱεροῖς,

1050 862 1188 894 κάκείνοις
1215 862 1386 898 ἱεροπρεπῶς
1411 862 1458 888 καὶ
1485 861 1544 897 μεθ’
1563 862 1639 898 ἱερᾶς
1662 862 1837 897 ἐλλάμψεως,

1052 909 1089 944 μὴ
1102 908 1276 944 ὲναπομένων
1292 910 1349 940 τοῖς
1364 908 1460 940 τύποις
1471 929 1478 940 ,
1495 907 1562 935 ἀλλὰ
1574 908 1609 935 τὰ
1621 908 1721 935 ἀθέατα
1738 907 1838 944 ὲλλαμ-

1050 956 1181 990 πόμενος·
1196 955 1265 982 οὕτω
1281 955 1335 991 γὰρ
1347 955 1394 982 καὶ
1407 956 1473 990 ἡμῖν
1487 956 1544 987 τοῖς
1564 955 1628 990 περὶ
1646 955 1681 981 τὰ
1698 954 1758 982 θεῖα
1775 955 1839 980 ὲπε-

1051 1000 1243 1036 στραμμένοις,
1256 1001 1272 1036 ἢ
1285 999 1319 1026 τὰ
1330 1000 1389 1027 θεῖα
1407 1000 1498 1036 ᾅδουσι
1517 1001 1659 1036 χορευταῖς
1668 1020 1675 1032 ,
1689 1000 1839 1036 παρεδόθη-

1051 1054 1109 1072 σαν.
1134 1046 1188 1073 Καὶ
1213 1046 1292 1078 αὐτὸς
1320 1047 1335 1073 ὁ
1357 1044 1575 1082 θεαρχιγώτατος
1602 1045 1663 1078 νοῦς
1688 1047 1701 1072 ὸ
1726 1045 1802 1078 Θεὸς,
1822 1046 1839 1081 ἡ

1050 1093 1141 1128 πάσης
1161 1093 1315 1127 ἁγιωσύνης
1336 1093 1383 1120 καὶ
1399 1092 1542 1129 θεουργίας
1556 1093 1639 1125 αἰτία,
1663 1092 1738 1128 (ἐπεὶ
1751 1091 1805 1128 γὰρ
1822 1092 1840 1127 ἡ

1051 1139 1176 1174 ἱεραρχία
1189 1139 1327 1174 ἐπιστήμη
1344 1139 1403 1166 ἐστὶ
1416 1138 1464 1165 καὶ
1480 1134 1616 1175 ὲνέργεὶα,
1633 1139 1683 1174 τὴν
1700 1139 1749 1175 μὲν
1760 1139 1841 1173 ἁγιωι

1051 1184 1133 1220 σύν-ην
1155 1185 1223 1220 πρὸς
1239 1186 1289 1221 τὴν
1303 1186 1458 1222 ἐπιστήμην
1473 1186 1616 1221 λαμϐάνει,
1634 1186 1682 1222 τὴν
1699 1185 1727 1212 δὲ
1745 1185 1840 1220 θεουρ-

1050 1231 1112 1264 γίαν
1133 1231 1199 1266 πρὸς
1221 1232 1269 1267 τὴν
1292 1231 1447 1268 ἐνέργειαν)
1464 1233 1524 1264 ταῖς
1546 1231 1687 1267 οὐρανίαις
1707 1231 1840 1267 ὲλλάμπει

1050 1277 1179 1313 δυνάμεσι
1199 1276 1359 1312 τρανότερόν
1371 1286 1400 1304 τε
1414 1278 1461 1305 καὶ
1473 1277 1637 1314 νοερώτερον
1648 1277 1772 1312 (νοοῦμεν
1786 1276 1841 1311 γὰρ

1051 1323 1098 1350 καὶ
1113 1324 1193 1359 ἡμεῖς
1205 1344 1212 1355 ,
1231 1324 1288 1350 ἀλλ’
1302 1324 1332 1351 οὐ
1353 1324 1412 1351 κατ’
1430 1323 1552 1358 ὲκείνας)
1563 1344 1570 1356 ,
1589 1325 1635 1351 καὶ
1652 1323 1753 1355 ταύτας
1772 1323 1842 1359 πρὸς

1050 1369 1081 1395 τὸ
1101 1370 1200 1396 οἰκεῖον
1229 1369 1302 1404 φῶς,
1326 1370 1369 1396 ἵνα
1386 1370 1432 1396 καὶ
1444 1370 1522 1397 αὐταὶ
1542 1369 1641 1405 δηλαδὴ
1664 1370 1726 1402 τοὺς
1745 1369 1841 1401 ἄλλους

1052 1416 1206 1451 φωτίζωσιν
1218 1436 1224 1447 ,
1250 1417 1392 1452 ἀφομοιοῖ,
1411 1416 1482 1443 κατὰ
1501 1416 1614 1451 δύναμιν
1631 1416 1720 1442 αὐτῶν
1738 1416 1770 1451 δὴ
1787 1415 1842 1441 τῶν

1051 1461 1151 1498 νοερῶν
1165 1470 1196 1489 τε
1210 1462 1257 1488 καὶ
1270 1463 1371 1498 νοητῶν
1383 1462 1492 1495 οὐσιῶν,
1510 1463 1540 1489 οὺ
1558 1462 1612 1498 γὰρ
1628 1461 1698 1489 κατὰ
1715 1463 1763 1498 τήν
1776 1463 1841 1489 ἑαυ-

1052 1508 1098 1535 τοῦ
1114 1508 1228 1545 δύναμιν
1240 1517 1246 1523 ’
1271 1509 1487 1545 ἀπειροδύναμος
1509 1509 1563 1544 γὰρ
1580 1510 1594 1536 ὁ
1609 1509 1685 1541 θεὸς.
1706 1508 1798 1544 Ἦμῶν
1810 1517 1842 1534 τε

1052 1555 1101 1587 τὰς
1117 1555 1217 1588 πολλὰς
1230 1556 1400 1592 ἑτερότητας,
1417 1555 1466 1587 τὰς
1478 1554 1626 1587 πολυειδεῖς
1636 1555 1690 1581 τῶν
1703 1554 1842 1590 σαρκικῶν

1052 1602 1203 1638 ἐπιθυμιῶν
1222 1602 1364 1639 μερίμνας,
1380 1602 1413 1634 ἃς
1430 1601 1597 1638 ἀπαγορεύει
1615 1602 1628 1627 ὁ
1644 1601 1761 1637 Κύριος,
1777 1609 1842 1627 συν-

1051 1649 1112 1683 άγει
1130 1650 1170 1681 είς
1187 1649 1288 1684 ἐνοειδῆ
1308 1649 1356 1676 καὶ
1371 1649 1445 1676 θείαν
1462 1648 1544 1684 ζωὴν,
1562 1648 1592 1675 τὺ
1609 1647 1701 1684 ζητεῖν
1720 1647 1842 1683 δηλονότι

1054 1696 1082 1721 ἐν
1101 1695 1220 1732 πρώτοις
1233 1695 1282 1730 τὴν
1297 1695 1435 1730 βασιλείαν
1447 1694 1493 1721 τοῦ
1511 1694 1590 1725 Θεοῦ,
1611 1694 1657 1720 καὶ
1676 1693 1725 1728 τὴν
1742 1693 1843 1719 δικαιο-

1053 1741 1134 1777 σύνην
1147 1740 1238 1768 αὑτοῦ.
1252 1741 1288 1767 Τὸ
1299 1741 1327 1767 δὲ
1338 1740 1408 1767 οὕτω
1422 1739 1592 1767 πεποιῶσθαι
1608 1739 1658 1775 τὴν
1669 1739 1768 1775 ψυχὴν,
1784 1738 1841 1771 ἕξιν

1051 1787 1128 1823 ἱερὰν
1139 1787 1317 1819 ἀπεκάλεσεν,
1335 1788 1394 1823 ἥτις
1413 1789 1459 1814 καὶ
1477 1787 1593 1823 μάλιστα
1609 1787 1665 1817 τοῖς
1679 1785 1842 1821 ἱερωμένοις

1052 1834 1198 1871 πρεπώδης
1210 1835 1276 1861 ἐστί.
1297 1835 1488 1870 Λαμὸἁνοντες
1508 1833 1573 1869 γοῦν
1587 1834 1650 1869 παρ’
1668 1833 1773 1860 ἐκείνου
1792 1832 1842 1868 τὴν

1052 1881 1166 1916 δύναμιν
1196 1880 1392 1916 προχωροῦμεν
1420 1881 1466 1908 καὶ
1488 1882 1535 1908 ἐπὶ
1556 1881 1606 1917 τὴν
1626 1881 1675 1916 τῆς
1704 1880 1842 1916 ίεραρχίας

1053 1927 1211 1963 ἐνέργειαν·
1231 1929 1278 1954 καὶ
1302 1927 1388 1960 οὕτως
1405 1926 1550 1964 ἐγγίζομεν
1569 1929 1626 1960 τοῖς
1642 1927 1783 1961 ἀγγέλοις,
1808 1927 1842 1962 τῇ

1055 1975 1123 2010 πρὸς
1147 1974 1244 2006 αὐτοὺς
1269 1974 1436 2010 ἀφομοιώσει
1449 1995 1455 2006 ,
1482 1975 1529 2001 καὶ
1549 1974 1582 2000 δι’
1603 1974 1690 2000 αὐτῶν
1709 1973 1777 2008 πρὸς
1794 1973 1843 2008 τὴν

1054 2021 1202 2057 θεαρχικὴν
1228 2021 1315 2056 αὐγὴν
1342 2021 1559 2056 ἀναϐλέψαντες,
1581 2021 1627 2047 καὶ
1646 2019 1843 2055 ἐλλαμφθέντες

1055 2067 1158 2094 ἐκεῖθεν
1173 2067 1222 2103 τὴν
1242 2067 1398 2104 ἐπιστήμην
1413 2068 1462 2104 τῆς
1482 2069 1535 2094 τῶν
1552 2067 1695 2103 θεαμάτων
1716 2065 1844 2101 γνώσεως

1056 2113 1196 2148 (θεάματα
1208 2113 1235 2139 δὲ
1252 2113 1285 2139 τὰ
1298 2114 1361 2149 περὶ
1381 2113 1449 2139 Θεοῦ
1473 2121 1539 2149 φησι
1551 2113 1719 2148 διδάγματα·
1739 2112 1769 2138 οὒ
1790 2112 1845 2148 γὰρ

1055 2159 1117 2195 ἄχρι
1129 2159 1210 2195 ψιλῆς
1230 2159 1279 2195 τῆς
1297 2159 1352 2186 τῶν
1371 2159 1458 2194 λόγων
1474 2160 1557 2194 ἀκοῆς
1576 2158 1592 2194 ἢ
1615 2159 1795 2194 ὲκφωνήσεως
1811 2158 1846 2185 τὰ

1055 2206 1108 2232 τῶν
1127 2205 1206 2241 ἱερῶν
1222 2205 1347 2241 μυήσεών
1359 2207 1411 2232 εἰσι
1423 2205 1458 2241 ·),
1470 2206 1595 2240 γενέσθαι
1611 2205 1790 2241 δυνησόμεθα,
1808 2205 1846 2236 ὡς

215 2253 441 2287 pronuntiatione
454 2253 587 2288 existunt)
601 2255 718 2281 evadere
732 2255 894 2289 poterimus,
911 2259 939 2282 ut
956 2262 1000 2289 pa-

1056 2251 1187 2284 παθόντες
1212 2252 1261 2288 μὲν
1283 2252 1317 2279 τὰ
1341 2252 1447 2279 ἐκεῖθεν
1475 2251 1561 2284 καλὰ,
1583 2251 1781 2287 ἀφιερωμένοι,
1800 2251 1847 2287 δη-

214 2298 317 2326 tieutes
331 2298 442 2332 quidem
462 2306 523 2333 quae
548 2297 585 2325 ibi
607 2297 721 2332 pulchra
745 2303 818 2329 sunt,
838 2297 1001 2330 consecrati,

215 2345 314 2379 nempe
325 2345 385 2379 puri
400 2349 428 2371 et
442 2343 613 2377 luciformes,
629 2349 657 2370 et
670 2343 800 2377 perfecti;
819 2343 890 2370 velut
906 2343 1002 2370 habitu

214 2397 279 2417 vero
298 2390 350 2417 hoc
373 2389 539 2423 obtinentes,
554 2395 635 2424 atque
658 2389 753 2416 eadem
775 2389 836 2416 aliis
853 2389 1004 2416 communi-

214 2442 279 2464 care
295 2435 430 2468 valentes,
456 2439 680 2467 consecratores,
705 2439 732 2462 et
756 2434 825 2461 lucis
847 2439 1005 2469 operatores

215 2489 263 2509 seu
287 2481 497 2513 illuminatores,
525 2485 553 2508 et
576 2481 759 2516 perfectores;
788 2481 845 2508 hmc
871 2480 1004 2515 siquidem

216 2528 268 2557 tria
287 2532 352 2555 sunt
368 2527 532 2556 liierarcltim
545 2533 650 2563 partes.

253 2574 267 2611 §
281 2574 313 2602 ll.
329 2574 398 2602 Cum
413 2580 504 2602 autem
517 2574 563 2601 hic
574 2581 665 2602 sermo
678 2573 745 2600 duas
760 2576 888 2607 agnoscat
901 2572 1005 2600 liierar-

215 2621 304 2654 chias,
319 2620 467 2649 secundum
478 2620 713 2655 participationem
722 2618 897 2646 divinissimae
911 2625 1006 2645 esseu-

218 2668 262 2696 tiaa
276 2668 367 2696 omnis
385 2667 548 2696 bierarchiaa
564 2666 623 2699 Dei,
639 2666 696 2693 vult
707 2665 787 2693 Pater
801 2665 844 2694 hic
856 2665 1004 2697 declarare,

218 2713 285 2748 quid
302 2712 355 2740 illis
369 2719 514 2740 commune
536 2715 563 2740 et
581 2711 647 2746 quid
661 2711 800 2746 proprium
817 2711 863 2743 sit,
878 2711 1007 2745 quocirca

218 2759 286 2786 dicit
301 2766 309 2786 :
325 2758 390 2792 Quae
405 2758 516 2793 quidem
530 2758 653 2786 ccelestis
665 2757 700 2785 sit
713 2757 867 2785 trierarclua
880 2757 944 2784 alibi
960 2764 1005 2784 rc-

220 2805 320 2840 peries,
336 2805 382 2832 ubi
396 2804 461 2832 licet
475 2812 527 2832 non
544 2812 595 2839 pro
606 2803 749 2838 dignitate,
764 2810 813 2838 pro
830 2802 899 2829 virili
917 2807 1006 2829 tamen

220 2855 326 2883 nostra,
342 2851 376 2878 de
393 2850 446 2876 illis
463 2851 632 2885 disputatum
645 2854 706 2882 est;
723 2848 750 2876 in
767 2856 822 2883 quo
835 2848 964 2875 Tractatu
981 2848 1006 2874 itt

223 2902 306 2924 unum
317 2896 434 2926 dicimus
454 2897 646 2926 observatione
670 2896 791 2931 dignum,
808 2895 879 2931 quod
895 2902 955 2924 cum
981 2895 1007 2923 iu

1054 2298 1141 2325 λονὸτι
1159 2299 1290 2335 καθαροὶ,
1314 2300 1360 2326 καὶ
1387 2300 1542 2334 φωτοειδείς
1554 2320 1561 2331 ,
1580 2300 1626 2326 καὶ
1642 2298 1844 2334 τετελεσμένοι-

1055 2344 1093 2376 ὠς
1110 2344 1170 2371 καθ’
1189 2345 1245 2377 ἕξιν
1266 2346 1293 2372 δὲ
1310 2345 1418 2380 ἔχοντες
1436 2344 1521 2372 ταῦτα
1534 2366 1540 2378 ,
1556 2346 1603 2372 καὶ
1619 2345 1685 2381 δρᾷν
1704 2344 1746 2371 ἐπ’
1767 2344 1847 2371 ἄλλον

1056 2391 1211 2426 δυνάμενοι,
1230 2392 1381 2428 ἁφιερωταὶ
1397 2392 1444 2419 καὶ
1456 2393 1647 2428 φωτουργικοὶ,
1660 2392 1709 2418 εἴτ’
1726 2390 1772 2418 οὖν
1789 2400 1847 2426 φω-

1055 2439 1182 2469 τιστικοὶ,
1199 2438 1246 2465 καὶ
1264 2438 1462 2474 τελεσιουργοίο
1481 2438 1567 2465 ταῦτα
1584 2438 1639 2474 γὰρ
1649 2438 1683 2464 τὰ
1698 2438 1761 2473 τρία
1776 2438 1848 2474 μέρη

1056 2485 1106 2520 τῆς
1125 2486 1146 2511 ίε
1151 2485 1264 2521 ραρχίας
1277 2485 1355 2512 είσίν.

1094 2575 1108 2611 §
1121 2574 1151 2602 ΙΙ.
1170 2575 1279 2611 Ἐπειδὴ
1291 2575 1337 2601 δύο
1355 2575 1495 2611 ἱεραρχίας
1506 2577 1520 2601 ὁ
1533 2575 1611 2610 λόγος
1623 2573 1679 2601 οἶδε
1691 2574 1761 2602 κατὰ
1774 2583 1851 2610 μετο-

1057 2622 1107 2658 χὴν
1124 2622 1173 2656 τῆς
1187 2621 1408 2657 θεαρχικωτάτης
1418 2621 1512 2654 οὐσίας
1523 2622 1631 2657 ἁπάσης
1645 2620 1786 2656 ίεραρχίας
1801 2620 1850 2648 τοῦ

1057 2667 1142 2700 Θεοῦ,
1159 2667 1282 2702 βούλεται
1294 2668 1309 2693 ό
1321 2667 1416 2703 Πατὴρ
1437 2667 1467 2693 τό
1490 2675 1520 2693 τε
1539 2668 1627 2695 ·ιοινὺν
1648 2667 1737 2694 αὐτῶν
1755 2668 1801 2694 καὶ
1819 2667 1851 2693 τὸ

1059 2714 1124 2741 ἴδιον
1139 2714 1323 2749 διασαφῆσαι,
1342 2714 1387 2740 διὰ
1404 2713 1483 2740 τοῦτο
1506 2713 1578 2748 λεγει
1590 2722 1596 2728 ·
1619 2714 1668 2746 Τίς
1682 2713 1730 2749 μέν
1742 2714 1815 2740 ἐστιν
1834 2714 1850 2744 ή

1057 2760 1170 2796 οὐρανία
1196 2759 1339 2794 ίεραρχία,
1365 2760 1491 2795 εὑρήσεις
1518 2760 1547 2786 ὲν
1575 2759 1683 2791 ἄλλοις,
1710 2760 1777 2786 ὅπου
1800 2760 1851 2786 οὐχ

1059 2805 1141 2838 ἀξίως
1160 2805 1218 2840 μὲν,
1236 2805 1274 2837 ὡς
1290 2805 1399 2839 ἐφικτὸν
1411 2805 1439 2831 δὲ
1457 2806 1531 2840 ἡμῖν,
1547 2806 1610 2841 περὶ
1623 2805 1711 2832 αὐτῶν
1724 2803 1848 2841 εἴρηται·

1059 2852 1087 2876 ἐν
1143 2849 1171 2876 δὲ
1192 2851 1330 2885 περικοπῇ
1346 2849 1375 2877 ἓν
1392 2858 1418 2876 τι
1439 2849 1555 2884 λέγομεν
1573 2850 1739 2881 ἐπιστάσεως
1763 2849 1849 2882 ἄξιον,

1059 2897 1099 2923 ὅτι
1114 2897 1191 2932 ἡμεῖς
1213 2896 1272 2931 μὲν,
1290 2895 1360 2923 κατὰ
1378 2896 1464 2924 πάντα
1483 2895 1643 2931 προθέμενοι
1662 2897 1716 2928 τοῖς
1740 2895 1850 2932 ἀρχαιο-
