1931 3073
97 158 152 186 585

365 156 409 183 DE
425 155 564 184 ECCLES.
580 153 779 187 ΠῘΕΒΑΠΕΗἿ
797 154 874 182 CAP.

937 170 971 175 ——
992 152 1167 182 PARAPHR.
1189 154 1424 182 PACIIUIERE.

1676 152 1727 181 588

95 218 188 254 τέροις
202 215 421 247 κατακολουθεῖν,
439 216 468 242 ἐν
483 213 522 250 τῷ
539 213 607 248 Περί
621 213 677 247 τῆς
689 213 830 247 οὐρανίας
851 213 881 239 Ζε-

941 212 1070 239 onmihus
1084 211 1251 245 propositum
1267 212 1303 239 sit
1319 212 1396 240 nobis
1413 213 1583 248 antiquiores
1593 214 1679 249 sequi,
1698 211 1727 240 in

91 263 221 297 ραρχίας
235 262 347 297 εἴπομεν
360 261 419 288 κατ’
433 260 554 291 ἐκείνους
566 260 615 295 τὴν
625 259 680 286 τῶν
696 259 799 294 θρόνων
809 258 886 291 τάξιν

95 309 265 344 ὑψηλοτέραν
285 308 338 334 τῶν
355 307 451 334 ἄλλων.
469 306 621 342 Σκοπητέον
637 306 666 332 δὲ
683 306 714 332 ἐκ
736 305 848 335 τούτων,
860 305 885 331 εἰ

95 354 187 386 καλῶς
213 353 330 388 ταύτην,
357 353 403 380 καὶ
421 353 452 379 οὗ
475 352 522 388 τὴν
540 351 594 378 τῶν
616 351 748 387 σεραφίμ·
770 350 886 377 ἐνταῦθα

95 401 151 437 γὰρ
164 400 218 427 ἀπὸ
235 399 289 426 τῶν
306 399 426 434 ἐσχάτων
443 398 597 433 διακόσμων
614 397 783 433 ἀρξάμενος,
805 396 885 432 μέχρι

95 446 207 472 καὶτῶν
221 446 341 481 σεραφὶμ
354 443 494 480 κατέληξε,
509 443 582 480 Πλὴν
603 443 659 470 ἀλλ’
675 444 748 475 ὅπως
765 443 798 470 ἂν
818 443 883 478 ἔχοι,

95 491 198 518 νικάτω
218 491 247 518 τὸ
275 490 463 526 ἀρχαιότερον.
484 489 616 516 Τοσοῦτον
635 490 662 516 δὲ
682 490 756 525 ὅμως
776 490 789 515 ὁ
808 489 885 523 ἅγιος

69 565 73 569 ,
94 536 178 571 λέγει,
191 536 221 563 τὸ
233 537 320 563 κοινὸν
332 535 440 572 ἁπάσης
454 536 592 571 ἰεραρχίας
605 535 741 567 συνιστὰς,
755 536 795 562 ὅτι
810 536 884 562 πᾶσα

94 583 220 618 ἱεραρχία
231 583 294 618 μίαν
312 582 368 617 ἔχει
389 582 438 617 τὴν
456 582 580 618 δύναμιν.
599 582 636 608 Τὸ
651 582 740 608 τοίνυν
754 582 835 608 αὐτόν
855 590 884 608 τε

93 629 139 655 τὸν
154 629 282 664 ίεράρχην
296 628 365 655 κατὰ
380 628 430 664 τὴν
449 628 514 656 ἰδίαν
531 628 623 655 οὐσίαν
634 637 640 643 ·
659 628 724 664 άλλη
737 628 791 664 γὰρ
803 629 886 663 ἀγγέ-

93 675 140 702 λου
156 675 302 711 τελειότης,
321 675 367 702 καὶ¹
390 674 456 710 ἄλλη
475 675 633 710 ἀνθρώπου⁶
657 676 703 702 καὶ
717 673 794 707 αὖθις
815 675 886 703 κατὰ

92 722 143 756 τὴν
160 722 262 749 οἰκείαν
277 722 420 757 ἀναλογίαν
439 723 485 750 καὶ
503 722 579 755 τάξιν
589 731 595 737 ·
610 723 655 749 ἐπὶ
666 722 721 758 γὰρ
733 724 789 755 τοῖς
803 723 886 758 οὐρα-

93 769 160 801 νίοις
174 769 240 805 ἄλλη
257 770 307 805 τῆς
324 769 554 806 ὑπερϐεϐηκυίας,
571 770 619 796 καὶ
635 769 702 804 ἄλλη
719 770 770 804 τῆς
785 769 884 796 ὑποϐε-

93 815 210 851 ϐηκυίας
232 815 335 848 τάξεως
395 816 555 852 λαμπρότης
567 824 573 830 ·
595 816 641 842 ἐπὶ
656 816 684 842 δὲ
705 817 761 847 τοῖς
781 815 885 851 γηῖνοις

92 862 159 898 ἄλλη
175 862 229 891 τῶν
243 864 412 896 ἐπισκόπων,
432 863 479 890 καὶ¹
498 863 565 899 ἄλλη
584 864 637 890 τῶν
656 863 848 899 πρεσϐυτέρων
867 864 884 898 ὴ

938 257 1008 285 libro
1018 257 1055 285 De
1064 256 1168 284 Caelesti
1181 257 1339 285 Hierarcltia
1352 258 1482 292 diximus,
1496 261 1567 288 inter
1578 260 1639 287 illos
1653 261 1727 287 thro-

937 311 1034 332 norum
1058 305 1183 331 ordinem
1202 305 1310 332 cmleris
1326 311 1385 332 esse
1407 306 1606 334 sublimiorem.
1623 308 1725 336 Verum

936 358 969 378 ex
984 351 1028 378 his
1042 351 1277 385 perpendendum,
1296 359 1360 378 num
1374 352 1449 380 illum
1467 359 1552 387 recte,
1568 359 1594 381 et
1614 363 1666 383 non
1682 363 1726 383 se-

936 397 1061 431 raphim,
1084 396 1272 424 sublimiorem
1301 396 1425 424 ordinem
1449 405 1574 426 asserere
1599 400 1728 428 debueri-

936 450 996 469 mus
1018 450 1025 469 :
1054 442 1099 470 hic
1123 443 1196 470 enim
1219 443 1255 470 ab
1278 442 1382 470 ultimis
1409 444 1632 479 dispositionibus
1659 446 1728 474 inci-

937 490 1024 525 piens,
1041 491 1148 516 tandem
1165 489 1192 517 in
1207 490 1344 524 seraphim
1361 490 1468 517 desivit.
1484 486 1633 524 Caeterum,
1648 493 1728 528 quid-

935 536 1000 570 quid
1020 536 1071 563 hac
1096 535 1130 563 de
1153 543 1184 563 re
1206 535 1252 568 sit,
1271 536 1363 565 vincat
1384 536 1410 564 id
1427 537 1498 571 quod
1520 537 1658 572 antiquius
1673 543 1726 566 est.

935 581 1002 609 Illud
1025 587 1100 610 certe
1128 586 1243 609 sanctus
1270 582 1314 609 hic
1338 582 1470 616 aliirmat,
1495 590 1641 611 commune
1665 590 1727 612 esse

934 629 1007 656 omni
1019 628 1178 656 hierarchite
1187 628 1260 663 quod
1269 629 1357 656 omnis
1369 629 1522 656 hierarchia
1534 637 1616 656 unam
1624 630 1729 657 habeat

935 675 1074 702 virtutem.
1090 674 1190 702 Detinit
1208 676 1300 710 itaque
1317 675 1500 703 hierarchiam
1527 675 1605 711 163
1627 676 1726 711 partim

936 722 1086 749 secundum
1105 722 1248 757 propriam
1263 726 1402 756 naturam,
1417 723 1546 756 quoniam
1557 723 1611 749 alia
1625 728 1668 750 est
1678 730 1728 750 an-

938 767 1002 802 geli,
1017 772 1045 795 et
1061 767 1113 795 alia
1129 768 1248 795 hominis
1262 767 1404 802 perfectio,
1420 768 1521 803 partim
1538 768 1620 795 etiam
1634 775 1728 796 secun‘

937 814 1000 841 dum
1022 814 1227 849 proportionem
1252 819 1280 841 et
1304 814 1428 841 ordinem
1452 813 1551 849 cuique
1568 814 1724 848 proprium:

937 860 1067 894 quoniam
1090 860 1117 887 in
1144 859 1302 887 cmlestibus
1318 859 1371 887 alia
1391 865 1434 887 est
1456 859 1617 894 superioris,
1632 864 1660 887 et
1673 860 1726 887 alia

91 909 181 942 τάξις.
201 910 238 936 Τὸ
254 909 394 944 ἀναλόγως
413 908 479 944 γοῦν
503 909 662 944 τελεσθῆναι
680 909 727 936 τὸν
747 910 881 945 ἱεράρχηνη

940 902 1078 930 inferioris
1107 902 1212 930 ordinis
1237 902 1387 934 claritudo;
1411 902 1438 929 iu
1464 903 1641 930 terrestribus
1660 910 1726 930 vero

91 955 141 982 καὶ
162 957 218 988 τοῖς
244 955 427 991 ὑποϐεϐηκόσι
453 955 620 990 μεταδιδόναι
639 956 688 991 τῆς
707 955 885 990 ἐγγινομένης

91 1001 167 1037 αὑτῴ
186 1001 277 1028 θεόθεν
291 1002 459 1037 ἐλλάμῲεως,
475 1001 521 1028 καὶ
535 1001 615 1028 πάλιν
633 1001 697 1033 τοὺς
717 1001 885 1036 ὑποϐεϐηκό-

90 1056 140 1079 τας
154 1049 210 1080 τοῖς
223 1048 359 1084 κρείττοσι
373 1048 421 1083 μὲν
432 1047 556 1080 ἕπεσθαι,
574 1047 627 1074 τῶν
640 1047 668 1073 δε
681 1047 798 1082 ἡττόνων
811 1047 885 1082 ἠγεῖ-

92 1093 165 1127 σθαι,
182 1094 261 1121 τοῦτό
273 1096 374 1130 ἐστινή
390 1095 466 1130 κοινὴ
485 1095 534 1130 τῆς
555 1094 696 1130 ἱεραρχίας
715 1094 824 1129 ἁπάσης
837 1093 882 1120 δύ-

90 1149 182 1177 ναμις.
204 1141 240 1167 Οὐ
257 1141 310 1176 μὴν
320 1141 359 1172 δὲ,
380 1141 438 1168 ἀλλ’
450 1141 516 1168 ἴδιόν
527 1141 600 1167 ἐστιν
612 1140 729 1177 ἑκατέρᾳ
746 1141 882 1177 ἰεραρχίᾳ,

90 1187 132 1214 ὅτι
145 1188 162 1223 ἡ
178 1187 228 1223 μὲν
249 1185 361 1223 οὐρανία
380 1187 533 1223 ἀσωμάτων
553 1186 612 1213 ἐστὶ
628 1187 675 1213 καὶ
694 1187 796 1222 νοητῶν
815 1188 884 1223 πρὸς

90 1234 164 1269 ἡμᾶς
184 1234 325 1269 (κάκεῖναι
338 1233 392 1270 γὰρ
407 1234 474 1270 πρὸς
488 1234 533 1260 τὸν
551 1233 616 1260 Θεὸν
628 1233 719 1268 νοεραί
741 1235 793 1260 εἰσι
803 1233 823 1268 ),
837 1235 884 1260 καὶ

89 1279 134 1306 διὰ
146 1279 225 1305 τοῦτο
238 1280 285 1306 καὶ
304 1279 430 1316 ἱεραρχία
439 1279 528 1306 αὐτῶν
541 1279 624 1315 νοητὴ
637 1279 685 1306 καὶ
700 1279 883 1315 ὑπερκόσμιός

89 1326 182 1352 ἐστιν·
205 1326 221 1360 ἡ
247 1325 309 1352 καθ’
325 1326 398 1361 ἡμᾶς
417 1326 445 1352 δὲ
463 1325 497 1352 δι’
511 1325 647 1360 αἰσθητῶν
663 1325 813 1360 συμϐόλων,
833 1325 882 1361 δη-

88 1371 177 1398 λονότι
195 1371 381 1407 βαπτίσματος
394 1392 400 1403 ,
419 1371 565 1405 συνάξεως,
590 1371 747 1404 κοινωνίας,
764 1372 810 1398 καὶ
828 1372 882 1398 τῶν

88 1416 191 1443 λοιπῶν
207 1417 399 1453 ποικιλλομένη
412 1417 587 1452 πληθύνεται.
607 1418 684 1453 Ὅσῳ
697 1418 751 1454 γάρ
762 1426 804 1449 τις
819 1417 883 1444 ἀνά-

89 1471 167 1496 γεται
181 1463 222 1495 εἰς
239 1463 269 1490 τὸ
288 1464 398 1495 ἐνιαϊον,
420 1463 515 1498 φθάνει
533 1463 582 1499 τῆς
602 1464 721 1499 νοήσεως
735 1472 742 1479 ·
763 1465 809 1491 καὶ
828 1464 883 1499 ὅσῳ

87 1508 146 1539 τοῖς
165 1507 303 1542 αἰσθητοῖς
320 1509 475 1543 προχωρεῖ,
496 1507 661 1543 πληθύνεται
675 1510 731 1540 τοῖς
745 1508 882 1544 αἰσθητοῖς

88 1548 126 1578 ὧν
141 1551 308 1579 αἰσθάνεται.
339 1552 435 1588 Ἑτέρα
459 1551 537 1585 αὖθις
557 1553 611 1580 τῶν
631 1553 678 1580 δύο
698 1554 824 1590 διάφορα,
841 1555 881 1581 ὅτι

936 949 1059 982 alius.est
1071 949 1191 984 episcopi
1206 954 1234 976 et
1248 949 1318 976 alius
1331 949 1399 976 ordo
1413 949 1648 984 presbyterorum.
1661 949 1725 977 Hie-

936 995 1073 1023 rarchiam
1097 996 1190 1030 itaque
1208 995 1320 1028 initiari,
1342 999 1369 1022 et
1392 995 1570 1023 inferioribus
1581 996 1638 1024 suis
1655 996 1725 1026 insi-

936 1046 990 1068 tam
1016 1041 1068 1069 sibi
1098 1041 1230 1069 divinitus
1254 1041 1467 1069 illustrationem
1495 1042 1722 1073 communicare,

934 1092 1017 1122 atque
1034 1088 1117 1115 etiam
1138 1087 1284 1116 inferiores
1309 1088 1498 1123 superioribus
1519 1088 1629 1123 quidem
1643 1089 1724 1116 obse-

934 1135 992 1170 qui,
1009 1138 1037 1161 et
1055 1134 1216 1162 inferiorum
1230 1141 1340 1162 suorum
1359 1134 1441 1161 duces
1454 1134 1582 1168 existere,
1597 1134 1654 1172 btec
1670 1135 1725 1162 vir-

935 1185 979 1208 tus
1005 1180 1130 1215 qumdam
1157 1185 1198 1208 est
1229 1180 1340 1207 cuilibet
1367 1180 1529 1209 hierarchizc
1560 1180 1722 1208 communis.

933 1227 1068 1254 Cteterum
1085 1233 1139 1253 non
1153 1233 1308 1258 commune,
1323 1225 1368 1253 sed
1383 1226 1522 1260 proprium
1537 1226 1650 1254 cuilibet
1665 1226 1724 1253 hie-

935 1271 1051 1299 rarchize
1069 1276 1122 1303 est,
1139 1271 1211 1305 quod
1226 1271 1346 1298 caelestis
1373 1270 1419 1297 illa
1443 1276 1567 1305 respectu
1584 1271 1670 1298 nostri
1689 1270 1724 1298 sit

934 1324 1027 1344 rerum
1046 1317 1272 1352 incorporearum
1297 1322 1324 1345 et
1346 1317 1563 1353 intelligibilium
1582 1320 1657 1355 (nam
1682 1328 1725 1349 re-

933 1369 1028 1398 spectu
1054 1363 1102 1390 Dei
1128 1368 1155 1390 et
1185 1363 1236 1390 illa:
1261 1369 1325 1391 sunt
1348 1364 1565 1399 intelligentes);
1593 1366 1723 1400 quocirca

933 1410 1016 1437 etiam
1035 1417 1129 1437 earum
1146 1409 1302 1437 hierarchia
1319 1410 1501 1444 intelligibilis
1513 1419 1724 1447 acsupramun-

935 1457 1016 1484 dialis
1029 1458 1124 1485 existit
1140 1467 1147 1485 :
1166 1462 1260 1485 nostra
1279 1461 1370 1485 autem
1390 1466 1438 1494 per
1459 1460 1584 1494 symbola
1600 1461 1722 1493 sensilia,

932 1504 1036 1532 scilicet
1051 1504 1236 1538 baptismatis,
1254 1512 1399 1539 synaxeos,
1411 1506 1628 1539 communionis,
1643 1511 1724 1534 caete-

933 1551 1027 1586 risque
1043 1552 1184 1586 variegata
1198 1551 1406 1586 multiplicatur.
1422 1551 1559 1585 Quantum
1576 1553 1649 1580 enim
1661 1554 1724 1588 quis

87 1598 134 1625 τὸν
154 1598 219 1625 Θεὸν
234 1599 281 1626 καὶ
298 1599 348 1635 τὴν
367 1599 441 1626 θείαν
460 1599 560 1636 ἀρετὴν
575 1600 675 1626 ἐκεῖνοι
698 1600 747 1635 μὲν
766 1600 804 1633 ὡς
823 1601 881 1634 νόες

934 1598 1080 1625 adducitur
1095 1598 1129 1625 ad
1143 1605 1224 1624 unum
1242 1597 1306 1625 illud
1321 1598 1478 1633 singulare,
1497 1604 1601 1626 tantum
1616 1601 1724 1628 accedit

87 1645 205 1679 νοοῦσιν,
217 1646 286 1672 ἀλλά
296 1646 357 1673 καθ’
365 1647 425 1673 ὅσον
437 1646 580 1678 κάκείνους
590 1648 659 1673 νοεῖν
672 1648 745 1673 ἐστιν
757 1647 880 1682 ἐφικτόν·

87 1692 169 1727 ἡμεῖς
181 1692 210 1719 δὲ
227 1692 256 1725 ἐξ
275 1691 413 1727 αἰσθητῶν
431 1691 555 1725 εἰκόνων,
572 1692 627 1718 τῶν
638 1693 667 1718 ὲν
679 1694 712 1728 τῇ
735 1693 881 1729 Ἐκκλησία

86 1739 258 1774 τελουμένων
274 1739 356 1775 φημὶ,
371 1739 418 1766 ἐπὶ
431 1739 477 1766 τὸν
493 1739 560 1766 Θεὸν
572 1739 737 1775 ὰναγόμεθα.
763 1740 881 1776 Ἀληθῶς

87 1792 118 1811 τε
133 1786 232 1818 εἰπεῖν,
246 1785 275 1812 ἓν
292 1785 342 1821 μὲν
356 1786 431 1812 ἐστιν
449 1783 481 1813 οὗ
500 1786 600 1817 πάντες
614 1786 734 1820 ἐφίενται
747 1795 753 1801 ·
772 1787 840 1819 τέως
853 1786 881 1813 δὲ

87 1831 205 1858 ἐνταῦθα
220 1831 288 1868 πρὸς
301 1830 347 1859 τὸν
363 1831 462 1859 σκοπὸν
482 1831 536 1858 τῶν
554 1831 602 1858 δύο
622 1831 778 1868 ἱεραρχιῶν,
794 1832 881 1859 ᾶπαν-

87 1884 134 1910 τες
149 1877 174 1903 οἱ
188 1877 314 1908 ἑνοειδεῖς
331 1877 469 1913 δηλονότι,
490 1877 514 1903 οἱ
534 1876 605 1903 κατὰ
625 1877 722 1912 γοερὰν
740 1877 882 1913 ἐνέργειαν

88 1923 248 1958 ὲνιζόμενοι.
282 1923 326 1955 Ὠς
351 1922 406 1959 γὰρ
431 1924 512 1959 ἡμεῖς
532 1923 675 1958 ἑνιζὸμεθα
700 1924 880 1960 ἀναγόμενοι,

88 1969 159 1996 οὕτω
183 1969 230 1996 καὶ
253 1970 279 1995 οἱ
302 1969 369 1996 θεῖοι
392 1969 502 2004 ἄγγελοι
528 1970 568 1997 ἔτι
590 1970 723 2002 ἑνίζονται
746 1971 814 2006 πρὸς
830 1971 880 2004 τὰς

89 2015 164 2048 θείας
184 2016 290 2051 νοήσεις
304 2015 477 2051 ἀναγόμενοι.
500 2016 574 2048 Ἑνὸς
587 2016 641 2051 γὰρ
654 2016 729 2049 ὄντος
750 2017 797 2043 τοῦ
817 2018 881 2052 ἑφε-‹

88 2061 146 2094 τοῦ,
158 2062 206 2096 οὐχ
217 2061 325 2093 ὲνιαίως
337 2061 384 2088 καὶ
398 2062 460 2089 καθ’
474 2061 521 2088 ἕνα
535 2062 582 2088 καὶ
593 2062 638 2088 τὸν
649 2062 730 2089 αὑτὸν
739 2063 839 2099 τρόπον
855 2064 880 2090 οἰ

88 2107 226 2143 ὲφιέμενοι
234 2107 365 2142 ἐφίενται,
377 2107 444 2135 ἀλλὰ
454 2107 525 2135 κατὰ
534 2108 583 2144 τὴν
593 2108 660 2135 ἰδίαν
669 2108 745 2141 ἀξίαν
755 2109 879 2142 ἕκαστος.

94 2154 174 2181 Ἀλλὰ
188 2153 274 2181 ταῦτα
287 2154 335 2190 μὲν
347 2155 376 2181 ὲν
388 2153 477 2186 ἄλλοις
492 2154 598 2190 εἰρηται
608 2163 615 2170 ”
638 2154 684 2181 νῦν
703 2155 731 2181 δὲ
750 2155 800 2191 τὴν
819 2155 880 2182 καθ’

88 2201 162 2236 ἡμᾶς
185 2200 337 2237 ἰεραρχίαν,
359 2200 406 2227 καὶ
431 2200 481 2236 τὴν
501 2200 590 2227 αἰτίαν
608 2201 656 2227 καὶ
682 2201 774 2228 οὐσίαν
796 2202 880 2238 αὐτῆς

87 2246 177 2282 (αὕτη
187 2245 215 2273 δέ
229 2246 302 2273 ἐστιν
314 2247 330 2282 ἡ
342 2246 546 2282 θεαρχικιιγτάτη
558 2246 706 2283 δύναμις),
723 2248 810 2275 εἰπεῖν
821 2256 881 2274 πει-

89 2292 218 2328 ράσομαι,
234 2291 280 2320 τὸν
291 2292 405 2328 Σωτῆρα
417 2292 649 2328 ἐπικαλεσάμενος
670 2293 782 2329 Ἰησοῦν.

934 1643 966 1671 ad
979 1644 1193 1672 intellectionem
1209 1653 1216 1671 :
1232 1649 1364 1680 quantum
1381 1653 1446 1672 vero
1458 1646 1491 1673 ab
1507 1654 1540 1673 eo
1555 1646 1681 1679 discedit,
1694 1647 1720 1674 in

933 1695 1037 1719 tantum
1057 1692 1255 1726 multiplicatur
1269 1699 1317 1720 seu
1336 1692 1500 1719 distrahitur
1512 1693 1593 1720 rebus
1604 1693 1721 1721 sensibi-

932 1737 1014 1769 libus,
1033 1745 1103 1772 quas
1123 1738 1217 1765 sentit.
1232 1737 1291 1764 Alia
1310 1737 1410 1764 iterum
1430 1742 1472 1765 est
1492 1738 1589 1765 horum
1605 1738 1721 1766 duormn

933 1782 1101 1815 diﬂ‘erentia,
1120 1784 1191 1817 quod
1211 1783 1250 1810 illi
1271 1783 1393 1818 quidem,
1413 1788 1442 1811 ut
1462 1788 1579 1818 mentes,
1595 1785 1679 1812 Deum
1693 1791 1722 1812 et

933 1829 1052 1856 divinant
1063 1829 1192 1856 virtutem
1204 1829 1404 1865 intelligant,in
1417 1835 1548 1865 quantum
1564 1831 1670 1859 scilicet
1687 1833 1721 1860 iis

932 1874 974 1902 fas
998 1875 1169 1910 intelligere;
1197 1883 1246 1903 nos
1262 1881 1353 1903 autem
1375 1884 1407 1904 ex
1431 1877 1607 1905 scusibilibus
1624 1879 1719 1914 signis,

932 1929 1004 1956 quae,
1026 1922 1151 1957 inquam,
1165 1921 1192 1949 in
1209 1921 1331 1950 Ecclesia
1354 1928 1560 1958 consecrantur,
1585 1924 1619 1951 ad
1635 1924 1720 1952 Deum

932 1968 1111 1995 adducamur.
1135 1968 1169 1996 Et
1184 1973 1214 1996 ut
1235 1976 1299 1995 vere
1315 1969 1422 2002 dicam,
1447 1978 1529 1996 unum
1546 1970 1655 2005 quidem
1679 1977 1721 1999 est

932 2015 1004 2047 quod
1016 2021 1110 2041 omnes
1118 2017 1260 2048 appetunt,
1271 2015 1470 2049 scilicetquoad
1482 2023 1592 2050 scopum
1605 2017 1720 2045 duarum

933 2060 1151 2088 hierarchiarum
1165 2082 1172 2094 ,
1190 2062 1223 2089 de
1241 2069 1294 2097 quo
1312 2061 1446 2089 hactenus
1462 2062 1537 2097 agit,
1552 2070 1646 2091 omnes
1660 2065 1720 2091 uni-

932 2107 1034 2134 termes
1048 2112 1111 2134 sunt
1125 2107 1170 2142 qui
1185 2115 1233 2143 per
1247 2108 1398 2143 spiritalem
1421 2108 1557 2137 actionem
1577 2109 1718 2139 uniuntur.

933 2152 1011 2180 Sicut
1033 2153 1106 2180 enim
1131 2161 1181 2181 nos
1208 2154 1326 2186 unimur,
1351 2162 1413 2182 cum
1440 2155 1612 2189 adducimur,
1634 2157 1674 2184 sic
1691 2161 1723 2184 et

932 2198 1020 2234 angeli
1047 2199 1131 2226 divini
1155 2199 1300 2233 uniuntur,
1319 2207 1380 2227 cum
1406 2201 1441 2228 ad
1464 2201 1572 2229 divinas
1595 2203 1722 2231 notiones

933 2245 1115 2274 adducuntur.
1136 2246 1203 2274 Cum
1220 2246 1294 2274 enim
1317 2254 1400 2274 unum
1422 2247 1459 2274 sit
1475 2249 1546 2282 quod
1568 2249 1718 2284 appetitur,

895 2287 917 2315 D
933 2301 985 2322 non
1012 2298 1102 2322 tamen
1131 2294 1258 2322 unimode
1275 2302 1326 2322 seu
1348 2295 1504 2322 secundum
1528 2304 1611 2323 unum
1638 2304 1719 2324 eumu

87 2339 206 2374 demque
227 2340 350 2372 modum,
371 2339 419 2374 qui
437 2339 464 2366 id
485 2344 637 2375 appetunt,
655 2339 820 2374 afﬁciuntur,
853 2342 903 2370 sed
932 2341 1047 2377 quilibet
1074 2343 1221 2370 secundum
1247 2343 1389 2378 propriam
1416 2343 1587 2378 dignitatem.
1618 2344 1720 2373 Verum

88 2387 147 2415 htec
160 2386 224 2414 alibi
237 2387 309 2414 dicta
322 2391 387 2413 sunt
401 2394 409 2413 :
427 2387 510 2415 modo
523 2392 615 2416 autem
630 2394 751 2416 nostram
767 2389 966 2422 hierarchiam,
997 2394 1026 2418 et
1039 2389 1100 2424 ejus
1111 2398 1222 2419 causam
1239 2398 1271 2419 ac
1298 2393 1447 2420 essentiam
1473 2393 1546 2429 (quae
1571 2398 1612 2422 est
1632 2393 1724 2422 virtus

88 2432 135 2461 illa
159 2432 341 2468 divinissima)
359 2440 497 2467 exponere
520 2435 652 2467 conabor,
676 2436 802 2463 invocato
817 2435 961 2465 Salvatore
975 2437 1052 2464 J’esu.

112 2479 127 2516 §
138 2480 185 2506 Ill.
194 2479 332 2515 Ἱεραρχία
341 2480 408 2513 ἐστὶ,
419 2480 536 2517 καθὼςή
548 2482 633 2518 σεπτὴ
644 2482 722 2518 ἡμῶν
730 2483 879 2519 παράδοσις

86 2525 254 2562 παρίστησι,
277 2525 314 2552 τὰ
331 2526 484 2559 καθολικῶς
507 2527 680 2564 θεωρούμενα
706 2528 722 2565 ἦ
745 2529 879 2565 λεγόμενα

86 2571 153 2607 περὶ
163 2570 219 2598 τῶν
231 2571 419 2607 ὑποκειμένων
438 2572 518 2609 ἱερῶν
538 2575 718 2610 πραγμάτων.
738 2575 879 2611 Συγκεφα-

85 2614 200 2645 λαίωσιν
215 2617 270 2654 γὰρ
282 2618 332 2654 τὴν
353 2618 401 2645 τοῦ
424 2618 484 2645 ὅλου
500 2620 646 2656 περίληψιν
669 2620 762 2656 λέγει,
784 2621 879 2659 ὥσπερ

86 2664 323 2700 ἀνακεφαλαίωσιν
338 2664 454 2700 λέγομεν
470 2666 501 2692 τὸ
521 2667 667 2694 ἀναλαϐεῖν
681 2669 710 2695 ὲν
725 2668 826 2703 ὀλίγοις
843 2669 879 2696 τὰ

86 2711 286 2747 ιιτρολεχθέντα⁹
301 2711 428 2738 ἁπάντων
447 2711 502 2748 γὰρ
520 2712 574 2745 ἔξει
590 2713 644 2740 τῶν
659 2714 721 2740 κατ”
734 2714 815 2741 αὐτὸν
827 2715 878 2751 τὴν

85 2757 252 2793 ἐπιστήμην,
265 2757 376 2784 καὶτῶν
389 2757 592 2793 πρεσϐυτέρων,
605 2760 652 2786 καὶ
666 2760 720 2787 τῶν
733 2760 876 2795 διακόνων,

85 2803 134 2830 καὶ
150 2802 206 2830 τῶν
228 2803 340 2836 λοιπῶν,
354 2803 399 2830 διὰ
408 2802 488 2830 τοῦτο
507 2803 561 2840 γὰρ
572 2806 620 2832 καὶ
637 2806 768 2843 ίεράρχης
783 2808 878 2835 ἐπονο-

86 2849 218 2886 μάζεται,
230 2849 278 2877 καὶ
291 2850 439 2888 σκοπητὲον
452 2851 482 2885 ἐξ
496 2851 642 2886 ἀναλογίας
654 2853 708 2879 ἀπὸ
721 2854 771 2889 τῆς
785 2855 877 2891 ἰεραρ-

85 2896 159 2931 χίας.
179 2896 223 2929 Ὦς
234 2895 301 2931 γοῦν
315 2896 383 2933 αὕτη
398 2897 432 2924 δι’
444 2897 504 2925 ὅλου
523 2898 568 2925 καὶ
582 2898 628 2925 ἐπὶ
641 2900 707 2926 πᾶσι
722 2901 778 2932 τοῖς
794 2901 877 2937 ἱεροῖς

970 2484 1043 2520 §III.
1063 2484 1111 2512 Est
1128 2485 1292 2517 hierarchia,
1308 2487 1538 2521 quemadmodum
1561 2488 1721 2516 veneranda

931 2536 1023 2558 nostra
1038 2532 1148 2559 traditio
1164 2533 1300 2567 proponit,
1311 2540 1342 2560 ea
1355 2540 1416 2567 quae
1427 2534 1575 2562 universim
1589 2535 1719 2563 videntur

929 2583 976 2605 aut
996 2577 1123 2605 dicuntur
1137 2578 1170 2606 de
1183 2579 1331 2614 propositis
1350 2579 1438 2607 sacris
1461 2581 1553 2608 rebus.
1575 2580 1717 2610 Summam

929 2623 1002 2651 enim
1016 2631 1064 2652 seu
1077 2625 1269 2658 summarium,
1282 2630 1363 2653 vocat
1378 2626 1462 2654 totius
1479 2627 1716 2661 complexionem,

929 2671 1002 2698 sicut
1020 2671 1277 2707 recapitulationem
1291 2672 1418 2702 dicimus.
1433 2681 1495 2700 cum
1507 2674 1601 2708 paucis
1614 2682 1645 2702 ea
1657 2682 1718 2709 qua:

929 2721 995 2744 ante
1011 2717 1082 2745 dicta
1095 2722 1159 2745 sunt
1174 2723 1349 2754 repetuntur;
1366 2719 1494 2753 quoniam
1510 2720 1630 2747 omnium
1646 2720 1672 2747 in
1687 2728 1717 2747 se

929 2763 1073 2790 scientiam
1100 2763 1228 2797 habebit;
1256 2771 1317 2792 cum
1334 2764 1569 2800 presbyterorum,
1585 2770 1640 2793 tum
1659 2766 1717 2793 dia-

928 2816 1059 2837 conorum
1084 2810 1164 2846 165.
1189 2816 1422 2845 caeterorumque,
1433 2812 1506 2840 unde
1518 2813 1646 2840 nimirum
1658 2812 1717 2840 hie‘

928 2857 1028 2884 rarcha
1050 2858 1218 2890 nominatur,
1244 2858 1283 2886 uti
1300 2859 1429 2895 colligere
1452 2859 1515 2887 licet
1537 2867 1573 2888 ex
1590 2859 1717 2895 analogia

928 2903 1048 2932 nominis
1060 2903 1230 2933 hicrarchiac.
1247 2904 1482 2938 Quemadmodum
1496 2905 1580 2941 igitur
1596 2905 1646 2934 hoc
1663 2912 1719 2933 now
