1931 3073
183 144 232 172 587

769 131 798 158 S.
812 128 962 158 DlONYSll
978 122 1211 155 ΑΒΕΟΡΛΟΙΤΑΞ

1757 113 1811 142 588

184 209 246 230 men
265 200 299 228 de
313 196 452 226 universis
466 198 494 223 et
506 192 634 222 omnibus
647 190 734 219 sacris
754 186 973 217 ordinationibus
987 216 990 220 η

1041 181 1180 217 ιακόσμοις
1194 179 1315 213 λέγεται,
1328 176 1414 207 οὕτως
1425 175 1440 201 ό
1452 173 1537 200 εἰπὼν
1549 171 1679 208 ἱερὰρχην
1690 169 1736 197 τὸν
1750 169 1812 196 ἐπι-

1182 227 1188 230 -
1256 226 1263 230 -
1302 225 1315 230 -
1381 222 1387 230 ι
1473 220 1543 230 «tua,
1566 215 1620 230 ιηΐ.
1633 215 1760 230 .._n__:.-
1770 224 1796 230 υ.

185 246 342 279 dicitur,ita
353 244 399 279 qui
411 241 583 271 hierarcham
595 237 730 269 nominat,
742 236 831 262 virum
841 233 916 261 omni
926 239 970 260 sa-

187 303 232 324 cra
245 293 400 328 cognitione
410 291 554 327 prreditum
563 288 708 324 signiticet,
718 285 744 313 in
753 291 807 319 quo
814 283 904 311 omnis
911 288 973 316 quae

187 342 225 369 illi
246 327 317 368 inest
333 337 489 367 liierarchia
505 335 607 370 liquido
623 332 807 368 cognoscitur.
825 329 882 357 Nisi
899 327 973 355 enim

188 387 247 422 ipse
260 386 369 421 penitus
383 388 410 411 et
428 384 455 410 in
477 380 605 409 omnibus
622 378 727 414 peritus
735 379 875 407 existeret,
884 379 974 408 neque

189 421 305 462 scientia
318 431 401 459 etiam
417 427 577 457 hierarchiae
592 428 763 460 operaretur.
787 421 872 450 Nemo
892 421 975 456 igitur

189 481 263 508 dicat
275 489 282 506 :
295 477 394 513 Ecquis
404 481 457 503 tam
469 464 672 509 perfectusest‘?
681 470 740 498 Non
752 469 824 496 enim
836 466 977 504 proposuit

190 527 235 555 llic
245 526 329 557 Pater.
339 525 373 552 de
382 523 432 550 hoc
440 522 483 549 vel
496 521 540 549 illo
550 519 691 548 bierarcha
705 517 807 548 dicere,
817 515 863 543 sed
874 513 977 548 simpli-

190 574 259 601 citer
265 573 297 600 de
307 571 459 602 hierarcha,
467 567 556 603 qualis
567 573 629 594 esse
638 565 734 592 debeat
744 564 801 591 sine
809 561 913 590 defectu
925 569 934 589 :
945 568 978 588 ac

191 621 214 648 si
224 620 285 655 quis
297 617 457 652 simpliciter
469 616 504 643 de
514 613 695 650 grammatico
708 612 831 646 loquens,
845 616 876 638 ea
884 615 979 637 recen-

192 671 252 695 seat
263 672 324 701 qua:
342 665 375 692 ad
390 661 541 690 absolutum
561 659 769 696 grammaticum
792 656 978 691 requiruntur,

193 712 313 748 alioquin
328 710 495 739 elaudicaret
507 705 697 743 grammatica,
712 703 764 732 nisi
779 703 979 731 demonstrare-

193 764 248 791 tur,
258 746 349 794 qualis
372 757 429 792 ipsa
446 754 553 783 tandem
573 752 620 780 sit.
637 751 723 786 llujus
731 746 979 782 hierarchiteprin—

194 807 293 840 cipium
303 809 345 832 est
357 807 451 830 sancta
466 809 498 828 ac
516 801 595 828 beata
617 797 750 829 Trinitas,
770 802 830 830 qua:
845 800 909 821 vere
928 797 979 824 est,

195 853 306 887 solaque
312 850 485 885 semetipsam
493 846 642 882 cognoscit,
652 849 779 878 tanquam
786 841 888 869 habens
894 838 982 867 notio-

197 907 258 928 nem
268 899 383 934 proprite
393 896 555 925 existentire.
562 894 625 921 llaec
634 897 724 920 autem
736 890 792 918 vult
803 889 907 917 ratione
916 894 982 921 prae-

195 947 313 974 ditorum
336 943 494 978 angelorum
519 944 546 968 et
566 939 705 967 hominum
730 936 867 967 salutem,
887 937 983 967 estque

196 991 335 1020 deiﬁcatio
351 987 554 1016 salvandorum.
576 982 809 1018 Quemadmodum
833 979 905 1008 enim
928 978 983 1005 alia

197 1039 313 1066 dicimus
327 1044 342 1064 a
355 1039 428 1063 metu
441 1032 557 1064 servari,
573 1032 600 1059 id
615 1034 656 1058 est
665 1028 840 1058 securitatem
854 1020 982 1060 adipisci;

196 1091 226 1114 et
241 1093 257 1113 a
269 1085 341 1113 caede
353 1081 468 1114 servari,
482 1080 509 1107 id
529 1084 571 1107 est
582 1078 665 1105 vitam
681 1074 806 1110 assequi:
820 1078 848 1101 et
861 1081 877 1100 a
891 1072 985 1100 morbo

198 1131 313 1164 servari,
333 1130 361 1157 id
377 1132 420 1156 est
435 1127 528 1155 sanari
546 1134 553 1152 :
568 1125 609 1152 sic
622 1123 705 1152 etiam
721 1122 749 1149 in
763 1119 911 1156 propositis
929 1125 986 1146 ser-

199 1177 257 1205 vari
273 1177 308 1204 ab
326 1174 492 1202 alienatione
508 1171 567 1200 Dei.
584 1173 628 1198 est
643 1167 753 1202 adjungi
775 1165 841 1198 Deo,
864 1164 986 1198 adeoque

199 1223 348 1252 deiﬁcatio.
363 1219 527 1249 Omnimoda
549 1221 641 1244 autem
657 1214 817 1243 assimilatio
832 1216 860 1239 et
873 1211 938 1239 unio
953 1210 987 1238 ad

201 1272 298 1302 Deum,
321 1268 418 1302 utique
441 1260 577 1292 terminus
593 1269 625 1289 ac
644 1261 706 1288 linis
721 1265 764 1287 est
781 1258 870 1286 omnis
884 1257 988 1285 bierar-

202 1317 282 1348 cltiaz,
297 1322 357 1350 quae
380 1313 415 1340 ad
439 1309 524 1338 Deum
547 1313 589 1336 est
612 1307 743 1335 dilectio:
760 1313 820 1340 qua:
835 1309 863 1333 et
886 1303 989 1331 unitive

202 1349 420 1390 consummatur,
443 1355 590 1385 secundum
606 1354 726 1382 divinam
742 1357 770 1380 et
792 1352 899 1379 unicam
922 1349 989 1377 sim-

203 1408 352 1444 plicitatem
367 1425 375 1438 ,
400 1403 549 1432 secundum
571 1408 653 1436 quam
680 1399 751 1426 Deus
773 1402 816 1426 est
834 1395 989 1425 omnimoda

204 1442 317 1483 dilectio
336 1451 377 1488 (et
391 1458 445 1478 non
469 1449 533 1476 ltuic
562 1447 688 1482 quidem,
708 1444 746 1472 illi
768 1451 834 1471 vero
854 1450 925 1476 non,
942 1442 990 1469 sed

205 1501 272 1536 quid
297 1505 382 1526 unum
408 1493 590 1524 desiderabile
611 1492 751 1524 existens,
776 1488 857 1517 simul
875 1495 939 1523 erga
961 1493 992 1514 se

207 1535 292 1576 liabet
313 1542 460 1574 desideria,
477 1548 527 1577 pro
548 1539 648 1567 merito
671 1537 816 1572 studioque
835 1535 991 1563 desideran-

206 1605 285 1636 tium,
296 1600 428 1636 diversa),
448 1604 548 1634 quique,
566 1597 617 1624 hac
630 1595 706 1631 prior
718 1598 771 1628 est,
788 1591 960 1622 omnimodus
976 1599 991 1619 a

209 1648 360 1678 contrariis
383 1652 520 1673 recessus.
544 1643 601 1670 Nisi
625 1642 698 1670 enim
716 1641 750 1668 ab
764 1639 837 1667 omni
855 1638 991 1666 materiali

206 1701 235 1724 et
253 1695 362 1724 sordida
377 1692 517 1726 voluptate
531 1690 640 1725 penitus
658 1686 761 1722 expiati
776 1686 919 1717 fuerimus,
934 1684 992 1712 veri

209 1742 271 1771 boni
293 1739 402 1768 dilectio
416 1745 470 1765 non
494 1736 548 1764 erit
568 1735 597 1762 in
619 1734 709 1762 nobis.
735 1732 849 1767 Quando
873 1735 963 1758 autem
977 1737 993 1756 a

208 1787 355 1818 contrariis
376 1783 585 1813 discesserimus
597 1802 605 1814 ,
631 1786 687 1808 tum
704 1787 749 1808 res
767 1780 839 1813 ipsas
852 1798 859 1811 ,
876 1782 906 1805 ut
919 1777 946 1804 in
965 1783 994 1803 se

210 1841 285 1867 sunt,
302 1839 401 1862 natura
411 1838 459 1859 sua
483 1834 703 1865 cognoscemus;
726 1832 824 1861 nempe
850 1823 993 1860 praesentia

213 1884 271 1910 haec
289 1884 466 1915 temporanea
478 1883 550 1909 esse,
564 1882 624 1910 quae
638 1881 704 1901 vero
726 1873 762 1900 ibi
785 1876 860 1904 sunt,
881 1875 996 1901 reterns,

211 1936 262 1956 nec
283 1926 450 1961 decipiemur
468 1924 540 1952 circa
557 1920 622 1949 boni
638 1918 844 1955 apparentiam;
861 1915 995 1951 siquidem

211 1975 257 2004 κιρ
274 1981 327 2001 non
352 1977 393 2000 est
416 1971 513 1999 notitia
551 1974 643 1996 rerum
670 1973 722 2001 qua
749 1972 793 1993 res
817 1968 895 1996 sunt;
933 1967 997 1990 tunc

211 2021 285 2049 enim
299 2020 332 2047 ad
347 2019 493 2054 ipsammet
507 2015 652 2043 veritatem
667 2012 834 2045 accedimus,
844 2015 926 2045 atque
936 2010 997 2036 uni-

214 2066 327 2092 l‘ormem
344 2061 540 2098 perfectionem
557 2058 763 2094 participamus.
779 2055 848 2089 Quid
864 2062 946 2091 porro
956 2059 999 2082 est

214 2108 408 2138 unil'ormitas?
424 2107 539 2141 Quando
556 2105 686 2133 nimirum
699 2111 714 2131 a
729 2103 810 2130 rebus
823 2101 900 2130 hisee
911 2101 999 2128 sensi-

215 2157 316 2184 bilibus
329 2160 357 2183 et
371 2154 533 2182 :erumnosis
552 2151 586 2179 ad
602 2150 721 2178 divinam
741 2147 821 2185 165
841 2147 1001 2182 simplicita-

216 2208 270 2231 tem
288 2201 459 2232 adducimur,
475 2200 522 2234 qui
547 2202 589 2226 est
609 2196 686 2224 cibus
710 2196 797 2223 beata:
818 2193 948 2226 visionis,
971 2199 1002 2222 ut

1005 1553 1028 1584 C
1043 1552 1211 1588 ἐφιεμένων)
1225 1571 1233 1582 ,

1026 215 1148 264 στήμονα
1155 227 1243 262 πάσης
1256 225 1332 261 ἱερᾶς
1338 222 1466 258 γνώσεως
1473 220 1557 254 λέγει,
1565 219 1593 245 ἐν
1600 215 1622 252 ᾧ
1633 215 1760 252 καθαρῶς
1770 224 1813 250 γι-

1025 260 1159 302 νώσκεται
1176 273 1193 308 ἡ
1213 260 1274 298 καθ’
1283 260 1363 297 αὑτὸν
1373 268 1428 304 [ἴσ.
1438 267 1497 294 κατ’
1511 263 1604 300 αὑτὸν]
1620 261 1755 298 ίεραρχία.
1766 260 1815 297 Μὴ

1024 319 1077 356 γὰρ
1091 319 1166 350 ὄντος
1187 316 1268 345 αὐτοῦ
1287 315 1400 343 καθόλου
1412 313 1459 340 καὶ
1470 312 1515 338 ἐπὶ
1526 310 1608 337 πᾶσιν
1619 308 1813 344 ἐπιστήμονος,

1024 353 1083 392 οὐδὲ
1094 364 1111 400 ὴ
1124 363 1260 398 ἐπιστήμη
1281 360 1349 395 αὐτὴ
1367 359 1416 395 τῆς
1437 357 1577 394 ἱεραρχίας
1591 353 1812 390 ὲνεργηθήσεται.

1024 411 1071 447 Μὴ
1088 398 1152 445 γοῦν
1165 409 1236 435 εἴποι
1254 416 1294 439 τις
1306 415 1313 421 ’
1323 405 1378 433 Καὶ
1395 405 1469 435 ποῖος
1482 403 1552 429 οὓτω
1563 401 1664 431 τέλειος
1677 408 1684 432 ;
1697 398 1734 425 Οὐ
1747 405 1816 433 προ-

1029 443 1107 482 έθετο
1125 455 1179 491 γὰρ
1198 453 1317 488 ὸΠατὴρ
1336 451 1400 487 περὶ
1410 449 1486 476 τοῦδε
1507 447 1524 483 ἦ
1545 446 1621 473 τοῦδε
1633 445 1759 481 ίεράρχου
1775 443 1816 469 εί-

1026 504 1097 534 πεῖν,
1111 501 1178 528 ἀλλὰ.
1188 498 1310 536 περὶτοῦ
1324 497 1415 528 ἁπλῶς
1429 495 1567 531 ίεράρχου,
1582 493 1611 525 ὃς
1627 491 1729 526 ὀφείλει
1743 490 1817 525 ἔχειν

1027 547 1177 579 ἀνελλιπῶς
1203 535 1237 573 τὰ
1263 543 1363 572 αὑτοῦ·
1391 542 1484 577 ὥσπερ
1511 540 1558 567 καὶ
1585 539 1609 566 εί
1634 537 1699 574 περὶ
1722 535 1817 567 ἁπλῶς

1028 590 1221 631 γραμματικοῦ
1233 590 1336 625 ἔλεγεν,
1354 588 1449 625 ἔμελλε
1462 587 1551 621 λέγειν
1564 585 1654 631 ἐκεῖνα
1664 583 1726 611 καθ’
1740 581 1758 610 ἃ
1769 580 1818 608 τὸν

1027 627 1129 666 τέλειον
1144 637 1244 673 ἀπῄτει
1257 632 1448 672 γραμματικόν
1458 641 1464 647 ·
1479 633 1503 658 εἰ
1516 631 1538 658 δ’
1553 627 1598 657 οὖν
1614 628 1671 656 ἀλλ’
1685 627 1818 664 ὲχὼλευεν

1028 684 1046 720 ἡ
1059 681 1240 720 γραμματικὴ
1257 680 1294 716 μὴ
1308 680 1406 715 ἔχουσα
1418 676 1556 713 δειχθῆναι
1571 674 1649 702 ὁποία
1660 675 1719 700 ποτ’
1731 672 1817 700 ἐστίν.

1029 718 1137 764 Ταύτης
1145 727 1195 763 τῆς
1203 725 1343 763 ἱεραρχίας
1354 724 1448 760 ἀρχὴή
1459 722 1524 756 ἁγία
1535 721 1582 748 καὶ
1593 719 1714 756 μακαρία
1722 718 1819 755 Τριὰς,

1030 777 1048 812 ὴ
1063 777 1147 806 ὅντως
1171 772 1254 807 οὖσα,
1275 772 1322 799 καὶ
1344 771 1413 806 αὑτὴ
1434 769 1501 805 μόνη
1524 767 1623 802 ἑαυτὴν
1636 765 1817 801 ἐπισταμένη,

1030 810 1068 855 ῶς
1082 822 1153 858 ἐχειν
1167 818 1315 855 ἐπιστητὸν
1332 818 1363 844 τὺ
1376 817 1426 853 τῆς
1440 814 1542 846 οἰκείας
1561 812 1715 848 ὑπάρξεως.
1736 811 1771 838 Ἥ
1791 810 1820 837 δὲ

996 873 1017 901 Β
1032 856 1136 904 θέλημα
1157 866 1206 903 μέν
1225 865 1316 895 ἐστιν,
1337 864 1354 899 ἡ
1372 863 1427 890 τῶν
1445 860 1561 896 λογικῶν
1580 857 1703 893 ἀγγέλων
1721 865 1752 884 τε
1773 856 1822 883 καὶ¹

1032 902 1184 951 ἀνθρῶπων
1203 910 1339 947 σωτηρία·
1355 910 1371 945 ἡ
1387 909 1424 940 δὲ,
1440 907 1536 938 θέωσίς
1555 907 1613 932 ἐστι
1627 904 1682 931 τῶν
1702 902 1824 938 σωζομέ-

1032 949 1095 989 νωνξ
1115 960 1221 995 Ὥσπερ
1242 957 1297 993 γὰρ
1323 954 1440 983 ἐπὶτῶν
1463 953 1550 981 ἄλλων
1574 951 1665 987 φαμὲν
1690 949 1825 982 σώζεσθαι

1034 1006 1088 1035 ἀπὸ
1099 1005 1192 1041 φόϐου,
1206 993 1288 1039 ἤγουν
1301 1003 1334 1037 τῇ
1350 1000 1449 1036 ἀφοδίᾳ
1465 997 1673 1035 προσπελάζειν,
1689 993 1825 1027 σώζεσθαι

1033 1050 1088 1078 ἀπὸ
1102 1038 1193 1084 ᾦόνου,
1211 1038 1293 1083 ἤγουν
1313 1047 1346 1081 τῇ
1367 1045 1425 1080 ζωῇ
1446 1041 1661 1080 προσπελάζειν·
1687 1038 1822 1072 σώζεσθαι

1034 1096 1088 1124 ἀπὸ
1107 1095 1195 1127 νόσου,
1215 1094 1298 1130 ἡγουν
1318 1091 1394 1123 ἐντὸς
1411 1091 1461 1126 τῆς
1480 1089 1575 1124 ὑγείας
1593 1086 1715 1123 γίνεσθαι
1727 1094 1734 1102 ·
1754 1085 1826 1112 οὕτω

1035 1143 1083 1170 καὶ
1097 1141 1210 1169 ἐπὶτῶν
1226 1138 1413 1176 προκειμένων
1428 1137 1458 1164 τὸ
1472 1135 1605 1168 σώζεσθαι
1618 1134 1671 1161 ἀπὸ
1683 1131 1828 1168 ἀλλοτριώ-

1037 1195 1106 1218 σεως
1121 1184 1188 1212 Θεοῦ
1204 1182 1402 1220 προσπελάζειν
1416 1182 1454 1217 τῷ
1473 1180 1543 1216 Θεῷ,
1562 1180 1610 1207 καὶ
1628 1178 1724 1210 θέωσίς
1740 1178 1826 1204 ἐστιν.

1042 1231 1075 1258 Ὴ
1089 1231 1118 1257 δὲ
1133 1231 1242 1261 πάντως
1257 1227 1422 1264 ἀφομοίωσις
1436 1226 1484 1254 καὶ
1497 1225 1593 1257 ἐνωσις
1607 1223 1675 1260 πρὸς
1689 1223 1765 1255 Θεὸν,
1779 1223 1828 1250 καὶ

1037 1277 1069 1312 δὴ
1081 1277 1168 1313 πέρας
1182 1276 1229 1303 καὶ
1244 1275 1320 1306 τέλος
1336 1274 1409 1300 ἐστὶν
1422 1273 1532 1308 ἁπάσης
1548 1270 1688 1307 ίεραρχίας
1700 1288 1707 1302 ,
1726 1270 1743 1305 ὴ
1759 1269 1828 1305 πρὸς

1038 1322 1104 1350 Θεὸν
1117 1322 1256 1357 ἀγάπησις
1268 1329 1274 1336 ’
1289 1320 1307 1356 ἢ
1321 1320 1353 1355 δὴ
1372 1319 1424 1354 καὶ,
1437 1317 1543 1349 ὲνιαίως
1559 1317 1738 1353 ίερουργεῖται
1756 1313 1830 1342 κατὰ

1038 1370 1088 1406 τὴν
1105 1369 1179 1396 θείαν
1195 1368 1242 1394 καὶ
1264 1366 1367 1394 ἑνιαίαν
1390 1365 1530 1400 ἁπλότητα
1542 1383 1549 1396 ,
1571 1362 1631 1390 καθ’
1645 1363 1678 1398 ἣν
1694 1360 1830 1396 παντελὴς

1039 1404 1133 1450 ἀγάπη
1148 1413 1221 1439 εστιν
1232 1413 1246 1439 ό
1260 1412 1326 1443 Θεὸς
1346 1410 1412 1446 (καὶ
1430 1410 1459 1436 οὐ
1482 1409 1522 1445 τῷ
1544 1408 1603 1444 μὲν,
1615 1407 1654 1443 τῷ
1674 1407 1698 1434 δ’
1715 1405 1757 1439 οὗ,
1769 1404 1829 1432 ἀλλ’

1041 1461 1141 1487 ένιαῖον
1153 1458 1250 1494 ἐφετὸν
1262 1457 1309 1490 ὢν,
1323 1457 1398 1492 ὅμως
1409 1455 1459 1488 τὰς
1473 1454 1541 1490 πρὸς
1554 1453 1636 1480 αὑτὸν
1648 1452 1756 1488 ἐφέσεις
1772 1451 1830 1478 δια-

1043 1506 1143 1542 φόρους
1165 1504 1221 1540 ἔχει
1245 1503 1313 1539 πρὸς
1333 1502 1385 1537 τὴν
1404 1500 1482 1534 ἀξίαν
1501 1500 1548 1527 καὶ
1565 1499 1614 1535 τὴν
1638 1497 1754 1532 σπουδὴν
1775 1495 1831 1522 τῶν

1257 1550 1304 1576 καὶ
1328 1548 1381 1584 πρὸ
1405 1547 1500 1574 τούτου
1527 1547 1544 1582 ὴ
1574 1544 1752 1580 ἀποφοίτησις
1776 1541 1832 1569 τῶν

1043 1597 1172 1626 ἐναντίων
1189 1598 1206 1633 ἡ
1221 1595 1365 1631 παντελής.
1386 1595 1417 1621 El
1443 1593 1480 1629 μὴ
1505 1592 1559 1628 γὰρ
1579 1591 1759 1627 καθαρθῶμεν
1778 1589 1833 1616 ἀπὸ

1045 1646 1136 1680 πάσης
1151 1643 1245 1671 ἐνύλου
1264 1643 1311 1670 καὶ
1334 1641 1461 1678 ῥυπαρᾶς
1476 1638 1615 1671 παντελῶς
1627 1638 1732 1674 ἡδονῆς,
1747 1635 1777 1663 οὐ
1795 1636 1834 1671 μὴ

1044 1692 1187 1728 γενήσεται
1208 1691 1225 1726 ἡ
1245 1689 1383 1724 ἀγάπησις
1407 1687 1454 1713 τοῦ
1481 1686 1565 1717 ὅντως
1584 1683 1696 1719 ἀγαθοῦ.
1718 1683 1787 1710 Πότε
1805 1681 1834 1708 δὲ

1045 1737 1235 1773 ἀποφοιτῶμεν
1250 1735 1304 1763 τῶν
1323 1734 1468 1766 ἐναντίων;
1483 1733 1528 1759 ὅτε
1547 1730 1708 1767 γνωσόμεθα
1720 1728 1754 1756 τὰ
1770 1728 1834 1755 ὂντα

1045 1772 1135 1816 καθὼς
1145 1783 1235 1819 ἔχουσι
1251 1782 1369 1817 φύσεως,
1382 1780 1428 1807 ὅτε
1443 1778 1478 1806 τὰ
1497 1777 1616 1814 παρόντα
1626 1776 1791 1811 πρόσκαιρα,
1801 1772 1834 1800 τὰ

1045 1831 1068 1858 δ’
1080 1818 1169 1857 ἐκεῖσε
1181 1828 1287 1862 αἰώνια,
1300 1827 1337 1864 μὴ
1351 1824 1523 1860 ἀπατώμενοι
1538 1824 1602 1859 περὶ
1614 1822 1663 1858 τὴν
1672 1821 1782 1857 δόκησιν
1789 1818 1835 1846 τοῦ

1047 1875 1131 1904 καλοῦ
1142 1883 1149 1890 ’
1162 1874 1242 1901 τοῦτο
1254 1873 1309 1909 γὰρ
1323 1873 1373 1899 οὐκ
1385 1871 1443 1898 ἐστι
1459 1869 1560 1905 γνῶσις
1569 1869 1623 1895 τῶν
1635 1864 1747 1904 ὄντωνῇ
1761 1865 1836 1897 ὅντα,

1047 1922 1107 1950 τότε
1117 1921 1172 1958 γὰρ
1187 1921 1233 1948 καὶ
1241 1921 1275 1956 τῇ
1283 1918 1397 1955 ἀληθείᾳ
1409 1915 1617 1954 προσϐαίνομεν,
1629 1914 1677 1942 καὶ
1690 1913 1836 1950 μετέχομεν

1048 1969 1098 2004 τῆς
1117 1966 1251 1999 ὲνοειδοῦς
1276 1965 1453 1997 τελειώσεως.
1474 1964 1507 1990 Τί
1525 1962 1554 1990 δέ
1573 1963 1631 1990 ἐστι
1653 1961 1684 1988 τὸ
1707 1958 1836 1989 ἐνοειδές·
1876 1991 1880 1995 ι

1056 2012 1225 2049 ’Δναγόμεθα
1243 2011 1364 2048 δηλονότι
1378 2011 1433 2038 ἀπὸ
1445 2011 1501 2038 τῶν
1519 2008 1656 2045 αἰσθητῶν
1676 2006 1779 2034 τούτων
1794 2005 1839 2032 καὶ

1052 2057 1195 2096 μοχθηρῶν
1217 2058 1257 2089 είς
1280 2057 1355 2084 θείαν
1380 2056 1533 2092 ἁπλότητα,
1553 2054 1568 2081 ὃ
1587 2054 1619 2090 δὴ
1640 2051 1759 2083 ἑστίασις
1783 2051 1839 2077 ἐστι

1049 2104 1099 2140 τῆς
1118 2103 1234 2138 ἐποψίας
1247 2111 1253 2118 ·
1269 2103 1401 2139 τρέφεται
1416 2101 1472 2138 γὰρ
1488 2100 1528 2136 τῷ
1545 2099 1632 2136 νοητῷ
1645 2098 1690 2125 τὸν
1704 2096 1776 2129 νοῦν,
1790 2104 1839 2123 κα-

1052 2150 1107 2183 θὼς
1127 2151 1174 2177 καὶ
1190 2149 1285 2177 ἄλλοτε
1307 2148 1448 2184 ἐλέγομεν.
1468 2148 1524 2174 Καὶ
1542 2145 1620 2173 τοῦτό
1639 2145 1712 2171 ἐστιν
1730 2143 1748 2178 ἡ
1767 2150 1837 2178 παρ-

1052 2197 1110 2228 τοῖς
1128 2196 1305 2231 Εὑαγγελίοις
1325 2195 1385 2222 θεία
1403 2195 1449 2221 καὶ
1468 2192 1651 2228 ὺπερκόσμιος
1669 2188 1804 2226 τράπεζα.

217 2256 276 2284 quae
288 2253 404 2274 mentem
419 2254 449 2274 re
460 2245 599 2273 intellecta
613 2243 710 2277 nutrit,
727 2242 799 2270 sicut
811 2241 875 2269 alibi
887 2241 1016 2269 diximus.
1037 2243 1070 2271 Et
1085 2243 1142 2271 haec
1167 2250 1211 2271 est
1226 2243 1254 2270 in
1276 2241 1430 2277 Evangeliis
1447 2240 1493 2268 illa
1512 2239 1602 2267 divina
1631 2245 1664 2266 ac
1682 2241 1841 2271 supermun-

217 2295 296 2323 dialis
311 2301 414 2321 mensa.

256 2342 270 2378 δ
287 2341 331 2368 ιγ.
354 2341 474 2368 Dicimus
485 2340 589 2374 itaque,
600 2339 685 2366 Deum
697 2337 805 2365 dedisse
817 2336 990 2365 hierarchian

1041 2346 1043 2359 ι
1093 2335 1165 2372 ςιν.
1185 2335 1308 2370 Λέγομεν
1330 2333 1428 2366 τοίνυν,
1446 2332 1483 2365 ὡς
1505 2332 1520 2359 ὸ
1542 2330 1608 2362 Θεὸς
1629 2329 1679 2366 τὴν
1704 2325 1842 2364 ίεραρχίσν

220 2389 247 2417 in
273 2388 385 2416 salutem
410 2391 439 2415 et
462 2386 659 2414 deiﬁcationem
679 2391 773 2412 eorum
790 2383 836 2418 qui
861 2384 918 2418 ejus
940 2387 1003 2410 sunt

220 2435 375 2470 participes,
389 2438 472 2468 atque
493 2431 597 2468 angelis
617 2431 725 2466 quidem
744 2429 900 2465 spiritaliori
924 2429 1003 2456 modo

220 2486 248 2508 et
262 2481 348 2516 magis
363 2488 377 2507 a
400 2479 514 2507 materia
534 2482 649 2509 remoto,
665 2476 743 2504 nobis
761 2481 851 2503 autem
867 2483 916 2510 per
930 2482 1003 2510 sym-

221 2528 282 2555 bola
306 2537 313 2554 :
336 2526 468 2561 siquidem
491 2525 615 2552 homines
638 2524 809 2551 extrinsecus
835 2530 851 2548 a
874 2526 1006 2549 creaturae.

222 2573 463 2608 contemplatione,
478 2572 570 2599 verbis
584 2570 792 2602 doctriualibus,
805 2569 917 2604 aliisque
932 2577 1006 2605 sym-

223 2620 292 2648 bolis
306 2627 353 2647 seu
369 2619 465 2655 signis.
480 2625 573 2645 veram
595 2617 776 2652 cognitionem
792 2615 937 2648 hauriunt;
955 2623 1005 2642 an-

223 2664 275 2702 εἰξιί
290 2673 354 2693 vero
370 2666 443 2692 intus
456 2664 607 2692 secundum
620 2662 768 2698 spiritalem
785 2663 914 2689 virtutem
928 2669 1006 2688 suam

225 2713 454 2745 illustrantur,ac
481 2710 570 2737 divina
596 2709 733 2737 voluntate
764 2707 957 2742 insigniunlur,
981 2705 1008 2732 id

225 2764 266 2788 est
289 2759 323 2786 ad
349 2759 468 2786 divinam
494 2757 687 2786 imitationem,
707 2761 864 2788 rerumque,
887 2760 939 2788 qua
963 2760 1008 2780 res

226 2810 299 2838 sunt,
311 2806 449 2832 notionem
472 2803 658 2831 ell‘ormantur.
675 2801 743 2829 Cum
765 2800 837 2828 enim
854 2798 1009 2834 intelligens

227 2854 334 2888 quidem
357 2853 393 2881 sit
417 2853 443 2880 id
461 2851 533 2888 quod
558 2849 696 2885 intelligit,
710 2847 880 2883 intelligibile
902 2853 968 2872 vero
983 2845 1009 2872 id

227 2901 297 2932 quod
314 2900 482 2934 intelligitur.
496 2898 572 2926 cibus
592 2902 683 2924 autem
700 2901 727 2924 et
745 2895 822 2930 quasi
846 2892 1009 2921 sustontalio

1054 2383 1101 2409 ἐπὶ
1114 2381 1234 2417 σωτηρίᾳ
1250 2381 1297 2407 καὶ
1314 2379 1409 2407 θεώσει
1425 2379 1480 2405 τῶν
1505 2375 1692 2414 μετεχομένων
1708 2373 1843 2409 ἐδωρήσα-

1054 2437 1095 2461 το,
1113 2429 1160 2455 καὶ
1182 2429 1238 2459 τοῖς
1262 2427 1312 2463 μὲν
1333 2425 1457 2460 ἀγγέλοις
1481 2423 1644 2460 νοερώτερον
1664 2421 1712 2448 καὶ
1728 2419 1844 2447 ἀῠλώτε-

1057 2484 1112 2511 ρον,
1129 2475 1196 2511 ἡμῖν
1212 2473 1241 2500 δὲ
1256 2473 1300 2500 διὰ
1317 2472 1458 2508 συμϐόλων
1469 2480 1475 2486 ·
1489 2470 1626 2506 ἅνθρωποι
1644 2467 1693 2504 μὲν
1709 2466 1763 2502 γὰρ
1779 2465 1844 2499 tea;-

1056 2520 1101 2546 θεν
1117 2519 1172 2546 ἀπὸ
1186 2518 1236 2554 τῆς
1253 2517 1324 2545 κατὰ
1338 2517 1388 2553 τὴν
1413 2516 1501 2544 κτίσιν
1524 2513 1650 2549 θεωρίας,
1669 2512 1715 2539 καὶ
1731 2511 1786 2538 ἀπὸ
1802 2510 1842 2537 λό-

1055 2574 1111 2601 γων
1127 2564 1333 2596 διδασκαλικῶν,
1350 2563 1398 2590 καὶ
1421 2562 1520 2598 ἐτέρων
1539 2559 1678 2595 συμϐόλων
1694 2557 1744 2592 τὴν
1759 2555 1844 2587 ἁληθί

1056 2612 1156 2648 γνῶσιν
1173 2611 1354 2647 λαμϐάνουσιν
1367 2618 1374 2624 ·
1393 2607 1502 2643 ἄγγελοι
1518 2607 1546 2634 δὲ
1570 2605 1654 2641 αὐτὴν
1676 2603 1781 2631 ἔνδοθεν
1799 2605 1840 2639 τη

1057 2659 1153 2696 νοερὰν
1178 2658 1267 2685 αὐτῶν
1292 2656 1474 2691 ἐλλάμπονται
1499 2653 1623 2688 δύναμιν,
1640 2651 1688 2678 καὶ¹
1708 2650 1758 2686 τὴν
1775 2649 1849 2676 θείαν

1058 2705 1265 2742 ὲνσημαίνονται
1293 2703 1429 2739 βούλησιν,
1446 2702 1529 2737 ἤγουν
1554 2698 1704 2726 τυποῦνται
1727 2696 1796 2733 πρὸς
1819 2696 1850 2722 τὸ

1059 2749 1222 2786 θεομίμητόν
1238 2757 1278 2780 τε,
1295 2748 1342 2775 καὶ
1358 2747 1389 2773 τὸ
1405 2746 1459 2773 τῶν
1475 2745 1569 2777 ὅντων,
1617 2744 1681 2771 ὄντα
1697 2742 1766 2774 ἐστὶ,
1778 2749 1850 2776 γνω-

1060 2797 1160 2825 στικόν.
1169 2795 1278 2831 Ἐπειδὴ
1288 2795 1342 2831 γὰρ
1352 2793 1444 2829 νοερὸν
1457 2792 1504 2828 μέν
1515 2792 1572 2817 ἐστι
1579 2790 1611 2817 τὸ
1619 2788 1707 2821 νοοῦν,
1719 2787 1812 2824 νοητὸν
1821 2787 1850 2814 δι

1059 2844 1090 2870 τὸ
1105 2843 1258 2878 νοούμενον,
1271 2840 1357 2877 τροφὴ
1367 2840 1395 2867 δὲ
1406 2839 1453 2866 καὶ
1467 2837 1547 2864 οἱονεὶ
1560 2837 1689 2867 σύστασις
1699 2834 1747 2861 τοῦ
1759 2833 1850 2860 νοοῦν-

1060 2892 1105 2924 τός
1123 2891 1180 2917 ἐστι
1197 2890 1227 2916 τδ
1244 2888 1398 2924 νοούμενον,
1411 2885 1521 2916 εἰκότως
1537 2883 1551 2909 ὁ
1568 2883 1644 2915 Θεὸς,
1661 2882 1706 2908 ire
1723 2880 1791 2907 νὸων
1807 2880 1847 2906 6v-
