1931 3073
115 147 167 176 359
397 146 440 174 DE
460 146 598 175 ECCLES.
619 146 819 175 IllEl’tAﬂClL.
839 146 916 174 CAP.
934 146 954 174 l.
970 162 1004 167 ——
1017 146 1193 178 PARAPHR.
1214 147 1437 176 PACHYMERAE
1681 150 1735 178 590

116 218 170 236 etov
194 209 249 236 τῶν
274 208 436 244 ἀσωμάτων,
463 206 542 237 αὐτὸς
570 205 711 240 νοούμενος
736 205 783 231 καὶ
807 203 878 240 νοητὶ

973 197 1130 240 itelligentis
1156 204 1192 232 sit
1215 204 1241 231 id
1267 205 1338 239 quod
1356 205 1529 241 intelligitur,
1542 206 1640 234 merito
1653 207 1735 242 Deus,

115 255 217 286 αὐτοῖς,
227 253 318 286 καθὼς
336 252 516 288 ἐφικνοῦνται,
530 251 679 287 γινόμενος,
691 250 791 276 ἔσωθεν
804 249 877 276 αὐτοὶ

976 257 1012 277 im
1037 254 1142 277 mentes
1165 250 1222 277 sint
1241 250 1418 285 incorporeas.
1434 251 1551 285 ipsemet
1572 252 1736 287 intelligens,

114 301 258 336 ἐλλάμπει.
278 300 311 326 ⁸⁸0
324 299 390 334 γοῦν
400 299 506 334 ἔχουσιν
521 298 618 324 ἐκεῖνοι
633 296 740 328 ἐνιαίως
749 297 796 323 καὶ
806 304 876 322 συνετ

973 300 980 322 ι
995 295 1056 328 illis,
1074 300 1206 331 quantum
1226 303 1324 331 capere
1337 302 1462 331 possunt,
1477 297 1565 325 lactus
1578 299 1735 334 intelligibi-

115 346 258 381 τυγμένως
273 345 311 377 ὡς
327 345 413 377 ἄῡλοι,
430 343 508 370 τοῦτο
518 345 598 379 ἡμεῖς
613 342 657 372 διὰ
675 342 815 377 συμϐόλων
831 341 874 368 δια

974 350 995 375 s,
1010 342 1082 370 intus
1096 342 1169 377 ipsas
1185 342 1312 369 illustrat.
1330 343 1407 376 Quod
1420 344 1511 379 itaque
1527 345 1588 379 ipsi,
1607 350 1736 381 tanquam

117 393 202 429 ρετῶν
224 393 270 420 καὶ
287 391 383 428 πλήθει
399 391 581 426 λαμϐάνομεν.
600 389 723 425 Σύμϐολα.
738 388 766 415 δὲ
782 388 879 424 διαιρειι

975 387 1157 420 nmateriales,
1170 387 1245 414 unite
1271 387 1373 415 habent
1395 395 1428 416 ac
1445 394 1596 425 compacte,
1610 391 1663 419 hoc
1688 399 1737 418 nos

114 442 165 474 τὰς
189 442 238 477 τῆς
260 441 370 477 Γραφῆς
393 440 538 472 πολυειδεῖς
560 439 732 470 διδασκαλίας
755 439 846 474 φησίν.
871 439 876 464 1

974 432 1003 459 ιι)
1017 432 1163 459 divisorum
1176 432 1359 467 symbolarum
1381 434 1554 463 multitudine
1577 436 1736 471 accipimus.

115 487 181 522 γοῦν
198 488 244 513 καὶ
261 486 356 522 πρώην
369 486 506 521 ἐλέγομεν,
520 486 560 512 ὃτι
573 485 661 521 πάσης
675 486 814 521 ἱεραρχίας
825 486 877 511 οὐση

976 478 1081 513 ymbola
1105 486 1186 513 porro
1209 479 1307 512 divisa,
1322 485 1404 507 vocat
1427 481 1564 509 doctrinas
1591 481 1738 517 Scriptura:

116 533 190 560 ἐστὶν
201 533 215 558 ὸ
227 532 302 565 Θεὸς,
317 532 384 559 ἀλλὰ
399 532 449 567 τῆς
465 532 525 558 καθ’
536 532 608 567 ἡμᾶς
621 531 692 564 ἰδίως
706 533 751 558 καὶ
768 532 878 568 προσεχὶ

972 525 1144 553 Iultil‘ormes.
1161 526 1188 553 Si
1202 526 1304 560 itaque,
1320 530 1350 552 ut
1373 526 1454 553 etiam
1475 531 1539 554 ante
1551 528 1679 559 diximus.
1693 535 1734 555 es-

115 578 204 609 οὐσία,
220 578 256 604 τὰ
273 578 456 614 θεοπαράδοτα
472 578 559 612 λόγια.
576 577 622 604 καὶ
640 578 737 613 μᾶλλον
753 578 853 605 τούτων
870 587 877 604 ’1

976 573 1041 599 :ntia
1068 573 1158 599 omnis
1185 572 1346 602 hierarch'u'.
1370 572 1440 600 Deus
1455 578 1507 606 est,
1523 578 1623 601 nostra:
1649 580 1738 602 tamen

117 624 268 651 σεπτότατα
283 623 336 650 τῶν
352 623 506 650 ἀποστόλων
521 623 719 660 διδάγματα.Ὂ
731 623 840 659 γὰρ’τῇ
849 624 879 650 τᾶ

976 620 1082 655 roprie,
1097 620 1174 654 quasi
1205 620 1329 654 proxima
1351 620 1478 652 materia,
1498 624 1561 647 sunt
1585 620 1696 648 oracula
1723 627 1738 648 a

117 670 249 706 οὐρανίων
266 670 391 706 ἰεραρχίᾳ
406 670 485 701 αὐτὸς
499 670 514 695 ὁ
531 669 605 702 Θεὸς,
623 670 721 702 ἀΰλως,
737 670 775 702 ὡς
794 671 879 705 ἐφικτί

978 673 1010 693 eo
1023 666 1131 696 tradita.
1140 666 1290 700 praesertim
1303 665 1488 700 apostolorum
1505 666 1638 693 doctrina:
1652 667 1739 694 maxi-

117 718 221 749 αὐτοῖς,
239 716 392 751 ὲνούμενος,
410 716 456 742 καὶ
480 717 581 752 ταύτην
605 716 752 749 ἀποτελῶν,
770 717 847 743 τοῦτο
870 726 879 743 ἰ

979 719 999 739 ie
1010 711 1182 740 venerandae.
1199 711 1274 745 Quod
1292 713 1363 740 enim
1383 712 1489 740 coalein
1517 712 1677 740 hierarchite
1698 718 1741 741 est

116 763 178 790 καθ’
195 764 267 798 ἡμᾶς
284 764 311 789 αἱ
328 763 444 798 Γραφαὶ,
462 763 495 789 δι’
509 759 546 789 ὧν
563 762 660 798 ἔχομεν
674 763 820 796 ἀνάγεσθαι
836 764 878 799 πρῑ

977 766 1013 786 ιεε
1037 759 1118 791 Deus,
1134 759 1362 792 immaterialiter,
1379 760 1466 793 quoad
1491 759 1549 786 ﬁeri
1573 764 1672 794 potest,
1690 759 1739 795 ipsi

115 808 165 844 τὴν
187 809 261 836 θείαν
285 809 436 844 ἁπλότητα·
455 809 501 835 καὶ
519 809 571 844 μὴν
587 809 634 835 καὶ
649 809 683 835 τὰ
698 809 747 836 ὅσα
770 809 802 835 δι’
819 809 877 842 ἀῦγι

978 804 1048 830 nitus
1068 810 1183 838 eamque
1206 803 1361 838 perﬁciens,
1382 804 1435 831 hoc
1459 809 1557 831 nostra:
1580 804 1740 832 hierarchia

116 855 200 891 τέρας
218 855 353 890 μυήσεως,
368 855 418 889 τῆς
434 856 465 881 ὲκ
481 854 528 880 τοῦ
545 854 702 889 Πνεύματος
717 854 816 890 δηλαδὴ
833 855 878 889 ὲγγ

977 853 1018 876 mt
1034 848 1190 884 Scriptum,
1208 856 1256 883 per
1270 856 1339 883 quas
1356 850 1389 876 ad
1402 849 1520 876 divinam
1536 849 1739 885 simplicitatem

117 884 233 936 νομένης
255 884 310 933 τοῖς
334 884 492 933 ἀποστόλοις
515 884 641 934 γνώσεως
656 884 711 927 των
727 884 776 936 τίῆς
792 884 879 937 Figat-pi

979 894 1182 927 lducinmr;utl
1205 899 1232 922 et
1255 895 1492 928 traditionesillm,
1510 884 1609 930 quibus
1630 896 1741 923 institu-

117 948 270 984 νοημάτων,
288 947 364 974 αὐτοὶ
385 948 442 979 τοῖς
464 946 553 979 ἄλλοις
577 947 621 974 διὰ
642 947 731 982 λόγου,
749 956 879 983 σωματικι

978 947 1029 967 one
1044 940 1129 975 magis
1153 947 1168 966 a
1192 940 1306 967 materia
1332 945 1446 972 semota,
1460 948 1494 968 ex
1510 942 1597 968 sancti
1622 941 1740 976 Spiritus

119 993 180 1028 μὲν,
197 994 237 1019 ὅτι
261 993 293 1019 δι’
310 993 433 1029 ὀργάνων
456 993 617 1029 σωματικῶν
634 994 767 1028 ἐλέγοντο,
794 994 881 1020 ἀῦλοτε

977 987 1096 1018 istinctu,
1113 986 1226 1021 apostoli
1242 994 1372 1013 sensuum
1386 986 1534 1021 Scriptura:
1547 987 1738 1022 cognitionem,

120 1047 166 1073 ρου
183 1038 211 1065 δὲ
221 1039 304 1074 ὅμως,
317 1039 357 1065 ὅτι
369 1038 439 1073 λόγῳ
458 1038 540 1074 μόνῳ,
558 1040 604 1066 καὶ
619 1039 664 1066 διὰ
679 1039 787 1076 γραφῆς
797 1042 804 1050 ⁸
821 1049 882 1075 παρέ

978 1033 1000 1061 iii
1017 1033 1088 1066 aliis,
1104 1041 1228 1061 sermone
1251 1034 1362 1068 quidem
1384 1040 1527 1069 corporeo,
1539 1033 1602 1067 quia
1624 1041 1673 1068 per
1698 1034 1740 1061 iii-

117 1085 198 1111 δοσαν
216 1085 363 1120 μυστικῶς.
381 1085 535 1121 Παρέδοσαν
551 1086 578 1112 δὲ
595 1086 679 1113 ταῦτα
695 1087 745 1113 οὐκ
761 1088 879 1123 ἀπαρακι

984 1084 1105 1106 rumenta
1129 1087 1259 1114 corporea
1283 1079 1366 1107 locuti
1394 1085 1469 1112 sunt,
1485 1080 1574 1114 magis
1591 1084 1678 1106 tamen
1695 1079 1743 1106 im-

117 1129 229 1162 λύπτοις
245 1132 378 1167 νοήσεσιν,
396 1131 452 1157 ἀλλ’
462 1133 491 1158 ἐν
508 1133 650 1168 συμϐόλοις
666 1133 736 1159 τισὶν
754 1134 879 1169 ὶεροῖς,ὄς

980 1126 1103 1159 ιοιθγίοιί,
1118 1126 1181 1161 quia
1193 1133 1320 1153 sermone
1334 1125 1394 1154 solo
1409 1131 1437 1154 et
1454 1134 1508 1154 non
1521 1125 1634 1161 scripto,
1651 1125 1742 1161 mysti-

116 1174 216 1210 δηλαδὴ
229 1175 257 1201 ὲν
271 1177 304 1210 τῇ
320 1175 385 1210 ἁγίᾳ
400 1175 545 1212 Ἑκκλησίᾳ
561 1176 707 1208 τελοῦνται,
717 1177 795 1212 λόγον
810 1178 878 1213 ἕχονπ

977 1181 989 1200 e
1003 1173 1181 1202 tradiderunt.
1195 1172 1369 1208 Nequaquam
1386 1179 1475 1201 autem
1501 1174 1557 1200 haec
1583 1172 1681 1208 patulis
1699 1173 1739 1200 in-

116 1222 164 1248 τοῦ
182 1222 341 1258 φαινομένου
362 1223 525 1259 ὑψηλότερον
547 1223 594 1250 καὶ
616 1223 759 1260 θειότερον.
777 1224 860 1251 Τοῦτο
876 1236 878 1247 ι

978 1219 1114 1254 :lligeutiis
1129 1219 1311 1253 tradiderunt,
1325 1220 1372 1247 sed
1391 1220 1417 1246 in
1439 1219 1568 1254 symbolis
1582 1219 1740 1254 quibusdam

118 1270 294 1304 πεποιήκασι,
312 1269 358 1295 καὶ
377 1269 426 1295 οὐκ
443 1269 618 1304 ἀπεκάλυψαν
636 1270 720 1296 ἅπασι
736 1270 770 1297 τὰ
786 1271 880 1307 ὰπόκρι

980 1265 1055 1296 icris,
1071 1272 1132 1300 quae
1147 1265 1274 1292 nimirum
1302 1265 1329 1292 in
1354 1264 1475 1292 Ecclesia
1492 1270 1586 1292 sancta
1602 1263 1742 1292 celebrau-

118 1323 168 1348 φα,
184 1314 224 1341 ὅτι
239 1314 269 1340 οὺ
287 1314 339 1346 πᾶς
357 1314 438 1351 ἱερὸς,
454 1315 513 1341 οὐδὲ
531 1315 638 1342 πάντων
655 1316 671 1350 ἠ
688 1315 803 1350 γνῶσις·
827 1316 880 1352 ’Υμί

979 1318 1012 1343 ir,
1027 1318 1089 1338 cum
1105 1312 1237 1338 rationem
1252 1311 1372 1339 habeant
1386 1318 1418 1338 eo
1438 1311 1510 1346 quod
1530 1315 1643 1345 apparet
1656 1311 1741 1338 subli-

118 1360 174 1395 γὰρ
187 1360 314 1392 δέδοται,
331 1362 412 1397 φησὶν
437 1362 451 1388 ὁ
475 1361 576 1397 Κύριος
598 1363 654 1394 τοῖς
677 1362 835 1395 ἀποστόλοις
857 1373 880 1390 κέ

981 1356 1071 1384 liorem
1096 1361 1177 1391 atque
1197 1356 1368 1384 diviniorem.
1385 1356 1442 1384 lloc
1459 1361 1550 1383 autem
1565 1355 1701 1388 fecerunt,
1716 1359 1743 1383 et

118 1407 175 1437 τοῖς
199 1406 256 1440 μετ’
274 1406 370 1437 αὐτοὺς
392 1406 489 1440 ἁγίοις,
506 1405 616 1440 γνῶναι
632 1405 668 1432 τὰ
679 1405 830 1440 μυστήρια
850 1406 880 1440 τῇ

980 1405 1166 1438 audquaquam
1175 1404 1304 1432 omnibus
1320 1411 1419 1431 arcana
1433 1404 1599 1436 revelarunt,
1612 1404 1673 1439 quia
1689 1410 1742 1430 non

115 1451 278 1484 ,ϐασιλείας
289 1451 341 1478 τοῦ
358 1451 440 1478 Θεοῦ.

980 1453 1045 1480 mnis
1064 1457 1187 1485 sanctus,
1205 1460 1293 1487 neque
1307 1451 1427 1480 omnium
1449 1452 1562 1479 scientia
1578 1456 1643 1479 est:
1666 1449 1742 1478 Vobis

122 1497 202 1532 166
218 1498 297 1530 enim,
314 1497 398 1532 inquit
411 1497 539 1524 Dominus
555 1497 685 1531 apostolis
697 1501 724 1525 et
737 1499 938 1526 successoribus
952 1499 1065 1533 sanctis,
1081 1499 1172 1526 datum
1191 1505 1229 1526 est
1247 1507 1323 1526 noue
1336 1499 1459 1533 mysteria
1475 1498 1547 1533 regni
1563 1497 1611 1525 Dei
1620 1498 1645 1524 ι.

155 1544 168 1579 §
183 1543 213 1570 V.
241 1544 407 1578 ’Δναγκαίως
430 1544 518 1570 τοίνυν
535 1545 559 1570 οἱ
577 1545 644 1579 ἱεροὶ
660 1545 812 1579 ἀπόστολοι,
830 1545 906 1572 αὐτοὶ

993 1546 1008 1582 ε
1028 1546 1059 1574 ν.
1080 1545 1240 1574 Necessario
1272 1546 1354 1580 igitur
1379 1545 1470 1572 sancti
1495 1544 1609 1579 apostoli
1635 1544 1743 1579 ipsimct

118 1589 335 1625 ἀναπλησθέντες
360 1588 407 1616 τοῦ
435 1589 507 1616 θείου
533 1589 700 1624 χαρίσματος
727 1589 880 1625 (ἐθεὼθησι

979 1593 1048 1620 ivino
1062 1599 1174 1620 munere
1192 1591 1265 1627 pleni
1281 1593 1342 1626 (per
1353 1591 1525 1619 dilectionem
1542 1590 1613 1618 enim
1625 1590 1741 1617 deiﬁcau‘

119 1634 173 1670 γὰρ
188 1636 220 1669 τῇ
239 1634 306 1670 πρὸς
322 1634 410 1660 αὐτῶν
428 1634 596 1669 ἀγαπήσει),
614 1634 661 1660 καὶ
678 1635 717 1666 εἰς
733 1635 796 1666 τοὺς
812 1635 881 1662 ἄλλοι

981 1640 1045 1673 'ant)
1061 1642 1088 1665 et
1112 1638 1145 1665 ad
1173 1629 1241 1665 alios
1262 1638 1296 1665 ab
1313 1637 1370 1671 ipsa
1387 1636 1509 1664 bonitate
1526 1636 1615 1668 missi,
1636 1636 1701 1670 quin
1717 1641 1743 1663 et

118 1679 316 1715 ἀπεσταλμένοι
340 1679 416 1715 παρά
439 1680 488 1715 τῆς
511 1679 689 1715 ἀγαθότητος,
706 1680 753 1707 καὶ
778 1681 853 1707 αὐτοὶ
877 1693 880 1705 ι

981 1685 1006 1711 εἰ
1018 1684 1073 1719 jam
1090 1685 1127 1712 dii
1142 1684 1219 1717 facti,
1235 1683 1440 1712 successoribu's
1462 1682 1616 1710 istiusmodi
1633 1681 1743 1709 deiﬁca-

118 1726 169 1761 ἤδη
187 1725 244 1752 θεοὶ
260 1726 410 1760 γεγονότες,
430 1725 467 1761 μὴ
484 1725 643 1760 φθονοῦντες
658 1727 714 1758 τοῖς
736 1727 794 1762 μετ’
810 1727 880 1753 αὐτοὶ

981 1737 1058 1757 onem
1073 1729 1186 1756 minime
1203 1729 1357 1756 invidentes
1376 1727 1476 1759 (aliena
1499 1728 1570 1754 enim
1586 1726 1687 1754 invidia
1702 1730 1743 1753 est

119 1770 169 1804 τῆς
185 1769 310 1805 τοιαύτης
327 1769 448 1802 θεώσεως
461 1770 608 1806 (ἀλλότριον
619 1771 673 1806 γὰρ
682 1771 711 1797 τὸ
720 1771 848 1806 φθονερὸν
859 1780 881 1798 τ(

986 1776 1072 1808 Deoi,
1088 1776 1264 1804 sensibilibus
1278 1775 1458 1807 iutellectilia,
1474 1779 1502 1801 et
1524 1774 1675 1802 materiatis
1692 1774 1742 1801 im-

118 1815 209 1851 Θεοῦ),
223 1815 360 1851 αἰσθητοῖς
371 1815 404 1842 τὰ
411 1816 502 1852 νοητὰ,
512 1817 558 1843 xui.
567 1816 667 1848 ὑλικοῖς
675 1817 709 1843 τὰ
718 1817 796 1848 ἄῦλα,
804 1817 851 1844 καὶ
861 1818 878 1844 ἁ

979 1821 1119 1854 laterialia,
1134 1826 1162 1850 et
1175 1821 1331 1849 hominibus
1346 1821 1447 1852 divina,
1469 1825 1524 1847 tam
1539 1819 1642 1854 scripto
1660 1826 1741 1854 quam

120 1860 237 1896 θρώποις
249 1861 282 1887 τὰ
292 1861 362 1893 Θεῖα,
374 1861 420 1887 καὶ
429 1861 574 1897 ἐγγράφως
585 1862 631 1888 καὶ
645 1861 775 1897 ἀγράφως
791 1862 882 1897 παρέᾶ

980 1875 1011 1895 οη
1029 1868 1130 1902 scripto
1145 1867 1326 1899 tradiderunt,
1344 1875 1395 1894 non
1412 1872 1523 1901 propter
1540 1866 1671 1901 profanos
1686 1870 1742 1892 tau-

120 1914 181 1937 σαν,
192 1905 222 1931 οὺ
235 1906 313 1941 μόνον
322 1907 401 1942 χάριν
408 1906 462 1932 τῶν
470 1906 583 1942 ἀνιέρων
593 1906 628 1942 (τί
636 1905 690 1942 γὰρ
699 1907 763 1941 ἡμῖν
771 1906 880 1933 κὰκείνο

980 1921 1013 1939 ltn
1028 1913 1105 1948 (quid
1117 1913 1188 1940 cnim
1203 1912 1281 1940 nobis
1291 1917 1318 1940 et
1328 1913 1380 1940 illis
1391 1919 1545 1952 commune,
1560 1911 1607 1946 qui
1624 1919 1657 1938 ne
1669 1918 1742 1945 sym-

119 1951 219 1983 κοινὸν,
231 1952 255 1978 οἳ
268 1952 326 1978 οὐδὲ
338 1952 392 1978 τῶν
405 1952 545 1987 συμϐόλων
556 1951 641 1987 ψιλῶν
657 1952 793 1985 ἀξιοῦνται
805 1952 829 1988 ;)
841 1952 881 1979 ἁλὶ

980 1958 1026 1986 olis
1053 1958 1162 1994 quidem
1192 1958 1271 1985 nudis
1304 1958 1381 1992 digni
1403 1951 1472 1984 sunt
1496 1957 1618 1991 habiti?)
1648 1963 1742 1983 verum

120 1998 167 2024 καὶ
186 1998 246 2024 κατ’
263 1997 340 2025 ἀλλον
363 1998 462 2034 τρόπον
479 1999 519 2024 ὅτι
535 1998 673 2033 ἀναλόγως
688 1999 754 2034 ἡμῖν
770 1998 882 2034 αἰσθητο

980 2006 1039 2033 tiam
1053 2005 1088 2033 ob
1104 2005 1184 2032 aliam
1201 2005 1344 2038 rationem,
1361 2006 1433 2040 quod
1447 2004 1573 2032 nimirum
1591 2010 1742 2038 congruen-

119 2040 189 2074 οὖσι,
207 2043 253 2069 καὶ
277 2043 401 2078 αἰσθήσει
426 2042 503 2075 ζῶσι,
521 2043 569 2069 καὶ
591 2043 607 2078 ή
635 2043 758 2079 ίεραρχία
780 2043 881 2071 τελεῖτα

980 2060 998 2079 :r
1019 2052 1097 2082 nobis
1121 2059 1202 2080 sensu
1224 2051 1376 2078 viventibus
1386 2055 1415 2078 et
1427 2050 1563 2078 sensitiris
1578 2049 1742 2082 ,hierarchia

120 2088 158 2114 Οὐ
175 2088 228 2124 γὰρ
243 2085 297 2114 οἷόν
313 2097 343 2114 τε
358 2089 470 2124 γυμνοῖς
486 2089 577 2121 αὐτοῖς
597 2090 654 2121 τοῖς
678 2089 759 2121 θείοις
780 2090 882 2126 πράγμι

979 2097 1190 2124 ubministretur.
1207 2095 1266 2123 Non
1289 2096 1361 2123 enim
1377 2103 1426 2130 par
1438 2099 1493 2128 est,
1509 2100 1539 2122 ιιι
1555 2094 1582 2122 In'
1599 2095 1646 2129 qui
1660 2102 1741 2122 sensu

121 2143 164 2161 σιν
179 2134 362 2170 ἐντυγχάνειν,
381 2135 428 2161 καὶ
453 2134 556 2171 νοητῶς
573 2135 765 2168 συνάπτεσθαι,
782 2136 882 2172 αἰσθήσ

980 2144 1064 2176 ivunt,
1082 2143 1168 2170 nudas
1187 2143 1261 2178 ipsas
1277 2149 1321 2170 res
1333 2142 1440 2170 divinas
1457 2142 1641 2177 frequentem,
1660 2147 1688 2169 et
1701 2141 1742 2168 iu-

120 2181 240 2213 ζῶντας·
259 2182 303 2208 διὰ
317 2181 395 2208 τοῦτο
419 2181 464 2208 διὰ
487 2181 627 2217 συμϐόλων
642 2182 776 2209 τελεῖσθαι
793 2183 882 2218 ὲτάχθι

980 2189 1147 2217 :llectualiter
1162 2189 1197 2216 iis
1209 2188 1425 2224 coniungantur;
1444 2188 1547 2216 idcirco
1562 2195 1610 2223 per
1622 2187 1742 2224 symbolo

121 2236 180 2263 μεν.
195 2227 269 2259 Τέως
285 2227 314 2253 δὲ
329 2228 403 2263 ὅμως
419 2228 444 2254 οἱ
459 2227 514 2254 τῶν
532 2227 671 2263 συμϐόλων
687 2228 760 2262 λόγοι
776 2228 806 2255 οὐ
824 2230 883 2255 πᾶσι

980 2236 1024 2263 issi
1048 2243 1141 2264 sumus
1164 2236 1276 2264 initiari.
1294 2236 1485 2264 Verumtamen
1501 2242 1534 2262 ne
1547 2235 1612 2270 ipsa:
1634 2234 1742 2270 quidem

120 2274 189 2300 εἰσιν
204 2273 457 2309 ἀνακεκαλυμμένοι
470 2274 516 2300 καὶ
527 2273 668 2310 γνώριμοι,
680 2274 747 2301 ἀλλά
757 2276 812 2307 τοῖς
825 2276 882 2310 ἱερο

981 2281 1140 2309 vmbolorum
1155 2282 1274 2309 rationes
1287 2282 1414 2309 omnibus
1429 2285 1492 2308 sunt
1506 2280 1632 2308 revelata:
1647 2287 1680 2306 ac
1695 2285 1743 2306 no-

119 2319 257 2354 ἁνδρὰσιν,
274 2319 320 2351 οὓς
344 2320 374 2346 οὺ
398 2319 506 2355 θεμιτόν
531 2320 604 2346 ἐστιν
628 2319 734 2354 ἐξάγειν
756 2321 851 2353 αὐτοὺς
867 2330 880 2347 ε

981 2335 1004 2360 ε,
1020 2327 1066 2355 sed
1081 2327 1147 2355 viris
1162 2328 1276 2359 sanctis,
1289 2327 1390 2362 quibus
1406 2335 1458 2354 non
1471 2326 1535 2354 licet
1544 2333 1592 2353 eas
1607 2331 1743 2360 exponere

119 2364 182 2395 τοὺς
207 2364 247 2390 ἔτι
273 2365 501 2401 κατηχουμένους,
520 2365 632 2397 εἰδότας,
649 2366 690 2392 ὅτι
715 2367 881 2403 προοηκόντο

981 2382 992 2402 s
1006 2375 1052 2409 qui
1066 2375 1154 2402 adhuc
1170 2374 1373 2407 catechumeni;
1390 2381 1452 2400 cum
1463 2373 1534 2400 scire
1548 2372 1667 2399 debeant
1677 2378 1743 2398 con-

120 2411 226 2446 ἑκάστῳ
248 2410 320 2437 κατὰ
341 2412 391 2447 τὴν
413 2411 542 2447 οὐρανίαν
563 2412 640 2444 τάξιν
661 2411 710 2448 τὴν
726 2413 843 2448 εὐσταθῆ
860 2422 882 2439 κε

979 2421 1100 2448 euienter
1117 2421 1274 2455 unicuique,
1290 2420 1439 2447 secundum
1455 2419 1579 2446 ordinem
1604 2417 1741 2445 cmlestetu

119 2457 295 2492 ἀσύμφυρτον
316 2457 454 2492 ἀναλόγως
481 2457 530 2494 τὴν
558 2458 620 2485 καθ’
642 2459 714 2494 ἡμᾶς
742 2459 880 2491 διετάξαντ

978 2466 1080 2494 tabilem
1095 2471 1123 2493 et
1135 2466 1318 2499 inconfusum,
1332 2465 1364 2492 ad
1377 2469 1484 2499 captum
1498 2469 1620 2492 nostrum
1635 2464 1740 2491 hierar—

118 2503 164 2529 Διὸ
181 2503 302 2536 πεισθεὶς
316 2505 376 2535 ταῖς
392 2504 547 2539 ὁμολογίαις
563 2506 623 2536 ταῖς
639 2507 709 2537 σαῖς,
728 2505 766 2536 ὡς
782 2505 831 2540 οὐχ
846 2506 880 2531 ἐτι

980 2513 1048 2540 liiam
1061 2513 1147 2547 ipsam
1160 2513 1312 2540 ordinatam
1328 2519 1398 2539 esse.
1412 2512 1582 2545 Quapropter
1595 2510 1676 2536 etiam
1690 2509 1742 2537 tuis

120 2558 159 2586 ρῳ
178 2549 354 2585 μεταδώσεις,
372 2550 397 2576 εί
415 2550 452 2585 μὴ
469 2552 525 2582 τοῖς
547 2551 618 2578 κατά
642 2551 670 2577 σὲ
688 2553 769 2586 ἱεροῖς
780 2559 786 2565 ·
804 2552 851 2577 καὶ
867 2551 880 2576 ’ὁ

979 2566 1016 2586 ise
1042 2558 1258 2593 professionibus
1282 2565 1431 2592 persuasus
1452 2565 1493 2588 es,
1509 2563 1542 2583 ne
1564 2556 1637 2583 illam
1663 2556 1741 2584 alteri

119 2595 262 2627 κάκείνους
287 2595 421 2632 ἀσφαλίσῃ
443 2596 580 2628 τοιούτους
605 2594 674 2623 εἶναι
699 2597 762 2632 περὶ
784 2596 819 2623 τὰ
835 2596 881 2622 θεῖ(

980 2605 1066 2638 vadas,
1082 2609 1263 2640 praeterquam
1279 2605 1316 2631 tui
1331 2603 1466 2631 similibus
1481 2602 1597 2636 sanctis;
1612 2606 1640 2630 et
1654 2602 1689 2631 ab
1702 2603 1742 2630 eis

119 2638 174 2672 οἷος
192 2642 223 2667 σὺ
239 2641 318 2673 αὐτὸς
335 2638 402 2668 εἶναι
420 2642 483 2678 περὶ
498 2641 584 2668 ταῦτα
600 2642 727 2677 ὑπισχνῇ,
745 2642 791 2668 καὶ
811 2642 881 2667 τοῦτ(

980 2654 1035 2677 etes
1049 2638 1215 2683 cautionem,
1235 2650 1307 2684 ipsos
1323 2650 1395 2677 circa
1412 2649 1503 2677 divina
1521 2649 1587 2677 tales
1602 2648 1742 2684 forc,qua«

121 2686 284 2722 μεταδίδωμί
302 2695 342 2713 σοι
357 2687 404 2714 τοῦ
421 2687 517 2723 δώρου.

981 2702 1010 2721 :ut
1026 2695 1083 2729 ipse
1098 2700 1123 2723 te
1136 2696 1208 2723 circa
1223 2695 1316 2723 eadem
1331 2695 1390 2723 fore
1403 2695 1540 2730 recepisti,
1556 2694 1636 2729 idque
1648 2702 1743 2723 mune-

957 2741 996 2769 ris
1009 2741 1058 2769 tibi
1073 2743 1160 2770 trado.

157 2809 171 2829 ιι
185 2808 269 2836 Marc.
286 2815 325 2843 IV,
339 2808 383 2836 ll.

121 2855 165 2919 or‘
180 2841 412 2918 ιιθὲἓιξαὶρρξηῗῗ
426 2856 543 2892 γραφῆς.
558 2855 586 2885 1n
605 2862 676 2885 textu
690 2857 761 2885 enim
777 2857 807 2885 S.
828 2857 883 2885 Dial

154 2898 194 2917 cs.
281 2908 288 2916 .
411 2909 419 2918 .

977 2856 1073 2891 legitur
1096 2857 1173 2889 ἐκτὸς
1198 2841 1318 2892 γραφῆς.
1336 2856 1511 2892 Negationem
1525 2864 1555 2883 ου
1571 2855 1635 2891 legit
1654 2855 1739 2883 intor-

154 2898 194 2917 CS.
210 2898 288 2916 ινιτ.
299 2898 419 2918 I’ATROL.
