1931 3073
105 213 155 241 595

277 270 309 298 Il.
329 270 501 305 Μυστήριον
513 271 708 305 φωτίσματος.

636 211 678 240 DE
693 210 832 240 ECCLES.
854 211 1054 244 lllEﬂARCH.,
1076 211 1152 240 CAP.
1171 211 1204 239 ll.

1664 215 1716 242 5M

900 278 922 305 Α
946 268 1026 304 168
1044 268 1074 295 ll.
1095 267 1295 295 Sacramenta»:
1308 267 1505 300 illustrationis,
1517 269 1568 296 sive
1583 269 1715 304 baptismi.

884 338 897 374 §
915 337 948 375 In

142 410 170 439 '0
188 412 238 448 μὲν
255 413 393 448 ίεράρχης,
403 413 531 440 ἐχάστοτε
543 413 576 448 τῇ
593 412 660 448 πρὸς
673 411 739 438 Θεὸν
750 409 887 445 ἀφομοιιῦ-

104 467 142 485 σει
165 459 288 489 ἅπαντας
310 457 468 493 ἀνθρώπους
491 456 574 484 θέλων
586 457 619 473 ¹⁰⁰
633 457 760 492 σωθῆναι,
779 457 826 482 καὶ
847 455 886 486 εἰς

100 505 247 540 ἐπίγνωσιν
262 504 389 539 ἀληθείας
404 504 502 536 ἐλθεῖν,
519 503 697 539 ἀνακηρύττει
715 503 780 529 πᾶσι
795 502 829 528 τὰ
844 502 888 528 ὁν-

103 561 155 584 τως
170 551 331 586 Εὑαγγέλια,
349 550 415 578 Θεὸν
435 550 499 578 ἵλεω
520 550 576 583 τοῖς
598 551 644 577 ἐπὶ
666 550 718 585 γῆς
740 549 769 582 ἐξ
785 548 886 579 οἰκείας

104 597 166 624 ὅντα
181 597 228 623 καὶ
242 595 360 630 φυσικῆς
375 595 551 630 ἀγαθάτητος,
569 593 650 621 αὑτδν
665 595 702 626 ὡς
717 595 790 630 ἡμᾶς
813 593 887 620 εὐτό-

104 642 175 674 νως¹
198 641 343 677 ἀφικέσθαι
365 641 410 669 διὰ
432 640 635 677 φιλανθρωπίαν
657 639 818 673 ἀξιώσαντα,
842 639 888 665 καὶ

103 690 136 724 τῇ
161 688 228 724 πρὸς
249 688 330 715 αὐτὸν
352 687 446 715 ὲνώσει
468 687 546 724 δίκην
569 686 653 723 πυρὸς
670 685 838 721 ἀφομοιῶσαι
854 685 889 711 τὰ

104 733 248 765 ἐνωθέντα,
265 733 335 760 κατὰ
355 734 404 769 τὴν
421 732 510 760 αὐτῶν
527 732 594 768 πρὸς
610 731 725 758 θέωσιν¹
741 730 889 766 ἐπιτηδειό-

104 787 181 815 τητα.
196 779 278 806 Ὅσοι
304 779 359 814 γὰρ
384 779 495 806 ἔλαϐον
520 778 624 810 αὐτὸν,
651 776 761 804 ἔδωκεν
789 775 890 808 αὐτοῖς

104 825 248 856 ἐξουσίαν
263 825 353 852 τέκνα
365 824 439 852 Θεοῦ
455 823 605 859 γενέσθαι,
617 823 680 856 τοῖς
695 823 890 849 πιστεύουσιν

104 870 147 902 εἰς
163 870 195 896 τὸ
213 869 307 904 ὄνομα
320 870 413 897 αὐτοῦ
426 878 432 885 ·
451 869 480 896 οἳ
494 870 550 896 οὐκ
565 869 601 901 ἐξ
615 868 754 903 αἱμάτων,
771 867 841 894 οὐδὲ
857 868 891 894 ὲκ

105 915 271 950 θελήματος
286 915 398 950 σαρκὸς
404 915 424 948 ³,
441 915 511 943 ἀλλ’
523 915 558 942 ἐκ
586 914 659 942 Θεοῦ
672 913 889 948 ἐγεννήθησαν.

972 410 1117 437 Sacrorum
1134 408 1241 444 praesul,
1256 415 1317 435 eum
1332 415 1426 436 omnes
1445 409 1581 444 sigillatim
1595 411 1719 440 homines

937 455 969 482 ad
982 456 1066 482 Deum
1078 453 1272 482 assimilatione
1285 453 1375 481 salvos
1388 453 1457 488 ﬁeri,
1466 459 1494 482 et
1506 456 1539 482 ad
1553 456 1717 490 agnitionem

938 500 1060 528 veritatis
1083 500 1175 528 venire
1197 500 1298 535 cupiat,
1315 500 1442 534 praadieat
1457 500 1584 528 omnibus
1600 508 1634 529 ex
1649 503 1721 530 veris

938 545 1102 581 Evangeliis,
1117 546 1202 573 Deum
1220 545 1306 580 ipsum
1325 545 1470 581 terrigenis
1483 547 1592 580 propria
1604 554 1652 574 sua
1669 556 1718 575 na-

939 591 1072 627 turalique
1082 592 1200 619 bonitate
1213 591 1371 626 propitium,
1382 591 1415 618 ad
1428 599 1476 618 nos
1489 599 1537 626 pro
1549 591 1721 620 humanitate

939 645 1042 665 summa
1056 637 1239 669 descendisse,
1255 642 1284 664 ut
1297 637 1338 664 sui
1353 638 1461 671 unione,
1478 638 1505 664 in
1523 645 1626 665 morem
1639 639 1720 673 ignis,

939 684 1013 712 unita
1029 684 1079 711 sibi
1096 683 1287 716 conformaret,
1304 688 1435 718 quantum
1454 684 1488 711 ad
1504 691 1599 711 eorum
1614 685 1721 712 condu-

940 734 1013 757 ceret
1026 729 1234 756 deiticationem.
1249 728 1381 764 Quotquot
1399 729 1468 755 enim
1486 734 1635 763 receperunt
1650 737 1720 761 eum,

940 775 1011 802 dedit
1023 775 1061 802 eis
1075 779 1227 808 potestatem
1238 774 1308 808 filios
1321 774 1367 801 Dei
1381 774 1449 808 fieri,
1463 773 1504 801 his
1514 774 1559 808 qui
1571 775 1680 801 credunt
1695 776 1722 801 in

940 821 1044 848 nomine
1054 820 1110 854 ejus
1123 828 1132 847 :
1143 820 1187 854 qui
1199 828 1250 847 non
1266 828 1298 847 ea:
1308 821 1492 855 sanguinibus,
1510 828 1556 847 nec
1579 828 1612 848 ea:
1629 821 1722 848 volun—

942 872 994 894 tate
1009 868 1107 900 carm‘l,
1121 868 1166 894 sed
1182 875 1214 894 ea;
1228 867 1282 893 Deo
1292 868 1346 893 nati
1359 872 1417 894 sunt
1427 871 1458 896 ’⁸.

877 992 889 1027 §
907 991 944 1021 ll.

146 1078 176 1105 '0
199 1078 300 1105 τούτων
327 1076 490 1112 ἀγαπήσαςδ
515 1075 568 1102 τῶν
591 1075 673 1106 ὅντως
699 1074 889 1109 ὑπερκοσμίων

975 1073 1102 1107 Quisquis
1128 1079 1219 1101 autem
1244 1075 1340 1101 horum
1366 1081 1506 1102 munerum
1534 1083 1597 1104 vere
1631 1083 1725 1110 super-

105 1125 156 1160 τὴν
172 1124 247 1160 ἱεράν
266 1124 419 1160 μετουσίαν,
436 1122 521 1149 ἐλθὼν
545 1122 590 1148 ἐπί
605 1130 666 1148 τινα
682 1121 736 1147 τῶν
754 1120 893 1156 μεμυημέ-

106 1180 170 1202 νων,
184 1171 270 1198 πείθει
288 1171 337 1206 μὲν
354 1171 444 1201 αὑτὸν,
459 1170 610 1206 ἡγήσασθαι
629 1168 709 1196 αὑτοῦ
725 1169 773 1203 τῆς
790 1168 836 1194 ἐπὶ
848 1167 893 1193 τὸν

107 1217 130 1244 is
135 1217 237 1253 ράρχην
246 1216 316 1248 ὀδοῦ,
334 1216 414 1248 αὐτὸς
424 1216 452 1242 δὲ
461 1216 557 1247 ὑλικῶς
574 1214 800 1250 ἐπακολουθήσειν
810 1215 895 1247 ἐπαγ-

106 1262 229 1297 γέλλεται
239 1263 295 1293 τοῖς
304 1260 578 1297 παραδοθησομὲνοις,
587 1261 633 1286 καὶ
643 1259 713 1292 ἀξιοί
722 1259 803 1294 τῆςτε
811 1266 894 1293 προσ-

106 1308 219 1343 αγωγῆς
234 1307 328 1338 αὑτοῦ,
342 1307 389 1333 καὶ
406 1306 552 1341 συμπάσης
569 1306 617 1341 τῆς
634 1305 680 1332 ἐπὶ
695 1305 726 1331 τὸ
742 1305 805 1339 ἐξῆς
822 1303 894 1338 ζωῆς

106 1353 157 1388 τὴν
180 1353 339 1379 ἐπιστασίαν
365 1351 551 1384 ἀναδέξασθαι.
569 1350 621 1376 Τὸν
637 1350 675 1381 δὲ,
692 1350 742 1384 τῆς
760 1349 807 1385 μὲν
823 1349 894 1375 ἐκεί-

107 1407 154 1426 νου
176 1398 310 1433 σωτηρίας
334 1397 414 1432 ὶερῶς
438 1397 553 1432 ἐρῶντα,
571 1396 639 1432 πρὸς
655 1395 684 1422 δὲ
698 1395 728 1421 τὺ
743 1394 790 1421 τοῦ
819 1394 895 1430 πρά-

102 1443 276 1478 γματοςῦψος
293 1442 502 1478 ἀντιμετροῦντα
514 1442 545 1468 τὸ
557 1440 734 1477 ἀνθρώπινον,
749 1441 832 1476 φρίκη
847 1440 896 1475 μὲν

108 1489 187 1524 ἄφνω
202 1490 249 1516 καὶ
264 1488 404 1525 ἀμηχανία
421 1488 592 1524 περιίσταται
602 1497 608 1503 ”
626 1487 759 1514 τελευτῶν
771 1486 799 1513 δὲ
811 1487 894 1521 ὅμως,

109 1536 232 1572 ποιήσειν
243 1535 273 1562 τὸ
285 1534 411 1569 αίτηθέν⁸
428 1532 593 1568 ἀγαθοειδῶς
608 1533 775 1568 ὡμολόγησε,
786 1532 832 1558 καὶ
845 1541 896 1558 πα-

110 1581 234 1619 ραλαϐὼν
251 1581 331 1608 αὑτὸν
346 1581 406 1615 ἀγει
422 1579 490 1616 πρὸς
506 1580 552 1607 τὸν
568 1579 617 1614 τῆς
634 1578 774 1614 ἱεραρχίας
789 1577 895 1605 ἐτειίλνυ-

110 1638 171 1665 μον.

943 1119 1120 1146 mundialium
1138 1125 1232 1147 sancte
1255 1121 1390 1155 particeps
1413 1129 1474 1148 esse
1489 1122 1574 1156 cupit,
1592 1123 1725 1150 accedens

943 1165 1097 1199 quempiam
1113 1165 1199 1192 sacris
1212 1165 1358 1198 initiatum,
1375 1164 1479 1200 ﬂagitat
1492 1167 1526 1194 ab
1541 1175 1572 1194 eo
1585 1168 1618 1194 ad
1632 1176 1725 1195 sacro-

945 1218 1003 1237 rum
1019 1210 1162 1245 praasidem
1177 1211 1333 1243 manuduci,
1352 1219 1401 1238 nec
1423 1219 1476 1239 non
1496 1213 1600 1248 integre
1621 1215 1726 1242 cunctis

945 1256 1130 1284 sanctionibus
1141 1256 1253 1291 obsequi
1266 1258 1417 1293 pollicetur,
1438 1262 1579 1293 rogatque,
1594 1267 1651 1286 suae
1663 1268 1725 1287 cum

945 1302 1117 1330 admissionis
1138 1306 1194 1329 tum
1221 1303 1304 1330 totius
1331 1303 1428 1330 exinde
1456 1304 1516 1331 vitae
1530 1312 1623 1332 curam
1639 1307 1727 1333 susei-

945 1355 1010 1383 pere
1031 1355 1063 1375 ne
1078 1353 1193 1377 reeuset.
1209 1348 1277 1375 Tum
1304 1349 1385 1380 hunc,
1400 1349 1494 1376 salutis
1517 1350 1626 1384 quidem
1655 1351 1727 1378 illius

945 1398 1040 1421 sancte
1051 1394 1188 1429 cupidum,
1203 1394 1250 1421 sed
1276 1394 1314 1422 rei
1331 1394 1519 1422 celsitudinem
1536 1396 1659 1424 humante
1672 1397 1727 1423 fra-

946 1441 1042 1476 gilitali
1070 1443 1312 1476 opponderantem,
1336 1443 1432 1470 horror
1454 1442 1528 1471 illico
1549 1445 1729 1479 auxietasque

947 1487 1117 1514 circumdant
1131 1496 1138 1514 :
1152 1493 1338 1516 verumtamen
1362 1489 1492 1517 benevole
1522 1491 1630 1518 tandem
1648 1491 1729 1518 simul

947 1533 1068 1567 petitioni
1093 1534 1151 1568 ejus
1174 1535 1240 1562 satis
1263 1542 1291 1562 se
1314 1534 1446 1562 facturum
1463 1536 1569 1569 annuit,
1587 1537 1729 1571 ipsumque

947 1581 1098 1615 suscipiens
1111 1581 1145 1608 ad
1160 1588 1295 1609 summum
1311 1581 1385 1609 ducit
1399 1582 1579 1610 sacerdotem.

877 1685 892 1722 ε
911 1683 966 1715 III.

151 1759 180 1785 ὀ
195 1758 224 1785 δὲ
242 1760 300 1794 μετ’
313 1758 491 1795 εὐφροσύνης,
502 1759 539 1791 ὡς
554 1759 585 1786 τὸ
600 1760 644 1786 ἐπ’
655 1758 737 1795 ὤμων
751 1759 893 1795 πρόϐατον,

984 1761 1009 1788 Is
1024 1765 1113 1788 autem
1133 1763 1194 1788 eum
1211 1761 1316 1793 Ita-tilia,
1334 1768 1385 1788 non
1411 1768 1489 1789 secus
1508 1765 1590 1796 atque
1608 1761 1730 1788 humeris

108 1804 296 1840 είσδεξάμενος
305 1806 361 1832 τοῖν
373 1805 488 1842 ἀνδροῖν,
500 1806 600 1842 ὲσέφθη
615 1806 708 1842 πρῶτα
727 1807 773 1833 καὶ
790 1807 868 1842 ὑμνεῖ
876 1807 897 1838 ⁸,

107 1851 155 1879 διὰ
170 1852 266 1886 νοερᾶς
282 1852 456 1887 εὐχαριστίας
473 1852 520 1878 καὶ
537 1851 733 1887 σωματοειδοῦς
747 1853 900 1888 προσκυνή-

109 1906 190 1930 σεως,
207 1898 256 1933 τὴν
274 1898 337 1933 μίαν
353 1898 546 1934 ἀγαθοεργέτιν
569 1899 666 1934 ἀρχὴν,
684 1900 728 1934 ὑφ’
744 1897 778 1935 ἦς
798 1899 832 1926 τὰ
847 1907 898 1926 κα-

109 1942 230 1978 λούμενα
248 1942 380 1974 καλεῖται,
399 1944 445 1970 καὶ
461 1943 496 1970 τὰ
512 1944 652 1979 σωζόμενα
669 1943 793 1977 σώζεται.

950 1815 1038 1839 ovem,
1053 1809 1119 1835 duos
1142 1808 1203 1835 illos
1219 1809 1292 1835 viros
1307 1808 1457 1842 excipiens,
1476 1807 1591 1842 spiritali
1612 1808 1728 1842 primum

950 1854 1056 1881 actione
1080 1854 1242 1887 gratiarum,
1273 1855 1451 1888 corporisque
1476 1853 1644 1884 adoratione,
1669 1853 1730 1879 uni-

951 1907 1023 1930 eum.
1038 1907 1051 1925 a
1068 1907 1122 1933 quo
1137 1900 1256 1927 vocanda
1273 1904 1414 1932 vocantur,
1431 1907 1462 1926 ac
1475 1899 1605 1927 salvanda
1622 1898 1729 1925 salvan-

952 1950 996 1972 tur
1011 1945 1160 1972 beuelicum
1177 1945 1339 1981 principium
1352 1949 1508 1974 veneratur.

875 2023 888 2059 ς
912 2022 964 2052 IV.

146 2092 214 2121 Εἶτα
239 2095 328 2120 πᾶσαν
344 2093 419 2129 ἱερὰν
435 2094 622 2130 διακόσμησιν,
640 2096 686 2122 ἐπὶ
703 2096 831 2131 συνεργίᾳ
850 2095 898 2130 μὲν
923 2120 925 2123 ⁴
952 2099 958 2126 ζ

109 2141 159 2168 καὶ
181 2141 351 2176 συνεορτάσει
367 2141 417 2175 τῆς
433 2140 561 2176 τάνδρδςτ
580 2141 723 2177 σωτηρίας,
741 2141 900 2178 εὐχαριστίᾳ

107 2187 138 2214 δὲ
155 2187 206 2222 τῆς
222 2187 295 2219 θείας
311 2187 487 2223 ἀγαθότητος,
505 2187 544 2219 είς
566 2187 613 2213 τὸν
629 2187 700 2223 ἱερὸν
716 2187 803 2223 χῶρον
821 2195 901 2214 συνα-

108 2233 215 2268 γαγὼν,
230 2235 258 2260 ἐν
279 2234 350 2270 ἀρχῇ
373 2234 421 2269 μὲν
447 2233 530 2269 ὕμνον
550 2233 610 2260 τινὰ
625 2235 681 2265 τοῖς
697 2233 796 2268 λογίοις
810 2234 900 2268 ἐγκεί-

112 2288 193 2315 μενον
217 2280 274 2316 ἀμα
295 2281 362 2306 πᾶσι
385 2281 441 2311 τοῖς
464 2279 521 2314 τῆς
536 2279 696 2315 Ἑκκλησίας
721 2279 900 2315 πληρώμασιν

112 2326 257 2362 ιερολογεῖΔ
275 2326 321 2352 καὶ
348 2325 417 2361 μετὰ
441 2324 521 2352 τοῦτο
543 2325 592 2361 τὴν
616 2325 691 2361 ἱερὰν
708 2326 900 2360 ἀσπασάμενος

109 2371 262 2407 τράπεζαν,
289 2371 358 2407 πρὸς
383 2372 430 2399 τὸν
458 2371 540 2407 ἄνδρα
566 2371 688 2407 παρόντα
712 2371 828 2407 πρόεισι,
854 2372 901 2398 καὶ

111 2416 279 2444 πυνθάνεται
296 2418 360 2453 παρ’
377 2418 459 2445 αὐτοῦ
475 2417 502 2444 τί
521 2417 678 2452 βουλόμενος
692 2418 766 2453 ἥκοι.

988 2095 1100 2123 Omnem
1114 2095 1211 2123 deinde
1225 2103 1332 2123 sacrum
1346 2096 1482 2129 ordinem,
1499 2104 1560 2124 eum
1572 2101 1602 2124 ut
1614 2097 1732 2124 hominis

954 2140 1034 2168 saluti
1050 2146 1230 2175 cooperantur
1243 2145 1325 2176 atque
1337 2142 1532 2176 congaudeant,
1549 2147 1604 2170 tum
1621 2146 1650 2169 ut
1660 2143 1730 2169 divi-

953 2195 994 2214 na:
1010 2187 1121 2214 bonitati
1132 2188 1234 2221 gratias
1244 2191 1337 2222 agant,
1352 2188 1378 2214 iu
1394 2195 1500 2215 sacrum
1518 2188 1604 2216 locum
1619 2196 1731 2223 cogens.

954 2232 1031 2259 initio
1056 2232 1164 2267 quidem
1190 2232 1319 2268 hymnum
1346 2232 1653 2268 aliquemeScripIuris
1680 2242 1731 2261 una

956 2286 1016 2306 cum
1037 2279 1163 2306 universo
1187 2279 1309 2306 ecclesia:
1332 2279 1405 2307 clero
1420 2281 1561 2308 decantat:
1575 2289 1629 2315 quo
1644 2281 1731 2314 ﬁnito,

955 2325 999 2352 ubi
1019 2332 1126 2352 sacrum
1150 2325 1236 2352 altare
1249 2326 1430 2358 {deosculatus
1455 2330 1507 2360 est,
1523 2327 1556 2354 ad
1573 2327 1672 2359 virum,
1687 2328 1732 2361 qui

951 2379 1072 2405 praesens
1083 2376 1134 2406 est,
1155 2372 1271 2406 accedit,
1284 2377 1312 2400 et
1332 2372 1396 2408 quid
1419 2373 1534 2408 petitum
1555 2374 1659 2400 venerit
1678 2374 1732 2401 sci-

951 2419 1074 2446 scitatur.
1477 2428 1480 2429 ν

888 2498 955 2535 5v.

129 2570 203 2597 ’Τοῦ
231 2571 260 2597 δέ
288 2570 417 2605 θεοφιλῶς
443 2571 634 2605 αίτιασαμένου
643 2571 664 2602 ⁵,
691 2570 761 2597 κατὰ
781 2571 829 2606 τὴν
856 2571 893 2597 τοί

990 2571 1057 2598 Tum
1072 2571 1169 2606 ipsum.
1179 2572 1257 2607 juxta
1271 2571 1477 2600 instructionem
1500 2572 1677 2607 tidejussoris,
1691 2573 1733 2599 in-

111 2616 244 2652 ἀναδόχου
269 2616 427 2652 παράδοσιν,
449 2616 497 2652 τὴν
521 2616 665 2653 ἀθεότητα,
692 2617 740 2653 τὴν
764 2617 900 2652 ἀγνωσίαν

151 2701 173 2716 ἰι
187 2695 268 2724 Joau.
281 2703 302 2730 ι,
315 2696 358 2724 t2.

955 2618 1110 2646 fidelitatem
1130 2618 1282 2652 pristinam,
1296 2618 1409 2652 verique
1436 2618 1499 2646 boni
1525 2613 1732 2653 ignorationem,

766 2756 884 2784 VARle
903 2756 1104 2785 LECTIONES.

153 2813 313 2852 "“jta'vra;
327 2815 485 2852 ἀνθρώπους
501 2817 607 2850 ἐθέλων,
625 2817 657 2844 D.
672 2817 723 2845 Ch.
742 2817 844 2848 πάντας
860 2821 886 2844 et
903 2816 1015 2847 ἐθέλων,
1031 2816 1062 2843 P.
1079 2817 1201 2848 ἅπαντας
1218 2821 1245 2844 et
1259 2816 1369 2848 ἐθέλων,
1388 2816 1418 2845 S.
1451 2801 1599 2848 ἑ⁸ει’)ἰτ‹5νως
1616 2824 1669 2843 non
1684 2816 1734 2842 ha—

114 2849 183 2876 bent
251 2851 280 2877 P.
306 2851 335 2877 D.
402 2852 462 2878 Sar.
476 2857 504 2879 et
520 2852 597 2880 Vien.
613 2853 682 2880 Caes.
720 2853 730 2867 ‘
745 2852 902 2903 πρόσθεσιν,
921 2852 956 2878 M.
972 2852 1015 2877 ubi
1031 2857 1182 2878 correctum
1209 2852 1365 2887 πρόσθεσιν,
1380 2858 1406 2880 et
1418 2852 1457 2880 sic
1469 2853 1550 2880 vertit
1563 2852 1609 2878 Sc.
1623 2852 1688 2878 item
1703 2852 1732 2879 ὃ.

116 2883 129 2899 ³
143 2885 232 2903 ειιΙιιΙιΙ
249 2885 288 2903 ΓΙι
323 2887 382 2903 ιη’,κὲ
400 2888 431 2903 ἓν
454 2887 603 2903 {Ia-11...--.“
625 2887 719 2903 λυπηΑ,
793 2887 807 2903 Α
823 2887 849 2903 RL
871 2887 973 2903 und-Mt.
995 2887 1140 2903 Ιινκρι-ἂμκ-
1169 2886 1188 2903 D
1223 2888 1261 2903 l‘l.
1289 2887 1309 2903 n
1343 2888 1377 2903 ΕΑ
1413 2887 1465 2903 Qu—
1512 2886 1689 2903 Ιι--ἱε-»μ-κτηιι
1705 2886 1732 2903 Σὶ

116 2883 304 2923 :subdiLCh:
323 2887 383 2913 οὐδὲ
400 2888 432 2913 ἐκ
454 2887 603 2923 θελήματος
625 2887 729 2923 ἀνδρός.

793 2887 807 2913 ὁ
823 2887 850 2912 δέ
871 2887 973 2922 τούτων
995 2887 1150 2922 ἀγαπήσας,
1169 2886 1199 2922 P7.
1223 2886 1272 2914 Ch.
1289 2887 1319 2914 D.
1343 2888 1387 2915 Sc.
1413 2887 1475 2914 Sar.

1512 2887 1523 2903 '
1536 2886 1689 2913 τελευταῖον
1705 2886 1733 2912 δὲ

116 2919 202 2963 ξιιωῇ
222 2920 271 2963 σῃ.
291 2921 320 2963 PI:
337 2922 499 2963 strait-165.19)“
509 2919 682 2963 amoenum:
697 2922 729 2949 V.
748 2926 876 2963 uterque:
909 2923 919 2937 θ
933 2919 1033 2960 ἑσέφθη
1051 2919 1110 2963 μέξι,
1131 2922 1167 2963 [9.“
1186 2921 1217 2948 P.
1239 2922 1365 2963 εκείνη
1385 2922 1422 2963 ιῦς
1439 2922 1551 2958 ἔφημεν,
1569 2921 1665 2957 πρῶτα
1683 2921 1732 2955 μὲν

117 2953 208 2992 ὑμνεῖ,
238 2956 272 2983 Μ.

280 3003 408 3034 ΡΑτιιοι
435 3005 494 3036 Gn.
516 3005 567 3034 ιιι.

303 2957 360 2989 Se.;
388 2958 520 2992 ἐσεϐάσθη
548 2956 606 2992 μέν,
628 2958 705 2986 Vten.
731 2958 828 2985 minor.
867 2957 876 2971 ⁷
900 2966 944 2992 γρ.
971 2956 1018 2983 τοῦ
1045 2956 1119 2991 ἀνδρ.
1158 2958 1168 2973 ⁸
1184 2965 1229 2993 γρ.
1257 2957 1448 2993 αἰτησαμένου.

1557 3003 1594 3034 13
