1931 3073
193 167 246 197 395

796 166 824 195 S.
847 165 994 194 DlONYSiI
1024 164 1255 194 AREOPAGITE

1766 167 1815 198 396

195 235 245 254 nec
271 232 324 252 non
347 225 410 252 vitae
433 223 564 258 spiritalis
588 223 766 259 privationem
787 224 974 255 detestanteml

1031 221 1077 248 τοῦ
1094 222 1177 254 ὅντως
1193 221 1287 254 καλοῦ,
1298 221 1346 258 τὴν
1356 222 1405 257 τῆς
1417 222 1507 249 ἐνθέου
1524 222 1597 258 ζωῆς
1611 223 1814 259 ἀνενεργηοὶαν,

193 275 275 304 atque
298 273 392 296 sancta
410 268 469 302 ejus
487 269 682 296 intercessione
698 267 745 296 Dei
769 268 976 303 divinorumque

192 320 344 350 compotem
361 315 418 342 ﬁeri
434 315 624 350 postulantem,
640 319 799 350 prmmonet,
818 315 923 350 integre
938 315 974 342 illi

194 360 275 395 169
295 360 328 387 ad
355 360 438 389 Deum
464 360 647 388 accedendum
673 368 744 392 esse,
757 365 848 395 utpote
864 369 975 396 prorsus

191 406 341 440 perlectum
367 411 396 434 et
419 406 623 434 immaculatum
643 415 650 433 :
668 406 861 442 propositaque
884 406 974 435 divine

190 451 298 478 vivendi
322 459 430 490 norma,
445 459 495 479 nec
511 460 563 478 non
580 452 748 486 interrogato
763 460 826 479 num
839 461 872 480 ex
888 460 919 480 ea
935 453 975 480 vi-

191 502 284 525 cturus
300 503 381 530 essetl
401 499 559 526 asscntienti
585 506 693 526 manum
715 500 797 534 capiti
812 500 933 535 imponit,
951 505 978 528 et

191 543 355 579 consignans
380 551 453 577 eum,
477 545 664 572 sacerdotibus
691 545 811 578 tnandat,
836 551 865 573 ut
888 545 975 574 virum

190 596 429 626 susceptoremque
441 590 606 620 describant.

1026 268 1164 300 ἀξιοῦντός
1180 277 1209 294 τε
1225 268 1268 295 διὰ
1284 268 1334 303 τῆς
1350 269 1425 304 ἱερᾶς
1441 269 1524 296 αὑτοῦ
1543 269 1679 305 μεσιτείας
1689 268 1757 296 Θεοῆ
1770 270 1815 297 καὶ

1027 315 1080 340 τῶν
1099 314 1179 341 θείων
1193 315 1292 350 τυχεῖν,
1305 315 1484 350 μαρτύρεται⁹
1494 316 1542 350 μὲν
1567 315 1642 350 αὐτῷ
1678 315 1727 351 τὴν
1750 316 1817 350 ὀφει-

1027 359 1142 395 λομένην
1159 359 1251 395 ὁλικὴν
1268 359 1392 393 γενέσθαι
1413 360 1598 395 προσέλευσιν,
1615 361 1653 392 ὡς
1669 361 1816 398 παντελείῳ

1029 405 1075 432 καὶ
1086 405 1194 440 ἀμώμῳ
1207 404 1263 430 ὄντι
1275 404 1348 440 Θεῷ·
1368 405 1415 431 καὶ
1431 405 1479 440 τὴν
1494 405 1583 432 ἔνθεον
1595 406 1669 442 αὺτῷ
1682 407 1816 434 πολιτείαν

1029 450 1250 486 ὑψηγησάμενος,
1269 451 1315 477 καὶ
1337 453 1549 488 προσερωτήσας
1567 453 1591 479 εἰ
1608 453 1679 479 οὕτω
1697 453 1816 480 πολιτεύ-

1027 509 1114 531 σαιτο,
1134 503 1202 536 μετὰ
1222 503 1270 539 τὴν
1283 503 1439 539 ὁμολογίαν,
1457 501 1608 537 ἐπιτίθησιν
1622 501 1704 528 αὑτοῦ
1721 503 1754 538 τῇ
1770 511 1815 529 κε-

1028 546 1099 582 φαλῇ
1117 546 1165 582 τὴν
1181 549 1269 584 χεῖρα.
1289 549 1335 575 καὶ
1359 548 1587 584 σφραγισάμενος,
1605 547 1815 584 ἀπογράψασθαι

1031 592 1137 620 κελεύει
1153 596 1209 626 τοῖς
1226 594 1327 631 ἱερεῦσι
1343 595 1388 621 τὸν
1403 594 1486 631 ἄνδρα
1502 595 1549 621 καὶ
1564 595 1609 621 τὸν
1625 595 1764 631 ἀνάδοχον.

963 673 976 710 §
992 674 1046 704 Vl.

228 727 331 768 Qutbus
345 732 484 766 ascriptis,
498 738 605 759 sacram
624 731 683 758 iniit
697 733 881 766 precationem
899 740 907 758 :
923 739 975 766 qua

189 788 244 809 una
260 787 322 808 cum
335 780 393 814 ipso
410 779 444 805 ab
459 778 586 806 universa
601 778 813 813 congregatione
829 779 974 814 completa,

189 826 264 854 illum
293 825 440 861 discingit,
471 828 499 852 et
526 832 576 859 per
596 825 736 852 ministros
763 825 849 852 exuit.
871 825 977 853 Sistcns

1065 734 1125 761 Τῶν
1147 734 1175 761 δὲ
1197 735 1445 770 ἀπογραψαμένων,
1469 735 1552 771 εὐχὴν
1578 735 1653 771 ἱερὰν
1682 737 1814 765 ποιεῖται·

1030 781 1077 807 καὶ
1099 781 1200 816 ταύτην
1218 781 1326 816 ἁπάσης
1349 780 1422 816 αὐτῴ
1442 781 1491 816 τῆς
1514 781 1676 817 Ἐκκλησίας
1698 783 1818 820 συμπλη-

1031 828 1167 863 ρωσάσης,
1186 827 1295 854 ὑπολύει
1319 827 1340 843 ¹⁰
1365 827 1414 862 μὲν
1439 827 1528 859 αὑτὸν,
1553 828 1598 854 καὶ
1615 829 1816 864 ἀπαμφιέννυσι

190 873 289 902 exinde
303 873 392 908 ipsum
416 871 450 899 ad
471 871 641 899 occidentem
665 877 896 906 proschlalllettt.
919 881 974 899 nta—

1027 873 1070 900 διὰ
1086 873 1140 900 τῶν
1154 873 1329 909 λειτουργῶν.
1343 873 1410 900 Εἶτα
1424 875 1524 909 στήσας
1540 875 1586 900 ἐπὶ
1605 874 1720 910 δυσμαῖς
1734 884 1816 911 προσ-

189 928 296 956 nusque
310 927 405 948 versus
420 919 494 947 illam
511 918 617 954 plagam
633 925 745 946 aversas
760 919 975 953 protrudentem,

188 967 270 995 tertio
297 966 428 994 Satanam
462 965 601 993 insulilare
623 964 722 998 jubet,
749 969 831 999 atque
865 965 977 999 insuper

188 1011 435 1041 abrenuntiationis
463 1012 546 1038 verba
572 1011 709 1046 proferre;
735 1011 815 1045 eique
836 1015 878 1038 ter
899 1012 978 1038 abre—

188 1058 368 1086 nuntiationis
379 1057 546 1085 solemnibus
560 1056 650 1084 verbis
661 1056 817 1091 propositis,
832 1063 893 1083 cum
906 1064 977 1083 eam-

188 1106 249 1134 dem
265 1104 347 1132 toties
362 1103 503 1138 conceptis
517 1103 610 1130 verbis
626 1102 821 1136 pronuntiavit,
839 1102 925 1137 ipsum
942 1102 975 1130 ad

187 1151 322 1179 orientem
346 1148 494 1183 transfert,
517 1153 544 1175 et
568 1149 595 1176 in
612 1149 710 1176 coelum
734 1148 899 1181 intuentem,
923 1155 976 1174 ma-

189 1204 296 1231 nusque
311 1196 490 1228 attollentem,
501 1195 612 1223 Christo
625 1196 785 1230 cunctisque
797 1195 882 1223 sacris
893 1203 908 1222 ει
922 1194 977 1223 Deo

189 1243 296 1271 traditis
312 1243 427 1278 eloquiis
437 1242 516 1278 jubet
529 1242 672 1270 assentire.

1027 919 1139 954 έχοντα,
1163 919 1209 946 καὶ
1226 919 1277 951 τὰς
1293 921 1385 956 χεῖρας
1395 920 1556 947 ἀπωθοῦντα
1574 921 1594 936 ¹¹
1616 921 1684 956 πρὸς
1699 921 1748 956 τὴν
1769 922 1817 948 αὺ-

1025 965 1074 1001 τὴν
1087 966 1317 1002 ἀπεστραμμένος
1329 967 1429 1003 χώραν,
1440 967 1594 1003 ἐμφυσῆσαι
1611 967 1660 1003 μὲν
1668 968 1742 1004 αὑτῷ
1757 968 1817 1004 τρὶς

1026 1011 1213 1038 διακελεύεται
1224 1012 1263 1048 τῷ
1275 1013 1391 1048 Σατανᾷ,
1405 1013 1451 1039 καὶ
1470 1012 1582 1048 προσέτι
1599 1012 1634 1039 τὰ
1648 1013 1698 1049 τῆς
1714 1013 1817 1040 ἀποτα-

1026 1057 1246 1093 γῆςὸμολογῆσαι
1255 1066 1262 1072 ·
1274 1058 1320 1084 καὶ
1328 1058 1389 1093 τρὶς
1398 1058 1472 1094 αὐτῷ
1478 1058 1526 1094 τὴν
1535 1059 1675 1094 ἀποταγὴν
1683 1057 1818 1094 μαρτυρό-

1028 1111 1107 1138 μενος
1126 1104 1157 1135 ²¹,
1178 1103 1381 1139 ὁμολογήσαντα
1398 1104 1458 1140 τρὶς
1474 1103 1553 1130 τοῦτο
1573 1104 1604 1136 ιθ,
1620 1105 1731 1139 μετάγει
1749 1099 1818 1140 πρὸς

1027 1149 1124 1181 Empta).
1148 1150 1217 1185 πρὸς
1238 1149 1350 1185 οὐρανὸν
1372 1150 1569 1184 ἀναϐλέψαντα,
1588 1151 1635 1177 καὶ
1657 1152 1706 1182 τάς
1724 1152 1818 1187 χεῖρας

1027 1195 1220 1227 ἀνατείναντα,
1245 1195 1351 1222 κελεύει
1376 1196 1556 1228 συντάξασθαι
1577 1196 1616 1231 τῷ
1639 1196 1749 1232 Χριστῷ
1771 1197 1819 1224 καὶ

1027 1242 1128 1273 πάσαις
1144 1243 1204 1274 ταῖς
1221 1241 1428 1278 Θεοπαραδότοις
1443 1242 1613 1278 ἱερολογίαιι,

949 1300 1048 1338 gvn.

224 1365 283 1400 Quo
295 1363 379 1397 facto,
396 1363 496 1391 trinam
513 1363 550 1390 illi
572 1363 660 1391 denuo
685 1363 806 1398 prmcipit
827 1362 971 1398 professio-

188 1417 262 1443 nem,
279 1410 414 1444 tertioque
437 1408 589 1444 professum
610 1409 795 1436 benedicendo
809 1409 914 1444 recipit.
931 1409 973 1436 ei-

187 1463 242 1491 que
265 1463 375 1482 manum
394 1455 517 1489 imponit.
544 1455 611 1481 Dum
637 1463 703 1482 vero
729 1455 844 1483 ministri
868 1455 974 1490 penitus

188 1510 250 1530 eum
258 1506 488 1535 exuunt,sacrum
503 1502 638 1529 unctionis
651 1502 739 1530 oleum
754 1502 869 1529 atl'erunt
883 1509 974 1529 sacer-

188 1549 278 1578 dotes.
292 1549 417 1582 Pontifex
432 1556 497 1576 vero
520 1550 592 1577 trino
613 1549 754 1584 signaculo
775 1549 904 1576 incltoans
923 1557 975 1576 nn-

188 1598 321 1631 ctionem,
336 1596 525 1625 sacerdotibus
538 1597 676 1625 hominem
691 1597 772 1625 tradit
789 1602 845 1625 toto
862 1604 975 1632 corpore

187 1644 451 1679 inungendum;{ipse
460 1647 549 1671 autem
559 1643 592 1671 ad
603 1644 755 1678 adoptionis
765 1649 875 1671 matrem
884 1645 922 1679 (id
934 1649 975 1671 est

187 1690 302 1725 fontem)
316 1691 405 1723 vadit;
436 1690 512 1724 cujus
539 1697 623 1725 aquas
638 1695 780 1725 postquam
797 1690 882 1717 sacris
896 1689 974 1717 invo-

187 1737 343 1765 cationibus
359 1737 555 1770 sanctiﬁcavit,
571 1744 620 1764 nec
635 1744 688 1763 non
711 1736 798 1763 tribus
821 1736 974 1763 sacratissi-

187 1783 227 1810 mi
253 1783 383 1818 unguenti
412 1783 503 1810 crucis
530 1781 617 1810 forma
643 1781 836 1814 aﬂ‘usionibus,
862 1781 973 1809 totidem

186 1829 258 1857 sacri
283 1829 414 1865 unguenti
437 1828 654 1864 appositionibus
686 1833 890 1856 sacrosanctum
918 1827 974 1853 Deo

187 1875 337 1904 amatorum
360 1875 553 1910 prophetarum
577 1874 676 1902 divina:
698 1873 874 1909 aspirationis
897 1873 975 1908 hym—

186 1929 253 1948 nttm
281 1921 473 1952 concinendo,
511 1920 704 1952 consecravit,
750 1919 846 1946 adduci
885 1918 974 1944 virum

185 1967 282 2003 jubet;
316 1974 349 1994 ac
392 1966 535 1994 sacerdote
568 1965 694 2000 quopiam
732 1971 747 1992 e
777 1964 879 1998 scripto
911 1970 972 1991 cum

186 2014 277 2049 ipsum
303 2018 359 2041 tum
383 2016 569 2047 susceptorem
601 2011 804 2046 proclamante,
825 2010 973 2039 initiandus

185 2060 357 2088 sacerdotum
370 2059 496 2087 manibus
510 2058 538 2086 in
562 2065 662 2092 aquam
686 2058 796 2085 ducitur
817 2058 850 2085 ad
863 2065 972 2085 manum

186 2105 345 2142 poutificis:
363 2105 409 2141 qui
426 2112 544 2140 superne
567 2109 672 2138 astans,
695 2104 741 2131 ιιὺὶ
764 2104 918 2132 sacerdotes
932 2111 972 2130 se-

1062 1362 1114 1389 Τοῦ
1136 1363 1163 1390 δὲ
1183 1363 1229 1390 καὶ
1245 1363 1327 1390 τοῦτο
1344 1363 1534 1399 πεποιηκότος,
1553 1363 1721 1399 μαρτύρεται
1738 1365 1820 1392 πάλιν

1026 1409 1100 1445 αὐτῷ
1116 1410 1177 1445 τρὶς
1193 1410 1243 1445 τὴν
1254 1409 1398 1445 ὁμολογίαν
1409 1418 1415 1423 ·
1434 1410 1481 1436 καὶ
1494 1409 1573 1436 πάλιν
1591 1410 1673 1436 αὐτοῦ
1685 1410 1745 1445 τρὶς
1758 1412 1822 1446 ὁμο-

989 1470 1011 1500 c
1026 1456 1200 1490 λογήσαντος,
1214 1455 1395 1491 ἐπευξάμενος
1412 1456 1515 1489 εὐλογεί
1532 1456 1578 1482 καὶ
1594 1456 1754 1492 χειροθετεῖ.
1764 1458 1821 1485 Καὶ

1025 1501 1136 1533 τελείως
1153 1501 1385 1536 ἀπαμφιεσὰντων
1398 1502 1478 1529 αὐτὸν
1490 1502 1544 1529 τῶν
1556 1503 1729 1538 λειτουργῶν,
1740 1504 1822 1539 κομίτ

1026 1548 1100 1580 ζουσι
1111 1548 1159 1583 μὲν
1172 1548 1197 1574 οἱ
1223 1548 1305 1584 ἱερεῖς
1321 1548 1352 1574 τὸ
1371 1549 1419 1584 τῆς
1438 1549 1554 1584 χρίσεως
1571 1549 1648 1583 ἅγιον
1666 1549 1763 1576 ἔλαιον.
1789 1549 1819 1575 ’0

1025 1595 1053 1621 δὲ
1067 1594 1117 1630 τῆς
1128 1594 1245 1630 χρίσεως
1261 1594 1304 1621 διὰ
1320 1594 1366 1621 τοῦ
1385 1595 1533 1630 σῳραγίσαι
1545 1595 1605 1630 τρὶς
1614 1595 1818 1630 ἀπαρξάμενος,

1024 1641 1054 1666 τὸ
1069 1640 1162 1667 λοιπὸν
1182 1642 1239 1673 τοῖς
1258 1640 1359 1676 ίερεῦσι
1375 1641 1420 1667 τὸν
1440 1641 1524 1677 ἄνδρα
1543 1643 1635 1677 χρῖσαι
1662 1641 1820 1677 πανσώμως

1025 1687 1172 1723 παραδοὺς,
1189 1687 1268 1719 αὐτὸς
1281 1688 1326 1714 ἐπὶ
1347 1688 1396 1723 τὴν
1418 1687 1523 1723 μητέρα
1540 1687 1590 1722 τῆς
1614 1687 1749 1719 υἱοθεσίας
1770 1688 1820 1723 ἕρ-

1025 1741 1111 1767 χεται,
1132 1733 1178 1759 καὶ
1200 1733 1231 1760 τὸ
1252 1734 1354 1769 ταύτης
1377 1733 1448 1769 ὕδωρ
1468 1736 1528 1766 ταῖς
1554 1735 1639 1771 ἱεραῖς
1658 1735 1820 1771 ἐπικλήσεσι

1025 1778 1203 1812 καθαγιάσας,
1217 1779 1263 1805 καὶ
1273 1779 1347 1813 τρισὶ
1358 1778 1405 1805 τοῦ
1419 1780 1623 1814 παναγεστάτου
1637 1781 1723 1816 μύρου
1736 1789 1823 1808 σταυ-

1026 1824 1140 1859 ροειδέσι
1156 1824 1251 1859 χύσεσι
1268 1824 1414 1857 τελειώσας
1429 1826 1504 1858 αὐτὸ,
1519 1826 1566 1853 καὶ
1581 1827 1642 1857 ταῖς
1663 1826 1710 1852 τοῦ
1730 1826 1820 1863 μύρου

1025 1871 1164 1906 πανιέροις
1177 1871 1316 1904 ἐπιϐολαῖς
1333 1872 1483 1908 ἰσαρίθμως
1499 1873 1529 1899 τὸ
1543 1873 1614 1909 ἱερὸν
1626 1873 1676 1908 τῆς
1692 1873 1746 1900 τῶν
1759 1873 1820 1900 θεο-

1024 1915 1133 1951 λήπτων
1150 1917 1297 1953 προφητῶν
1318 1918 1460 1949 ἐπιπνοίας
1475 1918 1622 1954 μελῴδημει
1636 1919 1820 1953 συνεπιφθεγ-

1025 1961 1149 1997 ξάμενος,
1169 1962 1272 1989 κελεύει
1289 1962 1334 1989 τὸν
1346 1963 1431 1999 ἄνδρα
1448 1964 1682 2000 προῃομισθῆναι
1693 1973 1699 1979 ·
1716 1965 1762 1991 καί
1779 1974 1821 1991 τι-

1024 2016 1068 2039 νος
1081 2008 1175 2043 ἱερέως
1188 2009 1220 2035 ὲκ
1239 2009 1290 2043 τῆς
1303 2009 1464 2045 ἀπογραφῆς
1478 2011 1561 2036 αὐτόν
1578 2018 1607 2036 τε
1628 2012 1674 2037 καὶ
1692 2011 1738 2037 τὸν
1751 2012 1820 2039 ἀνά-

1023 2053 1099 2088 δοχον
1112 2055 1341 2090 ἀνακηρύξαντος,
1355 2055 1369 2081 ὁ
1387 2055 1436 2090 μὲν
1449 2055 1500 2082 ὑπὸ
1516 2055 1571 2082 τῶν
1594 2056 1688 2091 ἱερέων
1702 2057 1748 2083 ἐπὶ
1767 2058 1819 2084 τοῦ

1025 2099 1120 2132 ὓδατος
1139 2100 1244 2135 ἄγεται,
1264 2101 1331 2137 πρὸς
1350 2101 1400 2136 τὴν
1423 2101 1472 2128 τοῦ
1498 2102 1625 2137 ἱεράρχου
1646 2105 1723 2139 χεῖρα
1747 2104 1819 2139 πρὸς

187 2152 306 2179 cundum
329 2159 423 2186 aquas,
439 2158 535 2178 versus
557 2149 710 2186 pontiﬁcem
731 2149 857 2176 initiandi
875 2157 971 2176 nomen

1027 2146 1103 2173 αὑτὸν
1126 2147 1377 2183 χειραγωγούμενος
1402 2147 1442 2163 ιδ·
1467 2149 1481 2174 ὁ
1501 2148 1529 2174 δὲ
1554 2149 1684 2185 ἱεράρχης
1711 2149 1819 2178 ἀνωθεν

185 2196 402 2231 proclamarunt,
418 2201 461 2224 ter
471 2203 534 2223 eum
549 2194 696 2230 immergit,
711 2195 761 2221 sub
776 2199 879 2221 lernam
895 2194 974 2221 istam

187 2242 392 2270 itnmersionem
406 2246 489 2276 atque
513 2241 697 2268 emersionem
712 2246 767 2267 tres
788 2240 885 2267 divina:
908 2240 973 2266 bea-

189 2287 315 2316 titudinis
344 2286 480 2315 Personas
511 2287 674 2314 invocando.
703 2286 780 2314 Tunc
808 2286 974 2321 excipientes

188 2340 251 2361 eum
265 2332 358 2360 caeteri
379 2332 546 2366 sacerdotes,
561 2332 673 2359 tradunt
684 2333 833 2367 susceptori
857 2339 902 2359 seu
925 2331 974 2358 atl-

188 2378 328 2406 missionis
344 2377 468 2411 auctori,
492 2382 520 2405 et
544 2378 590 2405 ubi
618 2385 670 2405 una
694 2385 755 2405 cum
777 2385 810 2405 eo
836 2378 972 2405 initiatum

187 2426 264 2450 veste
276 2430 396 2458 congrua
410 2422 602 2455 amiciverunt,
617 2430 712 2451 rursus
730 2423 806 2450 illum
823 2423 857 2450 ad
882 2424 973 2458 ponti-

189 2469 268 2497 ﬁcem
292 2469 395 2497 ducunt
414 2477 421 2496 :
444 2468 501 2504 qui,
519 2469 649 2497 divinitus
671 2474 780 2498 sacrato
801 2469 862 2498 oleo
885 2471 972 2498 virum

189 2515 365 2550 consignans,
379 2521 560 2544 sacrosanctae
572 2515 749 2545 Eucharistiae
758 2517 915 2552 participem
927 2517 974 2545 de-

189 2562 287 2590 clarat.

1023 2193 1155 2228 ὲστηκὼς,
1170 2193 1377 2229 ἀναϐοησάντων
1389 2193 1468 2220 πάλιν
1480 2193 1526 2220 ἐπὶ
1541 2194 1588 2221 τοῦ
1603 2195 1730 2231 ίεράρχου
1744 2197 1821 2224 κατὰ

1023 2239 1053 2266 τὸ
1064 2239 1135 2276 ὕδωρ
1151 2240 1181 2266 τὸ
1197 2240 1282 2276 ὃνομα
1303 2240 1350 2267 τοῦ
1367 2239 1526 2275 τελουμένου
1547 2241 1601 2268 τῶν
1625 2242 1730 2276 ἱερέων,
1754 2244 1820 2279 τρὶς

1025 2286 1073 2321 μὲν
1088 2286 1169 2313 αὑτὸν
1185 2287 1199 2313 ὁ
1214 2286 1343 2322 ἱεράρχης
1358 2285 1493 2322 βαπτίζει,
1505 2288 1565 2318 ταῖς
1577 2288 1651 2323 τρισὶ
1662 2288 1709 2315 τοῦ
1722 2289 1820 2317 τελου-

1024 2332 1105 2367 μένου
1117 2332 1279 2359 καταδύσεσι
1292 2333 1339 2359 καὶ
1350 2333 1493 2359 ἀναδύσεσι
1500 2334 1548 2369 τὴν
1561 2334 1675 2369 τρισσὴν
1681 2335 1731 2370 τῆς
1738 2335 1818 2368 θείας

1027 2379 1224 2415 μακαριότητος
1242 2379 1390 2415 ὲπιὸοήσας
1413 2379 1586 2406 ’Υπόστασιν.
1604 2380 1818 2416 Παραλαϐόντες

1024 2426 1052 2452 δὲ
1067 2426 1146 2453 αὐτὸν
1161 2426 1213 2452 Ηὀἱ
1227 2427 1318 2461 ἱερεῖς,
1331 2426 1513 2461 ἐγχειρίζουσι
1520 2426 1560 2462 τῷ
1569 2427 1619 2462 τῆς
1629 2430 1818 2465 προσαγωγῆς

1024 2471 1145 2506 ἀναδόχῳ
1157 2480 1187 2498 τε
1206 2471 1252 2497 καὶ
1265 2471 1378 2506 ἡγεμόνι
1394 2482 1400 2488 -
1416 2471 1463 2497 καὶ
1475 2471 1522 2497 σὺν
1538 2471 1611 2507 αὑτῷ
1621 2472 1818 2508 περιϐαλόντες

1024 2516 1125 2552 ἐσθῆτα
1146 2516 1185 2551 τῷ
1197 2516 1350 2552 τελουμένῳ
1364 2516 1540 2551 κατάλληλον,
1555 2518 1601 2544 ἐπὶ
1617 2518 1663 2544 τὸν
1682 2518 1817 2555 ίεράρχην

1025 2561 1102 2594 αὖθις
1124 2563 1274 2597 ἀπάγουσιν
1294 2563 1315 2578 ¹⁶
1328 2570 1336 2578 ⁸
1348 2563 1362 2589 ὸ
1373 2562 1401 2589 δὲ
1419 2563 1458 2598 τῷ
1475 2562 1699 2600 θεουργικωτάτῳ
1733 2566 1818 2602 μύρῳ

1025 2610 1069 2636 τὴν
1082 2608 1166 2644 ἄνδρα
1184 2608 1413 2644 σφραγισάμενος,
1439 2609 1552 2644 μέτοχον
1564 2610 1708 2644 ἀποφαίνει
1720 2610 1818 2640 λοιπὸν

1024 2656 1074 2690 τῆς
1089 2655 1374 2691 ἱεροτελεστικοηάτης
1399 2656 1420 2671 ¹⁷
1436 2656 1626 2692 Εὐχαριστίας.

844 2732 957 2760 VARI/li
977 2732 1178 2760 LECTIONES.

238 2775 399 2817 ’μαρτυρεῇ
413 2776 448 2804 Μ.
477 2777 748 2817 ¹⁶Ιάπολύει,Δριι.-¹¹
787 2779 1093 2817 ὲπξλδυσμιῗινηαίιιεπὶ
1110 2779 1224 2817 ᾅυσμάς,
1291 2780 1457 2817 emacem,
1483 2780 1517 2809 M.
1558 2782 1816 2817 ¹².μαρτυράμενος.

189 2810 240 2854 ς’ςίι.
258 2810 355 2840 ὐξνξ
372 2813 612 2854 μαρτυρούμενοςζ
641 2815 662 2830 ³³
680 2814 784 2854 τοῦτον,
813 2815 862 2854 (ξΙι.
879 2824 885 2846 ;
901 2810 1008 2854 "aeni-6v,
1038 2814 1080 2854 Ρ.⁵
1109 2816 1129 2854 ξ’*
1205 2810 1402 2854 ίπρὺςῦαυτον,
1420 2810 1470 2854 ML;
1484 2817 1558 2854 Δπρὸς
1581 2810 1695 2854 decium:
1706 2810 1745 2854 Cit
1781 2810 1815 2844 li.

189 2882 250 2909 Sat.
291 2882 310 2899 "7
326 2882 552 2920 ῑὲροτελεστάτης,
567 2882 602 2912 Μ.

190 2847 268 2880 SJK;
297 2847 547 2892 χειραγωγούμενος
567 2851 658 2912 ὧείρα,
691 2851 720 2879 S.
761 2850 1035 2886 ¹⁵καὶπαραλαόόντες
1051 2849 1148 2883 αὑτὸν,
1165 2851 1216 2879 Ch.
1235 2847 1265 2878 Β.
1284 2851 1312 2877 Ρ.
1327 2852 1356 2879 S.
1369 2852 1430 2879 Sor.
1446 2852 1467 2867 ¹⁶
1480 2847 1601 2885 ἄγουσιν,
1615 2852 1665 2880 Cit.
1681 2852 1711 2879 D.
1729 2852 1761 2879 Ρ.
1780 2854 1815 2881 δ.

190 2882 250 2909 Sat.
291 2885 310 2899 ³⁷
326 2883 552 2912 ῐεροτελεστάτης.
594 2904 602 2911 .
