  <div class='ocr_page' id='page_1' title='image "/cluster/home/n/w/nwhite01/storage/ocr_20150623/3/njp.32101077772356/248.png"; bbox 0 0 1931 3073; ppageno 0'>
   <div class='ocr_carea' id='block_1_1' title="bbox 132 179 184 208">
    <p class='ocr_par' dir='ltr' id='par_1_1' title="bbox 132 179 184 208">
     <span class='ocr_line' id='line_1_1' title="bbox 132 179 184 208; baseline 0 0"><span class='ocrx_word' id='word_1_1' title='bbox 132 179 184 208; x_wconf 71' lang='grc'><strong>³07</strong></span> 
     </span>
    </p>
   </div>
   <div class='ocr_carea' id='block_1_2' title="bbox 661 178 1234 213">
    <p class='ocr_par' dir='ltr' id='par_1_2' title="bbox 661 178 1234 213">
     <span class='ocr_line' id='line_1_2' title="bbox 661 178 1234 213; baseline -0.002 -6"><span class='ocrx_word' id='word_1_2' title='bbox 661 179 706 208; x_wconf 85' lang='lat' dir='ltr'><strong>DE</strong></span> <span class='ocrx_word' id='word_1_3' title='bbox 725 179 866 209; x_wconf 81' lang='lat' dir='ltr'><strong>ECCLES.</strong></span> <span class='ocrx_word' id='word_1_4' title='bbox 884 178 1085 213; x_wconf 79' lang='lat' dir='ltr'><strong>HIERARCH.,</strong></span> <span class='ocrx_word' id='word_1_5' title='bbox 1104 179 1182 208; x_wconf 78' lang='lat' dir='ltr'><strong>CAP.</strong></span> <span class='ocrx_word' id='word_1_6' title='bbox 1200 179 1234 207; x_wconf 88' lang='lat' dir='ltr'><strong>Il.</strong></span> 
     </span>
    </p>
   </div>
   <div class='ocr_carea' id='block_1_3' title="bbox 1714 180 1767 208">
    <p class='ocr_par' dir='ltr' id='par_1_3' title="bbox 1714 180 1767 208">
     <span class='ocr_line' id='line_1_3' title="bbox 1714 180 1767 208; baseline -0.019 0"><span class='ocrx_word' id='word_1_7' title='bbox 1714 180 1767 208; x_wconf 70' lang='lat' dir='ltr'><strong>39b</strong></span> 
     </span>
    </p>
   </div>
   <div class='ocr_carea' id='block_1_4' title="bbox 887 237 1001 274">
    <p class='ocr_par' dir='ltr' id='par_1_4' title="bbox 887 237 1001 274">
     <span class='ocr_line' id='line_1_4' title="bbox 887 237 1001 274; baseline 0.018 -7"><span class='ocrx_word' id='word_1_8' title='bbox 887 238 901 274; x_wconf 85' lang='lat'><strong>§</strong></span> <span class='ocrx_word' id='word_1_9' title='bbox 919 237 1001 269; x_wconf 88' lang='lat' dir='ltr'>VIII.</span> 
     </span>
    </p>
   </div>
   <div class='ocr_carea' id='block_1_5' title="bbox 167 307 927 346">
    <p class='ocr_par' dir='ltr' id='par_1_5' title="bbox 167 307 927 346">
     <span class='ocr_line' id='line_1_5' title="bbox 167 307 927 346; baseline 0.004 -12"><span class='ocrx_word' id='word_1_10' title='bbox 167 307 260 335; x_wconf 79' lang='grc' dir='ltr'>Ταῦτα</span> <span class='ocrx_word' id='word_1_11' title='bbox 275 307 303 335; x_wconf 73' lang='grc' dir='ltr'><strong>δὲ</strong></span> <span class='ocrx_word' id='word_1_12' title='bbox 314 308 426 340; x_wconf 78' lang='grc' dir='ltr'>τελέσας</span> <span class='ocrx_word' id='word_1_13' title='bbox 438 309 492 336; x_wconf 77' lang='grc' dir='ltr'>ἀπὸ</span> <span class='ocrx_word' id='word_1_14' title='bbox 504 309 553 345; x_wconf 79' lang='grc' dir='ltr'>τῆς</span> <span class='ocrx_word' id='word_1_15' title='bbox 566 309 613 336; x_wconf 79' lang='grc' dir='ltr'><strong>ἐπὶ</strong></span> <span class='ocrx_word' id='word_1_16' title='bbox 629 308 663 336; x_wconf 83' lang='grc' dir='ltr'>τὰ</span> <span class='ocrx_word' id='word_1_17' title='bbox 673 309 786 346; x_wconf 87' lang='grc' dir='ltr'>δεύτερα</span> <span class='ocrx_word' id='word_1_18' title='bbox 803 311 927 346; x_wconf 78' lang='grc' dir='ltr'><strong>προόδου,</strong></span> 
     </span>
    </p>
   </div>
   <div class='ocr_carea' id='block_1_6' title="bbox 980 307 1768 346">
    <p class='ocr_par' dir='ltr' id='par_1_6' title="bbox 1018 309 1768 346">
     <span class='ocr_line' id='line_1_6' title="bbox 1018 309 1768 346; baseline -0.001 -9"><span class='ocrx_word' id='word_1_19' title='bbox 1018 310 1098 346; x_wconf 76' lang='grc' dir='ltr'><strong>ιῚο</strong></span> <span class='ocrx_word' id='word_1_20' title='bbox 1111 310 1159 337; x_wconf 85' lang='lat' dir='ltr'><strong>His</strong></span> <span class='ocrx_word' id='word_1_21' title='bbox 1184 310 1235 337; x_wconf 80' lang='lat' dir='ltr'><strong>rite</strong></span> <span class='ocrx_word' id='word_1_22' title='bbox 1259 309 1389 345; x_wconf 76' lang='lat' dir='ltr'><strong>peractis,</strong></span> <span class='ocrx_word' id='word_1_23' title='bbox 1404 317 1419 338; x_wconf 75' lang='grc' dir='ltr'>θ</span> <span class='ocrx_word' id='word_1_24' title='bbox 1443 318 1492 338; x_wconf 89' lang='lat' dir='ltr'><strong>suo</strong></span> <span class='ocrx_word' id='word_1_25' title='bbox 1516 311 1549 338; x_wconf 91' lang='lat' dir='ltr'><strong>ad</strong></span> <span class='ocrx_word' id='word_1_26' title='bbox 1564 312 1681 338; x_wconf 79' lang='lat' dir='ltr'><strong>secunda</strong></span> <span class='ocrx_word' id='word_1_27' title='bbox 1706 318 1768 346; x_wconf 84' lang='lat' dir='ltr'><strong>pm-</strong></span> 
     </span>
    </p>
   </div>
   <div class='ocr_carea' id='block_1_7' title="bbox 132 354 927 391">
    <p class='ocr_par' dir='ltr' id='par_1_7' title="bbox 132 354 927 391">
     <span class='ocr_line' id='line_1_7' title="bbox 132 354 927 391; baseline 0.003 -10"><span class='ocrx_word' id='word_1_28' title='bbox 132 354 214 382; x_wconf 81' lang='grc' dir='ltr'>πάλιν</span> <span class='ocrx_word' id='word_1_29' title='bbox 231 355 277 380; x_wconf 81' lang='grc' dir='ltr'>ὲπὶ</span> <span class='ocrx_word' id='word_1_30' title='bbox 289 354 405 390; x_wconf 81' lang='grc' dir='ltr'>τὴντῶν</span> <span class='ocrx_word' id='word_1_31' title='bbox 425 355 541 390; x_wconf 86' lang='grc' dir='ltr'>πρώτων</span> <span class='ocrx_word' id='word_1_32' title='bbox 559 355 728 382; x_wconf 82' lang='grc' dir='ltr'><strong>ἀνατείνεται</strong></span> <span class='ocrx_word' id='word_1_33' title='bbox 745 356 871 391; x_wconf 78' lang='grc' dir='ltr'><strong>θεωρίαν,</strong></span> <span class='ocrx_word' id='word_1_34' title='bbox 889 357 927 390; x_wconf 80' lang='grc' dir='ltr'>ὡς</span> 
     </span>
    </p>
   </div>
   <div class='ocr_carea' id='block_1_8' title="bbox 131 399 928 438">
    <p class='ocr_par' dir='ltr' id='par_1_8' title="bbox 131 399 928 438">
     <span class='ocr_line' id='line_1_8' title="bbox 131 399 928 438; baseline 0.003 -11"><span class='ocrx_word' id='word_1_35' title='bbox 131 399 204 427; x_wconf 75' lang='grc' dir='ltr'>κατὰ</span> <span class='ocrx_word' id='word_1_36' title='bbox 218 399 320 436; x_wconf 81' lang='grc' dir='ltr'><strong>μηδένα</strong></span> <span class='ocrx_word' id='word_1_37' title='bbox 333 400 428 435; x_wconf 83' lang='grc' dir='ltr'>καιρὸν</span> <span class='ocrx_word' id='word_1_38' title='bbox 445 400 461 436; x_wconf 81' lang='grc' dir='ltr'>ἦ</span> <span class='ocrx_word' id='word_1_39' title='bbox 477 400 589 437; x_wconf 82' lang='grc' dir='ltr'><strong>τρόπον,</strong></span> <span class='ocrx_word' id='word_1_40' title='bbox 603 401 646 428; x_wconf 72' lang='grc' dir='ltr'><strong>ἐπ’</strong></span> <span class='ocrx_word' id='word_1_41' title='bbox 665 400 798 438; x_wconf 82' lang='grc' dir='ltr'><strong>ἀλλοτρίῳ</strong></span> <span class='ocrx_word' id='word_1_42' title='bbox 810 403 864 429; x_wconf 84' lang='grc' dir='ltr'>τινὶ</span> <span class='ocrx_word' id='word_1_43' title='bbox 876 411 928 429; x_wconf 90' lang='grc' dir='ltr'>πα-</span> 
     </span>
    </p>
   </div>
   <div class='ocr_carea' id='block_1_9' title="bbox 133 445 928 486">
    <p class='ocr_par' dir='ltr' id='par_1_9' title="bbox 133 445 928 486">
     <span class='ocr_line' id='line_1_9' title="bbox 133 445 928 486; baseline 0.005 -13"><span class='ocrx_word' id='word_1_44' title='bbox 133 446 170 482; x_wconf 78' lang='grc' dir='ltr'>ρὰ</span> <span class='ocrx_word' id='word_1_45' title='bbox 180 445 214 473; x_wconf 83' lang='grc' dir='ltr'>τὰ</span> <span class='ocrx_word' id='word_1_46' title='bbox 225 447 312 474; x_wconf 85' lang='grc' dir='ltr'>οἰκεῖα</span> <span class='ocrx_word' id='word_1_47' title='bbox 321 447 558 482; x_wconf 84' lang='grc' dir='ltr'>τρεπόμενος,ἀλλ’</span> <span class='ocrx_word' id='word_1_48' title='bbox 567 448 622 475; x_wconf 82' lang='grc' dir='ltr'>ἀπὸ</span> <span class='ocrx_word' id='word_1_49' title='bbox 636 447 716 475; x_wconf 88' lang='grc' dir='ltr'>θείων</span> <span class='ocrx_word' id='word_1_50' title='bbox 728 449 768 481; x_wconf 82' lang='grc' dir='ltr'><strong>εἰς</strong></span> <span class='ocrx_word' id='word_1_51' title='bbox 781 449 841 476; x_wconf 87' lang='grc' dir='ltr'>θεῖα</span> <span class='ocrx_word' id='word_1_52' title='bbox 848 459 928 486; x_wconf 86' lang='grc' dir='ltr'>προσ-</span> 
     </span>
    </p>
   </div>
   <div class='ocr_carea' id='block_1_10' title="bbox 131 491 924 532">
    <p class='ocr_par' dir='ltr' id='par_1_10' title="bbox 131 491 924 532">
     <span class='ocr_line' id='line_1_10' title="bbox 131 491 924 532; baseline 0.008 -14"><span class='ocrx_word' id='word_1_53' title='bbox 131 491 203 527; x_wconf 84' lang='grc' dir='ltr'>εχῶς</span> <span class='ocrx_word' id='word_1_54' title='bbox 226 492 274 519; x_wconf 80' lang='grc' dir='ltr'>καὶ</span> <span class='ocrx_word' id='word_1_55' title='bbox 298 492 341 521; x_wconf 85' lang='grc' dir='ltr'><strong>ἀεὶ</strong></span> <span class='ocrx_word' id='word_1_56' title='bbox 373 493 414 527; x_wconf 84' lang='grc' dir='ltr'>τῷ</span> <span class='ocrx_word' id='word_1_57' title='bbox 438 493 577 531; x_wconf 86' lang='grc' dir='ltr'>θεαρχικῷ</span> <span class='ocrx_word' id='word_1_58' title='bbox 599 495 740 531; x_wconf 88' lang='grc' dir='ltr'>Πνεύματι</span> <span class='ocrx_word' id='word_1_59' title='bbox 761 496 924 532; x_wconf 77' lang='grc' dir='ltr'>μεταταττό-</span> 
     </span>
    </p>
   </div>
   <div class='ocr_carea' id='block_1_11' title="bbox 133 545 223 573">
    <p class='ocr_par' dir='ltr' id='par_1_11' title="bbox 133 545 223 573">
     <span class='ocr_line' id='line_1_11' title="bbox 133 545 223 573; baseline 0 -9"><span class='ocrx_word' id='word_1_60' title='bbox 133 545 223 573; x_wconf 73' lang='grc' dir='ltr'>μενος.</span> 
     </span>
    </p>
   </div>
   <div class='ocr_carea' id='block_1_12' title="bbox 436 595 630 631">
    <p class='ocr_par' dir='ltr' id='par_1_12' title="bbox 436 595 630 631">
     <span class='ocr_line' id='line_1_12' title="bbox 436 595 630 631; baseline 0.01 -8"><span class='ocrx_word' id='word_1_61' title='bbox 436 595 482 623; x_wconf 81' lang='grc' dir='ltr'>ιιι.</span> <span class='ocrx_word' id='word_1_62' title='bbox 504 597 630 631; x_wconf 58' lang='grc' dir='ltr'>θεωρίας</span> 
     </span>
    </p>
   </div>
   <div class='ocr_carea' id='block_1_13' title="bbox 979 356 1768 393">
    <p class='ocr_par' dir='ltr' id='par_1_13' title="bbox 979 356 1768 393">
     <span class='ocr_line' id='line_1_13' title="bbox 979 356 1768 393; baseline 0.001 -10"><span class='ocrx_word' id='word_1_63' title='bbox 979 364 1086 392; x_wconf 80' lang='lat' dir='ltr'><strong>gressu,</strong></span> <span class='ocrx_word' id='word_1_64' title='bbox 1101 357 1133 383; x_wconf 87' lang='lat' dir='ltr'><strong>ad</strong></span> <span class='ocrx_word' id='word_1_65' title='bbox 1148 363 1239 384; x_wconf 89' lang='lat' dir='ltr'><strong>rerum</strong></span> <span class='ocrx_word' id='word_1_66' title='bbox 1255 356 1353 384; x_wconf 84' lang='lat' dir='ltr'><strong>iterum</strong></span> <span class='ocrx_word' id='word_1_67' title='bbox 1366 357 1564 392; x_wconf 72' lang='lat' dir='ltr'><strong>prmcipuarum</strong></span> <span class='ocrx_word' id='word_1_68' title='bbox 1576 358 1694 393; x_wconf 74' lang='lat' dir='ltr'><strong>exigitur</strong></span> <span class='ocrx_word' id='word_1_69' title='bbox 1706 366 1768 385; x_wconf 75' lang='lat' dir='ltr'><strong>cnn-</strong></span> 
     </span>
    </p>
   </div>
   <div class='ocr_carea' id='block_1_14' title="bbox 980 402 1767 438">
    <p class='ocr_par' dir='ltr' id='par_1_14' title="bbox 980 402 1767 438">
     <span class='ocr_line' id='line_1_14' title="bbox 980 402 1767 438; baseline -0.001 -8"><span class='ocrx_word' id='word_1_70' title='bbox 980 402 1197 438; x_wconf 87' lang='lat' dir='ltr'><strong>tcmplationem,</strong></span> <span class='ocrx_word' id='word_1_71' title='bbox 1212 409 1246 429; x_wconf 90' lang='lat' dir='ltr'><strong>ne</strong></span> <span class='ocrx_word' id='word_1_72' title='bbox 1262 402 1316 429; x_wconf 90' lang='lat' dir='ltr'><strong>ullo</strong></span> <span class='ocrx_word' id='word_1_73' title='bbox 1329 407 1451 437; x_wconf 88' lang='lat' dir='ltr'><strong>tempore</strong></span> <span class='ocrx_word' id='word_1_74' title='bbox 1467 403 1508 431; x_wconf 82' lang='lat' dir='ltr'><strong>vel</strong></span> <span class='ocrx_word' id='word_1_75' title='bbox 1527 403 1607 430; x_wconf 92' lang='lat' dir='ltr'><strong>modo</strong></span> <span class='ocrx_word' id='word_1_76' title='bbox 1629 403 1767 438; x_wconf 80' lang='lat' dir='ltr'><strong>quidpiam</strong></span> 
     </span>
    </p>
   </div>
   <div class='ocr_carea' id='block_1_15' title="bbox 955 448 1768 483">
    <p class='ocr_par' dir='ltr' id='par_1_15' title="bbox 955 448 1768 483">
     <span class='ocr_line' id='line_1_15' title="bbox 955 448 1768 483; baseline -0.001 -8"><span class='ocrx_word' id='word_1_77' title='bbox 955 456 958 460; x_wconf 83' lang='lat'>&#39;</span> <span class='ocrx_word' id='word_1_78' title='bbox 978 455 994 475; x_wconf 89' lang='lat' dir='ltr'><strong>a</strong></span> <span class='ocrx_word' id='word_1_79' title='bbox 1009 448 1067 476; x_wconf 86' lang='lat' dir='ltr'><strong>suis</strong></span> <span class='ocrx_word' id='word_1_80' title='bbox 1080 448 1213 476; x_wconf 79' lang='lat' dir='ltr'><strong>institutis</strong></span> <span class='ocrx_word' id='word_1_81' title='bbox 1230 451 1328 475; x_wconf 81' lang='lat' dir='ltr'><strong>tractet</strong></span> <span class='ocrx_word' id='word_1_82' title='bbox 1348 448 1478 481; x_wconf 87' lang='lat' dir='ltr'><strong>alienum,</strong></span> <span class='ocrx_word' id='word_1_83' title='bbox 1503 449 1550 476; x_wconf 92' lang='lat' dir='ltr'><strong>sed</strong></span> <span class='ocrx_word' id='word_1_84' title='bbox 1574 448 1684 476; x_wconf 83' lang='lat' dir='ltr'><strong>assidue</strong></span> <span class='ocrx_word' id='word_1_85' title='bbox 1706 455 1768 483; x_wconf 89' lang='lat' dir='ltr'><strong>per-</strong></span> 
     </span>
    </p>
   </div>
   <div class='ocr_carea' id='block_1_16' title="bbox 980 493 1769 530">
    <p class='ocr_par' dir='ltr' id='par_1_16' title="bbox 980 493 1769 530">
     <span class='ocr_line' id='line_1_16' title="bbox 980 493 1769 530; baseline -0.001 -8"><span class='ocrx_word' id='word_1_86' title='bbox 980 499 1118 530; x_wconf 84' lang='lat' dir='ltr'><strong>petuoque</strong></span> <span class='ocrx_word' id='word_1_87' title='bbox 1130 494 1215 523; x_wconf 86' lang='lat' dir='ltr'><strong>divini</strong></span> <span class='ocrx_word' id='word_1_88' title='bbox 1233 494 1351 530; x_wconf 87' lang='lat' dir='ltr'><strong>Spiritus</strong></span> <span class='ocrx_word' id='word_1_89' title='bbox 1365 495 1446 522; x_wconf 91' lang='lat' dir='ltr'><strong>ductu</strong></span> <span class='ocrx_word' id='word_1_90' title='bbox 1461 502 1476 522; x_wconf 90' lang='lat' dir='ltr'><strong>a</strong></span> <span class='ocrx_word' id='word_1_91' title='bbox 1499 493 1599 522; x_wconf 80' lang='lat' dir='ltr'><strong>divinis</strong></span> <span class='ocrx_word' id='word_1_92' title='bbox 1622 494 1656 523; x_wconf 85' lang='lat' dir='ltr'><strong>ad</strong></span> <span class='ocrx_word' id='word_1_93' title='bbox 1678 494 1769 523; x_wconf 82' lang='lat' dir='ltr'><strong>divina</strong></span> 
     </span>
    </p>
   </div>
   <div class='ocr_carea' id='block_1_17' title="bbox 981 540 1201 569">
    <p class='ocr_par' dir='ltr' id='par_1_17' title="bbox 981 540 1201 569">
     <span class='ocr_line' id='line_1_17' title="bbox 981 540 1201 569; baseline -0.009 0"><span class='ocrx_word' id='word_1_94' title='bbox 981 540 1201 569; x_wconf 80' lang='lat' dir='ltr'><strong>transformetnr.</strong></span> 
     </span>
    </p>
   </div>
   <div class='ocr_carea' id='block_1_18' title="bbox 1240 595 1507 631">
    <p class='ocr_par' dir='ltr' id='par_1_18' title="bbox 1240 595 1507 631">
     <span class='ocr_line' id='line_1_18' title="bbox 1240 595 1507 631; baseline 0 -7"><span class='ocrx_word' id='word_1_95' title='bbox 1240 596 1284 624; x_wconf 84' lang='lat' dir='ltr'><strong>ill.</strong></span> <span class='ocrx_word' id='word_1_96' title='bbox 1305 595 1507 631; x_wconf 82' lang='lat' dir='ltr'><strong>Contemplatio.</strong></span> 
     </span>
    </p>
   </div>
   <div class='ocr_carea' id='block_1_19' title="bbox 919 677 975 715">
    <p class='ocr_par' dir='ltr' id='par_1_19' title="bbox 919 677 975 715">
     <span class='ocr_line' id='line_1_19' title="bbox 919 677 975 715; baseline 0.018 -8"><span class='ocrx_word' id='word_1_97' title='bbox 919 677 975 715; x_wconf 84' lang='lat' dir='ltr'><strong>§I.</strong></span> 
     </span>
    </p>
   </div>
   <div class='ocr_carea' id='block_1_20' title="bbox 166 770 924 811">
    <p class='ocr_par' dir='ltr' id='par_1_20' title="bbox 166 770 924 811">
     <span class='ocr_line' id='line_1_20' title="bbox 166 770 924 811; baseline 0.001 -11"><span class='ocrx_word' id='word_1_98' title='bbox 166 773 241 810; x_wconf 76' lang='grc' dir='ltr'><strong>Δῦτη</strong></span> <span class='ocrx_word' id='word_1_99' title='bbox 259 774 309 810; x_wconf 79' lang='grc' dir='ltr'>μὲν</span> <span class='ocrx_word' id='word_1_100' title='bbox 332 770 379 801; x_wconf 79' lang='grc' dir='ltr'><strong>οὖν</strong></span> <span class='ocrx_word' id='word_1_101' title='bbox 402 774 434 807; x_wconf 74' lang='grc'>⁸⁸,</span> <span class='ocrx_word' id='word_1_102' title='bbox 455 775 494 807; x_wconf 86' lang='grc' dir='ltr'>ὡς</span> <span class='ocrx_word' id='word_1_103' title='bbox 515 775 545 802; x_wconf 78' lang='grc' dir='ltr'>ὲν</span> <span class='ocrx_word' id='word_1_104' title='bbox 565 774 719 810; x_wconf 77' lang='grc' dir='ltr'>συμϐόλοις,</span> <span class='ocrx_word' id='word_1_105' title='bbox 741 774 758 811; x_wconf 81' lang='grc' dir='ltr'>ἡ</span> <span class='ocrx_word' id='word_1_106' title='bbox 781 775 831 810; x_wconf 83' lang='grc' dir='ltr'>τῆς</span> <span class='ocrx_word' id='word_1_107' title='bbox 849 775 924 810; x_wconf 77' lang='grc' dir='ltr'>ἱερᾶς</span> 
     </span>
    </p>
   </div>
   <div class='ocr_carea' id='block_1_21' title="bbox 130 819 926 856">
    <p class='ocr_par' dir='ltr' id='par_1_21' title="bbox 130 819 926 856">
     <span class='ocr_line' id='line_1_21' title="bbox 130 819 926 856; baseline 0.003 -11"><span class='ocrx_word' id='word_1_108' title='bbox 130 819 226 855; x_wconf 82' lang='grc' dir='ltr'>τελετὴ</span> <span class='ocrx_word' id='word_1_109' title='bbox 244 819 413 854; x_wconf 86' lang='grc' dir='ltr'>θεογενεσίας</span> <span class='ocrx_word' id='word_1_110' title='bbox 427 820 459 852; x_wconf 73' lang='grc' dir='ltr'>η,</span> <span class='ocrx_word' id='word_1_111' title='bbox 473 819 549 846; x_wconf 77' lang='grc' dir='ltr'>οὐδὲν</span> <span class='ocrx_word' id='word_1_112' title='bbox 566 820 688 855; x_wconf 79' lang='grc' dir='ltr'>ἀπρεπὲς</span> <span class='ocrx_word' id='word_1_113' title='bbox 701 819 717 855; x_wconf 86' lang='grc' dir='ltr'>ἢ</span> <span class='ocrx_word' id='word_1_114' title='bbox 731 820 849 856; x_wconf 80' lang='grc' dir='ltr'><strong>ἀνίερον,</strong></span> <span class='ocrx_word' id='word_1_115' title='bbox 864 821 926 847; x_wconf 79' lang='grc' dir='ltr'>οὐδὲ</span> 
     </span>
    </p>
   </div>
   <div class='ocr_carea' id='block_1_22' title="bbox 130 865 926 902">
    <p class='ocr_par' dir='ltr' id='par_1_22' title="bbox 130 865 926 902">
     <span class='ocr_line' id='line_1_22' title="bbox 130 865 926 902; baseline 0 -10"><span class='ocrx_word' id='word_1_116' title='bbox 130 865 186 892; x_wconf 84' lang='grc' dir='ltr'><strong>τῶν</strong></span> <span class='ocrx_word' id='word_1_117' title='bbox 199 865 335 902; x_wconf 76' lang='grc' dir='ltr'><strong>αἰσθητῶν</strong></span> <span class='ocrx_word' id='word_1_118' title='bbox 352 866 374 882; x_wconf 81' lang='lat'><strong>&#39;°</strong></span> <span class='ocrx_word' id='word_1_119' title='bbox 387 865 486 902; x_wconf 77' lang='grc' dir='ltr'>ἔχουσα</span> <span class='ocrx_word' id='word_1_120' title='bbox 503 866 626 898; x_wconf 85' lang='grc' dir='ltr'>εἰκόνων,</span> <span class='ocrx_word' id='word_1_121' title='bbox 643 866 700 894; x_wconf 82' lang='grc' dir='ltr'><strong>ἀλλ’</strong></span> <span class='ocrx_word' id='word_1_122' title='bbox 719 866 840 899; x_wconf 81' lang='grc' dir='ltr'>ἀξιοθέου</span> <span class='ocrx_word' id='word_1_123' title='bbox 859 866 926 893; x_wconf 85' lang='grc' dir='ltr'>θεω-</span> 
     </span>
    </p>
   </div>
   <div class='ocr_carea' id='block_1_23' title="bbox 133 912 927 949">
    <p class='ocr_par' dir='ltr' id='par_1_23' title="bbox 133 912 927 949">
     <span class='ocr_line' id='line_1_23' title="bbox 133 912 927 949; baseline 0.001 -11"><span class='ocrx_word' id='word_1_124' title='bbox 133 913 195 948; x_wconf 85' lang='grc' dir='ltr'>ρίας</span> <span class='ocrx_word' id='word_1_125' title='bbox 210 912 357 948; x_wconf 82' lang='grc' dir='ltr'>αἰνίγματα</span> <span class='ocrx_word' id='word_1_126' title='bbox 380 914 504 947; x_wconf 80' lang='grc' dir='ltr'><strong>φυσικοῖς</strong></span> <span class='ocrx_word' id='word_1_127' title='bbox 520 913 568 939; x_wconf 81' lang='grc' dir='ltr'>καὶ</span> <span class='ocrx_word' id='word_1_128' title='bbox 585 912 848 949; x_wconf 79' lang='grc' dir='ltr'>ἀνθρωποπρεπέσιν</span> <span class='ocrx_word' id='word_1_129' title='bbox 867 912 927 939; x_wconf 75' lang='grc' dir='ltr'><strong>ἐσό-</strong></span> 
     </span>
    </p>
   </div>
   <div class='ocr_carea' id='block_1_24' title="bbox 1015 773 1771 809">
    <p class='ocr_par' dir='ltr' id='par_1_24' title="bbox 1015 773 1771 809">
     <span class='ocr_line' id='line_1_24' title="bbox 1015 773 1771 809; baseline 0.001 -9"><span class='ocrx_word' id='word_1_130' title='bbox 1015 773 1078 801; x_wconf 65' lang='lat' dir='ltr'><strong>Haac</strong></span> <span class='ocrx_word' id='word_1_131' title='bbox 1102 773 1129 800; x_wconf 91' lang='lat' dir='ltr'><strong>in</strong></span> <span class='ocrx_word' id='word_1_132' title='bbox 1150 773 1237 800; x_wconf 87' lang='lat' dir='ltr'><strong>sacris</strong></span> <span class='ocrx_word' id='word_1_133' title='bbox 1250 773 1381 808; x_wconf 82' lang='lat' dir='ltr'><strong>symbolis</strong></span> <span class='ocrx_word' id='word_1_134' title='bbox 1404 773 1502 800; x_wconf 64' lang='lat' dir='ltr'><strong>divinae</strong></span> <span class='ocrx_word' id='word_1_135' title='bbox 1517 773 1705 809; x_wconf 82' lang='lat' dir='ltr'><strong>generationis</strong></span> <span class='ocrx_word' id='word_1_136' title='bbox 1721 773 1771 801; x_wconf 85' lang='lat' dir='ltr'><strong>ini-</strong></span> 
     </span>
    </p>
   </div>
   <div class='ocr_carea' id='block_1_25' title="bbox 979 820 1770 855">
    <p class='ocr_par' dir='ltr' id='par_1_25' title="bbox 979 820 1770 855">
     <span class='ocr_line' id='line_1_25' title="bbox 979 820 1770 855; baseline 0 -7"><span class='ocrx_word' id='word_1_137' title='bbox 979 821 1058 848; x_wconf 89' lang='lat' dir='ltr'><strong>tiatio</strong></span> <span class='ocrx_word' id='word_1_138' title='bbox 1072 820 1140 848; x_wconf 85' lang='lat' dir='ltr'><strong>nihil</strong></span> <span class='ocrx_word' id='word_1_139' title='bbox 1154 821 1276 848; x_wconf 86' lang='lat' dir='ltr'><strong>indecori</strong></span> <span class='ocrx_word' id='word_1_140' title='bbox 1299 821 1341 848; x_wconf 86' lang='lat' dir='ltr'><strong>vel</strong></span> <span class='ocrx_word' id='word_1_141' title='bbox 1361 820 1468 855; x_wconf 79' lang='lat' dir='ltr'><strong>profani</strong></span> <span class='ocrx_word' id='word_1_142' title='bbox 1492 821 1558 855; x_wconf 88' lang='lat' dir='ltr'><strong>quin</strong></span> <span class='ocrx_word' id='word_1_143' title='bbox 1582 828 1633 848; x_wconf 90' lang='lat' dir='ltr'><strong>nec</strong></span> <span class='ocrx_word' id='word_1_144' title='bbox 1655 821 1770 848; x_wconf 78' lang='lat' dir='ltr'><strong>scnsiles</strong></span> 
     </span>
    </p>
   </div>
   <div class='ocr_carea' id='block_1_26' title="bbox 980 866 1770 901">
    <p class='ocr_par' dir='ltr' id='par_1_26' title="bbox 980 866 1770 901">
     <span class='ocr_line' id='line_1_26' title="bbox 980 866 1770 901; baseline 0 -7"><span class='ocrx_word' id='word_1_145' title='bbox 980 867 1083 901; x_wconf 84' lang='lat' dir='ltr'><strong>ﬁguras</strong></span> <span class='ocrx_word' id='word_1_146' title='bbox 1104 867 1245 899; x_wconf 78' lang='lat' dir='ltr'><strong>continet,</strong></span> <span class='ocrx_word' id='word_1_147' title='bbox 1267 867 1314 894; x_wconf 88' lang='lat' dir='ltr'><strong>sed</strong></span> <span class='ocrx_word' id='word_1_148' title='bbox 1338 867 1393 894; x_wconf 88' lang='lat' dir='ltr'><strong>Deo</strong></span> <span class='ocrx_word' id='word_1_149' title='bbox 1419 867 1506 901; x_wconf 73' lang='lat' dir='ltr'><strong>digna:</strong></span> <span class='ocrx_word' id='word_1_150' title='bbox 1530 866 1770 901; x_wconf 78' lang='lat' dir='ltr'><strong>contemplationis</strong></span> 
     </span>
    </p>
   </div>
   <div class='ocr_carea' id='block_1_27' title="bbox 979 911 1770 947">
    <p class='ocr_par' dir='ltr' id='par_1_27' title="bbox 979 911 1770 947">
     <span class='ocr_line' id='line_1_27' title="bbox 979 911 1770 947; baseline -0.001 -8"><span class='ocrx_word' id='word_1_151' title='bbox 979 912 1123 947; x_wconf 56' lang='lat' dir='ltr'><strong>aenigmata</strong></span> <span class='ocrx_word' id='word_1_152' title='bbox 1139 912 1166 940; x_wconf 91' lang='lat' dir='ltr'><strong>in</strong></span> <span class='ocrx_word' id='word_1_153' title='bbox 1181 911 1350 940; x_wconf 84' lang='lat' dir='ltr'><strong>naturalibus</strong></span> <span class='ocrx_word' id='word_1_154' title='bbox 1368 912 1401 939; x_wconf 89' lang='lat' dir='ltr'><strong>ad</strong></span> <span class='ocrx_word' id='word_1_155' title='bbox 1415 916 1524 946; x_wconf 84' lang='lat' dir='ltr'><strong>captum</strong></span> <span class='ocrx_word' id='word_1_156' title='bbox 1549 911 1691 939; x_wconf 89' lang='lat' dir='ltr'><strong>hominum</strong></span> <span class='ocrx_word' id='word_1_157' title='bbox 1708 919 1770 946; x_wconf 88' lang='lat' dir='ltr'><strong>spc-</strong></span> 
     </span>
    </p>
   </div>
   <div class='ocr_carea' id='block_1_28' title="bbox 131 957 927 1005">
    <p class='ocr_par' dir='ltr' id='par_1_28' title="bbox 131 959 927 995">
     <span class='ocr_line' id='line_1_28' title="bbox 131 959 927 995; baseline 0.001 -10"><span class='ocrx_word' id='word_1_158' title='bbox 131 967 229 995; x_wconf 83' lang='grc' dir='ltr'>πτροις</span> <span class='ocrx_word' id='word_1_159' title='bbox 241 959 437 995; x_wconf 76' lang='grc' dir='ltr'>είκονιζόμενα.</span> <span class='ocrx_word' id='word_1_160' title='bbox 458 959 490 986; x_wconf 87' lang='grc' dir='ltr'><strong>Τί</strong></span> <span class='ocrx_word' id='word_1_161' title='bbox 506 959 560 995; x_wconf 85' lang='grc' dir='ltr'>γὰρ</span> <span class='ocrx_word' id='word_1_162' title='bbox 578 959 611 986; x_wconf 79' lang='grc' dir='ltr'><strong>ἂν</strong></span> <span class='ocrx_word' id='word_1_163' title='bbox 625 959 722 994; x_wconf 78' lang='grc' dir='ltr'>φανείη</span> <span class='ocrx_word' id='word_1_164' title='bbox 739 960 761 974; x_wconf 82' lang='grc'><strong>¹¹</strong></span> <span class='ocrx_word' id='word_1_165' title='bbox 776 959 927 994; x_wconf 83' lang='grc' dir='ltr'>διαμαρτά-</span> 
     </span>
    </p>
   </div>
   <div class='ocr_carea' id='block_1_29' title="bbox 980 957 1768 1005">
    <p class='ocr_par' dir='ltr' id='par_1_29' title="bbox 980 957 1768 993">
     <span class='ocr_line' id='line_1_29' title="bbox 980 957 1768 993; baseline -0.003 -7"><span class='ocrx_word' id='word_1_166' title='bbox 980 959 1048 986; x_wconf 90' lang='lat' dir='ltr'><strong>culis</strong></span> <span class='ocrx_word' id='word_1_167' title='bbox 1064 958 1190 993; x_wconf 80' lang='lat' dir='ltr'><strong>eiligiata.</strong></span> <span class='ocrx_word' id='word_1_168' title='bbox 1210 958 1280 992; x_wconf 77' lang='lat' dir='ltr'><strong>Quid</strong></span> <span class='ocrx_word' id='word_1_169' title='bbox 1302 958 1374 986; x_wconf 90' lang='lat' dir='ltr'><strong>enim</strong></span> <span class='ocrx_word' id='word_1_170' title='bbox 1397 959 1421 985; x_wconf 91' lang='lat' dir='ltr'><strong>ei</strong></span> <span class='ocrx_word' id='word_1_171' title='bbox 1437 957 1557 985; x_wconf 79' lang='lat' dir='ltr'><strong>defuisse</strong></span> <span class='ocrx_word' id='word_1_172' title='bbox 1571 957 1709 990; x_wconf 90' lang='lat' dir='ltr'><strong>videatur,</strong></span> <span class='ocrx_word' id='word_1_173' title='bbox 1725 957 1768 984; x_wconf 89' lang='lat' dir='ltr'><strong>di-</strong></span> 
     </span>
    </p>
   </div>
   <div class='ocr_carea' id='block_1_30' title="bbox 132 1004 930 1040">
    <p class='ocr_par' dir='ltr' id='par_1_30' title="bbox 132 1004 930 1040">
     <span class='ocr_line' id='line_1_30' title="bbox 132 1004 930 1040; baseline -0.001 -9"><span class='ocrx_word' id='word_1_174' title='bbox 132 1013 227 1037; x_wconf 85' lang='grc' dir='ltr'>νουσα,</span> <span class='ocrx_word' id='word_1_175' title='bbox 245 1004 349 1032; x_wconf 73' lang='grc' dir='ltr'>καὶτοῦ</span> <span class='ocrx_word' id='word_1_176' title='bbox 363 1004 501 1040; x_wconf 81' lang='grc' dir='ltr'>θειοτέρου</span> <span class='ocrx_word' id='word_1_177' title='bbox 517 1004 599 1039; x_wconf 85' lang='grc' dir='ltr'>λόγου</span> <span class='ocrx_word' id='word_1_178' title='bbox 623 1004 678 1031; x_wconf 83' lang='grc' dir='ltr'><strong>τῶν</strong></span> <span class='ocrx_word' id='word_1_179' title='bbox 699 1004 869 1039; x_wconf 80' lang='grc' dir='ltr'>τελουμένων</span> <span class='ocrx_word' id='word_1_180' title='bbox 889 1012 930 1030; x_wconf 93' lang='grc' dir='ltr'>σε-</span> 
     </span>
    </p>
   </div>
   <div class='ocr_carea' id='block_1_31' title="bbox 133 1048 930 1086">
    <p class='ocr_par' dir='ltr' id='par_1_31' title="bbox 133 1048 930 1086">
     <span class='ocr_line' id='line_1_31' title="bbox 133 1048 930 1086; baseline -0.003 -9"><span class='ocrx_word' id='word_1_181' title='bbox 133 1059 198 1086; x_wconf 81' lang='grc' dir='ltr'>σιγη</span> <span class='ocrx_word' id='word_1_182' title='bbox 202 1051 293 1086; x_wconf 82' lang='grc' dir='ltr'>μένου,</span> <span class='ocrx_word' id='word_1_183' title='bbox 303 1060 336 1077; x_wconf 89' lang='grc' dir='ltr'><strong>πε</strong></span> <span class='ocrx_word' id='word_1_184' title='bbox 341 1051 392 1078; x_wconf 86' lang='grc' dir='ltr'><strong>ιθοί</strong></span> <span class='ocrx_word' id='word_1_185' title='bbox 399 1050 446 1077; x_wconf 72' lang='grc' dir='ltr'><strong>καὶ</strong></span> <span class='ocrx_word' id='word_1_186' title='bbox 452 1050 551 1086; x_wconf 78' lang='grc' dir='ltr'>θεορῤη</span> <span class='ocrx_word' id='word_1_187' title='bbox 555 1049 658 1086; x_wconf 83' lang='grc' dir='ltr'>μοσύνῃ</span> <span class='ocrx_word' id='word_1_188' title='bbox 664 1049 714 1085; x_wconf 83' lang='grc' dir='ltr'>τὴν</span> <span class='ocrx_word' id='word_1_189' title='bbox 718 1048 766 1076; x_wconf 87' lang='grc' dir='ltr'>τοῦ</span> <span class='ocrx_word' id='word_1_190' title='bbox 773 1049 930 1085; x_wconf 69' lang='grc' dir='ltr'>προσιόντος</span> 
     </span>
    </p>
   </div>
   <div class='ocr_carea' id='block_1_32' title="bbox 133 1096 930 1134">
    <p class='ocr_par' dir='ltr' id='par_1_32' title="bbox 133 1096 930 1134">
     <span class='ocr_line' id='line_1_32' title="bbox 133 1096 930 1134; baseline 0.003 -13"><span class='ocrx_word' id='word_1_191' title='bbox 133 1096 249 1128; x_wconf 78' lang='grc' dir='ltr'>εὐζωῖαν</span> <span class='ocrx_word' id='word_1_192' title='bbox 264 1096 343 1132; x_wconf 85' lang='grc' dir='ltr'>ἱερῶς</span> <span class='ocrx_word' id='word_1_193' title='bbox 363 1097 669 1134; x_wconf 79' lang='grc' dir='ltr'>διαπραγματευομένη,</span> <span class='ocrx_word' id='word_1_194' title='bbox 689 1097 736 1123; x_wconf 72' lang='grc' dir='ltr'><strong>καὶ</strong></span> <span class='ocrx_word' id='word_1_195' title='bbox 750 1097 800 1133; x_wconf 79' lang='grc' dir='ltr'><strong>τὴν</strong></span> <span class='ocrx_word' id='word_1_196' title='bbox 818 1097 930 1132; x_wconf 78' lang='grc' dir='ltr'>ἁπάσης</span> 
     </span>
    </p>
   </div>
   <div class='ocr_carea' id='block_1_33' title="bbox 132 1140 928 1179">
    <p class='ocr_par' dir='ltr' id='par_1_33' title="bbox 132 1140 928 1179">
     <span class='ocr_line' id='line_1_33' title="bbox 132 1140 928 1179; baseline 0.001 -12"><span class='ocrx_word' id='word_1_197' title='bbox 132 1140 201 1176; x_wconf 83' lang='grc' dir='ltr'>ὁμοῦ</span> <span class='ocrx_word' id='word_1_198' title='bbox 212 1141 311 1174; x_wconf 80' lang='grc' dir='ltr'>κακίας</span> <span class='ocrx_word' id='word_1_199' title='bbox 323 1143 357 1169; x_wconf 79' lang='grc' dir='ltr'>δι’</span> <span class='ocrx_word' id='word_1_200' title='bbox 365 1143 493 1178; x_wconf 79' lang='grc' dir='ltr'>ἐναρέτου</span> <span class='ocrx_word' id='word_1_201' title='bbox 506 1144 553 1170; x_wconf 75' lang='grc' dir='ltr'><strong>καὶ</strong></span> <span class='ocrx_word' id='word_1_202' title='bbox 564 1142 639 1175; x_wconf 86' lang='grc' dir='ltr'>θείας</span> <span class='ocrx_word' id='word_1_203' title='bbox 647 1143 718 1178; x_wconf 81' lang='grc' dir='ltr'>ζωῆς</span> <span class='ocrx_word' id='word_1_204' title='bbox 729 1143 928 1179; x_wconf 81' lang='grc' dir='ltr'>ἀποκάθαρσιν,</span> 
     </span>
    </p>
   </div>
   <div class='ocr_carea' id='block_1_34' title="bbox 131 1187 929 1226">
    <p class='ocr_par' dir='ltr' id='par_1_34' title="bbox 131 1187 929 1226">
     <span class='ocr_line' id='line_1_34' title="bbox 131 1187 929 1226; baseline 0.005 -13"><span class='ocrx_word' id='word_1_205' title='bbox 131 1189 166 1224; x_wconf 80' lang='grc' dir='ltr'>τῇ</span> <span class='ocrx_word' id='word_1_206' title='bbox 183 1188 215 1214; x_wconf 78' lang='grc' dir='ltr'><strong>δι’</strong></span> <span class='ocrx_word' id='word_1_207' title='bbox 230 1187 325 1220; x_wconf 79' lang='grc' dir='ltr'>ὓδατος</span> <span class='ocrx_word' id='word_1_208' title='bbox 339 1191 439 1226; x_wconf 80' lang='grc' dir='ltr'>φυσικῇ</span> <span class='ocrx_word' id='word_1_209' title='bbox 456 1189 598 1226; x_wconf 82' lang='grc' dir='ltr'>καθάρσει,</span> <span class='ocrx_word' id='word_1_210' title='bbox 613 1190 840 1225; x_wconf 85' lang='grc' dir='ltr'>σωματικὼτερον</span> <span class='ocrx_word' id='word_1_211' title='bbox 855 1190 929 1226; x_wconf 81' lang='grc' dir='ltr'><strong>αὑτῷ</strong></span> 
     </span>
    </p>
   </div>
   <div class='ocr_carea' id='block_1_35' title="bbox 131 1234 342 1269">
    <p class='ocr_par' dir='ltr' id='par_1_35' title="bbox 131 1234 342 1269">
     <span class='ocr_line' id='line_1_35' title="bbox 131 1234 342 1269; baseline 0 -8"><span class='ocrx_word' id='word_1_212' title='bbox 131 1234 328 1269; x_wconf 67' lang='grc' dir='ltr'><strong>διαγγέλλουσα</strong></span> <span class='ocrx_word' id='word_1_213' title='bbox 335 1244 342 1268; x_wconf 86' lang='lat'><strong>;</strong></span> 
     </span>
    </p>
   </div>
   <div class='ocr_carea' id='block_1_36' title="bbox 167 1279 927 1318">
    <p class='ocr_par' dir='ltr' id='par_1_36' title="bbox 167 1279 927 1318">
     <span class='ocr_line' id='line_1_36' title="bbox 167 1279 927 1318; baseline 0.003 -11"><span class='ocrx_word' id='word_1_214' title='bbox 167 1280 242 1317; x_wconf 75' lang='grc' dir='ltr'>Αὐτὴ</span> <span class='ocrx_word' id='word_1_215' title='bbox 255 1281 277 1297; x_wconf 82' lang='grc'>¹¹</span> <span class='ocrx_word' id='word_1_216' title='bbox 297 1281 319 1308; x_wconf 86' lang='grc' dir='ltr'><strong>δ’</strong></span> <span class='ocrx_word' id='word_1_217' title='bbox 336 1279 394 1314; x_wconf 77' lang='grc' dir='ltr'>οὖν,</span> <span class='ocrx_word' id='word_1_218' title='bbox 410 1282 435 1309; x_wconf 84' lang='grc' dir='ltr'><strong>εἰ</strong></span> <span class='ocrx_word' id='word_1_219' title='bbox 455 1282 502 1308; x_wconf 76' lang='grc' dir='ltr'><strong>καὶ</strong></span> <span class='ocrx_word' id='word_1_220' title='bbox 519 1281 603 1318; x_wconf 72' lang='grc' dir='ltr'>μηδέν</span> <span class='ocrx_word' id='word_1_221' title='bbox 621 1290 648 1307; x_wconf 89' lang='grc' dir='ltr'><strong>τι</strong></span> <span class='ocrx_word' id='word_1_222' title='bbox 670 1281 804 1317; x_wconf 84' lang='grc' dir='ltr'>θειότερον</span> <span class='ocrx_word' id='word_1_223' title='bbox 822 1279 894 1317; x_wconf 71' lang='grc' dir='ltr'>εἶχεν</span> <span class='ocrx_word' id='word_1_224' title='bbox 910 1283 927 1318; x_wconf 89' lang='grc' dir='ltr'><strong>ἡ</strong></span> 
     </span>
    </p>
   </div>
   <div class='ocr_carea' id='block_1_37' title="bbox 132 1326 928 1364">
    <p class='ocr_par' dir='ltr' id='par_1_37' title="bbox 132 1326 928 1364">
     <span class='ocr_line' id='line_1_37' title="bbox 132 1326 928 1364; baseline 0 -11"><span class='ocrx_word' id='word_1_225' title='bbox 132 1326 190 1353; x_wconf 85' lang='grc' dir='ltr'><strong>τῶν</strong></span> <span class='ocrx_word' id='word_1_226' title='bbox 204 1327 374 1363; x_wconf 80' lang='grc' dir='ltr'>τελουμένων</span> <span class='ocrx_word' id='word_1_227' title='bbox 391 1328 540 1364; x_wconf 79' lang='grc' dir='ltr'>συμϐολικὴ</span> <span class='ocrx_word' id='word_1_228' title='bbox 563 1327 728 1362; x_wconf 83' lang='grc' dir='ltr'>παράδοσις,</span> <span class='ocrx_word' id='word_1_229' title='bbox 746 1327 796 1353; x_wconf 80' lang='grc' dir='ltr'><strong>οὐκ</strong></span> <span class='ocrx_word' id='word_1_230' title='bbox 821 1327 928 1363; x_wconf 79' lang='grc' dir='ltr'>ἀνίερος</span> 
     </span>
    </p>
   </div>
   <div class='ocr_carea' id='block_1_38' title="bbox 132 1370 928 1408">
    <p class='ocr_par' dir='ltr' id='par_1_38' title="bbox 132 1370 928 1408">
     <span class='ocr_line' id='line_1_38' title="bbox 132 1370 928 1408; baseline -0.003 -8"><span class='ocrx_word' id='word_1_231' title='bbox 132 1370 184 1408; x_wconf 83' lang='grc' dir='ltr'>ἦν,</span> <span class='ocrx_word' id='word_1_232' title='bbox 200 1373 239 1404; x_wconf 86' lang='grc' dir='ltr'>ὼς</span> <span class='ocrx_word' id='word_1_233' title='bbox 266 1372 353 1408; x_wconf 79' lang='grc' dir='ltr'>οἶμαι,</span> <span class='ocrx_word' id='word_1_234' title='bbox 372 1373 545 1400; x_wconf 81' lang='grc' dir='ltr'>διδασκαλίαν</span> <span class='ocrx_word' id='word_1_235' title='bbox 563 1372 613 1408; x_wconf 84' lang='grc' dir='ltr'>μὲν</span> <span class='ocrx_word' id='word_1_236' title='bbox 635 1372 744 1399; x_wconf 77' lang='grc' dir='ltr'>εὐθέτου</span> <span class='ocrx_word' id='word_1_237' title='bbox 762 1372 834 1408; x_wconf 78' lang='grc' dir='ltr'>ζωῆς</span> <span class='ocrx_word' id='word_1_238' title='bbox 853 1373 928 1407; x_wconf 85' lang='grc' dir='ltr'>εἰση-</span> 
     </span>
    </p>
   </div>
   <div class='ocr_carea' id='block_1_39' title="bbox 133 1419 925 1456">
    <p class='ocr_par' dir='ltr' id='par_1_39' title="bbox 133 1419 925 1456">
     <span class='ocr_line' id='line_1_39' title="bbox 133 1419 925 1456; baseline 0 -11"><span class='ocrx_word' id='word_1_239' title='bbox 133 1419 265 1455; x_wconf 79' lang='grc' dir='ltr'>γουμένη,</span> <span class='ocrx_word' id='word_1_240' title='bbox 279 1420 329 1456; x_wconf 86' lang='grc' dir='ltr'>τὴν</span> <span class='ocrx_word' id='word_1_241' title='bbox 340 1420 461 1455; x_wconf 87' lang='grc' dir='ltr'>παντελῆ</span> <span class='ocrx_word' id='word_1_242' title='bbox 474 1420 502 1446; x_wconf 84' lang='grc' dir='ltr'><strong>δὲ</strong></span> <span class='ocrx_word' id='word_1_243' title='bbox 513 1420 564 1455; x_wconf 85' lang='grc' dir='ltr'>τῆς</span> <span class='ocrx_word' id='word_1_244' title='bbox 575 1421 604 1446; x_wconf 80' lang='grc' dir='ltr'>ὲν</span> <span class='ocrx_word' id='word_1_245' title='bbox 610 1419 694 1455; x_wconf 74' lang='grc' dir='ltr'>κακία</span> <span class='ocrx_word' id='word_1_246' title='bbox 710 1419 849 1451; x_wconf 85' lang='grc' dir='ltr'>πολιτείας</span> <span class='ocrx_word' id='word_1_247' title='bbox 856 1419 925 1445; x_wconf 81' lang='grc' dir='ltr'>ἀπο-</span> 
     </span>
    </p>
   </div>
   <div class='ocr_carea' id='block_1_40' title="bbox 979 1003 1769 1039">
    <p class='ocr_par' dir='ltr' id='par_1_40' title="bbox 979 1003 1769 1039">
     <span class='ocr_line' id='line_1_40' title="bbox 979 1003 1769 1039; baseline -0.004 -7"><span class='ocrx_word' id='word_1_248' title='bbox 979 1004 1078 1032; x_wconf 79' lang='lat' dir='ltr'><strong>viniori</strong></span> <span class='ocrx_word' id='word_1_249' title='bbox 1094 1004 1176 1031; x_wconf 88' lang='lat' dir='ltr'><strong>etiam</strong></span> <span class='ocrx_word' id='word_1_250' title='bbox 1191 1004 1384 1039; x_wconf 88' lang='lat' dir='ltr'><strong>mysteriorum</strong></span> <span class='ocrx_word' id='word_1_251' title='bbox 1398 1003 1507 1031; x_wconf 78' lang='lat' dir='ltr'><strong>silentio</strong></span> <span class='ocrx_word' id='word_1_252' title='bbox 1523 1010 1670 1038; x_wconf 83' lang='lat' dir='ltr'><strong>suppressa</strong></span> <span class='ocrx_word' id='word_1_253' title='bbox 1685 1003 1769 1030; x_wconf 81' lang='lat' dir='ltr'><strong>ratio—</strong></span> 
     </span>
    </p>
   </div>
   <div class='ocr_carea' id='block_1_41' title="bbox 979 1049 1767 1084">
    <p class='ocr_par' dir='ltr' id='par_1_41' title="bbox 979 1049 1767 1084">
     <span class='ocr_line' id='line_1_41' title="bbox 979 1049 1767 1084; baseline -0.004 -6"><span class='ocrx_word' id='word_1_254' title='bbox 979 1058 1023 1084; x_wconf 82' lang='lat' dir='ltr'><strong>ne,</strong></span> <span class='ocrx_word' id='word_1_255' title='bbox 1040 1058 1101 1078; x_wconf 92' lang='lat' dir='ltr'><strong>cum</strong></span> <span class='ocrx_word' id='word_1_256' title='bbox 1114 1051 1206 1077; x_wconf 86' lang='lat' dir='ltr'><strong>divina</strong></span> <span class='ocrx_word' id='word_1_257' title='bbox 1221 1050 1392 1077; x_wconf 82' lang='lat' dir='ltr'><strong>institutione</strong></span> <span class='ocrx_word' id='word_1_258' title='bbox 1405 1049 1472 1077; x_wconf 80' lang='lat' dir='ltr'><strong>satis</strong></span> <span class='ocrx_word' id='word_1_259' title='bbox 1485 1051 1582 1084; x_wconf 86' lang='lat' dir='ltr'><strong>probet</strong></span> <span class='ocrx_word' id='word_1_260' title='bbox 1599 1049 1767 1081; x_wconf 86' lang='lat' dir='ltr'><strong>accedentis,</strong></span> 
     </span>
    </p>
   </div>
   <div class='ocr_carea' id='block_1_42' title="bbox 978 1095 1769 1131">
    <p class='ocr_par' dir='ltr' id='par_1_42' title="bbox 978 1095 1769 1131">
     <span class='ocr_line' id='line_1_42' title="bbox 978 1095 1769 1131; baseline -0.001 -8"><span class='ocrx_word' id='word_1_261' title='bbox 978 1103 1059 1131; x_wconf 80' lang='lat' dir='ltr'><strong>quam</strong></span> <span class='ocrx_word' id='word_1_262' title='bbox 1075 1099 1170 1123; x_wconf 86' lang='lat' dir='ltr'><strong>sancte</strong></span> <span class='ocrx_word' id='word_1_263' title='bbox 1191 1100 1332 1131; x_wconf 82' lang='lat' dir='ltr'><strong>operatur,</strong></span> <span class='ocrx_word' id='word_1_264' title='bbox 1357 1096 1419 1124; x_wconf 69' lang='lat' dir='ltr'><strong>vita:</strong></span> <span class='ocrx_word' id='word_1_265' title='bbox 1443 1095 1645 1131; x_wconf 79' lang='lat' dir='ltr'><strong>integritatem,</strong></span> <span class='ocrx_word' id='word_1_266' title='bbox 1669 1099 1697 1123; x_wconf 89' lang='lat' dir='ltr'><strong>et</strong></span> <span class='ocrx_word' id='word_1_267' title='bbox 1720 1103 1769 1129; x_wconf 89' lang='lat' dir='ltr'><strong>per</strong></span> 
     </span>
    </p>
   </div>
   <div class='ocr_carea' id='block_1_43' title="bbox 978 1141 1769 1177">
    <p class='ocr_par' dir='ltr' id='par_1_43' title="bbox 978 1141 1769 1177">
     <span class='ocr_line' id='line_1_43' title="bbox 978 1141 1769 1177; baseline -0.003 -7"><span class='ocrx_word' id='word_1_268' title='bbox 978 1142 1061 1170; x_wconf 83' lang='lat' dir='ltr'><strong>vitam</strong></span> <span class='ocrx_word' id='word_1_269' title='bbox 1078 1142 1191 1177; x_wconf 87' lang='lat' dir='ltr'><strong>probam</strong></span> <span class='ocrx_word' id='word_1_270' title='bbox 1210 1149 1243 1170; x_wconf 84' lang='lat' dir='ltr'><strong>ac</strong></span> <span class='ocrx_word' id='word_1_271' title='bbox 1254 1142 1385 1176; x_wconf 83' lang='lat' dir='ltr'><strong>divinam,</strong></span> <span class='ocrx_word' id='word_1_272' title='bbox 1402 1143 1538 1170; x_wconf 66' lang='lat' dir='ltr'><strong>universa:</strong></span> <span class='ocrx_word' id='word_1_273' title='bbox 1552 1142 1634 1170; x_wconf 83' lang='lat' dir='ltr'><strong>simul</strong></span> <span class='ocrx_word' id='word_1_274' title='bbox 1657 1141 1769 1169; x_wconf 67' lang='lat' dir='ltr'><strong>malitia:</strong></span> 
     </span>
    </p>
   </div>
   <div class='ocr_carea' id='block_1_44' title="bbox 978 1188 1768 1224">
    <p class='ocr_par' dir='ltr' id='par_1_44' title="bbox 978 1188 1768 1224">
     <span class='ocr_line' id='line_1_44' title="bbox 978 1188 1768 1224; baseline 0.001 -10"><span class='ocrx_word' id='word_1_275' title='bbox 978 1188 1226 1224; x_wconf 73' lang='lat' dir='ltr'><strong>perpurgationem,</strong></span> <span class='ocrx_word' id='word_1_276' title='bbox 1252 1189 1367 1216; x_wconf 87' lang='lat' dir='ltr'><strong>naturali</strong></span> <span class='ocrx_word' id='word_1_277' title='bbox 1391 1189 1583 1217; x_wconf 88' lang='lat' dir='ltr'><strong>emundatione</strong></span> <span class='ocrx_word' id='word_1_278' title='bbox 1607 1195 1684 1223; x_wconf 79' lang='lat' dir='ltr'><strong>aqua:</strong></span> <span class='ocrx_word' id='word_1_279' title='bbox 1706 1196 1768 1216; x_wconf 88' lang='lat' dir='ltr'><strong>cor-</strong></span> 
     </span>
    </p>
   </div>
   <div class='ocr_carea' id='block_1_45' title="bbox 978 1234 1336 1269">
    <p class='ocr_par' dir='ltr' id='par_1_45' title="bbox 978 1234 1336 1269">
     <span class='ocr_line' id='line_1_45' title="bbox 978 1234 1336 1269; baseline 0 -7"><span class='ocrx_word' id='word_1_280' title='bbox 978 1234 1099 1269; x_wconf 85' lang='lat' dir='ltr'><strong>p0ralius</strong></span> <span class='ocrx_word' id='word_1_281' title='bbox 1113 1234 1162 1269; x_wconf 88' lang='lat' dir='ltr'><strong>ipsi</strong></span> <span class='ocrx_word' id='word_1_282' title='bbox 1177 1234 1336 1262; x_wconf 83' lang='lat' dir='ltr'><strong>denuntiet?</strong></span> 
     </span>
    </p>
   </div>
   <div class='ocr_carea' id='block_1_46' title="bbox 1015 1278 1768 1316">
    <p class='ocr_par' dir='ltr' id='par_1_46' title="bbox 1015 1278 1768 1316">
     <span class='ocr_line' id='line_1_46' title="bbox 1015 1278 1768 1316; baseline -0.001 -8"><span class='ocrx_word' id='word_1_283' title='bbox 1015 1278 1050 1308; x_wconf 89' lang='lat' dir='ltr'><strong>Ut</strong></span> <span class='ocrx_word' id='word_1_284' title='bbox 1063 1280 1155 1315; x_wconf 83' lang='lat' dir='ltr'><strong>itaque</strong></span> <span class='ocrx_word' id='word_1_285' title='bbox 1162 1280 1311 1316; x_wconf 89' lang='lat' dir='ltr'><strong>symbolica</strong></span> <span class='ocrx_word' id='word_1_286' title='bbox 1326 1280 1508 1308; x_wconf 81' lang='lat' dir='ltr'><strong>iniliationum</strong></span> <span class='ocrx_word' id='word_1_287' title='bbox 1517 1280 1627 1308; x_wconf 82' lang='lat' dir='ltr'><strong>traditio</strong></span> <span class='ocrx_word' id='word_1_288' title='bbox 1637 1279 1705 1307; x_wconf 89' lang='lat' dir='ltr'><strong>nihil</strong></span> <span class='ocrx_word' id='word_1_289' title='bbox 1715 1280 1768 1307; x_wconf 85' lang='lat' dir='ltr'><strong>hoe</strong></span> 
     </span>
    </p>
   </div>
   <div class='ocr_carea' id='block_1_47' title="bbox 979 1326 1769 1362">
    <p class='ocr_par' dir='ltr' id='par_1_47' title="bbox 979 1326 1769 1362">
     <span class='ocr_line' id='line_1_47' title="bbox 979 1326 1769 1362; baseline 0.001 -8"><span class='ocrx_word' id='word_1_290' title='bbox 979 1326 1098 1354; x_wconf 88' lang='lat' dir='ltr'><strong>divinius</strong></span> <span class='ocrx_word' id='word_1_291' title='bbox 1117 1327 1243 1360; x_wconf 81' lang='lat' dir='ltr'><strong>haberet,</strong></span> <span class='ocrx_word' id='word_1_292' title='bbox 1260 1334 1444 1362; x_wconf 83' lang='lat' dir='ltr'><strong>nequaquam,</strong></span> <span class='ocrx_word' id='word_1_293' title='bbox 1458 1332 1487 1354; x_wconf 93' lang='lat' dir='ltr'><strong>ut</strong></span> <span class='ocrx_word' id='word_1_294' title='bbox 1501 1335 1564 1355; x_wconf 88' lang='lat' dir='ltr'><strong>reor</strong></span> <span class='ocrx_word' id='word_1_295' title='bbox 1578 1335 1676 1361; x_wconf 85' lang='lat' dir='ltr'><strong>expers</strong></span> <span class='ocrx_word' id='word_1_296' title='bbox 1695 1332 1769 1355; x_wconf 85' lang='lat' dir='ltr'><strong>esset</strong></span> 
     </span>
    </p>
   </div>
   <div class='ocr_carea' id='block_1_48' title="bbox 977 1372 1769 1407">
    <p class='ocr_par' dir='ltr' id='par_1_48' title="bbox 977 1372 1769 1407">
     <span class='ocr_line' id='line_1_48' title="bbox 977 1372 1769 1407; baseline 0 -7"><span class='ocrx_word' id='word_1_297' title='bbox 977 1372 1141 1406; x_wconf 79' lang='lat' dir='ltr'><strong>sanctitatis,</strong></span> <span class='ocrx_word' id='word_1_298' title='bbox 1154 1379 1215 1400; x_wconf 83' lang='lat' dir='ltr'><strong>cum</strong></span> <span class='ocrx_word' id='word_1_299' title='bbox 1230 1377 1258 1400; x_wconf 89' lang='lat' dir='ltr'><strong>et</strong></span> <span class='ocrx_word' id='word_1_300' title='bbox 1283 1378 1356 1400; x_wconf 90' lang='lat' dir='ltr'><strong>recte</strong></span> <span class='ocrx_word' id='word_1_301' title='bbox 1372 1373 1478 1400; x_wconf 83' lang='lat' dir='ltr'><strong>vivendi</strong></span> <span class='ocrx_word' id='word_1_302' title='bbox 1495 1373 1665 1407; x_wconf 89' lang='lat' dir='ltr'><strong>disciplinam</strong></span> <span class='ocrx_word' id='word_1_303' title='bbox 1683 1373 1769 1400; x_wconf 91' lang='lat' dir='ltr'><strong>intro-</strong></span> 
     </span>
    </p>
   </div>
   <div class='ocr_carea' id='block_1_49' title="bbox 976 1419 1769 1451">
    <p class='ocr_par' dir='ltr' id='par_1_49' title="bbox 976 1419 1769 1451">
     <span class='ocr_line' id='line_1_49' title="bbox 976 1419 1769 1451; baseline -0.001 -5"><span class='ocrx_word' id='word_1_304' title='bbox 976 1420 1070 1451; x_wconf 86' lang='lat' dir='ltr'><strong>dncat,</strong></span> <span class='ocrx_word' id='word_1_305' title='bbox 1081 1423 1109 1446; x_wconf 87' lang='lat' dir='ltr'><strong>et</strong></span> <span class='ocrx_word' id='word_1_306' title='bbox 1119 1419 1303 1447; x_wconf 89' lang='lat' dir='ltr'><strong>omnimodam</strong></span> <span class='ocrx_word' id='word_1_307' title='bbox 1315 1419 1342 1446; x_wconf 94' lang='lat' dir='ltr'><strong>in</strong></span> <span class='ocrx_word' id='word_1_308' title='bbox 1355 1419 1429 1446; x_wconf 90' lang='lat' dir='ltr'><strong>vitiis</strong></span> <span class='ocrx_word' id='word_1_309' title='bbox 1443 1424 1588 1447; x_wconf 67' lang='lat' dir='ltr'><strong>transacta:</strong></span> <span class='ocrx_word' id='word_1_310' title='bbox 1600 1419 1661 1446; x_wconf 70' lang='lat' dir='ltr'><strong>vitae</strong></span> <span class='ocrx_word' id='word_1_311' title='bbox 1672 1426 1769 1446; x_wconf 88' lang='lat' dir='ltr'><strong>cmun-</strong></span> 
     </span>
    </p>
   </div>
   <div class='ocr_carea' id='block_1_50' title="bbox 134 1464 927 1502">
    <p class='ocr_par' dir='ltr' id='par_1_50' title="bbox 134 1464 925 1502">
     <span class='ocr_line' id='line_1_50' title="bbox 134 1464 925 1502; baseline -0.003 -9"><span class='ocrx_word' id='word_1_312' title='bbox 134 1465 277 1501; x_wconf 76' lang='grc' dir='ltr'>κάθαρσιν,</span> <span class='ocrx_word' id='word_1_313' title='bbox 293 1466 391 1498; x_wconf 79' lang='grc' dir='ltr'>ὑλικῶς</span> <span class='ocrx_word' id='word_1_314' title='bbox 410 1466 451 1502; x_wconf 82' lang='grc' dir='ltr'>τῷ</span> <span class='ocrx_word' id='word_1_315' title='bbox 474 1465 580 1502; x_wconf 78' lang='grc' dir='ltr'>σώματι</span> <span class='ocrx_word' id='word_1_316' title='bbox 597 1465 789 1501; x_wconf 77' lang='grc' dir='ltr'>καθαιρομένῳ</span> <span class='ocrx_word' id='word_1_317' title='bbox 802 1464 925 1500; x_wconf 80' lang='grc' dir='ltr'>φυσικῶς</span> 
     </span>
    </p>
   </div>
   <div class='ocr_carea' id='block_1_51' title="bbox 980 1464 1767 1502">
    <p class='ocr_par' dir='ltr' id='par_1_51' title="bbox 980 1465 1767 1502">
     <span class='ocr_line' id='line_1_51' title="bbox 980 1465 1767 1502; baseline 0.001 -10"><span class='ocrx_word' id='word_1_318' title='bbox 980 1465 1122 1498; x_wconf 74' lang='lat' dir='ltr'><strong>lationem,</strong></span> <span class='ocrx_word' id='word_1_319' title='bbox 1141 1469 1199 1493; x_wconf 93' lang='lat' dir='ltr'><strong>toto</strong></span> <span class='ocrx_word' id='word_1_320' title='bbox 1225 1473 1342 1500; x_wconf 88' lang='lat' dir='ltr'><strong>corpore</strong></span> <span class='ocrx_word' id='word_1_321' title='bbox 1358 1473 1429 1502; x_wconf 87' lang='lat' dir='ltr'><strong>aqua</strong></span> <span class='ocrx_word' id='word_1_322' title='bbox 1453 1467 1564 1502; x_wconf 85' lang='lat' dir='ltr'><strong>penitus</strong></span> <span class='ocrx_word' id='word_1_323' title='bbox 1587 1471 1767 1502; x_wconf 77' lang='lat' dir='ltr'><strong>perpurgato,</strong></span> 
     </span>
    </p>
   </div>
   <div class='ocr_carea' id='block_1_52' title="bbox 133 1514 475 1550">
    <p class='ocr_par' dir='ltr' id='par_1_52' title="bbox 133 1514 475 1550">
     <span class='ocr_line' id='line_1_52' title="bbox 133 1514 475 1550; baseline 0 -9"><span class='ocrx_word' id='word_1_324' title='bbox 133 1514 169 1541; x_wconf 78' lang='grc' dir='ltr'><strong>δι’</strong></span> <span class='ocrx_word' id='word_1_325' title='bbox 180 1514 277 1547; x_wconf 77' lang='grc' dir='ltr'>ὕδατος</span> <span class='ocrx_word' id='word_1_326' title='bbox 289 1515 475 1550; x_wconf 81' lang='grc' dir='ltr'>αἰνισσομένη.</span> 
     </span>
    </p>
   </div>
   <div class='ocr_carea' id='block_1_53' title="bbox 973 1510 1280 1539">
    <p class='ocr_par' dir='ltr' id='par_1_53' title="bbox 973 1510 1280 1539">
     <span class='ocr_line' id='line_1_53' title="bbox 973 1510 1280 1539; baseline 0.003 -1"><span class='ocrx_word' id='word_1_327' title='bbox 973 1511 1136 1538; x_wconf 81' lang='lat' dir='ltr'><strong>naturaliter</strong></span> <span class='ocrx_word' id='word_1_328' title='bbox 1147 1510 1280 1539; x_wconf 86' lang='lat' dir='ltr'><strong>insinuet.</strong></span> 
     </span>
    </p>
   </div>
   <div class='ocr_carea' id='block_1_54' title="bbox 925 1590 995 1629">
    <p class='ocr_par' dir='ltr' id='par_1_54' title="bbox 925 1590 995 1629">
     <span class='ocr_line' id='line_1_54' title="bbox 925 1590 995 1629; baseline 0.029 -9"><span class='ocrx_word' id='word_1_329' title='bbox 925 1591 939 1629; x_wconf 82' lang='lat'>§</span> <span class='ocrx_word' id='word_1_330' title='bbox 955 1590 995 1622; x_wconf 82' lang='grc' dir='ltr'><strong>ιι.</strong></span> 
     </span>
    </p>
   </div>
   <div class='ocr_carea' id='block_1_55' title="bbox 176 1684 927 1722">
    <p class='ocr_par' dir='ltr' id='par_1_55' title="bbox 176 1684 927 1722">
     <span class='ocr_line' id='line_1_55' title="bbox 176 1684 927 1722; baseline -0.001 -10"><span class='ocrx_word' id='word_1_331' title='bbox 176 1685 246 1712; x_wconf 77' lang='grc' dir='ltr'><strong>Ἀλλ’</strong></span> <span class='ocrx_word' id='word_1_332' title='bbox 259 1685 329 1713; x_wconf 71' lang='grc' dir='ltr'>ἔστω</span> <span class='ocrx_word' id='word_1_333' title='bbox 339 1685 389 1721; x_wconf 86' lang='grc' dir='ltr'><strong>μὲν</strong></span> <span class='ocrx_word' id='word_1_334' title='bbox 405 1686 474 1722; x_wconf 79' lang='grc' dir='ltr'>αὕτη</span> <span class='ocrx_word' id='word_1_335' title='bbox 492 1686 548 1718; x_wconf 87' lang='grc' dir='ltr'>τοῖς</span> <span class='ocrx_word' id='word_1_336' title='bbox 558 1685 683 1713; x_wconf 75' lang='grc' dir='ltr'>ἀτελέσιν</span> <span class='ocrx_word' id='word_1_337' title='bbox 695 1684 863 1720; x_wconf 85' lang='grc' dir='ltr'>εἰσαγωγικὴ</span> <span class='ocrx_word' id='word_1_338' title='bbox 875 1685 927 1720; x_wconf 79' lang='grc' dir='ltr'><strong>ψυ-</strong></span> 
     </span>
    </p>
   </div>
   <div class='ocr_carea' id='block_1_56' title="bbox 980 1684 1768 1722">
    <p class='ocr_par' dir='ltr' id='par_1_56' title="bbox 1017 1684 1768 1722">
     <span class='ocr_line' id='line_1_56' title="bbox 1017 1684 1768 1722; baseline 0.004 -10"><span class='ocrx_word' id='word_1_339' title='bbox 1017 1684 1118 1712; x_wconf 88' lang='lat' dir='ltr'><strong>Vcrum</strong></span> <span class='ocrx_word' id='word_1_340' title='bbox 1130 1685 1230 1720; x_wconf 64' lang='lat' dir='ltr'><strong>sitjhmc</strong></span> <span class='ocrx_word' id='word_1_341' title='bbox 1245 1685 1354 1720; x_wconf 84' lang='lat' dir='ltr'><strong>quidem</strong></span> <span class='ocrx_word' id='word_1_342' title='bbox 1370 1685 1524 1715; x_wconf 85' lang='lat' dir='ltr'><strong>rndioribits</strong></span> <span class='ocrx_word' id='word_1_343' title='bbox 1536 1686 1701 1714; x_wconf 89' lang='lat' dir='ltr'><strong>introductio</strong></span> <span class='ocrx_word' id='word_1_344' title='bbox 1713 1687 1768 1722; x_wconf 87' lang='lat' dir='ltr'><strong>spi-</strong></span> 
     </span>
    </p>
   </div>
   <div class='ocr_carea' id='block_1_57' title="bbox 133 1731 927 1768">
    <p class='ocr_par' dir='ltr' id='par_1_57' title="bbox 133 1731 927 1768">
     <span class='ocr_line' id='line_1_57' title="bbox 133 1731 927 1768; baseline -0.001 -10"><span class='ocrx_word' id='word_1_345' title='bbox 133 1732 269 1766; x_wconf 79' lang='grc' dir='ltr'>χαγωγια,</span> <span class='ocrx_word' id='word_1_346' title='bbox 282 1732 317 1759; x_wconf 83' lang='grc' dir='ltr'>τά</span> <span class='ocrx_word' id='word_1_347' title='bbox 334 1740 364 1758; x_wconf 88' lang='grc' dir='ltr'><strong>τε</strong></span> <span class='ocrx_word' id='word_1_348' title='bbox 383 1731 528 1768; x_wconf 83' lang='grc' dir='ltr'>ίεραρχικὰ</span> <span class='ocrx_word' id='word_1_349' title='bbox 539 1732 586 1759; x_wconf 76' lang='grc' dir='ltr'>καὶ</span> <span class='ocrx_word' id='word_1_350' title='bbox 606 1731 710 1767; x_wconf 80' lang='grc' dir='ltr'>ένοειδῆ</span> <span class='ocrx_word' id='word_1_351' title='bbox 729 1731 778 1767; x_wconf 87' lang='grc' dir='ltr'>τῆς</span> <span class='ocrx_word' id='word_1_352' title='bbox 797 1731 927 1767; x_wconf 80' lang='grc' dir='ltr'>πληθύος,</span> 
     </span>
    </p>
   </div>
   <div class='ocr_carea' id='block_1_58' title="bbox 134 1777 926 1814">
    <p class='ocr_par' dir='ltr' id='par_1_58' title="bbox 134 1777 926 1814">
     <span class='ocr_line' id='line_1_58' title="bbox 134 1777 926 1814; baseline -0.001 -9"><span class='ocrx_word' id='word_1_353' title='bbox 134 1777 173 1809; x_wconf 78' lang='grc' dir='ltr'><strong>ὡς</strong></span> <span class='ocrx_word' id='word_1_354' title='bbox 190 1777 279 1813; x_wconf 74' lang='grc' dir='ltr'>θέμις,</span> <span class='ocrx_word' id='word_1_355' title='bbox 296 1778 550 1811; x_wconf 81' lang='grc' dir='ltr'>ἀποδιαστέλλουσα,</span> <span class='ocrx_word' id='word_1_356' title='bbox 574 1779 622 1805; x_wconf 70' lang='grc' dir='ltr'>καὶ</span> <span class='ocrx_word' id='word_1_357' title='bbox 646 1778 840 1814; x_wconf 83' lang='grc' dir='ltr'>συμμετροῦσοι</span> <span class='ocrx_word' id='word_1_358' title='bbox 865 1778 926 1809; x_wconf 85' lang='grc' dir='ltr'>ταῖς</span> 
     </span>
    </p>
   </div>
   <div class='ocr_carea' id='block_1_59' title="bbox 134 1824 926 1861">
    <p class='ocr_par' dir='ltr' id='par_1_59' title="bbox 134 1824 926 1861">
     <span class='ocr_line' id='line_1_59' title="bbox 134 1824 926 1861; baseline -0.001 -10"><span class='ocrx_word' id='word_1_359' title='bbox 134 1824 206 1851; x_wconf 79' lang='grc' dir='ltr'>κατὰ</span> <span class='ocrx_word' id='word_1_360' title='bbox 230 1825 312 1860; x_wconf 81' lang='grc' dir='ltr'>μέρος</span> <span class='ocrx_word' id='word_1_361' title='bbox 336 1824 444 1858; x_wconf 82' lang='grc' dir='ltr'>τάξεσιν</span> <span class='ocrx_word' id='word_1_362' title='bbox 467 1826 517 1861; x_wconf 81' lang='grc' dir='ltr'>τὴν</span> <span class='ocrx_word' id='word_1_363' title='bbox 541 1825 700 1861; x_wconf 78' lang='grc' dir='ltr'>ἐναρμόνιον</span> <span class='ocrx_word' id='word_1_364' title='bbox 725 1825 869 1860; x_wconf 82' lang='grc' dir='ltr'>ἀναγωγήν</span> <span class='ocrx_word' id='word_1_365' title='bbox 882 1825 926 1840; x_wconf 80' lang='lat'><strong>“-</strong></span> 
     </span>
    </p>
   </div>
   <div class='ocr_carea' id='block_1_60' title="bbox 135 1869 927 1906">
    <p class='ocr_par' dir='ltr' id='par_1_60' title="bbox 135 1869 927 1906">
     <span class='ocr_line' id='line_1_60' title="bbox 135 1869 927 1906; baseline -0.001 -9"><span class='ocrx_word' id='word_1_366' title='bbox 135 1870 217 1906; x_wconf 73' lang='grc' dir='ltr'>ἡμεῖς</span> <span class='ocrx_word' id='word_1_367' title='bbox 230 1870 269 1902; x_wconf 77' lang='grc' dir='ltr'><strong>δὲ,</strong></span> <span class='ocrx_word' id='word_1_368' title='bbox 288 1870 451 1897; x_wconf 77' lang='grc' dir='ltr'>ἀναϐάσεσιν</span> <span class='ocrx_word' id='word_1_369' title='bbox 469 1871 553 1906; x_wconf 89' lang='grc' dir='ltr'>ἱεραῖς</span> <span class='ocrx_word' id='word_1_370' title='bbox 567 1871 614 1897; x_wconf 76' lang='grc' dir='ltr'><strong>ἐπὶ</strong></span> <span class='ocrx_word' id='word_1_371' title='bbox 625 1869 675 1902; x_wconf 82' lang='grc' dir='ltr'><strong>τὰς</strong></span> <span class='ocrx_word' id='word_1_372' title='bbox 691 1870 746 1897; x_wconf 84' lang='grc' dir='ltr'><strong>τῶν</strong></span> <span class='ocrx_word' id='word_1_373' title='bbox 757 1869 927 1905; x_wconf 82' lang='grc' dir='ltr'>τελουμένων</span> 
     </span>
    </p>
   </div>
   <div class='ocr_carea' id='block_1_61' title="bbox 136 1915 926 1952">
    <p class='ocr_par' dir='ltr' id='par_1_61' title="bbox 136 1915 926 1952">
     <span class='ocr_line' id='line_1_61' title="bbox 136 1915 926 1952; baseline -0.004 -8"><span class='ocrx_word' id='word_1_374' title='bbox 136 1916 222 1952; x_wconf 70' lang='grc' dir='ltr'>ἀρχὰς</span> <span class='ocrx_word' id='word_1_375' title='bbox 242 1916 453 1952; x_wconf 76' lang='grc' dir='ltr'>ἀναϐλέψαντες,</span> <span class='ocrx_word' id='word_1_376' title='bbox 473 1917 521 1944; x_wconf 83' lang='grc' dir='ltr'>καὶ</span> <span class='ocrx_word' id='word_1_377' title='bbox 544 1916 646 1948; x_wconf 84' lang='grc' dir='ltr'>ταύτας</span> <span class='ocrx_word' id='word_1_378' title='bbox 665 1916 746 1952; x_wconf 81' lang='grc' dir='ltr'>ὶερῶς</span> <span class='ocrx_word' id='word_1_379' title='bbox 768 1915 926 1951; x_wconf 86' lang='grc' dir='ltr'>μυηθέντες,</span> 
     </span>
    </p>
   </div>
   <div class='ocr_carea' id='block_1_62' title="bbox 136 1961 927 1999">
    <p class='ocr_par' dir='ltr' id='par_1_62' title="bbox 136 1961 927 1999">
     <span class='ocr_line' id='line_1_62' title="bbox 136 1961 927 1999; baseline 0 -11"><span class='ocrx_word' id='word_1_380' title='bbox 136 1962 343 1998; x_wconf 82' lang='grc' dir='ltr'>ὲπιγνωσόμεθα</span> <span class='ocrx_word' id='word_1_381' title='bbox 356 1963 438 1990; x_wconf 88' lang='grc' dir='ltr'>τίνων</span> <span class='ocrx_word' id='word_1_382' title='bbox 451 1963 504 1989; x_wconf 77' lang='grc' dir='ltr'>εἰσὶ</span> <span class='ocrx_word' id='word_1_383' title='bbox 515 1965 695 1999; x_wconf 73' lang='grc' dir='ltr'>χαρακτῆρσιν</span> <span class='ocrx_word' id='word_1_384' title='bbox 709 1962 744 1989; x_wconf 83' lang='grc' dir='ltr'>τὰ</span> <span class='ocrx_word' id='word_1_385' title='bbox 763 1961 927 1998; x_wconf 78' lang='grc' dir='ltr'>ὲκτυπώμα-</span> 
     </span>
    </p>
   </div>
   <div class='ocr_carea' id='block_1_63' title="bbox 135 2008 927 2046">
    <p class='ocr_par' dir='ltr' id='par_1_63' title="bbox 135 2008 927 2046">
     <span class='ocr_line' id='line_1_63' title="bbox 135 2008 927 2046; baseline 0 -11"><span class='ocrx_word' id='word_1_386' title='bbox 135 2017 182 2041; x_wconf 88' lang='grc' dir='ltr'><strong>τα,</strong></span> <span class='ocrx_word' id='word_1_387' title='bbox 204 2009 252 2035; x_wconf 75' lang='grc' dir='ltr'><strong>καὶ</strong></span> <span class='ocrx_word' id='word_1_388' title='bbox 267 2009 348 2036; x_wconf 86' lang='grc' dir='ltr'>τίνων</span> <span class='ocrx_word' id='word_1_389' title='bbox 369 2008 481 2044; x_wconf 81' lang='grc' dir='ltr'>ἀφανῶν</span> <span class='ocrx_word' id='word_1_390' title='bbox 500 2010 528 2036; x_wconf 88' lang='grc' dir='ltr'><strong>αἰ</strong></span> <span class='ocrx_word' id='word_1_391' title='bbox 543 2010 655 2042; x_wconf 82' lang='grc' dir='ltr'>εἰκόνες.</span> <span class='ocrx_word' id='word_1_392' title='bbox 672 2010 751 2036; x_wconf 84' lang='grc' dir='ltr'>Ἐστι</span> <span class='ocrx_word' id='word_1_393' title='bbox 772 2009 836 2046; x_wconf 85' lang='grc' dir='ltr'>γὰρ,</span> <span class='ocrx_word' id='word_1_394' title='bbox 849 2008 887 2041; x_wconf 82' lang='grc' dir='ltr'><strong>ὡς</strong></span> <span class='ocrx_word' id='word_1_395' title='bbox 898 2009 927 2036; x_wconf 83' lang='grc' dir='ltr'>ὲν</span> 
     </span>
    </p>
   </div>
   <div class='ocr_carea' id='block_1_64' title="bbox 135 2055 928 2092">
    <p class='ocr_par' dir='ltr' id='par_1_64' title="bbox 135 2055 928 2092">
     <span class='ocr_line' id='line_1_64' title="bbox 135 2055 928 2092; baseline -0.001 -10"><span class='ocrx_word' id='word_1_396' title='bbox 135 2057 169 2091; x_wconf 84' lang='grc' dir='ltr'>τῇ</span> <span class='ocrx_word' id='word_1_397' title='bbox 179 2056 252 2090; x_wconf 75' lang='grc' dir='ltr'>’Περὶ</span> <span class='ocrx_word' id='word_1_398' title='bbox 268 2055 384 2090; x_wconf 81' lang='grc' dir='ltr'>νοητῶν</span> <span class='ocrx_word' id='word_1_399' title='bbox 405 2064 438 2083; x_wconf 86' lang='grc' dir='ltr'><strong>τε</strong></span> <span class='ocrx_word' id='word_1_400' title='bbox 454 2057 503 2084; x_wconf 82' lang='grc' dir='ltr'><strong>καί</strong></span> <span class='ocrx_word' id='word_1_401' title='bbox 519 2055 669 2090; x_wconf 78' lang='grc' dir='ltr'>αἰσθητῶν</span> <span class='ocrx_word' id='word_1_402' title='bbox 688 2055 863 2092; x_wconf 81' lang='grc' dir='ltr'>πραγματείᾳ</span> <span class='ocrx_word' id='word_1_403' title='bbox 881 2063 928 2081; x_wconf 91' lang='grc' dir='ltr'>σα-</span> 
     </span>
    </p>
   </div>
   <div class='ocr_carea' id='block_1_65' title="bbox 136 2101 928 2139">
    <p class='ocr_par' dir='ltr' id='par_1_65' title="bbox 136 2101 928 2139">
     <span class='ocr_line' id='line_1_65' title="bbox 136 2101 928 2139; baseline 0.001 -11"><span class='ocrx_word' id='word_1_404' title='bbox 136 2102 195 2137; x_wconf 73' lang='grc' dir='ltr'>φῶς</span> <span class='ocrx_word' id='word_1_405' title='bbox 207 2102 389 2138; x_wconf 83' lang='grc' dir='ltr'>διηγόρευται,</span> <span class='ocrx_word' id='word_1_406' title='bbox 402 2102 438 2129; x_wconf 85' lang='grc' dir='ltr'>τὰ</span> <span class='ocrx_word' id='word_1_407' title='bbox 454 2103 504 2138; x_wconf 84' lang='grc' dir='ltr'><strong>μὲν</strong></span> <span class='ocrx_word' id='word_1_408' title='bbox 525 2102 661 2137; x_wconf 79' lang='grc' dir='ltr'>αἰσθητῶς</span> <span class='ocrx_word' id='word_1_409' title='bbox 673 2102 734 2139; x_wconf 84' lang='grc' dir='ltr'>ἱερὰ</span> <span class='ocrx_word' id='word_1_410' title='bbox 751 2102 805 2129; x_wconf 84' lang='grc' dir='ltr'><strong>τῶν</strong></span> <span class='ocrx_word' id='word_1_411' title='bbox 823 2101 928 2138; x_wconf 84' lang='grc' dir='ltr'>νοητῶν</span> 
     </span>
    </p>
   </div>
   <div class='ocr_carea' id='block_1_66' title="bbox 136 2149 926 2186">
    <p class='ocr_par' dir='ltr' id='par_1_66' title="bbox 136 2149 926 2186">
     <span class='ocr_line' id='line_1_66' title="bbox 136 2149 926 2186; baseline -0.003 -9"><span class='ocrx_word' id='word_1_412' title='bbox 136 2149 363 2185; x_wconf 83' lang='grc' dir='ltr'>ἀπεικονίσματα,</span> <span class='ocrx_word' id='word_1_413' title='bbox 381 2150 429 2177; x_wconf 76' lang='grc' dir='ltr'><strong>καὶ</strong></span> <span class='ocrx_word' id='word_1_414' title='bbox 445 2149 488 2176; x_wconf 75' lang='grc' dir='ltr'><strong>ἐπ’</strong></span> <span class='ocrx_word' id='word_1_415' title='bbox 510 2149 580 2176; x_wconf 79' lang='grc' dir='ltr'>αὐτὰ</span> <span class='ocrx_word' id='word_1_416' title='bbox 601 2149 769 2186; x_wconf 87' lang='grc' dir='ltr'>χειραγωγία</span> <span class='ocrx_word' id='word_1_417' title='bbox 790 2149 838 2176; x_wconf 77' lang='grc' dir='ltr'><strong>καὶ</strong></span> <span class='ocrx_word' id='word_1_418' title='bbox 850 2149 926 2181; x_wconf 79' lang='grc' dir='ltr'>ὁδός·</span> 
     </span>
    </p>
   </div>
   <div class='ocr_carea' id='block_1_67' title="bbox 135 2194 931 2232">
    <p class='ocr_par' dir='ltr' id='par_1_67' title="bbox 135 2194 931 2232">
     <span class='ocr_line' id='line_1_67' title="bbox 135 2194 931 2232; baseline 0.001 -10"><span class='ocrx_word' id='word_1_419' title='bbox 135 2196 172 2223; x_wconf 81' lang='grc' dir='ltr'>τὰ</span> <span class='ocrx_word' id='word_1_420' title='bbox 186 2196 215 2222; x_wconf 77' lang='grc' dir='ltr'><strong>δὲ</strong></span> <span class='ocrx_word' id='word_1_421' title='bbox 231 2194 324 2231; x_wconf 84' lang='grc' dir='ltr'>νοητὰ,</span> <span class='ocrx_word' id='word_1_422' title='bbox 341 2195 396 2222; x_wconf 84' lang='grc' dir='ltr'><strong>τῶν</strong></span> <span class='ocrx_word' id='word_1_423' title='bbox 412 2196 473 2222; x_wconf 77' lang='grc' dir='ltr'>κατ’</span> <span class='ocrx_word' id='word_1_424' title='bbox 486 2195 611 2231; x_wconf 72' lang='grc' dir='ltr'>αἴσθησιν</span> <span class='ocrx_word' id='word_1_425' title='bbox 624 2195 788 2231; x_wconf 83' lang='grc' dir='ltr'>ίεραρχικῶν</span> <span class='ocrx_word' id='word_1_426' title='bbox 800 2195 870 2231; x_wconf 82' lang='grc' dir='ltr'>ἁρχὴ</span> <span class='ocrx_word' id='word_1_427' title='bbox 882 2196 931 2232; x_wconf 69' lang='grc' dir='ltr'>καὶ</span> 
     </span>
    </p>
   </div>
   <div class='ocr_carea' id='block_1_68' title="bbox 137 2243 288 2278">
    <p class='ocr_par' dir='ltr' id='par_1_68' title="bbox 137 2243 288 2278">
     <span class='ocr_line' id='line_1_68' title="bbox 137 2243 288 2278; baseline -0.007 -9"><span class='ocrx_word' id='word_1_428' title='bbox 137 2243 234 2274; x_wconf 82' lang='grc' dir='ltr'>ἑπιστή</span> <span class='ocrx_word' id='word_1_429' title='bbox 239 2250 288 2278; x_wconf 87' lang='grc' dir='ltr'><strong>μη.</strong></span> 
     </span>
    </p>
   </div>
   <div class='ocr_carea' id='block_1_69' title="bbox 977 1732 1766 1768">
    <p class='ocr_par' dir='ltr' id='par_1_69' title="bbox 977 1732 1766 1768">
     <span class='ocr_line' id='line_1_69' title="bbox 977 1732 1766 1768; baseline 0.003 -9"><span class='ocrx_word' id='word_1_430' title='bbox 977 1732 1074 1763; x_wconf 82' lang='lat' dir='ltr'><strong>ritalis,</strong></span> <span class='ocrx_word' id='word_1_431' title='bbox 1091 1739 1151 1766; x_wconf 73' lang='lat' dir='ltr'><strong>qua:</strong></span> <span class='ocrx_word' id='word_1_432' title='bbox 1163 1737 1191 1759; x_wconf 92' lang='lat' dir='ltr'><strong>et</strong></span> <span class='ocrx_word' id='word_1_433' title='bbox 1213 1737 1383 1759; x_wconf 77' lang='lat' dir='ltr'><strong>sacramenta</strong></span> <span class='ocrx_word' id='word_1_434' title='bbox 1410 1738 1506 1761; x_wconf 81' lang='lat' dir='ltr'><strong>sancta</strong></span> <span class='ocrx_word' id='word_1_435' title='bbox 1539 1737 1622 1767; x_wconf 84' lang='lat' dir='ltr'><strong>atque</strong></span> <span class='ocrx_word' id='word_1_436' title='bbox 1642 1733 1766 1768; x_wconf 90' lang='lat' dir='ltr'><strong>unitiva,</strong></span> 
     </span>
    </p>
   </div>
   <div class='ocr_carea' id='block_1_70' title="bbox 979 1778 1769 1815">
    <p class='ocr_par' dir='ltr' id='par_1_70' title="bbox 979 1778 1769 1815">
     <span class='ocr_line' id='line_1_70' title="bbox 979 1778 1769 1815; baseline 0.003 -10"><span class='ocrx_word' id='word_1_437' title='bbox 979 1778 1017 1805; x_wconf 93' lang='lat' dir='ltr'><strong>uti</strong></span> <span class='ocrx_word' id='word_1_438' title='bbox 1031 1778 1072 1806; x_wconf 83' lang='lat' dir='ltr'><strong>fas</strong></span> <span class='ocrx_word' id='word_1_439' title='bbox 1083 1784 1134 1811; x_wconf 84' lang='lat' dir='ltr'><strong>est.</strong></span> <span class='ocrx_word' id='word_1_440' title='bbox 1148 1786 1163 1806; x_wconf 87' lang='lat' dir='ltr'><strong>a</strong></span> <span class='ocrx_word' id='word_1_441' title='bbox 1177 1779 1338 1813; x_wconf 86' lang='lat' dir='ltr'><strong>promiscuis</strong></span> <span class='ocrx_word' id='word_1_442' title='bbox 1351 1779 1508 1814; x_wconf 83' lang='lat' dir='ltr'><strong>distinguat,</strong></span> <span class='ocrx_word' id='word_1_443' title='bbox 1522 1784 1549 1807; x_wconf 88' lang='lat' dir='ltr'><strong>et</strong></span> <span class='ocrx_word' id='word_1_444' title='bbox 1568 1779 1681 1815; x_wconf 73' lang='lat' dir='ltr'><strong>singulis</strong></span> <span class='ocrx_word' id='word_1_445' title='bbox 1694 1780 1769 1808; x_wconf 89' lang='lat' dir='ltr'><strong>ordi-</strong></span> 
     </span>
    </p>
   </div>
   <div class='ocr_carea' id='block_1_71' title="bbox 979 1825 1768 1855">
    <p class='ocr_par' dir='ltr' id='par_1_71' title="bbox 979 1825 1768 1855">
     <span class='ocr_line' id='line_1_71' title="bbox 979 1825 1768 1855; baseline 0.001 -2"><span class='ocrx_word' id='word_1_446' title='bbox 979 1825 1058 1853; x_wconf 87' lang='lat' dir='ltr'><strong>nihns</strong></span> <span class='ocrx_word' id='word_1_447' title='bbox 1072 1825 1304 1853; x_wconf 84' lang='lat' dir='ltr'><strong>accommodatam</strong></span> <span class='ocrx_word' id='word_1_448' title='bbox 1315 1825 1458 1852; x_wconf 81' lang='lat' dir='ltr'><strong>concinnet</strong></span> <span class='ocrx_word' id='word_1_449' title='bbox 1471 1825 1705 1855; x_wconf 86' lang='lat' dir='ltr'><strong>sublimationcm;</strong></span> <span class='ocrx_word' id='word_1_450' title='bbox 1719 1834 1768 1854; x_wconf 89' lang='lat' dir='ltr'><strong>nos</strong></span> 
     </span>
    </p>
   </div>
   <div class='ocr_carea' id='block_1_72' title="bbox 979 1871 1768 1903">
    <p class='ocr_par' dir='ltr' id='par_1_72' title="bbox 979 1871 1768 1903">
     <span class='ocr_line' id='line_1_72' title="bbox 979 1871 1768 1903; baseline 0.003 -5"><span class='ocrx_word' id='word_1_451' title='bbox 979 1877 1088 1903; x_wconf 87' lang='lat' dir='ltr'><strong>autem,</strong></span> <span class='ocrx_word' id='word_1_452' title='bbox 1111 1879 1172 1898; x_wconf 88' lang='lat' dir='ltr'><strong>cum</strong></span> <span class='ocrx_word' id='word_1_453' title='bbox 1195 1871 1281 1898; x_wconf 89' lang='lat' dir='ltr'><strong>sacris</strong></span> <span class='ocrx_word' id='word_1_454' title='bbox 1304 1871 1509 1899; x_wconf 85' lang='lat' dir='ltr'><strong>ascensionibus</strong></span> <span class='ocrx_word' id='word_1_455' title='bbox 1534 1877 1768 1900; x_wconf 83' lang='lat' dir='ltr'><strong>sacramentorum</strong></span> 
     </span>
    </p>
   </div>
   <div class='ocr_carea' id='block_1_73' title="bbox 979 1915 1768 1952">
    <p class='ocr_par' dir='ltr' id='par_1_73' title="bbox 979 1915 1768 1952">
     <span class='ocr_line' id='line_1_73' title="bbox 979 1915 1768 1952; baseline 0.003 -8"><span class='ocrx_word' id='word_1_456' title='bbox 979 1917 1110 1952; x_wconf 84' lang='lat' dir='ltr'><strong>principia</strong></span> <span class='ocrx_word' id='word_1_457' title='bbox 1133 1915 1361 1951; x_wconf 82' lang='lat' dir='ltr'><strong>contemplantes,</strong></span> <span class='ocrx_word' id='word_1_458' title='bbox 1375 1923 1452 1944; x_wconf 87' lang='lat' dir='ltr'><strong>sacro</strong></span> <span class='ocrx_word' id='word_1_459' title='bbox 1464 1916 1557 1944; x_wconf 85' lang='lat' dir='ltr'><strong>eadem</strong></span> <span class='ocrx_word' id='word_1_460' title='bbox 1570 1917 1660 1945; x_wconf 78' lang='lat' dir='ltr'><strong>aillatu</strong></span> <span class='ocrx_word' id='word_1_461' title='bbox 1673 1925 1768 1951; x_wconf 87' lang='lat' dir='ltr'><strong>perce-</strong></span> 
     </span>
    </p>
   </div>
   <div class='ocr_carea' id='block_1_74' title="bbox 978 1962 1769 1999">
    <p class='ocr_par' dir='ltr' id='par_1_74' title="bbox 978 1962 1769 1999">
     <span class='ocr_line' id='line_1_74' title="bbox 978 1962 1769 1999; baseline 0.001 -9"><span class='ocrx_word' id='word_1_462' title='bbox 978 1963 1115 1999; x_wconf 86' lang='lat' dir='ltr'><strong>perimus,</strong></span> <span class='ocrx_word' id='word_1_463' title='bbox 1140 1969 1335 1998; x_wconf 77' lang='lat' dir='ltr'><strong>cognoscemus</strong></span> <span class='ocrx_word' id='word_1_464' title='bbox 1357 1969 1471 1996; x_wconf 90' lang='lat' dir='ltr'><strong>quorum</strong></span> <span class='ocrx_word' id='word_1_465' title='bbox 1498 1962 1688 1991; x_wconf 86' lang='lat' dir='ltr'><strong>characterum</strong></span> <span class='ocrx_word' id='word_1_466' title='bbox 1712 1964 1769 1992; x_wconf 91' lang='lat' dir='ltr'><strong>sint</strong></span> 
     </span>
    </p>
   </div>
   <div class='ocr_carea' id='block_1_75' title="bbox 978 2009 1768 2046">
    <p class='ocr_par' dir='ltr' id='par_1_75' title="bbox 978 2009 1768 2046">
     <span class='ocr_line' id='line_1_75' title="bbox 978 2009 1768 2046; baseline -0.001 -8"><span class='ocrx_word' id='word_1_467' title='bbox 978 2009 1099 2045; x_wconf 74' lang='lat' dir='ltr'><strong>eﬂigies,</strong></span> <span class='ocrx_word' id='word_1_468' title='bbox 1123 2014 1151 2037; x_wconf 91' lang='lat' dir='ltr'><strong>et</strong></span> <span class='ocrx_word' id='word_1_469' title='bbox 1175 2016 1291 2044; x_wconf 88' lang='lat' dir='ltr'><strong>quarum</strong></span> <span class='ocrx_word' id='word_1_470' title='bbox 1316 2017 1407 2036; x_wconf 89' lang='lat' dir='ltr'><strong>rerum</strong></span> <span class='ocrx_word' id='word_1_471' title='bbox 1437 2009 1604 2037; x_wconf 88' lang='lat' dir='ltr'><strong>occultarum</strong></span> <span class='ocrx_word' id='word_1_472' title='bbox 1634 2010 1768 2046; x_wconf 73' lang='lat' dir='ltr'><strong>imagines</strong></span> 
     </span>
    </p>
   </div>
   <div class='ocr_carea' id='block_1_76' title="bbox 977 2054 1767 2091">
    <p class='ocr_par' dir='ltr' id='par_1_76' title="bbox 977 2054 1767 2091">
     <span class='ocr_line' id='line_1_76' title="bbox 977 2054 1767 2091; baseline 0.003 -9"><span class='ocrx_word' id='word_1_473' title='bbox 977 2055 1108 2083; x_wconf 81' lang='lat' dir='ltr'><strong>existant.</strong></span> <span class='ocrx_word' id='word_1_474' title='bbox 1124 2054 1158 2083; x_wconf 89' lang='lat' dir='ltr'><strong>Ut</strong></span> <span class='ocrx_word' id='word_1_475' title='bbox 1170 2055 1242 2082; x_wconf 86' lang='lat' dir='ltr'><strong>enim</strong></span> <span class='ocrx_word' id='word_1_476' title='bbox 1258 2054 1284 2082; x_wconf 95' lang='lat' dir='ltr'><strong>in</strong></span> <span class='ocrx_word' id='word_1_477' title='bbox 1299 2054 1388 2089; x_wconf 88' lang='lat' dir='ltr'><strong>Opere</strong></span> <span class='ocrx_word' id='word_1_478' title='bbox 1400 2054 1439 2082; x_wconf 81' lang='lat' dir='ltr'><strong>De</strong></span> <span class='ocrx_word' id='word_1_479' title='bbox 1449 2055 1659 2091; x_wconf 79' lang='lat' dir='ltr'><strong>intelligibih’bus</strong></span> <span class='ocrx_word' id='word_1_480' title='bbox 1669 2065 1700 2084; x_wconf 85' lang='lat' dir='ltr'><strong>ac</strong></span> <span class='ocrx_word' id='word_1_481' title='bbox 1711 2065 1767 2084; x_wconf 71' lang='lat' dir='ltr'><strong>scn-</strong></span> 
     </span>
    </p>
   </div>
   <div class='ocr_carea' id='block_1_77' title="bbox 978 2101 1766 2136">
    <p class='ocr_par' dir='ltr' id='par_1_77' title="bbox 978 2101 1766 2136">
     <span class='ocr_line' id='line_1_77' title="bbox 978 2101 1766 2136; baseline 0.001 -6"><span class='ocrx_word' id='word_1_482' title='bbox 978 2102 1072 2130; x_wconf 75' lang='lat' dir='ltr'><strong>silt&#39;bus</strong></span> <span class='ocrx_word' id='word_1_483' title='bbox 1084 2101 1226 2136; x_wconf 88' lang='lat' dir='ltr'><strong>perspicue</strong></span> <span class='ocrx_word' id='word_1_484' title='bbox 1243 2101 1408 2129; x_wconf 88' lang='lat' dir='ltr'><strong>declaratum</strong></span> <span class='ocrx_word' id='word_1_485' title='bbox 1431 2106 1490 2135; x_wconf 86' lang='lat' dir='ltr'><strong>est,</strong></span> <span class='ocrx_word' id='word_1_486' title='bbox 1513 2102 1650 2130; x_wconf 87' lang='lat' dir='ltr'><strong>sensibilia</strong></span> <span class='ocrx_word' id='word_1_487' title='bbox 1672 2111 1766 2131; x_wconf 83' lang='lat' dir='ltr'><strong>sacra-</strong></span> 
     </span>
    </p>
   </div>
   <div class='ocr_carea' id='block_1_78' title="bbox 979 2148 1766 2184">
    <p class='ocr_par' dir='ltr' id='par_1_78' title="bbox 979 2148 1766 2184">
     <span class='ocr_line' id='line_1_78' title="bbox 979 2148 1766 2184; baseline 0 -7"><span class='ocrx_word' id='word_1_488' title='bbox 979 2153 1083 2181; x_wconf 87' lang='lat' dir='ltr'><strong>menta,</strong></span> <span class='ocrx_word' id='word_1_489' title='bbox 1098 2148 1240 2176; x_wconf 86' lang='lat' dir='ltr'><strong>simulacra</strong></span> <span class='ocrx_word' id='word_1_490' title='bbox 1253 2152 1316 2175; x_wconf 91' lang='lat' dir='ltr'><strong>sunt</strong></span> <span class='ocrx_word' id='word_1_491' title='bbox 1336 2148 1557 2183; x_wconf 81' lang='lat' dir='ltr'><strong>intelligibilium,</strong></span> <span class='ocrx_word' id='word_1_492' title='bbox 1579 2150 1613 2177; x_wconf 90' lang='lat' dir='ltr'><strong>ad</strong></span> <span class='ocrx_word' id='word_1_493' title='bbox 1634 2157 1694 2184; x_wconf 73' lang='lat' dir='ltr'><strong>quae</strong></span> <span class='ocrx_word' id='word_1_494' title='bbox 1707 2157 1766 2177; x_wconf 85' lang='lat' dir='ltr'><strong>ma-</strong></span> 
     </span>
    </p>
   </div>
   <div class='ocr_carea' id='block_1_79' title="bbox 978 2194 1767 2235">
    <p class='ocr_par' dir='ltr' id='par_1_79' title="bbox 978 2194 1767 2235">
     <span class='ocr_line' id='line_1_79' title="bbox 978 2194 1767 2235; baseline 0.001 -12"><span class='ocrx_word' id='word_1_495' title='bbox 978 2196 1118 2223; x_wconf 90' lang='lat' dir='ltr'><strong>nuducunt</strong></span> <span class='ocrx_word' id='word_1_496' title='bbox 1139 2201 1171 2222; x_wconf 88' lang='lat' dir='ltr'><strong>ac</strong></span> <span class='ocrx_word' id='word_1_497' title='bbox 1188 2194 1258 2221; x_wconf 87' lang='lat' dir='ltr'><strong>viam</strong></span> <span class='ocrx_word' id='word_1_498' title='bbox 1278 2198 1418 2235; x_wconf 69' lang='lat' dir='ltr'><strong>sternupt;</strong></span> <span class='ocrx_word' id='word_1_499' title='bbox 1435 2195 1611 2229; x_wconf 76' lang='lat' dir='ltr'><strong>intelligibilia</strong></span> <span class='ocrx_word' id='word_1_500' title='bbox 1632 2203 1708 2229; x_wconf 86' lang='lat' dir='ltr'><strong>vero.</strong></span> <span class='ocrx_word' id='word_1_501' title='bbox 1723 2205 1767 2224; x_wconf 88' lang='lat' dir='ltr'><strong>sa-</strong></span> 
     </span>
    </p>
   </div>
   <div class='ocr_carea' id='block_1_80' title="bbox 979 2239 1767 2278">
    <p class='ocr_par' dir='ltr' id='par_1_80' title="bbox 979 2239 1767 2278">
     <span class='ocr_line' id='line_1_80' title="bbox 979 2239 1767 2278; baseline 0.003 -10"><span class='ocrx_word' id='word_1_502' title='bbox 979 2245 1180 2268; x_wconf 82' lang='lat' dir='ltr'><strong>cramentorum</strong></span> <span class='ocrx_word' id='word_1_503' title='bbox 1205 2239 1372 2267; x_wconf 81' lang='lat' dir='ltr'><strong>sensibilium</strong></span> <span class='ocrx_word' id='word_1_504' title='bbox 1407 2240 1569 2276; x_wconf 86' lang='lat' dir='ltr'><strong>principium</strong></span> <span class='ocrx_word' id='word_1_505' title='bbox 1595 2246 1660 2270; x_wconf 85' lang='lat' dir='ltr'><strong>sunt</strong></span> <span class='ocrx_word' id='word_1_506' title='bbox 1684 2247 1767 2278; x_wconf 84' lang='lat' dir='ltr'><strong>atque</strong></span> 
     </span>
    </p>
   </div>
   <div class='ocr_carea' id='block_1_81' title="bbox 979 2285 1667 2315">
    <p class='ocr_par' dir='ltr' id='par_1_81' title="bbox 979 2285 1667 2315">
     <span class='ocr_line' id='line_1_81' title="bbox 979 2285 1667 2315; baseline 0.001 -1"><span class='ocrx_word' id='word_1_507' title='bbox 979 2285 1103 2315; x_wconf 80' lang='lat' dir='ltr'><strong>scientia.</strong></span> <span class='ocrx_word' id='word_1_508' title='bbox 1665 2289 1667 2294; x_wconf 91' lang='lat'>‘</span> 
     </span>
    </p>
   </div>
   <div class='ocr_carea' id='block_1_82' title="bbox 914 2366 999 2404">
    <p class='ocr_par' dir='ltr' id='par_1_82' title="bbox 914 2366 999 2404">
     <span class='ocr_line' id='line_1_82' title="bbox 914 2366 999 2404; baseline 0.012 -8"><span class='ocrx_word' id='word_1_509' title='bbox 914 2366 999 2404; x_wconf 82' lang='lat' dir='ltr'><strong>§l:l.</strong></span> 
     </span>
    </p>
   </div>
   <div class='ocr_carea' id='block_1_83' title="bbox 213 2447 927 2486">
    <p class='ocr_par' dir='ltr' id='par_1_83' title="bbox 213 2448 927 2486">
     <span class='ocr_line' id='line_1_83' title="bbox 213 2448 927 2486; baseline -0.006 -8"><span class='ocrx_word' id='word_1_510' title='bbox 213 2451 343 2486; x_wconf 80' lang='grc' dir='ltr'>Λέγωμεν</span> <span class='ocrx_word' id='word_1_511' title='bbox 359 2450 448 2477; x_wconf 86' lang='grc' dir='ltr'>τοίνυν</span> <span class='ocrx_word' id='word_1_512' title='bbox 460 2450 493 2482; x_wconf 61' lang='grc'><strong>’⁸,</strong></span> <span class='ocrx_word' id='word_1_513' title='bbox 510 2450 549 2482; x_wconf 86' lang='grc' dir='ltr'>ὼς</span> <span class='ocrx_word' id='word_1_514' title='bbox 564 2449 638 2476; x_wconf 77' lang='grc' dir='ltr'>ἔστιν</span> <span class='ocrx_word' id='word_1_515' title='bbox 654 2450 670 2485; x_wconf 85' lang='grc' dir='ltr'>ἡ</span> <span class='ocrx_word' id='word_1_516' title='bbox 684 2449 732 2484; x_wconf 86' lang='grc' dir='ltr'>τῆς</span> <span class='ocrx_word' id='word_1_517' title='bbox 753 2448 828 2480; x_wconf 87' lang='grc' dir='ltr'>θείας</span> <span class='ocrx_word' id='word_1_518' title='bbox 841 2457 927 2484; x_wconf 85' lang='grc' dir='ltr'>μακα-</span> 
     </span>
    </p>
   </div>
   <div class='ocr_carea' id='block_1_84' title="bbox 980 2447 1764 2486">
    <p class='ocr_par' dir='ltr' id='par_1_84' title="bbox 1017 2447 1764 2483">
     <span class='ocr_line' id='line_1_84' title="bbox 1017 2447 1764 2483; baseline 0 -7"><span class='ocrx_word' id='word_1_519' title='bbox 1017 2448 1135 2476; x_wconf 89' lang='lat' dir='ltr'><strong>Dicimus</strong></span> <span class='ocrx_word' id='word_1_520' title='bbox 1154 2448 1255 2483; x_wconf 82' lang='lat' dir='ltr'><strong>itaque,</strong></span> <span class='ocrx_word' id='word_1_521' title='bbox 1279 2447 1377 2476; x_wconf 61' lang='lat' dir='ltr'><strong>divina:</strong></span> <span class='ocrx_word' id='word_1_522' title='bbox 1403 2447 1580 2476; x_wconf 85' lang='lat' dir='ltr'><strong>beatitudinis</strong></span> <span class='ocrx_word' id='word_1_523' title='bbox 1600 2448 1764 2482; x_wconf 79' lang='lat' dir='ltr'><strong>bonitatem,</strong></span> 
     </span>
    </p>
   </div>
   <div class='ocr_carea' id='block_1_85' title="bbox 140 2493 932 2532">
    <p class='ocr_par' dir='ltr' id='par_1_85' title="bbox 140 2493 932 2532">
     <span class='ocr_line' id='line_1_85' title="bbox 140 2493 932 2532; baseline -0.004 -9"><span class='ocrx_word' id='word_1_524' title='bbox 140 2496 263 2532; x_wconf 71' lang='grc' dir='ltr'>ριότητος</span> <span class='ocrx_word' id='word_1_525' title='bbox 273 2495 409 2530; x_wconf 75' lang='grc' dir='ltr'>ἀγαθάτης</span> <span class='ocrx_word' id='word_1_526' title='bbox 422 2495 465 2522; x_wconf 78' lang='grc' dir='ltr'>ἀεὶ</span> <span class='ocrx_word' id='word_1_527' title='bbox 478 2495 549 2521; x_wconf 81' lang='grc' dir='ltr'>κατὰ</span> <span class='ocrx_word' id='word_1_528' title='bbox 558 2494 644 2521; x_wconf 81' lang='grc' dir='ltr'><strong>ταύτὰ</strong></span> <span class='ocrx_word' id='word_1_529' title='bbox 654 2495 701 2521; x_wconf 77' lang='grc' dir='ltr'><strong>καὶ</strong></span> <span class='ocrx_word' id='word_1_530' title='bbox 716 2494 845 2526; x_wconf 87' lang='grc' dir='ltr'>ὡσαύτως</span> <span class='ocrx_word' id='word_1_531' title='bbox 856 2493 932 2529; x_wconf 78' lang='grc' dir='ltr'>ἔχου-</span> 
     </span>
    </p>
   </div>
   <div class='ocr_carea' id='block_1_86' title="bbox 140 2541 930 2577">
    <p class='ocr_par' dir='ltr' id='par_1_86' title="bbox 140 2541 930 2577">
     <span class='ocr_line' id='line_1_86' title="bbox 140 2541 930 2577; baseline -0.004 -8"><span class='ocrx_word' id='word_1_532' title='bbox 140 2552 176 2570; x_wconf 87' lang='grc' dir='ltr'><strong>σα.</strong></span> <span class='ocrx_word' id='word_1_533' title='bbox 191 2543 240 2575; x_wconf 77' lang='grc' dir='ltr'><strong>τὰς</strong></span> <span class='ocrx_word' id='word_1_534' title='bbox 258 2542 305 2569; x_wconf 79' lang='grc' dir='ltr'>τοῦ</span> <span class='ocrx_word' id='word_1_535' title='bbox 322 2542 423 2569; x_wconf 83' lang='grc' dir='ltr'>οἰκείου</span> <span class='ocrx_word' id='word_1_536' title='bbox 450 2542 538 2576; x_wconf 82' lang='grc' dir='ltr'>φωτὸς</span> <span class='ocrx_word' id='word_1_537' title='bbox 558 2541 786 2577; x_wconf 81' lang='grc' dir='ltr'>ἀγαθοεργέτιδας</span> <span class='ocrx_word' id='word_1_538' title='bbox 808 2542 930 2574; x_wconf 81' lang='grc' dir='ltr'>ἀκτῖνας,</span> 
     </span>
    </p>
   </div>
   <div class='ocr_carea' id='block_1_87' title="bbox 139 2587 930 2624">
    <p class='ocr_par' dir='ltr' id='par_1_87' title="bbox 139 2587 930 2624">
     <span class='ocr_line' id='line_1_87' title="bbox 139 2587 930 2624; baseline -0.003 -8"><span class='ocrx_word' id='word_1_539' title='bbox 139 2591 188 2616; x_wconf 71' lang='grc' dir='ltr'><strong>ἐπὶ</strong></span> <span class='ocrx_word' id='word_1_540' title='bbox 214 2590 302 2621; x_wconf 77' lang='grc' dir='ltr'>πάσας</span> <span class='ocrx_word' id='word_1_541' title='bbox 327 2589 450 2624; x_wconf 79' lang='grc' dir='ltr'>ἀφθόνως</span> <span class='ocrx_word' id='word_1_542' title='bbox 481 2588 606 2615; x_wconf 81' lang='grc' dir='ltr'>ἁπλοῦσα</span> <span class='ocrx_word' id='word_1_543' title='bbox 638 2588 688 2620; x_wconf 82' lang='grc' dir='ltr'>τὰς</span> <span class='ocrx_word' id='word_1_544' title='bbox 721 2587 817 2623; x_wconf 78' lang='grc' dir='ltr'>νοερὰς</span> <span class='ocrx_word' id='word_1_545' title='bbox 844 2587 930 2622; x_wconf 72' lang='grc' dir='ltr'>ὄψεις.</span> 
     </span>
    </p>
   </div>
   <div class='ocr_carea' id='block_1_88' title="bbox 140 2633 929 2671">
    <p class='ocr_par' dir='ltr' id='par_1_88' title="bbox 140 2633 929 2671">
     <span class='ocr_line' id='line_1_88' title="bbox 140 2633 929 2671; baseline -0.006 -6"><span class='ocrx_word' id='word_1_546' title='bbox 140 2637 198 2665; x_wconf 74' lang='grc' dir='ltr'><strong>Εἶτ’</strong></span> <span class='ocrx_word' id='word_1_547' title='bbox 210 2635 257 2664; x_wconf 73' lang='grc' dir='ltr'><strong>οὖν</strong></span> <span class='ocrx_word' id='word_1_548' title='bbox 268 2637 291 2653; x_wconf 81' lang='grc'><strong>’⁵</strong></span> <span class='ocrx_word' id='word_1_549' title='bbox 303 2635 437 2671; x_wconf 83' lang='grc' dir='ltr'>ἀποσταίη</span> <span class='ocrx_word' id='word_1_550' title='bbox 450 2634 497 2661; x_wconf 85' lang='grc' dir='ltr'>τοῦ</span> <span class='ocrx_word' id='word_1_551' title='bbox 509 2634 604 2670; x_wconf 90' lang='grc' dir='ltr'>νοητοῦ</span> <span class='ocrx_word' id='word_1_552' title='bbox 617 2634 706 2669; x_wconf 83' lang='grc' dir='ltr'>φωτὸς</span> <span class='ocrx_word' id='word_1_553' title='bbox 723 2636 740 2671; x_wconf 89' lang='grc' dir='ltr'><strong>ή</strong></span> <span class='ocrx_word' id='word_1_554' title='bbox 755 2634 811 2661; x_wconf 84' lang='grc' dir='ltr'><strong>τῶν</strong></span> <span class='ocrx_word' id='word_1_555' title='bbox 829 2633 929 2670; x_wconf 83' lang='grc' dir='ltr'>νοερῶν</span> 
     </span>
    </p>
   </div>
   <div class='ocr_carea' id='block_1_89' title="bbox 979 2495 1765 2529">
    <p class='ocr_par' dir='ltr' id='par_1_89' title="bbox 979 2495 1765 2529">
     <span class='ocr_line' id='line_1_89' title="bbox 979 2495 1765 2529; baseline -0.001 -6"><span class='ocrx_word' id='word_1_556' title='bbox 979 2496 1102 2524; x_wconf 89' lang='lat' dir='ltr'><strong>eamdem</strong></span> <span class='ocrx_word' id='word_1_557' title='bbox 1116 2502 1224 2529; x_wconf 88' lang='lat' dir='ltr'><strong>semper</strong></span> <span class='ocrx_word' id='word_1_558' title='bbox 1235 2499 1263 2523; x_wconf 92' lang='lat' dir='ltr'><strong>et</strong></span> <span class='ocrx_word' id='word_1_559' title='bbox 1274 2495 1368 2523; x_wconf 85' lang='lat' dir='ltr'><strong>eodem</strong></span> <span class='ocrx_word' id='word_1_560' title='bbox 1380 2495 1462 2523; x_wconf 87' lang='lat' dir='ltr'><strong>modo</strong></span> <span class='ocrx_word' id='word_1_561' title='bbox 1475 2502 1505 2523; x_wconf 90' lang='lat' dir='ltr'><strong>se</strong></span> <span class='ocrx_word' id='word_1_562' title='bbox 1513 2495 1670 2528; x_wconf 82' lang='lat' dir='ltr'><strong>habentem,</strong></span> <span class='ocrx_word' id='word_1_563' title='bbox 1683 2496 1765 2523; x_wconf 87' lang='lat' dir='ltr'><strong>bene-</strong></span> 
     </span>
    </p>
   </div>
   <div class='ocr_carea' id='block_1_90' title="bbox 981 2539 1765 2568">
    <p class='ocr_par' dir='ltr' id='par_1_90' title="bbox 981 2539 1765 2568">
     <span class='ocr_line' id='line_1_90' title="bbox 981 2539 1765 2568; baseline -0.001 0"><span class='ocrx_word' id='word_1_564' title='bbox 981 2541 1046 2568; x_wconf 82' lang='lat' dir='ltr'><strong>ﬁcos</strong></span> <span class='ocrx_word' id='word_1_565' title='bbox 1075 2540 1144 2568; x_wconf 80' lang='lat' dir='ltr'><strong>lucis</strong></span> <span class='ocrx_word' id='word_1_566' title='bbox 1166 2547 1221 2568; x_wconf 63' lang='lat' dir='ltr'><strong>suae</strong></span> <span class='ocrx_word' id='word_1_567' title='bbox 1245 2540 1337 2568; x_wconf 89' lang='lat' dir='ltr'><strong>radios</strong></span> <span class='ocrx_word' id='word_1_568' title='bbox 1359 2540 1464 2567; x_wconf 86' lang='lat' dir='ltr'><strong>cunctis</strong></span> <span class='ocrx_word' id='word_1_569' title='bbox 1493 2539 1580 2567; x_wconf 92' lang='lat' dir='ltr'><strong>oculis</strong></span> <span class='ocrx_word' id='word_1_570' title='bbox 1604 2540 1765 2568; x_wconf 83' lang='lat' dir='ltr'><strong>mentalibus</strong></span> 
     </span>
    </p>
   </div>
   <div class='ocr_carea' id='block_1_91' title="bbox 979 2586 1766 2621">
    <p class='ocr_par' dir='ltr' id='par_1_91' title="bbox 979 2586 1766 2621">
     <span class='ocr_line' id='line_1_91' title="bbox 979 2586 1766 2621; baseline 0 -7"><span class='ocrx_word' id='word_1_571' title='bbox 979 2587 1148 2614; x_wconf 88' lang='lat' dir='ltr'><strong>abundanter</strong></span> <span class='ocrx_word' id='word_1_572' title='bbox 1184 2586 1362 2621; x_wconf 72' lang='lat' dir='ltr'><strong>expendisse;</strong></span> <span class='ocrx_word' id='word_1_573' title='bbox 1401 2587 1524 2620; x_wconf 80' lang='lat' dir='ltr'><strong>adeoque</strong></span> <span class='ocrx_word' id='word_1_574' title='bbox 1559 2586 1581 2613; x_wconf 95' lang='lat' dir='ltr'><strong>si</strong></span> <span class='ocrx_word' id='word_1_575' title='bbox 1616 2590 1766 2620; x_wconf 78' lang='lat' dir='ltr'><strong>spontanea</strong></span> 
     </span>
    </p>
   </div>
   <div class='ocr_carea' id='block_1_92' title="bbox 980 2631 1767 2668">
    <p class='ocr_par' dir='ltr' id='par_1_92' title="bbox 980 2631 1767 2668">
     <span class='ocr_line' id='line_1_92' title="bbox 980 2631 1767 2668; baseline -0.001 -8"><span class='ocrx_word' id='word_1_576' title='bbox 980 2638 1070 2661; x_wconf 87' lang='lat' dir='ltr'><strong>mente</strong></span> <span class='ocrx_word' id='word_1_577' title='bbox 1083 2633 1256 2668; x_wconf 77' lang='lat' dir='ltr'><strong>praeditorum</strong></span> <span class='ocrx_word' id='word_1_578' title='bbox 1278 2631 1382 2659; x_wconf 84' lang='lat' dir='ltr'><strong>arbitrii</strong></span> <span class='ocrx_word' id='word_1_579' title='bbox 1398 2631 1510 2659; x_wconf 85' lang='lat' dir='ltr'><strong>libertas</strong></span> <span class='ocrx_word' id='word_1_580' title='bbox 1532 2632 1653 2667; x_wconf 82' lang='lat' dir='ltr'><strong>spiritale</strong></span> <span class='ocrx_word' id='word_1_581' title='bbox 1675 2631 1767 2659; x_wconf 83' lang='lat' dir='ltr'><strong>lumen</strong></span> 
     </span>
    </p>
   </div>
   <div class='ocr_carea' id='block_1_93' title="bbox 777 2720 1114 2749">
    <p class='ocr_par' dir='ltr' id='par_1_93' title="bbox 777 2720 1114 2749">
     <span class='ocr_line' id='line_1_93' title="bbox 777 2720 1114 2749; baseline 0 -1"><span class='ocrx_word' id='word_1_582' title='bbox 777 2720 895 2749; x_wconf 70' lang='lat' dir='ltr'><strong>VARI/E</strong></span> <span class='ocrx_word' id='word_1_583' title='bbox 914 2720 1114 2748; x_wconf 85' lang='lat' dir='ltr'><strong>LECTIONES.</strong></span> 
     </span>
    </p>
   </div>
   <div class='ocr_carea' id='block_1_94' title="bbox 182 2814 655 2844">
    <p class='ocr_par' dir='ltr' id='par_1_94' title="bbox 182 2814 655 2844">
     <span class='ocr_line' id='line_1_94' title="bbox 182 2814 655 2844; baseline -0.011 1"><span class='ocrx_word' id='word_1_584' title='bbox 182 2816 208 2840; x_wconf 63' lang='lat'><strong>1“</strong></span> <span class='ocrx_word' id='word_1_585' title='bbox 220 2815 265 2844; x_wconf 71' lang='grc' dir='ltr'>οὖν</span> <span class='ocrx_word' id='word_1_586' title='bbox 290 2825 342 2844; x_wconf 85' lang='lat' dir='ltr'><strong>non</strong></span> <span class='ocrx_word' id='word_1_587' title='bbox 365 2815 467 2843; x_wconf 89' lang='lat' dir='ltr'><strong>habent</strong></span> <span class='ocrx_word' id='word_1_588' title='bbox 489 2814 519 2842; x_wconf 81' lang='grc' dir='ltr'>Ρ.</span> <span class='ocrx_word' id='word_1_589' title='bbox 546 2814 596 2842; x_wconf 85' lang='lat' dir='ltr'><strong>Ch.</strong></span> <span class='ocrx_word' id='word_1_590' title='bbox 625 2814 655 2840; x_wconf 92' lang='lat' dir='ltr'><strong>D.</strong></span> 
     </span>
    </p>
   </div>
   <div class='ocr_carea' id='block_1_95' title="bbox 687 2811 1047 2840">
    <p class='ocr_par' dir='ltr' id='par_1_95' title="bbox 687 2811 1047 2840">
     <span class='ocr_line' id='line_1_95' title="bbox 687 2811 1047 2840; baseline 0 0"><span class='ocrx_word' id='word_1_591' title='bbox 687 2812 716 2840; x_wconf 90' lang='lat' dir='ltr'><strong>S.</strong></span> <span class='ocrx_word' id='word_1_592' title='bbox 741 2811 786 2839; x_wconf 88' lang='lat' dir='ltr'><strong>Sc.</strong></span> <span class='ocrx_word' id='word_1_593' title='bbox 813 2811 875 2838; x_wconf 89' lang='lat' dir='ltr'><strong>Sar.</strong></span> <span class='ocrx_word' id='word_1_594' title='bbox 894 2816 921 2838; x_wconf 89' lang='lat' dir='ltr'><strong>et</strong></span> <span class='ocrx_word' id='word_1_595' title='bbox 939 2811 956 2838; x_wconf 82' lang='lat'><strong>3</strong></span> <span class='ocrx_word' id='word_1_596' title='bbox 971 2812 1047 2840; x_wconf 85' lang='lat' dir='ltr'><strong>Vien.</strong></span> 
     </span>
    </p>
   </div>
   <div class='ocr_carea' id='block_1_96' title="bbox 1100 2810 1766 2847">
    <p class='ocr_par' dir='ltr' id='par_1_96' title="bbox 1100 2810 1766 2847">
     <span class='ocr_line' id='line_1_96' title="bbox 1100 2810 1766 2847; baseline 0 -9"><span class='ocrx_word' id='word_1_597' title='bbox 1100 2813 1121 2828; x_wconf 83' lang='grc'><strong>¹⁹</strong></span> <span class='ocrx_word' id='word_1_598' title='bbox 1133 2811 1244 2847; x_wconf 85' lang='grc' dir='ltr'>τελετῆς</span> <span class='ocrx_word' id='word_1_599' title='bbox 1270 2811 1435 2847; x_wconf 75' lang='grc' dir='ltr'>Θεογενεσία,</span> <span class='ocrx_word' id='word_1_600' title='bbox 1449 2810 1484 2838; x_wconf 84' lang='grc' dir='ltr'>Μ.</span> <span class='ocrx_word' id='word_1_601' title='bbox 1500 2810 1576 2847; x_wconf 63' lang='grc' dir='ltr'><strong>5001ἶ</strong></span> <span class='ocrx_word' id='word_1_602' title='bbox 1584 2845 1592 2847; x_wconf 71' lang='lat'><strong><em>_</em></strong></span> <span class='ocrx_word' id='word_1_603' title='bbox 1628 2811 1654 2847; x_wconf 55' lang='lat' dir='ltr'><strong>ff</strong></span> <span class='ocrx_word' id='word_1_604' title='bbox 1666 2810 1703 2847; x_wconf 52' lang='grc' dir='ltr'>ἐκ</span> <span class='ocrx_word' id='word_1_605' title='bbox 1711 2810 1766 2847; x_wconf 77' lang='grc' dir='ltr'>τῷν</span> 
     </span>
    </p>
   </div>
   <div class='ocr_carea' id='block_1_97' title="bbox 142 2845 1763 2889">
    <p class='ocr_par' dir='ltr' id='par_1_97' title="bbox 142 2845 1763 2889">
     <span class='ocr_line' id='line_1_97' title="bbox 142 2845 1763 2889; baseline -0.002 -13"><span class='ocrx_word' id='word_1_606' title='bbox 142 2853 288 2889; x_wconf 75' lang='grc' dir='ltr'>αισθητῶν,</span> <span class='ocrx_word' id='word_1_607' title='bbox 362 2851 406 2879; x_wconf 82' lang='lat' dir='ltr'><strong>Sc.</strong></span> <span class='ocrx_word' id='word_1_608' title='bbox 422 2851 467 2889; x_wconf 85' lang='lat'><strong>__“</strong></span> <span class='ocrx_word' id='word_1_609' title='bbox 484 2849 678 2889; x_wconf 68' lang='grc' dir='ltr'>εἰκονιζομένηο</span> <span class='ocrx_word' id='word_1_610' title='bbox 692 2847 763 2889; x_wconf 52' lang='grc' dir='ltr'>κατὰ</span> <span class='ocrx_word' id='word_1_611' title='bbox 774 2846 800 2873; x_wconf 83' lang='grc' dir='ltr'><strong>τί</strong></span> <span class='ocrx_word' id='word_1_612' title='bbox 811 2845 921 2889; x_wconf 47' lang='grc' dir='ltr'>γὰρᾶν,</span> <span class='ocrx_word' id='word_1_613' title='bbox 936 2846 970 2888; x_wconf 69' lang='grc' dir='ltr'><strong>Μἰ</strong></span> <span class='ocrx_word' id='word_1_614' title='bbox 988 2846 1052 2889; x_wconf 44' lang='grc' dir='ltr'>8ος.</span> <span class='ocrx_word' id='word_1_615' title='bbox 1067 2845 1295 2889; x_wconf 63' lang='grc' dir='ltr'>ἐνεικονιξρμενα,</span> <span class='ocrx_word' id='word_1_616' title='bbox 1311 2847 1340 2874; x_wconf 73' lang='grc'>5.</span> <span class='ocrx_word' id='word_1_617' title='bbox 1352 2846 1383 2873; x_wconf 83' lang='grc' dir='ltr'>Ρ.</span> <span class='ocrx_word' id='word_1_618' title='bbox 1401 2881 1407 2889; x_wconf 51' lang='grc'><strong>’</strong></span> <span class='ocrx_word' id='word_1_619' title='bbox 1421 2847 1443 2862; x_wconf 74' lang='grc'>³³</span> <span class='ocrx_word' id='word_1_620' title='bbox 1456 2845 1610 2889; x_wconf 33' lang='grc' dir='ltr'><strong>τρεέτῃιιΜττ</strong></span> <span class='ocrx_word' id='word_1_621' title='bbox 1621 2845 1670 2873; x_wconf 90' lang='lat' dir='ltr'><strong>Ch.</strong></span> <span class='ocrx_word' id='word_1_622' title='bbox 1691 2846 1763 2889; x_wconf 85' lang='lat' dir='ltr'><strong>P.</strong></span> 
     </span>
    </p>
   </div>
   <div class='ocr_carea' id='block_1_98' title="bbox 144 2881 1765 2920">
    <p class='ocr_par' dir='ltr' id='par_1_98' title="bbox 144 2881 1765 2920">
     <span class='ocr_line' id='line_1_98' title="bbox 144 2881 1765 2920; baseline -0.005 -4"><span class='ocrx_word' id='word_1_623' title='bbox 144 2881 175 2916; x_wconf 62' lang='grc' dir='ltr'>ὲ.</span> <span class='ocrx_word' id='word_1_624' title='bbox 199 2881 227 2916; x_wconf 75' lang='lat' dir='ltr'><strong>ei.</strong></span> <span class='ocrx_word' id='word_1_625' title='bbox 240 2881 293 2916; x_wconf 81' lang='lat' dir='ltr'><strong>duo</strong></span> <span class='ocrx_word' id='word_1_626' title='bbox 307 2887 384 2914; x_wconf 82' lang='lat' dir='ltr'><strong>Vien.</strong></span> <span class='ocrx_word' id='word_1_627' title='bbox 407 2887 444 2920; x_wconf 21' lang='lat'><em>7“</em></span> <span class='ocrx_word' id='word_1_628' title='bbox 455 2886 514 2917; x_wconf 88' lang='grc' dir='ltr'>ταῖς</span> <span class='ocrx_word' id='word_1_629' title='bbox 540 2881 668 2920; x_wconf 78' lang='grc' dir='ltr'>ἀνιέροις’</span> <span class='ocrx_word' id='word_1_630' title='bbox 679 2883 772 2917; x_wconf 81' lang='grc' dir='ltr'>τάξεσι</span> <span class='ocrx_word' id='word_1_631' title='bbox 796 2881 855 2918; x_wconf 74' lang='grc' dir='ltr'>τὴν</span> <span class='ocrx_word' id='word_1_632' title='bbox 869 2882 1028 2918; x_wconf 75' lang='grc' dir='ltr'>ἐναρμόνιον</span> <span class='ocrx_word' id='word_1_633' title='bbox 1041 2883 1162 2918; x_wconf 77' lang='grc' dir='ltr'>ἀγωγήν.</span> <span class='ocrx_word' id='word_1_634' title='bbox 1201 2881 1224 2899; x_wconf 63' lang='grc' dir='ltr'>’ί</span> <span class='ocrx_word' id='word_1_635' title='bbox 1238 2882 1353 2918; x_wconf 79' lang='grc' dir='ltr'>λέγομεν</span> <span class='ocrx_word' id='word_1_636' title='bbox 1366 2881 1466 2913; x_wconf 84' lang='grc' dir='ltr'>τοίνυν,</span> <span class='ocrx_word' id='word_1_637' title='bbox 1481 2881 1531 2909; x_wconf 87' lang='lat' dir='ltr'><strong>Ch.</strong></span> <span class='ocrx_word' id='word_1_638' title='bbox 1546 2881 1578 2910; x_wconf 88' lang='grc' dir='ltr'><strong>Ι),</strong></span> <span class='ocrx_word' id='word_1_639' title='bbox 1595 2881 1655 2910; x_wconf 82' lang='lat' dir='ltr'><strong>Sar.</strong></span> <span class='ocrx_word' id='word_1_640' title='bbox 1672 2886 1699 2908; x_wconf 90' lang='lat' dir='ltr'><strong>et</strong></span> <span class='ocrx_word' id='word_1_641' title='bbox 1713 2882 1765 2908; x_wconf 85' lang='lat' dir='ltr'><strong>duo</strong></span> 
     </span>
    </p>
   </div>
   <div class='ocr_carea' id='block_1_99' title="bbox 146 2919 601 2955">
    <p class='ocr_par' dir='ltr' id='par_1_99' title="bbox 146 2919 601 2955">
     <span class='ocr_line' id='line_1_99' title="bbox 146 2919 601 2955; baseline -0.004 -5"><span class='ocrx_word' id='word_1_642' title='bbox 146 2924 224 2953; x_wconf 73' lang='lat' dir='ltr'><strong>Vien.</strong></span> <span class='ocrx_word' id='word_1_643' title='bbox 260 2923 283 2940; x_wconf 83' lang='lat'>&quot;</span> <span class='ocrx_word' id='word_1_644' title='bbox 295 2922 374 2955; x_wconf 72' lang='grc' dir='ltr'>εἴτις</span> <span class='ocrx_word' id='word_1_645' title='bbox 389 2919 447 2955; x_wconf 80' lang='grc' dir='ltr'>οὖν,</span> <span class='ocrx_word' id='word_1_646' title='bbox 459 2921 495 2949; x_wconf 78' lang='grc' dir='ltr'>Μ.</span> <span class='ocrx_word' id='word_1_647' title='bbox 511 2920 540 2948; x_wconf 82' lang='grc' dir='ltr'>Ρ.</span> <span class='ocrx_word' id='word_1_648' title='bbox 555 2921 601 2948; x_wconf 84' lang='lat' dir='ltr'><strong>Sc.</strong></span> 
     </span>
    </p>
   </div>
  </div>
