1931 3073
159 163 210 192 ιοι

695 161 739 190 DE
758 163 900 192 ECCLES.
918 162 1117 195 HIERARCH.,
1132 162 1209 191 CAP.
1227 161 1260 190 ll.

1736 161 1789 190 402

156 220 286 256 ἀλήθειαν
312 220 436 256 πορείας,
461 220 506 247 τὸν
531 220 591 256 μὲν,
617 221 734 258 ἐραστὴν
758 222 845 257 ἀληθῆ
863 223 885 238 ³⁵
903 223 947 249 καὶ

1001 222 1052 250 via:
1068 229 1076 249 :
1092 221 1167 249 illum
1182 222 1306 256 quidem,
1323 225 1472 248 amatorem
1494 223 1629 248 sincerum
1651 228 1683 248 ac
1704 221 1788 249 comi-

158 267 306 293 συνοπαδδν
327 267 459 303 ἡγεμόνος
478 266 568 293 ἐνθέου
577 275 583 282 ·
598 267 643 294 τὸν
657 268 685 294 δὲ
698 268 804 303 ἀπλανῆ
816 270 876 301 ταῖς
889 268 949 296 θεο-

156 311 318 346 παραδότοις
334 313 449 348 ἡγήσεσι
465 313 511 339 τοῦ
524 313 656 348 ἑπομένου
671 312 851 349 χειραγωγὸν.

999 273 1052 295 tem
1065 268 1186 296 ductaris
1202 267 1301 300 divini;
1318 267 1391 294 hunc
1407 273 1470 294 vero
1483 267 1596 295 minime
1606 268 1788 296 errabundum

998 314 1132 342 divinitus
1158 314 1237 350 172
1265 313 1373 341 traditis
1398 312 1614 342 institutionibus
1643 315 1788 350 sequendis

1000 361 1239 388 manttductorem.

933 451 1008 489 §V.

198 543 267 571 Ἀλλ’
279 544 329 570 οὐκ
349 543 436 570 ἔνεστι
453 543 507 570 τῶν
524 542 617 579 ἄκρως
637 543 766 572 ἐναντίων
787 545 846 581 ἀμα
868 545 946 582 μετέ-

155 599 214 627 χειν
226 591 258 622 ³⁸,
272 590 331 617 οὐδὲ
347 589 392 616 τὸν
405 590 547 616 κοινωνίαν
559 589 619 616 τινὰ
636 590 704 626 πρὸς
715 590 746 617 τὸ
758 590 786 618 ἓν
798 591 946 627 ἐσχηκότα,

158 636 288 672 μεριστὰς
301 635 373 671 ἔχειν
387 635 469 667 ζωὰς,
482 636 506 662 ει
525 635 575 671 τῆς
593 636 640 662 τοῦ
664 636 722 668 ἐνὸς
743 637 886 672 ἀντέχεται
904 636 948 673 βε-

156 682 236 714 ϐαίας
250 682 383 718 μεθέξεως
396 690 403 697 ο
417 681 474 708 ἀλλ’
487 682 600 717 ἄσχετον
612 680 681 709 εἶναι
695 684 741 709 καὶ
758 684 947 711 ἀκατάτακτον

156 729 185 755 ἐν
196 728 296 759 πάσαις
311 729 370 760 ταῖς
385 727 432 753 τοῦ
449 727 580 759 ἐνοειδοῦς
591 728 754 764 διαιρέσεσιν
765 737 771 743 ·
785 729 853 765 ὅπερ
867 729 947 765 ήτῶν

157 774 297 809 συμϐόλων
320 774 467 810 παράδοσις
485 774 565 810 ἱερῶς
585 775 758 811 αἰνισσομὲνη
774 795 780 807 ,
801 776 847 802 τὸν
861 784 946 811 προσ-

157 820 231 847 ιόντα
246 820 296 856 τὴν
318 817 373 846 οἷον
395 820 416 836 ³⁷
437 821 572 856 προτέραν
596 819 668 857 ζωὴν
696 821 873 848 ἁπεκδύσασα
901 822 948 849 καὶ

157 866 238 902 μέχρι
252 865 306 892 τῶν
320 866 379 893 κατ’
399 866 506 901 ἐκείνην
524 867 649 902 ἐσχάτων
670 867 788 902 σχέσεων
808 867 947 894 ἀπολύσα-

1035 545 1170 573 Cmterum
1187 552 1240 572 non
1256 544 1320 573 licet
1337 551 1443 573 summe
1455 545 1590 572 contraria
1608 544 1687 572 simul
1704 545 1788 580 parti-

999 592 1102 627 cipare,
1116 599 1207 626 neque
1225 591 1500 620 corumunicationcm
1519 591 1637 626 aliquam
1658 599 1718 618 ctttn
1733 599 1789 619 ttno

1000 638 1108 666 habenti
1126 639 1228 665 divisas
1240 637 1343 665 habere
1359 638 1441 670 vitas,
1455 637 1477 664 si
1493 637 1572 664 unius
1585 636 1706 664 stabilem
1720 644 1787 672 prte-

1000 684 1068 712 l'erat
1081 685 1332 719 participationem;
1348 683 1394 711 sed
1410 688 1548 710 exsortem
1565 690 1625 710 esse
1647 683 1724 711 decet
1737 691 1786 710 ex-

998 735 1157 765 pertemque
1179 731 1302 758 omnium
1327 729 1522 756 uniformitalis
1547 729 1708 756 divisionum
1732 740 1737 757 :
1760 729 1786 756 id

997 777 1070 812 quod
1088 777 1227 811 signorum
1246 776 1356 803 traditio
1369 783 1447 804 sacra
1465 775 1564 807 innuit,
1578 774 1641 801 dtttn
1655 775 1787 801 acceden-

999 828 1051 852 tem
1071 823 1156 858 priori
1172 822 1371 858 qttodamtuodo
1392 822 1448 849 vita
1467 828 1581 853 exuens.
1598 825 1626 848 et
1645 820 1678 847 ad
1695 825 1788 848 extre-

999 877 1058 898 mos
1074 876 1159 904 usque
1173 868 1288 896 affectus
1301 868 1468 903 exspolians,
1483 868 1582 894 nudum
1595 872 1623 895 et
1636 868 1787 895 discalcea-

156 920 191 939 σα
214 912 246 944 ³⁸,
260 912 363 948 γυμνὸν
386 912 434 939 καὶ
457 912 618 940 ἀνυπόδετον
641 913 730 949 ἵστησι
755 914 822 949 πρὸς
842 914 947 950 δυσμὰς

1000 921 1054 944 tum
1069 916 1164 944 statuit
1178 923 1272 942 verstts
1287 915 1458 942 occidentem
1475 919 1654 948 spectantem,
1670 921 1719 942 nec
1733 921 1787 941 non

155 960 310 996 ἀφορῶντα,
332 960 378 986 καὶ
400 961 433 996 τῇ
457 959 512 986 τῶν
536 959 635 995 χειρῶν
659 959 763 987 ἀπώσει
781 961 802 976 ³⁸
823 960 873 993 τὰς
896 961 946 996 τῆς

155 1005 298 1041 ἀλαμποῦς
311 1006 409 1038 κακίας
429 1006 604 1042 ἀναινόμενον
617 1007 769 1039 κοινωνίας,
783 1007 830 1033 καὶ
841 1007 889 1042 τὴν
901 1007 947 1041 ὲγ-

155 1052 303 1087 γενομένην
329 1051 402 1087 αὐτῷ
426 1051 477 1087 τῆς
499 1051 688 1088 ἀνομοιόπιτος
710 1052 766 1085 ἐξιν
787 1051 881 1088 ὥσπερ
901 1052 948 1079 ἐκ-

156 1097 280 1130 πνέοντα,
294 1098 340 1125 καὶ
363 1097 412 1129 τὰς
424 1097 516 1130 ὑλικὰς
530 1097 744 1134 ὁμολογήσαντα,
764 1098 832 1134 πρὸς
851 1098 882 1124 τὸ
898 1098 946 1125 τοῦ

155 1143 287 1175 ϐεοειδοῦς
299 1143 429 1173 ἐναντίον,
450 1144 599 1178 ἀποταγάς.
614 1144 691 1171 Οὕτω
705 1143 844 1176 παντελῶς
865 1144 947 1180 ἄσχε-

152 1199 201 1217 τον
218 1191 299 1217 αὐτὸν
318 1191 364 1217 καὶ
383 1190 563 1226 ἀκοινώνητον
576 1190 706 1225 γεγονότα
724 1190 793 1226 πρὸς
809 1190 846 1217 ἒω
868 1190 947 1226 μετά-

154 1245 198 1271 γει
210 1236 244 1267 ¹⁸⁰,
257 1237 307 1272 τὴν
330 1236 359 1262 ἐν
372 1235 411 1272 τῷ
424 1235 488 1271 Θείῳ
502 1236 572 1271 φωτὶ
587 1236 681 1263 στάσιν
693 1245 723 1263 τε
736 1237 783 1263 καὶ
804 1237 946 1263 ἀνάνευσιν

157 1281 266 1309 ἔσεσθαι
280 1281 408 1317 καθαρῶς
421 1282 449 1308 ὲν
464 1283 497 1317 τῇ
517 1281 644 1308 παντελεῖ
653 1281 703 1318 τῆς
721 1281 820 1313 κακίας
833 1281 946 1316 ἀποφοι-

153 1329 232 1364 τήσει
249 1328 453 1362 διαγγέλλουσα,
467 1328 514 1354 καὶ
526 1327 575 1359 τὰς
589 1327 665 1363 ἱερὰς
679 1327 760 1354 αὐτοῦ
773 1327 824 1363 τῆς
837 1328 905 1363 πρὸς
916 1327 947 1355 τὺ

154 1372 184 1399 ἓν
205 1374 298 1409 όλικῆς
319 1373 485 1405 συννεύσεως
503 1373 664 1409 ὁμολογίας,
683 1373 814 1405 ἐνοειδοῦς
834 1374 944 1410 γενομέ-

155 1428 202 1446 νου
225 1419 378 1455 φιλαλήθως
399 1418 596 1454 ἀποδεχομένη,
617 1418 685 1445 Ἀλλ’
704 1418 761 1445 ἐστι
785 1427 837 1446 που
855 1419 946 1455 δῆλον,

155 1466 194 1498 ὡς
205 1464 291 1501 οἶμαι,
303 1468 359 1498 τοῖς
375 1465 428 1494 τῶν
443 1465 606 1501 ἰεραρχικῶν
624 1465 813 1501 ἐπιστήμοσιν,
826 1466 867 1492 ὅτι
887 1467 948 1498 ταῖς

154 1511 307 1546 διηνεκέσιν
319 1512 348 1537 ἐν
363 1510 487 1546 συντονία
501 1510 569 1546 πρὸς
582 1510 611 1536 ἓν
624 1510 645 1526 ⁸⁸
658 1509 815 1543 ἀνατάσεσι,
827 1512 877 1539 καὶ
887 1512 948 1544 ταῖς

154 1557 210 1585 τῶν
222 1557 348 1584 ἐναντίων
361 1556 464 1588 ὁλικαῖς
484 1556 632 1592 νεκρώσεσι
651 1557 698 1584 καὶ
709 1557 899 1593 ἀνυπαρξίαις,
916 1558 947 1585 τὺ

155 1602 334 1629 ἀναλλοίωτον
350 1602 419 1637 ῐσχει
435 1601 471 1628 τὰ
485 1600 566 1636 νοερὰ
584 1601 635 1636 τῆς
648 1601 781 1634 θεοειδοῦς
801 1602 894 1635 ἕξεως.
908 1603 945 1629 Οὐ
960 1595 981 1625 c

155 1648 210 1684 γὰρ
223 1649 397 1684 ἀναχωρῆσαι
409 1648 462 1684 χρὴ
476 1647 555 1682 μόνον
568 1648 622 1674 ἀπὸ
632 1648 731 1680 κακίας
745 1649 864 1685 ἁπάσης,
880 1649 948 1676 ἀλλὰ

156 1695 204 1722 καὶ
217 1694 383 1731 ἀρῤενωπῶς
407 1694 580 1729 ἀμάλθακτον
602 1693 681 1728 εἶναι,
707 1695 729 1711 δ’
753 1695 887 1731 ἀφόϐητον
904 1695 948 1722 ἀεὶ

156 1740 225 1776 πρὸς
245 1741 295 1775 τὴν
316 1740 359 1765 ἐπ’
373 1739 456 1775 αὐτὴν
474 1739 594 1774 ὀλέθριον
617 1739 722 1774 ὕφεσιν,
735 1740 795 1767 οὐδὲ
812 1739 859 1766 τοῦ
873 1739 946 1775 ἱεροῦ

156 1785 207 1820 τῆς
230 1784 358 1819 ἀληθείας
381 1784 480 1819 ἔρωτος
505 1785 533 1810 ἐν
558 1784 702 1820 καταλήξει
723 1785 788 1811 ποτὲ
810 1784 945 1819 γενέσθαι,

157 1831 299 1868 προσεχεῖς
316 1831 344 1858 δὲ
365 1832 410 1858 καὶ
425 1831 541 1862 αἰωνίως
555 1831 598 1857 ἐπ’
613 1831 707 1867 αὐτὴν,
723 1831 771 1867 ὅση
785 1831 899 1866 δύναμις
911 1831 944 1864 ⁸³,

147 1864 354 1910 ἀνατείνεσθαι,
366 1879 416 1914 τὴν
431 1879 476 1905 ἐπὶ
497 1878 531 1906 τὰ
545 1864 700 1914 τελειότερα
712 1878 736 1894 ⁸⁵
752 1864 803 1914 τῆς
818 1864 948 1914 θεαρχίας

157 1925 300 1962 ἀναγωγὴν
315 1925 393 1961 ἱερῶς
406 1925 449 1952 ἀεὶ
459 1925 760 1961 διαπραγματευόμενον

998 970 1128 990 manuum
1145 961 1293 996 rejectione
1309 959 1484 988 lenebricosa:
1497 959 1606 986 malitia:
1618 960 1787 986 communio--

997 1018 1058 1037 nent
1073 1010 1338 1041 abnuentem,atque
1349 1011 1476 1041 agnatum
1491 1005 1542 1033 sibi
1557 1004 1787 1032 dissimilitudinis

997 1063 1097 1085 statum
1115 1056 1317 1091 quodammodo
1346 1054 1501 1087 eﬂlantem,
1529 1053 1678 1088 letalesque
1702 1053 1786 1087 proli-

996 1108 1098 1131 tenletn
1133 1102 1311 1130 deiformitati
1344 1100 1548 1128 adversantium
1573 1098 1788 1126 abrenuntiatio-

996 1157 1055 1178 nes.
1074 1149 1120 1178 Sic
1131 1149 1242 1177 omnino
1255 1149 1342 1183 ipsum
1357 1146 1530 1181 aﬂ'ectnsjatn
1542 1149 1680 1181 expertem
1693 1152 1788 1172 exsor—

998 1201 1107 1230 tetnque
1123 1194 1240 1222 traducit
1256 1195 1289 1222 ad
1312 1193 1456 1225 orientem,
1477 1192 1576 1219 divina:
1597 1191 1665 1219 lucis
1685 1195 1786 1218 statum

997 1242 1036 1270 illi
1049 1245 1254 1277 aspectumquc,
1268 1241 1425 1268 omnimoda
1450 1238 1562 1266 malitiae
1577 1238 1649 1273 fuga,
1665 1237 1723 1265 [ore
1737 1244 1793 1271 pu-c

997 1295 1058 1315 rum
1077 1288 1262 1320 ant.untians;
1278 1288 1420 1322 ipsumque
1435 1286 1628 1316 sacrosanctis.
1649 1292 1710 1311 cum
1733 1290 1788 1311 uno

998 1334 1302 1368 totaliconspiratione,
1319 1333 1536 1368 professionibus
1559 1331 1723 1358 uniformem
1745 1329 1789 1357 el'o

997 1381 1109 1412 fectum.
1123 1387 1188 1408 vere
1201 1384 1325 1407 amanter
1337 1379 1498 1414 suscipiens.
1513 1377 1624 1410 Verum,
1638 1384 1667 1404 ut.
1678 1377 1784 1412 opinor,

997 1434 1140 1455 Sacrorum
1160 1426 1256 1462 peritis
1270 1426 1464 1461 principiorum
1488 1428 1659 1459 perspectum
1674 1426 1727 1456 est.
1741 1429 1789 1450 as-

998 1471 1085 1500 siduis
1110 1472 1145 1499 ad
1170 1479 1253 1498 unum
1277 1470 1443 1498 connitendo
1468 1469 1689 1504 aspirationibus,
1705 1472 1787 1502 atque

999 1515 1128 1544 totalibus
1149 1515 1352 1543 contrariorum
1376 1513 1632 1542 mortiﬁcatiouibus
1652 1518 1680 1541 et
1701 1513 1786 1541 aboli-

1000 1563 1129 1596 tionibus,
1143 1570 1186 1590 res
1199 1562 1336 1596 spiritales
1346 1566 1433 1590 status
1450 1561 1590 1589 deiformis
1607 1560 1784 1588 immutabili-

999 1612 1054 1635 tate
1072 1608 1163 1643 potiri.
1176 1607 1234 1635 Non
1247 1609 1321 1636 enint
1339 1608 1373 1635 ab
1387 1608 1460 1634 omni
1475 1609 1607 1635 duntaxat
1625 1606 1728 1633 ntalitia
1744 1610 1786 1633 est

998 1656 1190 1686 recedendum,
1213 1654 1261 1681 sed
1283 1654 1472 1682 obdurandum
1494 1653 1620 1685 viriliter,
1635 1656 1662 1679 et
1684 1652 1785 1686 imper-

998 1702 1092 1729 territe
1105 1708 1213 1735 semper
1227 1700 1414 1728 obsistendum
1439 1700 1490 1735 ipsi
1512 1700 1600 1727 noxia:
1615 1698 1784 1732 remissioni;

997 1754 1048 1774 nec
1063 1754 1078 1773 a
1093 1754 1171 1774 sacro
1186 1751 1228 1774 est
1242 1754 1360 1781 unquam
1373 1753 1466 1773 amore
1480 1746 1651 1777 cessandum,
1664 1745 1710 1772 sed
1721 1751 1787 1772 con-

999 1793 1117 1820 tinenter
1130 1800 1162 1819 ac
1182 1796 1312 1827 perpetuo
1331 1799 1381 1827 pro
1402 1791 1506 1819 viribus
1531 1791 1570 1819 illi
1596 1791 1784 1821 insistendum,

1002 1838 1035 1865 ad
1054 1838 1244 1872 perfectiorem
1266 1839 1351 1866 divini
1375 1839 1543 1873 principatus
1567 1837 1786 1866 sublimationem

1000 1888 1094 1911 sancte
1107 1891 1213 1919 semper
1229 1884 1337 1920 negotia
1352 1891 1400 1912 sua
1414 1883 1550 1919 dirigenti.

934 2018 1017 2056 §Vl.

200 2123 280 2160 Ὁρᾷς
290 2122 318 2149 δὲ
329 2123 377 2155 τὰς
388 2123 489 2150 τούτων
501 2123 624 2160 ἀκριϐεῖς
637 2124 744 2156 εἰκόνας
754 2125 783 2150 ὲν
794 2125 851 2155 τοῖς
861 2123 950 2159 ίεραρ-

158 2179 243 2206 χικως
254 2170 423 2206 τελουμένοις
435 2179 442 2186 ·
464 2171 478 2197 ό
504 2170 552 2206 μὲν
572 2170 627 2206 γὰρ
646 2170 763 2206 θεοειδὴς
777 2169 799 2186 ⁸⁵
818 2170 948 2206 ίεράρχης

157 2217 310 2253 ἁπάρχεται
323 2217 372 2252 τῆς
387 2217 461 2252 ἱερᾶς
473 2216 596 2251 ἀλοιφῆς,
609 2217 633 2242 οἱ
646 2216 673 2243 δὲ
688 2217 770 2252 ἱερεῖς
782 2217 828 2243 ὑπ’
841 2216 915 2252 αὑτῷ
926 2216 948 2232 ⁸⁵⁸

1037 2121 1137 2150 Horum
1153 2126 1242 2150 autem
1255 2126 1365 2150 exactas
1377 2121 1466 2149 cernis
1478 2121 1505 2149 in
1521 2121 1555 2149 iis
1571 2128 1631 2156 quae
1647 2121 1787 2156 pontiﬁca-

1001 2169 1063 2197 liter
1074 2169 1301 2197 administrantur
1317 2169 1450 2204 imagines
1468 2179 1474 2196 :
1495 2168 1553 2203 ipse
1576 2168 1708 2203 siquidem
1735 2176 1785 2196 an-

1002 2216 1079 2243 tistes
1110 2215 1250 2243 deiformis
1277 2223 1383 2242 sacram
1419 2215 1576 2249 auspicatur
1608 2213 1786 2247 unctionem,

157 2263 264 2290 τελοῦσι
276 2265 324 2299 τὴν
338 2264 388 2299 τῆς
402 2263 518 2299 χρίσεως
531 2263 696 2299 ἱερουργίαν,
710 2264 757 2290 ἐπὶ
773 2264 836 2295 τοὺς
859 2264 947 2298 ἱεροὺς

1000 2270 1082 2296 quam
1107 2261 1196 2290 caeteri
1227 2261 1326 2288 exinde
1349 2262 1508 2289 sacerdotes
1533 2266 1733 2294 consummant,
1752 2262 1786 2288 ad

157 2312 188 2338 ὲν
215 2310 293 2345 τύπῳ
324 2310 369 2336 τὸν
405 2309 564 2344 τελούμενον
599 2310 707 2344 ἀγῶνας
731 2310 945 2345 ἐκκαλούμενοι,

158 2356 267 2388 καθὀὒς
285 2356 330 2382 ὑπ’
349 2355 478 2390 ἁθλοθέτῃ
498 2355 608 2391 Χριστῷ
627 2356 778 2391 γινόμενος,
798 2356 891 2392 ἐπειδὴ
911 2357 948 2389 ὡς

157 2403 223 2435 Θεός
238 2404 295 2429 ἐστι
314 2403 364 2438 τῆς
388 2403 545 2435 ἀολοοεσίας
568 2402 743 2438 δημιουργὸς,
762 2402 800 2434 ὡς
819 2403 899 2437 σοφὸς
920 2403 948 2429 δὲ

156 2449 219 2480 τοὺς
233 2449 331 2484 νόμους
349 2449 432 2484 αὐτῆς
448 2449 579 2479 τέθεικεν,
599 2449 746 2484 εἰργάσατο
765 2448 793 2474 δὲ
813 2448 851 2480 ὡς
869 2449 950 2481 καλὸς

158 2496 282 2531 εὐπρεπῆ
296 2496 317 2510 ¹⁵⁷
331 2497 385 2527 τοῖς
399 2496 493 2522 νικῶσι
505 2495 539 2522 τὰ
551 2495 665 2522 ἔπαθλα.
680 2496 735 2522 Καὶ
753 2495 784 2522 τὸ
798 2495 838 2522 ἔτι
851 2495 951 2522 θειότε-

159 2550 216 2577 ρον,
237 2542 351 2576 ἐπείπερ
371 2541 408 2574 ὡς
425 2541 525 2575 ἀγαθὸς
546 2543 576 2568 ἐν
598 2543 654 2573 τοῖς
675 2541 805 2577 ἀθληταῖς
829 2541 950 2575 ἐγεγόνει

160 2589 219 2622 μετ’
231 2587 320 2615 αὐτῶν
334 2588 424 2624 ἱερῶς,
437 2588 508 2624 ὑπὲρ
518 2589 567 2624 τῆς
581 2588 671 2615 αὐτῶν
683 2588 839 2624 ἐλευθερίας
852 2588 899 2615 καὶ
911 2588 949 2615 νί-

1000 2315 1079 2336 sacra
1099 2316 1147 2344 per
1165 2309 1279 2344 tiguram
1303 2308 1373 2335 hanc
1395 2308 1546 2336 certamina
1561 2309 1697 2336 initiatum
1711 2308 1786 2336 exci-

1001 2359 1089 2383 tantes
1102 2355 1151 2382 sub
1163 2355 1271 2383 Cltrislo
1284 2356 1440 2383 munerario
1451 2356 1640 2389 constitutum,
1655 2355 1700 2390 qui
1714 2354 1788 2382 vide-

1000 2401 1064 2429 licet
1077 2406 1106 2428 ut
1123 2402 1192 2429 Deus
1207 2403 1386 2430 certaminum
1409 2403 1558 2436 exltibitor,
1573 2406 1602 2429 ut
1623 2402 1731 2436 sapiens
1746 2400 1785 2428 le-

1000 2456 1062 2482 gum
1092 2453 1251 2484 prteccptor,
1279 2450 1453 2484 praemiorum
1487 2449 1605 2484 denique
1638 2448 1786 2475 victoribus

999 2495 1219 2522 convenientium
1245 2500 1274 2521 ut
1297 2495 1411 2530 pulcher
1430 2500 1586 2522 munerator
1611 2493 1731 2522 exsistit.
1755 2493 1787 2519 Et

999 2540 1071 2576 quod
1086 2541 1129 2569 his
1153 2541 1270 2568 divinius
1290 2546 1342 2575 est,
1368 2549 1428 2568 cutn
1456 2542 1482 2568 in
1498 2541 1622 2575 ipsismet
1650 2539 1786 2575 pugilibus

1001 2592 1030 2615 ut
1043 2589 1130 2616 bonus
1143 2588 1289 2622 exstiterit,
1302 2588 1537 2616 sacramentaliter
1557 2595 1607 2623 pro
1630 2587 1738 2616 illorum
1754 2587 1786 2614 li-

819 2687 939 2716 VARIIE
962 2686 1165 2718 LECTIONES.

205 2781 228 2818 f‘
240 2779 431 2818 ἐραστὴν-της
444 2780 570 2818 ἀληθείας
582 2781 678 2818 ἀληθῆ,
737 2781 768 2809 Ρ.
781 2782 811 2809 Β.

160 2816 182 2832 "
198 2815 341 2847 ἀποτάσει,
355 2815 388 2842 Μ.
406 2818 451 2843 Sc.

158 2846 180 2886 ἡν
187 2851 302 2886 δύναμις
311 2871 318 2886 ,
334 2846 368 2878 Μ.
382 2850 427 2878 Sc.

160 2885 183 2900 “
195 2886 238 2913 ἐπ’
251 2885 335 2921 αὐτῷ,
349 2886 378 2914 Ρ.
393 2887 453 2914 Sar.
509 2887 530 2903 ⁸⁷
545 2885 694 2923 εὐπρεπής,
710 2887 744 2914 Μ.
761 2887 806 2915 Sc.

861 2782 883 2798 “
899 2783 1052 2817 μετασχεῖν,
1066 2781 1095 2808 Ρ.
1134 2781 1155 2797 ³⁷
1170 2780 1260 2814 οἱονεί,
1281 2781 1312 2808 D.
1339 2781 1390 2809 Ch.
1429 2781 1451 2798 ³⁸
1463 2782 1637 2815 ἀποδύσασα,
1663 2783 1693 2810 S.
1709 2782 1737 2810 P.
1753 2784 1782 2811 Β.

508 2816 530 2831 ¹⁵⁰
544 2817 637 2852 πρόσω
650 2816 772 2852 μετάγει,
784 2818 819 2844 Μ.
837 2817 882 2844 Sc.
911 2818 937 2843 in
961 2816 1146 2851 conspectum.

476 2851 499 2867 “
509 2851 660 2887 τελεώτερα
670 2872 677 2884 ,
697 2852 726 2878 ι).
749 2853 811 2885 CIL;
825 2852 976 2879 τελεώτατα
987 2873 993 2885 ,
1008 2853 1041 2880 Μ.
1057 2853 1102 2880 Sc.

1205 2818 1225 2832 ⁴¹
1240 2817 1344 2852 πρὸςτὺ
1356 2817 1396 2849 ἓν,
1408 2816 1437 2844 S.
1454 2818 1485 2845 D.
1500 2818 1550 2845 Cb.
1587 2818 1609 2834 "
1621 2819 1677 2845 καί.
1715 2819 1736 2834 ³³
1746 2819 1785 2851 ὡς

1160 2851 1181 2868 ⁸⁵
1195 2852 1248 2887 γάρ
1261 2851 1313 2881 non
1330 2853 1432 2881 habent
1445 2853 1480 2880 M.
1496 2854 1546 2882 Ch’.
1561 2853 1730 2889 ἀγαθοειδής,
1748 2855 1783 2880 M.
