1931 3073
167 186 220 215 ωδ

751 189 782 218 S.
807 189 958 218 DlONYSll
968 189 1204 219 ABEOPAGITAE

1748 188 1809 217 MM

168 245 275 272 bertate
287 249 369 280 atque
380 246 507 279 Victoria,
524 246 621 275 mortis
650 253 683 275 ac
706 247 890 284 corruptionis
911 248 962 275 im-

1016 258 1066 285 κης
1079 249 1147 286 πρὸς
1159 249 1190 276 τὸ
1200 248 1247 276 τοῦ
1259 249 1374 276 θανάτου
1387 249 1434 276 καὶ
1447 248 1498 285 τῆς
1520 248 1622 284 φθορᾶς
1637 242 1812 284 ἀγωνιζόμεὲ

167 292 275 330 perium
291 292 461 327 debellando,
477 293 506 321 in
530 293 680 322 certamina
694 294 805 330 quidem
826 295 959 330 gaudens,

168 342 263 373 utpote
278 337 356 374 173
370 339 474 373 divina,
489 339 614 368 initiatus
630 341 776 374 ascendet,
791 340 896 376 legibus
912 348 962 368 au-

169 390 223 411 tem
262 385 393 420 sapientis
418 385 548 420 insistet,
583 385 718 421 juxtaque
745 386 806 414 illas
834 386 961 414 inviolate

169 430 302 464 certabit,
330 431 475 460 illustrium
501 432 675 468 premiorum
693 438 768 460 certa
789 440 838 468 spe
865 432 960 466 fultus,

172 475 223 502 sub
238 476 310 503 bono
333 477 514 504 certaminum
538 477 692 506 exhibitore
708 477 823 506 Domino
847 485 880 505 ac
911 478 962 506 du-

168 527 246 550 ct0re
273 523 462 553 constitutus:
487 524 641 560 divinisque
671 525 824 553 insistendo
840 525 962 561 vestigiis

168 568 254 603 ipsius
270 569 399 605 pugillum
424 571 549 606 primatis
570 579 619 607 per
643 572 818 607 probitatem,
844 571 878 599 ad
899 571 962 599 imi-

170 615 300 643 tationem
333 616 380 644 Dei
413 617 610 645 certaminibus
635 617 802 645 deiticationi
824 624 881 645 sua:
912 617 962 644 ad-

169 667 311 691 versantes
345 663 459 698 spiritus
487 667 569 698 atque
605 664 795 700 suggestiones
833 663 962 699 supplan-

171 709 272 742 tando,
294 709 490 737 commorietur
513 708 622 738 Christo
645 710 684 746 (id
710 710 763 745 est)
786 710 899 746 mystice
919 709 961 738 lo-

170 754 289 787 quendo,
306 760 431 790 peccato,
447 762 496 790 per
507 755 684 790 baptismum.

1012 304 1058 327 νος
1070 295 1180 331 κράτος,
1197 295 1254 327 τοῖς
1272 295 1322 330 μὲν
1339 294 1443 329 ἀγῶσιν
1462 294 1500 326 ὡς
1513 294 1594 326 θείοις
1606 293 1628 310 ⁸⁸
1645 294 1659 320 ό
1675 292 1794 330 τελούμε

1012 350 1057 374 νος
1071 342 1230 378 ἐπιϐήσεται
1244 341 1356 377 χαίρων,
1372 340 1486 377 ἐμμένει
1505 340 1533 367 δέ
1547 341 1568 356 δ’
1582 341 1641 373 ταῖς
1653 339 1700 367 τοῦ
1720 348 1810 375 copo-.2

1012 388 1192 424 νομοθεσίαις,
1200 388 1248 416 καὶ
1267 388 1328 415 κατ’
1339 387 1424 420 αὐτὰς
1439 388 1462 404 ⁵ο
1476 387 1660 424 ἁπαραὸάτως
1678 387 1809 421 ἀγωνιεῖ-

1009 444 1067 468 ται,
1092 435 1160 471 πρὸς
1177 435 1226 471 τὴν
1247 435 1301 461 τῶν
1320 434 1411 461 καλῶν
1431 433 1556 461 ἐπάθλων
1574 433 1669 460 ἐλπίδα
1688 433 1810 469 βεϐαίως

1012 478 1092 514 ἔχων,
1105 479 1151 506 ὑπ’
1162 478 1258 514 ἀγαθῷ
1274 479 1324 514 τῆς
1340 478 1500 510 ἀθλοθεσίας
1512 478 1606 514 Κυρίῳ
1625 478 1673 505 καὶ
1691 478 1810 514 ἡγεμόνι

1011 525 1174 560 ταττόμενος
1187 533 1194 541 ν
1205 524 1303 556 ἐπιϐὰς
1314 523 1343 550 δέ
1355 525 1411 555 τοῖς
1423 523 1506 556 θείοις
1519 524 1604 559 ἴχνεσι
1622 524 1669 552 τοῦ
1681 524 1811 560 ἀθλητῶν

1012 570 1121 605 πρώτου
1138 570 1172 597 δι’
1185 569 1350 606 ἀγαθότητα,
1362 571 1422 601 ταῖς
1430 569 1606 606 θεομιμήτοις
1617 571 1747 606 ἀθλήσεσι
1755 570 1810 603 τὰς

1012 615 1082 651 πρὸς
1095 615 1193 643 θέωσιν
1210 616 1333 648 ἐναντίας
1351 615 1427 651 αὺτῷ
1447 616 1654 649 καταπαλαίσας
1666 616 1809 652 ἐνεργείας

1011 671 1042 689 τε
1058 663 1106 690 καὶ
1130 662 1271 699 ὑπάρξεις,
1291 662 1506 698 συναποθνήσκει
1520 663 1640 699 Χριστῷ,
1666 663 1810 698 μυστικῶς

1015 710 1104 737 εἰπεῖν
1117 710 1150 746 τῇ
1162 709 1284 746 ἁμαρτίᾳ
1295 709 1367 737 κατὰ
1377 709 1408 736 τὸ
1425 709 1575 745 βάπτισμα.

947 816 961 853 §
978 815 1044 845 vn.

207 906 317 934 Attento
337 906 382 934 hic
403 906 496 934 animo
517 906 671 942 perpende,
686 911 856 935 sacramenta
872 913 956 941 quam

1044 906 1101 934 Καί
1114 915 1160 943 μοι
1174 905 1292 938 συνετῶς
1304 904 1399 937 ἐννόει,
1419 904 1455 932 τὰ
1475 904 1538 941 ιερὰ
1550 904 1609 941 μεθ’
1623 905 1689 941 ὅσης
1704 903 1808 932 οἰκειό-

171 953 293 988 propriis
314 951 435 980 involuta
455 952 510 980 sint
524 952 621 987 signis.
638 952 746 980 Etenim
762 960 825 980 cum
839 952 866 980 in
882 951 961 980 nobis

171 1006 247 1026 mors
275 1006 329 1025 non
354 998 408 1032 sit,
434 1002 465 1025 ut
488 998 651 1032 quibusdam
673 998 778 1034 placet,
799 998 963 1027 substantiae

171 1041 305 1075 abolitio,
326 1043 373 1070 sed
393 1041 603 1076 conjunctarum
618 1043 736 1078 partium
753 1044 906 1078 separatio,
926 1043 962 1071 ad

171 1089 199 1116 id
214 1089 286 1123 quod
307 1096 356 1116 nos
371 1089 439 1116 latet
452 1089 603 1123 abducens,
617 1089 735 1117 animam
747 1089 962 1125 quidem,quasi

171 1142 288 1170 corpore
304 1140 436 1171 perpetuo
455 1137 617 1171 privandam
629 1159 636 1170 ,
657 1144 757 1172 corpus
777 1143 859 1170 vero,
887 1136 963 1164 velut

171 1181 256 1209 bumo
273 1182 394 1209 abditum
405 1203 413 1216 ,
429 1182 484 1210 alia
498 1183 627 1218 quapiam
641 1179 803 1211 alteratione
814 1189 961 1218 corporea,

172 1235 208 1254 ex
226 1228 346 1255 humana
363 1228 454 1263 specie
469 1229 706 1257 exterminandum
722 1238 729 1263 ;
747 1236 800 1257 non
815 1228 964 1264 improprie

172 1272 266 1300 uitatis
285 1273 337 1299 ista
359 1280 437 1308 aquae
455 1274 596 1309 coopertio
613 1273 641 1302 in
661 1274 758 1302 mortis
777 1279 858 1309 atque
878 1273 965 1301 infor-

173 1318 228 1345 mis
244 1319 390 1353 sepultura:
405 1319 521 1354 tiguram
537 1320 700 1354 accipiatur.
718 1319 964 1348 Sacramentaliter

173 1363 268 1399 itaque
297 1364 465 1400 baptizatum
493 1365 643 1401 symbolica
673 1365 819 1400 disciplina
849 1365 964 1401 mystice

173 1412 256 1438 docet
271 1411 360 1439 tribus
375 1410 428 1438 illis
443 1411 470 1438 in
487 1419 585 1447 aquam
602 1411 823 1440 immersionibus
835 1415 864 1439 et
875 1418 964 1439 emer-

174 1456 300 1484 sionibus
317 1457 437 1485 divinam
454 1457 536 1485 trium
554 1457 661 1485 dierum
679 1464 712 1485 ac
731 1457 853 1485 noctium
871 1455 964 1491 sepul-

177 1507 246 1531 turae
260 1503 324 1531 Jesu
340 1503 402 1530 vitae
418 1503 541 1532 auctoris
557 1507 674 1531 mortem
692 1503 814 1537 imitari,
830 1507 965 1538 quatenus

175 1550 334 1578 hominibus
349 1550 511 1577 conceditur
524 1549 584 1584 ejus
602 1549 737 1582 imitatio,
754 1550 780 1576 in
797 1556 871 1585 quo,
884 1549 962 1585 juxta

1011 960 1094 987 τητος
1107 951 1163 987 ἔχει
1176 951 1211 978 τὰ
1223 950 1356 986 σύμϐολα.
1368 950 1424 977 Καὶ
1432 949 1487 986 γὰρ
1499 950 1592 986 ἐπειδὴ
1605 950 1718 983 θάνατός
1730 951 1810 978 ἐστιν

1012 997 1056 1032 ἐφ’
1072 995 1152 1032 ὴμῶν
1164 996 1194 1023 οὐ
1208 996 1257 1031 τῆς
1278 995 1372 1027 οὐσίας
1391 995 1574 1031 ἀνυπαρξία⁸¹
1588 995 1660 1023 κατὰ
1678 996 1709 1023 τὸ
1727 995 1810 1028 δόξαν

1012 1043 1118 1079 ἑτέροις
1129 1063 1136 1076 ,
1160 1042 1217 1070 ἀλλ’
1238 1043 1256 1078 ἡ
1274 1042 1330 1069 τῶν
1343 1041 1490 1078 ἡνωμένων
1500 1042 1523 1058 ³⁸
1542 1042 1678 1078 διάκρισις
1688 1062 1695 1075 ,
1719 1044 1760 1075 είς
1775 1043 1809 1070 τὸ

1011 1090 1078 1126 ἡμῖν
1092 1089 1194 1124 ἀφανὲς
1212 1088 1316 1123 ἄγουσα
1331 1088 1383 1124 τὴν
1395 1088 1485 1124 ψυχὴν
1499 1088 1558 1124 μὲν,
1571 1088 1609 1121 ὠς
1625 1089 1655 1115 ἐν
1677 1089 1809 1125 στερήσει

1013 1135 1139 1172 σώματος
1152 1135 1229 1171 ἀειδῆ
1242 1135 1415 1171 γιγνομένην,
1427 1135 1458 1161 τὸ
1469 1134 1549 1170 σῶμα
1567 1134 1606 1167 δέ,
1619 1134 1657 1167 ὡς
1669 1136 1699 1163 ἐν
1709 1136 1744 1171 τῇ
1757 1144 1809 1162 καν-

1013 1182 1192 1217 λυπτόμενον,
1213 1181 1274 1208 καθ’
1287 1182 1383 1217 ἑτέραν
1400 1180 1462 1208 τινὰ
1480 1180 1534 1208 τῶν
1556 1181 1744 1216 σωματοειδῶν
1756 1182 1808 1209 ἀλ-

1013 1227 1148 1256 λοιώσεων
1156 1228 1190 1261 ⁸³,
1202 1228 1235 1254 ἐκ
1245 1228 1295 1263 τῆς
1312 1227 1374 1255 κατ’
1388 1226 1532 1263 ἄνθρωπον
1547 1227 1618 1259 ἰδέας
1638 1227 1810 1263 ἀφανιζόμε-

1013 1283 1058 1302 νον
1068 1282 1074 1289 ·
1088 1274 1195 1306 οίκείως
1208 1274 1225 1309 ἡ
1237 1273 1270 1301 δι’
1285 1273 1380 1305 ὓδατος
1399 1274 1476 1310 ὑλικὴ
1493 1273 1610 1309 κάλυψις
1630 1275 1671 1306 είς
1690 1274 1741 1310 τὴν
1758 1274 1809 1301 τοῦ

1014 1320 1129 1348 θανάτου
1149 1320 1195 1347 καὶ
1205 1319 1252 1346 τοῦ
1270 1320 1319 1355 τῆς
1327 1320 1351 1336 ⁸⁸
1362 1320 1451 1356 ταφῆς
1471 1318 1578 1352 ἀειδοῦς
1599 1320 1691 1347 εἰκόνα
1711 1320 1810 1356 παρεί-

1013 1366 1127 1403 ληπται.
1140 1366 1192 1394 Τὸν
1203 1364 1249 1393 οὖν
1262 1365 1343 1402 ίερῶς
1357 1365 1554 1402 βαπτιζόμενον
1565 1367 1582 1402 ἡ
1604 1366 1755 1402 συμϐολικὴ
1768 1366 1811 1393 δι-

1013 1412 1147 1440 δασκαλία
1160 1414 1336 1449 μυσταγωγεῖ
1355 1413 1414 1445 ταῖς
1433 1411 1515 1448 ἐντῷ
1533 1411 1610 1439 ὕδατι
1630 1412 1704 1448 τρισὶ
1723 1420 1810 1439 καταν-

1014 1458 1106 1485 δύσεσι
1116 1458 1140 1474 ⁵⁸
1163 1458 1209 1485 τὸν
1228 1457 1372 1493 θεαρχικδν
1392 1456 1443 1492 τῆς
1463 1456 1694 1493 τριημερονύκτου
1717 1456 1810 1492 ταφῆς

1021 1504 1109 1540 Ἰησοῦ
1131 1504 1179 1531 τοῦ
1197 1503 1328 1537 ζωοδότου
1351 1503 1494 1540 μιμεῖσθαι
1509 1503 1632 1536 θάνατον,
1646 1503 1684 1536 ὡς
1698 1503 1809 1538 ἐφικτὸν

1015 1550 1129 1586 ἀνδράσι
1141 1550 1172 1576 τὸ
1183 1550 1350 1586 θεομίμητον
1360 1569 1367 1582 ,
1381 1550 1412 1577 ἐν
1424 1546 1456 1583 ᾧ,
1472 1549 1545 1576 κατὰ
1556 1550 1605 1585 τὴν
1617 1548 1664 1576 τοῦ
1684 1549 1776 1584 λογίου
1784 1549 1809 1565 ⁸⁸

175 1595 320 1631 mysticam
335 1601 362 1623 et
375 1603 504 1624 arcanam
518 1595 666 1631 Scriptum
681 1595 874 1630 traditionem,
887 1595 964 1631 prin-

1019 1595 1196 1633 μυστηριώδη
1208 1597 1256 1624 καὶ
1269 1596 1387 1632 κρυφίαν
1399 1595 1560 1632 παράδοσιν,
1571 1595 1646 1623 οὐδὲν
1659 1595 1776 1632 εὕρηκεν
1784 1594 1808 1612 ⁸⁷

175 1649 241 1677 ceps
261 1641 343 1678 hujus
363 1642 456 1670 mundi
472 1649 529 1670 non
544 1641 649 1670 invenit
661 1641 822 1677 quidquam.

1016 1645 1032 1671 ὁ
1041 1642 1090 1671 τοῦ
1102 1643 1206 1679 κόσμου
1219 1642 1323 1680 ἄρχων.

935 1719 951 1759 5
967 1719 1053 1752 vnt.

212 1788 343 1819 Candidis
360 1791 459 1820 deinde
476 1792 650 1820 vestimentis
669 1792 784 1821 induunt
803 1791 941 1820 initiatum
955 1799 964 1820 :

177 1836 249 1863 virili
264 1837 338 1864 enim
353 1845 387 1865 ac
401 1838 528 1866 deiformi
545 1846 692 1874 pravorum
707 1838 856 1867 aﬂ‘ectuum
872 1838 967 1866 vacui-

177 1885 233 1910 tate
246 1903 253 1916 ,
275 1890 324 1910 nec
340 1891 393 1911 non
410 1883 518 1912 intenta
539 1884 566 1912 in
586 1892 672 1912 unum
692 1885 779 1912 animi
800 1883 966 1917 affectione,

178 1935 240 1955 cuin
258 1929 284 1955 id
301 1930 373 1964 quod
389 1934 488 1957 omatu
504 1930 615 1958 carebat
630 1935 756 1964 ornatur,
774 1935 831 1958 tum
851 1930 879 1958 id
893 1929 967 1965 quod

178 1973 302 2002 deforme
319 1979 380 2003 erat
397 1975 541 2010 pulchrum
562 1976 689 2010 ellicitur,
710 1977 774 2004 dum
790 1976 891 2004 illustri
907 1983 969 2004 om-

178 2021 245 2048 nino
262 2021 319 2049 vita
348 2022 525 2057 splendescit.
545 2023 666 2057 Denique
683 2023 815 2058 unguenti
834 2023 879 2050 illa
899 2029 967 2050 con-

178 2075 321 2097 summans
337 2070 429 2098 unctio
446 2077 507 2098 eum
521 2071 568 2106 qui
584 2071 707 2098 initiatur
722 2070 816 2098 odoris
831 2070 969 2098 suavitate

178 2114 319 2148 perfundit
334 2124 341 2148 ;
358 2123 436 2143 sacra
456 2117 528 2144 enim
548 2117 647 2144 divina:
667 2116 854 2152 generationis
872 2115 967 2144 initia-

180 2159 219 2186 tio
232 2179 240 2192 ,
257 2167 288 2187 ea
303 2168 364 2194 qua:
380 2161 486 2188 initiata
503 2166 567 2188 sunt
582 2162 675 2190 divino
688 2161 803 2196 Spiritui
817 2159 968 2196 coniungit.

1056 1792 1135 1829 Ἑξῆς
1145 1793 1175 1820 δέ
1186 1793 1343 1829 φωτοειδεϊς
1355 1792 1473 1829 ἐσθῆτας
1484 1791 1658 1820 ἐπιϐάλλουσι
1669 1793 1709 1829 τῷ
1719 1793 1809 1820 τελου-

1017 1839 1089 1875 μένῳ
1099 1848 1106 1855 ·
1113 1841 1147 1876 τῇ
1157 1839 1193 1874 γὰ
1197 1848 1213 1876 ρ
1224 1839 1338 1876 ἀνδρικῇ
1348 1838 1396 1866 καὶ
1410 1839 1524 1866 θεοειδεῖ
1534 1838 1588 1866 τῶν
1602 1839 1732 1867 ἐναντίων
1738 1839 1809 1866 ἀπα.

1015 1887 1137 1922 θείᾳ,κα“ι
1145 1888 1178 1922 τῇ
1187 1886 1255 1922 πρὸς
1261 1887 1291 1913 τὸ
1298 1886 1327 1913 ἓν
1334 1886 1364 1912 ἐν
1371 1887 1496 1922 συντονιᾳ
1502 1886 1595 1913 συννεύ
1600 1886 1809 1922 σει,τδᾶκοσμον

1017 1933 1172 1968 κοσμεῖται,
1184 1932 1231 1959 καὶ
1243 1931 1275 1959 τὸ
1287 1931 1408 1959 ἀνείδεον
1418 1932 1592 1958 είδοποιεῖται
1601 1952 1609 1964 ,
1623 1933 1656 1968 τῇ
1669 1932 1810 1967 φωτοειδεῖ

1019 1978 1134 2006 καθόλου
1146 1978 1201 2014 ζωῇ
1216 1978 1450 2015 λαμπρυνόμενον.
1459 1978 1492 2005 Ἠ
1502 1978 1531 2005 δέ
1539 1977 1587 2004 τοῦ
1601 1977 1687 2014 μύρου
1699 1977 1809 2005 τελειω-

1018 2026 1082 2062 τικὴ
1094 2025 1183 2062 χρίσις
1196 2025 1282 2061 εὐώδη
1296 2026 1369 2052 ποιεῖ
1380 2025 1426 2052 τὸν
1436 2024 1626 2060 τετελεσμένον
1635 2033 1641 2039 ·
1653 2025 1670 2060 ἡ
1684 2024 1739 2060 γὰρ
1748 2024 1810 2060 ἱερὰ

1019 2072 1070 2107 τῆς
1093 2071 1265 2106 θεογενεσίας
1294 2070 1435 2103 τελείωσις
1457 2071 1513 2097 ἐνοῖ
1534 2070 1570 2097 τὰ
1589 2069 1747 2097 τελεσθέντα
1769 2070 1808 2106 τῷ

1021 2116 1159 2153 θεαρχικῷ
1178 2116 1328 2152 Πνεύματι.
1350 2115 1406 2151 Τὴν
1425 2115 1454 2142 δέ
1468 2114 1572 2151 νοητῶς
1591 2114 1743 2141 εὐοδοποιδν
1762 2116 1809 2142 καὶ

1020 2163 1208 2200 τελεσιουργὸν
1228 2161 1416 2198 ὲπιφοίτησιν,
1429 2161 1616 2198 ἁρῤητοτὰτην
1634 2158 1715 2188 οὖσαν
1725 2181 1732 2194 ,
1747 2161 1806 2188 ἐπι⁸

179 2205 267 2233 Porro
284 2206 411 2240 illapsum
431 2207 506 2234 illum
518 2228 525 2241 ,
542 2208 588 2242 qui
609 2207 760 2243 spiritalem
779 2207 859 2235 istam
875 2206 964 2234 odoris

1022 2211 1124 2245 γνῶναι
1137 2209 1238 2246 νοερῶς
1250 2209 1369 2245 παρίημι
1381 2210 1440 2240 τοῖς
1450 2208 1612 2243 ἠξιωμένοις
1622 2208 1672 2244 τῆς
1684 2207 1755 2234 κατὰ
1763 2207 1809 2234 τὸν

180 2253 344 2281 suavitatem
360 2252 439 2280 alfert
450 2272 458 2286 ,
476 2260 536 2280 cum
553 2253 589 2280 sit
603 2261 715 2288 prorsus
732 2252 894 2285 ineﬂ‘abilis,
910 2251 969 2286 spi-

181 2297 298 2326 ritaliter
314 2296 438 2332 relinquo
457 2298 675 2333 cognoscendum
696 2298 729 2326 iis
747 2298 794 2333 qui
815 2297 968 2326 secundum

181 2347 301 2370 mentem
324 2346 419 2370 sancta
439 2347 468 2370 et
494 2343 591 2370 deiﬁca
613 2343 696 2371 divini
715 2343 834 2379 Spiritus
848 2350 972 2372 commu-

182 2390 266 2417 nione
284 2389 356 2425 digni
373 2395 436 2417 sunt
450 2390 548 2418 habiti.
563 2389 678 2418 Demum
690 2391 817 2428 omnibus
832 2391 970 2426 peractis,

180 2443 245 2463 cum
256 2436 302 2471 qui
318 2435 440 2463 initiatus
453 2439 496 2462 est
508 2435 543 2463 ad
557 2435 756 2464 sanctissimam
767 2435 971 2464 Eucharistiam

183 2487 264 2510 vocat
275 2504 282 2515 ,
299 2487 326 2509 et
342 2481 539 2517 mysteriorum
553 2481 714 2514 perﬁciendi
733 2482 789 2510 vim
811 2481 970 2511 habentium

184 2529 406 2557 communionem
421 2527 462 2556 illi
479 2527 573 2556 tradit.

1023 2256 1086 2285 νοῦν
1102 2256 1149 2284 τοῦ
1163 2257 1236 2284 θείου
1248 2256 1407 2293 Πνεύματος
1420 2256 1496 2291 ἱερᾶς
1513 2255 1560 2282 καὶ
1573 2253 1701 2290 θεουργοῦ
1714 2262 1809 2280 κοινω-

1024 2303 1094 2336 νίας.
1117 2303 1160 2330 Ἐν
1170 2303 1243 2330 τέλει
1264 2303 1293 2330 δέ
1312 2303 1420 2330 πάντων
1432 2302 1446 2328 ό
1460 2301 1589 2337 ῑεράρχης
1602 2301 1648 2327 ἐπὶ
1665 2300 1713 2336 τὴν
1732 2300 1809 2335 ίερω-

1023 2351 1108 2387 τάτην
1131 2349 1315 2386 Εὑχαριστίαν
1341 2349 1421 2377 καλεῖ
1450 2348 1497 2376 τὸν
1523 2346 1729 2382 τετελεσμένον,
1761 2346 1809 2372 καλ⁵

1023 2395 1074 2430 τῆς
1101 2394 1157 2422 τῶν
1175 2393 1340 2422 τελεστικῶν
1370 2392 1529 2431 μυστηρίων
1549 2391 1624 2427 αὐτῷ
1648 2390 1807 2428 μεταδίδωσι

1023 2440 1174 2474 κοινωνίας.

819 2603 938 2636 VARUS
957 2605 1160 2636 LECTIONES.

222 2690 246 2706 ⁸⁸
263 2689 334 2721 Θεός,
348 2688 384 2726 M_.
400 2688 472 2726 Sc.__
483 2686 505 2703 "
517 2686 549 2726 _l_n
561 2723 567 2726 _
578 2688 671 2717 futuro
694 2688 863 2726 sppeyelks.
876 2687 972 2726 Eph.
985 2681 1021 2715 ID.
1032 2687 1064 2715 Β.
1076 2687 1139 2726 Sat“.
1159 2723 1174 2726 _
1186 2687 1209 2726 ’ξ

1225 2686 1284 2723 μετ’
1297 2687 1392 2720 αὑτάς,
1404 2685 1436 2723 Ρ.
1474 2685 1540 2723 “et?
1553 2684 1602 2723 ¹τῆς
1619 2683 1711 2723 οὐσίας
1720 2682 1806 2723 αὐεῇς

186 2718 395 2763 atumat}.
410 2730 438 2751 et
452 2723 483 2763 Υ.
516 2718 875 2763 ⁸η.ᾐνιιιημένωννδὲ,ξιβιεζ
905 2723 928 2763 ξ³
941 2728 1100 2763 praeponunt
1112 2718 1234 2763 ﬁ,_S._lf'.
1249 2724 1279 2750 Ι).
1294 2718 1805 2763 Β.ξιξ..ὃπηῃᾲλλιοίώσινιειτιιέοι

185 2752 212 2780 ⁵⁸
223 2752 267 2797 i’P-
281 2752 329 2789 διᾶὶ
340 2752 390 2797 ’ἓῆς
401 2758 500 2794 ταφῆς·
539 2752 682 2790 ’δὀᾱίιυιιι
692 2752 792 2790 ϐιιίί).
810 2759 841 2789 S.
857 2759 888 2788 Ρ.
904 2752 981 2788 Scot.
998 2752 1067 2788 'Sar.
1080 2752 1296 2788 κατ’ἁναδύσεσι.
1332 2759 1356 2775 ⁸⁸
1369 2757 1460 2793 λόγου,
1471 2752 1524 2785 Cb.
1540 2755 1602 2784 επ.
1638 2754 1661 2770 ⁵⁷
1672 2752 1762 2789 εὗρεν,
1775 2752 1805 2781 Ρ.
