1931 3073
253 149 303 180 ιιι

841 144 871 173 S.
890 143 1040 173 DlONYSll
1057 139 1290 170 AREOPAGITJE

1825 132 1872 164 ll!

254 211 362 241 quoque
372 204 399 232 in
412 202 503 231 divina
513 203 724 239 regeneratione
734 209 786 231 usu
799 202 892 231 venit:
909 202 1041 238 quocirca

1094 200 1141 227 καὶ
1155 200 1183 226 ἐν
1196 200 1230 235 τῇ
1246 198 1306 234 θείᾳ
1316 194 1495 232 ἀναγεννήσει
1510 192 1585 241 ἐστί’
1594 192 1605 230 )
1614 193 1658 241 διὰ
1673 192 1754 221 τοῦτο

254 252 371 287 primum
387 254 490 278 tractat
505 250 539 277 de
552 249 646 277 divino
667 249 846 285 baptismate.
872 249 981 278 Dictum
1001 253 1044 279 est

255 299 359 332 itaque,
376 303 490 331 scopum
514 299 615 324 nostrae
645 295 811 323 hierarchize
826 301 887 323 esse
908 295 943 322 ad
961 294 1046 324 Deum

254 343 493 376 assimilatiouem;
504 342 576 370 hanc
589 345 682 370 autem
695 349 747 370 non
762 341 844 369 aliter
852 341 917 369 licet
931 341 1045 377 adipisci

254 397 335 426 quam
352 397 401 425 per
414 389 463 417 Dei
478 388 670 421 dilectionem,
684 387 724 415 uti
738 386 830 415 divina
845 391 873 415 et
886 387 1045 422 evangelica

254 437 366 472 eloquia
388 436 510 463 tradunt.
527 434 595 463 Cum
615 434 705 470 igitur
725 434 778 461 ista
800 433 913 462 dilectio
938 438 1046 462 constet

253 480 447 509 observatione
462 479 619 508 divinorum
645 478 836 506 mandatorum
847 498 855 511 ,
870 479 971 513 quaerit
989 478 1044 506 sibi

255 529 352 555 ducem
378 531 433 554 tam
457 525 546 554 sancti
562 524 670 560 operis,
693 523 797 552 scilicet
815 524 849 551 ad
867 527 989 551 sanctam
1006 523 1046 550 di-

252 574 379 600 vinorum
405 573 596 600 mandatorum
611 571 830 603 exsecutionem,
844 575 927 606 atque
943 570 1045 606 reperit

252 626 306 647 non
323 626 383 647 esse
398 619 498 652 alium,
523 623 625 654 praeter
649 617 723 645 illam
745 624 779 645 ex
800 625 871 651 aqua
895 620 924 644 et
939 616 1043 652 Spiritu

252 665 501 701 regenerationem.
522 665 663 700 Siquidem
696 664 803 694 divinus
819 664 864 692 ille
878 664 1041 699 baptismus,

254 713 289 739 ad
318 712 368 740 Dei
388 711 608 739 familiaritatem
632 711 830 745 caelestemque
854 710 1042 737 baereditatem

252 758 418 793 principium
438 761 482 786 est
504 762 532 785 et
557 756 736 785 inlroductio.
759 756 921 789 Nisienim,
943 756 1040 791 inquit,

249 805 309 839 quis
334 808 442 831 renatus
455 803 537 839 fuerit
553 811 586 830 ea:
600 812 670 839 aqua
693 808 717 830 et
739 802 851 837 Spiritu,
873 811 926 830 non
945 802 1042 831 videbit

250 858 359 885 regnum
383 850 432 877 Dei
446 850 466 877 ι.
495 849 572 877 Unde
587 849 669 876 homo
690 849 835 879 exterioru
850 848 987 876 formatur
1005 848 1041 877 ad

250 896 390 925 meliorem
406 904 439 924 ac
451 896 600 924 salutarem
626 895 831 928 habitudinem,
847 900 876 924 et
893 895 927 922 ad
943 896 1042 923 verbo-

1096 244 1272 280 διαλαμὸἀνει
1297 243 1362 278 περὶ
1385 241 1432 269 τοῦ
1455 240 1528 268 θείου
1551 240 1748 276 βαπτίσματος.
1769 239 1872 275 Εἴρηται

1095 289 1185 317 τοίνυν
1201 289 1241 316 ὅτι
1256 288 1357 319 σκοπὸς
1377 288 1428 324 τῆς
1462 286 1524 314 καθ’
1542 286 1616 322 ἡμᾶς
1642 284 1782 321 ίεραρχίας
1804 284 1872 311 ἐστὶν

1095 336 1113 372 ἡ
1127 336 1195 372 πρὸς
1208 335 1274 363 Θεὸν
1287 334 1469 371 ἀφομοίωσις·
1482 332 1584 368 ταύτης
1597 332 1626 359 δὲ
1649 333 1700 360 οὐκ
1711 332 1795 364 ἄλλως
1805 331 1873 360 ἔστιν

1095 383 1234 418 ἐπιτυχεῖν
1251 381 1276 408 εἰ
1291 381 1329 418 μὴ
1340 381 1385 408 διὰ
1398 380 1449 416 τῆς
1463 378 1533 416 πρὸς
1555 378 1622 406 Θεὸν
1634 378 1797 414 ἀγαπήσεως
1806 398 1813 410 ,
1826 387 1873 405 και

1096 427 1150 460 θὼς
1165 427 1212 454 καὶ
1230 427 1266 454 τὰ
1289 426 1349 453 θεῖα
1370 425 1418 453 καὶ
1441 423 1607 459 εὺαγγελικὰ
1627 423 1778 460 παριστῶσι
1791 422 1871 457 λόγια.

1101 473 1177 501 Ἐπεὶ
1195 473 1285 500 τοίνυν
1299 472 1317 508 ἡ
1331 471 1442 507 τοιαύτη
1460 471 1600 506 ἀγάπησις
1614 470 1646 496 ἐκ
1659 468 1707 496 τοῦ
1725 469 1816 505 τηρεῖν
1827 469 1874 500 τάς

1095 518 1170 551 θείας
1181 518 1291 550 ἐντολὰς
1306 518 1475 549 συνίσταται,
1490 516 1568 552 ζητεῖ
1581 515 1631 552 τὴν
1644 514 1765 551 ἀρχηγὸν
1775 515 1874 550 ἱερουρ-

1093 566 1170 601 γίαν,
1193 564 1314 601 δηλονότι
1332 563 1408 600 ἱερὰν
1427 563 1560 599 ἐργασίαν
1582 562 1637 590 τῶν
1656 561 1736 588 θείων
1756 561 1873 592 ἐντολῶν,

1093 611 1142 638 καὶ¹
1156 610 1279 647 εὑρίσκει
1292 609 1420 645 οὐδεμίαν
1431 609 1514 645 ἄλλην
1526 610 1551 636 εί
1568 608 1605 645 μὴ
1619 608 1669 644 τὴν
1679 608 1713 634 δι’
1728 607 1874 639 Mazagas!

1093 657 1248 692 πνεύματος
1268 655 1455 691 ἀναγέννησιν.
1477 654 1561 692 Ἀρχὴ
1580 654 1636 690 γὰρ
1659 654 1707 681 καὶ
1728 653 1874 689 ὁδοποίησις

1092 704 1142 740 τῆς
1156 703 1225 739 πρὸς
1244 702 1311 730 Θεὸν
1334 701 1499 734 οἰκειώσεως
1515 700 1624 736 καὶτῆς
1638 699 1798 737 ἐπουρανίου
1811 699 1873 734 κλη-

1093 751 1221 787 ρονομίας
1233 749 1264 776 τὺ
1275 750 1345 776 θεῖον
1360 748 1478 784 ὑπάρχει
1496 747 1648 784 βάπτισμα.
1663 746 1719 772 Καὶ
1728 744 1792 780 γὰρ,
1809 745 1875 772 Ἐὰν·

1089 796 1131 832 μή
1145 805 1204 830 τις,
1218 796 1294 831 φησὶ,
1309 794 1441 831 γεννηθῇ
1455 794 1494 821 δι’
1507 793 1617 826 ὕδατος
1631 792 1681 820 καί
1694 792 1874 826 πνεύματος,

1091 844 1128 871 οὐ
1139 843 1182 879 μὴ
1198 843 1256 870 Ζδοι
1269 843 1326 877 τὴν
1339 841 1504 875 βασιλείαν
1517 840 1570 868 τοῦ
1581 838 1749 867 Θεσῦ.¹ὀθεν
1765 836 1876 874 μορφοῦ-

1092 898 1136 917 ται
1148 890 1163 916 ὁ
1174 889 1227 922 ἔξω
1239 888 1287 916 ἄνθ
1292 897 1382 925 ρωπος
1391 887 1459 924 πρὸς
1465 887 1607 923 κρείττονα
1615 885 1672 918 ἐξιν
1680 885 1727 912 καὶ
1734 885 1804 920 σωτή
1809 892 1873 920 ριον.

250 950 310 970 rum
324 949 495 978 operumque
510 942 558 970 Dei
571 942 782 970 institutionem.
794 942 937 976 Quomodo
948 946 1040 970 autem

1092 934 1139 961 καὶ
1152 933 1206 960 τῶν
1219 932 1289 960 κατὰ
1303 932 1369 960 Θεὸν
1383 932 1470 967 λόγων
1480 941 1511 958 τε
1521 931 1568 958 καὶ
1579 930 1748 967 πραγμάτων
1761 929 1809 965 τὴν
1822 929 1876 955 ἐπι-

248 975 361 1015 άῑνίιιιίε
384 975 539 1023 baptismus
563 988 703 1016 naturales
727 992 837 1016 nostros
859 987 969 1016 habitus
991 995 1040 1016 seu

1092 981 1225 1017 τήδευσιν.
1241 979 1304 1012 Πῶς
1317 979 1346 1006 δὲ
1362 979 1461 1015 μορφοῖ
1475 977 1525 1010 τὰς
1540 976 1659 1013 φυσικὰς
1671 975 1750 1012 ἡμῶν
1766 975 1836 1008 ἕξεις
1847 975 1876 1002 τὸ

248 1033 367 1061 aﬂ'eclus
382 1033 530 1061 eﬂormat?
549 1033 651 1069 Utique
665 1034 719 1061 vim
735 1034 879 1068 quamdam
897 1034 1041 1062 formatri-

1092 1026 1163 1054 θεῖον
1178 1026 1336 1062 βάπτισμας
1355 1026 1391 1052 Ἦ
1411 1025 1522 1056 πάντως
1535 1023 1649 1060 δύναμιν
1662 1023 1750 1060 ἐνίησι
1771 1031 1878 1060 μορφω-

249 1086 309 1106 cem
331 1079 426 1107 inserit
443 1080 572 1114 ﬁgmento
585 1085 687 1114 ucstro,
702 1080 807 1108 scilicet
820 1080 976 1115 appetendi,
991 1080 1040 1108 sed

1092 1072 1171 1109 τικὴν
1190 1072 1386 1104 ἀναπλάσεως,
1402 1070 1451 1098 τοῦ
1466 1070 1627 1107 ὀρέγεσθαι,
1647 1069 1715 1097 ἀλλά
1727 1069 1781 1096 τῶν
1796 1069 1877 1105 οὐρα-

250 1125 374 1152 οωίεειίιι
385 1125 473 1159 bona;
488 1126 629 1159 movendi,
642 1128 690 1154 sed
705 1126 738 1153 ad
747 1133 828 1154 omne
841 1134 913 1161 opus
927 1127 1039 1160 bonum;

249 1171 435 1198 ratiocinandi
462 1178 509 1199 seu
534 1171 692 1207 cogitandi,
715 1172 762 1200 sed
787 1180 848 1208 quae
864 1172 959 1201 oculus
984 1181 1039 1201 non

249 1215 328 1249 vidit,
346 1225 435 1251 neque
450 1217 527 1246 auris
541 1218 662 1251 audivit;
678 1219 903 1254 concupiscendi,
918 1220 966 1248 sed
981 1228 1040 1248 me-

248 1259 338 1294 liora;
364 1263 523 1298 irascendi,
547 1264 595 1292 sed
624 1264 736 1293 inimico
762 1265 860 1293 salutis
883 1271 993 1299 nostras,
1012 1270 1040 1294 et

248 1312 358 1336 czctera.
381 1308 516 1338 Praeclare
539 1309 611 1337 enim
629 1309 698 1338 dixit
722 1311 840 1347 inclytus
862 1311 1038 1345 llierotlieus,

247 1355 366 1390 primum
386 1359 414 1382 et
429 1356 560 1383 eximium
582 1356 682 1385 mentis
708 1362 811 1385 motum
830 1365 892 1385 esse
909 1359 955 1386 Dei
970 1359 1040 1387 dile-

1091 1120 1156 1147 νίων
1181 1119 1307 1153 ἀγαθῶν·
1332 1117 1380 1145 τοῦ
1404 1117 1554 1150 κινεῖσθαι,
1576 1116 1635 1144 ἀλλ’
1657 1117 1698 1149 είς
1721 1117 1775 1143 πᾶν
1799 1115 1879 1152 ἔργον

1090 1165 1192 1201 ἀγαθόν
1200 1164 1262 1192 ’τοῦ
1273 1163 1439 1200 λογίζεσθαι,
1450 1163 1518 1191 ἀλλὰ
1527 1163 1563 1190 τὰ
1575 1163 1593 1191 ἃ.
1602 1162 1742 1199 ὀφθαλμὸς
1753 1163 1802 1190 οὐκ
1815 1161 1879 1196 εἶδε,

1090 1212 1138 1239 καὶ
1152 1209 1199 1244 οὖς
1214 1212 1265 1238 οὐκ
1278 1211 1378 1247 ἢκουσε
1387 1218 1394 1225 ·
1409 1208 1457 1237 τοῦ
1473 1209 1628 1245 ἐπιθυμεῖν,
1641 1208 1709 1236 ἀλλὰ
1721 1207 1775 1235 τῶν
1789 1216 1880 1245 κρειτ-

1089 1258 1189 1285 τόνων
1203 1257 1252 1285 τοῦ
1274 1255 1537 1294 θυμοῦσθαιλὰλλὰ
1558 1255 1632 1283 κατὰ
1651 1255 1699 1282 τοῦ
1718 1254 1816 1290 ἐχθροῦ
1830 1254 1881 1289 τῆς

1091 1303 1229 1340 σωτηρίας
1241 1302 1320 1340 ἡμῶν
1330 1323 1338 1336 ,
1350 1303 1399 1330 καὶ
1411 1301 1510 1337 ἐφεξῆς
1521 1301 1556 1329 τὰ
1573 1301 1651 1329 ἄλλα.
1666 1300 1763 1332 Καλῶς
1774 1299 1829 1336 γὰρ
1843 1297 1881 1327 εί-

1091 1358 1140 1376 πεν
1154 1351 1168 1377 ὁ
1182 1350 1287 1382 κλεινὸς
1302 1348 1441 1385 Ἱερόθεος,
1455 1348 1498 1375 ὅτι
1512 1347 1530 1383 ἡ
1545 1346 1731 1383 προτιμοτάτη
1747 1347 1795 1373 καὶ
1808 1345 1882 1378 ἐξαί-

185 1704 190 1710 ,
249 1675 352 1703 divina.
370 1674 466 1711 Neque
480 1677 553 1704 enim
569 1685 602 1704 ea:
611 1677 795 1712 sanguinibtu,
810 1687 892 1713 neque
902 1687 935 1706 ea:
946 1681 1039 1707 t-oluu-

247 1401 378 1428 ctionem.
409 1400 495 1434 Hujus
519 1406 613 1429 autem
630 1402 785 1430 dilectionis
805 1404 883 1438 quasi
902 1405 1038 1439 quoddam

1092 1405 1167 1432 ρετος
1187 1396 1296 1432 κίνησις
1316 1395 1364 1422 τοῦ
1379 1395 1425 1422 νοῦ
1450 1396 1467 1431 ἡ
1489 1395 1560 1431 πρὸς
1586 1393 1653 1421 Θεὸν
1676 1393 1770 1428 ἀγάπη
1794 1393 1881 1420 ἐστίν.

247 1446 411 1481 principium
426 1451 468 1474 est
480 1446 572 1474 divina
599 1448 687 1474 nostri
705 1437 852 1475 fabricatio
862 1469 870 1482 ,
885 1437 946 1484 quae
959 1450 1040 1477 nimi-

1092 1443 1199 1480 Ταύτης
1217 1443 1246 1470 δὲ
1262 1443 1312 1479 τῆς
1333 1443 1444 1478 ἀγάπης
1463 1442 1534 1478 ἀρχή
1555 1449 1599 1473 τις
1623 1437 1679 1467 οἶόν
1692 1440 1766 1466 ἐστιν
1782 1440 1799 1475 ἡ
1821 1439 1883 1466 θεία

248 1498 309 1519 runt
326 1491 356 1518 ﬁt
378 1499 426 1526 per
440 1492 606 1527 baptismum
620 1513 628 1525 ,
651 1494 800 1521 secundum
818 1502 900 1529 quam
916 1495 1037 1523 divinum

1092 1490 1254 1526 δημιουργία
1269 1489 1358 1525 ἡμῶν,
1377 1489 1394 1524 ἡ
1412 1488 1457 1515 διὰ
1475 1487 1523 1514 τοῦ
1539 1485 1735 1522 βαπτίσματος
1748 1485 1883 1520 δηλονότι,

248 1541 350 1565 statum
365 1538 527 1566 inchoamus
541 1547 548 1566 :
564 1539 700 1574 siquidem
715 1547 746 1567 ea
759 1548 820 1574 quae
832 1548 864 1568 ex
877 1541 982 1569 semine
996 1546 1039 1570 est

1092 1537 1151 1564 καθ’
1172 1537 1205 1572 ἣν
1223 1537 1303 1568 θείως
1323 1534 1393 1563 εἷναι
1413 1534 1553 1572 ἀρχόμεθα
1563 1542 1571 1550 ”
1586 1534 1604 1570 ὴ
1621 1534 1670 1569 μὲν
1683 1533 1738 1568 γὰρ
1752 1533 1785 1560 ἐκ
1798 1533 1885 1569 σπέρ-

248 1584 335 1612 nostri
348 1584 513 1618 fabricatio,
530 1586 582 1613 etsi
605 1586 641 1613 sit
654 1593 687 1613 ex
703 1587 846 1615 conditore
859 1587 924 1621 Deo,
944 1593 1035 1616 tamen

1092 1593 1176 1620 ματος
1195 1583 1273 1619 ἡμῶν
1287 1583 1470 1619 δημιουργία,
1487 1583 1512 1609 εί
1535 1581 1582 1609 καὶ
1606 1581 1639 1607 ὲκ
1658 1579 1726 1607 θεοῦ
1748 1580 1884 1617 δημιουρο

248 1629 384 1657 naturalis
398 1635 451 1663 est,
473 1638 504 1658 ea
519 1639 585 1659 vero
600 1639 661 1666 qua:
681 1640 716 1660 ex
741 1632 905 1667 baptismate
918 1635 1037 1670 exsistit,

1092 1630 1201 1665 γοῦντός
1215 1631 1307 1663 ἐστιν,
1327 1630 1385 1657 ἀλλ’
1400 1627 1448 1656 οὖν
1470 1629 1571 1665 φυσική
1596 1626 1686 1655 ἐστιν’
1702 1628 1719 1663 ἡ
1732 1627 1760 1654 δέ
1780 1627 1815 1654 ἐκ
1834 1627 1885 1655 τοῦ

1090 1675 1371 1712 βαπτίσματος-θεία.
1395 1676 1436 1702 Οὐ
1457 1674 1513 1710 γὰρ
1529 1674 1565 1707 ἐξ
1586 1673 1733 1709 αίμάτων,
1755 1672 1829 1700 οὐδὲ
1850 1673 1887 1701 ἐκ

249 1725 304 1747 tale
315 1721 373 1754 uiri,
401 1730 446 1749 nec
457 1730 491 1749 ea:
503 1721 639 1750 uoluntate
659 1724 779 1751 carnis‘.
804 1723 1037 1757 Quemadmodum

1092 1721 1256 1756 θελήματος
1275 1721 1404 1756 ἀνδρὸς,
1428 1720 1499 1748 οὐδὲ
1511 1719 1546 1747 ἐκ
1568 1719 1735 1754 θελήματος
1755 1719 1886 1753 σαρκός.

249 1766 332 1801 igitur
348 1767 375 1795 in
400 1768 518 1795 naturali
540 1769 685 1797 nativitate
701 1775 811 1804 oportet
830 1774 947 1805 primum
963 1772 1039 1799 cxsi~

250 1817 324 1841 stere
341 1814 368 1841 in
385 1814 466 1849 179
482 1822 574 1842 rerum
587 1820 697 1848 natura,
712 1823 743 1844 ac
755 1816 854 1844 deinde
865 1817 999 1850 vicissim,
1011 1823 1040 1846 et

249 1866 332 1893 agere
345 1864 372 1886 et
388 1860 456 1894 pati,
474 1859 599 1888 homines
612 1860 723 1896 quidem
739 1869 800 1896 qure
824 1862 876 1890 sibi
893 1867 958 1890 sunt
974 1871 1039 1897 pro~

250 1903 321 1939 pria,
337 1904 416 1946 bruta
435 1912 500 1933 vero
522 1913 583 1940 quae
603 1911 668 1933 sunt
681 1906 863 1934 conducibilia
876 1915 883 1933 :
897 1907 938 1935 sic
955 1908 1039 1935 etiam

249 1949 278 1979 in
293 1950 384 1978 divina
411 1951 541 1987 baptismi
565 1954 776 1988 regeneratione
791 1958 901 1988 oportet
917 1954 1040 1989 primum

250 1994 308 2023 Deo
321 1996 441 2024 existere
459 2016 468 2030 ,
491 2004 523 2025 ac
539 1997 640 2025 deinde
662 1997 837 2026 dilectionem
849 1998 908 2033 ejus
920 1999 1040 2034 operari,

250 2040 291 2068 uti
309 2046 408 2069 caetera
423 2050 485 2078 qua!
501 2043 536 2071 ad
555 2048 630 2072 recte
650 2044 796 2072 vivendum
821 2049 956 2080 spectant.
978 2045 1042 2080 Ejus

238 2087 324 2115 enim
339 2088 413 2122 quod
429 2095 604 2124 nequaquam
624 2094 676 2121 est,
691 2097 781 2123 neque
797 2094 888 2117 motus
902 2094 955 2122 est;
969 2089 1041 2124 quod

251 2138 344 2161 autem
358 2141 471 2169 quoquo
485 2140 565 2170 pacto
579 2136 701 2169 est,sive
715 2136 788 2170 quod
801 2136 889 2164 solum
905 2136 1042 2169 subsistit,

251 2181 410 2215 operabitur
423 2181 539 2208 omnino
556 2190 617 2216 qua:
638 2182 690 2210 sibi
715 2188 782 2209 sunt
807 2182 996 2215 accommoda,
1013 2188 1043 2210 ut

1091 1769 1198 1804 Ὥσπερ
1224 1768 1314 1795 τοίνυν
1336 1767 1365 1794 ὲν
1385 1767 1418 1802 τῇ
1438 1766 1540 1802 φυσικῇ
1567 1765 1692 1801 γεννήσει
1713 1764 1753 1791 δεῖ
1775 1764 1889 1800 πρῶτον

1091 1815 1211 1851 ὑπάρξαι
1225 1815 1265 1847 είς
1279 1814 1310 1841 τὸ
1323 1811 1392 1841 εἶναι
1402 1834 1409 1846 ,
1425 1813 1473 1840 καὶ
1491 1813 1553 1840 τότε
1571 1813 1717 1850 ἐνεργῆσαι
1736 1811 1770 1840 τὰ
1783 1813 1890 1841 κατάλ-

1090 1862 1158 1898 ληλα
1170 1881 1177 1894 ,
1200 1862 1247 1889 καὶ
1266 1861 1379 1892 παθεῖν,
1394 1857 1449 1888 οἷον
1470 1859 1631 1896 ἀνθρώπους
1653 1860 1702 1896 μὲν
1729 1859 1764 1887 τὰ
1783 1860 1888 1892 οίκεϊα,

1090 1907 1175 1942 ἄλογα
1185 1907 1213 1934 δὲ
1227 1907 1308 1934 πάλιν
1322 1907 1356 1934 τὰ
1368 1906 1526 1943 πρόσφορα’
1542 1906 1614 1933 οὕτω
1639 1906 1687 1933 καὶ
1709 1906 1738 1933 ἐν
1761 1907 1796 1942 τῇ
1823 1906 1890 1942 θείᾳ

1091 1953 1139 1980 τοῦ
1155 1953 1341 1989 βαπτίσματος
1355 1953 1534 1989 ἀναγεννήσει
1552 1953 1594 1979 δεῖ
1607 1952 1714 1988 πρῶτον
1725 1952 1785 1988 Θεῷ
1799 1952 1891 1988 ὑπάρ-

1092 1999 1151 2032 ξαι,
1172 2000 1219 2026 καὶ
1235 2000 1295 2026 τότε
1310 1999 1457 2035 ἐνεργῆσαι
1472 1999 1522 2036 τὴν
1542 1999 1653 2034 ἀγάπην
1667 1998 1749 2025 αὐτοῦ
1761 2018 1768 2030 ,
1785 1998 1835 2025 καὶ
1853 1999 1892 2025 τὰ

1091 2045 1172 2073 λοιπὰ
1194 2045 1262 2082 πρὸς
1281 2045 1412 2078 εὐζωταν·
1428 2044 1476 2071 τοῦ
1498 2044 1553 2082 γὰρ
1576 2044 1702 2081 μηδαμοῦ
1719 2045 1798 2076 ὄντος
1825 2044 1892 2072 οὐδὲ

1092 2093 1198 2128 κίνησίς
1211 2093 1283 2119 ἐστι·
1299 2092 1330 2119 τὸ
1344 2092 1373 2119 δέ
1388 2101 1447 2124 πως
1459 2091 1499 2124 ὃν,
1508 2092 1591 2128 ἤγουν
1601 2091 1631 2118 τὸ
1645 2091 1732 2127 μόνως
1747 2091 1890 2121 ὑποστὰν,

1091 2139 1232 2174 ἐνεργήσει
1252 2138 1360 2170 πάντως
1374 2137 1408 2165 τὰ
1424 2137 1567 2174 πρόσφορα
1584 2137 1624 2169 είς
1638 2136 1668 2163 τὸ
1688 2136 1818 2170 γενέσθαι
1837 2137 1894 2163 καὶ

1093 2185 1204 2213 τοιῶσδε
1224 2184 1252 2211 ὃν
1268 2184 1285 2220 ἢ
1299 2184 1414 2217 τοιόνδε,
1434 2178 1488 2210 οἷον
1503 2183 1596 2215 ἁπλῶς
1616 2183 1656 2214 είς
1671 2182 1788 2218 ὕπαρξιν
1801 2182 1897 2209 ἐλθὼν

252 2227 346 2255 taliter
360 2232 407 2255 aut
422 2228 478 2256 tale
492 2228 559 2263 quid
575 2229 704 2262 exsistat,
715 2236 742 2258 ν.
758 2237 786 2265 g.
804 2229 895 2261 homo,
908 2229 955 2264 qui
978 2229 1041 2257 sim-

1093 2231 1244 2267 ἄνθρωπος.
1261 2230 1323 2262 Πῶς
1340 2228 1386 2257 οὖν
1404 2229 1444 2256 ἔτι
1455 2249 1462 2261 ,
1480 2228 1516 2265 μὴ
1540 2229 1690 2264 ἐνεργήσας
1705 2237 1748 2259 τι,
1771 2227 1897 2254 δύναται

250 2274 362 2310 pliciter
380 2274 407 2301 in
424 2282 516 2302 rerum
532 2280 662 2302 naturam
697 2275 809 2311 prodiit.
833 2275 977 2309 Quomodo
994 2275 1042 2310 igi-

252 2324 299 2347 tur
312 2320 358 2355 qui
375 2320 492 2348 necdum
507 2324 640 2356 operatur
653 2320 815 2356 quidquam,
831 2326 921 2357 potest
936 2329 969 2349 eo
980 2329 1042 2355 per-

252 2366 348 2393 venire
362 2371 392 2393 ut
407 2366 468 2394 talis
485 2367 540 2398 sit,
568 2367 644 2394 verbi
661 2367 765 2402 gratia.
786 2367 890 2402 justus,
906 2367 1042 2396 :faciendo

251 2411 402 2447 iustitiam;
416 2413 458 2441 vel
477 2413 548 2447 talis,
564 2413 636 2440 aliud
652 2414 718 2447 quid
730 2414 888 2448 operando9
903 2414 1041 2442 Caeterum

254 2465 318 2486 cum
330 2457 416 2486 divini
430 2458 601 2493 baptismatis
615 2458 737 2494 symbola
751 2457 926 2493 conspecturi
941 2459 1035 2491 simus,

254 2511 335 2533 nemo
361 2503 490 2539 profanus
508 2503 542 2530 ad
569 2511 661 2530 rerum
693 2503 828 2531 dictarunt
853 2504 1039 2538 spectaculum

254 2549 383 2583 accedat;
407 2556 494 2584 neque
515 2548 586 2576 enim
616 2549 717 2577 debiles
744 2549 837 2577 oculos
867 2549 1031 2577 habentibus

255 2600 346 2624 totum
361 2600 403 2624 est
421 2596 528 2624 obtueri
553 2595 638 2623 radiis
662 2602 731 2630 quos
754 2595 795 2623 sol
819 2595 970 2631 ejaculatur
994 2595 1042 2630 (id

257 2644 331 2671 enim
345 2648 398 2677 est,
410 2650 425 2669 a
440 2642 496 2671 sole
516 2642 673 2678 fabricatis)
687 2650 750 2670 cum
764 2642 847 2670 etiam
864 2642 890 2669 in
904 2642 972 2677 legis
984 2650 1044 2669 um-

257 2690 317 2718 bris
333 2689 412 2726 (quas
428 2689 510 2717 etiam
526 2689 710 2717 hierarchiam
723 2689 854 2724 appellat)
873 2689 954 2717 Ozias
969 2680 1044 2724 lepra

259 2740 403 2772 comptus
415 2735 451 2764 sit
461 2743 555 2765 coram
571 2736 630 2764 Deo
641 2735 752 2764 adolens
765 2736 921 2770 incensum;
934 2740 963 2763 et
974 2736 1045 2764 Core

300 2862 311 2879 ‘
325 2860 401 2889 loan.
416 2869 457 2896 ιιι,
470 2861 497 2889 5.
534 2861 558 2882 ’τι
571 2859 659 2889 [Μαι.
677 2859 816 2896 intcrior.]
855 2865 868 2880 ⁷
880 2859 958 2889 .loan.
974 2858 1043 2894 i,l5.

1091 2277 1177 2304 ἐλθεῖν
1192 2277 1233 2309 είς
1245 2276 1276 2303 τὸ
1292 2276 1395 2303 τοιόσδε
1411 2272 1490 2305 εἶναι,
1507 2275 1590 2310 ἤγουν
1605 2274 1719 2306 δίκαιος,
1733 2274 1899 2309 ἐνεργήσας

1091 2323 1140 2359 τὴν
1153 2321 1326 2357 δικαιοσύνην
1336 2330 1343 2336 ·
1361 2321 1377 2356 ἢ
1393 2320 1505 2352 τοιόσδε,
1520 2320 1583 2347 ἄλλο
1596 2328 1622 2346 τι
1635 2319 1802 2355 ἐνεργήσας
1814 2319 1902 2346 Ἐπεὶ

1090 2368 1119 2395 δὲ
1141 2368 1273 2404 μέλλομεν
1297 2366 1458 2394 ἐποπτεύειν
1475 2366 1510 2393 τὰ
1535 2366 1582 2393 τοῦ
1603 2366 1675 2393 θείου
1696 2366 1903 2401 βαπτίσματος

1092 2414 1231 2450 σύμϐολα,
1254 2414 1347 2450 μηδεὶς
1370 2413 1512 2445 ἀτέλεστος
1537 2412 1598 2439 ἱὲτω
1617 2412 1663 2438 ἐπὶ
1680 2412 1729 2447 τὴν
1746 2411 1815 2438 θέαν
1839 2412 1903 2438 τῶν

1091 2461 1261 2496 λεγομένων’
1274 2459 1322 2487 καὶ
1343 2459 1398 2495 γὰρ
1421 2459 1482 2485 οὺδέ
1506 2459 1562 2490 τοῖς
1583 2457 1708 2484 ἀσθενέσι
1729 2456 1804 2483 κατὰ
1829 2458 1904 2489 τοὺς

1092 2507 1249 2541 ὀφθαλμοὺς
1264 2506 1405 2533 ἀκίνδυνον
1420 2505 1450 2531 τὸ
1463 2505 1635 2532 ἀντιϐλέπειν
1649 2503 1717 2540 πρὸς
1731 2504 1783 2535 τὰς
1800 2503 1904 2537 αὐγὰς

1092 2553 1124 2586 ἃς
1139 2555 1154 2580 ὁ
1167 2552 1242 2589 ἣλιος
1257 2553 1357 2588 τεύχει,
1373 2551 1462 2587 (τοῦτο
1476 2551 1530 2587 γάρ
1544 2552 1602 2578 ἐστι
1615 2551 1645 2578 τὸ
1661 2549 1858 2585 ἡλιοτεύκτοις
1871 2569 1880 2580 ,
1894 2550 1902 2584 )

1094 2599 1194 2633 ὅπουγε
1209 2599 1256 2625 καὶ
1269 2599 1298 2625 ἐν
1310 2599 1366 2630 τοῖς
1375 2597 1422 2624 τοῦ
1438 2597 1521 2633 νόμου
1542 2596 1676 2628 σκιώδεσι,
1692 2595 1824 2631 (κάκεῖνα
1842 2595 1905 2631 γὰρ

1096 2644 1236 2681 ίεραρχίαν
1263 2642 1376 2679 καλεῖ,)
1401 2644 1448 2670 καὶ
1470 2642 1561 2676 Ὀζίας
1582 2641 1743 2678 ἐλεπρώθη,
1772 2640 1905 2668 ἐνώπιον

1096 2689 1164 2716 Θεοῦ
1179 2689 1330 2725 θυμιάσας·
1347 2689 1394 2716 καὶ
1408 2690 1481 2725 Κορὲ
1499 2688 1648 2724 κατεπόθη,
1663 2687 1717 2714 τῶν
1732 2687 1772 2723 μὴ
1789 2695 1907 2723 προση-

1097 2736 1198 2764 κόντων
1234 2736 1315 2773 ἱερῶν
1331 2769 1334 2772 λ
1351 2735 1592 2773 ἀντιποιούμενος’
1620 2735 1667 2762 καὶ
1706 2732 1808 2761 Ναδὰσ
1853 2731 1907 2760 καὶ
