1931 3073
253 168 307 198 H5

843 162 871 191 S.
891 161 1041 190 DiONYSll
1057 157 1289 188 ΛΒΕΟΡΑΩΙΤᾸΞ

1826 147 1881 177 ιιθ

250 232 357 260 culatns
369 238 377 258 :
389 234 454 256 tunc
467 227 540 256 enim
560 226 631 254 forte
644 231 697 252 non
714 227 805 251 totans
823 226 897 251 esset
913 221 1036 253 dilectio,
1051 248 1052 251 η

1106 219 1150 246 ότε
1177 217 1231 252 γὰρ
1245 215 1323 251 τυχὸν
1334 213 1384 249 οὐχ
1395 211 1472 248 όλικὴ
1486 210 1589 246 ἐγίνετο
1600 209 1633 236 ἂν
1644 209 1662 244 ἡ
1679 207 1829 244 ἀγάπησις,
1842 205 1881 233 ετ-

250 276 338 304 sicubi
366 274 519 303 sectmdum
537 272 602 307 quid
619 271 660 303 is,
682 269 716 296 ad
735 275 816 304 quem
840 267 965 295 accessio
989 267 1039 300 lit,

252 324 387 359 perfectus
412 326 484 349 esset
500 325 528 347 et
542 317 748 350 immaculatus,
774 315 847 351 quod
863 323 915 342 non
931 318 1041 342 vacaret

254 368 476 404 reprehensione.
499 366 539 393 Ad
557 365 613 391 haec
630 370 708 396 vero,
730 367 874 397 postquam
890 360 978 395 ipsum
1000 360 1041 387 in-

253 416 352 444 struxit
365 413 501 450 quomodo
518 412 603 438 vitam
618 416 699 444 agere
720 416 752 435 ac
768 407 912 434 instituere
926 405 1040 436 debeat,

253 467 280 490 et
313 459 512 494 interrogavit,
540 461 603 493 post
624 454 849 490 astipulationem
874 452 932 486 ejus
957 451 1040 485 capiti

254 516 363 536 manum
380 505 495 541 imponit
511 503 683 537 subditisque
700 501 755 529 sibi
777 499 969 527 sacerdotibus
983 498 1041 524 dia-

253 555 385 588 conisque
401 551 524 582 mandat,
541 554 571 577 ut
588 549 614 576 in
630 554 725 576 sacras
751 545 860 573 tabulas
874 544 984 571 nomina
1000 550 1042 571 re-

256 600 346 627 ferant
362 603 417 626 tam
434 595 592 625 accedentis
606 601 688 629 quam
704 591 883 626 susceptoris.
901 589 980 617 Hunc
992 596 1042 617 au-

257 652 311 675 tem
328 646 456 673 existimo
469 650 531 671 esse
548 642 648 669 librum
665 639 827 667 viventium.

296 693 309 728 §
329 693 372 719 VI.
393 690 536 724 Completa
551 686 650 715 deinde
667 692 751 720 super
765 684 822 719 ipso
837 690 889 710 una
903 689 966 710 cum
981 680 1042 709 aliis

256 739 401 770 oratione,
430 736 518 770 ipsqu
544 733 638 764 exuit,
662 731 744 759 unica
766 729 912 760 nimirum,
937 733 965 755 et
987 734 1041 754 non

256 784 328 810 onmi
346 787 436 813 veste;
453 780 552 808 exinde
576 783 702 805 statuens
720 784 782 804 eum
804 776 836 803 ad
852 776 1041 806 occidentem,

259 829 388 861 tcrjuhet
412 825 549 854 insulﬂare
573 824 702 855 Satanm,
721 827 749 850 et
773 821 1042 849 abrenuntiationem

257 874 538 910 p!'0lilcli.let'elipse
551 871 824 905 181contestatus;
842 868 971 903 quoniam
989 867 1040 893 hoc

257 922 334 948 facis.
356 920 458 947 Deinde
478 919 610 946 transfert
635 917 670 944 ad
684 914 1044 949 orientem,i)eoquejubet

256 966 422 998 consentire,
448 968 620 1000 protestatus
637 967 665 990 et
692 963 736 990 hic
759 961 859 997 triplici
874 960 1046 996 professione

257 1013 349 1040 iidem.

295 1059 372 1096 §Vll.
384 1058 538 1092 llacitaque
550 1064 632 1092 prece
644 1057 726 1090 facta,
739 1054 857 1083 ministri
867 1054 946 1089 plane
958 1054 1046 1089 ipsum

257 1111 370 1137 exuunt,
384 1110 414 1132 ut
425 1112 504 1132 sacro
515 1104 575 1132 oleo
596 1104 753 1138 inungatur.
770 1101 838 1129 Dum
851 1106 940 1128 autem
955 1108 1048 1129 sacer-

258 1153 337 1180 dotes
361 1159 422 1179 eum
446 1152 594 1186 inungunt,
616 1149 744 1177 Pontifex
766 1149 800 1176 ad
824 1148 978 1182 adoptionis
991 1155 1048 1174 ma-

260 1204 329 1226 trem
359 1199 417 1226 sive
443 1197 633 1233 baptisterium
658 1195 774 1229 accedit,
805 1194 962 1229 ibidemque
985 1202 1047 1222 cum

260 1251 358 1278 aquam
374 1243 526 1274 benedixit,
541 1247 624 1276 atque
637 1240 762 1268 recitavit
787 1247 898 1268 sacrum
916 1240 1048 1275 hymnum

261 1289 349 1316 sancti
364 1288 482 1323 Spiritus
495 1288 553 1323 (qui
573 1293 686 1315 sanctus
709 1286 829 1321 Spiritus
840 1292 883 1314 est
895 1287 1048 1314 divinorum

260 1335 454 1370 prophetarum
482 1335 637 1370 inspiratio)
655 1334 743 1365 virum
761 1334 871 1368 accipit.
887 1332 945 1360 Non
959 1337 1049 1360 autem

262 1381 332 1408 dixit
358 1388 468 1408 sacrum
496 1381 628 1416 hymnum
653 1380 809 1408 divinorum
838 1380 1046 1414 prophetarum,

263 1435 352 1462 neque
377 1428 451 1455 enim
475 1428 615 1463 propheta:
641 1434 736 1454 omnes
763 1434 846 1453 unum
874 1431 955 1460 atque
977 1426 1049 1453 idem

262 1465 574 1513 caiiticunrrecitarunt.
589 1474 637 1501 Est
651 1477 741 1500 autem
763 1473 887 1508 psalmus
901 1472 1052 1500 vicesimus

263 1525 396 1547 octavus:
417 1519 472 1548 Vox
498 1520 603 1547 Domini
635 1527 714 1554 utpar
745 1527 840 1553 aquas,
868 1523 896 1546 et
924 1518 1050 1546 Alleluia.

265 1567 370 1601 Quibus
396 1567 523 1595 omnibus
548 1574 630 1601 super
652 1566 711 1600 ipso
739 1566 793 1593 rite
821 1566 952 1600 peractis,
972 1573 1051 1593 sacro

264 1616 326 1641 oleo
352 1614 504 1646 inunctmn,
524 1614 684 1648 participem
714 1612 789 1639 illum
818 1612 883 1639 facit
909 1612 1052 1638 immorta-

266 1658 331 1686 lium
347 1659 549 1694 mysteriorum.
567 1657 624 1685 Non
647 1661 755 1692 oportet
785 1660 878 1683 autem
901 1656 1006 1689 mirari,
1031 1656 1054 1684 si

265 1708 377 1732 sanctus
392 1704 436 1732 hic
448 1705 530 1731 Pater
547 1704 670 1739 quaedam
692 1702 726 1730 ab
739 1702 834 1729 ordine
846 1702 902 1737 jam
917 1702 943 1729 in
964 1701 1054 1729 eccle-

267 1750 316 1777 siis
334 1755 444 1784 reeepto
461 1750 567 1777 diversa
587 1752 804 1778 cuiiumemoret:
819 1747 967 1775 verisimile
980 1747 1054 1774 enim

266 1800 318 1829 cst,
337 1796 394 1824 haec
410 1804 459 1831 pro
475 1797 528 1823 isto
543 1795 674 1830 temporis
689 1798 763 1822 statu
784 1793 955 1829 congruisse,
982 1800 1056 1820 nunc

266 1848 356 1870 autem
374 1843 527 1870 accuratius
546 1842 613 1870 ﬁeri.

302 1888 390 1926 §VIIL
403 1888 450 1916 His
467 1889 611 1922 absolutis,
621 1888 765 1916 hierarcha
779 1887 867 1914 denuo
883 1885 917 1912 ad
937 1886 1054 1920 primam

267 1935 748 1970 contemplationem,sivemysticam
761 1933 953 1969 precationem.
964 1931 990 1958 id
1002 1934 1056 1963 est,

267 1983 359 2010 missa:
381 1981 546 2009 sacriﬁcium
572 1981 757 2008 corivertitur:
774 1987 862 2014 neque
876 1978 949 2005 enim
967 1977 1057 2009 decet,

270 2033 301 2055 ut
316 2028 463 2063 quidquam
485 2036 499 2054 a
523 2027 579 2054 suis
591 2026 725 2054 institutis
747 2030 847 2053 tractet
861 2025 991 2052 alienum.
1009 2022 1059 2049 De-

270 2073 358 2101 clarat
383 2077 473 2100 autem
501 2073 544 2099 hic
568 2079 670 2104 sermo.
698 2071 769 2105 quod
783 2070 937 2105 episcopus,
952 2068 997 2102 qui
1011 2066 1058 2094 Dei

271 2117 393 2145 omnium
416 2124 561 2152 personam
585 2116 715 2149 sustinet,
739 2114 968 2150 quemadmodum
988 2113 1060 2140 Deus

273 2164 302 2191 in
322 2171 373 2191 suo
388 2162 435 2190 illo
447 2171 501 2190 uno
517 2163 669 2197 eodemque
689 2167 762 2189 statu
777 2168 884 2196 semper
897 2167 1021 2191 manens,
1034 2163 1061 2186 et

273 2209 301 2237 in
317 2209 374 2243 ipso
397 2209 467 2236 ﬁxus
482 2216 621 2242 nunquam
635 2215 665 2235 se
679 2208 818 2240 deserens,
835 2207 929 2234 salutis
939 2206 1060 2233 omnium

1093 273 1144 292 που
1157 263 1227 290 κατὰ
1246 270 1273 288 τι
1286 261 1300 286 6
1312 260 1380 296 πρὸς
1392 259 1421 286 ὃν
1435 259 1452 294 ἡ
1465 256 1640 294 προσέλευσις
1651 254 1807 285 «magis;
1820 254 1880 280 ἐστι

1091 311 1138 337 καὶ
1156 309 1287 345 ἄμωμος,
1307 308 1338 334 τὸ
1357 306 1513 342 ὲπίμομφον
1524 302 1606 339 εἶχεν.
1621 303 1681 329 Ἔτι
1698 301 1726 329 δὲ
1738 302 1785 328 καὶ
1804 301 1880 333 ὅπως

1091 355 1193 389 διάγειν
1207 354 1254 380 καὶ
1267 351 1455 380 πολιτεύεσθαι
1467 349 1694 385 ὑφηγησάμενος,
1715 347 1762 374 καὶ
1781 354 1883 382 προσε-

1091 401 1226 437 ρωτήσας,
1242 398 1311 434 μετὰ
1323 397 1371 433 τὴν
1383 395 1527 433 ὁμολογίαν
1541 394 1655 427 ἐκείνου,
1667 393 1727 421 τότε
1739 393 1789 429 τὴν
1801 393 1882 429 χεῖρα

1090 448 1123 482 τῇ
1146 446 1251 481 κεφαλῇ
1271 443 1426 480 ἐπιτίθησι,
1451 442 1497 469 καὶ
1522 441 1627 469 κελεύει
1651 441 1708 473 τοῖς
1731 439 1777 466 ὑπ’
1799 439 1882 465 αὑτὸν

1091 492 1286 528 πρεσϐυτέροις
1308 491 1355 517 καὶ
1377 488 1511 520 διακόνοις
1535 489 1563 514 ὲν
1582 487 1685 516 δέλτοις
1704 486 1790 522 ἱεραῖς
1813 485 1882 511 ἀπο-

1090 537 1247 574 γράψασθαι
1266 536 1301 564 τὰ
1319 536 1456 572 ὀνόματα,
1487 534 1534 560 τοῦ
1552 542 1582 560 τε
1612 531 1806 569 προσελθόντος
1834 530 1882 559 καὶ

1090 582 1138 609 τοῦ
1150 582 1290 616 ὰναδὸχου.
1308 580 1401 607 Ταῦτα
1414 580 1442 607 δὲ
1453 600 1461 613 ,
1477 577 1569 615 οἶμαι,
1583 578 1636 605 είσὶ
1650 578 1685 605 τὰ
1700 577 1754 604 τῶν
1772 575 1882 608 ζώντων

1089 628 1215 664 δίπτυχα.

1127 687 1141 723 §
1153 688 1196 716 VI.
1211 685 1288 719 Εἶτα,
1302 685 1507 722 συμπληρώσας
1518 686 1576 716 τοῖς
1587 683 1676 715 ἄλλοις
1690 683 1733 709 ἐπ’
1747 681 1822 718 αὺτῷ
1833 682 1882 718 τὴν

1092 734 1175 769 εὐχὴν
1184 753 1192 766 ,
1217 732 1432 768 ἀπαμφιέννυσιν
1442 752 1450 765 ,
1464 731 1493 757 ἓν
1506 731 1613 766 ἱμάτιον
1625 729 1746 764 δηλονότι
1756 749 1764 761 ,
1785 729 1832 756 καὶ
1852 728 1882 754 οὐ

1092 780 1182 806 πᾶσαν
1200 778 1249 814 τὴν
1268 779 1386 814 ἐσθῆτα·
1406 775 1467 805 εἶτα
1487 776 1657 812 ἐπιστρέψας
1678 775 1748 811 πρὸς
1766 774 1883 810 δυσμὰς,

1090 826 1151 862 τρὶς
1163 826 1319 861 ἐμφυσῆσαι
1332 824 1371 860 τῷ
1386 824 1494 858 Σατανᾷ
1511 822 1709 854 διακελεύεται,
1724 822 1770 848 καὶ
1788 820 1884 856 ὁμολο-

1094 870 1178 905 γῆσαι
1189 870 1224 897 τὰ
1232 871 1280 905 τῆς
1291 869 1441 904 ἀποταγῆς,
1450 868 1509 904 τρὶς
1519 868 1566 895 καὶ
1576 867 1656 899 αὐτὸς
1668 867 1882 903 μαρτυρόμενος,

1059 902 1081 931 Β
1154 916 1239 947 ποιεῖς
1254 902 1342 941 τοῦτο.
1359 902 1425 941 Εἶτα
1440 902 1553 950 μετάγει
1567 911 1635 947 πρὸς
1646 912 1693 943 ἕω,
1710 902 1763 938 καὶ
1773 910 1813 946 τῷ
1823 910 1883 945 Θεῷ

1094 962 1200 989 κελεύει
1212 961 1403 994 συντάξασθαι,
1424 960 1628 997 μαρτυρόμενος
1641 958 1779 986 κάνταῦθα
1792 957 1839 985 ἐπὶ
1850 958 1883 992 τῇ

1094 1010 1191 1045 τρισσῇ
1204 1008 1334 1044 ὁμολογίᾳ
1345 1008 1395 1043 τῆς
1408 1007 1536 1038 πίστεως.

1132 1055 1146 1091 §
1164 1054 1219 1081 VII.
1247 1055 1313 1081 Τότε
1334 1053 1400 1088 γοῦν
1423 1053 1583 1089 εὐξαμένου,
1601 1052 1700 1084 τελέως
1721 1050 1886 1078 ἀπεκδύουσι

1096 1102 1190 1129 τοῦτον
1202 1102 1225 1128 οἱ
1238 1101 1399 1137 λειτουργοὶ,
1413 1100 1455 1136 ἐφ’
1467 1096 1489 1134 ᾧ
1501 1099 1645 1136 χρισθῆναι
1657 1098 1688 1126 τὸ
1697 1098 1774 1133 ἆγιον
1786 1097 1885 1124 ἔλαιον.

1097 1149 1158 1175 Τῶν
1170 1148 1234 1183 γοῦν
1248 1147 1342 1183 ἱερέων
1355 1147 1495 1183 χριὸντων,
1509 1145 1588 1178 αὐτὸς
1601 1145 1648 1172 ἐπὶ
1657 1145 1706 1181 τὴν
1720 1144 1826 1180 μητέρα
1837 1142 1887 1178 τῆς

1099 1194 1233 1226 υἱοθεσίας
1259 1193 1308 1229 τὴν
1335 1192 1527 1229 κολυμδήθραν
1551 1191 1670 1228 ἔρχεται,
1688 1198 1737 1218 και
1755 1190 1787 1217 τὸ
1798 1190 1887 1216 ἐκεῖσε

1098 1240 1214 1275 ἁγιάσας
1238 1239 1319 1274 ὕδωρ,
1348 1238 1395 1264 καὶ
1417 1236 1501 1265 εἰπὼν
1522 1237 1554 1264 τὸ
1574 1236 1645 1273 ἱερὸν
1671 1235 1818 1272 μελῴδημα
1839 1233 1888 1260 τοῦ

1099 1287 1176 1321 ἁγίου
1203 1285 1372 1321 Πνεύματος,
1395 1284 1475 1321 (ὅπερ
1499 1284 1576 1319 ἅγιον
1598 1282 1711 1317 Πνεῦμα
1727 1282 1744 1318 ἡ
1761 1280 1889 1308 ἐπίπνοιά

1100 1335 1158 1360 ἐστι
1174 1333 1228 1360 τῶν
1245 1331 1324 1359 θείων
1350 1330 1520 1367 προφητῶν,)
1543 1329 1651 1365 δέχεται
1672 1328 1718 1355 τὸν
1741 1327 1836 1363 ἄνδρα.
1852 1326 1888 1353 Οὐ

1100 1380 1154 1416 γὰρ
1171 1379 1201 1406 τὸ
1218 1379 1289 1413 ἱερὸν
1305 1377 1450 1414 μελῴδημα
1463 1376 1517 1403 τῶν
1530 1376 1610 1403 θείων
1633 1374 1780 1411 προφητῶν
1796 1381 1888 1408 φησιν,

1100 1425 1130 1452 οὐ
1142 1423 1197 1459 γὰρ
1208 1423 1309 1455 πάντες
1325 1424 1349 1448 οἱ
1367 1421 1504 1458 προφῆται
1521 1418 1596 1447 εἶπον
1620 1420 1685 1446 αὐτὸ
1701 1419 1731 1445 τὸ
1749 1418 1777 1444 ἓν
1794 1416 1887 1454 ᾆσμα·

1102 1471 1159 1498 ἔστι
1173 1470 1201 1496 δὲ
1213 1470 1227 1495 ὀ
1242 1473 1285 1504 κη’
1301 1468 1421 1503 ψαλμός”
1437 1465 1524 1500 Φωνὴ
1538 1466 1649 1500 Κυρίου
1664 1464 1712 1492 ἐπὶ
1737 1464 1796 1491 τῶν
1821 1462 1892 1491 ὑδά-

1102 1525 1171 1548 των,
1188 1515 1234 1543 καὶ
1250 1514 1281 1541 τὸ
1303 1513 1493 1547 Ἀλληλσύτα.
1503 1512 1654 1539 Καὶπάντα
1667 1511 1710 1536 ἐπ’
1726 1509 1800 1544 αὐτῷ

1102 1562 1329 1599 διαπραξάμενος,
1352 1560 1391 1596 τῷ
1416 1561 1486 1595 ἁγίῳ
1510 1559 1638 1595 ἐγχρῖσας
1667 1558 1756 1593 μύρῳ,
1781 1556 1894 1592 μέτοχον

1103 1609 1184 1636 αὑτὸν
1201 1609 1249 1635 καὶ
1271 1607 1325 1634 τῶν
1348 1607 1488 1634 ἀθανάτων
1513 1604 1669 1641 μυστηρίων
1694 1601 1893 1629 ἀποδείκνυσιν.

1104 1655 1141 1681 Οὐ
1160 1654 1213 1690 χρὴ
1228 1655 1257 1681 δὲ
1269 1652 1428 1688 θαυμάζειν,
1442 1653 1467 1679 εἱ
1483 1650 1560 1688 παρὰ
1575 1651 1624 1686 τὴν
1637 1649 1685 1678 νῦν
1697 1648 1854 1685 κρατοῦσαν
1867 1647 1895 1673 ὲν

1103 1703 1163 1733 ταῖς
1189 1701 1346 1736 ἐκκλησίαις
1370 1699 1456 1733 τάξιν,
1483 1696 1698 1734 παρηλλαγμένα
1715 1696 1789 1729 λέγει
1805 1694 1868 1722 τινὰ
1883 1695 1896 1720 ὁ

1105 1748 1201 1784 Πατήρ
1211 1756 1217 1763 ·
1232 1747 1306 1779 εἰκὸς
1318 1746 1372 1782 γὰρ
1393 1745 1482 1772 ταῦτα
1505 1744 1598 1780 ἐκείνῃ
1612 1745 1660 1780 μὲν
1675 1744 1708 1778 τῇ
1721 1742 1775 1769 τῶν
1793 1741 1897 1777 χρόνων

1105 1794 1270 1821 καταστάσει
1297 1793 1435 1829 ἁρμόζειν,
1465 1791 1513 1818 νῦν
1542 1791 1571 1818 δὲ
1600 1789 1795 1826 ἀκριϐέστερον
1822 1788 1896 1822 γίνε-

1108 1839 1178 1866 σθαι.

1145 1883 1234 1920 ξνιιι.
1249 1883 1341 1911 Ταῦτα
1357 1883 1469 1916 τελέσας
1485 1884 1499 1910 ὁ
1512 1881 1652 1918 ίεράρχης,
1665 1881 1711 1908 ἐπὶ
1723 1879 1772 1916 τὴν
1787 1878 1899 1915 πρώτην

1108 1932 1155 1958 καὶ⁸
1169 1930 1250 1958 πάλιν
1274 1930 1443 1957 ἀνατείνεται
1456 1927 1608 1964 θεωρίαν,ῆ
1628 1927 1709 1963 εὐχὴν
1725 1925 1899 1962 μυστικὴν,ἢ

1107 1977 1157 2014 τὴν
1173 1977 1248 2014 ἱερὰν
1262 1976 1444 2012 λειτουργίαν·
1462 1975 1492 2001 οὐ
1505 1974 1560 2010 γὰρ
1576 1974 1616 2000 δεῖ
1638 1974 1681 1999 ἐπ’
1693 1972 1826 2008 ἀλλοτρίῳ
1846 1972 1901 1998 τινὶ

1109 2024 1186 2059 παρὰ
1201 2023 1236 2050 τὰ
1257 2024 1344 2049 οἰκεῖα
1368 2020 1528 2057 τρέπεσθαι.
1546 2019 1625 2056 Δηλοῖ
1642 2018 1670 2045 δὲ
1693 2019 1707 2044 ὁ
1724 2017 1814 2052 λόγος,
1831 2018 1873 2044 ὄττι
1887 2018 1901 2043 ό

1110 2070 1267 2100 ἐπίσκοπος,
1284 2068 1376 2095 εἱκόνα
1393 2066 1498 2101 ἐπέχων
1517 2065 1564 2093 τοῦ
1578 2065 1686 2092 πάντων
1708 2061 1787 2095 Θεοῦ,
1805 2063 1902 2098 ὥσπερ

1110 2118 1124 2143 ὁ
1139 2115 1206 2147 Θεὸς
1217 2115 1263 2142 ἐπὶ
1273 2115 1323 2149 τῆς
1335 2113 1438 2145 οἰκείας
1455 2113 1580 2147 ἑνότητος
1601 2111 1649 2138 καὶ
1672 2110 1836 2145 ταύτότητος
1858 2109 1904 2135 ἀεὶ

1113 2163 1212 2199 μένων,
1229 2161 1277 2188 καὶ
1293 2159 1493 2194 ἀνεκφοιτήτως
1515 2159 1554 2189 εἱς
1571 2157 1667 2184 ἑαυτὸν
1683 2155 1835 2192 ἱδρυμένος,
1851 2164 1904 2181 σω-

1111 2208 1209 2244 τηρίας
1226 2207 1308 2234 ἓνεκα
1330 2207 1439 2233 πάντων
1460 2205 1520 2237 ταῖς
1542 2203 1734 2239 προνοητικαῖς
1767 2200 1904 2236 προόδοις,

273 2262 368 2287 causa,
387 2254 564 2289 providentia:
590 2260 647 2282 suae
675 2252 912 2288 progressionibus
925 2251 958 2278 ad
970 2250 1052 2277 omni:

1114 2255 1161 2282 ἐπὶ
1172 2255 1261 2282 πάντα
1279 2253 1329 2285 τὰς
1350 2253 1400 2288 τῆς
1422 2251 1589 2286 ἀγαθότητος
1610 2248 1757 2284 ἐλλάμψεις
1775 2247 1905 2279 ἐκτείνει,

276 2300 406 2328 bonitatis
425 2300 620 2327 illustrationes
640 2299 773 2331 extendit,
795 2298 977 2331 omnibusque
993 2303 1063 2331 pra:-

278 2354 342 2374 sens
353 2351 407 2377 est,
425 2354 441 2374 a
464 2345 614 2373 stabilitate
635 2352 684 2372 sua
709 2344 820 2372 minime
840 2343 995 2373 discedens,
1019 2341 1058 2368 sic

276 2394 361 2422 etiam
376 2393 530 2428 episcopus,
547 2393 581 2420 ad
598 2392 779 2420 imitationem
795 2390 842 2419 Dei
861 2389 1022 2426 symbolice.
1036 2393 1065 2416 et

276 2445 357 2477 prout
371 2444 470 2475 potest,
490 2440 517 2467 in
543 2447 591 2467 sua
616 2439 744 2470 statione,
773 2437 800 2465 id
826 2441 878 2469 est,
895 2437 921 2464 in
934 2436 1065 2463 ecclesia-

278 2488 348 2515 stico
362 2487 516 2522 principatu
542 2492 716 2520 permanens,
731 2484 765 2511 ad
784 2482 915 2511 interiora
940 2480 1065 2510 humani-

280 2533 346 2560 tatis
358 2531 529 2567 providentia
550 2530 673 2566 procedit
685 2535 740 2558 νει
756 2529 915 2557 inferiorum
931 2528 1066 2563 guberna-

280 2578 354 2606 tione
379 2577 489 2612 impleta
516 2584 622 2604 rursum
644 2576 677 2604 ad
693 2575 786 2603 altare
805 2575 888 2608 redit,
915 2574 1067 2610 symbolice

280 2624 434 2657 declarans,
454 2631 483 2651 se
497 2622 657 2650 inferiorum
674 2623 844 2658 providentia
857 2625 970 2653 motum,
986 2620 1068 2648 rebus

282 2671 381 2699 divinis
405 2670 502 2698 ibidem
525 2669 655 2703 peractis,
674 2669 803 2697 adivinis
828 2667 1007 2696 sacramentis
1024 2674 1067 2694 re-

282 2725 347 2746 cens
359 2717 497 2752 baptizato
518 2716 634 2749 collatis,
660 2715 693 2745 ad
718 2716 838 2743 divinum
854 2715 1008 2742 institutmn
1024 2721 1067 2740 re-

285 2763 408 2795 verti,ut
421 2769 560 2798 appareat,
578 2762 666 2797 ipsum
679 2769 695 2789 a
708 2766 803 2789 sancto
829 2761 933 2797 Spiritu
956 2759 1018 2787 duci
1041 2762 1069 2786 et

285 2810 386 2838 reduci.

500 2855 579 2890 182
603 2853 648 2881 ill.
670 2852 874 2887 Contemplalio.

324 2906 363 2940 ξι.
382 2903 437 2930 lloc
450 2905 540 2937 itaque
551 2905 592 2929 cst
603 2905 803 2929 sacramentum
815 2904 914 2927 nostra:
927 2904 1069 2933 regenera-

1115 2300 1162 2328 καὶ
1178 2300 1245 2327 πᾶσι
1261 2299 1388 2335 πάρεστι,
1400 2297 1451 2333 τῆς
1464 2296 1594 2332 ἱδρύσεως
1606 2296 1656 2322 οὐκ
1673 2295 1794 2326 ἀποστάς
1806 2302 1813 2309 '
1831 2293 1907 2320 οὕτω

1116 2349 1163 2376 καὶ
1174 2349 1188 2375 ὁ
1199 2347 1348 2377 ἐπίσκοπος
1359 2344 1430 2372 κατὰ
1443 2344 1557 2380 μίμησιν
1569 2342 1616 2369 τοῦ
1633 2341 1699 2368 Θεοῦ
1721 2339 1906 2376 συμϐολικῶς,

1116 2394 1164 2421 καὶ
1176 2394 1214 2426 ὡς
1230 2393 1304 2430 αὑτῷ
1326 2391 1448 2423 δυνατὸν,
1461 2390 1507 2417 ἐπὶ
1524 2389 1573 2424 τῆς
1590 2388 1693 2420 οἰκείας
1715 2388 1836 2418 στάσεως
1854 2387 1906 2422 μέ-

1116 2450 1179 2472 νων,
1197 2439 1320 2466 τουτέστι
1342 2438 1392 2473 τῆς
1415 2435 1646 2472 ὲκκλησιαστικῆς
1675 2433 1772 2470 ἀρχῆς,
1797 2432 1908 2467 πρόεισι

1116 2486 1229 2522 προνοίᾳ
1240 2483 1441 2520 φιλανθρωπίας
1458 2483 1504 2509 ὲπὶ
1525 2481 1560 2508 τὰ
1578 2480 1690 2517 δεύτερα
1702 2488 1709 2495 θ
1727 2479 1774 2506 καὶ
1796 2477 1909 2513 πληρώ-

1118 2541 1167 2564 σας
1178 2532 1228 2567 τὴν
1250 2530 1304 2557 τῶν
1327 2528 1459 2564 δευτέρων
1482 2526 1648 2563 οἰκονομίαν,
1666 2525 1745 2552 πάλιν
1766 2524 1907 2550 ἐπάνεισιν

1117 2578 1163 2604 ἐπὶ
1189 2576 1219 2603 τὸ
1243 2575 1433 2611 θυσιαστήριον
1448 2582 1456 2589 ·
1487 2572 1626 2609 παριστῶν
1653 2568 1841 2606 συμϐολικῶς,
1865 2569 1908 2595 ὅτι

1118 2621 1303 2659 προνοητικῶς
1319 2621 1365 2647 ἐπὶ
1386 2619 1421 2646 τὰ
1443 2618 1556 2655 δεύτερα
1579 2616 1708 2653 κινηθεὶς,
1732 2614 1830 2642 καὶτὰ
1845 2614 1907 2642 θεῖα

1119 2669 1209 2696 ὲκεῖσε
1221 2666 1448 2703 διαπραξάμενος,
1468 2664 1523 2691 ἀπὸ
1538 2663 1592 2690 τῶν
1609 2662 1687 2689 θείων
1697 2661 1743 2687 ἐπὶ
1753 2659 1793 2695 τῷ
1805 2667 1908 2693 νεοφω-

1117 2715 1202 2750 τίστῳ
1225 2713 1404 2740 τελεσθέντων
1417 2711 1486 2747 πρὸς
1510 2710 1581 2736 θεῖον
1597 2707 1765 2743 ἐπιτήδευμα
1781 2704 1908 2741 ἐπιστρέ-

1120 2770 1174 2796 φει,
1188 2759 1256 2795 πρὸς
1272 2759 1303 2785 τὸ
1314 2757 1353 2793 τῷ
1366 2757 1436 2792 ἁγίῳ
1458 2755 1595 2790 Πνεύματι
1606 2752 1701 2780 δοκοῦν
1713 2751 1849 2786 ἀγόμενος
1862 2750 1907 2778 καὶ

1122 2805 1314 2843 μεταγόμενος.

1422 2848 1468 2874 lll.
1494 2845 1611 2880 Θεωρία.

1157 2898 1198 2933 §l.
1209 2895 1281 2931 Λῦτη
1291 2896 1338 2931 μὲν
1355 2893 1400 2922 οὖν
1413 2895 1484 2920 ἐστιν
1497 2895 1513 2928 ἡ
1526 2891 1619 2926 τελετὴ
1630 2890 1678 2925 τῆς
1690 2891 1828 2926 ἡμετερας
1842 2889 1906 2915 ἁνα-
