1931 3073
52 145 117 174 417

356 144 401 171 DE
417 143 558 172 ECCLES.
576 143 778 177 HIERARCH.,
791 143 869 173 CAP.
884 144 918 172 ll.
934 157 969 164 —-
981 143 1154 172 PAMPHR.
1173 143 1407 172 PACHYMER/E.

1639 145 1691 173 418

54 204 238 239 γεννήσεως·
253 203 295 238 ἣν,
308 203 351 229 ὅτε
377 203 424 229 καὶ
449 202 517 237 πρὸς
538 202 588 238 τὴν
610 200 740 238 αἰσθητὴν
763 203 850 230 εἰκόνα

907 200 1000 233 tionis,
1010 201 1092 236 quod,
1099 200 1182 229 etiam
1188 201 1252 228 dum
1263 201 1326 236 quis
1335 201 1369 228 ad
1378 201 1532 230 sensibilem
1545 203 1690 238 imaginem
1723 198 1725 200 ’

56 248 160 275 ἀπίδοι
174 256 225 279 τις,
242 247 292 274 οὐκ
308 247 341 274 ἂν
356 247 427 273 eiurat.
448 247 555 283 ἀνίερον
576 247 629 274 οὐδ’
654 247 765 283 ἀπρεπῆ
777 256 785 264 ο
799 247 856 284 ἔχει

56 292 121 329 γὰρ
145 293 194 320 καὶ
210 293 357 328 αἰνίγματα
374 292 490 328 θεωρίας
514 292 689 329 ὑψηλοτέρας.
708 293 745 320 Ut‘)
764 293 817 329 μὴν
828 293 858 320 δὲ

57 339 113 365 καλ
141 339 298 366 παντάπασι
319 339 374 366 τῶν
397 338 519 373 φυσικῶν
542 338 728 375 ἀλλοτριοῦται
745 340 791 366 καὶ
811 339 857 367 ἀν-

58 383 278 420 θρωποπρεπῶς
289 392 296 400 ·
322 385 367 411 ὅτε
389 384 443 420 γὰρ
467 385 512 412 καὶ
523 386 538 412 ὁ
554 385 653 420 ὑψηλὸς
669 385 718 420 τῆς
740 384 856 421 θεωρίας

59 429 196 466 σιγηθείη
213 430 301 464 λόγος,
319 430 404 462 οὕτως
427 430 562 466 αἰσθητῶς
584 431 762 467 ἐξεταζομένη
787 431 858 458 κατά

57 485 88 502 τι
103 477 205 513 φανείη
230 476 460 513 διαμαρτάνουσα,
484 479 536 510 ὅτι,
560 478 855 514 διαπραγματευομένη

57 522 115 558 τὴν
132 522 182 549 τοῦ
204 523 360 558 προσιόντος
377 524 430 550 ἀπὸ
447 524 536 560 πάσης
557 525 654 556 κακίας
666 524 808 560 κάθαρσιν,
827 525 855 551 ὲν

59 569 159 595 πειθοῖ
175 569 204 595 οὒ
219 569 313 603 σοφίας
335 570 517 606 ἀνθρωπίνης,
540 570 597 597 ἀλλ’
614 571 645 597 ἑκ
668 571 748 597 θείων
764 571 855 606 ῥημά-

58 621 131 645 των,
143 615 178 649 τῇ
191 615 290 650 φυσικῇ
308 613 440 650 καθάρσει
451 615 498 641 τοῦ
516 615 611 647 ὕδατος
629 615 854 651 σωματικώτερον

45 646 320 686 ’τοῦτον-’ἐκπλύνεμ
342 646 430 695 Ὅπερ
442 660 466 686 εί
484 660 531 686 καὶ
544 646 625 696 μηδὲν
636 646 708 696 εῐέεν
722 646 853 696 ὑψηλότε-

61 713 123 739 ρον,
136 705 187 731 οὐκ
204 705 309 741 ἀνίερος
326 706 497 733 παντάπασιν
517 704 552 742 ἧν
563 706 608 733 διά
625 714 654 733 τε
666 706 716 742 τὴν
728 706 856 733 διδασκα-

59 749 125 776 λίαν
140 749 191 785 τῆς
202 750 328 786 ἐναρέτου
346 751 428 786 ζωῆς,
451 750 496 778 διά
511 760 541 778 τε
553 750 602 787 τὴν
618 751 651 778 δι’
664 750 757 784 ὕδατος
774 759 854 786 φυσιν

60 795 118 831 κὴν
134 796 339 832 ἀποκάθαρσιν·
351 796 430 823 τοῦτο
441 797 462 823 δ’
474 797 524 823 οὐκ
538 796 622 824 ἐστιν.

100 881 115 918 §
128 882 162 909 ll.
177 883 267 910 Ἔστω
276 883 304 910 δὲ
312 883 380 916 τέως
392 885 558 920 είσαγωγική
572 893 614 916 τις
623 884 784 920 ψυχαγωγία
796 886 852 918 τοῖς

61 929 184 961 ἀτελέσι,
202 929 233 955 τὸ
246 929 365 956 τοιοῦτον
389 930 445 957 τῶν
465 930 568 956 πολλῶν
588 931 634 957 καὶ
659 931 774 966 ἀνιέρων
786 931 854 958 ἀπο-

61 974 257 1001 διαστέλλουσα
280 974 314 1002 τὰ
330 976 441 1011 ὲνοειὸἦ.
468 976 585 1012 Ἐνοειδῆ
602 977 631 1003 δὲ
642 977 726 1011 λέγει,
738 977 774 1004 τὰ
784 977 852 1011 θεῖα,

61 1019 103 1052 ὡς
114 1019 215 1056 ὑψηλὰ,
239 1022 286 1047 καὶ
297 1021 334 1056 νῷ
355 1022 426 1057 μόνῳ
450 1022 548 1058 ληπτά.
562 1023 642 1056 Λέγει
661 1023 716 1059 γὰρ
731 1023 852 1056 ὡσανεὶ,

61 1064 106 1090 ὅτι
124 1066 150 1091 εί
167 1066 213 1092 καὶ
228 1066 328 1098 πάντες
346 1067 396 1093 οὐκ
416 1068 468 1094 εἰσὶ
484 1067 591 1099 τέλειοι,
609 1068 676 1095 ἀλλὰ
693 1068 740 1095 καὶ
763 1069 854 1095 πολλοὶ

63 1110 184 1143 ἀτελεῖς,
199 1111 288 1147 ἔχουσι
311 1113 430 1139 κάκεῖνοι
452 1114 598 1149 ἀναγωγήν
611 1123 671 1140 τινα
687 1116 720 1150 τῇ
743 1115 853 1150 δυνάμει

64 1156 172 1183 ἑαυτῶν
196 1158 395 1193 προσήκουσαν,
419 1160 448 1185 ὲν
502 1160 778 1196 ἀποδιασταλήσονται
799 1161 853 1187 τῶν

64 1202 156 1238 πάντη
173 1202 286 1238 ἀνιέρων
304 1204 350 1230 καὶ
371 1204 554 1239 χλευαζόντων
567 1205 597 1232 τὸ
611 1205 759 1242 βάπτισμα.
779 1207 853 1233 Ἐπεὶ

64 1247 123 1283 γὰρ
143 1249 173 1274 οὺ
191 1249 290 1282 πάντες
313 1250 430 1286 χωροῦσι
452 1250 501 1282 τὰς
518 1251 643 1286 θεωρίας,
661 1252 702 1278 δεῖ
720 1253 853 1280 ποιεῖσθαι

65 1294 115 1320 καὶ
132 1294 205 1329 ἡμᾶς
215 1295 264 1327 τὰς
276 1296 422 1332 ἑρμηνείας
443 1297 511 1332 πρὸς
524 1299 586 1330 τοὺς
600 1297 758 1330 ἀκούοντας,
770 1299 808 1331 ὡς
821 1299 854 1326 ἂν

66 1340 232 1376 συμμέτρως
254 1343 300 1368 καὶ
316 1342 391 1368 αὐτοὶ
411 1343 457 1369 καὶ
482 1343 673 1379 προσηκόντως
695 1345 728 1380 τῇ
742 1344 853 1380 δυνάμει

66 1386 123 1412 τῶν
139 1388 266 1421 νοήσεων,
283 1389 435 1423 ἀνάγωνται
447 1398 453 1404 ·
473 1390 552 1425 ἡμεῖς
569 1389 607 1421 δὲ,
624 1390 768 1422 ἀναδάσεις
780 1392 808 1417 ἐν
820 1392 853 1427 τῇ

66 1433 166 1468 καρδίᾳ
179 1433 284 1468 θέμενοι
303 1435 388 1471 ἱερὰς,
410 1436 490 1462 τίνων
503 1437 682 1472 χαρακτήρων
695 1437 762 1464 εἰσιν
775 1438 854 1464 ἐκτυ-

67 1477 186 1514 πώματα
196 1480 230 1506 τὰ
242 1480 353 1507 τοιαῦτα
365 1481 588 1517 ὲπιγνωσώμεθα.

103 1568 117 1604 §
130 1569 174 1595 Ill.
205 1569 346 1597 Είσεάλλει
362 1569 455 1598 λοιπὸν
467 1571 507 1602 είς
518 1571 565 1606 τὴν
582 1571 698 1607 θεωρίαν
707 1580 714 1587 ο
733 1572 781 1599 καὶ
793 1573 853 1599 ἐπεὶ

67 1615 159 1650 μέλλει
170 1615 253 1648 δεῖξαι
275 1616 321 1643 τὸν
334 1617 464 1653 ίεράρχην
481 1617 552 1644 κατὰ
564 1618 612 1653 τὴν
621 1618 788 1653 ἀφομοίωσιν
804 1619 851 1645 τοῦ

65 1660 133 1687 Θεοῦ
159 1661 225 1687 πᾶσι
249 1662 298 1697 τὴν
323 1662 457 1697 σωτηρίαν
476 1663 726 1698 εὐαγγελιζόμενον,
738 1664 851 1699 ἄρχεται

65 1706 153 1740 λέγειν
166 1708 229 1742 περὶ
242 1707 309 1734 Θεοῦ
322 1707 356 1734 τὰ
381 1708 483 1734 εἰκότα.
507 1709 574 1743 Φησὶ
595 1708 694 1740 τοίνυν,
712 1709 748 1741 ὼς
769 1710 785 1744 ἡ
802 1710 850 1735 τοῦ

65 1752 132 1779 Θεοῦ
147 1752 280 1788 ἀγαθότης
296 1753 342 1779 ἐπὶ
355 1753 444 1785 πάσας
463 1753 511 1785 τὰς
528 1753 623 1789 νοερὰς
636 1753 712 1788 ὄψεις
733 1754 787 1786 τὰς
803 1753 849 1781 τοῦ

65 1798 163 1824 οἰκείου
176 1797 263 1831 φωτὸς
278 1798 398 1829 ἀκτῖνας,
414 1797 535 1833 ἀφθόνως
547 1798 665 1831 ἑξαπλοῐ.
693 1799 770 1825 Ἐπεὶ
783 1798 849 1833 γοῦν

66 1844 119 1870 πᾶν
132 1843 222 1879 νοερὸν
245 1844 416 1877 αὺτεξούσιόν
440 1845 522 1877 ἐστιν,
541 1845 618 1876 εἴτις
629 1844 709 1880 νοερὰ
733 1844 788 1877 ἕξις
807 1844 851 1871 διὰ

65 1891 114 1924 τὴν
139 1889 264 1925 τοιαύτην
288 1890 523 1925 αὑτεξουσιότητα,
547 1890 677 1926 ἢτελέως
706 1891 850 1926 ἀφίσταται

65 1935 111 1961 τοῦ
124 1935 193 1962 θείου
216 1936 314 1969 φωτὸς,
332 1936 382 1970 τῆς
399 1935 498 1967 κακίας
512 1936 612 1971 ἐρῶσα,
627 1937 643 1972 ἢ
657 1936 709 1972 μὴν
719 1937 750 1963 τὸ
761 1937 851 1963 δεύτε-

67 1988 122 2015 ρον,
134 1980 162 2006 τὸ
173 1980 246 2007 δοθὲν
270 1981 336 2015 αὐτῇ
360 1981 408 2016 τῆς
431 1980 587 2015 enarrem;
605 1980 702 2016 μέτρον
721 1990 851 2017 περιφρο-

65 2029 167 2063 νήσασα
191 2027 341 2063 ὑπερϐῆναι
363 2028 513 2062 ἐπιχειρεῖ,
536 2028 692 2063 ἀπήρτηται
715 2028 846 2064 δηλονότι,

66 2073 244 2107 ἀποτυγχάνει
261 2072 372 2104 εἰκότως
384 2073 431 2098 καὶ
446 2072 493 2098 τοῦ
507 2072 627 2104 δοθέντος
639 2073 713 2108 αὐτῷ
738 2074 847 2109 μέτρου,

65 2120 111 2146 τοῦ
129 2119 197 2146 θείου
215 2120 301 2154 φωτὸς
323 2119 500 2146 ἀναλλοιώτου
528 2119 661 2154 μένοντος.
679 2120 783 2155 ’Ὠσπερ
794 2119 848 2156 γὰρ

65 2164 96 2191 τὸ
129 2164 333 2200 συνηρτῆσθαι,
366 2164 397 2191 τὸ
435 2164 620 2199 συνηρμόσθαι
655 2164 744 2199 δηλοῖ*
776 2164 847 2191 οὕτω

67 2211 113 2237 καὶ
124 2210 153 2236 τὸ
165 2211 346 2246 ἀπηρτῆσθαι,
370 2210 400 2237 τὸ
423 2210 626 2237 ἐκπεπτωκέναι
649 2210 698 2245 τῆς
723 2210 846 2245 ἀρμογῆς
865 2224 884 2251 D

68 2257 113 2283 καὶ
130 2257 272 2291 συμφυΐας.
298 2257 374 2284 Ἔστι
396 2257 422 2283 δὲ
446 2257 490 2283 ὅτε
516 2257 606 2283 καὶτὸ
631 2256 846 2292 ἐκκρεμᾶσθαιὴ

67 2303 134 2336 λέξις
149 2303 235 2338 δηλοῖ·
264 2299 378 2329 ἐνταῦθα
398 2302 488 2338 μέντοι
512 2302 582 2329 κατὰ
606 2302 636 2329 τὸ
655 2303 785 2338 πρότερον
800 2311 848 2337 ση-

69 2350 222 2385 μαινόμενον
241 2348 375 2384 εὒηπται.
397 2349 558 2384 Ἐπιλάμπει
570 2349 658 2375 τοίνυν
669 2349 736 2383 αὐτῇ
749 2348 778 2373 τὸ
790 2348 846 2382 φῶς

70 2394 253 2431 μυωπαζώσῃ,
275 2395 322 2422 καὶ
335 2396 384 2422 οὐκ
401 2395 547 2429 ἀφίσταται
557 2404 563 2410 '
583 2395 629 2422 καὶ
641 2395 671 2421 τὸ
683 2395 740 2429 φῶς
752 2395 801 2421 οὐκ
814 2395 846 2421 ἂν

68 2442 216 2478 ἐνεργήσειέ
229 2450 255 2468 τι
268 2441 330 2468 ἄλλο
344 2441 419 2476 παρὰ
435 2441 469 2467 τὰ
486 2441 573 2476 φωτὸς
593 2442 690 2473 οἰκεῖα,
715 2441 766 2467 κᾶν
778 2440 846 2476 αὑτὴ

68 2487 164 2518 ἀτελῶς
186 2487 333 2513 ὲπιόάλλοι.
363 2486 580 2523 ’Λγαθουργικῶς
604 2486 668 2520 γοῦν
694 2486 847 2522 ὲξήπλωται

68 2534 96 2560 τὸ
115 2533 181 2559 θεῖον
203 2533 260 2567 φῶς
281 2533 341 2564 ταῖς
358 2533 463 2568 νοεραῖς
482 2532 582 2567 ὄψεσιν,
601 2532 687 2571 ἔξεστι
699 2531 726 2558 δὲ
737 2531 847 2563 ταύταις

68 2579 302 2615 ἀντιλαμϐάνεσθαι
319 2579 365 2605 τοῦ
382 2579 469 2613 φωτὸς
492 2579 571 2605 ὁπότε
596 2578 744 2614 θελήσειαν.
775 2578 846 2614 Πρὸς

68 2625 113 2661 τὴν
133 2625 257 2659 τοιαύτην
285 2624 377 2651 εἰκόνα
399 2624 630 2655 καὶὸὲπίσκοπος
659 2623 769 2656 samo:
795 2624 844 2655 τὰς

68 2671 113 2706 τῆς
134 2670 303 2702 διδασκαλίας
324 2671 435 2702 ἀκτῖνας
454 2671 500 2697 καὶ
516 2672 571 2702 τοῖς
593 2670 755 2706 ἐπιτηδείοις
778 2671 847 2706 προς

68 2716 112 2752 τὴν
127 2716 265 2752 ὑποδοχὴν,
294 2717 340 2742 καὶ
367 2717 423 2747 τοῖς
446 2716 493 2751 μὴ,
523 2716 552 2742 οὐ
571 2715 659 2750 φθάνω
684 2716 729 2742 καὶ
746 2717 845 2752 ἀνιέρῳ

70 2763 151 2799 μήνιδι
166 2763 215 2798 τῆς
228 2763 362 2798 προτέρας
374 2763 539 2793 άποστασίας
556 2761 572 2797 ἦ
591 2761 722 2797 ἀμετρίας
734 2762 844 2797 χρώμε-

69 2818 108 2840 νυς
129 2808 217 2834 Ταῦτα
229 2809 256 2835 δὲ
267 2809 340 2843 λέγει
354 2809 420 2845 πρὸς
433 2808 466 2835 τὰ
478 2809 604 2844 ἀνωτέρω
617 2808 732 2844 ρηθέντα
745 2817 750 2822 ·
770 2809 845 2842 ἔλεγε

69 2855 125 2890 γὰρ,
140 2855 184 2881 δύο
196 2856 294 2886 κακίας
306 2853 439 2882 εἶναιτῶν
453 2854 602 2890 νοερῶνδιὰ
610 2854 658 2888 τὴν
673 2854 739 2880 ἰδίαν
754 2854 845 2887 αὐτεξ-

907 247 1215 282 attendit,ncquaquam
1223 247 1323 274 dixerit
1333 247 1476 282 profanum
1487 250 1689 278 autahsouum:

907 293 990 320 habet
1009 292 1082 320 enim
1097 292 1180 320 etiam
1204 291 1302 320 indicia
1327 293 1495 322 sublimioris
1519 296 1688 331 contcmpiav

908 338 1000 366 tionis.
1025 337 1154 371 Quinimo
1182 344 1232 365 nec
1253 338 1365 366 omnino
1379 347 1394 366 ι
1407 340 1577 368 naturalibus
1591 346 1620 368 et
1640 342 1689 369 hu-

907 383 996 411 manis
1014 383 1165 411 rationibus
1185 383 1314 411 abhorret
1331 392 1338 411 :
1357 392 1420 412 nam
1442 385 1493 412 etsi
1523 387 1631 420 quando
1643 395 1690 415 su-

906 427 998 456 blimis
1015 427 1059 454 illa
1072 427 1272 463 contemplandi
1295 428 1364 456 ratio
1388 428 1527 462 sileretur,
1545 432 1639 460 velsic
1650 437 1690 460 ta-

907 480 969 500 men
994 472 1160 500 sensibiliter
1187 473 1285 508 inquiri
1315 478 1416 509 posset.
1445 476 1592 504 secundum
1625 478 1689 512 quid

907 519 1034 546 aberrare
1061 519 1193 553 videatur,
1220 520 1349 554 quoniam
1375 521 1531 549 accedentis
1555 523 1589 550 ab
1615 522 1690 551 omni

907 563 1010 592 mlitia
1031 565 1250 592 emundationem
1280 570 1419 600 operatur,
1449 574 1502 594 non
1518 567 1545 594 in
1562 567 1690 596 humanae

907 608 1048 644 sapientiae
1062 609 1250 644 persuasione,
1265 610 1313 636 sed
1329 617 1361 637 ex
1378 610 1479 638 divinis
1492 611 1595 645 verbis,
1610 617 1690 638 nattt-

907 655 955 682 rali
969 663 1045 690 aquae
1068 655 1270 687 eniundatione,
1285 655 1357 683 hunc
1368 655 1463 683 abluit.
1481 656 1540 690 Quo
1552 658 1602 684 etsi
1623 658 1689 685 nihil

906 701 1049 729 sublimius
1064 701 1177 729 haberet
1193 702 1277 736 (quod
1288 708 1341 728 non
1355 702 1406 736 est)
1419 709 1587 737 nequaquam
1600 705 1689 731 omnis

905 756 1005 784 expers
1023 753 1095 777 esset
1109 749 1265 778 sanctitatis
1280 757 1289 783 ;
1306 757 1366 778 cum
1388 755 1500 786 propter
1517 752 1608 786 proba:
1627 752 1689 780 vita:

906 794 1089 829 disciplinam,
1105 799 1161 822 tum
1175 800 1286 830 propter
1297 797 1451 824 naturalem
1467 805 1543 832 aqua:
1558 799 1689 825 emunda-

907 841 1019 868 tionem.

869 879 891 906 Β
941 886 1098 922 §ll.Verum
1111 887 1143 915 sit
1158 887 1216 915 haec
1230 887 1383 916 rudioribus
1393 888 1687 924 introductio'quaedam

905 932 1047 966 spiritalis.
1063 940 1123 967 qua,
1141 940 1155 959 a
1170 934 1333 967 promiscuis
1346 939 1374 961 et
1396 934 1518 969 profanis
1541 935 1690 969 distinguat

906 977 1063 1005 nniformia.
1091 978 1244 1006 Uniformia
1275 983 1366 1006 autem
1392 985 1470 1007 vocat
1498 981 1599 1012 divina,
1627 987 1687 1008 tati—

905 1031 986 1058 quam
1011 1024 1136 1051 sublimia
1158 1024 1268 1058 solaque
1296 1029 1387 1052 tuente
1409 1026 1616 1060 comprehensa.
1641 1027 1689 1053 Ait

905 1074 996 1096 autent
1022 1070 1213 1104 quodammodo
1228 1079 1237 1102 ;
1253 1070 1316 1104 quia
1335 1070 1399 1098 licet
1412 1079 1464 1098 non
1479 1079 1573 1099 omnes
1596 1072 1687 1107 perfe-

904 1116 951 1146 cti.
967 1115 1014 1143 sed
1030 1116 1107 1143 multi
1129 1116 1281 1150 imperfecti
1295 1117 1360 1148 sint,
1382 1117 1483 1145 habent
1495 1121 1585 1145 tamen
1604 1119 1686 1145 otium

904 1162 954 1197 ipsi
971 1170 1119 1198 anagogem
1133 1163 1279 1197 quamdam
1294 1163 1384 1190 virtuti
1403 1171 1458 1191 suae
1479 1170 1687 1198 congruentem,

905 1214 956 1241 qua
974 1207 1173 1242 distinguantur
1197 1208 1230 1234 ab
1253 1209 1363 1235 omnino
1389 1208 1509 1243 profanis
1522 1214 1548 1235 ct
1561 1209 1687 1243 baptismi

904 1252 1072 1280 irrisoribus.
1088 1253 1154 1280 Cum
1170 1254 1241 1280 enim
1266 1261 1318 1280 non
1334 1261 1429 1282 omnes
1444 1255 1552 1288 capiant
1565 1260 1689 1281 contem-

905 1297 1052 1332 plationes,
1072 1304 1179 1332 oportet
1195 1306 1244 1326 nos
1259 1299 1342 1326 etiam
1359 1299 1597 1334 interpretationes
1611 1301 1690 1327 audi-

906 1341 1010 1368 toribus
1029 1344 1248 1376 accommodare,
1273 1348 1302 1371 ut
1327 1348 1354 1371 et
1369 1344 1419 1378 ipsi
1446 1353 1494 1379 pro
1518 1345 1626 1373 modulo
1639 1354 1687 1373 suo

905 1387 1100 1415 convenienter
1125 1388 1158 1414 ad
1184 1388 1310 1416 virtutem
1341 1389 1578 1424 intelligcttliurum
1604 1391 1689 1418 addu-

905 1436 1001 1458 cantur
1017 1440 1024 1465 ;
1041 1440 1090 1459 nos
1102 1440 1166 1460 vero
1179 1435 1352 1461 ascensiones
1379 1442 1472 1462 sacras
1487 1435 1513 1462 in
1525 1436 1606 1463 corde
1632 1445 1688 1463 sta-

906 1473 1021 1510 t‘ucntes,
1033 1485 1227 1512 cognoscamus
1248 1486 1363 1513 quorum
1389 1480 1579 1508 characteruut
1596 1481 1689 1509 istius-

905 1523 976 1549 modi
993 1523 1046 1550 sint
1060 1522 1171 1558 efﬁgies.

867 1557 888 1585 Ο
939 1568 953 1604 ἕ
964 1568 1580 1605 lll.Czcternmaggrediturcontcmpiationem:
1592 1578 1686 1600 etcum

904 1620 1063 1646 ostensurus
1081 1615 1118 1641 sit
1144 1614 1317 1641 hicrarcham
1338 1617 1485 1643 secundum
1504 1617 1687 1645 Deisimilitu-

904 1659 995 1686 dinem
1009 1660 1136 1687 omnibus
1166 1660 1280 1687 salutem
1295 1661 1469 1693 annnntiare,
1486 1662 1579 1696 incipit
1596 1663 1688 1690 dicere

905 1705 937 1731 de
951 1705 1006 1732 Deo
1024 1713 1084 1740 qua:
1102 1705 1209 1732 decent.
1226 1706 1271 1732 Ait
1294 1706 1396 1741 itaque,
1424 1709 1559 1742 quomodo
1574 1708 1618 1735 Dei
1640 1710 1687 1735 itO-

904 1750 976 1777 nitas
987 1758 1069 1784 super
1083 1758 1178 1777 omnes
1193 1751 1325 1778 mentalcs
1340 1752 1432 1779 oculos
1445 1753 1513 1780 lucis
1528 1761 1584 1780 sua:
1598 1753 1687 1781 radios

903 1796 1053 1823 luculenter
1071 1797 1208 1830 expandit.
1229 1797 1295 1824 Cum
1319 1797 1410 1832 itaque
1424 1806 1503 1825 omne
1520 1800 1589 1833 quod
1605 1800 1685 1826 intri-

901 1843 973 1869 lcctu
987 1843 1129 1878 praeditum
1147 1849 1188 1870 est
1208 1843 1321 1870 liberum
1336 1844 1381 1876 sit,
1399 1844 1420 1871 si
1437 1845 1498 1879 quis
1514 1845 1685 1872 intellectum

903 1890 1019 1922 habens,
1035 1895 1146 1924 propter
1170 1890 1251 1917 talem
1267 1890 1419 1917 libertatem
1437 1891 1477 1917 vel
1489 1891 1600 1918 otnnino
1617 1892 1686 1918 divi-

903 1940 967 1959 num
984 1932 1073 1960 lumen
1097 1933 1217 1967 deserat,
1234 1942 1328 1962 amans
1347 1935 1509 1969 pravitatem
1527 1945 1534 1969 ;
1552 1936 1593 1963 vel
1611 1942 1686 1964 certe

902 1979 1094 2006 secundariam
1119 1979 1309 2008 illustrationis
1335 1989 1490 2008 mensuram
1517 1982 1566 2016 ipsi
1595 1983 1684 2010 datam

901 2030 1090 2057 contemnens,
1105 2026 1190 2060 ipsam
1215 2027 1365 2061 transgredi
1380 2032 1503 2061 conetur,
1518 2029 1610 2062 utique
1622 2029 1686 2056 sub-

903 2070 1075 2102 trahitur,et
1094 2071 1198 2099 indulta
1215 2073 1265 2099 sibi
1291 2081 1417 2100 mensura
1442 2076 1540 2101 merito
1569 2075 1685 2103 frustra-

902 2121 955 2148 tur,
980 2116 1072 2144 divino
1100 2118 1201 2145 lumine
1227 2119 1252 2145 in
1271 2126 1300 2146 se
1326 2119 1469 2146 immutato
1498 2128 1681 2154 permanente.

900 2161 1130 2194 Quemadmodum
1157 2163 1236 2198 183
1260 2165 1332 2191 enim
1366 2166 1548 2201 συνηρτῆσθαι
1583 2168 1685 2202 signifi-

901 2214 944 2236 cat
960 2215 1116 2244 ccuptatum
1143 2218 1214 2244 esse,
1245 2211 1285 2238 sic
1306 2212 1389 2239 etiam
1413 2213 1585 2248 ἀπηρτῆσθαι
1612 2216 1683 2241 exci-

901 2256 973 2289 disse
992 2264 1006 2283 a
1019 2256 1209 2284 conformitate
1227 2262 1307 2292 atque
1330 2259 1517 2294 congruentia.
1546 2259 1681 2287 interdum

901 2307 964 2327 vero
976 2301 1058 2328 etiam
1077 2301 1128 2328 hoc
1139 2302 1251 2329 verbum
1266 2302 1403 2333 significat
1427 2303 1586 2336 Suspensum
1602 2311 1680 2337 esse;

901 2346 952 2372 hoc
966 2345 1026 2373 loco
1051 2352 1141 2373 tamen
1163 2348 1188 2374 in
1213 2348 1296 2382 priori
1321 2348 1519 2383 significatione
1540 2355 1681 2384 acceptum

901 2395 950 2418 est.
966 2392 1059 2419 illucet
1071 2393 1161 2428 itaque
1176 2394 1221 2420 lux
1242 2394 1290 2429 ipsi
1307 2395 1388 2421 etiam
1409 2395 1577 2428 conniventi,
1595 2403 1682 2430 nequc

899 2438 1022 2471 deserit;
1040 2447 1127 2474 neque
1150 2440 1230 2467 etiam
1257 2441 1301 2468 lux
1330 2442 1475 2476 quidquam
1495 2442 1559 2469 facit
1586 2449 1683 2477 praeter

899 2492 928 2511 ea
942 2492 1001 2518 quae
1016 2484 1084 2512 lucis
1098 2490 1159 2512 sunt
1174 2487 1294 2521 propria,
1314 2488 1418 2514 tametsi
1437 2495 1512 2514 mens
1526 2488 1645 2522 imperi‘et
1656 2492 1683 2515 te

899 2532 1057 2559 accesserit.
1083 2531 1203 2566 Benigne
1229 2532 1310 2567 igitur
1334 2532 1423 2559 divina
1447 2532 1492 2559 lux
1520 2533 1683 2561 mentalibus

898 2583 1006 2610 semper
1026 2577 1113 2604 oculis
1130 2581 1215 2612 patet,
1238 2578 1355 2613 licetque
1381 2578 1422 2605 his
1443 2578 1530 2605 lucem
1556 2579 1682 2613 excipere

899 2623 1115 2656 quandocunque
1137 2623 1281 2650 voluerint.
1309 2624 1350 2650 Ad
1381 2623 1460 2658 hujus
1476 2623 1680 2650 similitudinem

898 2669 980 2695 etiam
997 2669 1143 2703 episcopus
1169 2668 1298 2696 dcctrime
1321 2669 1411 2696 radios
1438 2670 1565 2704 expandit
1583 2675 1634 2696 tam
1649 2670 1681 2696 iis

897 2716 943 2750 qui
959 2716 1014 2750 apti
1030 2720 1092 2742 sunt
1115 2715 1148 2742 ad
1161 2723 1207 2742 eos
1223 2716 1407 2750 em'ipicndos,
1423 2723 1502 2750 quam
1520 2715 1552 2742 iis
1568 2715 1613 2749 qui
1627 2723 1679 2741 non

899 2767 962 2788 sunt
974 2761 1042 2796 apti,
1055 2761 1128 2788 nullo
1142 2762 1205 2788 odio
1231 2761 1323 2789 dit-ave
1350 2761 1545 2796 imprecatione
1571 2767 1680 2796 propter

899 2809 1014 2844 priorem
1050 2808 1228 2834 defectionem
1270 2808 1563 2842 intemperantiamqne
1589 2814 1677 2834 utens.

899 2854 960 2882 llaec
980 2859 1070 2881 autem
1092 2854 1156 2882 dicit
1183 2860 1292 2890 ptoplcr
1319 2863 1350 2882 ea
1377 2862 1435 2889 qua:
1453 2855 1578 2889 superius
1607 2854 1678 2880 dicta
