1931 3073
817 150 846 179 S.
864 148 1014 178 DlONYSll
1033 143 1267 179 AREOPAGITE

1801 154 1857 183 J20

226 213 307 237 sunt:
322 207 431 236 dixerat
453 207 539 240 enim,
562 207 617 236 duo
629 215 690 236 esse
704 207 776 235 mala
788 192 934 236 intellectui
947 216 1010 243 pra:-

1067 208 1226 244 ουσιάτητα.
1240 209 1275 236 Ἦ
1298 209 1352 246 γὰρ
1372 209 1520 245 ἀφίσταται
1535 218 1578 243 τις
1599 209 1743 241 statim
1755 213 1860 250 φωτὸς.

225 255 344 282 ditornm
368 259 480 290 propter
503 254 645 289 propriam
671 254 839 282 libertatem.
868 253 917 281 Vel
941 254 1016 282 enim

225 301 328 329 deserit
344 301 406 336 quis
417 301 538 328 divinam
554 300 656 332 lucem,
677 299 721 328 vel
737 300 808 334 sapit
819 307 902 334 supra
923 301 1015 329 modu-

225 345 280 373 ltnn
294 353 384 379 suum,
398 350 426 373 et
437 346 510 381 quod
528 353 582 373 non
602 345 730 373 convenit
745 345 854 380 querit.

262 391 330 428 ειν.
344 391 462 424 Rursus,
473 398 537 418 cum
546 390 667 419 divinum
680 397 782 418 numen
795 390 831 418 sit
843 390 922 426 origo
935 394 1017 418 recta:

225 436 408 464 ordinationis
433 443 520 464 sacra
546 436 698 464 secundum
726 443 809 471 quam
825 435 908 463 etiam
927 435 1016 471 angeli

225 487 312 511 semet
332 483 408 518 ipsos
435 486 545 516 norunt,
559 489 611 510 nec
638 481 794 510 inordinate
823 480 968 516 prosiliunt
980 481 1015 507 ad

224 537 257 558 ea
275 537 336 565 quae
347 537 400 558 non
418 529 527 561 decent,
554 529 672 564 primum
694 536 792 556 munus
805 535 839 556 ex
851 527 943 554 divina
966 526 1015 554 do-

225 577 313 604 ctrina
329 577 391 612 quis
406 576 597 609 consequitur,
623 575 695 610 quod
717 575 837 610 seipsum
865 576 971 605 noscat,
985 575 1015 600 ut

225 622 290 650 illud
305 623 377 658 quod
393 623 419 650 in
432 623 492 657 lege
513 622 646 657 scriptum
665 625 707 649 est
722 626 822 654 servet,
837 620 940 647 attende
964 618 1012 646 tibi

224 668 275 702 ipsi
294 674 319 701 ι,
331 667 560 702 quemadmodum
571 667 653 695 etiam
668 667 780 702 Magnus
801 665 919 693 Basilius
952 664 1010 691 ait:

225 712 343 740 Eatenus
356 714 425 741 enim
439 713 476 740 ad
490 714 626 748 proprium
645 718 749 740 natura
774 712 874 744 lumen,
885 711 939 738 sive
949 718 1012 737 con-

225 759 418 794 templationem
439 760 608 787 seimtt'amve
630 767 780 791 recurrens.
804 757 911 793 angelos
922 757 1012 784 imito—

224 809 280 838 tur,
294 805 339 840 qui
352 806 452 840 seipse:
477 810 600 833 noscunt.
628 805 715 832 Porro
728 805 774 840 qui
789 805 911 839 seipsum
922 801 1011 828 oculis

224 850 367 878 affectione
392 851 486 879 vacuis
513 851 706 884 considerarit,
722 849 932 885 profundissima
949 846 1011 883 qui-

1068 254 1086 332 ?
1111 254 1276 308 ὑπερφρονεῖ
1302 255 1350 282 τοῦ
1378 256 1507 293 μετρίου,
1524 257 1572 285 καὶ
1588 256 1620 284 τὸ
1640 257 1774 286 ἀνοίκειον
1795 260 1860 288 lu.-

1085 308 1155 332 ητει.

1085 308 1155 335 ητει.

1104 390 1118 425 §
1131 389 1176 418 IV.
1184 391 1279 424 Πάλιν,
1293 392 1356 419 ἐπεὶ
1367 391 1492 425 εὐταξίας
1499 392 1575 428 ἱερᾶς
1581 391 1653 429 ἀρχὴ
1662 392 1693 419 τὸ
1702 392 1779 420 Θείόν
1787 393 1857 425 ἐστι,

1067 436 1128 463 καθ’
1141 437 1175 472 ἥν
1189 437 1237 464 καὶ
1259 438 1284 464 οἱ
1307 437 1418 472 ἀγγελοι
1436 437 1661 473 ἐπιγινώσκουσιν
1674 439 1796 471 ἑαυτοὺς,
1809 440 1858 466 καὶ

1065 482 1115 517 οὐχ
1140 483 1334 519 ύπερπηδῶσιν
1355 484 1482 516 ἀτάκτως
1505 483 1575 520 πρὸς
1587 483 1623 511 τὰ
1637 484 1769 517 ἀνοίκεια,
1782 484 1858 520 πρῶ-

1064 535 1112 554 τον
1135 527 1222 564 δῶρον
1235 529 1268 556 ὲκ
1280 529 1330 564 τῆς
1353 529 1429 562 θείας
1455 530 1639 563 διδασκαλίας,
1659 531 1757 558 κτᾶταί
1770 540 1812 563 τις
1825 530 1858 557 τὸ

1064 573 1213 608 ἐπιγνῶναι
1228 574 1334 606 ἑαυτὸν,
1355 574 1400 601 ἵνα
1410 574 1441 601 τὸ
1454 575 1484 601 ὲν
1498 574 1538 611 τῷ
1550 575 1624 611 νόμῳ
1639 575 1754 612 φυλάξῃ,
1762 577 1799 610 Il;
1808 573 1861 609 dc-

1062 628 1114 654 εχε
1128 620 1255 653 σεαυτῷ,
1275 620 1313 653 ὡς
1329 621 1376 648 καὶ
1391 620 1510 656 ὸΜέγας
1522 621 1574 658 ἔφη
1588 622 1727 654 Βασίλειος
1737 630 1745 638 ·
1774 623 1859 650 οὕτω

1063 665 1119 700 τὰρ
1141 665 1213 700 τέως
1229 666 1305 701 πρὸς
1328 667 1362 693 τὸ
1384 667 1494 694 οἰκεῖον
1515 667 1573 702 τῆς
1595 668 1716 702 φύσεως
1736 667 1856 702 ὁρατὸν,

1063 711 1160 746 ἤγουν
1172 713 1319 747 θεωρητόν
1332 712 1351 748 ἢ
1366 713 1540 748 ἐπιστητὸν,
1563 714 1746 749 ἀνατρέχων,
1759 713 1858 749 μιμεῖ-

1062 767 1110 786 ται
1134 758 1282 794 ἀγγέλους
1305 759 1376 792 τοὺς
1398 759 1602 795 γινώσκοντας
1624 761 1760 794 ἑαυτούς.
1787 761 1816 787 ’0
1829 760 1859 786 δὲ

1062 804 1159 831 ἑαυτὸν
1182 805 1387 841 ἀπροσπαθέσιν
1413 805 1474 832 ίδὼν
1499 806 1656 842 ὀφθαλμοῖς,
1679 807 1859 843 ἀποφοιτήσει

1064 851 1113 886 μὲν
1127 851 1182 878 τῶν
1195 851 1352 887 βαθυτάτων
1365 851 1458 880 τόπων
1477 853 1527 888 τῆς
1551 853 1698 888 ἀγνωσίας,
1713 854 1763 880 οὐκ
1777 854 1859 881 αὐτό-

223 897 285 924 dem
301 897 481 932 ignoratiouis
505 896 562 924 loca
578 896 698 932 eﬂ'ugiet.
723 904 776 924 non
805 900 894 923 tamen
910 901 959 930 per
972 900 1010 925 se,

1065 897 1112 924 θεν
1127 897 1167 931 δὲ,
1183 897 1252 924 ἀλλά
1275 898 1309 925 δι’
1335 898 1433 935 ὁδηγοῦ
1457 899 1504 925 καὶ
1527 899 1668 934 ἀναδόχου,
1691 899 1860 935 ἐπιθυμήσει

223 943 272 971 sed
286 951 333 979 per
349 944 444 972 ducem
463 951 495 971 ac
507 948 693 978 susceptorem
707 941 877 970 desiderabit
889 941 1010 968 divinam

223 990 472 1025 participationem.
497 988 530 1016 Et
544 996 594 1024 per
610 989 764 1016 doctrinam
793 987 903 1022 quidem
919 986 954 1013 ad
969 984 1011 1012 sui

224 1036 360 1068 notitiam,
386 1035 496 1063 devenit
521 1042 572 1070 per
595 1035 770 1070 semetipsum
792 1033 826 1061 ad
852 1033 893 1061 sui
908 1032 1012 1068 princi-

223 1083 296 1119 pinm
314 1091 322 1115 ;
337 1090 386 1118 per
401 1082 453 1109 hoc
468 1085 572 1114 autem,
595 1081 630 1108 ad
646 1081 673 1108 id
684 1081 757 1116 quod
773 1080 819 1108 illo
831 1080 907 1114 prius
917 1083 971 1111 est,
983 1081 1014 1105 et

222 1120 273 1164 per
286 1129 350 1156 illud
363 1128 396 1156 ad
412 1129 530 1164 primum
557 1127 717 1155 adducetur.
741 1126 804 1154 Haec
818 1125 955 1161 signiﬁcat
967 1131 1013 1152 ac-

223 1174 350 1202 cedentis
360 1174 493 1202 modestia
509 1173 726 1208 reverentiaque,
738 1175 766 1200 et
779 1171 814 1199 ad
826 1174 1011 1205 susceptorcm

223 1220 358 1252 accessio.
383 1220 426 1247 cui
451 1219 547 1255 utique
574 1219 720 1246 character
750 1216 929 1252 imprimitur,
952 1220 1013 1242 tan-

222 1273 305 1301 quam
321 1267 429 1301 signum
452 1265 539 1300 partis
558 1264 726 1292 haereditatis
745 1263 772 1290 iu
792 1262 914 1294 Christo,
926 1266 954 1289 et
971 1261 1012 1289 in-

222 1311 335 1346 scriptio
353 1311 382 1338 iit
394 1311 428 1339 ad
448 1311 548 1339 bonam
571 1310 731 1339 memoriam
755 1308 842 1344 ipsius
865 1315 898 1335 ac
919 1314 1012 1336 susce-

222 1356 434 1392 ptoris;ipsius
466 1357 586 1392 quidem,
624 1360 754 1390 tanquam
792 1354 849 1382 veri
875 1354 1011 1381 bonorum

223 1402 354 1430 amatoris
369 1410 377 1434 ;
392 1402 562 1437 susceptoris
584 1407 650 1429 vero
681 1405 811 1435 tanquam
822 1397 943 1426 ductoris
958 1397 1012 1425 mi-

222 1448 297 1476 nime
310 1447 436 1475 errantis.

258 1493 273 1530 ς
294 1492 328 1522 ν.
348 1493 450 1521 Deinde
471 1492 539 1520 dicit
560 1492 594 1520 de
613 1491 730 1520 vestium
750 1489 929 1526 depositione.
944 1489 1010 1518 Cum

222 1538 296 1566 enim
312 1545 366 1566 non
382 1537 464 1566 liceat
484 1537 566 1566 alicui
589 1545 696 1566 summe
709 1536 908 1565 contrariorum
923 1535 1010 1571 parti-

223 1585 310 1620 eipem
325 1584 472 1618 exsistere,
485 1584 614 1612 sanitatis
625 1592 652 1611 v.
668 1589 740 1619 θέει
750 1583 848 1617 morbi,
862 1588 890 1612 et
904 1582 1009 1618 peccati

221 1638 255 1659 ac
265 1631 386 1664 virtutis,
401 1635 427 1659 et
449 1630 611 1666 ignorantiae
635 1630 855 1665 cognitionisque
871 1630 931 1662 Dei,
944 1629 1012 1656 divi-

221 1684 278 1705 sam
289 1676 373 1705 etiam
385 1683 498 1704 necesse
513 1675 595 1712 184
609 1676 646 1704 sit
658 1676 760 1704 habere
778 1676 860 1703 vitam
873 1676 918 1711 qui
934 1680 1011 1703 utra-

220 1729 274 1758 que
287 1722 474 1758 amplectitur,
497 1727 699 1758 proptereaque
721 1721 837 1750 liberum
850 1729 911 1750 esse
930 1729 1011 1757 opor-

221 1773 278 1797 teat
288 1770 333 1805 qui
346 1769 379 1797 ad
393 1769 508 1797 alteram
535 1769 619 1797 vitam
645 1768 822 1801 transfertur,
845 1769 949 1797 nuilutn
969 1769 1011 1796 ai-

220 1816 324 1844 iectum
339 1815 482 1844 retinendo
503 1815 605 1851 prioris
627 1815 690 1843 vitae
703 1823 712 1848 ;
727 1815 829 1842 idcirco
841 1815 887 1850 qui
904 1815 1012 1842 adduci-

220 1867 275 1895 tur,
289 1863 379 1890 nudus
400 1862 517 1890 sistitur.
539 1861 580 1889 Ad
604 1861 662 1889 hac
684 1869 760 1894 vero,
773 1861 903 1896 quoniam
916 1861 951 1888 ab
962 1868 1012 1889 ex-

221 1908 317 1936 tremis
341 1908 550 1942 minoribusquc
571 1906 673 1942 prioris
685 1907 749 1935 vitae
760 1906 949 1935 aiiectionibus
960 1908 1010 1935 ab.

219 1954 288 1982 solvi
301 1954 394 1987 debet,
407 1954 441 1982 ad
455 1958 594 1981 extremos
615 1961 701 1989 usque
725 1953 807 1988 pedes
821 1953 903 1982 totius
915 1961 1010 1988 corpo-

220 2001 258 2028 ris
271 2000 439 2029 indumentis
460 2000 571 2028 exuitur
586 2007 595 2034 ;
610 2004 718 2035 spectat
729 2005 823 2027 autem
836 2000 871 2027 ad
883 1999 1011 2027 occiden-

219 2050 285 2080 tem,
298 2046 445 2074 obscurum
460 2045 536 2073 illum
556 2044 657 2079 locum,
670 2049 698 2073 et
715 2045 913 2073 tenebricosam
928 2045 1010 2073 maii-

220 2093 288 2120 tiatn
301 2092 425 2128 expellit,
441 2092 610 2126 insitumque
622 2091 674 2119 sibi
688 2092 865 2127 malignitatis
888 2091 1009 2120 habitum

219 2139 302 2172 eiiiat,
323 2145 442 2174 eumque
453 2145 469 2165 a
486 2138 570 2166 corde
584 2146 633 2166 suo
655 2137 737 2172 ejicit.
762 2138 852 2174 Atque
862 2139 913 2167 hoc
927 2140 1010 2168 modo

219 2185 368 2213 universali
380 2184 619 2212 abrenuntiatione
633 2184 704 2212 facta
718 2185 753 2212 ad
767 2186 900 2213 orientem
915 2187 1009 2214 tradu-

1063 943 1112 979 τῆς
1138 943 1213 976 θείας
1243 943 1457 980 μεθέξεως.Καὶ
1470 944 1514 972 διὰ
1534 945 1584 980 μὲν
1607 944 1658 980 τῆς
1683 944 1859 977 διδασκαλίας

1062 989 1109 1016 ἐπὶ
1121 989 1152 1016 τὸ
1167 989 1268 1024 γνῶναι
1293 990 1388 1017 ἑαυτὸν
1416 990 1548 1026 βαδιεῖται
1573 990 1608 1017 δι’
1628 990 1724 1017 ἑαυτοῦ
1746 990 1794 1017 ἐπὶ
1809 990 1858 1018 τὸν

1062 1035 1146 1062 αὐτοῦ
1170 1035 1277 1071 πρῶτον
1287 1043 1294 1051 ·
1316 1035 1361 1062 διὰ
1374 1035 1403 1062 δὲ
1416 1035 1511 1062 τούτου
1524 1036 1570 1062 ἐπὶ
1584 1036 1630 1062 τὸν
1644 1035 1684 1062 ἔτι
1702 1035 1835 1072 πρότερον
1847 1043 1856 1051 ο

1062 1081 1111 1108 καὶ
1134 1081 1169 1108 δι’
1191 1080 1296 1107 ἐκείνου
1328 1081 1377 1108 ἐπὶ
1402 1081 1449 1108 τὸν
1476 1080 1630 1117 πρώτιστον
1659 1081 1857 1116 ἀναχθήσεται.

1062 1126 1155 1154 Ταῦτα
1172 1126 1246 1163 δηλοῖ
1255 1128 1272 1162 ὴ
1285 1126 1332 1153 τοῦ
1353 1127 1511 1163 προσιόντος
1524 1126 1733 1162 ὲπιγνωμοσύνη
1753 1127 1799 1153 καὶ
1811 1127 1860 1153 εὑ-

1061 1172 1167 1205 λάσεια,
1190 1173 1237 1200 καὶ
1250 1173 1267 1209 ἡ
1280 1173 1348 1209 πρὸς
1373 1173 1418 1200 τὸν
1445 1173 1573 1208 ἀνάδοχον
1597 1173 1736 1208 πρόσοδος,
1755 1169 1778 1206 ᾧ
1791 1173 1824 1209 δὴ
1838 1173 1857 1209 ἡ

1063 1219 1182 1256 σφραγὶς
1199 1219 1309 1251 δίδοται,
1325 1219 1363 1251 ὡς
1379 1219 1492 1255 σημεῖον
1506 1218 1553 1246 τοῦ
1565 1219 1666 1254 κλήρου
1679 1219 1729 1254 τῆς
1741 1220 1769 1245 ὲν
1785 1219 1858 1254 Χρι-

1064 1264 1120 1301 στῷ
1145 1264 1264 1300 μερίδος,
1281 1264 1328 1292 καὶ
1340 1265 1357 1301 ὴ
1371 1264 1518 1300 ἀπογραφὴ
1530 1266 1710 1300 οἰκονομεῖται
1731 1266 1771 1297 είς
1786 1274 1858 1300 μνη-

1063 1310 1179 1347 μόσυνον
1201 1309 1312 1345 ἀγαθῶν
1331 1310 1413 1338 αὐτοῦ
1437 1319 1469 1337 τε
1492 1310 1540 1337 καὶ
1551 1310 1597 1337 τοῦ
1614 1310 1758 1346 ἀναδόχου⁶
1771 1310 1857 1337 αὐτοῦ

1063 1355 1124 1391 μὶν,
1141 1356 1179 1388 ὡς
1190 1355 1318 1391 ἀληθινοῦ
1331 1355 1385 1383 τῶν
1399 1355 1488 1382 καλῶν
1512 1356 1641 1392 ἐραστοῦ·
1658 1356 1704 1383 τοῦ
1716 1356 1744 1383 δὲ
1758 1355 1859 1383 ἀναδό-

1061 1409 1121 1439 xeo,
1135 1401 1173 1433 ὡς
1186 1400 1322 1433 ἀπλανοῦς
1332 1399 1440 1437 ὁδηγοῦ.

1097 1495 1154 1533 μ’.
1163 1496 1302 1524 Ἐντεῦθεν
1308 1495 1382 1531 λέγει
1392 1504 1427 1523 πε
1431 1496 1456 1532 pl.
1464 1496 1513 1532 τῆς
1520 1496 1622 1524 ἀπεκδύ
1627 1505 1704 1529 σεως.
1713 1496 1788 1524 Ἐπεὶ
1800 1498 1857 1534 γὰρ

1061 1543 1112 1571 οὐκ
1121 1543 1181 1571 ἐστι
1195 1544 1340 1579 μετασχεῖν
1351 1550 1413 1570 τινα
1423 1541 1477 1570 τῶν
1489 1542 1581 1579 ἄκρως
1598 1544 1735 1575 ἐναντίων,
1760 1544 1857 1578 ὑγείας

1061 1589 1184 1626 δηλονότι
1201 1589 1249 1617 καὶ
1271 1589 1361 1621 νόσου,
1388 1588 1435 1616 καὶ
1457 1589 1594 1625 ἁμαρτίας
1619 1589 1666 1616 καὶ
1682 1589 1794 1625 ἀρετῆς,
1807 1590 1858 1617 καὶ

1061 1635 1172 1671 ἀγνοίας
1187 1634 1234 1663 καὶ
1247 1634 1422 1669 θεογνωσίας,
1435 1634 1571 1670 ὲπείτοιγε
1585 1636 1633 1662 καὶ
1645 1635 1775 1671 μεριστὴν
1789 1644 1858 1671 συμ-

1061 1681 1175 1717 6ήσεται
1187 1679 1259 1717 ῑχειν
1279 1681 1328 1717 τὴν
1343 1680 1417 1716 ζωὴν
1430 1681 1475 1708 τὸν
1492 1681 1539 1707 καί
1553 1680 1716 1717 ἀμφοτερων
1740 1682 1853 1716 ἀντεχό-

1062 1737 1153 1765 μενον,
1167 1729 1214 1755 καὶ
1225 1727 1269 1756 διὰ
1283 1727 1362 1755 τοῦτο
1385 1727 1498 1762 ἄσχετον
1519 1724 1588 1754 εἶναι
1602 1727 1643 1754 δεῖ
1658 1727 1703 1754 τὸν
1715 1728 1783 1763 πρὸς
1794 1729 1857 1755 δευ-

1060 1775 1144 1811 τέραν
1159 1775 1232 1811 ζωὴν
1249 1773 1470 1810 μετατιθέμενον,
1497 1773 1632 1810 μηδεμίαν
1654 1774 1744 1809 σχέσιν
1757 1773 1856 1808 ἔχοντα

1061 1821 1130 1858 πρὸς
1153 1821 1204 1856 τὴν
1231 1820 1367 1857 προτέραν
1392 1820 1475 1856 ζωὴν,
1499 1819 1603 1856 γυμνὸς
1617 1821 1631 1846 ὁ
1648 1819 1856 1856 προσαγόμενος

1061 1867 1179 1894 ἵσταται.
1199 1867 1259 1893 Ἔτι
1274 1866 1313 1898 δὲ,
1327 1866 1388 1893 ἐπεὶ
1401 1867 1449 1893 καὶ
1471 1866 1552 1901 μέχρι
1573 1865 1627 1892 τῶν
1638 1865 1706 1901 πρὸς
1720 1865 1770 1900 τὴν
1787 1873 1856 1901 προ-

1060 1913 1143 1950 τέραν
1158 1913 1230 1949 ζωὴν
1242 1913 1364 1948 ἐσχάτων
1379 1913 1425 1939 καὶ
1447 1911 1617 1948 μικροτέρων
1641 1911 1760 1947 σχέσεων
1777 1911 1855 1946 ὀφεί-

1060 1958 1101 1987 λει
1113 1959 1290 1990 ἀπολύεσθαι,
1303 1959 1350 1986 καὶ
1361 1958 1396 1985 τὰ
1411 1959 1451 1990 είς
1463 1958 1528 1990 τοὺς
1546 1957 1629 1989 πόδας
1641 1958 1705 1989 τοὺς
1719 1957 1856 1992 ἐσχάτους

1059 2007 1121 2034 ὅλου
1132 2005 1179 2033 τοῦ
1192 2005 1316 2041 σώματος
1328 2005 1474 2040 φορήματα
1485 2003 1630 2030 ὑπολύεται
1642 2011 1648 2018 ·
1665 2003 1755 2039 ἀφορᾷ
1766 2003 1795 2029 δὲ
1805 2004 1856 2031 καὶ

1061 2053 1130 2089 πρὸς
1144 2052 1271 2088 δυσμαῖς,
1283 2051 1323 2087 τῷ
1333 2051 1455 2086 ἀλαμπεῖ
1468 2050 1554 2085 τόπῳ,
1570 2050 1617 2077 καὶ
1630 2049 1780 2077 ἀπωθεῖται
1801 2050 1855 2086 τὴν

1059 2098 1173 2134 ἀλαμπῆ
1200 2097 1309 2128 κακίαν,
1333 2097 1380 2124 καὶ
1404 2098 1436 2123 ὲκ
1456 2095 1504 2122 τοῦ
1533 2096 1657 2131 ὲμφυσᾷν
1677 2095 1730 2130 τῆς
1751 2095 1854 2128 κακίας

1058 2143 1108 2179 τὴν
1120 2143 1176 2177 ἕξιν
1193 2142 1313 2173 ἐκπνέει,
1329 2142 1376 2168 καὶ
1390 2141 1444 2169 ἀπὸ
1455 2142 1505 2176 τῆς
1516 2140 1611 2171 ἑαυτοῦ
1627 2141 1740 2177 καρδίας
1753 2141 1854 2169 ἐκϐάλ-

1059 2192 1109 2219 λει.
1125 2191 1180 2218 Καὶ
1199 2190 1285 2222 οὓτως
1306 2189 1404 2221 ὑλικῶς
1426 2189 1475 2225 τὴν
1498 2189 1639 2224 ἀποταγὴν
1656 2190 1852 2225 ποιησάμενος,

218 2232 300 2264 citur,
314 2232 349 2259 ad
361 2231 432 2258 Solis
452 2231 566 2265 iustitiae
587 2235 696 2263 ortum,
710 2236 738 2259 et
750 2232 860 2260 totalem
873 2232 907 2260 ad
921 2238 1005 2260 unum

1063 2236 1174 2272 πρὸςὲω
1190 2237 1346 2272 μετάγεται,
1367 2235 1417 2271 τὴν
1442 2235 1573 2270 ἀνατολὴν
1596 2234 1644 2262 τοῦ
1671 2235 1722 2270 τῆς
1748 2235 1855 2262 δικαιο-

218 2278 425 2306 conversionem
455 2277 700 2313 proﬁteturzcum
732 2283 864 2313 praeterea
891 2278 1006 2306 manife-

219 2330 291 2353 stum
304 2325 351 2358 sit,
376 2323 511 2351 initiatum
525 2323 551 2350 in
573 2322 749 2350 contentione
762 2327 789 2350 et
802 2329 890 2358 agone
902 2323 1005 2350 versari

218 2372 329 2404 debere,
342 2376 372 2398 ut
385 2369 634 2397 inmutabilitatem
647 2369 781 2396 obtineat.
797 2368 906 2396 Declina
922 2369 1005 2401 enim,

218 2420 317 2454 inquit,
331 2427 347 2446 a
368 2417 451 2449 malo,
462 2422 486 2444 et
509 2417 552 2451 {ac
563 2416 659 2442 bonum
672 2417 710 2443 ι’.
727 2416 760 2444 Et
784 2417 882 2444 iterum
897 2425 903 2443 :
928 2416 1006 2444 Beati

217 2467 381 2494 inmaculati
394 2467 420 2493 in
430 2466 470 2493 via
481 2465 527 2501 qui
539 2464 675 2492 ambulant
687 2469 712 2490 γ.
727 2463 831 2492 Bonum
845 2466 917 2491 enim
930 2469 1005 2492 stare

218 2514 319 2547 nescit,
343 2520 432 2548 neque
464 2512 546 2540 facile
569 2517 611 2539 est
633 2511 754 2538 divinum
781 2518 904 2538 antorem
928 2511 1004 2538 cohi—

217 2560 293 2588 bere.

254 2607 268 2643 ς
290 2606 332 2634 Vl.
356 2606 421 2634 Vide
432 2604 568 2641 quomodo
581 2604 632 2632 olei
649 2603 810 2632 inunctione
834 2603 958 2631 initiatus
969 2603 1002 2631 ad

217 2654 368 2682 certamina
390 2653 551 2684 adducatur,
572 2652 623 2679 sub
644 2651 754 2679 Christo
767 2650 924 2679 munerario
936 2659 1003 2678 con-

217 2701 338 2728 stitutus.
360 2698 535 2727 Constructio
557 2698 616 2726 haec
626 2702 669 2725 est
682 2704 731 2731 per
744 2697 926 2732 hyperbaton,
941 2705 1002 2725 cer-

217 2748 330 2780 tamina,
341 2747 463 2782 quidem,
476 2750 571 2782 utpote
595 2745 699 2777 divina,
714 2745 792 2772 lentus
815 2745 1000 2780 aggrediatur.

216 2793 378 2822 Intermedic
398 2798 500 2826 autem,
525 2800 586 2820 cuiu
611 2791 796 2818 munerarium
821 2791 998 2826 appellaverit

1060 2282 1143 2318 σύνης
1163 2281 1265 2313 Ἠλίου,
1280 2281 1328 2308 καὶ
1341 2280 1390 2316 τὴν
1407 2280 1477 2316 πρὸς
1491 2279 1522 2306 τὸ
1546 2279 1575 2306 ἓν
1595 2279 1688 2315 ὀλικὴν
1711 2279 1852 2307 σύννευσιν

1058 2328 1200 2364 ὁμολογεῖ·
1214 2327 1294 2355 πάλιν
1308 2327 1369 2353 ἐπεὶ
1386 2325 1465 2361 δῆλόν
1478 2327 1562 2358 ἐστιν,
1575 2325 1613 2357 ὡς
1623 2326 1652 2352 ὲν
1665 2326 1789 2362 συντονίᾳ
1802 2326 1852 2352 καὶ

1059 2374 1144 2410 ἀγῶνι
1155 2374 1196 2401 δεῖ
1210 2372 1279 2400 εἶναι
1299 2373 1344 2400 τὸν
1368 2371 1536 2407 τελούμενον,
1552 2372 1596 2399 ἵνα
1618 2371 1649 2398 τὸ
1672 2371 1851 2399 ἀναλλοίωτον

1059 2419 1120 2456 ἔχῃ.
1141 2421 1303 2446 Ἕκκλινον
1316 2419 1370 2453 γὰρ
1379 2418 1438 2445 ἀπὸ
1450 2418 1554 2451 κακοῦ,
1565 2417 1641 2453 φησι,
1657 2418 1705 2445 καὶ
1719 2418 1851 2452 ποίησον

1058 2466 1184 2501 ἀγαθόν·
1207 2466 1254 2492 καὶ
1279 2464 1375 2492 πάλιν·
1399 2463 1543 2498 Μακάριοι
1568 2466 1594 2491 οὶ
1609 2464 1720 2499 ἄμωμοι
1732 2463 1848 2496 ἐνόδῷ,

1058 2513 1085 2539 οὶ
1107 2513 1299 2546 πορευόμενοι
1311 2520 1317 2526 ·
1334 2511 1394 2538 οὐδὲ
1419 2510 1474 2547 γὰρ
1494 2511 1585 2538 στάσιν
1611 2508 1664 2537 οἶδε
1684 2510 1714 2536 τὸ
1734 2509 1847 2544 ἀγαθὸν,

1058 2558 1112 2585 οὐδ’
1124 2558 1222 2592 εὐαγές
1235 2565 1299 2584 ποτε
1319 2556 1397 2592 λῆξαι
1409 2557 1455 2584 τὸν
1469 2557 1540 2584 θεῖον
1553 2557 1652 2593 ἔρωτα.

1095 2604 1110 2641 §
1123 2603 1168 2631 Vl.
1184 2604 1255 2640 Ὅρα
1266 2603 1325 2635 πῶς
1336 2603 1380 2630 διὰ
1392 2603 1442 2638 τῆς
1462 2602 1509 2629 τοῦ
1523 2603 1611 2629 ἐλαίου
1638 2601 1754 2638 χρίσεως
1777 2600 1848 2636 πρὸς

1058 2650 1166 2685 ἀγῶνας
1197 2650 1293 2684 ἄγεται
1308 2649 1322 2675 ὁ
1336 2648 1507 2684 τελούμενος,
1520 2648 1580 2675 καθ’
1595 2648 1642 2680 οὓς
1655 2649 1700 2675 ὑπ’
1713 2646 1847 2684 ἀθλοθέτῃ

1055 2695 1166 2733 Χριστῴ
1178 2695 1332 2730 γενόμενος.
1350 2695 1448 2726 Σύνθες
1460 2695 1489 2721 τὺ
1501 2695 1582 2730 ῥητὸν
1595 2693 1656 2720 καθ’
1671 2692 1824 2728 ὑπερϐατόν
1837 2702 1844 2708 ·

1055 2745 1112 2775 τοῖς
1124 2744 1172 2778 μὲν
1185 2742 1298 2777 ἀγῶσιν,
1313 2742 1350 2774 ὡς
1365 2741 1460 2773 θείοις,
1482 2742 1584 2776 χαίρων
1606 2741 1773 2776 ὲπιὸήσεται.
1795 2739 1847 2766 Διὰ

1059 2790 1141 2826 μέσου
1156 2789 1193 2822 δὲ,
1209 2789 1270 2815 ἐπεὶ
1291 2788 1438 2824 ἀθλοθέτην
1465 2787 1576 2815 ἐκάλεσε
1591 2788 1637 2815 τὸν
1652 2787 1752 2823 Κύριον
1766 2786 1846 2822 ἡμῶν

252 2875 286 2903 ιι
304 2875 423 2907 Tim.iv,
441 2874 483 2902 ιϐ.
523 2872 569 2901 ι⁶Ι
587 2873 659 2902 Petr.
681 2880 722 2904 Ill,
739 2872 782 2900 ll.
821 2871 919 2901 ri’sai.
935 2878 1033 2900 enin.
1055 2871 1082 2898 1.
