1931 3073
392 139 436 168 DE
452 139 592 169 ECCLES.
610 139 810 171 HIERARCH..
823 139 900 167 CAP.
919 139 953 168 11.
970 155 1005 160 -
1022 138 1196 168 PARAPHR.
1213 139 1450 170 PACHYMERAL'.

1681 141 1738 171 ‘22

107 198 217 235 Ίησηῢν
225 196 403 234 Χριστὸν-καὶ
414 197 489 229 θεὸν,
503 197 587 233 δηλοῖ,
601 197 660 228 πῶς
674 197 722 232 μὲν
737 196 882 232 ἀθλοθέτης

947 196 1092 224 Dominum
1115 203 1239 225 ttostrum
1261 197 1354 226 Jesnm
1377 199 1516 228 Christum
1532 207 1562 227 ac
1578 199 1672 232 Deum,
1687 202 1736 228 de-

101 246 166 278 πῶς
173 245 202 272 δὲ
215 244 373 280 νομοθέτης,
388 243 447 275 πῶς
463 243 624 278 στεφοδότης
636 242 726 269 καλῶν
737 243 784 269 καὶ
793 242 896 277 ἀφθάρ-

100 300 160 318 των
175 290 324 325 στεφάνων,
339 289 396 321 πῶς
406 289 434 315 δὲ
447 289 494 315 καὶ
510 288 720 324 συναγωνιστὴς,
735 288 815 315 οἱονεὶ
827 287 895 313 ἀλεί-

101 347 177 374 πτης
188 337 272 364 ἐστίν.
289 337 318 364 '0
332 336 421 364 τοίνυν
450 335 553 372 Ἰησοῦς
567 335 692 372 Χριστὸς,
715 335 752 367 ὡς
766 335 815 370 μὲν
828 334 894 365 Θεὸς

101 383 165 420 (καὶ
187 384 337 420 σημείωσαι
363 383 394 409 τὸ
418 383 499 418 ῥητὸν
522 381 593 408 κατὰ
623 380 824 417 νεστοριανῶν,)
848 381 894 415 δη-

102 431 230 466 μιουργεῖ
254 430 304 465 τὴν
327 428 496 460 ἀθλοθεσίαν,
510 428 525 454 ὸ
539 428 594 464 γὰρ
612 428 752 464 ὑπερέχων
777 427 824 454 καὶ
849 426 894 452 δυ-

99 478 229 513 νάμενος,
257 476 410 504 ἀθλοθετεῖ·
427 476 465 508 ὡς
480 475 509 502 δὲ
529 475 611 510 σοφὸς
635 475 784 510 νομοθετεῖ,
809 472 891 508 σοφοῦ

99 525 159 561 γὰρ
173 527 189 561 ἡ
204 525 359 561 νομοθεσία,
383 524 451 559 ὅπερ
469 524 541 550 ἐστὶν
563 523 587 550 εἰ
608 522 679 549 οὕτω
707 521 786 557 τυχὸν
813 529 892 556 περι-

99 572 246 608 γενήσεται
259 572 274 598 ὀ
290 570 496 606 ἀγωνιζόμενος,
519 569 590 596 οὕτω
615 568 740 601 τεύξεται
767 567 814 594 τοῦ
836 575 893 593 στε-

99 619 200 653 φάνου,
217 619 241 644 εἰ
257 618 293 653 μὴ
305 617 386 648 οὕτω,
401 617 431 643 τὸ
444 616 570 652 βραϐεῖον
592 616 622 642 οὐ
643 615 758 651 λήψεται
768 623 775 630 ·
790 614 828 646 ὡς
842 622 892 640 κα-

98 665 147 697 λὸς
162 664 289 692 καλλύνει
304 663 338 690 τὰ
353 663 454 690 ἔπαθλα
464 671 471 678 ο
499 663 533 690 ’Ἀ
545 662 600 698 γὰρ
611 662 775 696 ἡτοίμασεν
788 662 804 688 ὁ
820 660 892 694 Θεὸς

97 712 164 745 τοῖς
177 710 333 746 ἀγαπῶσιν
350 710 453 742 αὑτὸν,
466 709 535 736 οὔτε
545 708 700 743 ὀφθαλμὸς
718 707 807 739 εἶδεν,
821 707 891 734 οὔτε

97 758 156 791 οὓς
168 757 311 792 ἤκουσεν,
324 757 392 783 οὔτε
408 756 456 783 ἐπὶ
470 755 596 790 καρδίαν
611 754 767 789 ἀνθρώπου
781 754 872 788 ἀνέϐη
881 761 890 770 ”

97 805 139 836 ὡς
151 804 180 831 δὲ
195 803 297 838 ἀγαθὸς
310 803 402 839 βοηθεῖ
426 803 471 829 καὶ¹
488 801 709 836 συναγωνίζεται,
732 800 813 833 αὐτὸς
833 800 888 836 γάρ

97 851 175 878 ἔστιν
189 850 316 885 ὁλὲγων·
333 849 483 883 Θαρσεῖτε,
508 848 566 884 ἐγὼ
591 848 736 882 ’νενίκηκα
764 847 818 874 τὸν
839 847 889 874 κό-

95 903 189 930 σμον.
204 895 323 922 ’Δνωθεν
337 895 401 929 γοῦν
425 893 608 930 ῥητέον,”καθ’
623 892 679 925 οὓς,
699 893 745 919 ὑπ’
756 892 887 929 ἀθλοθέτῃ
904 888 923 915 Β
938 897 966 915 Ia
981 893 992 907 ²
1010 897 1017 915 :

94 941 208 978 Χριστῷ
221 941 389 976 γιγνόμενος,
402 940 566 967 ἀποδύσεται
581 939 648 975 πρὸς
662 939 750 971 θείους
766 939 884 973 ἀγῶνας,

95 988 151 1016 ὑπὸ
162 987 295 1024 νομοθέτῃ
308 987 422 1023 ὲμμενεῖ
442 988 502 1018 ταῖς
521 986 569 1013 τοῦ
595 986 677 1021 σοφοῦ
704 986 884 1021 νομοθεσίαις,

94 1033 151 1060 ὑπὸ
174 1033 249 1068 καλῷ
275 1032 391 1068 βεϐαίως
408 1032 463 1065 ἕξει
477 1032 521 1059 διὰ
532 1032 566 1059 τὰ
579 1032 649 1059 καλὰ
663 1031 777 1063 ἔπαθλα,
792 1032 844 1058 ὑπὸ
856 1032 885 1058 δὲ

94 1079 191 1115 αγαθῷ
214 1078 392 1115 βοηθούμενος
416 1079 465 1114 οὐχ
490 1078 679 1114 ὴττηθήσεται.
704 1077 817 1110 Ἑπιὸὰς
831 1077 885 1113 γὰρ

94 1126 153 1157 τοῖς
169 1124 252 1160 ἴχνεσι
267 1124 313 1151 τοῦ
327 1124 434 1160 πρώτου
448 1123 502 1151 τῶν
515 1124 639 1159 ἀθλητῶν
660 1123 746 1160 Ἰησοῦ
765 1122 883 1159 Χριστοῦ

94 1170 144 1197 τοῦ
156 1170 256 1205 Κυρίου
272 1170 360 1206 ἡμῶν,
373 1170 402 1202 ὃς
414 1170 459 1197 διὰ
474 1170 557 1206 μόνην
569 1170 722 1205 ἀγαθότητα
737 1169 804 1196 ἰδίαν
816 1169 884 1204 πρὸς

93 1215 126 1242 τὸ
148 1216 195 1242 τοῦ
221 1216 335 1244 θανάτου
366 1217 517 1251 ἠγωνίσατο
552 1217 661 1252 κράτος,
685 1216 735 1248 τὰς
760 1215 884 1247 ἐναντίας

93 1261 171 1296 αὺτῷ
186 1261 253 1297 πρὸς
271 1262 320 1297 τὴν
334 1261 430 1288 θέωσιν
443 1261 626 1293 ἀποστατικὰς
640 1261 780 1297 ἐνεργείας
792 1269 820 1287 τε
836 1260 883 1286 καὶ

95 1307 228 1342 ὑπάρξεις
242 1307 456 1340 καταπαλαίσας,
470 1307 684 1343 συναποθνήσκει
708 1306 819 1342 Χριστῷ
839 1305 883 1333 διὰ

94 1353 147 1388 τῆς
158 1354 268 1389 τριττῆς
278 1353 462 1387 καταδύσεως,
477 1354 561 1380 τύπον
577 1353 691 1389 ἐχούσης
705 1353 754 1388 τῆς
767 1353 882 1388 τριημέ-

96 1408 145 1435 pou
169 1399 256 1434 ταφῆς
280 1399 327 1426 τοῦ
350 1401 462 1435 Κυρίου.
493 1400 647 1435 Ἐνεργείας
675 1399 704 1426 δὲ
727 1398 800 1433 λέγει
832 1397 882 1430 τὰς

94 1446 235 1482 ἁμαρτίας
246 1446 293 1473 καὶ
304 1446 354 1478 τὰς
367 1446 500 1482 ἐμπαθεῖς
514 1445 670 1481 ἐπιθυμίας,
700 1444 831 1481 ὑπάρξεις
841 1445 880 1477 δὲ,

93 1492 145 1524 τὰς
164 1492 266 1520 τούτων
287 1492 465 1528 ὲνεργητικὰς
487 1492 542 1519 τῶν
565 1491 698 1527 δαιμόνων
720 1490 832 1525 φύσεις·
853 1491 880 1516 αἱ

93 1539 149 1575 γὰρ
176 1540 296 1576 πονηραὶ
321 1538 434 1575 πράξεις
462 1539 512 1566 οὐκ
537 1539 566 1566 εν
595 1538 649 1574 ίδίᾳ
670 1537 786 1574 ὑπάρξει
811 1537 879 1564 θεω-
895 1560 916 1589 c

94 1585 214 1622 ροῦνται.

131 1719 216 1756 §Vll.
237 1721 293 1748 Καί
312 1729 357 1756 μοι
371 1720 426 1747 νόει
449 1721 541 1747 ἐκεῖνα
562 1719 598 1746 τὰ
620 1718 681 1755 ἱερὰ
696 1718 762 1754 ὅσην
784 1718 881 1745 οἰκειό-

90 1773 160 1801 τητα
184 1767 252 1802 πρὸς
269 1767 356 1794 ταῦτα
373 1767 408 1794 τὰ
430 1766 551 1802 σύμϐολα
567 1766 682 1801 ἔχουσιν.
702 1765 810 1800 Ἐπειδὴ
826 1764 880 1800 γὰρ

89 1813 107 1840 ὁ
121 1815 184 1850 παρ’
198 1815 263 1849 ἡμῖν
285 1813 398 1846 θάνατος
413 1814 462 1840 οὐκ
479 1813 553 1840 ἔστιν
574 1811 728 1848 ἀνυπαρξία
745 1812 880 1848 παντελὴς

90 1859 162 1888 κατὰ
182 1860 212 1886 τὺ
232 1859 310 1893 δόξαν
329 1860 442 1895 ἑτέροις,
459 1859 555 1891 οἵτινες
574 1860 620 1886 καὶ
638 1859 688 1894 τὴν
703 1858 792 1893 ψυχὴν
810 1855 879 1884 εἶναι

90 1905 191 1942 θνητὴν
204 1906 306 1940 ἔλεγον,
316 1907 362 1932 καὶ
374 1907 413 1938 είς
423 1906 453 1932 τὸ
470 1906 580 1942 μηδαμῇ
599 1905 731 1941 μηδαμῶς
747 1902 816 1931 εἷναι
832 1903 878 1931 τὸν

90 1955 232 1990 ἄνθρωπον
268 1953 439 1989 φθείρεσθαι·
462 1953 519 1980 ἀλλ’
538 1953 595 1979 ἐστι
620 1953 755 1989 διάκρισις
791 1953 878 1988 ψυχῆς

89 2001 144 2028 ἀπὸ
161 1999 296 2036 σώματος,
310 2001 358 2035 τὴν
383 1999 431 2034 μὲν
446 1998 532 2034 ψυχὴν
550 1999 589 2031 εἰς
605 1999 635 2025 τὺ
649 1998 750 2034 ἀφανὲς
764 1998 877 2033 ἄγουσα,

88 2046 172 2082 (κατὰ
184 2046 262 2072 τοῦτο
276 2045 330 2080 γὰρ
345 2045 392 2071 καὶ
409 2044 474 2080 ᾅδης
489 2045 679 2079 λέγεται,τοῦτ¹
691 2044 775 2077 ἐστιν,
788 2045 802 2072 ὁ
812 2045 879 2079 ἀφα-

89 2094 137 2129 νὴς
151 2092 290 2129 χωρισμὸς
303 2092 391 2128 ψυχῆς
402 2092 455 2118 ἀπὸ
472 2090 618 2127 σώματος.)
631 2091 661 2118 τὺ
674 2091 753 2127 σῶμα
764 2092 792 2118 δὲ
807 2092 823 2127 ἢ
838 2093 878 2124 είς

89 2139 140 2175 γῆν
156 2139 388 2175 παραπέμπουσα,
402 2138 418 2174 ἢ
433 2138 481 2164 καὶ
494 2137 554 2165 καθ’
565 2138 661 2173 ἑτέραν
676 2137 737 2164 τινὰ
749 2138 804 2165 τῶν
823 2147 877 2165 σω-

88 2185 211 2221 ματικῶν
224 2184 392 2211 ἁλλοιὼσεων
407 2183 583 2218 ἀφανίζουσα.
605 2183 770 2216 Ἀλλοιιῦσεις
780 2184 809 2210 δὲ
822 2185 877 2211 νόει

947 243 1032 271 clarat
1047 244 1184 278 qttomodo
1196 246 1382 277 munerarius,
1396 246 1533 280 quomodo
1547 247 1654 282 legifer,
1667 255 1736 282 quo-

946 290 1027 317 modo
1047 290 1221 326 pulchrarum
1246 296 1274 318 et
1299 292 1495 319 immortalium
1521 301 1685 322 coronarum
1699 296 1736 323 sit

945 337 1085 372 elargitor,
1110 338 1247 371 quomodo
1269 338 1352 365 etiam
1376 339 1527 367 commilito
1539 340 1574 367 sit
1597 345 1625 367 et
1648 341 1732 368 veluti

945 383 1082 411 inunctor.
1095 383 1174 411 Jestts
1187 383 1279 418 itaque
1290 385 1428 417 Christus,
1443 390 1572 421 tanquam
1586 387 1659 414 Deus
1671 387 1735 422 qui-

945 429 1006 456 dem
1030 429 1113 465 (quod
1139 430 1254 457 observa
1291 431 1394 458 dictum
1420 437 1516 459 contra
1541 432 1733 468 Nestorianos)

945 475 1119 508 praemiorum
1144 475 1358 510 propositionem
1383 476 1504 504 instituit
1518 486 1524 504 :
1537 477 1583 512 qui
1597 479 1671 505 enim
1684 486 1733 506 su-

943 521 1096 554 perentinet
1119 526 1146 548 et
1157 526 1254 556 potens
1266 527 1319 554 est.
1335 523 1358 550 is
1371 523 1483 556 prtemia
1508 525 1656 558 proponit:
1674 529 1735 552 tan-

943 572 1026 599 quam
1050 567 1160 600 sapiens
1185 574 1251 594 vero
1275 567 1349 602 leges
1374 567 1450 598 l'ert;
1466 568 1597 600 sapientis
1609 570 1681 597 enim
1693 574 1735 597 est

943 610 1016 645 leges
1031 610 1111 642 ferre.
1127 615 1157 638 ut
1170 611 1193 638 si
1206 619 1233 639 v.
1247 619 1274 646 ε.
1296 611 1349 639 hoc
1372 612 1453 639 modo
1466 613 1575 640 vincere
1587 613 1735 649 contigerit

942 661 1103 688 certantem,
1121 657 1155 684 ita
1177 665 1286 692 quoque
1310 665 1440 685 coronam
1466 665 1663 693 consequatur,
1689 659 1732 686 sin

943 709 1032 734 secus,
1054 703 1180 730 bravium
1205 711 1316 738 quoque
1330 712 1384 731 tton
1396 704 1564 738 adipiscatur
1577 713 1584 732 :
1599 709 1729 739 tanquam

942 748 1055 784 pulcher
1080 755 1171 776 autem
1197 749 1310 784 pulchra
1344 750 1455 785 praemia
1478 751 1628 785 pr0ponit:
1651 758 1734 786 neque

941 796 1010 821 enim
1031 795 1122 822 oculus
1147 796 1322 831 vidit,neque
1346 797 1420 822 auri:
1447 796 1562 829 audiuit,
1584 797 1671 824 necirt
1686 805 1728 824 car

941 842 1053 868 hominis
1072 843 1189 869 ascemlit
1205 851 1263 877 quia
1274 843 1433 876 preparavit
1461 842 1533 870 Deut
1559 843 1730 877 diligentibus

1040 894 1171 924 tanquam
1194 889 1282 917 bonus
1305 896 1371 916 vero
1384 889 1435 916 fert
1448 890 1577 917 auxilium
1592 896 1618 917 et
1630 897 1715 925 suppe

939 932 1001 969 tias,
1025 936 1082 971 ipse
1107 936 1178 963 enitn
1206 941 1247 963 est
1269 936 1315 970 qui
1340 935 1585 971 dicit:Conﬁdite,
1611 934 1658 971 ego
1674 938 1726 965 vici

936 983 1066 1010 mundum
1081 988 1106 1010 ι.
1124 983 1216 1009 Denuo
1229 982 1311 1017 igitur
1324 982 1481 1015 dicendum,
1496 990 1558 1010 entn
1571 983 1616 1017 qui
1630 990 1727 1010 secun-

937 1027 1000 1054 dum
1011 1028 1062 1055 hos
1074 1028 1124 1055 sub
1143 1027 1254 1055 Christo
1272 1029 1430 1055 munerario
1454 1028 1622 1056 constitutus
1634 1029 1667 1055 ad
1686 1028 1728 1055 di—

936 1075 1000 1101 vina
1014 1074 1164 1101 certamina
1186 1080 1284 1102 exutus
1309 1074 1402 1105 fuerit,
1432 1074 1481 1108 qui
1510 1073 1728 1108 legislatorissa-

936 1119 1037 1154 pientis
1059 1119 1427 1148 sanctionibus‘adhmserit.
1447 1128 1461 1146 a
1485 1119 1597 1153 pulchro
1619 1126 1728 1154 quoque

935 1166 1049 1201 pulchra
1063 1165 1177 1201 prremia
1191 1170 1268 1193 certo
1282 1171 1504 1196 consecuturum.
1528 1170 1555 1193 et
1568 1173 1582 1192 a
1597 1165 1667 1193 bono
1678 1166 1727 1192 ad-

932 1213 1033 1249 iutum,
1057 1212 1170 1240 minime
1194 1213 1331 1240 devictum
1360 1211 1439 1249 185
1465 1213 1508 1240 iri.
1535 1213 1619 1241 Primi
1650 1214 1724 1240 enirn

934 1260 1100 1287 athletarum
1112 1259 1175 1287 Jesu
1190 1259 1292 1287 Christi
1319 1260 1425 1287 Domini
1442 1261 1527 1287 nostri
1545 1260 1666 1295 vestigiis
1686 1261 1726 1287 in-

934 1307 1047 1338 sistens,
1064 1307 1111 1341 qui
1134 1306 1193 1334 sola
1218 1306 1340 1334 bonitate
1364 1315 1412 1334 sua
1425 1315 1486 1334 cum
1501 1307 1597 1334 mortis
1611 1307 1726 1342 imperio

934 1353 1087 1386 dimicavit,
1101 1353 1224 1380 actiones
1236 1353 1462 1388 substantiasque
1484 1354 1650 1381 deilicationi
1666 1361 1725 1381 sum

934 1399 1110 1427 adversantes
1125 1403 1313 1434 prosternens,
1340 1399 1451 1427 Christo
1475 1401 1656 1427 commoritur
1673 1408 1723 1435 per

935 1446 1069 1481 triplicem
1096 1446 1310 1480 immersionem,
1328 1454 1389 1482 qua:
1413 1446 1545 1474 triduana:
1571 1446 1721 1481 sepultura:

935 1492 1041 1519 Domini
1059 1484 1173 1527 ﬁguram
1190 1492 1283 1519 refert.
1308 1493 1436 1520 Actiones
1450 1497 1541 1520 autem
1554 1498 1643 1525 vocat,
1657 1500 1724 1527 pec-

934 1543 995 1565 cata
1013 1538 1232 1573 cupiditatesqne
1254 1538 1425 1565 turbulentas
1440 1547 1448 1569 :
1464 1538 1633 1566 substantias
1648 1545 1723 1572 vero,

934 1585 1088 1612 dmmonmn
1105 1590 1227 1616 naturas,
1240 1592 1301 1619 quae
1322 1584 1474 1612 istiusmodi
1487 1584 1585 1618 agendi
1602 1584 1656 1611 vim
1675 1584 1724 1611 ha»

933 1631 1018 1658 bent:
1035 1630 1165 1665 improbae
1187 1632 1260 1658 enim
1287 1629 1410 1658 actiones
1434 1637 1606 1665 nequaquam
1619 1631 1645 1657 in
1659 1636 1722 1664 pro-

933 1678 992 1713 pria
1006 1685 1053 1704 sna
1070 1677 1223 1704 substantia
1236 1677 1374 1705 videntur.

969 1723 983 1759 §
1001 1724 1053 1750 VII.
1070 1723 1228 1756 Considera,
1243 1730 1344 1757 quasso,
1362 1723 1411 1750 ista
1425 1729 1608 1754 sacramenta,
1628 1730 1719 1758 quan-

936 1775 988 1796 tam
1004 1777 1065 1797 cum
1081 1769 1214 1804 symbolis
1228 1770 1283 1796 suis
1297 1769 1490 1804 proprietatem
1513 1770 1639 1797 habeant.
1650 1769 1718 1797 Cum

931 1817 1004 1843 enim
1019 1816 1046 1843 in
1059 1816 1135 1843 nobis
1159 1823 1232 1843 mors
1249 1823 1303 1843 non
1326 1816 1362 1843 sit
1384 1817 1539 1843 omnimoda
1560 1817 1720 1844 substantia:

932 1862 1052 1893 abolitio,
1068 1862 1107 1889 ttti
1130 1862 1293 1897 quibusdam
1318 1862 1420 1898 placet,
1440 1863 1486 1898 qui
1501 1864 1584 1890 etiam
1600 1865 1719 1892 animam

933 1909 1074 1936 mortalem
1098 1916 1169 1941 esse,
1197 1909 1390 1944 hominemque
1407 1911 1524 1945 'penitns
1546 1911 1579 1937 ad
1604 1911 1717 1938 nihilum

932 1955 1014 1990 redigi
1027 1959 1053 1982 et
1064 1954 1203 1989 corrumpi
1221 1955 1380 1982 asserebant
1391 1964 1398 1988 ;
1409 1955 1456 1982 sed
1471 1955 1607 1989 separatio
1620 1955 1720 1983 anima

930 2008 944 2027 a
960 2007 1082 2036 corpore,
1102 2000 1220 2027 animam
1235 2000 1344 2035 quidem
1359 2001 1392 2028 ad
1406 2001 1431 2028 id
1447 2001 1516 2035 quod
1530 2000 1609 2028 nobis
1623 2001 1719 2029 obscu-

930 2054 988 2074 rum
1012 2050 1054 2075 est
1076 2046 1179 2074 ducens
1201 2046 1287 2081 (juxta
1316 2048 1387 2082 quod
1412 2048 1493 2074 etiam
1514 2047 1558 2074 ille
1578 2048 1676 2074 anima:
1701 2055 1717 2075 a

929 2100 1043 2127 corpore
1057 2093 1192 2120 disceSSus
1211 2092 1278 2128 ᾷδης
1291 2100 1339 2120 seu
1351 2092 1480 2128 infernus,
1494 2093 1520 2120 id
1536 2097 1576 2120 est
1591 2094 1717 2122 obscurus

928 2138 1038 2173 dicitur)
1053 2146 1152 2172 corpus
1178 2146 1243 2166 vero
1263 2137 1305 2167 vel
1330 2143 1407 2166 terra:
1434 2139 1582 2172 mandans,
1602 2139 1646 2166 vel
1664 2140 1716 2167 alia

927 2186 1056 2221 quapiam
1077 2185 1214 2220 corporali
1235 2186 1428 2213 immutatione
1444 2186 1564 2213 abolens.
1585 2186 1715 2213 Immnta—

87 2231 137 2263 τὰς
150 2232 189 2263 εἰς
204 2230 347 2267 σκώληκας
357 2230 405 2258 καὶ
417 2231 456 2262 είς
467 2230 534 2257 ἄλλα
547 2229 654 2264 ζωύφια
670 2231 878 2266 μεταστοιχειώ-

936 2232 1021 2258 tiones
1034 2235 1126 2258 autem
1142 2235 1222 2258 vocat
1235 2230 1296 2257 illas
1310 2238 1371 2265 quae
1393 2231 1419 2257 in
1446 2238 1552 2258 vermes
1578 2231 1656 2265 llum,
1671 2231 1713 2259 vel

89 2286 144 2309 σεις
157 2276 204 2304 τοῦ
222 2276 356 2312 σώματος·
369 2276 413 2303 διὰ
426 2276 505 2303 τοῦτο
524 2277 540 2312 ὴ
557 2275 633 2311 ὑλικὴ
652 2276 698 2303 τοῦ
717 2276 811 2309 ὓδατος
824 2278 875 2304 κά-

86 2324 164 2358 λυψις
175 2324 224 2359 τὴν
237 2323 363 2358 τοιαύτην
374 2323 460 2350 ἀϊδίαν
472 2322 521 2357 τῆς
536 2331 565 2349 τε
585 2322 679 2357 ψυχῆς·
693 2323 739 2349 καὶ
759 2322 806 2349 τοῦ
821 2323 874 2349 σώ-

89 2377 182 2405 ματος,
197 2369 318 2405 δηλονότι
333 2369 378 2396 τὸν
396 2368 508 2396 θάνατον
530 2368 689 2404 παραδηλοῖ.
704 2368 758 2395 Καὶ
774 2369 834 2395 ἐπεὶ
845 2370 875 2396 ὲν

87 2415 174 2452 τρισὶν
191 2416 318 2452 ἡμέραις,
336 2416 383 2442 καὶ
394 2416 422 2441 ἐν
440 2416 513 2451 τρισὶ
533 2415 606 2447 νυξὶν
622 2415 650 2442 ὲν
668 2417 701 2451 τῇ
721 2415 809 2451 κοιλίᾳ
823 2416 871 2451 τῆς

87 2462 136 2498 γῆς
151 2463 166 2489 ὁ
185 2461 336 2498 ζωαρχικὺς
357 2461 459 2498 Ἰησοῦς
479 2461 580 2497 ἔμεινε,
600 2461 643 2488 διὰ
663 2462 711 2497 μὲν
724 2461 778 2488 τῶν
790 2461 873 2497 τριῶν

86 2506 256 2535 ιαταδύσεων
273 2507 301 2533 αἱ
320 2508 395 2542 τρεῖς
418 2506 514 2538 νύκτες
537 2507 770 2543 παραδηλοῦνται·
789 2506 834 2533 διὰ
846 2506 874 2533 δὲ

87 2553 139 2580 τῶν
151 2553 235 2590 τριῶν
251 2553 404 2580 ἁναδύσεων
419 2552 447 2579 αἱ
460 2554 533 2587 τρεῖς
543 2553 656 2588 ἡμέραι.

120 2644 220 2682 §VIIL
252 2645 331 2681 Ἑξῆς
356 2645 384 2672 δὲ
403 2645 534 2680 φωτοειδῆ
558 2645 652 2680 ἱμάτια
674 2645 688 2671 ό
710 2643 870 2679 τελούμενος

87 2693 262 2728 ἀμφιέννυται
279 2693 323 2719 διὰ
339 2692 370 2720 τὸ
391 2692 494 2724 ἀπαθὲς
516 2692 562 2718 καὶ
574 2691 745 2728 ἀρῤύπωτον,
760 2691 807 2718 καὶ
820 2691 870 2726 τὴν

929 2275 1032 2304 similes
1053 2276 1080 2303 in
1100 2275 1151 2302 alia
1176 2275 1339 2303 animalcula
1353 2276 1476 2310 corporis
1497 2275 1715 2304 transformatio—

929 2330 993 2355 nes;
1018 2322 1148 2356 quocirca
1174 2322 1255 2349 etiam
1283 2322 1376 2350 totalis
1400 2323 1452 2350 ista
1475 2329 1552 2357 aquae
1575 2323 1715 2358 coopertio

928 2368 1080 2396 istiusmodi
1096 2373 1255 2403 perpetuam
1276 2369 1374 2396 animae
1397 2369 1575 2404 corporisque
1599 2376 1713 2397 mortem

928 2414 1074 2449 signiﬁcat.
1091 2414 1123 2441 Et
1142 2415 1271 2449 quoniam
1285 2415 1373 2443 tribus
1391 2415 1487 2443 diebus
1505 2423 1538 2443 ac
1561 2415 1648 2443 tribus
1664 2423 1711 2443 no-

927 2461 1016 2488 ctibus
1031 2460 1112 2489 Jestts
1127 2462 1172 2497 qni
1184 2462 1246 2489 vita
1267 2463 1394 2496 princeps
1413 2466 1465 2494 est,
1480 2461 1507 2488 in
1523 2466 1618 2489 ventre
1633 2466 1711 2489 terra:

926 2508 1076 2542 permansit
1089 2528 1096 2539 ,
1108 2515 1158 2543 per
1173 2513 1229 2535 tres
1248 2509 1356 2543 quidem
1378 2508 1578 2540 immersiones,
1595 2512 1650 2535 tres
1664 2516 1713 2534 no-

926 2558 1002 2584 ctcs,
1018 2561 1066 2588 per
1089 2559 1146 2582 tres
1166 2559 1256 2583 autem
1278 2554 1460 2586 emersiones,
1478 2557 1533 2581 tres
1556 2553 1616 2581 dies
1639 2554 1712 2582 desi-

924 2604 1051 2633 gnamnr.

958 2643 1046 2680 §Vlll.
1059 2643 1188 2672 Candidis
1201 2644 1299 2672 deinde
1309 2644 1480 2672 vestimentis
1492 2643 1614 2672 initiatus
1626 2645 1712 2673 indui-

924 2695 978 2722 tur,
992 2696 1105 2724 propter
1121 2690 1277 2725 passionum
1294 2697 1326 2717 ac
1347 2690 1467 2718 sordium
1486 2690 1668 2722 vacuitatem.
1684 2696 1711 2718 et

88 2738 152 2775 πρὸς
166 2738 198 2766 τὺ
219 2739 247 2765 ἓν
263 2739 321 2773 φῶς
342 2738 492 2769 σύννευσιν,
517 2737 578 2764 καθ’
595 2737 628 2773 ἢν
643 2738 657 2763 ὁ
671 2737 793 2772 ῥυπαρὸς
814 2737 870 2772 βίος

938 2744 981 2763 um
999 2744 1055 2764 uno
1071 2736 1173 2764 lumine
1193 2737 1419 2770 consensionem,
1440 2744 1487 2771 per
1501 2744 1583 2772 quam
1599 2737 1709 2765 sordida

87 2785 130 2813 καὶ
143 2785 261 2821 ἄκοσμος
284 2785 331 2812 καὶ
351 2783 470 2815 ἀνείδεος
483 2783 564 2810 οἱονεὶ¹
582 2783 715 2818 δυσειδής,
728 2783 797 2818 (οῦδὲ
812 2783 867 2818 γὰρ

50 2866 77 2879 ’ω
121 2879 131 2893 ι
143 2874 154 2902 l
167 2875 230 2902 Cor.
245 2883 277 2908 n,
292 2875 320 2903 9.
359 2881 371 2895 ι
387 2873 465 2902 Joan.
484 2882 540 2908 xu,
559 2874 604 2902 35.

925 2788 951 2810 ct
970 2783 1108 2811 immunda
1127 2783 1314 2819 informisque
1326 2784 1382 2811 vita
1397 2783 1474 2819 quasi
1493 2783 1634 2820 disparuit.
1649 2782 1710 2812 Non
