1931 3073
104 175 155 204 ηε

610 176 653 204 DE
670 175 809 204 ECCLES.
829 173 1030 207 HIERARCH.,
1053 173 1129 202 CAP.
1153 174 1193 202 ill.

1666 174 1718 202 ιιι

103 233 340 269 τελεσιουργούοης
355 233 436 260 αὑτοῦ
453 233 502 270 τὴν
521 234 589 272 πρὸς
605 235 670 261 Θεὸν
691 235 841 262 κοινωνίαν.
854 235 882 260 Ei

939 233 1071 260 mantium
1094 232 1286 266 mysteriorum
1305 232 1375 259 dono
1393 233 1511 259 divinam
1530 233 1580 267 ipsr
1596 232 1719 260 conferat

103 280 189 306 τοίνυν
208 280 311 314 ἑκάστη
332 279 387 306 τῶν
408 281 571 316 ἰεραρχικῶν
584 281 709 312 τελετῶν,
722 281 819 316 ἀτελὴς
835 280 886 316 μὲν

103 323 167 351 οὖσα
177 325 210 356 ⁵³,
219 325 268 360 τὴν
279 325 346 360 πρὸς
357 325 386 351 τὸ
396 324 425 351 ἓν
436 325 514 361 ήμῶν
525 326 666 352 κοινωνίαν
679 328 725 353 καὶ
736 327 843 360 σύναξιν
855 328 885 353 οὑ

103 371 328 406 τελεσιουργήττει,
340 371 425 397 καὶτὸ
437 369 506 398 εἶναι
514 371 608 407 τελετὴ
620 372 662 398 διὰ
671 373 700 398 τὸ
711 373 851 399 ἀτέλεστον
863 374 883 388 “

104 417 278 452 ἀφῃρημένη·
293 417 324 443 τὺ
338 417 366 443 δὲ
386 417 462 448 τέλος
475 418 583 453 ἁπάσης
594 419 615 434 θ’
625 419 671 445 καὶ
692 418 722 445 τὸ
741 419 886 453 κεφάλαιον

103 465 119 499 ἠ
138 463 191 489 τῶν
214 463 364 499 θεαρχικῶν
389 464 544 500 μυστηρίων
567 465 606 500 τῷ
625 465 777 501 τελουμένῳ
802 466 885 501 μετά-

102 509 182 540 δοσις,
199 510 310 540 είκότως
324 510 340 544 ή
355 509 496 545 ἱεραρχικὴ
514 509 619 542 σύνεσις
642 511 798 546 ἐπωνυμίαν
816 512 884 548 αὐτῇ

104 557 197 592 κυρίαν
212 558 244 583 ὲκ
263 558 312 592 τῆς
327 556 381 583 τῶν
408 558 578 593 πραγμάτων
604 558 731 593 ἀληθείας
755 558 883 594 ἐφεῦρεν·

104 602 172 629 οὓτω
189 602 221 638 δὴ
249 603 295 629 καὶ
321 602 370 638 τὴν
391 603 467 638 ἱερὰν
491 603 541 638 τῆς
569 603 737 637 θεογενεσίας
759 604 883 639 τελετὴν,

104 647 193 682 ἐπειδὴ
208 646 315 682 πρώτου
337 647 423 681 φωτὸς
440 647 610 681 μεταδίδωσι,
633 647 678 674 καὶ
700 647 794 674 πασῶν
813 648 885 673 ἐστιν

104 692 172 727 ἀρχὴ
193 691 247 717 τῶν
271 691 349 717 θείων
372 691 574 726 φωταγωγιῶν,
598 692 630 718 ὲκ
653 691 699 718 τοῦ
725 691 884 726 τελουμένου

103 737 149 772 τὴν
165 736 250 772 ἀληθῆ
269 736 316 763 τοῦ
333 737 504 772 φωτίσματος
518 737 674 772 ἐπωνυμίαν
695 737 841 772 ὑμνοῦμεν.
853 738 884 764 Εἰ

103 782 156 818 γὰρ
178 783 224 809 καὶ
240 784 306 809 πᾶσι
330 782 418 809 κοινὸν
442 785 497 814 τοῖς
521 784 685 818 ἰεραρχικοῖς
700 784 722 799 ⁶¹
742 783 773 809 τὸ
796 783 884 817 φωτὸς

105 828 176 864 ἱεροῦ
203 828 369 864 μεταδιδόναι
394 830 449 860 τοῖς
473 828 660 864 τελουμένοις,
686 828 742 855 ἀλλ’
763 829 831 865 αὕτη
854 829 885 855 τὺ

104 873 217 909 πρώτως
236 874 335 910 θδθίδεῑν
353 874 508 909 ἐδωρήσατό
526 882 579 909 μοι,
599 875 644 901 καὶ
665 874 709 900 διὰ
722 874 768 900 τοῦ
783 874 884 909 ταύτης

104 920 286 955 ἀρχικωτάτου
301 921 388 955 φωτὸς
402 921 448 947 ἐπὶ
459 921 509 956 τὴν
525 920 579 947 τῶν
597 920 618 936 ⁸⁵
632 918 718 946 ἄλλων
729 920 810 956 ἱερῶν
821 921 884 947 ἐπο-

101 965 166 1000 ψίαν
181 966 400 1001 φωταγωγοῦμαι
424 968 456 993 ⁵⁵.
477 967 568 993 Ταῦτα
580 967 608 993 δὲ
623 967 754 999 εἰπόντες,
771 968 886 994 ἀνασκε-

102 1011 215 1047 ψώμεθα
227 1012 273 1038 καὶ
288 1012 437 1047 κατίδωμεν
458 1013 621 1048 ίεραρχικῶς
635 1013 684 1048 τὴν
699 1013 758 1039 καθ’
772 1013 885 1040 ἕκαστον

101 1056 202 1092 ἀκριϐῆ
217 1057 265 1092 τῆς
286 1057 439 1093 ἁγιωτάτης
456 1057 566 1092 τελετῆς
582 1057 737 1093 ἱερουργίαν
755 1057 801 1084 καὶ
818 1057 886 1084 θεω-

104 1102 172 1137 ρίαν.

137 1199 170 1227 ll.
189 1201 362 1235 Μυστήριον
376 1201 541 1235 συνάξεως,
562 1203 663 1230 εἵτουν
685 1206 849 1239 κοινωνίας,

143 1257 172 1283 Ὀ
187 1257 236 1292 μὲν
248 1258 386 1294 ὶεράρχης,
403 1259 483 1295 εὐχὴν
500 1260 575 1296 ἱερὰν
589 1260 634 1287 ἐπὶ
646 1261 692 1288 τοῦ
707 1262 776 1289 θείου
791 1263 884 1290 θυσια-

102 1303 212 1338 στηρίου
236 1303 360 1336 τελέσας,
386 1305 415 1337 ἐξ
432 1305 513 1331 αὑτοῦ
539 1306 584 1332 τοῦ
601 1306 699 1342 θυμιᾷν
723 1307 883 1344 ἀρξάμενος,

100 1349 149 1376 ἐπὶ
166 1350 252 1376 πᾶσαν
268 1349 376 1385 ἔρχεται
390 1350 439 1386 τὴν
453 1351 500 1377 τοῦ
515 1352 587 1388 ἱεροῦ
604 1353 693 1389 χωροῦ
704 1353 725 1369 ⁸⁷
742 1357 881 1391 περιοχὴν·

101 1395 236 1427 ἀναλύσας
252 1396 280 1422 δὲ
293 1395 372 1423 πάλιν
387 1397 433 1423 ἐπὶ
446 1397 476 1423 τὸ
492 1397 562 1425 θεῖον
582 1398 779 1436 θυσιαστήριον,
793 1402 883 1437 ἀπάρ-

100 1451 177 1477 χεται
192 1442 240 1477 τῆς
255 1443 330 1477 ἱερᾶς
344 1442 398 1469 τῶν
413 1443 528 1479 ψαλμῶν
550 1444 691 1480 μελῳδίας,
718 1447 883 1483 συνᾳδούσης

100 1488 176 1522 αὐτῷ
191 1489 240 1523 τὴν
252 1488 391 1524 ψαλμικὴν
407 1490 429 1505 ⁸⁸
444 1490 592 1525 ἰερολογίαν
605 1491 712 1527 ἀπάσης
723 1492 773 1527 τῆς
783 1493 880 1529 ἐκκλη-

100 1535 243 1570 σιαπικῆς
249 1534 462 1571 διακοσμήσεως.
471 1536 548 1571 Ἑξῆς
558 1536 586 1562 δὲ
602 1536 645 1563 διὰ
657 1537 710 1564 τῶν
721 1538 881 1574 λειτουργῶν

98 1578 116 1612 ἡ
125 1578 180 1604 τῶν
192 1579 365 1615 ἁγιογρὰφων
377 1580 474 1606 δέλτων
486 1581 636 1615 ἀνάγνωσις
651 1582 802 1616 ἀκολούθως
812 1584 883 1618 γίνε-

97 1631 151 1649 ται·
164 1623 210 1649 καὶ
219 1624 287 1660 μετὰ
297 1625 397 1656 ταύτας
405 1624 456 1657 ἔξω
467 1625 602 1659 γίγνονται
611 1627 660 1662 τῆς
673 1628 747 1662 ἱερᾶς
755 1629 884 1664 περιοχῆς

97 1668 123 1693 οἱ
142 1669 349 1706 κατηχούμενοι,
371 1672 416 1697 καὶ
445 1672 512 1706 πρὸς
534 1672 623 1704 αὐτοῖς
648 1673 673 1699 οἱ
697 1675 884 1710 ὲνεργούμενοι

98 1713 146 1738 καὶ
161 1714 185 1739 οἱ
209 1715 238 1741 ὲν
254 1716 381 1751 μετανοίᾳ
402 1717 493 1747 δντες,
515 1716 624 1751 μένουσι
637 1717 664 1743 δὲ
685 1718 709 1744 οἱ
731 1719 781 1753 τῆς
803 1718 882 1745 θείων

97 1761 213 1795 ὲποψίας
231 1762 278 1787 καὶ
299 1762 440 1793 κοινωνίας
457 1762 536 1794 ἄξιοι.
557 1762 617 1789 Τῶν
634 1762 795 1799 λειτουργῶν
811 1765 839 1791 δὲ
857 1766 881 1791 οἱ

97 1808 149 1843 μὲν
161 1808 254 1833 ἑστᾶσι
269 1807 344 1843 παρὰ
356 1806 405 1839 τὰς
417 1807 463 1834 τοῦ
484 1807 556 1844 ἱεροῦ
574 1808 659 1840 πύλας
674 1809 882 1846 συγκεκλεισμέ-

96 1863 158 1885 νας,
173 1854 198 1879 οἱ
212 1853 240 1879 δὲ
250 1853 312 1880 ἄλλο
322 1862 348 1879 τι
360 1853 413 1879 τῶν
428 1853 477 1889 τῆς
488 1854 590 1886 οἰκείας
603 1854 703 1888 τάξεως
715 1856 880 1891 ἐνεργοῦσιν.

95 1900 129 1926 Οἱ
143 1899 172 1925 δὲ
192 1900 243 1934 τῆς
261 1898 449 1934 λειτουργικῆς
465 1900 670 1936 διακοσμήσεως
693 1900 811 1936 ἔκκριτοι
835 1902 882 1928 σὺν

93 1946 153 1976 τοῖς
169 1945 286 1980 ἱερεῦσιν
299 1945 345 1971 ἐπὶ
361 1945 408 1971 τοῦ
426 1945 496 1971 θείου
514 1945 703 1982 θυσιαστηρίου
726 1947 881 1982 προτιθέασι

93 1990 141 2016 τὸν
156 1990 227 2023 ἱερὸν
242 1990 324 2026 ἄρτον
344 1991 390 2017 καὶ
402 1991 433 2016 τὸ
451 1991 500 2026 τῆς
515 1990 637 2025 εὐλογίας
651 1992 786 2027 ποτήριον,
803 2001 883 2028 προο-

96 2035 292 2071 μολογηθείσης
307 2036 358 2062 ὑπὸ
383 2037 482 2068 παντὸς
503 2036 550 2063 τοῦ
570 2037 619 2072 τῆς
645 2037 790 2073 ἐκκλησίας
813 2039 881 2074 πλη-

95 2079 223 2116 ρώματος
243 2081 291 2116 τῆς
306 2080 452 2115 καθολικῆς
468 2082 482 2107 ὑ
487 2081 637 2116 μνολογίας.
649 2082 720 2118 Πρὸς
733 2079 773 2114 οἷς
784 2084 798 2109 ὁ
811 2083 881 2115 θεῖος

95 2126 228 2162 ἱεράρχης
243 2127 324 2161 εὑχὴν
347 2126 422 2161 ἱερὰν
440 2127 519 2159 τελεῖ,
543 2128 588 2154 καὶ
608 2127 656 2163 τὴν
671 2128 750 2162 ἁγίαν
771 2130 880 2164 εἰρήνην

94 2172 184 2198 ἂπασι
198 2172 361 2206 διαγγέλλει·
379 2172 434 2203 καὶ,
443 2173 642 2208 ἀσπασαμένων
655 2173 783 2208 ἀλλήλους
794 2175 880 2201 ἁπάν-

91 2226 160 2249 των,
183 2219 199 2253 ή
224 2218 340 2253 μυστικὴ
352 2218 406 2244 τῶν
428 2218 506 2253 ἱερῶν
529 2218 637 2253 πτυχῶν
652 2219 799 2254 ἁνάρῤησις
818 2220 878 2246 ἐπι-

938 279 1168 306 communionem.
1186 277 1286 310 Quare,
1306 277 1328 304 si
1344 278 1468 312 quzelibet
1483 278 1716 305 bierarchicarnan

937 325 1176 353 consecrationum
1192 323 1349 357 imperfecta
1366 328 1466 356 manet,
1482 325 1544 350 dum
1560 324 1644 351 nostri
1655 331 1718 351 cum

937 370 983 397 illo
993 377 1046 396 uno
1061 369 1276 396 communionem
1290 368 1470 402 uniunemque
1484 376 1536 395 non
1547 369 1653 402 perficit
1666 369 1718 396 hoc

937 416 996 450 ipso
1011 414 1081 450 quod
1092 421 1143 440 non
1156 413 1306 448 perﬁcitur,
1325 413 1481 448 perﬁciendi
1495 413 1549 440 vim
1571 414 1717 446 amittens;

936 460 998 488 finis
1009 465 1098 487 autem
1108 459 1230 487 omnium
1239 465 1279 486 est
1288 464 1313 485 et
1324 463 1414 493 caput,
1423 463 1451 485 ιιι
1460 466 1520 485 eum
1529 460 1573 493 qui
1585 460 1717 492 initiatnr,

935 507 1136 542 przecipnorum
1160 506 1205 533 Dei
1223 506 1413 541 mysteriorum
1431 506 1589 540 participem
1609 506 1718 540 efﬁciat,

936 553 998 588 jure
1014 552 1113 579 merito
1141 551 1303 587 pontificalis
1330 551 1442 578 scientia
1469 552 1608 585 proprium
1635 552 1672 579 illi
1702 560 1717 579 a

937 606 1026 625 rerum
1039 598 1152 625 veritate
1162 604 1260 624 nomen
1270 597 1408 623 adinvenit
1422 606 1428 623 :
1443 597 1478 623 ita
1488 605 1596 632 quoque
1608 605 1716 625 sacram

936 644 1033 671 divinae
1057 643 1270 678 regenerationis
1286 641 1483 674 initiationem,
1508 644 1579 677 quod
1603 643 1716 678 primam

935 690 1023 717 lucem
1044 690 1177 721 conferat,
1195 688 1371 722 omniumque
1390 689 1541 716 divinarum
1559 689 1719 716 illustratio-

936 743 999 762 num
1009 735 1170 770 principium
1181 734 1298 763 existat.
1307 741 1340 760 ex
1349 733 1445 761 effectu
1456 742 1519 762 Vero
1530 734 1718 763 illustratioiiis

936 784 1045 808 nomine
1070 781 1250 808 celebramus.
1283 780 1412 813 Quamvis
1439 781 1512 807 enim
1545 781 1627 807 etiam
1659 781 1718 808 aliis

937 826 1117 853 hierarclticis
1145 825 1331 852 [unctionibus
1358 833 1501 852 commune
1527 826 1572 858 sit,
1598 833 1644 853 eos
1671 828 1718 861 qui

939 871 1082 898 initiantur
1107 879 1192 899 sacrm
1216 871 1285 898 lucis
1309 876 1450 898 consortes
1476 871 1582 905 facere;
1599 878 1718 900 attamen

900 906 921 934 Β
936 918 993 945 hate
1007 917 1052 944 illa
1080 922 1122 944 est
1144 925 1202 951 qua:
1223 917 1338 951 primurn
1365 917 1428 943 milii
1446 917 1534 944 visum
1558 917 1716 952 impertivit,

936 971 1038 998 perque
1070 963 1142 989 illius
1168 962 1255 990 lucem
1291 962 1518 997 principaliorem
1550 963 1584 990 ad
1621 969 1718 991 ca-lera

937 1016 1045 1043 quiique
1069 1016 1147 1035 saera
1179 1008 1330 1034 contuenda
1363 1007 1454 1034 lumen
1481 1008 1595 1043 accipio.
1622 1008 1720 1036 llisita

936 1057 1108 1088 constitutis,
1136 1057 1342 1083 consideremus
1371 1060 1399 1082 et
1438 1056 1610 1087 intueantur,
1644 1064 1720 1083 more

937 1102 1117 1133 bierarcltieo,
1133 1101 1281 1136 quemlibet
1305 1106 1430 1127 exactntn
1451 1101 1616 1129 sanctissimi
1640 1102 1719 1135 hujus

935 1150 1097 1175 sacramenti
1111 1148 1190 1175 ritum
1205 1151 1232 1174 et
1244 1147 1478 1182 significationem.

1014 1205 1044 1232 ll.
1065 1205 1218 1240 Mysterium
1229 1213 1368 1239 synaxeos,
1381 1213 1425 1232 seu
1441 1206 1641 1232 communionis.

969 1262 1094 1290 Pontifex
1117 1269 1224 1296 precem
1241 1269 1346 1288 sacram
1366 1262 1399 1288 ad
1423 1261 1508 1290 altare
1531 1262 1578 1290 Dei
1597 1261 1718 1289 celebra-

937 1312 1023 1342 turus,
1040 1309 1075 1336 ab
1096 1308 1217 1341 ejusdem
1236 1307 1374 1336 suﬂitione
1398 1308 1504 1335 initium
1527 1307 1639 1340 faciens,
1657 1308 1718 1335 nni-

936 1362 1046 1381 versum
1074 1354 1171 1381 circuit
1195 1354 1271 1381 chori
1294 1354 1445 1386 ambitum;
1462 1354 1548 1381 donec
1565 1361 1671 1380 rursum
1685 1355 1719 1380 ad

935 1400 1023 1427 altare
1052 1399 1172 1426 divinum
1196 1400 1322 1431 rediens,
1347 1407 1453 1426 sacrum
1472 1400 1530 1426 iniit
1552 1399 1718 1434 psalmorum

935 1445 1031 1477 melos,
1048 1445 1121 1472 omni
1140 1444 1235 1471 ordine
1251 1443 1438 1471 ecclesiastico
1453 1451 1560 1471 sacram
1582 1444 1630 1479 ipsi
1647 1444 1720 1478 psal-

934 1491 1053 1518 modiam
1080 1490 1250 1517 succinente.
1268 1489 1320 1516 Per
1347 1489 1486 1517 ministros
1510 1490 1607 1517 exinde
1623 1497 1718 1517 conse-

934 1541 1050 1570 quenter
1070 1543 1209 1563 sacrarnm
1236 1536 1440 1571 Scripturarum
1466 1536 1546 1563 lectio
1569 1537 1718 1569 recitatur;

896 1584 917 1613 (ζ
935 1588 986 1615 qua
1001 1580 1076 1608 finita
1088 1601 1096 1614 ,
1112 1588 1191 1608 sacro
1206 1581 1307 1608 ambitu
1333 1587 1462 1608 arcentur
1476 1582 1677 1612 catechumeui,
1691 1586 1720 1607 et

935 1633 997 1653 cum
1012 1626 1046 1654 iis
1063 1626 1237 1661 energuzneni
1257 1634 1290 1653 ac
1311 1627 1486 1661 ptenitcntes,
1508 1627 1561 1654 illis
1585 1627 1630 1661 qui
1650 1627 1718 1653 divx-

934 1680 1032 1699 norum
1054 1677 1164 1706 aspectu
1181 1676 1208 1699 et
1228 1673 1418 1699 communione
1441 1672 1515 1706 digni
1541 1677 1604 1699 sunt
1630 1680 1719 1700 rema-

934 1718 1071 1746 nentibus.
1085 1717 1177 1745 Porro
1203 1718 1392 1746 ministrorum
1416 1718 1525 1753 quidem
1550 1719 1596 1746 alii
1612 1719 1716 1747 clausis

935 1762 1028 1797 templi
1045 1762 1150 1790 foribus
1173 1764 1313 1795 assistunt.
1338 1763 1384 1790 alii
1404 1771 1468 1791 vero
1494 1764 1565 1791 aliud
1580 1765 1718 1799 quidpiam

934 1810 1006 1844 quod
1022 1809 1058 1837 sit
1074 1809 1178 1836 ordinis
1194 1809 1237 1837 sui
1251 1815 1347 1844 agunt.
1362 1809 1412 1843 Qui
1433 1814 1522 1836 autem
1540 1810 1566 1837 in
1580 1811 1719 1838 ministro-

933 1863 994 1882 rum
1017 1855 1112 1883 ordine
1127 1855 1230 1890 primas
1252 1860 1365 1888 tenent,
1382 1863 1435 1882 una
1447 1863 1508 1883 cun:
1534 1857 1718 1884 sacerdotibus

933 1899 1024 1927 divino
1043 1899 1122 1927 altari
1150 1907 1247 1935 panem
1275 1907 1382 1927 sacrant
1411 1901 1578 1936 calicemque
1605 1902 1717 1929 benedi-

933 1945 1032 1973 ctionis
1058 1945 1211 1980 imponunt,
1227 1946 1260 1972 ab
1274 1947 1402 1973 universa
1433 1946 1601 1980 plenitudine
1620 1947 1716 1975 Eccle-

933 1991 981 2017 sia:
1002 1989 1083 2025 188
1101 1990 1237 2017 communi
1252 1990 1423 2026 bymnologia
1435 1991 1584 2025 praemissa.
1601 1991 1641 2018 Ad
1659 1992 1717 2019 hare

934 2037 1042 2064 divinus
1058 2035 1182 2071 pontifex
1199 2043 1305 2062 sacram
1322 2036 1429 2071 peragit
1443 2036 1638 2069 precationem,
1652 2044 1716 2064 san-

935 2087 1061 2116 ctamque
1079 2081 1188 2108 cunctis
1204 2088 1299 2116 pacem
1311 2085 1486 2116 apprecatur;
1504 2085 1532 2108 et
1545 2081 1608 2107 dum
1623 2088 1717 2108 omnes

937 2127 1049 2154 invicem
1062 2127 1260 2162 amplexantur,
1273 2127 1386 2161 mystica
1399 2134 1538 2154 sacrorum
1551 2126 1716 2154 voluminum

937 2173 1060 2200 recitatio
1075 2173 1179 2199 linitur.
1196 2171 1264 2199 Tum
1280 2172 1344 2199 lotis
1358 2180 1426 2207 aqua
1439 2173 1564 2199 manibus
1580 2172 1716 2207 pontiﬁcis

936 2225 968 2244 ac
986 2218 1174 2249 sacerdotum,
1190 2217 1311 2252 pontifex
1324 2217 1405 2245 divini
1425 2216 1518 2244 altaris
1543 2217 1632 2244 medio
1647 2218 1715 2245 assi-

89 2264 221 2290 τελείται.
231 2264 294 2295 Καὶ,
305 2263 459 2298 νιψαμένων
474 2262 523 2295 τὰς
538 2265 630 2298 χεῖρας
640 2263 714 2290 ὕδατι
726 2263 773 2289 τοῦ
791 2265 882 2299 ἱερὰρ-

935 2263 992 2295 stit,
1006 2262 1249 2290 circumstantibus
1270 2262 1346 2288 ilium
1368 2261 1433 2289 solis
1452 2261 1638 2289 ministrorum
1658 2263 1715 2296 pri-

90 2317 142 2343 χου
162 2309 209 2335 καὶ
232 2308 286 2334 τῶν
309 2309 412 2343 ἱερέων,
427 2309 441 2335 ὁ
465 2309 513 2343 μὲν
535 2309 664 2344 ίεράρχης
684 2310 712 2335 ἐν
736 2309 810 2344 μέσῳ
831 2309 877 2335 τοῦ

90 2353 167 2380 θείου
184 2354 372 2390 θυσιαστηρίου
395 2354 567 2387 καθίσταται,
584 2355 740 2390 περιεστᾶσι
760 2355 787 2381 δὲ
804 2356 878 2390 μόνοι

91 2400 166 2436 μετὰ
180 2400 235 2427 τῶν
258 2401 352 2435 ἱερέων
371 2401 395 2426 οἱ
419 2401 472 2427 τῶν
495 2401 656 2436 λειτουργῶν
680 2401 808 2436 ἔκκριτοι.
824 2402 878 2427 Καὶ

87 2445 142 2476 τὰς
157 2446 232 2480 ἱερὰς
251 2445 393 2481 θεουργίας
407 2447 420 2472 ὁ
439 2446 566 2481 ίερὰρχης
587 2446 710 2481 ὑμνήσας
721 2447 753 2479 ⁸⁸,
774 2447 878 2482 ἱερουρ-

88 2491 136 2524 γεῖ
148 2490 184 2516 τὰ
197 2490 330 2521 θειότατα,
343 2492 388 2517 καὶ
405 2491 451 2517 ὑπ’
465 2491 527 2525 ὄψιν
539 2492 600 2526 ἄγει
620 2492 655 2518 τὰ
674 2493 688 2518 ὑ
693 2493 816 2527 μνημένα
834 2491 878 2518 διὰ

86 2535 147 2562 τῶν
163 2536 242 2572 ἱερῶς
263 2536 449 2572 προκειμένων
469 2537 626 2572 συμϐόλωνυ
641 2539 688 2565 καὶ
703 2539 753 2570 τὰς
774 2538 878 2574 δωρεὰς

87 2581 145 2608 τῶν
159 2581 306 2618 θεουργιῶν
320 2583 471 2616 ὑποδείξας,
488 2584 528 2615 εὶς
541 2584 681 2610 κοινωνίαν
703 2584 791 2612 αὐτῶν
804 2586 878 2621 ἱερὰν

87 2628 172 2660 αὑτός
184 2637 215 2655 τε
236 2629 354 2665 ἔρχεται,
367 2631 412 2656 καὶ
430 2630 492 2661 τοὺς
505 2629 600 2662 ἄλλους
614 2631 805 2667 προτρέπεται.
821 2633 877 2658 Με-

932 2310 1054 2338 moribus
1069 2318 1122 2337 una
1138 2317 1201 2337 cum
1221 2309 1418 2336 sacerdotibus.
1434 2308 1519 2336 Porro
1533 2308 1576 2335 ubi
1595 2308 1713 2343 pontifex

931 2362 1106 2384 sacrosancta
1129 2356 1176 2384 Dei
1201 2363 1313 2383 munera
1339 2355 1519 2388 collaudavit,
1546 2355 1712 2382 divinissima

931 2406 1073 2429 consecrat
1089 2401 1229 2436 mysteria,
1247 2408 1307 2436 qua:
1323 2400 1404 2427 etiam
1419 2400 1554 2428 celebrata
1576 2401 1624 2427 sub
1639 2408 1713 2436 sym—

931 2448 1000 2476 bolis
1024 2452 1202 2475 sacrosancte
1226 2447 1375 2483 propositis
1400 2448 1426 2474 in
1455 2451 1594 2482 aspectum
1617 2447 1710 2480 ducit;

931 2494 1115 2528 exbibitisque
1137 2494 1290 2521 divinorum
1304 2500 1415 2528 operum
1437 2493 1595 2521 muneribus
1618 2493 1652 2520 ad
1665 2500 1711 2520 sa-

930 2545 1099 2567 crosanctam
1143 2539 1302 2566 eorumdem
1342 2539 1615 2567 communicationem
1650 2547 1711 2566 cum

930 2587 1047 2621 ipsemet
1061 2585 1177 2619 accedit,
1193 2589 1250 2612 tum
1271 2589 1383 2613 caeteros
1401 2585 1509 2612 invitat.
1530 2586 1648 2620 Accepta
1665 2586 1712 2613 de-

930 2632 1013 2667 nique
1024 2631 1140 2666 dataque
1155 2631 1245 2658 divina
1256 2631 1444 2658 communione
1457 2631 1483 2657 in
1494 2639 1599 2659 sacram
1612 2631 1711 2658 desinit

726 2721 768 2749 VA
774 2721 842 2749 lile
861 2721 1062 2749 LECTIONES.

127 2790 150 2805 "‘
159 2790 294 2851 ιξιὲνουσα,
309 2791 337 2818 S.
357 2791 388 2819 D.
405 2792 454 2819 Ch.
471 2797 497 2819 et
513 2793 578 2820 Bnd.
594 2794 629 2820 ita
651 2792 776 2820 correxit.
816 2793 836 2808 ⁶¹
850 2792 1043 2822 ἁτελέστατον,
1058 2789 1088 2815 D.
1102 2788 1149 2816 Sc.
1188 2789 1209 2805 "
1223 2788 1326 2824 ἁπάσῃ,
1345 2787 1375 2815 Ρ.
1386 2789 1417 2815 D.
1435 2788 1484 2817 Cb.
1523 2789 1546 2804 ⁵³
1559 2791 1582 2815 εὶ
1596 2789 1649 2824 γὰρ
1663 2789 1710 2816 καὶ

127 2826 146 2851 ἴς
178 2825 248 2851 λλοιε
261 2827 358 2851 κοινόν.
372 2828 422 2851 Ch.
439 2834 466 2851 ρι
479 2827 519 2851 γε
535 2830 600 2851 πᾶσι
612 2830 667 2851 τοῖς
680 2828 769 2851 ἄλλοις
782 2827 869 2851 κοινὸν
884 2828 934 2851 ica.
951 2827 981 2851 ί).
999 2825 1028 2851 Ρ.
1068 2823 1091 2838 ⁸⁸
1104 2823 1220 2851 πρῶτον.
1251 2825 1284 2849 Μ.
1301 2825 1346 2851 Sc.
1371 2824 1422 2851 δεῖ
1468 2824 1490 2840 ⁸⁸
1502 2825 1569 2851 ποὺς
1581 2825 1631 2851 τὴν
1643 2825 1709 2851 τῶν.

84 2823 358 2863 τοῖςγᾶλλοιςλκοινόν,
372 2828 466 2863 Cinyre!
479 2827 520 2861 V.;
535 2830 600 2855 πᾶσι
612 2830 667 2860 τοῖς
680 2828 769 2859 ἄλλοις
782 2827 869 2863 κοινὸν
884 2828 934 2862 ίερ.
951 2827 981 2852 ί).
999 2825 1028 2852 Ρ.
1068 2823 1091 2838 ⁸⁵
1104 2823 1220 2863 πρῶτον,
1243 2825 1284 2863 _M_.
1301 2823 1346 2863 ὃς.
1371 2824 1442 2863 'Sar”
1468 2824 1490 2840 '”
1502 2825 1569 2863 προς
1581 2823 1709 2863 τὴνζτῶν,

86 2860 121 2898 !_).
140 2862 202 2898 ξπ.
240 2861 262 2876 ⁵⁸
275 2860 554 2898 χειραγωγοῦμαι,⁷5.
573 2864 601 2891 Β.
640 2865 660 2880 ³⁷
674 2865 836 2898 interpretes
850 2862 895 2889 Sc.
911 2860 941 2889 ct
953 2864 1026 2895 han,
1056 2860 1149 2894 χοροῦ.

86 2895 119 2922 S.
139 2895 168 2922 Β.

237 2941 363 2982 Puncta
383 2940 440 2971 Gn.
461 2940 516 2972 ΠΙ.

1199 2859 1221 2874 ⁸⁸
1235 2858 1410 2894 ψαλμοδικήν,
1426 2859 1455 2886 Ρ.

1504 2860 1525 2874 δ’
1539 2860 1708 2894 ὑπομνήσας,

1534 2941 1570 2970 iis
