1931 3073
206 135 257 162 427

795 139 822 165 S.
842 132 993 166 DIONYSII
1018 137 1252 168 AREOPAGITIE

1778 144 1831 172 AS!

207 194 354 228 gratiarum
382 194 541 226 actionem;
567 194 722 230 populoque
755 194 847 222 divina
883 200 986 223 tantum

1043 196 1150 232 τασχὼν
1161 197 1189 223 δὲ
1202 199 1247 224 καὶ
1262 198 1391 233 μεταδοὺς
1403 199 1452 234 τῆς
1463 198 1612 235 θεαρχικῆς
1624 201 1776 238 κοινωνίας,
1790 204 1831 235 εις

207 239 327 274 symbola
353 244 514 272 contuente.
535 240 592 274 ipse
620 248 727 275 semper
747 240 849 275 Spiritu
876 242 988 275 divino,

207 293 255 319 per
282 285 374 313 beatas
398 293 429 313 ac
453 286 587 320 spiritales
607 287 864 322 contemplationes,
887 288 989 316 liierar-

207 331 286 358 cliice
310 331 342 357 ad
369 337 542 359 sacrosancta
573 332 766 367 mysteriorum
793 334 939 366 primordia
965 335 991 360 in

205 376 287 404 divini
305 381 391 404 status
407 377 526 412 puritate
542 377 662 404 ducitur.

459 526 506 560 ΠΙ.
527 532 726 567 Contemplatio.

1044 242 1217 278 εὐχαριστίαν
1239 243 1313 279 ἱερὰν
1337 244 1495 279 καταλήγει,
1518 245 1572 271 τῶν
1595 245 1700 272 πολλῶν
1722 246 1772 281 μὲν
1790 248 1831 279 εἰς

1045 289 1112 323 μόνα
1124 289 1157 315 τὰ
1176 289 1234 316 θεῖα
1256 289 1378 324 σύμϐολα
1398 290 1627 325 παρακυψάντων,
1650 291 1732 318 αὐτοῦ
1745 292 1774 318 δὲ
1787 293 1832 320 ἀεὶ

1041 334 1080 370 τῷ
1101 334 1236 370 θεαρχικῷ
1258 335 1397 370 Πνεύματι
1415 336 1483 371 πρὸς
1502 336 1551 368 τὰς
1570 336 1651 371 ἁγίας
1670 337 1725 364 τῶν
1735 338 1825 365 τελου-

1043 381 1132 415 μένων
1146 381 1232 416 ἀρχὰς
1252 382 1281 407 ὲν
1304 382 1448 417 μακαρίοις
1468 382 1514 408 καὶ
1533 384 1638 418 νοητοῖς
1657 383 1680 398 ⁷⁰
1695 383 1832 419 θεάμασιν

1042 427 1207 462 ἱεραρχικῶς
1219 428 1249 453 ὲν
1262 427 1427 463 καθαρότητι
1446 428 1495 463 τῆς
1509 428 1641 460 θεοειδοῦς
1659 427 1743 461 ἕξεως
1764 430 1831 456 ἁνα-

1041 473 1167 507 γομένου.

1344 532 1389 558 lll.
1411 532 1529 566 Θεωρία.

987 612 1036 650 ει.

239 682 360 717 Agedum
387 691 464 718 ergo,
488 684 571 718 probe
598 684 658 716 ﬁli,
684 689 745 719 post
768 684 868 720 ﬁguras
893 684 988 712 ordine

203 734 350 763 sancteque
366 729 495 764 digestas,
519 729 679 757 deiformem
699 731 925 766 primigeniorum
941 738 988 757 ve-

205 776 312 802 ritatem
339 776 372 802 iis
398 776 443 810 qui
472 776 561 803 adhuc
597 776 739 804 initiantur
768 776 928 809 declarabo,
953 776 986 804 ad

203 829 298 849 eorum
316 822 426 849 animos
438 829 559 857 congrue
576 822 751 855 excitandos;
769 830 802 850 ne
823 823 929 850 diversa
944 822 987 849 illa

203 867 384 902 symbolorum
406 874 483 894 sacra
507 867 668 900 compositio
693 867 759 902 ipsis
774 866 890 901 insipida
916 866 988 902 (iuu-

1075 683 1160 719 Δεῦρο
1172 682 1204 718 δὴ
1218 680 1275 714 οὖν,
1289 679 1312 708 ὧ
1325 683 1375 708 παῖ
1385 682 1461 714 καλὲ,
1478 682 1545 718 μετὰ
1557 682 1606 714 τὰς
1619 682 1725 714 εἰκόνας
1739 683 1768 709 ὲν
1779 683 1834 710 τάέ

1040 729 1080 762 ξει
1094 729 1141 756 καὶ
1159 728 1239 764 ἱερῶς
1260 728 1306 755 ἐπὶ
1326 727 1374 763 τὴν
1394 728 1496 764 θεοειδῆ
1516 727 1571 755 τῶν
1589 729 1750 764 ἀρχετύπων
1762 729 1829 765 ἀλή-

1040 775 1126 807 θειαν,
1141 775 1229 801 ἐκεῖνο
1246 775 1302 805 τοῖς
1315 773 1355 800 ἔτι
1366 773 1563 809 τελειουμένοις
1575 774 1597 790 ⁷³
1611 775 1650 806 είς
1669 774 1832 810 ἐναρμόνιον

1040 819 1130 846 αὐτῶν
1142 818 1322 854 ψυχαγωγίαν
1344 818 1428 845 εἰπὼν
1443 819 1475 851 ⁷¹,
1490 818 1528 850 ὡς
1548 819 1607 845 οὐδὲ
1619 819 1672 845 τῶν
1685 819 1829 855 συμϐόλων

1040 867 1056 902 ή
1071 865 1178 901 ποικίλη
1192 866 1239 892 καὶ
1253 864 1313 901 ἱερὰ
1325 863 1447 896 σύνθεσις
1467 865 1578 900 ἀνόητος
1594 865 1617 881 ⁷³
1636 866 1727 897 αὐτοῖς
1740 866 1830 901 ὑπάρ-

203 913 268 947 tilis)
283 913 392 944 existat,
408 914 430 940 si
457 913 739 955 exterioremtantum
755 917 914 948 apparatum
930 919 986 947 pre

1038 921 1088 948 χει,
1105 912 1184 947 μέχρι
1201 911 1255 938 τῶν
1269 911 1291 927 ⁷⁸
1303 912 1381 943 ἐκτὸς
1394 911 1542 947 φαινομένη
1559 911 1646 946 μόνον.
1658 912 1690 938 Αἱ
1706 911 1755 947 μὲν
1772 911 1831 946 γὰρ

202 966 232 986 se
249 959 327 986 l‘crat.
348 960 387 989 Ac
400 960 584 987 sacratissima
605 959 714 994 quidem
737 959 906 994 eloquiorum
920 966 985 986 can-

202 1004 254 1031 tica
270 1011 298 1031 et
312 1004 443 1032 lectiones
456 1006 547 1039 probae
561 1004 632 1039 ipsis
645 1004 764 1031 innuunt
783 1004 844 1031 vita:
865 1003 981 1038 discipli-

201 1056 273 1082 uam,
289 1053 316 1075 et
333 1057 393 1084 quae
407 1050 478 1076 hanc
495 1049 637 1084 prmcedit,
653 1049 837 1076 omnimodam
853 1054 986 1084 corrupta‘.

200 1094 343 1128 pravitatis
371 1095 580 1128 expiationem:
611 1094 781 1121 divinissima
810 1101 875 1122 vero
907 1094 986 1120 unius

200 1139 376 1174 ejusdemque
404 1141 558 1175 cumpanis
574 1145 630 1167 tum
657 1140 752 1168 calicis
775 1141 929 1168 communis
952 1147 985 1168 ac

201 1187 317 1221 paciﬁca
341 1187 527 1221 participatio,
553 1186 672 1213 divinam
690 1186 724 1213 iis
749 1193 853 1213 morum
878 1185 986 1213 confor-

200 1233 342 1264 mitatem,
374 1237 505 1267 tanquam
531 1231 726 1264 connutritiis,
743 1232 910 1267 prarscribit;
936 1239 986 1260 nec

200 1285 253 1305 non
269 1285 354 1305 comic
370 1277 546 1305 divinissima:
569 1282 648 1312 atque
663 1278 870 1313 archisymbolaa
888 1283 988 1313 myste-

200 1323 303 1350 riorum
325 1325 422 1350 borum
451 1329 659 1351 sacrosanctam
686 1324 837 1351 introducit
866 1331 987 1352 comme-

199 1370 407 1402 morationem;
432 1368 510 1403 cujus
537 1370 620 1397 etiam
650 1370 764 1405 ipsemet
798 1370 984 1405 symbolarum

199 1418 295 1442 attctor
320 1414 383 1448 jure
405 1415 581 1442 meritissimo
607 1419 728 1443 exortem
753 1415 820 1443 facit
842 1423 915 1450 eum,
937 1415 984 1451 qui

199 1467 287 1495 neque
303 1465 397 1488 sancte
411 1468 499 1495 neque
512 1461 604 1488 animo
624 1461 755 1488 concordi
771 1468 878 1488 sacram
892 1468 984 1489 secum

199 1513 306 1534 coenam
329 1507 528 1541 trequentarat;
546 1507 646 1534 docens
668 1507 748 1534 simul
768 1511 863 1534 sancte
877 1504 986 1541 Deoque

1035 958 1179 993 ἱερώταται
1186 957 1239 983 τῶν
1247 957 1344 991 λογίων
1353 957 1421 993 ᾠδαὶ
1429 958 1474 984 καὶ
1483 956 1648 991 ἀναγνώσεις
1655 957 1830 984 διδασκαλίαν

1036 1004 1126 1034 αὐτοῖς
1139 1002 1267 1038 ἐναρέτου
1279 1002 1350 1037 ζωῆς
1365 1001 1542 1038 ὑφηγοῦνται,
1559 1002 1605 1028 καὶ
1616 1001 1668 1038 πρό
1683 1011 1715 1036 γε
1729 1002 1832 1029 τούτου

1035 1050 1083 1085 τὴν
1097 1049 1217 1084 παντελῆ
1230 1048 1253 1064 ⁷⁸
1266 1048 1316 1083 τῆς
1336 1047 1496 1084 φθοροποιώ
1510 1047 1608 1079 κακίας
1627 1047 1828 1083 ἀποκάθαρσιν-

1036 1097 1053 1131 ή
1066 1095 1094 1122 δὲ
1108 1095 1232 1130 θειοτάτη
1246 1095 1292 1120 τοῦ
1307 1094 1365 1126 ἑνὸς
1387 1095 1434 1121 καὶ
1445 1093 1543 1120 ταὺτοῦ
1564 1094 1611 1120 καὶ
1622 1093 1705 1129 ἄρτου
1720 1094 1767 1120 καὶ
1780 1102 1828 1120 πο-

1035 1140 1130 1177 τηρίου
1144 1140 1221 1175 κοινὴ
1242 1140 1290 1166 καὶ
1304 1139 1428 1175 εἰρηναῖα
1443 1139 1583 1175 μετάδοσις
1600 1139 1766 1174 ὁμοτροπίαν
1778 1138 1829 1165 αὺ-

1035 1188 1092 1218 τοῖς
1106 1185 1195 1212 ἐνοεον
1209 1185 1247 1216 ὼς
1258 1185 1419 1221 ὁμοτρόφοις
1431 1184 1454 1200 "'
1467 1185 1615 1220 νομοθετεῖ.
1630 1184 1676 1210 καὶ
1693 1183 1739 1210 τοῦ
1755 1183 1828 1210 Osto-

1036 1232 1116 1259 τάτου
1130 1232 1238 1259 δείπνου
1252 1232 1300 1259 καὶ
1322 1231 1520 1267 ὰρχισυμὸόλου
1534 1230 1588 1257 τῶν
1600 1230 1768 1265 τελουμένων
1787 1231 1828 1261 εις

1039 1279 1150 1314 μνήμην
1165 1277 1241 1313 ἱερὰν
1253 1277 1315 1311 ἄγει
1324 1285 1330 1291 ·
1351 1276 1411 1303 καθ’
1423 1277 1437 1303 ὃ
1451 1278 1497 1304 καὶ
1505 1276 1585 1308 αὐτὸς
1597 1277 1611 1303 ὁ
1622 1276 1677 1302 τῶν
1685 1275 1829 1311 συμϐόλων

1037 1322 1201 1358 δημιουργὸς
1215 1323 1320 1358 ἁποκλη
1326 1323 1366 1359 ροῖ
1375 1322 1530 1349 δικαιότατα
1543 1322 1589 1348 τὸν
1601 1322 1649 1356 οὐχ
1659 1321 1739 1352 ὁσίως
1752 1321 1827 1355 αὐτῷ

1037 1370 1084 1395 καὶ
1102 1369 1262 1404 ὁμοτρόπως
1286 1368 1321 1395 τὰ
1345 1367 1406 1403 ἱερὰ
1427 1367 1673 1403 συνδειπνήσαντα,
1694 1367 1833 1394 διδάσκων“

1036 1415 1143 1450 εὖαγῶς
1156 1424 1186 1442 τε
1200 1416 1258 1451 ἅμα
1270 1416 1317 1442 καὶ
1333 1415 1502 1451 θεοπρεπῶς,
1517 1415 1554 1446 ὼς
1575 1415 1591 1449 ὴ
1613 1413 1673 1440 καθ’
1687 1413 1743 1446 ἕξιν
1761 1412 1828 1448 ἀλη-

1037 1460 1086 1496 θὴς
1099 1461 1146 1487 ἐπὶ
1156 1461 1190 1487 τὰ
1202 1461 1261 1488 θεῖα
1274 1461 1460 1496 προσέλευσις,
1479 1460 1529 1495 τὴν
1548 1460 1616 1495 πρὸς
1627 1459 1657 1486 τὸ
1674 1459 1765 1495 ὅμοιον
1778 1459 1828 1485 αὺ-

1035 1507 1089 1534 τῶν
1101 1507 1243 1534 κοινωνίαν
1256 1509 1311 1539 τοῖς
1326 1506 1466 1542 προσιοῦσι
1480 1507 1628 1542 χαρίζεται.

200 1557 387 1580 consentanee
404 1553 504 1581 sinceri
531 1553 565 1581 ad
583 1553 674 1581 divina
703 1554 787 1581 animi
813 1554 1012 1588 accessionem,
1026 1554 1217 1582 similitudinis
1236 1562 1344 1590 quoque
1370 1555 1468 1582 divinae
1495 1554 1641 1589 participes
1659 1553 1764 1581 ellicere
1785 1554 1831 1582 sie

197 1599 368 1626 accedentes.

973 1648 987 1684 §
1011 1647 1049 1678 ll.

228 1729 362 1756 Cteterum
383 1728 435 1760 bis,
457 1735 519 1762 qua:
541 1728 674 1756 adilorum
694 1727 837 1756 vestibulis
850 1727 986 1763 eleganter

1074 1728 1167 1756 Ταῦτα
1181 1729 1231 1764 μὲν
1243 1726 1300 1761 οὖν,
1314 1729 1352 1761 ὡς
1365 1729 1443 1764 ἔφην,
1462 1729 1508 1756 ἐπὶ
1526 1729 1560 1756 τὰ
1572 1728 1625 1755 τῶν
1645 1729 1748 1756 ἀδύτων
1760 1738 1828 1766 προ-

197 1774 304 1809 adpicta
327 1773 465 1800 rudiorum
489 1773 569 1809 189
590 1773 811 1808 contemplationi
826 1774 892 1801 satis
912 1777 985 1805 sunt,

198 1821 312 1853 relictis,
326 1820 360 1847 ab
376 1820 483 1847 ctl'ectis
497 1822 530 1847 ad
543 1828 640 1848 causas
657 1820 875 1855 progrediemur,
889 1820 987 1847 deinde

197 1874 304 1894 sacrant
320 1872 440 1894 nostram
466 1867 592 1902 synaxin,
609 1872 690 1902 atque
712 1872 926 1894 consentaneam
942 1875 987 1894 re-

196 1922 256 1942 rutu
269 1913 446 1949 spiritalium,
458 1912 520 1940 Jesu
537 1914 714 1948 praelucenle,
728 1914 985 1950 contemplationem

196 1959 429 1994 conspicabimur,
448 1958 556 1985 beatam
583 1959 785 1994 primitivorum
806 1959 987 1994 pulchritudi-

197 2014 259 2032 nem
273 2005 405 2040 praeclare
426 2012 539 2039 prorsus
553 2005 735 2032 evibrantem.
749 2004 803 2032 Sed
823 2010 863 2038 tu,
877 2008 901 2039 ;ο
919 2005 986 2032 divi-

197 2052 340 2079 nissimum
357 2059 388 2079 ac
403 2056 610 2079 sacrosanctum
632 2056 849 2084 sacramentum,
867 2051 986 2079 circum-

197 2098 284 2130 posita
303 2097 350 2123 tibi
366 2096 518 2132 symbolice
531 2097 706 2131 mnigmatum
725 2097 894 2131 operimenta
909 2104 986 2124 reve-

199 2142 278 2174 Iaus,
314 2143 419 2177 liquido
456 2143 535 2170 nobis
563 2141 768 2175 tnauit‘esteris,
801 2142 986 2176 mentalesque

198 2195 305 2216 nostros
332 2190 444 2216 obtutus
472 2188 604 2223 singulari
634 2193 670 2218 et.
697 2192 789 2222 aperta
814 2187 873 2215 luce
899 2188 986 2215 adim-

197 2234 281 2268 pleto.

1037 1775 1139 1802 πύλαια
1151 1775 1242 1808 καλῶς
1255 1775 1477 1811 διαγεγραμμένα
1499 1776 1554 1807 τοῖς
1569 1775 1691 1802 ἀτελέσιν
1704 1775 1744 1802 ἔτι
1757 1777 1827 1812 πρὸς

1037 1822 1153 1859 θεωρίαν
1176 1822 1298 1858 αὐτάρκη
1322 1822 1549 1855 καταλείποντες,
1579 1823 1741 1858 είσέλθωμεν
1772 1818 1827 1850 ἀπο

1037 1867 1091 1894 τῶν
1104 1867 1233 1895 αἰτιατῶν
1245 1869 1285 1900 εἰς
1297 1868 1332 1894 τὰ
1345 1867 1429 1900 αἴτια,
1442 1868 1513 1895 κατὰ
1524 1869 1573 1904 τὴν
1588 1868 1662 1904 ἱερὰν
1675 1868 1753 1904 ἡμῶν
1768 1868 1831 1896 σύνυ

1037 1913 1112 1947 αξιν,
1135 1915 1182 1940 καὶ
1202 1914 1251 1949 τὴν
1272 1913 1398 1949 εὐπρεπῆ
1418 1913 1472 1940 τῶν
1491 1914 1592 1949 νοητῶν
1610 1914 1644 1946 ⁷”,
1665 1914 1751 1950 Ἰησοῦ
1769 1923 1830 1949 φω-·

1037 1960 1226 1995 ταγωγοῦντος
1238 1960 1271 1992 ⁷⁸,
1288 1960 1409 1995 ὀψόμεθα
1421 1960 1546 1996 θεωρίαν,
1559 1960 1590 1986 τὸ
1611 1961 1742 1996 μακάριον
1757 1961 1826 1987 ἀπο-

1040 2006 1199 2033 στίλϐουσαν
1211 2006 1339 2042 ἐμφανῶς
1358 2005 1413 2032 τῶν
1425 2005 1587 2040 ἀρχετύπων
1607 2005 1711 2036 κάλλος.
1734 2005 1825 2037 Ἀλλὰ,

1037 2049 1059 2078 ὦ
1071 2051 1194 2087 θειοτάτη
1208 2051 1254 2077 καὶ
1269 2050 1329 2086 ἱερὰ
1347 2050 1451 2085 τελετὴ,
1465 2050 1500 2076 τὰ
1513 2050 1690 2086 περικείμενα
1702 2058 1742 2076 σοι
1757 2059 1828 2086 συμ-

1038 2096 1152 2128 ϐολικῶς
1175 2097 1353 2131 ἀμφιέσματα
1378 2094 1433 2121 τῶν
1455 2095 1621 2130 αἰνιγμάτων
1649 2095 1826 2130 ἀποκαλυψα-

1039 2142 1105 2177 μένη
1116 2162 1123 2173 ,
1146 2141 1287 2176 τηλαυγῶς
1308 2142 1373 2176 ἡμῖν
1394 2140 1563 2176 ἀναδείχθητι
1575 2160 1581 2172 ,
1595 2141 1642 2167 καὶ
1660 2141 1709 2172 τὰς
1727 2140 1826 2176 νοερᾶς

1038 2189 1115 2224 ἡμῶν
1128 2189 1202 2223 ὄψεις
1228 2188 1327 2215 ἑνιαίου
1348 2189 1395 2215 καὶ
1415 2187 1635 2223 ἁπερικαλύπτου
1655 2186 1743 2221 φωτὸς
1756 2186 1827 2213 ἀπο-

1039 2235 1091 2271 πλή
1097 2244 1191 2271 ρωσον.

970 2313 984 2349 §
1002 2312 1058 2344 Ill.

234 2383 336 2410 Sancta
350 2383 441 2417 itaque
464 2383 542 2410 nobis
575 2383 740 2418 pettetranda
754 2390 863 2415 censeo,
887 2388 928 2415 ut,
945 2383 986 2410 in-

1073 2385 1118 2411 Δεῖ
1129 2385 1161 2420 δὴ
1173 2383 1220 2412 οὖν
1233 2386 1306 2421 ἡμᾶς
1318 2385 1392 2417 ἐντὸς
1416 2385 1541 2420 παρεῖναι
1564 2385 1586 2401 ⁷³
1597 2384 1651 2411 τῶν
1674 2385 1826 2420 πανιέρων,

199 2428 346 2463 tclligentia
380 2428 459 2463 pritni
496 2429 636 2455 simulacri
672 2428 833 2464 spiritaliter
864 2428 985 2460 detecta,

199 2474 358 2501 deiformem
372 2475 430 2508 ejus
441 2474 670 2509 pulchritudinem
688 2475 853 2506 intueamur,
872 2482 922 2502 nec
933 2483 985 2502 non

201 2521 347 2547 antistitem
363 2521 454 2547 divino
469 2528 581 2556 prorsus
604 2521 686 2548 modo
711 2522 851 2549 videamus
866 2529 880 2548 ει
893 2521 986 2549 divino

201 2567 279 2593 altari
292 2567 325 2594 ad
337 2567 526 2595 extremitates
540 2575 626 2602 usque
642 2568 734 2603 templi
748 2576 809 2596 cum
821 2568 914 2596 odoris
923 2576 986 2595 sua-

1035 2430 1137 2466 οἴομαι,
1159 2431 1189 2457 τὸ
1212 2432 1305 2467 νοητὸν
1326 2431 1348 2447 ⁸ο
1375 2431 1423 2457 τοῦ
1447 2430 1555 2467 πρώτου
1579 2430 1633 2456 τῶν
1657 2430 1826 2466 ἀγαλμάτων

1035 2476 1296 2512 ἀπογυμνώσαντας,
1309 2477 1348 2509 εἱς
1370 2477 1399 2504 τὸ
1422 2477 1537 2508 θεοειδὲς
1548 2476 1630 2503 αὑτοῦ
1654 2476 1752 2507 κάλλος
1762 2476 1826 2502 ἐνα-

1034 2523 1146 2555 τενίσαι,
1159 2524 1205 2549 καὶ
1216 2523 1262 2549 τὸν
1275 2523 1405 2558 ἱεράρχην
1416 2523 1515 2555 ὲνθέως
1541 2523 1604 2549 ἰδεῖν
1616 2522 1671 2549 ἀπὸ
1691 2522 1738 2548 τοῦ
1749 2521 1825 2550 θείου

1035 2568 1226 2604 θυσιαστηρίου
1242 2568 1325 2604 μέχρι
1334 2568 1388 2595 τῶν
1400 2569 1520 2602 ἐσχάτων
1532 2568 1578 2595 τοῦ
1592 2568 1664 2604 ἱεροῦ
1689 2569 1748 2603 μετ’
1760 2569 1826 2595 εὐο-

836 2657 952 2685 VARLE
971 2658 1171 2686 LECTIONES.

243 2747 265 2762 ⁷⁰
281 2748 316 2774 Μ.
333 2747 378 2774 Sc.
391 2749 501 2782 νοεροῖς.
551 2749 571 2764 ⁷¹
586 2748 763 2783 τελουμένοις,
783 2749 814 2776 Ρ.

203 2818 232 2844 l'.
249 2817 278 2844 B.
316 2818 336 2831 ⁷⁷
351 2825 386 2872 γρ

203 2853 245 2872 vni
260 2853 289 2872 τὶ)
302 2861 363 2872 ww”!-
375 2862 385 2872 ιι

203 2853 248 2879 καὶ
260 2853 289 2879 τὸ
302 2853 403 2888 νοητόν,
419 2853 451 2880 Μ.
467 2853 510 2880 Sc.
526 2853 562 2886 ὡς
577 2854 676 2890 οἴομαι,
690 2854 734 2880 καί
748 2854 814 2882 liud.
834 2855 953 2890 corrigit.

863 2750 871 2764 7

243 2750 265 2762 ⁷⁰
281 2750 316 2774 Μ.
333 2750 378 2774 Sc.
391 2750 501 2782 νοεροῑς.
551 2750 571 2764 ⁷¹
586 2750 763 2783 τελουμένοις,
783 2750 814 2776 Ρ.
863 2750 884 2765 ⁷¹
898 2750 976 2784 εἴπω,
992 2751 1020 2779 S.
1037 2750 1066 2778 P.
1084 2750 1116 2777 Β.
1135 2750 1179 2777 Sc.
1230 2750 1252 2766 "
1265 2750 1404 2786 ἀνόνητος,
1417 2750 1449 2778 Cl

201 2782 228 2809 Ξ.
266 2782 289 2797 ⁷⁵
301 2782 347 2823 καὶ
362 2782 441 2843 μέχρι
452 2783 515 2814 τῶν,
531 2783 559 2811 S.
577 2783 658 2823 P._l).
676 2783 705 2809 Β.
723 2785 768 2810 Sc.
785 2785 847 2824 ξπ.
886 2785 909 2801 ⁷⁵
922 2787 969 2812 καὶ
983 2787 1051 2822 πρός
1063 2794 1094 2820 γε
1107 2784 1213 2817 τούτοις
1226 2785 1329 2820 ἐντελῆ,
1345 2786 1381 2812 Μ.
1397 2785 1449 2829 βε.

203 2818 232 2843 l'.
249 2817 278 2843 B.
316 2818 335 2831 ⁷¹
351 2825 395 2843 γο.
426 2826 502 2843 ντων.
540 2819 561 2834 ⁷⁸
577 2827 623 2843 του
637 2827 875 2843 ωωταγωγουντοε.
891 2819 919 2843 8,
935 2820 964 2843 P,
1011 2822 1033 2837 ἰθ
1047 2821 1121 2843 ὲντὸε
1133 2820 1187 2843 γὰο
1201 2818 1280 2843 εἶναι-
1297 2820 1324 2843 Ι).
1342 2821 1372 2843 l).
1385 2821 1433 2843 (.lt.

389 2837 395 2842 .
411 2818 502 2856 οντων,
534 2819 561 2856 ’⁷⁸
577 2818 623 2856 τοῦ
637 2819 875 2856 φωταγωγοῦντος,
935 2820 965 2848 Ρ,
1006 2818 1033 2837 ’τ’
1047 2818 1121 2852 ἐντὸς
1133 2820 1187 2856 γὰρ
1201 2818 1280 2849 εἶναι.
1295 2818 1324 2847 li.
1342 2821 1372 2848 Ι).
1385 2821 1433 2848 Clt.
1450 2821 1510 2849 Sar.

1230 2750 1252 2766 "
1265 2750 1404 2786 ἀνόνητος,
1417 2750 1467 2778 Ch.
1480 2750 1511 2778 Ι).
1529 2751 1558 2777 S.
1574 2750 1604 2777 Ρ.
1619 2750 1680 2786 Sar.
1696 2749 1824 2786 etAVien.

1499 2786 1520 2802 ⁷⁸
1533 2785 1706 2822 ὁμοτρόποις,
1719 2784 1773 2822 Cit.
1791 2787 1824 2813 S.

1567 2822 1590 2837 ⁸ο
1603 2820 1656 2847 τῶν
1669 2820 1825 2856 πανιέρων,
