1931 3073
120 153 173 183 «κη

650 151 691 178 ὐΕ
708 150 847 178 EGCLES.
867 149 1066 181 HIERARCH.,
1084 150 1159 176 CAP.
1179 149 1222 176 lll.

1688 147 1738 174 450

121 214 205 244 σμίιις
217 209 238 225 ⁸³
254 209 337 241 ἰόντα,
360 210 407 236 καὶ
423 208 502 237 πάλιν
525 204 568 235 sic
582 208 655 242 αὐτῷ
677 209 699 223 ⁸¹
725 206 902 238 τελειωτικῶς

973 208 1037 233 itale
1055 207 1242 240 prodeuntem,
1266 205 1352 240 adque
1377 204 1442 232 illud
1471 207 1555 240 ipsum
1583 206 1737 240 perhonendi
1760 231 1762 234 .

120 255 384 290 ἁποκαθιστάμενον.
399 255 436 282 ’Ἡ
458 263 487 281 τε
512 254 565 290 γὰρ
577 254 647 289 ὑπὲρ
660 253 747 280 πάντα
773 251 905 287 θεαρχικὴ

123 300 302 337 μακαριότης,
316 300 340 326 ει
363 299 410 326 καὶ
433 299 580 334 ἀγαθότητι
591 298 650 333 θείᾳ
671 297 791 332 πρόεισιν
804 296 844 327 εἰς
857 296 906 331 τὴν

120 346 177 380 τῶν
192 345 362 380 μετεχόντων
382 344 466 378 αὐτῆς
490 343 569 379 ἱερῶν
581 343 720 369 κοινωνίαν
731 342 764 374 ⁸³,
788 341 844 367 ἀλλ’
856 341 906 367 οὐκ

121 391 176 424 ἐξω
187 385 236 426 τῆς
246 391 305 417 κατ’
313 390 406 416 οὐσίαν
427 390 554 424 ἀκινήτου
578 388 698 419 στάσεως
721 388 766 413 καί
778 386 905 422 ἱδρύσεως

123 438 259 471 γίγνεται·
273 437 319 462 καὶ
330 436 353 452 ⁸⁸
367 436 432 462 πᾶσι
444 435 472 462 δὲ
483 436 539 466 τοῖς
559 434 701 461 θεοειδέσιν
716 433 852 466 ἀναλόγως
865 431 908 457 ἐλ-

123 482 240 517 λάμπει,
266 482 330 517 περὶ
353 482 452 517 ἑαυτὴν
473 481 557 512 ὅντως
581 478 657 510 οὖσα,
679 480 725 505 καὶ
744 479 793 512 τῆς
805 478 907 509 οἰκείας

124 528 194 559 ὅλως
204 528 234 554 οὺ
247 527 467 562 παρακινουμὲνη
479 525 640 561 ταυτότητος
649 533 655 540 ·
678 524 806 555 ὡσαύτως
818 524 834 558 ὴ
849 523 907 550 θεία

123 574 175 608 τῆς
190 573 324 605 συνάξεως
337 567 442 607 τελετὴ,
456 571 516 602 κᾶν,
531 571 632 597 ἑνιαίαν
645 570 690 596 καὶ
703 568 789 603 ἁπλῆν
810 567 908 602 ἔχουσα

125 619 172 645 καὶ
187 617 407 652 συνεπτυγμένην
432 616 528 652 ἀρχὴν,
552 616 591 647 είς
613 615 662 651 τὴν
676 613 749 650 ἱερὰν
775 613 909 640 ποικιλίαν

125 662 179 689 τῶν
193 662 331 698 συμϐόλων
355 660 548 696 φιλανθρώπως
561 659 738 695 πληθύνηται,
757 659 804 685 καὶ
829 659 910 693 μέχρι

129 709 220 745 πάσης
232 710 315 744 χωρεῖ
325 708 348 724 ⁸⁸
360 708 410 742 τῆς
423 707 568 743 θεαρχικῆς
580 706 784 742 είκονογραφίας
798 705 831 737 ⁸⁸,
853 704 910 731 ἀλλ’

127 754 251 786 ὲνοειδῶς
265 755 296 780 ἐκ
308 754 409 780 τούτων
422 751 498 784 αὖθις
511 753 550 784 εἰς
562 753 610 788 τὴν
623 752 726 779 οἰκείαν
739 751 839 786 μονάδα
851 758 911 777 συν-

128 801 239 836 άγεται,
264 800 311 826 καὶ
343 801 459 826 ἐνοποιεῑ
480 801 540 831 τοὺς
566 799 703 834 ἐπάὐτὴν
717 798 796 834 ἱερῶς
813 799 911 831 ἀναγο-

130 849 238 884 μένους.
253 847 331 874 Κατὰ
341 846 387 874 τὸν
411 847 491 873 αὑτὸν
513 847 544 882 δὴ
555 847 576 862 ⁸⁷
592 846 694 881 θεοειδῆ
706 846 803 881 τρόπον
816 846 829 871 ὁ
842 845 912 876 θεῖος

129 894 306 929 ίερὰρχης,εί
329 893 376 919 καὶ
398 894 447 928 τὴν
471 893 573 919 ἑνιαίαν
597 892 678 918 αὑτοῦ
699 891 748 926 τῆς
774 891 913 927 ἱεραρχίας

129 939 285 973 ἐπιστήμην
297 938 319 953 ⁸⁵
332 936 496 971 ἀγαθοειδῶς
509 937 548 968 εἰς
560 935 622 967 τοὺς
633 934 835 969 ὑποὸεϐηκότας
848 942 915 959 κατ-

130 983 203 1017 άγει,
217 983 272 1013 τοῖς
294 981 347 1008 τῶν
362 980 441 1016 ἱερῶν
460 981 625 1015 αἰνιγμάτων
637 979 747 1014 πλήθεσι
760 977 897 1013 χρώμενος
907 986 913 992 ·

130 1028 190 1054 ἀλλ’
202 1026 288 1059 αὖθις,
301 1027 338 1058 ὡς
351 1027 483 1058 ἀπόλυτος
495 1027 541 1053 καὶ¹
563 1027 620 1058 τοῖς
642 1026 749 1061 ἥττοσιν
761 1024 915 1059 ἀκατάσχε-

130 1082 187 1106 τος,
202 1074 242 1105 εἰς
253 1073 302 1108 τὴν
314 1072 415 1099 οἰκείαν
428 1073 513 1108 ἀρχὴν
533 1071 674 1107 ἀμειώτως
685 1071 897 1098 ἀποκαθίσταται
906 1091 913 1101 ,

132 1122 180 1148 καὶ
192 1121 241 1157 τὴν
254 1121 294 1152 εἰς
305 1120 334 1146 τὸ
347 1119 375 1146 ἓν
388 1119 484 1146 ἑαυτοῦ
495 1119 517 1135 ⁸³
532 1117 627 1153 νοερὰν
649 1117 831 1152 ποιησάμενος
843 1116 915 1142 εἴσο-

131 1167 187 1201 δον,
199 1168 250 1203 ὁρᾷ
261 1166 389 1202 καθαρῶς
400 1165 529 1197 τοὺς-τῶν
550 1164 716 1198 τελουμένων
739 1163 860 1194 ἐνοειδεῖς
873 1162 915 1188 λό-

131 1219 209 1246 γους,
220 1211 270 1246 τῆς
292 1211 337 1238 ἐπὶ
360 1210 394 1237 τὰ
417 1210 529 1245 δεύτερα
553 1207 739 1244 φιλανθρώπου
761 1207 872 1243 προόδου
885 1207 915 1233 τὸ

132 1258 220 1294 πέρας
244 1258 292 1294 τὴν
316 1259 356 1290 είς
385 1257 420 1285 τὰ
453 1256 548 1292 πρῶτα
582 1255 719 1290 θειοτέραν
752 1253 916 1288 ἐπιστροφὴν

133 1305 304 1338 ποιούμενος.

903 1447 917 1482 §

179 1530 315 1558 Ἦδὲτῶν
338 1525 452 1565 ψαλμῶν
476 1529 609 1565 ἱερολογία
632 1527 832 1563 συνουσιωμένη
858 1527 923 1553 πᾶσι

138 1576 232 1612 σχεδον
266 1577 323 1607 τοῖς
351 1577 515 1611 ῑεραρχικοῖς
541 1575 715 1610 μυστηρίοις,
739 1575 788 1600 οὐκ
812 1574 921 1609 ἔμελλεν

137 1620 302 1657 ἁπηρτίσθαι
313 1620 360 1647 τοῦ
375 1621 481 1647 πάντων
494 1620 720 1656 ίεραρχικωτάτου
733 1620 755 1636 ⁹⁰
767 1628 774 1634 '
789 1620 862 1646 πᾶσα
874 1619 922 1654 μὲν

137 1667 193 1702 γὰρ
205 1667 266 1701 ἱερά
278 1666 326 1693 καὶ
338 1666 503 1701 ἀγιόγραφος
524 1666 624 1697 δέλτος,
648 1665 664 1700 ἢ
685 1665 735 1700 τὴν
747 1666 778 1692 ὲκ
791 1665 858 1691 Θεοῦ
869 1665 923 1690 τῶν

140 1710 222 1739 δντων
235 1711 365 1748 γεννητὴν
378 1711 493 1747 ὕπαρξιν
515 1719 544 1737 τε
570 1712 616 1737 καὶ
639 1711 824 1746 διακόσμησιν,
845 1710 922 1746 ῆτὴν

138 1758 253 1793 νομικὴν
266 1757 404 1793 ίεραρχίαν
429 1758 476 1783 καὶ
499 1757 647 1789 πολιτείαν,
675 1757 691 1791 ἢ
716 1757 770 1783 τῶν
790 1756 836 1783 τοῦ
851 1756 922 1782 θείου

138 1802 205 1829 λαοῦ
229 1802 407 1838 κληροδοσιῶν
427 1802 598 1838 διανεμήσεις
622 1802 668 1828 καὶ
692 1802 883 1837 κατασχέσεις,
906 1801 922 1836 ἢ

140 1849 242 1884 κριτῶν
255 1847 376 1884 ίερῶν,ἣ
398 1848 528 1883 βασιλέων
553 1848 652 1882 σοφῶν,
679 1848 695 1883 ἢ
720 1848 812 1883 ἱερέων
826 1848 924 1874 ὲνθέων

141 1894 289 1930 σύνεσιν,ἣ
317 1894 437 1921 παλαιῶν
461 1894 563 1930 ἀνδρῶν
577 1895 605 1921 ὲν
629 1894 749 1930 ποικιλίᾳ
759 1895 805 1920 καὶ
830 1894 923 1930 πλήθει

139 1940 195 1967 τῶν
207 1941 334 1969 ἀνιόντων
355 1941 376 1956 ⁹¹
401 1941 593 1967 ἀκατάσειστον
616 1941 644 1967 ἐν
668 1941 798 1976 καρτερίᾳ
820 1940 926 1975 φιλοσο-

143 1987 217 2021 φίαν,
231 1987 247 2022 ἦ
260 1987 312 2013 τῶν
326 1987 468 2022 πρακτέων
482 1987 565 2021 σοφὰς
578 1987 725 2022 ὑποθήκας,
739 1987 754 2023 ἢ
768 1987 845 2014 θείων
858 1986 925 2022 ὲρώα

142 2041 196 2059 των
209 2033 316 2068 ᾄσματα
329 2033 375 2058 καὶ
388 2033 495 2064 ἐνθέους
506 2033 620 2065 εἰκόνας,
633 2033 650 2068 ἢ
662 2033 716 2059 τῶν
728 2033 863 2068 ἐσομένων
875 2032 925 2064 τὰς

143 2079 313 2114 ὑποφητικὰς
338 2079 595 2115 προαναρῤήσεις,ἢ
618 2079 667 2111 τὰς
685 2078 814 2114 ἀνδρικὰς
838 2078 924 2113 Ἰησοῦ

143 2123 286 2159 θεουργίας
296 2125 329 2157 ⁹’,
344 2124 360 2160 ἢ
374 2124 422 2155 τὰς
444 2124 496 2151 τῶν
509 2125 590 2151 αὑτοῦ
613 2125 738 2160 μαθητῶν
761 2124 925 2160 θεοπαραδό-

143 2177 206 2201 τους
228 2170 273 2196 καὶ
296 2170 476 2205 θεομιμήτους
494 2169 629 2201 πολιτείας
644 2170 689 2196 καὶ
702 2169 776 2205 ἱερὰς
799 2170 926 2197 διδασκα-

142 2215 213 2247 λίας,
228 2215 304 2250 ἢτὴν
316 2214 432 2251 κρυφίαν
457 2214 503 2241 καὶ
527 2214 656 2250 μυστικὴν
679 2214 792 2249 amem
813 2215 860 2241 τοῦ
873 2214 926 2242 τῶν

146 2260 272 2296 μαθητῶν
284 2252 424 2295 ἀγαπητοῦ
433 2260 479 2286 καὶ
491 2251 669 2295 θεσπεσίου,ἢ
683 2261 731 2297 τὴν
744 2260 925 2296 ύπερκόσμιον

150 2306 236 2341 Ἰησοῦ
248 2305 382 2340 θεολογίαν
393 2307 448 2337 τοῖς
461 2306 528 2341 πρὸς
542 2306 635 2332 θέωσιν
649 2306 807 2342 ἐπιτηδείοις
821 2307 927 2342 ὑφηγή-

145 2360 220 2383 σατο,
243 2352 290 2377 καὶ
312 2353 372 2382 ταῖς
397 2353 482 2387 ἱεραῖς
496 2352 551 2378 τῶν
574 2351 687 2377 τελετῶν
714 2351 761 2377 καὶ
784 2351 926 2378 θεοειδέσιν

145 2397 298 2430 ἀναγωγαῖς
311 2397 514 2433 συνερῤίζωσεν.
531 2397 562 2423 Ἠ
573 2397 601 2423 δὲ
614 2396 667 2423 τῶν
682 2397 760 2423 θείων
772 2397 846 2432 ᾠδῶν
858 2399 927 2433 ἱερο-

145 2443 258 2479 γραφία,
273 2443 372 2470 σκοπὸν
383 2443 479 2478 ἔχουσα
491 2443 538 2475 τὰς
549 2442 684 2477 θεολογίας
695 2452 724 2469 τε
735 2443 779 2469 καὶ
787 2443 927 2478 θεουργίας

145 2488 253 2520 ἁπάσας
265 2489 392 2523 ὑμνῆσαι,
406 2481 452 2514 καὶ
474 2487 523 2520 τὰς
549 2488 602 2514 τῶν
614 2488 692 2514 θείων
711 2488 814 2523 ἀνδρῶν
828 2488 927 2523 ἱερολο-

146 2533 209 2567 γίας
221 2542 250 2560 τε
263 2535 308 2567 καὶ
333 2534 484 2570 ἱερουργίας
507 2533 621 2563 αἰνέσαι,
645 2533 790 2569 καθολικὴν
812 2535 926 2560 ποιεῖται

147 2578 200 2605 τῶν
211 2578 289 2605 θείων
301 2579 371 2615 ᾠδὴν
386 2580 432 2606 καὶ
443 2579 588 2614 ἀφήγησιν,
607 2579 674 2613 πρὸς
699 2579 788 2614 πάσης
808 2579 928 2614 ἱεραρχι-

958 253 1027 279 sacri
1043 260 1123 279 causa
1138 256 1329 278 revertentem.
1345 251 1455 278 Summa
1475 253 1606 286 siquidem
1620 253 1662 280 illa
1679 253 1741 281 Dei,

960 304 1010 327 tas.
1027 305 1087 331 qua:
1102 298 1272 324 beatitudine
1299 298 1407 324 cunctis
1422 298 1569 330 antecellit,
1584 300 1634 326 etsi
1650 300 1739 328 divina

958 343 1124 377 brnignilate
1139 342 1173 369 ad
1200 342 1360 377 participtuu
1392 344 1431 369 sui
1463 351 1600 371 sacrorum
1628 346 1743 379 prodeat

959 388 1188 419 communionem,
1216 395 1386 422 nequaquam
1405 393 1493 415 tamen
1522 397 1536 415 ﬂ
1562 397 1665 418 naturze
1685 399 1742 418 sum

959 433 1047 460 stabili
1065 433 1197 467 iirmoque
1220 437 1291 459 statu
1314 433 1440 464 discedit,
1462 435 1509 460 sed
1528 435 1590 461 dum
1615 437 1742 463 omnibus

959 479 1004 512 qui
1021 478 1140 506 divinam
1167 479 1369 505 similitudinem
1393 486 1447 513 pra:
1473 487 1502 507 se
1527 480 1616 508 ferunt
1632 489 1680 516 pro
1696 490 1743 509 cu-

956 524 1054 558 jusque
1072 529 1151 558 captu
1181 523 1307 557 collucet,
1330 531 1420 551 secum
1444 532 1506 553 vere
1529 531 1628 557 manet.
1655 535 1743 561 neque

961 568 1107 603 quidquam
1123 570 1156 595 ab
1181 570 1322 596 identilale
1341 578 1388 597 sua
1414 571 1581 604 dimovelur;
1607 573 1745 600 similita-

964 615 1035 642 lioue
1055 616 1174 642 divinum
1188 615 1254 642 illud
1267 624 1403 651 synaxeos
1419 623 1629 649 sacramentum.
1645 626 1744 652 quam-

963 660 1004 686 vis
1034 660 1171 693 singulare
1195 661 1293 688 habeat
1315 669 1347 688 ac
1376 662 1488 695 simplex
1522 668 1745 698 compactumque

962 706 1133 739 principium,
1162 707 1232 740 quod
1263 707 1447 742 symbolarum
1477 707 1608 735 varietale
1631 709 1746 743 benigne

962 752 1164 786 multiplicetur,
1179 759 1206 779 et
1229 753 1263 779 ad
1279 761 1387 780 onmem
1405 754 1451 781 hci
1465 755 1642 788 principalem
1658 763 1687 782 se
1699 764 1747 782 ex-

963 797 1057 823 tendat
1079 796 1290 831 eﬂigialioncm;
1318 798 1491 826 nuil‘ormiter
1519 804 1606 826 tamen
1623 801 1656 827 ad
1681 809 1745 835 pro-

963 842 1048 877 priam
1074 849 1103 869 se
1117 842 1204 869 denuo
1229 843 1331 877 colligit
1353 845 1493 874 unitatem.
1520 851 1601 880 atque
1621 847 1646 873 iu
1663 855 1745 875 unum

930 885 950 912 Β
966 888 1060 923 redigit
1074 896 1120 915 eos
1137 889 1182 921 qui
1199 888 1231 915 ad
1250 896 1279 915 se
1294 894 1388 916 sancte
1403 891 1548 918 ducuntur.
1564 891 1623 918 Pari
1635 900 1746 926 prorsus
1770 888 1773 893 ’

967 941 1053 967 eoque
1068 933 1192 960 dciforttti
1207 935 1286 961 modo
1306 935 1413 962 divinus
1435 936 1567 969 pontifex,
1584 937 1634 964 elsi
1652 938 1746 970 singu-
1770 927 1772 930 ί

966 978 1051 1006 larem
1065 980 1147 1007 divini
1165 981 1333 1014 principatus
1361 982 1402 1007 sui
1422 982 1565 1009 scientiam
1585 983 1610 1010 in
1627 984 1748 1013 subditos

966 1025 1095 1052 benevole
1109 1025 1222 1059 derivet,
1243 1026 1306 1053 dum
1317 1027 1487 1061 aenigmatum
1503 1035 1642 1055 sacrorum
1659 1029 1748 1056 varie-

967 1071 1067 1097 tatibus
1081 1071 1180 1104 nititur;
1197 1080 1291 1099 rursus
1309 1079 1409 1104 tamen,
1422 1080 1470 1099 ceu
1485 1073 1625 1101 absolutus
1638 1082 1652 1100 a
1667 1075 1748 1102 rebus

966 1116 1141 1144 inferioribus
1157 1125 1189 1144 ac
1202 1117 1281 1151 liber,
1298 1119 1329 1144 ad
1341 1119 1480 1152 proprium
1490 1119 1650 1154 principium
1669 1128 1747 1148 suum

968 1163 1072 1197 integre
1086 1164 1244 1195 revertitur,
1259 1164 1426 1198 spiritalique
1438 1172 1487 1192 suo
1498 1166 1523 1190 in
1539 1173 1621 1191 unum
1636 1165 1748 1192 introittt

968 1208 1100 1243 perfecto,
1117 1209 1270 1243 singulares
1295 1209 1361 1236 istas
1384 1214 1617 1237 sacramentorum
1631 1211 1751 1238 rationes

969 1262 1035 1288 pura
1050 1260 1139 1281 mente
1154 1256 1252 1286 cernit,
1277 1255 1340 1282 dum
1356 1255 1465 1290 benigni
1483 1256 1650 1291 humanique
1661 1258 1701 1284 sui
1717 1259 1749 1285 ad

969 1299 1098 1326 inferiora
1115 1308 1273 1335 progressus
1301 1301 1382 1328 linem
1413 1302 1574 1330 diviniorcm
1600 1303 1634 1330 ad
1663 1303 1750 1338 prima

971 1345 1036 1373 facit
1047 1346 1242 1374 reversionem.

937 1445 989 1476 IV.

936 1544 957 1572 ρ
1010 1527 1179 1555 PSalmorum
1208 1535 1289 1563 porro
1304 1535 1381 1555 sacra
1408 1528 1638 1563 modulatio,quaa
1655 1536 1751 1565 mysta.

974 1573 1022 1601 riis
1039 1574 1217 1601 hierarchicis
1240 1574 1298 1601 fere
1323 1574 1448 1602 omnibus
1474 1575 1550 1609 quasi
1570 1576 1754 1603 substantialis

973 1618 1156 1653 conjungilnr,
1186 1619 1220 1646 ab
1243 1619 1364 1646 omnium
1396 1615 1569 1647 sanciissimo
1584 1628 1752 1656 nequaquam

973 1669 1032 1692 erat
1057 1664 1228 1697 divellenda;
1252 1665 1340 1692 omnis
1362 1673 1478 1700 namque
1497 1673 1581 1693 sacra:
1606 1666 1755 1700 Scriptura:

974 1716 1064 1738 textus
1087 1711 1130 1737 vel
1144 1711 1283 1738 conditam
1311 1719 1326 1738 a
1349 1711 1404 1739 Deo
1418 1719 1508 1738 rerum
1525 1712 1703 1740 substantiam
1723 1721 1754 1742 ac

975 1756 1250 1790 dispositionem,vel
1278 1756 1391 1791 legalem
1423 1757 1604 1784 hierarchiam
1630 1766 1662 1785 ac
1688 1759 1756 1793 poli«

975 1802 1051 1835 tiam,
1068 1802 1109 1829 vel
1128 1802 1315 1829 hmredilatum
1331 1802 1410 1836 190
1426 1803 1509 1830 divini
1522 1803 1611 1838 populi
1628 1804 1756 1831 distribu-

976 1849 1061 1875 tiones
1077 1856 1107 1875 ac
1121 1849 1318 1882 possessiones,
1347 1848 1388 1874 vel
1404 1857 1543 1876 sacrorum
1565 1850 1686 1884 judicqu
1714 1858 1756 1877 re-.

975 1902 1070 1929 gumve
1095 1894 1257 1928 sapientium
1287 1895 1570 1928 atquelsacerdotum
1603 1895 1755 1922 divinorum

976 1940 1157 1975 prudentiam,
1183 1940 1227 1968 vel
1254 1940 1404 1974 priscorum
1436 1941 1555 1968 virorum
1583 1941 1610 1968 in
1638 1941 1755 1968 tristium

975 1988 1109 2015 varietate
1137 1995 1167 2018 ac
1191 1987 1392 2022 multiplicitate
1418 1995 1530 2014 casuum
1565 1988 1756 2015 inconcussam

977 2031 1128 2064 tolerantia:
1152 2033 1361 2068 philosophiam,
1390 2037 1436 2060 aut
1460 2033 1596 2068 sapientes
1609 2041 1698 2060 rerum
1711 2040 1758 2068 ge-

976 2081 1122 2107 rendarum
1137 2081 1343 2115 prmceptiones,
1369 2080 1411 2107 vel
1434 2087 1555 2106 amorum
1570 2079 1674 2106 cantica
1689 2080 1758 2107 divi-

977 2134 1071 2153 norum
1097 2126 1285 2161 imaginesque
1301 2126 1416 2157 divinas.
1444 2125 1484 2153 vel
1502 2133 1639 2160 praesagas
1654 2126 1758 2154 l'uturoe

976 2180 1034 2198 rmn
1048 2172 1247 2206 praedictiones,
1257 2172 1299 2199 vel
1315 2171 1407 2199 viriles
1421 2171 1486 2202 Jcsu
1506 2171 1553 2198 Dei
1573 2172 1756 2205 operationes.

943 2216 1157 2252 Dejusdcmque
1183 2218 1378 2252 discipulorum
1402 2218 1533 2245 divinitus
1557 2218 1661 2249 tradita.
1672 2223 1699 2245 et
1725 2218 1758 2245 ad

980 2262 1064 2289 Deum
1094 2262 1257 2291 imitandum
1285 2263 1463 2293 conducentia
1490 2263 1551 2290 vita:
1578 2263 1759 2294 institutatlo-

979 2308 1136 2342 ctriuasque
1152 2315 1257 2340 sacras,
1286 2315 1449 2335 arcanamve
1477 2308 1548 2337 illam
1562 2310 1760 2344 mysticamque

979 2354 1111 2380 visionem
1138 2353 1261 2388 discipuli
1287 2353 1379 2381 dilecti
1394 2353 1544 2388 divinique,
1568 2360 1648 2388 atque
1663 2362 1758 2389 super-

982 2399 1147 2425 mundialem
1165 2398 1226 2426 Jesu
1244 2398 1407 2432 theologiam
1433 2398 1466 2425 iis
1481 2398 1699 2432 qui.divinilalis
1715 2406 1760 2424 ca-

980 2451 1062 2478 paces
1078 2448 1141 2470 suut
1158 2444 1292 2478 exposuit,
1323 2443 1464 2478 sacrisque
1488 2451 1549 2471 cum
1574 2449 1760 2469 sacramento-

981 2495 1041 2514 rum
1068 2493 1124 2515 tum
1149 2489 1181 2515 ad
1198 2488 1243 2515 Dei
1264 2487 1378 2515 formam
1399 2489 1617 2522 consequendam
1635 2487 1705 2521 aptis
1720 2487 1761 2512 iu-

981 2533 1165 2559 stitutiouibus
1189 2532 1372 2561 conﬁrmavit.
1404 2533 1487 2560 Sacra
1515 2540 1580 2560 vero
1604 2532 1759 2558 divinorum

981 2579 1131 2606 carminum
1155 2579 1313 2614 descriptio,
1340 2579 1383 2606 cui
1410 2584 1507 2606 cuncta
1530 2578 1578 2610 Dei
1601 2585 1683 2616 opera
1704 2577 1761 2604 elo-

777 2664 893 2694 VAthE
913 2664 1111 2693 LECTIONES.
1124 2688 1126 2692 .

184 2757 204 2772 "
219 2756 366 2790 εὐκοσμίας
381 2756 411 2783 D.
426 2756 455 2784 S.
469 2757 497 2783 Β.
535 2757 557 2772 ’δ’
570 2757 645 2789 αὑτό,
660 2757 689 2783 D.
707 2758 734 2784 S.
748 2758 808 2784 Sar.
846 2757 868 2773 ⁸³
881 2756 955 2791 ίερὶιν
970 2756 1120 2786 κοινωνίαν,
1141 2755 1190 2782 th.
1209 2755 1237 2782 Β.
1257 2756 1285 2783 S.
1304 2755 1364 2783 Sar.
1402 2756 1424 2771 ³³⁵
1439 2756 1487 2782 καί
1502 2763 1553 2782 non
1573 2760 1614 2781 est
1632 2754 1656 2791 iu
1673 2753 1706 2791 Ρ.Δ
1728 2754 1758 2784 ιι,

149 2791 256 2832 B..Sar.
283 2792 316 2832 ξ’
330 2792 459 2832 χωρῇ,Α8.
479 2792 510 2832 Βἱ
560 2793 770 2832 κξλίεραμρχικῆς,

150 2827 266 2863 πῄμην,
325 2835 338 2863 ;_
352 2826 400 2861 τῆς
417 2827 554 2863 θεαρχίας,
568 2827 598 2853 Ρ.

917 2792 937 2807 ⁸⁷
955 2791 1000 2818 δέ.
1017 2792 1047 2817 D.
1061 2791 1095 2816 M.
1113 2791 1156 2818 Sc.

637 2812 713 2863 δίᾷρ.
728 2812 819 2854 firmi.
839 2828 860 2843 9°
874 2812 1101 2863 ἀπηρτῆσθαιτοῦ
1116 2826 1312 2863 ἁρχικωτᾴτου,
1330 2829 1358 2853 l).
1369 2833 1394 2853 et
1411 2825 1452 2859 \'.;
1465 2812 1759 2860 πάνιεὲαρίὶικωῐὰτον,

1208 2791 1229 2807 ⁸⁸
1242 2791 1336 2828 ἑαυτοῦ
1347 2811 1353 2820 .
1379 2791 1492 2828 θ1.“5ε.;
1517 2789 1676 2824 ἱεριρχικὴν
1691 2788 1759 2828 sine

146 2860 209 2904 Pal;
233 2860 264 2878 ³⁹¹
280 2860 425 2896 ἀνιώντων,
441 2860 554 2891 διέξειμ’
569 2883 576 2892 .
589 2863 625 2890 ila
637 2860 743 2898 col-tingit
760 2863 825 2889 Bud.
842 2867 868 2890 cl
884 2860 958 2889 Vicit.
978 2862 1002 2888 2.
1041 2862 1063 2876 “
1078 2860 1216 2896 θεαρχίας,
1237 2862 1266 2889 υ.
