1931 3073
164 169 213 197 431

749 164 774 193 5.
793 163 943 193 DIONYSII
962 161 1195 191 AREOPAGITE

1738 161 1794 188 472

164 225 284 263 quiaque
299 225 449 257 celebrare,
464 232 515 252 nec
527 231 582 252 non
599 230 697 251 sacros
711 223 835 251 virorum
849 221 953 249 divino—

1005 220 1054 255 κῆς
1076 220 1187 255 τελετῆς
1210 219 1343 255 ὑποδοχὴν
1366 219 1414 245 καὶ
1436 217 1577 253 μετάδοσιν
1600 217 1656 250 ἕξιν
1687 218 1793 245 οἰκείαν

157 264 225 301 ’τυιη
241 281 302 300 cum
319 278 461 300 sermones
481 275 536 298 tum
551 270 673 297 actiones
687 269 844 297 collaudare
854 274 953 303 propo-

1006 265 1157 301 ὲμποιοῦσα
1177 266 1233 297 τοῖς
1246 265 1344 296 ὲνθέως
1355 264 1439 300 αὐτὴν
1451 263 1639 299 ἱερολογοῖωιν.

164 320 245 347 situm
266 323 319 351 est.
351 318 508 353 generalem
530 316 682 344 introducit
700 323 790 343 rerum
813 315 969 342 divinarum
984 319 1094 340 cautum
1109 317 1137 340 et
1151 313 1359 347 expositionem,
1376 312 1439 339 dum
1452 311 1487 338 ad
1512 311 1601 338 omnia
1626 309 1696 338 sacri
1720 309 1794 337 ordi-

162 366 206 392 nis
232 368 417 396 sacramenta,
446 363 504 391 sive
530 361 702 397 suscipienda
726 362 785 390 sive
806 359 952 391 tradenda,
969 362 1063 394 aptum
1080 357 1134 386 illis
1149 358 1270 385 animum
1287 357 1365 385 aﬂ‘ert
1395 358 1441 392 qui
1468 357 1556 392 ipsum
1568 356 1660 385 divine
1682 363 1714 383 ac
1728 363 1793 383 San-

163 420 207 440 cte
221 413 350 440 recitant.

949 472 1017 510 5v.

200 560 251 588 Ubi
263 567 329 595 ergo
345 559 391 586 illa
406 565 466 593 quae
482 566 526 586 res
546 565 668 593 quasque
681 566 775 586 sacras
800 561 958 596 complecti-

164 612 208 634 tur
223 607 385 642 hymnorum
403 604 553 632 modulatio
564 605 662 631 animae
674 610 776 632 nostrae
787 605 955 642 aﬂ‘cctiones,

163 658 193 681 ct
213 660 244 680 ea
261 659 338 679 sacra
355 658 416 686 qua:
433 650 515 685 paulo
538 654 600 685 post
624 650 785 678 celebranda
811 656 885 686 sunt,
904 655 956 682 rite

165 699 311 734 disposuit,
340 697 552 732 divinorumque
569 697 722 724 carminum
743 703 876 726 concentu
893 707 955 728 cum

165 745 199 772 ad
215 751 259 771 res
275 743 392 775 divinas,
408 747 465 769 tum
479 742 513 768 ad
529 741 689 777 semelipsas
703 746 879 778 mutuamque
889 752 954 772 con—

163 789 331 821 sensionem,
348 795 400 815 ceu
424 787 503 815 unica
530 787 715 822 concordique
740 789 839 816 chorea
861 797 955 818 sacro-

162 844 223 864 rum
240 835 388 870 coaptavit,
407 842 437 861 ea
449 841 509 868 qum
531 834 558 860 in
577 834 696 868 spiritali
713 834 884 862 Psalmorum
901 844 961 865 mo—

1046 564 1128 590 Ὅταν
1140 560 1186 589 οὖν
1200 564 1216 598 ἡ
1229 562 1388 599 περιεκτικὴ
1406 562 1461 589 τῶν
1489 562 1624 598 πανιέρων
1647 562 1795 598 ὑμνολογία

1006 608 1055 640 τὰς
1067 608 1186 643 ψυχικὰς
1199 608 1222 624 ⁹³
1243 607 1321 643 ἡμῶν
1345 608 1415 641 ἕξεις
1439 609 1605 644 ὲναρμονίως
1624 608 1701 644 διαθῇ
1724 608 1793 644 πρὸς

1006 653 1040 680 τὰ
1052 654 1148 689 μικρὸν
1173 653 1286 688 ὕστερον
1315 654 1590 689 ἱερουργηθησόμενα,
1611 655 1659 681 καὶ
1682 656 1715 690 τῇ
1737 655 1795 681 τῶν

1006 699 1085 726 θείων
1096 697 1172 734 ᾠδῶν
1186 698 1326 734 ὁμοφωνίᾳ
1348 699 1396 734 τὴν
1409 699 1476 734 πρὸς
1497 698 1532 725 τὰ
1544 699 1603 726 θεῖα
1615 700 1661 726 καὶ
1679 700 1794 732 ἑαυτοὺς

1005 746 1053 773 καὶ
1066 745 1197 781 ἀλλήλους
1209 744 1409 780 ὁμοφροσύνην,
1423 745 1461 777 ὼς
1474 746 1523 781 μιᾷ
1543 746 1590 772 καὶ
1603 745 1725 781 ὁμολόγῳ
1737 744 1794 771 τῶν

1005 791 1086 827 ἱερῶν
1100 792 1195 827 χορείᾳ
1217 791 1251 822 ⁸⁸,
1264 790 1444 828 νομοθετήσῃ,
1466 791 1500 818 τὰ
1523 792 1727 827 συντετμημένα
1745 791 1794 818 καὶ

1006 837 1222 873 σονεσκιασμένα
1256 837 1356 873 μᾶλλον
1377 838 1406 864 ἐν
1431 839 1463 873 τῇ
1498 839 1580 874 νοερᾷ
1603 837 1656 864 τῶν
1677 837 1795 873 ψαλμῶν

162 884 302 911 dulatione
319 883 428 910 concisa
457 886 521 909 sunt
547 885 575 908 et
604 881 691 915 magis
717 874 889 915 obumbrata,
906 891 954 918 per

1005 884 1141 920 ίερολογίᾳ
1165 883 1210 910 διὰ
1223 883 1352 910 πλειόνων
1367 884 1414 910 καὶ
1437 884 1610 919 σαφεστέρων
1622 883 1732 910 εἰκόνων
1745 883 1794 909 καὶ

163 930 256 965 plures
269 934 298 956 et
313 928 517 956 manil'estiores
535 929 635 963 liguras
661 932 743 963 atque
760 928 954 962 explicationes

162 975 354 1003 sacratissimis
377 975 641 1010 scripturisticarum
671 975 900 1009 compositionum
915 974 954 1003 le-

164 1022 303 1050 ctionibus
316 1021 479 1049 dilatantur.
511 1019 540 1047 In
557 1021 599 1048 his
614 1028 756 1048 sacrarum
783 1029 874 1049 rerum
888 1029 954 1048 con-

162 1067 310 1103 templator
325 1066 490 1095 unil‘ormem
519 1067 666 1101 quamdam
692 1071 772 1101 atque
786 1067 952 1102 singularem

163 1115 291 1142 advertet
305 1113 550 1148 conspirationem,
567 1116 662 1146 utpote
688 1113 722 1140 ab
737 1120 793 1140 uno
804 1113 955 1149 eodemque

163 1159 212 1187 Dei
228 1159 374 1194 principali
388 1158 486 1193 spiritu
498 1157 662 1185 concitatam
674 1166 681 1191 ;
700 1158 771 1186 unde
782 1158 845 1193 jure
856 1160 956 1188 merito

161 1206 189 1233 iu
205 1206 273 1232 Orbe
293 1208 354 1238 pOSl
369 1202 551 1237 antiquiorem
565 1202 639 1229 illam
656 1202 841 1236 traditionem,
859 1203 956 1232 Testa-

160 1256 285 1279 mentum
310 1257 410 1277 novum
427 1249 627 1284 promulgatur,
658 1249 750 1276 divino
769 1250 875 1278 scilicet
895 1251 955 1280 bio-

161 1296 342 1330 rarcbicoque
368 1295 475 1327 ordine,
505 1302 566 1322 mea
592 1294 702 1329 quidem
732 1296 880 1329 sententia,
901 1305 952 1332 per

161 1342 215 1370 hoc
227 1341 397 1375 declarante,
410 1342 449 1369 uti
468 1340 555 1368 Vetus
569 1339 771 1368 Testamentum
783 1340 873 1369 futura
885 1351 954 1377 pra».-

162 1389 276 1421 dixerit,
301 1387 405 1415 Novum
436 1395 502 1416 vero
526 1388 642 1422 ipsamet
666 1387 758 1415 divina
786 1387 850 1416 Jesu
872 1396 956 1424 opera

163 1435 339 1468 exhibuerit;
358 1438 441 1469 atque
468 1433 535 1460 illud
557 1434 665 1468 quidem
693 1434 771 1469 quasi
791 1435 952 1469 quibusdam

160 1478 328 1513 imaginibus
351 1478 506 1513 depinxerit
519 1479 672 1512 veritatem,
687 1479 740 1506 hoc
759 1487 823 1508 vero
837 1488 956 1515 prasen-

1005 931 1182 967 ἀναρρήσεων
1196 930 1337 966 εὐρύνεται
1348 932 1408 962 ταῖς
1421 930 1580 966 ἱερωτάταις
1594 930 1648 956 τῶν
1661 929 1792 965 ἁγιογρά-

1005 987 1062 1013 φων
1076 978 1228 1010 συντάξεων
1240 978 1263 994 9⁸
1287 977 1479 1011 ἀναγνώσεσιν.
1512 977 1556 1003 Ἐν
1577 976 1689 1008 ταύταις
1711 976 1794 1010 ὀβλέ-

1004 1033 1064 1051 πων
1077 1024 1156 1060 ἱερῶς
1169 1024 1262 1058 ὕψεται
1285 1024 1334 1058 τὴν
1346 1023 1447 1058 ἑνοειδῆ
1458 1024 1506 1050 καὶ
1518 1023 1581 1059 μίαν
1596 1023 1746 1058 σύμπνοιαν
1757 1023 1792 1053 ⁸⁸,

1004 1071 1042 1102 ὡς
1055 1071 1100 1106 ὑφ’
1114 1070 1172 1102 ἐνὸς
1193 1071 1215 1086 ’⁷
1228 1071 1275 1098 τοῦ
1296 1071 1441 1107 θεαρχικοῦ
1465 1070 1622 1105 Πνεύματος
1646 1067 1792 1103 κεκινημέ-

1004 1125 1070 1152 νην·
1085 1116 1146 1143 ὅθεν
1162 1116 1274 1148 εἰκότως
1298 1117 1327 1143 ὲν
1346 1116 1440 1151 κόσμῳ
1453 1115 1520 1151 μετὰ
1539 1115 1590 1150 τὴν
1613 1113 1794 1149 ἀρχαιοτέραν

1005 1163 1153 1199 παράδοσιν
1165 1164 1182 1198 ἡ
1193 1162 1273 1198 καινὴ
1286 1162 1406 1198 Διαθήκη
1429 1162 1606 1197 κηρύσσεται,
1628 1160 1678 1195 τῆς
1699 1160 1793 1187 ἐνθέου

1003 1211 1051 1237 καὶ
1064 1209 1225 1246 ίεραρχικῆς
1236 1209 1339 1242 τάξεως
1351 1210 1448 1241 ἐκεῖνο,
1472 1206 1558 1243 οἶμαι,
1570 1207 1713 1243 δηλούσης,
1726 1207 1764 1239 ὡς
1773 1208 1792 1242 ἡ

1005 1257 1055 1292 μὲν
1071 1256 1123 1292 ἔφη
1145 1256 1195 1287 τὰς
1219 1256 1351 1292 ἐσομένας
1379 1255 1466 1291 Ἰησοῦ
1481 1255 1635 1290 θεουργίας,
1654 1255 1671 1289 ἡ
1693 1254 1721 1280 δὲ
1734 1253 1793 1280 ὲτέ-

1001 1302 1074 1334 λεσε,
1085 1302 1134 1328 καὶ
1148 1301 1185 1333 ὡς
1200 1301 1290 1337 ἐκείνη
1305 1301 1354 1336 μὲν
1365 1302 1394 1327 ὲν
1406 1300 1491 1327 εἰκόσι
1510 1300 1558 1335 τὴν
1571 1298 1697 1335 ἀλήθειαν
1711 1297 1792 1333 ἐγρα-

1001 1348 1061 1383 ψεν,
1075 1347 1143 1382 αὕτη
1156 1348 1185 1374 δὲ
1212 1347 1352 1383 παροῦσαν
1365 1346 1488 1380 ὑπέδειξε
1500 1354 1506 1361 ·
1533 1346 1587 1372 τῶν
1608 1345 1662 1380 γὰρ
1685 1344 1794 1379 ἐκείνης

1003 1394 1233 1430 πμαναρρήσεων
1248 1395 1264 1429 ὴ
1280 1393 1350 1420 κατὰ
1360 1392 1461 1428 ταύτην
1471 1391 1657 1427 τελεσιουργία
1669 1391 1718 1426 τὴν
1729 1389 1792 1425 ἀλή-

1007 1438 1082 1466 θειαν
1093 1439 1273 1471 ἐπιστώσατο,
1286 1439 1334 1465 καὶ
1345 1438 1402 1465 ἔστι
1414 1438 1464 1474 τῆς
1479 1437 1614 1472 θεολογίας
1627 1437 1644 1473 ἡ
1665 1436 1792 1471 θεουργία

1009 1485 1255 1520 συγκεφαλαίωσις.

163 1531 217 1554 tem
246 1525 455 1557 demonstravit,
481 1531 544 1552 cum
569 1524 778 1559 praedictionum
815 1526 876 1562 ejus
904 1528 1050 1558 veritatem
1080 1531 1196 1560 etrectus
1208 1531 1289 1567 hujus
1303 1531 1720 1567 comprobavit,divinorumque
1733 1537 1794 1557 ser-

162 1580 272 1601 monum
287 1571 410 1607 operatio
425 1571 517 1599 divina
537 1571 575 1599 sit
586 1578 703 1599 summa.

939 1643 954 1681 5
971 1643 1025 1674 vr.

200 1727 276 1764 191
292 1727 344 1761 Qui
358 1725 468 1762 quidem
480 1725 579 1754 horum
591 1729 827 1754 sacramentorum
843 1726 952 1762 penitus

1039 1728 1147 1755 Τούτων
1159 1728 1184 1754 οί
1197 1727 1246 1764 μὲν
1257 1727 1500 1763 ἁπερισάλπιγκτοι
1511 1726 1623 1753 καθόλου
1643 1725 1697 1752 τῶν
1711 1725 1794 1761 ιερῶν

161 1774 250 1810 ignari
266 1779 340 1805 sunt,
365 1773 404 1800 illi
424 1779 459 1800 ne
473 1772 606 1807 imagines
618 1771 728 1807 quidem
741 1777 870 1806 cernunt,
881 1774 954 1808 quod

162 1819 291 1847 nimirum
312 1818 486 1854 impudenter
503 1818 652 1846 salutarem
676 1818 776 1846 divina:
791 1819 950 1854 generatio-

162 1866 208 1893 nis
226 1865 402 1899 disciplinam
419 1864 572 1899 repudient.
598 1863 776 1899 Eloquiisque
793 1865 881 1893 sacris
895 1865 955 1893 cxi-

162 1913 233 1940 tiose
259 1919 374 1946 prorsus
400 1911 573 1946 obstrepant,
603 1909 667 1938 Via:
692 1915 752 1938 tuas
781 1911 849 1938 scire
882 1910 953 1938 nolo.

161 1959 248 1987 Porro
261 1958 472 1985 catechumenos
495 1962 523 1984 et
547 1964 756 1992 energumenos,
788 1963 888 1991 eosque
907 1956 954 1992 qui

162 2006 324 2042 poenitentia
339 2006 488 2038 ducuntur,
511 2009 695 2032 sacrosancta:
716 2004 881 2032 hierarchia:
895 2011 955 2032 mos

162 2053 266 2088 patitur
285 2051 395 2086 quidem
424 2050 522 2078 audire
545 2057 652 2078 sacram
672 2049 863 2085 psalmodiam,
883 2050 954 2078 divi-

162 2105 281 2133 namquc
299 2104 441 2126 sacrarum
456 2095 664 2131 Scripturarum
684 2095 892 2129 recitationem;
908 2103 955 2123 ve-

163 2152 224 2172 rum
239 2145 272 2171 ad
292 2151 324 2172 ea
339 2151 399 2179 quae
414 2143 544 2178 deinceps
558 2146 713 2177 sequuntur
735 2142 873 2170 sacriﬁcia
893 2149 955 2177 spe-

163 2191 326 2226 ctaculaque
355 2197 532 2225 nequaquam
556 2190 607 2217 hos
623 2194 769 2223 convocat,
799 2190 846 2217 sed
865 2189 955 2224 perl‘c—

164 2243 225 2266 ctos
242 2236 424 2272 perfectorqu
443 2236 548 2264 oculos.
570 2236 619 2263 Est
638 2235 711 2263 enim
735 2235 877 2263 deiformis
907 2235 955 2262 ille

164 2283 231 2312 ordo
247 2291 325 2312 sacer
339 2288 440 2311 sancta
452 2283 549 2318 plenus
565 2283 689 2318 justitize,
705 2290 756 2310 nec
769 2290 822 2310 non
837 2282 955 2310 salubri-

166 2334 206 2357 ter
221 2329 317 2363 cuique
329 2333 542 2356 consenlaneam
556 2336 605 2363 pro
632 2329 732 2356 merito
755 2328 892 2364 cujusque
915 2335 955 2356 re-

164 2383 224 2402 rum
237 2375 391 2402 divinarum
422 2374 518 2402 tribuit
544 2374 798 2409 participationem,
823 2379 851 2402 et
875 2374 953 2410 juxta

164 2425 273 2456 captum
286 2422 449 2455 modumque
471 2420 642 2455 singulorum
660 2427 709 2448 suo
729 2426 850 2455 tempore
861 2425 954 2448 sancte

165 2467 304 2496 concedit.
325 2468 363 2494 Ac
377 2471 531 2502 postremus
543 2467 652 2501 quidem
667 2466 734 2494 ordo
748 2467 954 2494 catechumenis

164 2515 284 2542 tributus
301 2519 354 2546 est,
370 2513 441 2547 quod
459 2517 571 2540 exortes
582 2513 637 2540 sint
647 2517 675 2540 et
689 2513 776 2548 ignari
792 2513 881 2540 omnis
894 2513 953 2541 hie-

165 2560 297 2588 rarchicaa
315 2559 502 2595 perfectionis,
517 2566 608 2594 neque
623 2559 687 2586 dum
703 2565 752 2593 per
762 2558 882 2586 divinam
905 2567 953 2586 na-

167 2606 299 2634 tivitatem
317 2605 438 2633 divinum
450 2609 549 2633 statum
566 2604 699 2637 assecuti,
723 2605 844 2638 paternis
861 2604 952 2633 adhuc

1004 1774 1120 1801 τελετῶν
1132 1773 1192 1800 οὐδὲ
1211 1773 1260 1805 τὰς
1283 1773 1390 1805 εἰκόνας
1414 1772 1523 1809 ὁρῶσιν,
1539 1772 1652 1803 ἀναιδῶς
1673 1773 1791 1799 ἀπειπά-

1006 1828 1081 1854 μενοι
1095 1819 1144 1855 τὴν
1159 1818 1316 1854 σοπηριώδη
1329 1819 1379 1854 τῆς
1395 1818 1563 1852 θεογενεοίας
1574 1819 1597 1835 ’⁸
1621 1818 1730 1853 μύησιν,
1744 1819 1794 1845 καὶ

1004 1867 1060 1898 τοῖς
1073 1866 1173 1900 λογίοις
1200 1865 1330 1901 ὀλεθρίως
1353 1864 1594 1900 ἀντιφθεγξάμενοι
1609 1865 1655 1891 τό·
1688 1865 1792 1898 ὀὃούς

1005 1919 1062 1938 σου
1076 1911 1187 1938 ειδέναι
1203 1911 1238 1938 οὺ
1250 1911 1410 1945 βούλομαι.
1424 1910 1493 1942 Τοὺς
1514 1910 1543 1936 δὲ
1562 1911 1790 1946 κατηχουμὲνους,

1005 1957 1217 1993 ἐνεργουμένους
1228 1965 1269 1989 τε,
1284 1957 1331 1982 καὶ
1351 1956 1414 1988 τοὺς
1426 1957 1455 1983 ὲν
1467 1957 1594 1993 μετανοίᾳ
1615 1957 1703 1990 ὂντας,
1717 1958 1731 1984 ὁ
1741 1958 1792 1993 τῆς

1004 2004 1084 2038 ἁγίας
1107 2004 1247 2040 ἱεραρχίιις
1269 2002 1368 2038 θεσμὸς
1390 2003 1482 2039 ἐφίησι
1507 2004 1555 2039 μὲν
1568 2004 1718 2031 ἐπακοῦσαι
1740 2004 1792 2040 τῆς

1004 2050 1145 2086 ψαλμικῆς
1159 2051 1319 2087 ἱερολογίας,
1348 2052 1396 2078 καὶ
1411 2051 1461 2086 τῆς
1484 2050 1574 2077 ἐνθέου
1589 2050 1643 2078 τῶν
1655 2051 1792 2086 πανιέρων

1005 2095 1121 2132 Γραφῶν
1135 2097 1314 2131 ἀναγνώσεως
1323 2106 1329 2112 ”
1343 2098 1384 2129 είς
1395 2098 1423 2124 δὲ
1436 2097 1485 2129 τὰς
1496 2097 1559 2133 ἑξῆς
1579 2097 1732 2133 ἱερουργίας
1743 2098 1792 2124 καὶ

1005 2141 1121 2177 θεωρίας
1147 2143 1170 2158 ⁹⁹
1197 2141 1227 2168 οὐ
1244 2142 1417 2176 συγκαλεῖται
1433 2142 1553 2173 τούτους,
1577 2140 1645 2167 ἀλλά
1666 2141 1728 2172 τοὺς
1750 2149 1792 2166 τε-

1004 2187 1093 2219 λείους
1118 2187 1172 2214 τῶν
1197 2187 1392 2223 τελεσιουργῶν
1418 2186 1581 2222 ὀφθαλμούς.
1609 2187 1686 2213 Ἔστι
1707 2185 1790 2221 γὰρὴ

1005 2233 1123 2269 θεοειδὴς
1131 2234 1256 2270 ίεραρχία
1266 2234 1438 2270 δικαιοσύνης
1453 2234 1528 2269 ἱερᾶς
1537 2233 1686 2266 ἀνάπλεως,
1701 2233 1747 2259 καὶ
1760 2233 1792 2259 τὸ

1005 2281 1063 2307 κατ’
1076 2280 1153 2312 ἀξίαν
1165 2281 1272 2316 ἑκάστῳ
1284 2281 1424 2316 σωτηρίως
1449 2281 1579 2316 ἀπονέμει
1602 2280 1651 2315 τὴν
1675 2280 1791 2316 ὲναρμό-
1810 2276 1817 2278 “

1005 2335 1060 2353 νιον
1074 2327 1188 2353 ἑκάστου
1212 2325 1266 2353 τῶν
1293 2325 1372 2353 θείων
1400 2325 1505 2361 μέθεξιν
1527 2326 1554 2351 ὲν
1568 2325 1722 2361 συμμετρίᾳ.
1743 2327 1791 2352 καὶ

1005 2372 1135 2408 ἀναλογίᾳ
1150 2373 1220 2400 κατὰ
1235 2372 1329 2408 καιρὸν
1346 2372 1426 2408 ίερῶς
1434 2372 1601 2408 δωρουμένη.
1632 2373 1663 2399 Ἡ
1676 2374 1724 2408 μὲν
1743 2371 1790 2400 οὖν

1006 2420 1106 2455 ἐσχάτη
1117 2421 1174 2451 τοῖς
1187 2419 1401 2455 κατηχουμένοις
1418 2419 1619 2455 ἀπονενέμηται
1633 2419 1720 2451 τάξις
1735 2420 1791 2446 είσὶ

1005 2466 1060 2503 γὰρ
1084 2466 1229 2502 ἀμέθεκτοι
1247 2467 1280 2482 ¹⁰⁰
1307 2466 1353 2492 καὶ
1374 2465 1491 2501 ἀμύητοι
1515 2465 1613 2497 παντὸς
1632 2466 1789 2501 ἱεραρχικοῦ

1003 2513 1190 2548 τελεστηρίου,
1205 2512 1271 2548 μηδὲ
1285 2512 1335 2549 τὴν
1346 2512 1417 2539 κατὰ
1441 2511 1515 2539 θείαν
1541 2511 1666 2544 ἀπότεξιν
1679 2512 1790 2539 ¹”ἔν9εον

1004 2559 1149 2595 ἐσχηκότες
1162 2557 1287 2594 ὓπαρξιν,
1315 2557 1371 2584 ἀλλ’
1385 2557 1424 2584 ἔτι
1446 2557 1514 2593 πρὸς
1527 2557 1580 2584 τῶν
1593 2557 1732 2592 πατρικῶν
1749 2557 1790 2583 λο-

1005 2605 1071 2638 γίων
1089 2604 1272 2640 μαιευόμενοι,
1293 2603 1339 2630 καὶ
1363 2602 1504 2635 ζωοποιοῖς
1530 2602 1693 2639 μορφώμασι
1708 2602 1788 2629 ¹δια-

806 2724 924 2754 VARIE
944 2725 1146 2754 LEGTIONES.

202 2802 225 2817 ”
237 2802 362 2838 φυσικάς,
379 2801 413 2838 9.,
474 2801 523 2838 CVII.
537 2802 584 2838 "’7‘
597 2801 681 2838 χώρᾳ,
695 2803 730 2830 Μ.
755 2803 802 2831 Sc.

853 2806 876 2821 ⁸³
890 2804 1075 2843 ἀτιιιγρρφιιυί,Δ
1136 2802 1181 2843 sc.
1195 2802 1391 2843 professarum.
1421 2802 1614 2843 κβμπνευσιν,
1629 2802 1739 2843 στὶιιεὶι)1
1749 2802 1786 2830 Μ.

169 2837 294 2876 ᾖαη-δπ.
315 2837 392 2876 ’ζειν
405 2836 474 2876 ἑνός,
491 2837 518 2863 I’.
535 2837 557 2852 ³⁸
571 2836 773 2876 θεογονίας,;Μ;
788 2840 810 2855 ⁹⁰
824 2836 977 2876 θεουργίαξ,
991 2836 1021 2868 D.
1043 2840 1076 2856 ¹⁰⁰
1090 2839 1120 2867 Ρ.
1133 2836 1225 2867 subdit
1239 2838 1348 2869 πάντες.
1375 2838 1382 2854 ³
1397 2838 1455 2864 κατ’
1469 2836 1556 2871 ἀξίαν,
1570 2838 1614 2870 l’.;
1628 2837 1786 2872 ἀπόδειξιν,

169 2871 202 2898 Μ.
221 2873 294 2900 Scot.
340 2873 349 2888 ³
364 2873 402 2898 ἔτι
413 2872 515 2904 ὁποίοις
530 2873 694 2908 μορφώσεσι,
709 2873 742 2902 Μ.
757 2874 802 2903 Sc.
