1931 3073
150 120 211 154 ’835

663 130 706 158 DE
724 131 862 160 ECCLES.
880 132 1076 168 lllERARCIl.,
1093 135 1169 166 CAP.
1188 137 1222 165 lll

1715 143 1767 172 454

154 185 332 221 πλαττόμενοι
347 185 414 222 πρὸς
431 186 479 222 τὴν
493 186 524 213 ὲκ
547 186 717 221 θεογενεσίας
735 188 868 224 ἀρχίζωον
891 199 912 216 κι

962 191 1102 226 teloquiis
1116 194 1268 226 foveantur,
1297 195 1465 231 vivitisisque
1480 197 1575 226 formis
1596 199 1630 226 ad
1657 199 1765 227 beatum

152 231 306 267 ἀρχίφωτον
333 233 379 259 καὶ
412 233 547 268 μακαρίαν
569 235 752 270 προσαγωγήν
785 235 805 261 ³.
831 236 935 272 Ὥσπερ

150 275 209 308 οὖν,
222 279 246 304 εἰ
258 278 386 304 ἀτέλεστα
398 278 445 305 καὶ
468 278 616 314 ἀμόρφωτα
638 272 801 315 προέκπέσοι
814 280 848 306 τὰ
866 280 935 308 κατὰ

151 326 240 360 σάρκα
255 325 339 361 βρέφη
360 324 409 359 τῆς
428 323 530 356 οἰκείας
546 325 705 360 μαιεύσεως,
727 326 764 357 ὡς
785 326 935 363 ἀμϐλωθρι-

148 371 193 398 ὂια
205 371 252 398 καὶ
277 371 451 407 ἐκτρώματα,
476 371 526 407 τὴν
549 371 693 406 ἀγέννητον
716 372 762 398 καὶ
790 372 875 404 ἂζωον
887 374 933 399 καὶ

146 417 297 452 ἀφώτιστον
309 417 355 444 ὲπ)⁸
369 418 421 452 γῆς
445 418 601 444 ἀπόπτωσιν
616 417 681 450 ἕξει,
710 418 756 445 καὶ
768 418 816 445 οὐκ
835 418 867 445 ἄν
889 426 932 450 τις

145 462 284 498 εὐφρονῶν
299 462 380 495 εἴποι,
397 464 465 498 πρὸς
478 462 507 489 τὸ
523 463 681 498 φαινόμενον
699 463 872 495 ἀποσκοπῶν,
885 464 931 490 ἐπὶ

144 508 176 534 τὺ
191 508 247 542 φῶς
262 508 331 535 αὐτὰ
353 508 531 545 προαχθῆναι,
547 508 594 535 τοῦ
606 508 675 536 κατὰ
685 509 804 545 γαστέρα
820 509 930 541 σκότους

143 554 334 588 ἀπαλλαγέντα
343 563 349 570 ·
365 555 441 590 (φαίη
453 554 506 591 γὰρ
526 554 560 581 ἂν
572 555 589 590 ὴ
600 554 654 581 τῶν
672 555 805 590 σωμάτων
819 555 929 591 ἐπιστη-

144 599 242 635 μονικὴ
257 599 403 635 προστάτις
426 599 543 635 ἰατρικὴ,
557 600 587 626 τὸ
600 599 657 634 φῶς
679 599 800 635 ἐνεργεῖν
812 599 822 615 ⁸
835 600 874 632 εἰς
894 599 929 626 τὰ

141 644 255 671 δεκτικὰ
265 645 311 671 τοῦ
326 644 450 681 φωτόςι)
474 645 545 671 οὕτω
572 645 618 672 καὶ
634 645 687 671 τῶν
703 644 783 680 ἱερῶν
797 646 812 680 ἡ
827 644 926 672 πάνσο-

141 699 192 725 φος
204 691 341 726 ἐπιστήμη
369 691 464 726 πρῶτα
489 691 537 727 μὲν
558 691 657 723 αὐτοὺς
669 692 702 727 τῇ
719 691 773 718 τῶν
790 700 926 728 μορφωτι-

140 737 198 762 κῶν
211 737 256 762 καὶ
269 735 409 768 ζωοποιῶν
419 737 516 771 λογίων
530 738 696 773 είσαγωγικῇ
716 739 802 773 τροφῇ
818 737 926 773 μαιεύε-

139 791 185 808 ται
195 802 202 814 ,
216 782 437 819 τελεσφορήσασα
451 784 479 810 δὲ
491 784 540 819 τὴν
561 784 628 819 πρὸς
654 783 823 818 θεογενεσίαν
836 783 925 810 αὐτῶν

139 828 298 860 ὑπόστασιν,
324 829 444 855 ἐνδίδωσι
469 830 608 865 σωτηρίως
621 830 712 861 αὐτοῖς
736 829 765 857 ὲν
785 829 860 862 τάξει
875 830 924 865 τὴν

987 239 1072 271 illum,
1087 240 1132 274 qui
1148 247 1181 267 ex
1192 240 1282 267 divina
1294 243 1471 276 generatione
1492 245 1686 279 proﬁciscitur,
1702 247 1766 274 vitae

984 285 1106 320 lucisque
1121 287 1270 321 principem
1283 295 1455 323 progressum
1470 290 1764 326 elTormentur.Quem-

984 331 1126 359 admodum
1152 332 1242 367 itaque
1266 333 1389 361 carnales
1410 335 1498 366 liberi.
1515 338 1538 364 si
1561 338 1713 373 imperfecti
1736 344 1764 367 et

984 377 1124 410 informes,
1142 378 1301 406 obstetricis
1320 387 1386 407 cura
1419 381 1554 416 destituti,
1570 387 1631 410 ante
1659 389 1765 419 tempus

981 423 1118 456 excidant,
1133 428 1164 451 ut
1178 424 1295 453 abortivi
1313 431 1341 453 et
1352 427 1475 460 abortus,
1492 428 1640 457 nativitatis
1653 437 1685 456 ac
1699 430 1762 457 vita:

981 469 1103 504 lucisque
1119 475 1255 498 exsortem
1271 470 1296 498 in
1312 475 1412 498 terram
1429 473 1532 507 lapsum
1545 473 1662 501 habituri
1678 479 1759 502 sunt:

979 522 1067 550 neque
1080 515 1222 551 quisquam
1250 518 1296 552 qui
1324 523 1399 546 recte
1420 517 1556 553 iudicabit
1580 519 1607 547 id
1623 520 1694 555 quod
1715 527 1761 555 ap-

977 566 1057 597 paret
1069 563 1208 596 intuendo,
1229 564 1328 593 dixerit
1343 565 1370 591 in
1393 564 1480 593 lucem
1498 566 1571 601 ipsos
1586 573 1646 595 esse
1661 567 1759 600 editos,

978 607 1049 641 quod
1063 608 1116 635 sint
1130 609 1164 637 ab
1180 609 1233 636 alvi
1249 610 1369 638 tenebris
1384 611 1491 638 liberati
1513 611 1594 647 (dicet
1615 612 1686 640 enim
1703 621 1760 640 me-

977 651 1076 686 dicina,
1098 654 1184 688 perita
1200 662 1345 690 corporum
1358 663 1470 691 praeses,
1495 656 1583 684 lucem
1603 657 1656 684 vim
1680 665 1758 685 suam

975 704 1086 733 egerere
1099 700 1125 726 in
1138 700 1183 727 illa
1199 708 1258 735 quae
1272 701 1341 729 lucis
1366 706 1429 729 sunt
1454 703 1577 739 capacia)
1591 711 1598 736 ;
1613 703 1652 730 sic
1665 711 1759 731 sacro-

975 752 1035 772 rum
1056 746 1164 780 sapiens
1180 746 1321 781 disciplina
1347 748 1464 782 primum
1492 749 1600 783 quidem
1625 741 1698 785 ipsos
1716 751 1757 778 in-

975 790 1145 818 troductorio
1160 790 1296 819 formandi
1313 796 1339 820 et
1351 793 1508 821 vivilicandi
1522 794 1576 822 vim
1593 795 1756 822 habentium

973 834 1144 870 eloquiorum
1158 836 1220 864 cibo
1234 837 1316 870 fovet,
1340 837 1386 865 ubi
1409 846 1474 866 vero
1490 844 1590 867 statum
1606 847 1700 868 eorum
1713 841 1755 868 di-

138 874 207 908 πρὸς
231 873 266 900 τὰ
290 874 420 909 φωτοειδῆ
444 875 490 901 καὶ
510 874 714 910 τελεσιουργικὰ
735 875 745 891 ⁸
765 875 905 902 κοινωνίαν

975 881 1043 908 vina:
1055 882 1252 916 regeneratioui
1279 887 1370 917 aptum
1394 884 1548 917 absolverit,
1568 890 1622 912 tum
1645 887 1754 914 demum

136 920 185 946 νῦν
197 920 224 946 δὲ
235 920 272 952 ὡς
286 920 436 947 ἀτελέστων
459 920 659 947 ἀποδιαστέλλει
670 921 704 948 τὰ
714 921 813 955 τέλεια,
827 922 876 957 τῆς
891 931 920 949 τε

135 966 283 1001 εὐκοσμίας
307 965 360 993 τῶν
381 966 461 1002 ἱερῶν
483 967 706 1003 προμηθουμένη,
723 968 769 994 καὶ
792 968 843 1003 τῆς
866 968 920 995 τῶν

136 1011 346 1046 κατηχουμένων
370 1011 399 1037 ὲν
425 1011 535 1038 θεοειδεῖ
563 1011 616 1038 τῶν
653 1012 815 1048 ῑεραρχικῶν
844 1013 918 1047 τάξει

133 1057 288 1090 μαιεύσεως
300 1058 346 1084 καὶ
360 1057 440 1092 ζωῆς.

975 929 1009 955 iis
1022 927 1166 955 salubriter
1180 929 1276 956 ordine
1291 929 1417 956 concedit
1429 937 1519 957 rerum
1532 930 1714 958 lucil‘ormium
1726 936 1754 958 et

974 972 1174 1007 perﬁcientium
1197 974 1575 1009 communicationem;nunc
1590 984 1654 1003 vero
1678 977 1753 1004 velut

972 1019 1007 1046 ab
1023 1019 1189 1053 imperfectis
1205 1020 1325 1054 perlecta
1346 1022 1477 1054 secernit,
1505 1029 1565 1049 cum
1585 1023 1690 1050 decoris
1705 1030 1751 1050 sa-

970 1073 1089 1100 crorum,
1109 1071 1164 1093 tum
1179 1068 1438 1095 catechumenorum
1457 1069 1629 1096 educationis
1641 1077 1673 1097 ac
1689 1069 1751 1097 vitae

969 1120 1062 1140 curam
1077 1120 1185 1148 gerens,
1200 1113 1279 1148 juxta
1295 1113 1454 1141 deiiormem
1469 1114 1573 1142 ordinis
1587 1115 1750 1142 hierarchici

967 1158 1184 1186 constitutionem
1189 1179 1196 1186 .

885 1237 900 1274 ἒ
915 1239 983 1270 VII.

171 1318 204 1344 'H
217 1318 245 1345 δὲ
255 1319 310 1346 τῶν
334 1319 534 1355 ἐνεργουμένων
556 1320 660 1356 πληθὺς
681 1320 787 1357 ἀνίερον
809 1321 857 1356 μὲν
870 1321 916 1348 καὶ
930 1341 952 1351 μ.

128 1364 210 1400 αὕτη,
222 1364 335 1400 δευτέρα
346 1364 375 1391 δὲ
386 1365 454 1402 πρὸς
468 1366 498 1392 τὸ
511 1366 566 1393 ἅνω
577 1366 627 1401 τῆς
638 1366 692 1393 τῶν
705 1367 916 1403 κατηχουμένων

126 1411 202 1437 ἐστὶν
214 1411 351 1446 ἐσχατιᾶς.
366 1411 433 1438 Οὐδὲ
446 1412 500 1448 γὰρ
513 1412 581 1443 ἴσον,
600 1413 638 1445 ὡς
654 1411 741 1448 οἶμαι,
757 1413 804 1439 τοῦ
818 1422 915 1440 παντε-

125 1455 181 1487 Αῶς
192 1456 314 1491 ἀμυήτου
327 1457 373 1483 καὶ
393 1457 446 1483 τῶν
460 1457 538 1484 θείων
559 1457 672 1485 τελετῶν
689 1458 781 1494 ἄκρως
802 1459 913 1486 ἀκοινω-

124 1501 207 1535 νήτου
218 1501 248 1527 τὸ
263 1501 408 1536 μετουσίαν
422 1502 482 1528 τινὰ
493 1503 547 1529 τῶν
572 1503 724 1539 ίερωτάτων
738 1504 853 1540 ὲσχηκὸς
866 1514 912 1531 τε·

123 1545 284 1582 λεστηρὶων,
298 1547 338 1573 ἔτι
359 1547 387 1574 δὲ
408 1549 466 1580 ταῖς
489 1549 649 1585 ἐναντίαιςῆ
664 1549 782 1583 θέλξεσιν
798 1550 814 1585 ἢ
828 1559 909 1587 ταρα-

999 1320 1084 1348 Porro
1099 1328 1344 1356 energumenorum
1367 1323 1444 1351 turba
1472 1323 1613 1352 immunda
1638 1325 1746 1360 quidem

963 1371 1003 1394 est
1015 1371 1043 1394 et
1054 1367 1122 1401 ipsa,
1139 1372 1324 1395 verumtamen
1342 1369 1490 1396 secundum
1520 1370 1607 1397 locum
1621 1371 1745 1404 superio-

962 1420 1019 1440 rem
1034 1420 1049 1440 a
1073 1414 1329 1441 catechumenorum
1361 1416 1535 1443 extremitate
1558 1417 1672 1444 obtinet.
1694 1416 1745 1445 Ne—

960 1466 1012 1494 que
1025 1460 1097 1487 enim
1111 1459 1218 1495 penitus
1229 1460 1356 1495 profano,
1368 1461 1576 1497 divinorumque
1587 1470 1745 1491 sacramen-

962 1510 1051 1534 torum
1070 1514 1183 1542 prorsus
1210 1507 1298 1534 exorti
1321 1515 1369 1542 par
1389 1512 1416 1536 et
1440 1509 1542 1542 mquale
1569 1509 1692 1536 duxerim
1716 1509 1743 1536 id

961 1551 1039 1586 192
1055 1551 1126 1586 quod
1140 1551 1167 1579 in
1182 1551 1302 1586 aliquam
1315 1553 1562 1580 sacratissimorum
1579 1561 1741 1581 sacramen-

122 1593 186 1627 χαῖς
196 1593 384 1628 ὲνεσχημένον,
400 1593 466 1620 ἀλλὰ
480 1595 526 1621 καὶ
541 1595 608 1630 πρὸς
623 1596 720 1628 αὐτοὺς
737 1597 753 1631 ἡ
776 1596 830 1623 τῶν
841 1606 910 1624 παν-

962 1601 1048 1624 torutn
1064 1600 1167 1631 partem
1182 1597 1266 1628 venit,
1290 1597 1397 1624 tametsi
1423 1598 1569 1625 contrariis
1594 1598 1741 1625 etiamnum

122 1642 203 1677 ιέρων
226 1643 273 1670 θέα
296 1644 341 1670 καὶ
353 1644 478 1671 κοινωνία
493 1645 503 1660 ⁸
524 1645 704 1679 συστέλλεται,
723 1647 770 1674 καὶ
783 1647 853 1684 μάλα
874 1657 906 1682 γε

121 1686 243 1718 εἰκότως.
266 1687 298 1713 Εἰ
323 1687 378 1723 γάρ
400 1688 474 1714 ἐστιν
489 1687 596 1724 ἀληθὲς,
614 1689 653 1721 ὡς
671 1690 685 1716 ὁ
708 1690 822 1717 καθόλου
835 1691 906 1723 θεῖος

120 1730 202 1766 ἀνὴρ,
226 1732 241 1758 ὁ
265 1733 319 1760 τῶν
334 1732 415 1759 θείων
432 1733 506 1766 ἄξιος
530 1735 667 1768 κοινωνὸς,
691 1736 706 1761 ὸ
730 1736 798 1772 πρὸς
815 1737 905 1763 τὸτοῦ

120 1776 181 1801 κατ’
193 1776 272 1804 αὐτὸν
287 1776 419 1809 θεοειδοῦς
428 1777 510 1813 ἄκρον
522 1779 550 1805 ὲν
564 1779 706 1806 παντελέσι
718 1781 765 1807 καὶ
776 1780 906 1807 τελειωτι-

119 1821 182 1852 atat;
200 1820 326 1848 θεώσεσιν
342 1823 503 1858 ἀνηγμένος,
516 1824 577 1851 οὐδὲ
597 1824 632 1851 τὰ
652 1825 751 1861 σαρκὸς
764 1827 904 1862 ἐνεργήσει

119 1867 196 1902 παρὰ
214 1867 263 1903 τὴν
285 1869 355 1895 κατὰ
383 1870 462 1904 φύσιν
486 1871 697 1907 ἀναγκαιότητα,
722 1872 770 1899 καὶ
789 1872 867 1899 τοῦτο
879 1874 903 1899 ει

115 1912 194 1948 τύχοι
208 1914 363 1949 παρέργως,
381 1916 443 1947 ναὸς
453 1916 481 1943 δὲ
494 1916 552 1952 ἅμα
563 1918 609 1944 καὶ
632 1918 730 1950 ὁπαδὸς
753 1919 782 1944 ὲν
795 1919 827 1954 τῇ
841 1919 902 1946 κατ’

116 1957 198 1984 αὑτὸν
220 1959 355 1995 ἀκροτάτῃ
379 1960 474 1989 θεώσει
501 1962 548 1989 τοῦ
570 1963 714 2000 θεαρχικοῦ
747 1965 902 2001 Πνεύματος

115 2002 203 2035 ἔσται,
217 2005 255 2040 τῷ
268 2007 352 2041 ὁμοίῳ
364 2007 395 2032 τὸ
407 2007 498 2042 ὅμοιον
518 2009 647 2046 ἐνιδρύων
657 2019 664 2025 ·
683 2011 733 2038 οὐκ
748 2011 781 2038 ἂν
791 2013 804 2038 ὁ
815 2011 902 2038 τοιοῦ-

115 2049 161 2081 τός
172 2058 236 2077 ποτε
249 2052 316 2087 πρὸς
328 2053 381 2079 τῶν
394 2054 522 2082 ἐναντίων
542 2055 701 2092 ὲνεργηθείη
717 2058 870 2091 φαντασιῶν
883 2057 899 2094 ἢ

113 2094 257 2130 δειμάτων,
270 2097 411 2131 γελάσεται
424 2099 453 2126 δὲ
467 2100 546 2134 αὐτὰ,
561 2102 608 2128 καὶ
622 2102 768 2137 προσιόντα
782 2112 900 2130 καταπα-

114 2138 212 2172 λαίσει,
226 2142 272 2168 καὶ
284 2143 450 2177 ἐκδιώξεται,
474 2146 521 2172 καὶ
549 2147 643 2182 δράσει
657 2148 755 2183 μᾶλλον
769 2149 785 2184 ἢ
809 2150 899 2176 πείσε-

112 2194 168 2218 ται,
182 2188 228 2214 καὶ
255 2189 321 2224 πρὸς
344 2190 383 2226 τῷ
403 2191 412 2205 τ
430 2191 480 2227 τῆς
503 2193 605 2224 οἰκείας
629 2193 711 2226 ἕξεως
740 2195 840 2221 ἀπαθεῖ
852 2196 898 2222 καὶ

111 2231 243 2268 ἀνενδότῳ
256 2235 302 2260 καὶ
314 2236 417 2271 ἑτέροις
432 2237 522 2273 ἰατρὸς
544 2238 690 2274 ὀφθήσεται
707 2240 761 2267 τῶν
772 2241 897 2268 τοιούτων

957 1641 1094 1669 illecebris
1132 1643 1418 1676 perturbatiorrlbusve
1458 1643 1628 1678 implicetur;
1659 1651 1742 1678 quan-

956 1695 1038 1723 quam
1052 1689 1133 1715 etiam
1150 1689 1217 1723 ipsis
1229 1697 1320 1716 rerutn
1346 1691 1595 1717 sacratissimarum
1614 1697 1741 1725 aspectus

955 1734 1163 1769 mmmuuioque
1173 1734 1356 1768 subtrahitur,
1374 1739 1402 1763 et
1413 1736 1521 1770 quidem
1551 1736 1613 1771 jure
1629 1737 1736 1764 merito.

954 1779 1022 1807 Nam
1037 1780 1061 1808 si
1076 1788 1170 1808 verum
1199 1780 1235 1808 sit
1262 1781 1382 1809 divinum
1407 1790 1517 1816 prorsus
1531 1783 1618 1810 virum
1633 1783 1737 1810 divino-

954 1833 1013 1852 rum
1026 1827 1218 1854 communione
1246 1827 1366 1862 dignum,
1383 1835 1431 1862 pro
1446 1836 1495 1855 suo
1508 1828 1615 1855 modulo
1630 1829 1664 1855 ad
1680 1829 1736 1855 dei-

954 1870 1099 1899 formitatis
1110 1873 1244 1908 fastigium
1253 1873 1457 1908 perl‘ectissimis
1468 1875 1735 1909 perfectivisquedei—

954 1916 1128 1945 ﬁcatiouibus
1142 1913 1274 1951 evectum,
1294 1926 1324 1946 ea
1338 1927 1398 1953 qua:
1425 1920 1514 1947 carnis
1538 1926 1601 1947 sunt
1625 1921 1737 1947 minime

953 1968 1109 1990 curaturum
1125 1964 1194 1991 citra
1210 1969 1312 1991 natura:
1325 1965 1529 1998 necessitatem,
1554 1966 1645 2000 idque,
1656 1973 1736 2000 prout

951 2016 1018 2037 usus
1036 2009 1099 2043 fert,
1114 2010 1211 2042 obiter,
1228 2011 1274 2038 sed
1290 2010 1317 2037 in
1334 2011 1530 2038 sublimissima
1549 2011 1594 2038 illa
1607 2020 1667 2046 qua:
1682 2013 1733 2046 ipsi

951 2055 1082 2090 competit
1109 2055 1281 2083 deiﬁcatione
1306 2057 1434 2092 templutn
1452 2058 1532 2086 simul
1550 2057 1665 2093 Spiritus
1685 2058 1733 2085 Dui

949 2102 1110 2137 principalis
1130 2107 1348 2138 sectatoremque
1373 2104 1505 2138 futurum,
1526 2107 1590 2133 dum
1605 2106 1693 2134 simile
1706 2107 1731 2132 iu

949 2148 1031 2176 simili
1046 2149 1142 2176 fundat
1170 2149 1359 2185 collocatque:
1387 2151 1508 2186 profecto
1538 2153 1664 2188 quisquis
1689 2158 1731 2180 est

948 2196 1091 2230 ejusmodi,
1102 2197 1248 2224 contrariis
1262 2205 1399 2232 nunquam
1423 2198 1662 2233 imaginationibus
1677 2204 1730 2226 ter-

951 2242 1112 2276 roribusque
1124 2243 1279 2276 vexabitur,
1296 2250 1389 2271 verum
1421 2244 1545 2272 irridebit
1571 2252 1629 2278 eos,
1648 2252 1728 2272 accc-

110 2276 313 2326 ἐνεργημάτων.
338 2279 420 2316 Οἶμαι
445 2282 474 2309 δὲ
487 2282 542 2317 ἐγὼ
557 2283 622 2318 πρὸς
640 2284 736 2320 τούτῳ,
755 2286 852 2320 μᾶλλον
865 2286 893 2313 δὲ

962 2287 1095 2322 ientesque
1110 2287 1265 2324 proﬂigabit
1279 2297 1311 2316 ac
1325 2296 1512 2325 persequetur,
1530 2296 1644 2326 agatque
1674 2300 1729 2319 ma—

109 2321 170 2350 οἶδα
185 2325 287 2359 σαφῶς,
301 2327 338 2359 ὼς
350 2328 366 2362 ἡ
379 2328 432 2354 τῶν
460 2329 622 2365 ἰεραρχικῶν
637 2331 647 2346 ⁸
661 2332 827 2368 ἀμιγεστάτη
841 2333 894 2360 διά-

110 2377 200 2404 κρισις
212 2371 264 2406 πρὸ
275 2372 376 2399 τούτων
391 2372 459 2400 οἶδεν
486 2375 697 2411 ὲνεργουμένους
712 2378 893 2414 ἐναγεστάτην

108 2415 258 2450 ἐνέργειαν,
273 2417 339 2452 ὅσοι,
351 2419 401 2454 τῆς
414 2419 545 2453 θεοειδοῦς
558 2423 724 2455 ἀποστάντες
736 2422 817 2459 ζωῆς,
833 2424 894 2459 ὁμό-

108 2460 205 2496 φρονές
220 2470 248 2487 τε
261 2463 307 2488 καὶ
320 2464 468 2499 ὁμότροποι
480 2468 535 2498 τοῖς
546 2466 676 2503 ὀλεθρίοις
689 2468 825 2502 γίγνονται
836 2469 893 2495 δαί-

108 2514 181 2540 μοσι,
199 2506 233 2533 τὰ
246 2508 294 2542 μὲν
307 2508 389 2542 ὅντως
403 2510 476 2543 ὄντα,
491 2512 537 2538 καὶ
561 2512 701 2545 ἀθανάτως
722 2514 818 2549 κτητὰ,
844 2516 891 2541 καὶ

106 2549 223 2582 αἰωνίως
251 2550 325 2586 ἡδέα,
359 2553 392 2580 δι’
417 2555 533 2591 ἐσχάτην
560 2557 606 2583 καὶ
635 2557 741 2590 ἑαυτοῖς
770 2558 889 2594 ὀλέθριον

105 2595 232 2632 ἁνοησίαν
248 2598 495 2636 ἀποστρεφόμενοι·
516 2601 564 2638 τὴν
594 2603 726 2638 πρόσυλον
739 2603 767 2630 δὲ
785 2605 830 2631 καὶ
841 2614 889 2632 πο-

105 2640 308 2679 λυπαοεστάτην
333 2645 489 2679 ἀλλοίωσιν,
518 2648 566 2674 καὶ
588 2647 637 2680 τὰς
670 2649 818 2685 ὀλλυμένας
841 2652 887 2678 καὶ

945 2331 986 2365 gis
1002 2340 1083 2367 quam
1096 2334 1224 2368 patietur,
1241 2338 1268 2361 et
1291 2342 1340 2368 pro
1367 2335 1479 2363 alfectus
1494 2337 1535 2363 sui
1553 2337 1727 2372 impassibili-

946 2381 1001 2404 tate
1013 2383 1094 2413 atque
1107 2381 1262 2407 constantia
1273 2380 1334 2408 aliis
1347 2389 1453 2416 quoque
1464 2383 1594 2410 similium
1607 2385 1727 2411 vexatio-

944 2430 1008 2449 uutn
1025 2424 1158 2451 medicum
1189 2433 1218 2452 se
1247 2426 1389 2460 prmbebit.
1401 2427 1533 2455 Caeterum:
1547 2429 1654 2464 opinor,
1671 2430 1725 2456 imo

944 2476 1010 2495 vero
1022 2476 1192 2504 compertum
1220 2472 1318 2506 habeo,
1341 2474 1555 2502 sincerissimum
1583 2483 1722 2503 sacrorum

944 2515 1069 2543 ordinum
1090 2516 1223 2550 judicium
1239 2526 1362 2552 censere,
1389 2528 1444 2556 prae
1465 2522 1524 2550 istis
1539 2523 1722 2552 detestabilis-

942 2560 1010 2588 sima
1023 2562 1163 2590 obsidione
1176 2565 1261 2592 teneri
1273 2572 1331 2598 eos,
1347 2567 1392 2601 qui
1407 2567 1564 2595 deilormem
1579 2570 1662 2597 vitam
1676 2571 1722 2597 de-

940 2612 1071 2639 serentes,
1085 2610 1228 2637 sententiis
1245 2612 1419 2646 moribusque
1448 2614 1559 2648 perditis
1587 2615 1720 2643 daemoni-

939 2653 989 2680 bus
1000 2656 1171 2682 consentiunt
1203 2657 1266 2683 dum
1279 2665 1311 2685 ea
1322 2653 1428 2693 quidem
1446 2668 1505 2695 quae
1520 2665 1546 2689 et
1567 2669 1631 2690 vere
1645 2669 1717 2693 sunt.

749 2761 866 2789 VARle
886 2762 1083 2791 LECTlO‘NES.

138 2822 147 2835 ⁸
161 2824 325 2866 προαγωγὴν
337 2843 343 2853 ,
358 2824 386 2850 Ρ.
403 2825 431 2851 υ.
447 2826 496 2868 Cll.
511 2827 670 2871 (ξιμγιῳγήνηὶ
677 2829 710 2855 Μ.
724 2829 752 2856 5⁴
768 2829 796 2856 Β.
831 2832 838 2846 ⁵
851 2832 912 2867 ἆνερ

962 2842 1017 2871 τείν,
1046 2835 1095 2871 Cll.
1123 2837 1272 2871 ἐνεργήσει,
1304 2840 1331 2866 S.
1354 2840 1372 2866 li
1409 2842 1468 2868 Sar.

105 2855 204 2890 θεοειδῆ
219 2858 264 2884 καὶ
277 2855 504 2897 τέλεσιουργικήν,
519 2855 612 2891 Μ.”δε’.
625 2855 643 2880 ’⁸
652 2855 716 2891 ’Θεία
730 2855 924 2900 κοινωνία-..δίΙ
935 2855 1017 2896 ST";
1104 2855 1196 2900 τιξῗιδίξ

1515 2845 1523 2857 ⁵
1539 2844 1603 2878 πρὸς
1616 2844 1644 2871 τὸ
1659 2845 1714 2880 ξῶς

1002 2870 1010 2884 ⁷
1027 2869 1091 2905 πρὸς
1104 2871 1144 2903 τό,
1160 2869 1195 2898 ιίιζ
1210 2869 1239 2899 l’.
1258 2884 1266 2899 2
1278 2883 1300 2900 ρ.
1351 2869 1581 2912 ⁵1ὶερῡιρχιῖυνΛιίι.
