  <div class='ocr_page' id='page_1' title='image "/cluster/home/n/w/nwhite01/storage/ocr_20150623/3/njp.32101077772356/267.png"; bbox 0 0 1931 3073; ppageno 0'>
   <div class='ocr_carea' id='block_1_1' title="bbox 163 218 218 251">
    <p class='ocr_par' dir='ltr' id='par_1_1' title="bbox 163 218 218 251">
     <span class='ocr_line' id='line_1_1' title="bbox 163 218 218 251; baseline 0.018 -1"><span class='ocrx_word' id='word_1_1' title='bbox 163 218 218 251; x_wconf 71' lang='grc'><strong>435</strong></span> 
     </span>
    </p>
   </div>
   <div class='ocr_carea' id='block_1_2' title="bbox 722 216 1787 253">
    <p class='ocr_par' dir='ltr' id='par_1_2' title="bbox 722 216 1787 253">
     <span class='ocr_line' id='line_1_2' title="bbox 722 216 1787 253; baseline -0.005 -2"><span class='ocrx_word' id='word_1_2' title='bbox 722 216 725 219; x_wconf 74' lang='grc'><strong>“</strong></span> <span class='ocrx_word' id='word_1_3' title='bbox 750 223 778 251; x_wconf 89' lang='lat' dir='ltr'><strong>s.</strong></span> <span class='ocrx_word' id='word_1_4' title='bbox 796 223 942 251; x_wconf 63' lang='lat' dir='ltr'><strong>mons&quot;</strong></span> <span class='ocrx_word' id='word_1_5' title='bbox 957 222 1188 251; x_wconf 48' lang='lat' dir='ltr'><strong>summoue:</strong></span> <span class='ocrx_word' id='word_1_6' title='bbox 1733 216 1787 253; x_wconf 64' lang='lat' dir='ltr'><strong>tae</strong></span> 
     </span>
    </p>
   </div>
   <div class='ocr_carea' id='block_1_3' title="bbox 163 280 946 319">
    <p class='ocr_par' dir='ltr' id='par_1_3' title="bbox 163 282 946 318">
     <span class='ocr_line' id='line_1_3' title="bbox 163 282 946 318; baseline -0.001 -8"><span class='ocrx_word' id='word_1_7' title='bbox 163 287 190 310; x_wconf 86' lang='lat' dir='ltr'><strong>et</strong></span> <span class='ocrx_word' id='word_1_8' title='bbox 202 282 391 310; x_wconf 87' lang='lat' dir='ltr'><strong>immortaliter</strong></span> <span class='ocrx_word' id='word_1_9' title='bbox 410 283 590 317; x_wconf 79' lang='lat' dir='ltr'><strong>possidentur,</strong></span> <span class='ocrx_word' id='word_1_10' title='bbox 606 289 688 318; x_wconf 84' lang='lat' dir='ltr'><strong>atque</strong></span> <span class='ocrx_word' id='word_1_11' title='bbox 713 284 880 312; x_wconf 76' lang='lat' dir='ltr'><strong>:eternaliter</strong></span> <span class='ocrx_word' id='word_1_12' title='bbox 899 284 946 310; x_wconf 89' lang='lat' dir='ltr'><strong>de-</strong></span> 
     </span>
    </p>
   </div>
   <div class='ocr_carea' id='block_1_4' title="bbox 998 280 1790 319">
    <p class='ocr_par' dir='ltr' id='par_1_4' title="bbox 999 280 1790 319">
     <span class='ocr_line' id='line_1_4' title="bbox 999 280 1790 319; baseline -0.005 -9"><span class='ocrx_word' id='word_1_13' title='bbox 999 283 1175 319; x_wconf 74' lang='grc' dir='ltr'>ῳθοροποιοὺς</span> <span class='ocrx_word' id='word_1_14' title='bbox 1197 282 1302 318; x_wconf 76' lang='grc' dir='ltr'>ἡδονὰς,</span> <span class='ocrx_word' id='word_1_15' title='bbox 1319 282 1364 308; x_wconf 80' lang='grc' dir='ltr'><strong>καὶ</strong></span> <span class='ocrx_word' id='word_1_16' title='bbox 1392 281 1442 318; x_wconf 74' lang='grc' dir='ltr'>τὴν</span> <span class='ocrx_word' id='word_1_17' title='bbox 1466 281 1592 310; x_wconf 76' lang='grc' dir='ltr'>ἀϐέϐαιον</span> <span class='ocrx_word' id='word_1_18' title='bbox 1604 281 1632 308; x_wconf 80' lang='grc' dir='ltr'><strong>ἐν</strong></span> <span class='ocrx_word' id='word_1_19' title='bbox 1645 281 1702 318; x_wconf 73' lang='grc' dir='ltr'>τοῖς</span> <span class='ocrx_word' id='word_1_20' title='bbox 1714 280 1790 308; x_wconf 80' lang='grc' dir='ltr'>ἀλλο-</span> 
     </span>
    </p>
   </div>
   <div class='ocr_carea' id='block_1_5' title="bbox 164 328 950 363">
    <p class='ocr_par' dir='ltr' id='par_1_5' title="bbox 164 328 950 363">
     <span class='ocr_line' id='line_1_5' title="bbox 164 328 950 363; baseline 0 -9"><span class='ocrx_word' id='word_1_21' title='bbox 164 328 276 362; x_wconf 88' lang='lat' dir='ltr'><strong>lectant,</strong></span> <span class='ocrx_word' id='word_1_22' title='bbox 291 336 341 363; x_wconf 93' lang='lat' dir='ltr'><strong>per</strong></span> <span class='ocrx_word' id='word_1_23' title='bbox 351 333 502 355; x_wconf 80' lang='lat' dir='ltr'><strong>extremam</strong></span> <span class='ocrx_word' id='word_1_24' title='bbox 516 328 622 363; x_wconf 88' lang='lat' dir='ltr'><strong>sibique</strong></span> <span class='ocrx_word' id='word_1_25' title='bbox 646 329 826 363; x_wconf 81' lang='lat' dir='ltr'><strong>perniciosam</strong></span> <span class='ocrx_word' id='word_1_26' title='bbox 841 328 950 356; x_wconf 88' lang='lat' dir='ltr'><strong>demen-</strong></span> 
     </span>
    </p>
   </div>
   <div class='ocr_carea' id='block_1_6' title="bbox 164 373 949 408">
    <p class='ocr_par' dir='ltr' id='par_1_6' title="bbox 164 373 949 408">
     <span class='ocr_line' id='line_1_6' title="bbox 164 373 949 408; baseline -0.003 -8"><span class='ocrx_word' id='word_1_27' title='bbox 164 374 228 401; x_wconf 90' lang='lat' dir='ltr'><strong>tiam</strong></span> <span class='ocrx_word' id='word_1_28' title='bbox 242 378 414 405; x_wconf 85' lang='lat' dir='ltr'><strong>aversantur;</strong></span> <span class='ocrx_word' id='word_1_29' title='bbox 428 373 598 401; x_wconf 84' lang='lat' dir='ltr'><strong>materialem</strong></span> <span class='ocrx_word' id='word_1_30' title='bbox 616 381 680 401; x_wconf 91' lang='lat' dir='ltr'><strong>vero</strong></span> <span class='ocrx_word' id='word_1_31' title='bbox 696 374 872 408; x_wconf 76' lang='lat' dir='ltr'><strong>pluribusque</strong></span> <span class='ocrx_word' id='word_1_32' title='bbox 886 379 949 407; x_wconf 86' lang='lat' dir='ltr'><strong>per-</strong></span> 
     </span>
    </p>
   </div>
   <div class='ocr_carea' id='block_1_7' title="bbox 164 419 950 453">
    <p class='ocr_par' dir='ltr' id='par_1_7' title="bbox 164 419 950 453">
     <span class='ocr_line' id='line_1_7' title="bbox 164 419 950 453; baseline 0.001 -8"><span class='ocrx_word' id='word_1_33' title='bbox 164 419 363 446; x_wconf 75' lang='lat' dir='ltr'><strong>turbationibus</strong></span> <span class='ocrx_word' id='word_1_34' title='bbox 386 419 534 447; x_wconf 81' lang='lat' dir='ltr'><strong>obnoxiam</strong></span> <span class='ocrx_word' id='word_1_35' title='bbox 564 419 793 450; x_wconf 86' lang='lat' dir='ltr'><strong>immutationem,</strong></span> <span class='ocrx_word' id='word_1_36' title='bbox 818 419 950 453; x_wconf 83' lang='lat' dir='ltr'><strong>perditas-</strong></span> 
     </span>
    </p>
   </div>
   <div class='ocr_carea' id='block_1_8' title="bbox 163 466 950 501">
    <p class='ocr_par' dir='ltr' id='par_1_8' title="bbox 163 466 950 501">
     <span class='ocr_line' id='line_1_8' title="bbox 163 466 950 501; baseline 0 -10"><span class='ocrx_word' id='word_1_37' title='bbox 163 471 217 498; x_wconf 89' lang='lat' dir='ltr'><strong>qne</strong></span> <span class='ocrx_word' id='word_1_38' title='bbox 229 472 262 492; x_wconf 85' lang='lat' dir='ltr'><strong>ac</strong></span> <span class='ocrx_word' id='word_1_39' title='bbox 275 466 459 500; x_wconf 89' lang='lat' dir='ltr'><strong>corruptrices</strong></span> <span class='ocrx_word' id='word_1_40' title='bbox 473 466 635 501; x_wconf 79' lang='lat' dir='ltr'><strong>voluptates.</strong></span> <span class='ocrx_word' id='word_1_41' title='bbox 649 470 677 493; x_wconf 91' lang='lat' dir='ltr'><strong>et</strong></span> <span class='ocrx_word' id='word_1_42' title='bbox 692 466 859 498; x_wconf 78' lang='lat' dir='ltr'><strong>instabilem,</strong></span> <span class='ocrx_word' id='word_1_43' title='bbox 873 473 950 492; x_wconf 88' lang='lat' dir='ltr'><strong>eam-</strong></span> 
     </span>
    </p>
   </div>
   <div class='ocr_carea' id='block_1_9' title="bbox 162 511 948 546">
    <p class='ocr_par' dir='ltr' id='par_1_9' title="bbox 162 511 948 546">
     <span class='ocr_line' id='line_1_9' title="bbox 162 511 948 546; baseline -0.001 -9"><span class='ocrx_word' id='word_1_44' title='bbox 162 518 216 545; x_wconf 89' lang='lat' dir='ltr'><strong>que</strong></span> <span class='ocrx_word' id='word_1_45' title='bbox 231 511 361 543; x_wconf 84' lang='lat' dir='ltr'><strong>alienam,</strong></span> <span class='ocrx_word' id='word_1_46' title='bbox 374 520 461 546; x_wconf 87' lang='lat' dir='ltr'><strong>neque</strong></span> <span class='ocrx_word' id='word_1_47' title='bbox 487 520 550 539; x_wconf 87' lang='lat' dir='ltr'><strong>vere</strong></span> <span class='ocrx_word' id='word_1_48' title='bbox 564 513 737 544; x_wconf 67' lang='lat' dir='ltr'><strong>eristentem,</strong></span> <span class='ocrx_word' id='word_1_49' title='bbox 754 512 801 539; x_wconf 87' lang='lat' dir='ltr'><strong>sed</strong></span> <span class='ocrx_word' id='word_1_50' title='bbox 816 518 948 545; x_wconf 88' lang='lat' dir='ltr'><strong>apparen-</strong></span> 
     </span>
    </p>
   </div>
   <div class='ocr_carea' id='block_1_10' title="bbox 165 556 949 586">
    <p class='ocr_par' dir='ltr' id='par_1_10' title="bbox 165 556 949 586">
     <span class='ocr_line' id='line_1_10' title="bbox 165 556 949 586; baseline -0.003 -2"><span class='ocrx_word' id='word_1_51' title='bbox 165 562 219 584; x_wconf 89' lang='lat' dir='ltr'><strong>tem</strong></span> <span class='ocrx_word' id='word_1_52' title='bbox 246 557 456 585; x_wconf 85' lang='lat' dir='ltr'><strong>delectationem</strong></span> <span class='ocrx_word' id='word_1_53' title='bbox 483 559 606 586; x_wconf 90' lang='lat' dir='ltr'><strong>ambiunt</strong></span> <span class='ocrx_word' id='word_1_54' title='bbox 639 564 667 586; x_wconf 91' lang='lat' dir='ltr'><strong>et</strong></span> <span class='ocrx_word' id='word_1_55' title='bbox 689 563 889 585; x_wconf 79' lang='lat' dir='ltr'><strong>consectantur.</strong></span> <span class='ocrx_word' id='word_1_56' title='bbox 917 556 949 583; x_wconf 86' lang='lat' dir='ltr'><strong>lli</strong></span> 
     </span>
    </p>
   </div>
   <div class='ocr_carea' id='block_1_11' title="bbox 162 603 948 640">
    <p class='ocr_par' dir='ltr' id='par_1_11' title="bbox 162 603 948 640">
     <span class='ocr_line' id='line_1_11' title="bbox 162 603 948 640; baseline -0.001 -10"><span class='ocrx_word' id='word_1_57' title='bbox 162 611 228 637; x_wconf 78' lang='lat' dir='ltr'><strong>ergo</strong></span> <span class='ocrx_word' id='word_1_58' title='bbox 240 603 333 637; x_wconf 85' lang='lat' dir='ltr'><strong>primi,</strong></span> <span class='ocrx_word' id='word_1_59' title='bbox 349 604 495 638; x_wconf 87' lang='lat' dir='ltr'><strong>etquidem</strong></span> <span class='ocrx_word' id='word_1_60' title='bbox 512 605 598 640; x_wconf 75' lang='lat' dir='ltr'><strong>magis</strong></span> <span class='ocrx_word' id='word_1_61' title='bbox 627 605 735 639; x_wconf 84' lang='lat' dir='ltr'><strong>proprie</strong></span> <span class='ocrx_word' id='word_1_62' title='bbox 747 612 827 638; x_wconf 85' lang='lat' dir='ltr'><strong>quam</strong></span> <span class='ocrx_word' id='word_1_63' title='bbox 842 604 891 636; x_wconf 82' lang='lat' dir='ltr'><strong>illi,</strong></span> <span class='ocrx_word' id='word_1_64' title='bbox 905 610 948 630; x_wconf 89' lang='lat' dir='ltr'><strong>se-</strong></span> 
     </span>
    </p>
   </div>
   <div class='ocr_carea' id='block_1_12' title="bbox 163 647 949 683">
    <p class='ocr_par' dir='ltr' id='par_1_12' title="bbox 163 647 949 683">
     <span class='ocr_line' id='line_1_12' title="bbox 163 647 949 683; baseline -0.001 -9"><span class='ocrx_word' id='word_1_65' title='bbox 163 648 302 683; x_wconf 74' lang='lat' dir='ltr'><strong>gregativa</strong></span> <span class='ocrx_word' id='word_1_66' title='bbox 318 649 436 675; x_wconf 85' lang='lat' dir='ltr'><strong>ministri</strong></span> <span class='ocrx_word' id='word_1_67' title='bbox 458 656 524 676; x_wconf 78' lang='lat' dir='ltr'><strong>voce</strong></span> <span class='ocrx_word' id='word_1_68' title='bbox 544 653 707 680; x_wconf 87' lang='lat' dir='ltr'><strong>arceantur;</strong></span> <span class='ocrx_word' id='word_1_69' title='bbox 722 655 808 682; x_wconf 88' lang='lat' dir='ltr'><strong>neque</strong></span> <span class='ocrx_word' id='word_1_70' title='bbox 822 648 893 674; x_wconf 86' lang='lat' dir='ltr'><strong>enim</strong></span> <span class='ocrx_word' id='word_1_71' title='bbox 910 647 949 674; x_wconf 81' lang='lat' dir='ltr'><strong>fas</strong></span> 
     </span>
    </p>
   </div>
   <div class='ocr_carea' id='block_1_13' title="bbox 162 694 948 730">
    <p class='ocr_par' dir='ltr' id='par_1_13' title="bbox 162 694 948 730">
     <span class='ocr_line' id='line_1_13' title="bbox 162 694 948 730; baseline -0.001 -9"><span class='ocrx_word' id='word_1_72' title='bbox 162 694 199 721; x_wconf 85' lang='lat' dir='ltr'><strong>sit</strong></span> <span class='ocrx_word' id='word_1_73' title='bbox 213 694 253 721; x_wconf 89' lang='lat' dir='ltr'><strong>eis</strong></span> <span class='ocrx_word' id='word_1_74' title='bbox 269 694 413 728; x_wconf 79' lang='lat' dir='ltr'><strong>cujuslibet</strong></span> <span class='ocrx_word' id='word_1_75' title='bbox 430 696 543 722; x_wconf 87' lang='lat' dir='ltr'><strong>alterius</strong></span> <span class='ocrx_word' id='word_1_76' title='bbox 559 696 597 722; x_wconf 86' lang='lat' dir='ltr'><strong>rei</strong></span> <span class='ocrx_word' id='word_1_77' title='bbox 616 703 701 722; x_wconf 65' lang='lat' dir='ltr'><strong>sacra:</strong></span> <span class='ocrx_word' id='word_1_78' title='bbox 725 695 874 730; x_wconf 86' lang='lat' dir='ltr'><strong>participes</strong></span> <span class='ocrx_word' id='word_1_79' title='bbox 886 702 948 723; x_wconf 78' lang='lat' dir='ltr'><strong>eva-</strong></span> 
     </span>
    </p>
   </div>
   <div class='ocr_carea' id='block_1_14' title="bbox 163 733 949 777">
    <p class='ocr_par' dir='ltr' id='par_1_14' title="bbox 163 733 949 777">
     <span class='ocr_line' id='line_1_14' title="bbox 163 733 949 777; baseline -0.001 -8"><span class='ocrx_word' id='word_1_80' title='bbox 163 741 240 774; x_wconf 82' lang='lat' dir='ltr'><strong>dere,</strong></span> <span class='ocrx_word' id='word_1_81' title='bbox 255 747 436 777; x_wconf 66' lang='lat' dir='ltr'><strong>praeterquam</strong></span> <span class='ocrx_word' id='word_1_82' title='bbox 451 733 620 776; x_wconf 77' lang='lat' dir='ltr'><strong>eloquiprum</strong></span> <span class='ocrx_word' id='word_1_83' title='bbox 647 742 705 772; x_wconf 83' lang='lat' dir='ltr'><strong>Dei.</strong></span> <span class='ocrx_word' id='word_1_84' title='bbox 732 749 847 776; x_wconf 82' lang='lat' dir='ltr'><strong>quorum</strong></span> <span class='ocrx_word' id='word_1_85' title='bbox 863 741 949 776; x_wconf 76' lang='lat' dir='ltr'><strong>magi—</strong></span> 
     </span>
    </p>
   </div>
   <div class='ocr_carea' id='block_1_15' title="bbox 163 787 947 823">
    <p class='ocr_par' dir='ltr' id='par_1_15' title="bbox 163 787 947 823">
     <span class='ocr_line' id='line_1_15' title="bbox 163 787 947 823; baseline -0.001 -9"><span class='ocrx_word' id='word_1_86' title='bbox 163 788 246 815; x_wconf 87' lang='lat' dir='ltr'><strong>sterio</strong></span> <span class='ocrx_word' id='word_1_87' title='bbox 261 788 294 815; x_wconf 88' lang='lat' dir='ltr'><strong>ad</strong></span> <span class='ocrx_word' id='word_1_88' title='bbox 310 789 449 816; x_wconf 88' lang='lat' dir='ltr'><strong>meliorem</strong></span> <span class='ocrx_word' id='word_1_89' title='bbox 475 789 579 823; x_wconf 77' lang='lat' dir='ltr'><strong>frugem</strong></span> <span class='ocrx_word' id='word_1_90' title='bbox 604 788 726 816; x_wconf 88' lang='lat' dir='ltr'><strong>converti</strong></span> <span class='ocrx_word' id='word_1_91' title='bbox 742 788 856 822; x_wconf 88' lang='lat' dir='ltr'><strong>possint.</strong></span> <span class='ocrx_word' id='word_1_92' title='bbox 881 787 947 818; x_wconf 82' lang='lat' dir='ltr'><strong>Nam</strong></span> 
     </span>
    </p>
   </div>
   <div class='ocr_carea' id='block_1_16' title="bbox 163 835 948 870">
    <p class='ocr_par' dir='ltr' id='par_1_16' title="bbox 163 835 948 870">
     <span class='ocr_line' id='line_1_16' title="bbox 163 835 948 870; baseline 0 -7"><span class='ocrx_word' id='word_1_93' title='bbox 163 836 184 865; x_wconf 91' lang='lat' dir='ltr'><strong>si</strong></span> <span class='ocrx_word' id='word_1_94' title='bbox 201 835 428 870; x_wconf 84' lang='lat' dir='ltr'><strong>supermundialis</strong></span> <span class='ocrx_word' id='word_1_95' title='bbox 448 836 492 863; x_wconf 87' lang='lat' dir='ltr'><strong>illa</strong></span> <span class='ocrx_word' id='word_1_96' title='bbox 504 843 644 864; x_wconf 86' lang='lat' dir='ltr'><strong>sacrorum</strong></span> <span class='ocrx_word' id='word_1_97' title='bbox 659 836 811 863; x_wconf 83' lang='lat' dir='ltr'><strong>divinorum</strong></span> <span class='ocrx_word' id='word_1_98' title='bbox 825 835 948 863; x_wconf 87' lang='lat' dir='ltr'><strong>celebra-</strong></span> 
     </span>
    </p>
   </div>
   <div class='ocr_carea' id='block_1_17' title="bbox 163 881 948 916">
    <p class='ocr_par' dir='ltr' id='par_1_17' title="bbox 163 881 948 916">
     <span class='ocr_line' id='line_1_17' title="bbox 163 881 948 916; baseline 0 -8"><span class='ocrx_word' id='word_1_99' title='bbox 163 881 211 912; x_wconf 88' lang='lat' dir='ltr'><strong>tio.</strong></span> <span class='ocrx_word' id='word_1_100' title='bbox 224 881 371 908; x_wconf 88' lang='lat' dir='ltr'><strong>etiamdum</strong></span> <span class='ocrx_word' id='word_1_101' title='bbox 397 882 573 916; x_wconf 86' lang='lat' dir='ltr'><strong>pcenitentes,</strong></span> <span class='ocrx_word' id='word_1_102' title='bbox 601 881 708 908; x_wconf 86' lang='lat' dir='ltr'><strong>tametsi</strong></span> <span class='ocrx_word' id='word_1_103' title='bbox 729 881 865 915; x_wconf 90' lang='lat' dir='ltr'><strong>quondam</strong></span> <span class='ocrx_word' id='word_1_104' title='bbox 890 881 948 916; x_wconf 88' lang='lat' dir='ltr'><strong>ejus</strong></span> 
     </span>
    </p>
   </div>
   <div class='ocr_carea' id='block_1_18' title="bbox 161 927 948 963">
    <p class='ocr_par' dir='ltr' id='par_1_18' title="bbox 161 927 948 963">
     <span class='ocr_line' id='line_1_18' title="bbox 161 927 948 963; baseline 0.004 -11"><span class='ocrx_word' id='word_1_105' title='bbox 161 933 314 961; x_wconf 80' lang='lat' dir='ltr'><strong>compotes,</strong></span> <span class='ocrx_word' id='word_1_106' title='bbox 334 928 451 962; x_wconf 81' lang='lat' dir='ltr'><strong>repellit,</strong></span> <span class='ocrx_word' id='word_1_107' title='bbox 481 935 533 955; x_wconf 92' lang='lat' dir='ltr'><strong>non</strong></span> <span class='ocrx_word' id='word_1_108' title='bbox 564 927 615 954; x_wconf 86' lang='lat' dir='ltr'><strong>nisi</strong></span> <span class='ocrx_word' id='word_1_109' title='bbox 646 927 818 954; x_wconf 85' lang='lat' dir='ltr'><strong>sanctissimo</strong></span> <span class='ocrx_word' id='word_1_110' title='bbox 840 935 948 963; x_wconf 87' lang='lat' dir='ltr'><strong>quoque</strong></span> 
     </span>
    </p>
   </div>
   <div class='ocr_carea' id='block_1_19' title="bbox 1000 327 1791 366">
    <p class='ocr_par' dir='ltr' id='par_1_19' title="bbox 1000 327 1791 366">
     <span class='ocr_line' id='line_1_19' title="bbox 1000 327 1791 366; baseline -0.004 -10"><span class='ocrx_word' id='word_1_111' title='bbox 1000 331 1084 366; x_wconf 79' lang='grc' dir='ltr'>τρίοις</span> <span class='ocrx_word' id='word_1_112' title='bbox 1098 331 1147 356; x_wconf 74' lang='grc' dir='ltr'>οὐκ</span> <span class='ocrx_word' id='word_1_113' title='bbox 1161 327 1253 360; x_wconf 74' lang='grc' dir='ltr'>οὖσαν,</span> <span class='ocrx_word' id='word_1_114' title='bbox 1279 328 1347 355; x_wconf 87' lang='grc' dir='ltr'><strong>ἀλλά</strong></span> <span class='ocrx_word' id='word_1_115' title='bbox 1373 328 1503 355; x_wconf 76' lang='grc' dir='ltr'><strong>δοκοῦσαν</strong></span> <span class='ocrx_word' id='word_1_116' title='bbox 1525 327 1674 354; x_wconf 84' lang='grc' dir='ltr'>εὐπάθειαν</span> <span class='ocrx_word' id='word_1_117' title='bbox 1697 327 1791 354; x_wconf 72' lang='grc' dir='ltr'>ἐπιθυ-</span> 
     </span>
    </p>
   </div>
   <div class='ocr_carea' id='block_1_20' title="bbox 1002 371 1789 410">
    <p class='ocr_par' dir='ltr' id='par_1_20' title="bbox 1002 371 1789 410">
     <span class='ocr_line' id='line_1_20' title="bbox 1002 371 1789 410; baseline -0.004 -8"><span class='ocrx_word' id='word_1_118' title='bbox 1002 375 1114 410; x_wconf 83' lang='grc' dir='ltr'>μοῦντες</span> <span class='ocrx_word' id='word_1_119' title='bbox 1130 376 1177 402; x_wconf 74' lang='grc' dir='ltr'><strong>καὶ</strong></span> <span class='ocrx_word' id='word_1_120' title='bbox 1192 374 1376 410; x_wconf 78' lang='grc' dir='ltr'>ἐνεργοῦντες.</span> <span class='ocrx_word' id='word_1_121' title='bbox 1393 375 1423 400; x_wconf 83' lang='grc' dir='ltr'><strong>οι</strong></span> <span class='ocrx_word' id='word_1_122' title='bbox 1440 374 1544 410; x_wconf 85' lang='grc' dir='ltr'>πρῶτοι</span> <span class='ocrx_word' id='word_1_123' title='bbox 1573 373 1596 399; x_wconf 75' lang='grc' dir='ltr'>δ’</span> <span class='ocrx_word' id='word_1_124' title='bbox 1607 374 1617 390; x_wconf 80' lang='lat'><strong>’</strong></span> <span class='ocrx_word' id='word_1_125' title='bbox 1647 371 1694 399; x_wconf 83' lang='grc' dir='ltr'><strong>οὖν</strong></span> <span class='ocrx_word' id='word_1_126' title='bbox 1715 371 1789 399; x_wconf 72' lang='grc' dir='ltr'>οὗτοι</span> 
     </span>
    </p>
   </div>
   <div class='ocr_carea' id='block_1_21' title="bbox 999 419 1790 458">
    <p class='ocr_par' dir='ltr' id='par_1_21' title="bbox 999 419 1790 458">
     <span class='ocr_line' id='line_1_21' title="bbox 999 419 1790 458; baseline -0.004 -10"><span class='ocrx_word' id='word_1_127' title='bbox 999 422 1047 448; x_wconf 78' lang='grc' dir='ltr'>καὶ</span> <span class='ocrx_word' id='word_1_128' title='bbox 1062 421 1226 457; x_wconf 79' lang='grc' dir='ltr'>κυριώτερον</span> <span class='ocrx_word' id='word_1_129' title='bbox 1238 421 1350 447; x_wconf 79' lang='grc' dir='ltr'><strong>ἐκείνων</strong></span> <span class='ocrx_word' id='word_1_130' title='bbox 1363 420 1415 446; x_wconf 80' lang='grc' dir='ltr'><strong>ὑπὸ</strong></span> <span class='ocrx_word' id='word_1_131' title='bbox 1439 421 1489 456; x_wconf 87' lang='grc' dir='ltr'>τῆς</span> <span class='ocrx_word' id='word_1_132' title='bbox 1505 419 1552 446; x_wconf 87' lang='grc' dir='ltr'><strong>τοῦ</strong></span> <span class='ocrx_word' id='word_1_133' title='bbox 1567 419 1653 453; x_wconf 84' lang='grc' dir='ltr'>λειτου</span> <span class='ocrx_word' id='word_1_134' title='bbox 1659 419 1722 454; x_wconf 82' lang='grc' dir='ltr'>ργοῦ</span> <span class='ocrx_word' id='word_1_135' title='bbox 1735 419 1790 458; x_wconf 79' lang='grc' dir='ltr'>δια-</span> 
     </span>
    </p>
   </div>
   <div class='ocr_carea' id='block_1_22' title="bbox 1000 466 1791 504">
    <p class='ocr_par' dir='ltr' id='par_1_22' title="bbox 1000 466 1791 504">
     <span class='ocr_line' id='line_1_22' title="bbox 1000 466 1791 504; baseline -0.003 -10"><span class='ocrx_word' id='word_1_136' title='bbox 1000 468 1127 504; x_wconf 78' lang='grc' dir='ltr'>κριτικῆς</span> <span class='ocrx_word' id='word_1_137' title='bbox 1141 469 1233 503; x_wconf 79' lang='grc' dir='ltr'>φωνῆς</span> <span class='ocrx_word' id='word_1_138' title='bbox 1247 468 1470 503; x_wconf 80' lang='grc' dir='ltr'>ἀφοριζέσθωσαν</span> <span class='ocrx_word' id='word_1_139' title='bbox 1480 476 1486 483; x_wconf 89' lang='grc'>·</span> <span class='ocrx_word' id='word_1_140' title='bbox 1501 467 1530 493; x_wconf 76' lang='grc' dir='ltr'><strong>οὐ</strong></span> <span class='ocrx_word' id='word_1_141' title='bbox 1547 467 1602 503; x_wconf 84' lang='grc' dir='ltr'>γὰρ</span> <span class='ocrx_word' id='word_1_142' title='bbox 1617 466 1728 502; x_wconf 80' lang='grc' dir='ltr'>θεμιτὸν</span> <span class='ocrx_word' id='word_1_143' title='bbox 1743 466 1791 492; x_wconf 77' lang='grc' dir='ltr'><strong>αὐ-</strong></span> 
     </span>
    </p>
   </div>
   <div class='ocr_carea' id='block_1_23' title="bbox 999 512 1790 549">
    <p class='ocr_par' dir='ltr' id='par_1_23' title="bbox 999 512 1790 549">
     <span class='ocr_line' id='line_1_23' title="bbox 999 512 1790 549; baseline -0.003 -9"><span class='ocrx_word' id='word_1_144' title='bbox 999 515 1054 545; x_wconf 85' lang='grc' dir='ltr'>τοῖς</span> <span class='ocrx_word' id='word_1_145' title='bbox 1068 514 1161 549; x_wconf 78' lang='grc' dir='ltr'>ἑτέρου</span> <span class='ocrx_word' id='word_1_146' title='bbox 1182 513 1253 545; x_wconf 74' lang='grc' dir='ltr'>τινὸς</span> <span class='ocrx_word' id='word_1_147' title='bbox 1268 512 1341 549; x_wconf 70' lang='grc' dir='ltr'>ἱεροῦ</span> <span class='ocrx_word' id='word_1_148' title='bbox 1359 514 1513 549; x_wconf 72' lang='grc' dir='ltr'><strong>μετασχεῖν,</strong></span> <span class='ocrx_word' id='word_1_149' title='bbox 1529 513 1545 548; x_wconf 85' lang='grc' dir='ltr'>ἦ</span> <span class='ocrx_word' id='word_1_150' title='bbox 1558 513 1608 547; x_wconf 81' lang='grc' dir='ltr'>τῆς</span> <span class='ocrx_word' id='word_1_151' title='bbox 1623 512 1677 539; x_wconf 83' lang='grc' dir='ltr'>τῶν</span> <span class='ocrx_word' id='word_1_152' title='bbox 1690 512 1790 546; x_wconf 84' lang='grc' dir='ltr'>λογίων</span> 
     </span>
    </p>
   </div>
   <div class='ocr_carea' id='block_1_24' title="bbox 999 559 1789 595">
    <p class='ocr_par' dir='ltr' id='par_1_24' title="bbox 999 559 1789 595">
     <span class='ocr_line' id='line_1_24' title="bbox 999 559 1789 595; baseline 0.001 -10"><span class='ocrx_word' id='word_1_153' title='bbox 999 559 1212 595; x_wconf 76' lang='grc' dir='ltr'>ὲπιστρεπτικῆς</span> <span class='ocrx_word' id='word_1_154' title='bbox 1228 560 1274 586; x_wconf 73' lang='grc' dir='ltr'>ἐπὶ</span> <span class='ocrx_word' id='word_1_155' title='bbox 1288 559 1322 586; x_wconf 73' lang='grc' dir='ltr'>τὰ</span> <span class='ocrx_word' id='word_1_156' title='bbox 1340 560 1457 595; x_wconf 81' lang='grc' dir='ltr'>κρείττω</span> <span class='ocrx_word' id='word_1_157' title='bbox 1479 559 1663 591; x_wconf 76' lang='grc' dir='ltr'><strong>διδασκαλίας.</strong></span> <span class='ocrx_word' id='word_1_158' title='bbox 1690 559 1721 585; x_wconf 86' lang='grc' dir='ltr'><strong>Εἰ</strong></span> <span class='ocrx_word' id='word_1_159' title='bbox 1733 559 1789 595; x_wconf 79' lang='grc' dir='ltr'>γὰρ</span> 
     </span>
    </p>
   </div>
   <div class='ocr_carea' id='block_1_25' title="bbox 999 605 1790 641">
    <p class='ocr_par' dir='ltr' id='par_1_25' title="bbox 999 605 1790 641">
     <span class='ocr_line' id='line_1_25' title="bbox 999 605 1790 641; baseline 0 -9"><span class='ocrx_word' id='word_1_160' title='bbox 999 606 1015 639; x_wconf 90' lang='grc' dir='ltr'><strong>ἡ</strong></span> <span class='ocrx_word' id='word_1_161' title='bbox 1030 606 1083 632; x_wconf 84' lang='grc' dir='ltr'>τῶν</span> <span class='ocrx_word' id='word_1_162' title='bbox 1098 606 1177 632; x_wconf 82' lang='grc' dir='ltr'>θείων</span> <span class='ocrx_word' id='word_1_163' title='bbox 1192 607 1375 641; x_wconf 81' lang='grc' dir='ltr'>ὑπερκόσμιος</span> <span class='ocrx_word' id='word_1_164' title='bbox 1399 605 1538 641; x_wconf 80' lang='grc' dir='ltr'>ἱερουργία</span> <span class='ocrx_word' id='word_1_165' title='bbox 1561 606 1608 632; x_wconf 74' lang='grc' dir='ltr'>καὶ</span> <span class='ocrx_word' id='word_1_166' title='bbox 1623 606 1686 637; x_wconf 77' lang='grc' dir='ltr'>τοὺς</span> <span class='ocrx_word' id='word_1_167' title='bbox 1701 606 1729 632; x_wconf 83' lang='grc' dir='ltr'><strong>ἐν</strong></span> <span class='ocrx_word' id='word_1_168' title='bbox 1745 613 1790 640; x_wconf 83' lang='grc' dir='ltr'>με·</span> 
     </span>
    </p>
   </div>
   <div class='ocr_carea' id='block_1_26' title="bbox 998 651 1791 687">
    <p class='ocr_par' dir='ltr' id='par_1_26' title="bbox 998 651 1791 687">
     <span class='ocr_line' id='line_1_26' title="bbox 998 651 1791 687; baseline 0 -10"><span class='ocrx_word' id='word_1_169' title='bbox 998 651 1101 687; x_wconf 75' lang='grc' dir='ltr'>τανοίᾳ,</span> <span class='ocrx_word' id='word_1_170' title='bbox 1116 652 1162 678; x_wconf 79' lang='grc' dir='ltr'>καὶ</span> <span class='ocrx_word' id='word_1_171' title='bbox 1175 652 1238 683; x_wconf 78' lang='grc' dir='ltr'>τοὺς</span> <span class='ocrx_word' id='word_1_172' title='bbox 1254 652 1274 667; x_wconf 80' lang='grc'><strong>¹⁰</strong></span> <span class='ocrx_word' id='word_1_173' title='bbox 1289 651 1356 687; x_wconf 82' lang='grc' dir='ltr'>πρὸς</span> <span class='ocrx_word' id='word_1_174' title='bbox 1371 651 1454 687; x_wconf 80' lang='grc' dir='ltr'>αὐτὴν</span> <span class='ocrx_word' id='word_1_175' title='bbox 1478 651 1526 687; x_wconf 77' lang='grc' dir='ltr'>ἤδη</span> <span class='ocrx_word' id='word_1_176' title='bbox 1556 651 1710 685; x_wconf 80' lang='grc' dir='ltr'>γεγονότας,</span> <span class='ocrx_word' id='word_1_177' title='bbox 1725 651 1791 682; x_wconf 73' lang='grc' dir='ltr'>ὰποτ</span> 
     </span>
    </p>
   </div>
   <div class='ocr_carea' id='block_1_27' title="bbox 999 697 1791 733">
    <p class='ocr_par' dir='ltr' id='par_1_27' title="bbox 999 697 1791 733">
     <span class='ocr_line' id='line_1_27' title="bbox 999 697 1791 733; baseline 0 -10"><span class='ocrx_word' id='word_1_178' title='bbox 999 697 1148 732; x_wconf 83' lang='grc' dir='ltr'>κρύπτεται</span> <span class='ocrx_word' id='word_1_179' title='bbox 1162 697 1194 728; x_wconf 87' lang='grc'><strong>¹¹,</strong></span> <span class='ocrx_word' id='word_1_180' title='bbox 1209 697 1239 724; x_wconf 77' lang='grc' dir='ltr'><strong>τὸ</strong></span> <span class='ocrx_word' id='word_1_181' title='bbox 1254 697 1290 733; x_wconf 84' lang='grc' dir='ltr'><strong>μὴ</strong></span> <span class='ocrx_word' id='word_1_182' title='bbox 1315 697 1454 729; x_wconf 77' lang='grc' dir='ltr'>παντελῶς</span> <span class='ocrx_word' id='word_1_183' title='bbox 1478 697 1622 732; x_wconf 73' lang='grc' dir='ltr'>ἱερώτατον</span> <span class='ocrx_word' id='word_1_184' title='bbox 1637 697 1667 723; x_wconf 84' lang='grc' dir='ltr'>οὐ</span> <span class='ocrx_word' id='word_1_185' title='bbox 1683 706 1791 732; x_wconf 89' lang='grc' dir='ltr'>προσιε-</span> 
     </span>
    </p>
   </div>
   <div class='ocr_carea' id='block_1_28' title="bbox 1001 741 1790 778">
    <p class='ocr_par' dir='ltr' id='par_1_28' title="bbox 1001 741 1790 778">
     <span class='ocr_line' id='line_1_28' title="bbox 1001 741 1790 778; baseline 0 -10"><span class='ocrx_word' id='word_1_186' title='bbox 1001 742 1086 778; x_wconf 79' lang='grc' dir='ltr'>μένη·</span> <span class='ocrx_word' id='word_1_187' title='bbox 1113 744 1268 777; x_wconf 79' lang='grc' dir='ltr'>προσφωνεῖ</span> <span class='ocrx_word' id='word_1_188' title='bbox 1278 742 1306 769; x_wconf 81' lang='grc' dir='ltr'>δὲ</span> <span class='ocrx_word' id='word_1_189' title='bbox 1320 743 1367 769; x_wconf 72' lang='grc' dir='ltr'><strong>καὶ</strong></span> <span class='ocrx_word' id='word_1_190' title='bbox 1387 743 1466 770; x_wconf 87' lang='grc' dir='ltr'>τοῦτο</span> <span class='ocrx_word' id='word_1_191' title='bbox 1491 743 1653 777; x_wconf 78' lang='grc' dir='ltr'>πανάγνως,</span> <span class='ocrx_word' id='word_1_192' title='bbox 1675 743 1716 769; x_wconf 83' lang='grc' dir='ltr'>ὅτι</span> <span class='ocrx_word' id='word_1_193' title='bbox 1733 741 1790 769; x_wconf 79' lang='grc' dir='ltr'>Καὶ</span> 
     </span>
    </p>
   </div>
   <div class='ocr_carea' id='block_1_29' title="bbox 997 787 1789 825">
    <p class='ocr_par' dir='ltr' id='par_1_29' title="bbox 997 787 1789 825">
     <span class='ocr_line' id='line_1_29' title="bbox 997 787 1789 825; baseline -0.001 -10"><span class='ocrx_word' id='word_1_194' title='bbox 997 791 1054 820; x_wconf 89' lang='grc' dir='ltr'>τοῖς</span> <span class='ocrx_word' id='word_1_195' title='bbox 1067 789 1135 815; x_wconf 83' lang='grc' dir='ltr'>κατά</span> <span class='ocrx_word' id='word_1_196' title='bbox 1148 797 1174 815; x_wconf 85' lang='grc' dir='ltr'><strong>τι</strong></span> <span class='ocrx_word' id='word_1_197' title='bbox 1195 787 1263 824; x_wconf 71' lang='grc' dir='ltr'>πρὸς</span> <span class='ocrx_word' id='word_1_198' title='bbox 1288 790 1318 816; x_wconf 79' lang='grc' dir='ltr'>τὸ</span> <span class='ocrx_word' id='word_1_199' title='bbox 1340 790 1386 816; x_wconf 82' lang='grc' dir='ltr'><strong>τοῦ</strong></span> <span class='ocrx_word' id='word_1_200' title='bbox 1414 789 1547 822; x_wconf 84' lang='grc' dir='ltr'>θεοειδοῦς</span> <span class='ocrx_word' id='word_1_201' title='bbox 1573 789 1657 825; x_wconf 79' lang='grc' dir='ltr'>ἄκρον</span> <span class='ocrx_word' id='word_1_202' title='bbox 1685 787 1789 819; x_wconf 81' lang='grc' dir='ltr'>ἀτελῶς</span> 
     </span>
    </p>
   </div>
   <div class='ocr_carea' id='block_1_30' title="bbox 998 832 1787 869">
    <p class='ocr_par' dir='ltr' id='par_1_30' title="bbox 998 832 1787 869">
     <span class='ocr_line' id='line_1_30' title="bbox 998 832 1787 869; baseline 0 -10"><span class='ocrx_word' id='word_1_203' title='bbox 998 833 1186 866; x_wconf 76' lang='grc' dir='ltr'>ἑξασθενοῦσιν</span> <span class='ocrx_word' id='word_1_204' title='bbox 1203 834 1316 865; x_wconf 73' lang='grc' dir='ltr'>ἀθέατος</span> <span class='ocrx_word' id='word_1_205' title='bbox 1329 835 1386 869; x_wconf 84' lang='grc' dir='ltr'>εἰμι</span> <span class='ocrx_word' id='word_1_206' title='bbox 1412 835 1458 860; x_wconf 72' lang='grc' dir='ltr'><strong>καὶ</strong></span> <span class='ocrx_word' id='word_1_207' title='bbox 1479 834 1660 869; x_wconf 81' lang='grc' dir='ltr'><strong>ἀκοινώνητος</strong></span> <span class='ocrx_word' id='word_1_208' title='bbox 1673 832 1787 869; x_wconf 84' lang='grc' dir='ltr'>(ἀποσο-</span> 
     </span>
    </p>
   </div>
   <div class='ocr_carea' id='block_1_31' title="bbox 999 876 1788 914">
    <p class='ocr_par' dir='ltr' id='par_1_31' title="bbox 999 876 1788 914">
     <span class='ocr_line' id='line_1_31' title="bbox 999 876 1788 914; baseline -0.001 -10"><span class='ocrx_word' id='word_1_209' title='bbox 999 878 1041 904; x_wconf 77' lang='grc' dir='ltr'><strong>ϐεῖ</strong></span> <span class='ocrx_word' id='word_1_210' title='bbox 1061 879 1115 914; x_wconf 78' lang='grc' dir='ltr'>γὰρ</span> <span class='ocrx_word' id='word_1_211' title='bbox 1129 880 1145 913; x_wconf 85' lang='grc' dir='ltr'><strong>ἡ</strong></span> <span class='ocrx_word' id='word_1_212' title='bbox 1159 878 1229 905; x_wconf 85' lang='grc' dir='ltr'><strong>κατά</strong></span> <span class='ocrx_word' id='word_1_213' title='bbox 1257 879 1309 905; x_wconf 83' lang='grc' dir='ltr'><strong>πᾶν</strong></span> <span class='ocrx_word' id='word_1_214' title='bbox 1327 879 1497 914; x_wconf 82' lang='grc' dir='ltr'>ἀμιγεστάτη</span> <span class='ocrx_word' id='word_1_215' title='bbox 1513 878 1587 914; x_wconf 76' lang='grc' dir='ltr'>φωνὴ</span> <span class='ocrx_word' id='word_1_216' title='bbox 1601 878 1648 905; x_wconf 80' lang='grc' dir='ltr'>καὶ</span> <span class='ocrx_word' id='word_1_217' title='bbox 1671 878 1734 909; x_wconf 79' lang='grc' dir='ltr'>τοὺς</span> <span class='ocrx_word' id='word_1_218' title='bbox 1749 876 1788 912; x_wconf 84' lang='grc' dir='ltr'>μὴ</span> 
     </span>
    </p>
   </div>
   <div class='ocr_carea' id='block_1_32' title="bbox 998 923 1789 961">
    <p class='ocr_par' dir='ltr' id='par_1_32' title="bbox 998 923 1789 961">
     <span class='ocr_line' id='line_1_32' title="bbox 998 923 1789 961; baseline -0.001 -10"><span class='ocrx_word' id='word_1_219' title='bbox 998 926 1162 961; x_wconf 76' lang='grc' dir='ltr'>δυναμένους</span> <span class='ocrx_word' id='word_1_220' title='bbox 1181 925 1338 960; x_wconf 62' lang='grc' dir='ltr'>συνδεθῖγιαι</span> <span class='ocrx_word' id='word_1_221' title='bbox 1360 926 1417 956; x_wconf 85' lang='grc' dir='ltr'>τοῖς</span> <span class='ocrx_word' id='word_1_222' title='bbox 1430 925 1484 951; x_wconf 85' lang='grc' dir='ltr'><strong>τῶν</strong></span> <span class='ocrx_word' id='word_1_223' title='bbox 1500 924 1644 951; x_wconf 77' lang='grc' dir='ltr'>θειοτάτων</span> <span class='ocrx_word' id='word_1_224' title='bbox 1669 923 1751 956; x_wconf 79' lang='grc' dir='ltr'>ἀξίως</span> <span class='ocrx_word' id='word_1_225' title='bbox 1766 923 1789 938; x_wconf 88' lang='grc'><strong>¹¹</strong></span> 
     </span>
    </p>
   </div>
   <div class='ocr_carea' id='block_1_33' title="bbox 161 969 946 1009">
    <p class='ocr_par' dir='ltr' id='par_1_33' title="bbox 161 973 945 1009">
     <span class='ocr_line' id='line_1_33' title="bbox 161 973 945 1009; baseline 0.004 -11"><span class='ocrx_word' id='word_1_226' title='bbox 161 973 298 1006; x_wconf 81' lang='lat' dir='ltr'><strong>admisso;</strong></span> <span class='ocrx_word' id='word_1_227' title='bbox 311 975 375 1008; x_wconf 89' lang='lat' dir='ltr'><strong>quin</strong></span> <span class='ocrx_word' id='word_1_228' title='bbox 391 975 473 1002; x_wconf 89' lang='lat' dir='ltr'><strong>etiam</strong></span> <span class='ocrx_word' id='word_1_229' title='bbox 495 974 665 1009; x_wconf 87' lang='lat' dir='ltr'><strong>proclamat:</strong></span> <span class='ocrx_word' id='word_1_230' title='bbox 686 973 744 1007; x_wconf 81' lang='lat' dir='ltr'><strong>Ego</strong></span> <span class='ocrx_word' id='word_1_231' title='bbox 759 973 792 1000; x_wconf 88' lang='lat' dir='ltr'><strong>ad</strong></span> <span class='ocrx_word' id='word_1_232' title='bbox 805 974 945 1001; x_wconf 80' lang='lat' dir='ltr'><strong>deiformi-</strong></span> 
     </span>
    </p>
   </div>
   <div class='ocr_carea' id='block_1_34' title="bbox 998 969 1790 1009">
    <p class='ocr_par' dir='ltr' id='par_1_34' title="bbox 998 969 1790 1007">
     <span class='ocr_line' id='line_1_34' title="bbox 998 969 1790 1007; baseline -0.005 -8"><span class='ocrx_word' id='word_1_233' title='bbox 998 971 1161 1007; x_wconf 85' lang='grc' dir='ltr'>κοινωνοῖς),</span> <span class='ocrx_word' id='word_1_234' title='bbox 1195 971 1284 1007; x_wconf 83' lang='grc' dir='ltr'>πολλῷ</span> <span class='ocrx_word' id='word_1_235' title='bbox 1294 980 1325 1006; x_wconf 84' lang='grc' dir='ltr'><strong>γε</strong></span> <span class='ocrx_word' id='word_1_236' title='bbox 1353 971 1451 1007; x_wconf 80' lang='grc' dir='ltr'>μᾶλλον</span> <span class='ocrx_word' id='word_1_237' title='bbox 1464 972 1480 1007; x_wconf 84' lang='grc' dir='ltr'><strong>ἡ</strong></span> <span class='ocrx_word' id='word_1_238' title='bbox 1502 970 1556 997; x_wconf 81' lang='grc' dir='ltr'>τῶν</span> <span class='ocrx_word' id='word_1_239' title='bbox 1570 969 1700 1006; x_wconf 75' lang='grc' dir='ltr'>ἐμπαθῶς</span> <span class='ocrx_word' id='word_1_240' title='bbox 1714 970 1790 1004; x_wconf 77' lang='grc' dir='ltr'>ἐνερ-</span> 
     </span>
    </p>
   </div>
   <div class='ocr_carea' id='block_1_35' title="bbox 163 1019 947 1056">
    <p class='ocr_par' dir='ltr' id='par_1_35' title="bbox 163 1019 947 1056">
     <span class='ocr_line' id='line_1_35' title="bbox 163 1019 947 1056; baseline 0.001 -11"><span class='ocrx_word' id='word_1_241' title='bbox 163 1019 228 1046; x_wconf 87' lang='lat' dir='ltr'><strong>tatis</strong></span> <span class='ocrx_word' id='word_1_242' title='bbox 248 1021 355 1048; x_wconf 88' lang='lat' dir='ltr'><strong>culmen</strong></span> <span class='ocrx_word' id='word_1_243' title='bbox 381 1026 492 1056; x_wconf 90' lang='lat' dir='ltr'><strong>propter</strong></span> <span class='ocrx_word' id='word_1_244' title='bbox 518 1029 595 1048; x_wconf 89' lang='lat' dir='ltr'><strong>suam</strong></span> <span class='ocrx_word' id='word_1_245' title='bbox 633 1019 866 1054; x_wconf 80' lang='lat' dir='ltr'><strong>imperfectionem</strong></span> <span class='ocrx_word' id='word_1_246' title='bbox 893 1027 947 1047; x_wconf 91' lang='lat' dir='ltr'><strong>non</strong></span> 
     </span>
    </p>
   </div>
   <div class='ocr_carea' id='block_1_36' title="bbox 162 1065 948 1101">
    <p class='ocr_par' dir='ltr' id='par_1_36' title="bbox 162 1065 948 1101">
     <span class='ocr_line' id='line_1_36' title="bbox 162 1065 948 1101; baseline 0.005 -10"><span class='ocrx_word' id='word_1_247' title='bbox 162 1066 518 1101; x_wconf 79' lang='lat' dir='ltr'><strong>assurgentibusinvisibilis</strong></span> <span class='ocrx_word' id='word_1_248' title='bbox 529 1072 556 1094; x_wconf 91' lang='lat' dir='ltr'><strong>et</strong></span> <span class='ocrx_word' id='word_1_249' title='bbox 569 1065 835 1094; x_wconf 76' lang='lat' dir='ltr'><strong>inconununicnbilis</strong></span> <span class='ocrx_word' id='word_1_250' title='bbox 857 1069 948 1096; x_wconf 78' lang='lat' dir='ltr'><strong>existo</strong></span> 
     </span>
    </p>
   </div>
   <div class='ocr_carea' id='block_1_37' title="bbox 162 1112 948 1149">
    <p class='ocr_par' dir='ltr' id='par_1_37' title="bbox 162 1112 948 1149">
     <span class='ocr_line' id='line_1_37' title="bbox 162 1112 948 1149; baseline 0.005 -11"><span class='ocrx_word' id='word_1_251' title='bbox 162 1112 247 1145; x_wconf 84' lang='lat' dir='ltr'><strong>(arcet</strong></span> <span class='ocrx_word' id='word_1_252' title='bbox 261 1113 333 1141; x_wconf 87' lang='lat' dir='ltr'><strong>enim</strong></span> <span class='ocrx_word' id='word_1_253' title='bbox 347 1114 494 1148; x_wconf 86' lang='lat' dir='ltr'><strong>purissima</strong></span> <span class='ocrx_word' id='word_1_254' title='bbox 509 1121 561 1140; x_wconf 84' lang='lat' dir='ltr'><strong>vox</strong></span> <span class='ocrx_word' id='word_1_255' title='bbox 583 1114 632 1141; x_wconf 89' lang='lat' dir='ltr'><strong>ista</strong></span> <span class='ocrx_word' id='word_1_256' title='bbox 647 1122 753 1149; x_wconf 88' lang='lat' dir='ltr'><strong>quoque</strong></span> <span class='ocrx_word' id='word_1_257' title='bbox 771 1115 833 1142; x_wconf 89' lang='lat' dir='ltr'><strong>illos</strong></span> <span class='ocrx_word' id='word_1_258' title='bbox 847 1115 891 1148; x_wconf 87' lang='lat' dir='ltr'><strong>qui</strong></span> <span class='ocrx_word' id='word_1_259' title='bbox 907 1122 948 1142; x_wconf 91' lang='lat' dir='ltr'><strong>re-</strong></span> 
     </span>
    </p>
   </div>
   <div class='ocr_carea' id='block_1_38' title="bbox 162 1159 946 1197">
    <p class='ocr_par' dir='ltr' id='par_1_38' title="bbox 162 1159 946 1197">
     <span class='ocr_line' id='line_1_38' title="bbox 162 1159 946 1197; baseline 0.005 -13"><span class='ocrx_word' id='word_1_260' title='bbox 162 1159 212 1186; x_wconf 80' lang='lat' dir='ltr'><strong>bus</strong></span> <span class='ocrx_word' id='word_1_261' title='bbox 228 1159 406 1189; x_wconf 87' lang='lat' dir='ltr'><strong>divinissimis</strong></span> <span class='ocrx_word' id='word_1_262' title='bbox 432 1159 513 1193; x_wconf 71' lang='lat' dir='ltr'><strong>digne</strong></span> <span class='ocrx_word' id='word_1_263' title='bbox 528 1161 795 1189; x_wconf 89' lang='lat' dir='ltr'><strong>communicantibus</strong></span> <span class='ocrx_word' id='word_1_264' title='bbox 820 1162 946 1197; x_wconf 79' lang='lat' dir='ltr'><strong>conjungi</strong></span> 
     </span>
    </p>
   </div>
   <div class='ocr_carea' id='block_1_39' title="bbox 163 1207 948 1242">
    <p class='ocr_par' dir='ltr' id='par_1_39' title="bbox 163 1207 948 1242">
     <span class='ocr_line' id='line_1_39' title="bbox 163 1207 948 1242; baseline 0.003 -10"><span class='ocrx_word' id='word_1_265' title='bbox 163 1213 216 1232; x_wconf 88' lang='lat' dir='ltr'><strong>non</strong></span> <span class='ocrx_word' id='word_1_266' title='bbox 230 1208 354 1241; x_wconf 88' lang='lat' dir='ltr'><strong>possunt)</strong></span> <span class='ocrx_word' id='word_1_267' title='bbox 372 1207 496 1240; x_wconf 85' lang='lat' dir='ltr'><strong>adeoque</strong></span> <span class='ocrx_word' id='word_1_268' title='bbox 520 1207 606 1241; x_wconf 78' lang='lat' dir='ltr'><strong>magis</strong></span> <span class='ocrx_word' id='word_1_269' title='bbox 624 1207 787 1242; x_wconf 88' lang='lat' dir='ltr'><strong>eorum,qni</strong></span> <span class='ocrx_word' id='word_1_270' title='bbox 813 1208 948 1241; x_wconf 79' lang='lat' dir='ltr'><strong>passioni-</strong></span> 
     </span>
    </p>
   </div>
   <div class='ocr_carea' id='block_1_40' title="bbox 161 1253 946 1288">
    <p class='ocr_par' dir='ltr' id='par_1_40' title="bbox 161 1253 946 1288">
     <span class='ocr_line' id='line_1_40' title="bbox 161 1253 946 1288; baseline 0.003 -10"><span class='ocrx_word' id='word_1_271' title='bbox 161 1254 212 1278; x_wconf 90' lang='lat' dir='ltr'><strong>hus</strong></span> <span class='ocrx_word' id='word_1_272' title='bbox 237 1253 422 1286; x_wconf 76' lang='lat' dir='ltr'><strong>exagitantur,</strong></span> <span class='ocrx_word' id='word_1_273' title='bbox 438 1253 516 1279; x_wconf 86' lang='lat' dir='ltr'><strong>turba</strong></span> <span class='ocrx_word' id='word_1_274' title='bbox 537 1253 649 1287; x_wconf 83' lang='lat' dir='ltr'><strong>profana</strong></span> <span class='ocrx_word' id='word_1_275' title='bbox 665 1254 728 1284; x_wconf 83' lang='lat' dir='ltr'><strong>erit.</strong></span> <span class='ocrx_word' id='word_1_276' title='bbox 745 1257 772 1280; x_wconf 86' lang='lat' dir='ltr'><strong>et</strong></span> <span class='ocrx_word' id='word_1_277' title='bbox 787 1253 821 1280; x_wconf 85' lang='lat' dir='ltr'><strong>ab</strong></span> <span class='ocrx_word' id='word_1_278' title='bbox 836 1259 946 1288; x_wconf 84' lang='lat' dir='ltr'><strong>aspectu</strong></span> 
     </span>
    </p>
   </div>
   <div class='ocr_carea' id='block_1_41' title="bbox 160 1298 946 1334">
    <p class='ocr_par' dir='ltr' id='par_1_41' title="bbox 160 1298 946 1334">
     <span class='ocr_line' id='line_1_41' title="bbox 160 1298 946 1334; baseline 0.006 -12"><span class='ocrx_word' id='word_1_279' title='bbox 160 1298 406 1332; x_wconf 69' lang='lat' dir='ltr'><strong>communioneque</strong></span> <span class='ocrx_word' id='word_1_280' title='bbox 435 1305 575 1325; x_wconf 88' lang='lat' dir='ltr'><strong>sacrorum</strong></span> <span class='ocrx_word' id='word_1_281' title='bbox 594 1298 672 1334; x_wconf 82' lang='lat'><strong>193</strong></span> <span class='ocrx_word' id='word_1_282' title='bbox 690 1299 786 1326; x_wconf 87' lang='lat' dir='ltr'><strong>aliena.</strong></span> <span class='ocrx_word' id='word_1_283' title='bbox 818 1299 869 1327; x_wconf 84' lang='lat' dir='ltr'><strong>Ubi</strong></span> <span class='ocrx_word' id='word_1_284' title='bbox 898 1298 946 1326; x_wconf 87' lang='lat' dir='ltr'><strong>de-</strong></span> 
     </span>
    </p>
   </div>
   <div class='ocr_carea' id='block_1_42' title="bbox 161 1343 948 1383">
    <p class='ocr_par' dir='ltr' id='par_1_42' title="bbox 161 1343 948 1383">
     <span class='ocr_line' id='line_1_42' title="bbox 161 1343 948 1383; baseline 0.005 -14"><span class='ocrx_word' id='word_1_285' title='bbox 161 1351 233 1370; x_wconf 90' lang='lat' dir='ltr'><strong>mum</strong></span> <span class='ocrx_word' id='word_1_286' title='bbox 248 1343 339 1370; x_wconf 91' lang='lat' dir='ltr'><strong>divino</strong></span> <span class='ocrx_word' id='word_1_287' title='bbox 351 1344 452 1379; x_wconf 90' lang='lat' dir='ltr'><strong>templo</strong></span> <span class='ocrx_word' id='word_1_288' title='bbox 465 1345 617 1379; x_wconf 84' lang='lat' dir='ltr'><strong>sacrisque,</strong></span> <span class='ocrx_word' id='word_1_289' title='bbox 634 1353 693 1379; x_wconf 68' lang='lat' dir='ltr'><strong>qua:</strong></span> <span class='ocrx_word' id='word_1_290' title='bbox 705 1347 883 1381; x_wconf 88' lang='lat' dir='ltr'><strong>capacitatem</strong></span> <span class='ocrx_word' id='word_1_291' title='bbox 898 1353 948 1383; x_wconf 82' lang='lat' dir='ltr'><strong>eo-</strong></span> 
     </span>
    </p>
   </div>
   <div class='ocr_carea' id='block_1_43' title="bbox 160 1388 948 1426">
    <p class='ocr_par' dir='ltr' id='par_1_43' title="bbox 160 1388 948 1426">
     <span class='ocr_line' id='line_1_43' title="bbox 160 1388 948 1426; baseline 0.005 -12"><span class='ocrx_word' id='word_1_292' title='bbox 160 1389 220 1414; x_wconf 78' lang='lat' dir='ltr'><strong>rum</strong></span> <span class='ocrx_word' id='word_1_293' title='bbox 236 1394 377 1423; x_wconf 72' lang='lat' dir='ltr'><strong>eruperant,</strong></span> <span class='ocrx_word' id='word_1_294' title='bbox 393 1389 496 1416; x_wconf 79' lang='lat' dir='ltr'><strong>exclusi</strong></span> <span class='ocrx_word' id='word_1_295' title='bbox 524 1395 596 1421; x_wconf 88' lang='lat' dir='ltr'><strong>sunt.</strong></span> <span class='ocrx_word' id='word_1_296' title='bbox 624 1389 662 1418; x_wconf 91' lang='lat' dir='ltr'><strong>illi</strong></span> <span class='ocrx_word' id='word_1_297' title='bbox 679 1392 724 1426; x_wconf 91' lang='lat' dir='ltr'><strong>qui</strong></span> <span class='ocrx_word' id='word_1_298' title='bbox 749 1388 831 1418; x_wconf 85' lang='lat' dir='ltr'><strong>nullis</strong></span> <span class='ocrx_word' id='word_1_299' title='bbox 858 1391 948 1418; x_wconf 87' lang='lat' dir='ltr'><strong>adhuc</strong></span> 
     </span>
    </p>
   </div>
   <div class='ocr_carea' id='block_1_44' title="bbox 160 1435 949 1471">
    <p class='ocr_par' dir='ltr' id='par_1_44' title="bbox 160 1435 949 1471">
     <span class='ocr_line' id='line_1_44' title="bbox 160 1435 949 1471; baseline 0.006 -12"><span class='ocrx_word' id='word_1_300' title='bbox 160 1435 454 1462; x_wconf 78' lang='lat' dir='ltr'><strong>sacramentisinitiati</strong></span> <span class='ocrx_word' id='word_1_301' title='bbox 477 1436 642 1471; x_wconf 89' lang='lat' dir='ltr'><strong>omninoque</strong></span> <span class='ocrx_word' id='word_1_302' title='bbox 667 1436 748 1463; x_wconf 90' lang='lat' dir='ltr'><strong>rudes</strong></span> <span class='ocrx_word' id='word_1_303' title='bbox 773 1437 903 1468; x_wconf 87' lang='lat' dir='ltr'><strong>existunt,</strong></span> <span class='ocrx_word' id='word_1_304' title='bbox 921 1440 949 1463; x_wconf 82' lang='lat' dir='ltr'><strong>et</strong></span> 
     </span>
    </p>
   </div>
   <div class='ocr_carea' id='block_1_45' title="bbox 160 1479 948 1514">
    <p class='ocr_par' dir='ltr' id='par_1_45' title="bbox 160 1479 948 1514">
     <span class='ocr_line' id='line_1_45' title="bbox 160 1479 948 1514; baseline 0.006 -10"><span class='ocrx_word' id='word_1_305' title='bbox 160 1480 220 1505; x_wconf 73' lang='lat' dir='ltr'><strong>i-iun</strong></span> <span class='ocrx_word' id='word_1_306' title='bbox 240 1479 272 1506; x_wconf 87' lang='lat' dir='ltr'><strong>iis</strong></span> <span class='ocrx_word' id='word_1_307' title='bbox 286 1483 418 1514; x_wconf 63' lang='lat' dir='ltr'><strong>apostataa</strong></span> <span class='ocrx_word' id='word_1_308' title='bbox 434 1480 497 1507; x_wconf 66' lang='lat' dir='ltr'><strong>vita!</strong></span> <span class='ocrx_word' id='word_1_309' title='bbox 514 1481 672 1513; x_wconf 87' lang='lat' dir='ltr'><strong>sanctioris,</strong></span> <span class='ocrx_word' id='word_1_310' title='bbox 696 1486 723 1509; x_wconf 88' lang='lat' dir='ltr'><strong>et</strong></span> <span class='ocrx_word' id='word_1_311' title='bbox 740 1481 783 1509; x_wconf 86' lang='lat' dir='ltr'><strong>his</strong></span> <span class='ocrx_word' id='word_1_312' title='bbox 801 1482 948 1509; x_wconf 78' lang='lat' dir='ltr'><strong>conformi-</strong></span> 
     </span>
    </p>
   </div>
   <div class='ocr_carea' id='block_1_46' title="bbox 161 1525 947 1563">
    <p class='ocr_par' dir='ltr' id='par_1_46' title="bbox 161 1525 947 1563">
     <span class='ocr_line' id='line_1_46' title="bbox 161 1525 947 1563; baseline 0.006 -12"><span class='ocrx_word' id='word_1_313' title='bbox 161 1531 202 1563; x_wconf 78' lang='lat' dir='ltr'><strong>ter</strong></span> <span class='ocrx_word' id='word_1_314' title='bbox 217 1525 252 1552; x_wconf 91' lang='lat' dir='ltr'><strong>illi</strong></span> <span class='ocrx_word' id='word_1_315' title='bbox 272 1526 316 1559; x_wconf 91' lang='lat' dir='ltr'><strong>qui</strong></span> <span class='ocrx_word' id='word_1_316' title='bbox 350 1526 569 1553; x_wconf 76' lang='lat' dir='ltr'><strong>adversariorum</strong></span> <span class='ocrx_word' id='word_1_317' title='bbox 585 1527 737 1554; x_wconf 78' lang='lat' dir='ltr'><strong>terroribus</strong></span> <span class='ocrx_word' id='word_1_318' title='bbox 755 1528 875 1562; x_wconf 90' lang='lat' dir='ltr'><strong>visisque</strong></span> <span class='ocrx_word' id='word_1_319' title='bbox 893 1536 947 1562; x_wconf 76' lang='lat' dir='ltr'><strong>prze</strong></span> 
     </span>
    </p>
   </div>
   <div class='ocr_carea' id='block_1_47' title="bbox 160 1572 947 1608">
    <p class='ocr_par' dir='ltr' id='par_1_47' title="bbox 160 1572 947 1608">
     <span class='ocr_line' id='line_1_47' title="bbox 160 1572 947 1608; baseline 0.006 -11"><span class='ocrx_word' id='word_1_320' title='bbox 160 1572 267 1607; x_wconf 65' lang='lat' dir='ltr'><strong>ignavia</strong></span> <span class='ocrx_word' id='word_1_321' title='bbox 285 1572 364 1600; x_wconf 81' lang='lat' dir='ltr'><strong>facile</strong></span> <span class='ocrx_word' id='word_1_322' title='bbox 390 1577 544 1603; x_wconf 80' lang='lat' dir='ltr'><strong>moventur,</strong></span> <span class='ocrx_word' id='word_1_323' title='bbox 569 1573 669 1608; x_wconf 86' lang='lat' dir='ltr'><strong>quippe</strong></span> <span class='ocrx_word' id='word_1_324' title='bbox 689 1574 735 1608; x_wconf 89' lang='lat' dir='ltr'><strong>qui</strong></span> <span class='ocrx_word' id='word_1_325' title='bbox 754 1581 802 1608; x_wconf 84' lang='lat' dir='ltr'><strong>per</strong></span> <span class='ocrx_word' id='word_1_326' title='bbox 817 1580 947 1602; x_wconf 80' lang='lat' dir='ltr'><strong>constan-</strong></span> 
     </span>
    </p>
   </div>
   <div class='ocr_carea' id='block_1_48' title="bbox 160 1615 944 1653">
    <p class='ocr_par' dir='ltr' id='par_1_48' title="bbox 160 1615 944 1653">
     <span class='ocr_line' id='line_1_48' title="bbox 160 1615 944 1653; baseline 0 -7"><span class='ocrx_word' id='word_1_327' title='bbox 160 1615 214 1646; x_wconf 86' lang='lat' dir='ltr'><strong>tem</strong></span> <span class='ocrx_word' id='word_1_328' title='bbox 237 1620 400 1653; x_wconf 84' lang='lat' dir='ltr'><strong>ﬁrmamque</strong></span> <span class='ocrx_word' id='word_1_329' title='bbox 419 1627 480 1646; x_wconf 89' lang='lat' dir='ltr'><strong>cum</strong></span> <span class='ocrx_word' id='word_1_330' title='bbox 507 1619 607 1646; x_wconf 87' lang='lat' dir='ltr'><strong>divinis</strong></span> <span class='ocrx_word' id='word_1_331' title='bbox 633 1618 714 1646; x_wconf 86' lang='lat' dir='ltr'><strong>rebus</strong></span> <span class='ocrx_word' id='word_1_332' title='bbox 739 1619 944 1646; x_wconf 83' lang='lat' dir='ltr'><strong>consensionem</strong></span> 
     </span>
    </p>
   </div>
   <div class='ocr_carea' id='block_1_49' title="bbox 1000 1014 1790 1052">
    <p class='ocr_par' dir='ltr' id='par_1_49' title="bbox 1000 1014 1790 1052">
     <span class='ocr_line' id='line_1_49' title="bbox 1000 1014 1790 1052; baseline -0.005 -8"><span class='ocrx_word' id='word_1_333' title='bbox 1000 1017 1139 1052; x_wconf 77' lang='grc' dir='ltr'>γουμένων</span> <span class='ocrx_word' id='word_1_334' title='bbox 1154 1016 1258 1051; x_wconf 82' lang='grc' dir='ltr'>πληθὺς</span> <span class='ocrx_word' id='word_1_335' title='bbox 1272 1016 1378 1052; x_wconf 83' lang='grc' dir='ltr'>ἀνίερος</span> <span class='ocrx_word' id='word_1_336' title='bbox 1395 1015 1471 1042; x_wconf 76' lang='grc' dir='ltr'>ἔσται</span> <span class='ocrx_word' id='word_1_337' title='bbox 1494 1016 1542 1042; x_wconf 60' lang='grc' dir='ltr'><strong>καὶ⁵</strong></span> <span class='ocrx_word' id='word_1_338' title='bbox 1559 1016 1648 1050; x_wconf 82' lang='grc' dir='ltr'>πάσης</span> <span class='ocrx_word' id='word_1_339' title='bbox 1662 1014 1790 1050; x_wconf 87' lang='grc' dir='ltr'>ἀλλοτρία</span> 
     </span>
    </p>
   </div>
   <div class='ocr_carea' id='block_1_50' title="bbox 999 1055 1789 1098">
    <p class='ocr_par' dir='ltr' id='par_1_50' title="bbox 999 1055 1789 1098">
     <span class='ocr_line' id='line_1_50' title="bbox 999 1055 1789 1098; baseline -0.003 -10"><span class='ocrx_word' id='word_1_340' title='bbox 999 1063 1048 1097; x_wconf 83' lang='grc' dir='ltr'>τῆς</span> <span class='ocrx_word' id='word_1_341' title='bbox 1061 1062 1115 1088; x_wconf 83' lang='grc' dir='ltr'><strong>τῶν</strong></span> <span class='ocrx_word' id='word_1_342' title='bbox 1127 1063 1206 1097; x_wconf 82' lang='grc' dir='ltr'>ἱερῶν</span> <span class='ocrx_word' id='word_1_343' title='bbox 1222 1061 1335 1098; x_wconf 74' lang='grc' dir='ltr'>ἐποψίας</span> <span class='ocrx_word' id='word_1_344' title='bbox 1357 1062 1404 1088; x_wconf 79' lang='grc' dir='ltr'>καὶ</span> <span class='ocrx_word' id='word_1_345' title='bbox 1430 1060 1582 1092; x_wconf 84' lang='grc' dir='ltr'>κοινωνίας.</span> <span class='ocrx_word' id='word_1_346' title='bbox 1604 1055 1789 1095; x_wconf 84' lang='grc' dir='ltr'>Ἐπειδὴ¹³τοῦ</span> 
     </span>
    </p>
   </div>
   <div class='ocr_carea' id='block_1_51' title="bbox 999 1107 1790 1143">
    <p class='ocr_par' dir='ltr' id='par_1_51' title="bbox 999 1107 1790 1143">
     <span class='ocr_line' id='line_1_51' title="bbox 999 1107 1790 1143; baseline -0.004 -8"><span class='ocrx_word' id='word_1_347' title='bbox 999 1109 1070 1135; x_wconf 80' lang='grc' dir='ltr'>θείου</span> <span class='ocrx_word' id='word_1_348' title='bbox 1116 1107 1258 1142; x_wconf 76' lang='grc' dir='ltr'>γεγόνασιν</span> <span class='ocrx_word' id='word_1_349' title='bbox 1281 1107 1333 1141; x_wconf 76' lang='grc' dir='ltr'>ἔξω</span> <span class='ocrx_word' id='word_1_350' title='bbox 1350 1107 1414 1134; x_wconf 85' lang='grc' dir='ltr'>ναοῦ</span> <span class='ocrx_word' id='word_1_351' title='bbox 1440 1107 1487 1134; x_wconf 75' lang='grc' dir='ltr'>καὶ</span> <span class='ocrx_word' id='word_1_352' title='bbox 1509 1107 1559 1143; x_wconf 80' lang='grc' dir='ltr'>τῆς</span> <span class='ocrx_word' id='word_1_353' title='bbox 1586 1107 1790 1142; x_wconf 80' lang='grc' dir='ltr'>ὑπερκειμένης</span> 
     </span>
    </p>
   </div>
   <div class='ocr_carea' id='block_1_52' title="bbox 999 1144 1789 1190">
    <p class='ocr_par' dir='ltr' id='par_1_52' title="bbox 999 1150 1789 1190">
     <span class='ocr_line' id='line_1_52' title="bbox 999 1150 1789 1190; baseline -0.004 -9"><span class='ocrx_word' id='word_1_354' title='bbox 999 1155 1097 1186; x_wconf 78' lang='grc' dir='ltr'>αὐτοὺς</span> <span class='ocrx_word' id='word_1_355' title='bbox 1123 1154 1145 1170; x_wconf 60' lang='grc'>¹³</span> <span class='ocrx_word' id='word_1_356' title='bbox 1169 1154 1323 1190; x_wconf 84' lang='grc' dir='ltr'>ἱερουργίας</span> <span class='ocrx_word' id='word_1_357' title='bbox 1340 1155 1364 1180; x_wconf 83' lang='grc' dir='ltr'>οἱ</span> <span class='ocrx_word' id='word_1_358' title='bbox 1393 1153 1447 1180; x_wconf 86' lang='grc' dir='ltr'><strong>τῶν</strong></span> <span class='ocrx_word' id='word_1_359' title='bbox 1466 1150 1581 1179; x_wconf 81' lang='grc' dir='ltr'>τελετῶν</span> <span class='ocrx_word' id='word_1_360' title='bbox 1606 1152 1723 1188; x_wconf 83' lang='grc' dir='ltr'>ἀμύητοι</span> <span class='ocrx_word' id='word_1_361' title='bbox 1741 1152 1789 1178; x_wconf 69' lang='grc' dir='ltr'><strong>καῖ</strong></span> 
     </span>
    </p>
   </div>
   <div class='ocr_carea' id='block_1_53' title="bbox 998 1199 1786 1236">
    <p class='ocr_par' dir='ltr' id='par_1_53' title="bbox 998 1199 1786 1236">
     <span class='ocr_line' id='line_1_53' title="bbox 998 1199 1786 1236; baseline -0.003 -9"><span class='ocrx_word' id='word_1_362' title='bbox 998 1201 1145 1232; x_wconf 76' lang='grc' dir='ltr'>ἁτέλεστοι,</span> <span class='ocrx_word' id='word_1_363' title='bbox 1161 1201 1208 1227; x_wconf 82' lang='grc' dir='ltr'><strong>καὶ</strong></span> <span class='ocrx_word' id='word_1_364' title='bbox 1232 1201 1299 1236; x_wconf 75' lang='grc' dir='ltr'>πρὸς</span> <span class='ocrx_word' id='word_1_365' title='bbox 1316 1200 1407 1232; x_wconf 84' lang='grc' dir='ltr'>αὐτοῖς</span> <span class='ocrx_word' id='word_1_366' title='bbox 1423 1201 1447 1227; x_wconf 82' lang='grc' dir='ltr'>οἱ</span> <span class='ocrx_word' id='word_1_367' title='bbox 1468 1200 1517 1235; x_wconf 83' lang='grc' dir='ltr'>τῆς</span> <span class='ocrx_word' id='word_1_368' title='bbox 1534 1200 1608 1235; x_wconf 82' lang='grc' dir='ltr'>ἱερᾶς</span> <span class='ocrx_word' id='word_1_369' title='bbox 1636 1199 1786 1226; x_wconf 77' lang='grc' dir='ltr'>ἀποστάται</span> 
     </span>
    </p>
   </div>
   <div class='ocr_carea' id='block_1_54' title="bbox 999 1246 1790 1283">
    <p class='ocr_par' dir='ltr' id='par_1_54' title="bbox 999 1246 1790 1283">
     <span class='ocr_line' id='line_1_54' title="bbox 999 1246 1790 1283; baseline -0.003 -9"><span class='ocrx_word' id='word_1_370' title='bbox 999 1247 1081 1283; x_wconf 83' lang='grc' dir='ltr'>ζωῆς,</span> <span class='ocrx_word' id='word_1_371' title='bbox 1095 1248 1234 1283; x_wconf 80' lang='grc' dir='ltr'>ἑπομένως</span> <span class='ocrx_word' id='word_1_372' title='bbox 1248 1256 1277 1274; x_wconf 86' lang='grc' dir='ltr'><strong>τε</strong></span> <span class='ocrx_word' id='word_1_373' title='bbox 1290 1247 1395 1279; x_wconf 70' lang='grc' dir='ltr'>τούτοις</span> <span class='ocrx_word' id='word_1_374' title='bbox 1409 1248 1433 1274; x_wconf 86' lang='grc' dir='ltr'>οἱ</span> <span class='ocrx_word' id='word_1_375' title='bbox 1452 1247 1519 1282; x_wconf 77' lang='grc' dir='ltr'>πρὸς</span> <span class='ocrx_word' id='word_1_376' title='bbox 1536 1246 1570 1273; x_wconf 87' lang='grc' dir='ltr'>τὰ</span> <span class='ocrx_word' id='word_1_377' title='bbox 1585 1246 1640 1272; x_wconf 85' lang='grc' dir='ltr'>τῶν</span> <span class='ocrx_word' id='word_1_378' title='bbox 1659 1246 1790 1272; x_wconf 75' lang='grc' dir='ltr'>ἐναντίων</span> 
     </span>
    </p>
   </div>
   <div class='ocr_carea' id='block_1_55' title="bbox 997 1291 1788 1329">
    <p class='ocr_par' dir='ltr' id='par_1_55' title="bbox 997 1291 1788 1329">
     <span class='ocr_line' id='line_1_55' title="bbox 997 1291 1788 1329; baseline -0.004 -9"><span class='ocrx_word' id='word_1_379' title='bbox 997 1293 1112 1329; x_wconf 81' lang='grc' dir='ltr'>δείματά</span> <span class='ocrx_word' id='word_1_380' title='bbox 1132 1302 1162 1320; x_wconf 84' lang='grc' dir='ltr'><strong>τε</strong></span> <span class='ocrx_word' id='word_1_381' title='bbox 1182 1294 1203 1309; x_wconf 79' lang='grc'><strong>¹⁵</strong></span> <span class='ocrx_word' id='word_1_382' title='bbox 1226 1293 1273 1320; x_wconf 71' lang='grc' dir='ltr'><strong>καὶ</strong></span> <span class='ocrx_word' id='word_1_383' title='bbox 1286 1294 1415 1328; x_wconf 81' lang='grc' dir='ltr'>φάσματα</span> <span class='ocrx_word' id='word_1_384' title='bbox 1441 1293 1475 1319; x_wconf 71' lang='grc' dir='ltr'>δι’</span> <span class='ocrx_word' id='word_1_385' title='bbox 1487 1292 1631 1327; x_wconf 84' lang='grc' dir='ltr'>ἀνανδρίαν</span> <span class='ocrx_word' id='word_1_386' title='bbox 1649 1291 1788 1323; x_wconf 83' lang='grc' dir='ltr'>εὐπαθεῖς,</span> 
     </span>
    </p>
   </div>
   <div class='ocr_carea' id='block_1_56' title="bbox 997 1338 1788 1375">
    <p class='ocr_par' dir='ltr' id='par_1_56' title="bbox 997 1338 1788 1375">
     <span class='ocr_line' id='line_1_56' title="bbox 997 1338 1788 1375; baseline -0.001 -10"><span class='ocrx_word' id='word_1_387' title='bbox 997 1339 1036 1371; x_wconf 85' lang='grc' dir='ltr'>ὡς</span> <span class='ocrx_word' id='word_1_388' title='bbox 1052 1340 1101 1366; x_wconf 79' lang='grc' dir='ltr'>οὐκ</span> <span class='ocrx_word' id='word_1_389' title='bbox 1115 1340 1273 1375; x_wconf 82' lang='grc' dir='ltr'>ἀφικόμενοι</span> <span class='ocrx_word' id='word_1_390' title='bbox 1296 1339 1341 1366; x_wconf 76' lang='grc' dir='ltr'>διὰ</span> <span class='ocrx_word' id='word_1_391' title='bbox 1368 1340 1418 1375; x_wconf 75' lang='grc' dir='ltr'>τῆς</span> <span class='ocrx_word' id='word_1_392' title='bbox 1438 1339 1505 1374; x_wconf 76' lang='grc' dir='ltr'>πρὸς</span> <span class='ocrx_word' id='word_1_393' title='bbox 1521 1339 1555 1366; x_wconf 84' lang='grc' dir='ltr'>τὰ</span> <span class='ocrx_word' id='word_1_394' title='bbox 1575 1339 1634 1366; x_wconf 88' lang='grc' dir='ltr'>θεῖα</span> <span class='ocrx_word' id='word_1_395' title='bbox 1663 1338 1788 1366; x_wconf 81' lang='grc' dir='ltr'>συντόνου</span> 
     </span>
    </p>
   </div>
   <div class='ocr_carea' id='block_1_57' title="bbox 999 1384 1790 1420">
    <p class='ocr_par' dir='ltr' id='par_1_57' title="bbox 999 1384 1790 1420">
     <span class='ocr_line' id='line_1_57' title="bbox 999 1384 1790 1420; baseline -0.003 -8"><span class='ocrx_word' id='word_1_396' title='bbox 999 1386 1046 1412; x_wconf 77' lang='grc' dir='ltr'>καὶ</span> <span class='ocrx_word' id='word_1_397' title='bbox 1057 1386 1196 1413; x_wconf 84' lang='grc' dir='ltr'>ἀνενδότου</span> <span class='ocrx_word' id='word_1_398' title='bbox 1211 1385 1376 1418; x_wconf 88' lang='grc' dir='ltr'>συννεύσεως</span> <span class='ocrx_word' id='word_1_399' title='bbox 1387 1386 1434 1412; x_wconf 73' lang='grc' dir='ltr'>ἐπὶ</span> <span class='ocrx_word' id='word_1_400' title='bbox 1449 1386 1479 1412; x_wconf 89' lang='grc' dir='ltr'><strong>τὸ</strong></span> <span class='ocrx_word' id='word_1_401' title='bbox 1495 1385 1545 1420; x_wconf 86' lang='grc' dir='ltr'>τῆς</span> <span class='ocrx_word' id='word_1_402' title='bbox 1562 1384 1694 1416; x_wconf 85' lang='grc' dir='ltr'>θεοειδοῦς</span> <span class='ocrx_word' id='word_1_403' title='bbox 1705 1384 1790 1417; x_wconf 71' lang='grc' dir='ltr'>ἕξεως</span> 
     </span>
    </p>
   </div>
   <div class='ocr_carea' id='block_1_58' title="bbox 998 1429 1789 1468">
    <p class='ocr_par' dir='ltr' id='par_1_58' title="bbox 998 1429 1789 1468">
     <span class='ocr_line' id='line_1_58' title="bbox 998 1429 1789 1468; baseline -0.003 -10"><span class='ocrx_word' id='word_1_404' title='bbox 998 1431 1125 1466; x_wconf 85' lang='grc' dir='ltr'>ἀκίνητον</span> <span class='ocrx_word' id='word_1_405' title='bbox 1148 1433 1194 1459; x_wconf 79' lang='grc' dir='ltr'><strong>καὶ</strong></span> <span class='ocrx_word' id='word_1_406' title='bbox 1223 1432 1383 1468; x_wconf 87' lang='grc' dir='ltr'>δραστήριον</span> <span class='ocrx_word' id='word_1_407' title='bbox 1399 1440 1405 1447; x_wconf 89' lang='grc'>·</span> <span class='ocrx_word' id='word_1_408' title='bbox 1423 1429 1482 1458; x_wconf 80' lang='grc' dir='ltr'>εἶτα</span> <span class='ocrx_word' id='word_1_409' title='bbox 1498 1432 1566 1467; x_wconf 79' lang='grc' dir='ltr'>πρὸς</span> <span class='ocrx_word' id='word_1_410' title='bbox 1589 1431 1681 1463; x_wconf 80' lang='grc' dir='ltr'>αὐτοῖς</span> <span class='ocrx_word' id='word_1_411' title='bbox 1698 1431 1721 1457; x_wconf 79' lang='grc' dir='ltr'>οἱ</span> <span class='ocrx_word' id='word_1_412' title='bbox 1737 1430 1789 1465; x_wconf 72' lang='grc' dir='ltr'><strong>τῆς</strong></span> 
     </span>
    </p>
   </div>
   <div class='ocr_carea' id='block_1_59' title="bbox 997 1477 1789 1514">
    <p class='ocr_par' dir='ltr' id='par_1_59' title="bbox 997 1477 1789 1514">
     <span class='ocr_line' id='line_1_59' title="bbox 997 1477 1789 1514; baseline -0.001 -10"><span class='ocrx_word' id='word_1_413' title='bbox 997 1477 1121 1510; x_wconf 73' lang='grc' dir='ltr'>ἐναντίας</span> <span class='ocrx_word' id='word_1_414' title='bbox 1135 1479 1183 1514; x_wconf 82' lang='grc' dir='ltr'>μὲν</span> <span class='ocrx_word' id='word_1_415' title='bbox 1194 1478 1359 1510; x_wconf 78' lang='grc' dir='ltr'>ἀποστάντες</span> <span class='ocrx_word' id='word_1_416' title='bbox 1370 1477 1452 1513; x_wconf 84' lang='grc' dir='ltr'>ζωῆς,</span> <span class='ocrx_word' id='word_1_417' title='bbox 1467 1477 1544 1504; x_wconf 69' lang='grc' dir='ltr'>οὔπω</span> <span class='ocrx_word' id='word_1_418' title='bbox 1557 1477 1587 1504; x_wconf 81' lang='grc' dir='ltr'>δὲ</span> <span class='ocrx_word' id='word_1_419' title='bbox 1603 1478 1650 1504; x_wconf 74' lang='grc' dir='ltr'><strong>καὶ</strong></span> <span class='ocrx_word' id='word_1_420' title='bbox 1661 1477 1715 1504; x_wconf 88' lang='grc' dir='ltr'><strong>τῶν</strong></span> <span class='ocrx_word' id='word_1_421' title='bbox 1723 1485 1789 1511; x_wconf 87' lang='grc' dir='ltr'>φαν-</span> 
     </span>
    </p>
   </div>
   <div class='ocr_carea' id='block_1_60' title="bbox 997 1527 1789 1565">
    <p class='ocr_par' dir='ltr' id='par_1_60' title="bbox 997 1527 1789 1565">
     <span class='ocr_line' id='line_1_60' title="bbox 997 1527 1789 1565; baseline -0.003 -10"><span class='ocrx_word' id='word_1_422' title='bbox 997 1529 1098 1556; x_wconf 84' lang='grc' dir='ltr'>τασιῶν</span> <span class='ocrx_word' id='word_1_423' title='bbox 1117 1530 1201 1565; x_wconf 77' lang='grc' dir='ltr'>αὐτῆς</span> <span class='ocrx_word' id='word_1_424' title='bbox 1224 1529 1280 1562; x_wconf 75' lang='grc' dir='ltr'>ἕξει</span> <span class='ocrx_word' id='word_1_425' title='bbox 1294 1530 1339 1556; x_wconf 76' lang='grc' dir='ltr'>καὶ</span> <span class='ocrx_word' id='word_1_426' title='bbox 1352 1529 1432 1565; x_wconf 80' lang='grc' dir='ltr'>ἔρωτι</span> <span class='ocrx_word' id='word_1_427' title='bbox 1450 1529 1513 1564; x_wconf 88' lang='grc' dir='ltr'>θείῳ</span> <span class='ocrx_word' id='word_1_428' title='bbox 1525 1529 1571 1556; x_wconf 69' lang='grc' dir='ltr'>καὶ</span> <span class='ocrx_word' id='word_1_429' title='bbox 1582 1529 1676 1564; x_wconf 86' lang='grc' dir='ltr'>ἀμιγεῖ</span> <span class='ocrx_word' id='word_1_430' title='bbox 1686 1527 1789 1563; x_wconf 88' lang='grc' dir='ltr'>καθαρ-</span> 
     </span>
    </p>
   </div>
   <div class='ocr_carea' id='block_1_61' title="bbox 998 1573 1788 1611">
    <p class='ocr_par' dir='ltr' id='par_1_61' title="bbox 998 1573 1788 1611">
     <span class='ocr_line' id='line_1_61' title="bbox 998 1573 1788 1611; baseline -0.003 -9"><span class='ocrx_word' id='word_1_431' title='bbox 998 1575 1099 1607; x_wconf 79' lang='grc' dir='ltr'>θέντες,</span> <span class='ocrx_word' id='word_1_432' title='bbox 1118 1576 1163 1602; x_wconf 83' lang='grc' dir='ltr'><strong>καί</strong></span> <span class='ocrx_word' id='word_1_433' title='bbox 1175 1575 1234 1610; x_wconf 72' lang='grc' dir='ltr'>μετ’</span> <span class='ocrx_word' id='word_1_434' title='bbox 1244 1575 1341 1606; x_wconf 76' lang='grc' dir='ltr'>αὐτοὺς</span> <span class='ocrx_word' id='word_1_435' title='bbox 1357 1575 1382 1601; x_wconf 78' lang='lat' dir='ltr'><strong>oi</strong></span> <span class='ocrx_word' id='word_1_436' title='bbox 1402 1574 1438 1610; x_wconf 81' lang='grc' dir='ltr'>μὴ</span> <span class='ocrx_word' id='word_1_437' title='bbox 1450 1574 1575 1606; x_wconf 80' lang='grc' dir='ltr'>καθάπαξ</span> <span class='ocrx_word' id='word_1_438' title='bbox 1587 1573 1788 1611; x_wconf 56' lang='grc' dir='ltr'>ὲνοειδεῖςριαὶ,</span> 
     </span>
    </p>
   </div>
   <div class='ocr_carea' id='block_1_62' title="bbox 997 1618 1790 1657">
    <p class='ocr_par' dir='ltr' id='par_1_62' title="bbox 997 1618 1790 1657">
     <span class='ocr_line' id='line_1_62' title="bbox 997 1618 1790 1657; baseline -0.004 -9"><span class='ocrx_word' id='word_1_439' title='bbox 997 1622 1116 1657; x_wconf 81' lang='grc' dir='ltr'>νομικῶς</span> <span class='ocrx_word' id='word_1_440' title='bbox 1134 1622 1230 1651; x_wconf 84' lang='grc' dir='ltr'>εἰπεῖν,</span> <span class='ocrx_word' id='word_1_441' title='bbox 1244 1621 1353 1656; x_wconf 79' lang='grc' dir='ltr'>ἄμωμοι</span> <span class='ocrx_word' id='word_1_442' title='bbox 1363 1621 1409 1647; x_wconf 81' lang='grc' dir='ltr'><strong>καὶ</strong></span> <span class='ocrx_word' id='word_1_443' title='bbox 1425 1619 1559 1655; x_wconf 80' lang='grc' dir='ltr'>ἀλώὸητοι</span> <span class='ocrx_word' id='word_1_444' title='bbox 1576 1618 1725 1650; x_wconf 50' lang='grc' dir='ltr'>παντελὰ.</span> <span class='ocrx_word' id='word_1_445' title='bbox 1755 1619 1790 1645; x_wconf 81' lang='lat' dir='ltr'><strong>Oi</strong></span> 
     </span>
    </p>
   </div>
   <div class='ocr_carea' id='block_1_63' title="bbox 159 1658 946 1704">
    <p class='ocr_par' dir='ltr' id='par_1_63' title="bbox 159 1665 946 1699">
     <span class='ocr_line' id='line_1_63' title="bbox 159 1665 946 1699; baseline 0.001 -8"><span class='ocrx_word' id='word_1_446' title='bbox 159 1665 276 1692; x_wconf 85' lang='lat' dir='ltr'><strong>necdum</strong></span> <span class='ocrx_word' id='word_1_447' title='bbox 289 1665 431 1699; x_wconf 85' lang='lat' dir='ltr'><strong>deiformis</strong></span> <span class='ocrx_word' id='word_1_448' title='bbox 444 1665 524 1692; x_wconf 85' lang='lat' dir='ltr'><strong>istius</strong></span> <span class='ocrx_word' id='word_1_449' title='bbox 541 1669 629 1691; x_wconf 88' lang='lat' dir='ltr'><strong>status</strong></span> <span class='ocrx_word' id='word_1_450' title='bbox 655 1665 840 1692; x_wconf 80' lang='lat' dir='ltr'><strong>habitudinem</strong></span> <span class='ocrx_word' id='word_1_451' title='bbox 854 1665 946 1692; x_wconf 83' lang='lat' dir='ltr'><strong>ellica-</strong></span> 
     </span>
    </p>
   </div>
   <div class='ocr_carea' id='block_1_64' title="bbox 998 1658 1789 1704">
    <p class='ocr_par' dir='ltr' id='par_1_64' title="bbox 998 1664 1789 1704">
     <span class='ocr_line' id='line_1_64' title="bbox 998 1664 1789 1704; baseline -0.004 -9"><span class='ocrx_word' id='word_1_452' title='bbox 998 1668 1119 1704; x_wconf 83' lang='grc' dir='ltr'>πανίεροι</span> <span class='ocrx_word' id='word_1_453' title='bbox 1136 1668 1157 1683; x_wconf 70' lang='grc' dir='ltr'>ιε</span> <span class='ocrx_word' id='word_1_454' title='bbox 1181 1667 1234 1693; x_wconf 82' lang='grc' dir='ltr'><strong>τῶν</strong></span> <span class='ocrx_word' id='word_1_455' title='bbox 1252 1666 1387 1702; x_wconf 80' lang='grc' dir='ltr'>πανιέρων</span> <span class='ocrx_word' id='word_1_456' title='bbox 1400 1666 1536 1701; x_wconf 77' lang='grc' dir='ltr'>ἱερουργοὶ</span> <span class='ocrx_word' id='word_1_457' title='bbox 1563 1665 1610 1692; x_wconf 68' lang='grc' dir='ltr'><strong>κα)⁴</strong></span> <span class='ocrx_word' id='word_1_458' title='bbox 1626 1664 1789 1700; x_wconf 58' lang='grc' dir='ltr'>φιλοθεάμοτ</span> 
     </span>
    </p>
   </div>
   <div class='ocr_carea' id='block_1_65' title="bbox 159 1710 948 1747">
    <p class='ocr_par' dir='ltr' id='par_1_65' title="bbox 159 1710 948 1747">
     <span class='ocr_line' id='line_1_65' title="bbox 159 1710 948 1747; baseline 0.005 -11"><span class='ocrx_word' id='word_1_459' title='bbox 159 1711 285 1747; x_wconf 81' lang='lat' dir='ltr'><strong>ciamque</strong></span> <span class='ocrx_word' id='word_1_460' title='bbox 299 1711 354 1738; x_wconf 84' lang='lat' dir='ltr'><strong>sint</strong></span> <span class='ocrx_word' id='word_1_461' title='bbox 372 1711 483 1745; x_wconf 85' lang='lat' dir='ltr'><strong>adepti;</strong></span> <span class='ocrx_word' id='word_1_462' title='bbox 499 1710 597 1738; x_wconf 81' lang='lat' dir='ltr'><strong>deinde</strong></span> <span class='ocrx_word' id='word_1_463' title='bbox 609 1718 671 1738; x_wconf 91' lang='lat' dir='ltr'><strong>cum</strong></span> <span class='ocrx_word' id='word_1_464' title='bbox 689 1712 733 1739; x_wconf 91' lang='lat' dir='ltr'><strong>his</strong></span> <span class='ocrx_word' id='word_1_465' title='bbox 748 1711 765 1738; x_wconf 91' lang='lat' dir='ltr'><strong>ii</strong></span> <span class='ocrx_word' id='word_1_466' title='bbox 781 1717 890 1747; x_wconf 74' lang='lat' dir='ltr'><strong>queque</strong></span> <span class='ocrx_word' id='word_1_467' title='bbox 901 1713 948 1746; x_wconf 90' lang='lat' dir='ltr'><strong>qui</strong></span> 
     </span>
    </p>
   </div>
   <div class='ocr_carea' id='block_1_66' title="bbox 159 1756 948 1791">
    <p class='ocr_par' dir='ltr' id='par_1_66' title="bbox 159 1756 948 1791">
     <span class='ocr_line' id='line_1_66' title="bbox 159 1756 948 1791; baseline 0.005 -11"><span class='ocrx_word' id='word_1_468' title='bbox 159 1756 306 1783; x_wconf 62' lang='lat' dir='ltr'><strong>«entrarite</strong></span> <span class='ocrx_word' id='word_1_469' title='bbox 321 1757 430 1790; x_wconf 86' lang='lat' dir='ltr'><strong>quidem</strong></span> <span class='ocrx_word' id='word_1_470' title='bbox 448 1756 485 1783; x_wconf 94' lang='lat' dir='ltr'><strong>illi</strong></span> <span class='ocrx_word' id='word_1_471' title='bbox 502 1758 564 1784; x_wconf 61' lang='lat' dir='ltr'><strong>vitae</strong></span> <span class='ocrx_word' id='word_1_472' title='bbox 580 1757 704 1784; x_wconf 92' lang='lat' dir='ltr'><strong>nuntium</strong></span> <span class='ocrx_word' id='word_1_473' title='bbox 723 1757 866 1791; x_wconf 87' lang='lat' dir='ltr'><strong>miserunt,</strong></span> <span class='ocrx_word' id='word_1_474' title='bbox 883 1765 948 1784; x_wconf 92' lang='lat' dir='ltr'><strong>non-</strong></span> 
     </span>
    </p>
   </div>
   <div class='ocr_carea' id='block_1_67' title="bbox 159 1800 948 1838">
    <p class='ocr_par' dir='ltr' id='par_1_67' title="bbox 159 1800 948 1838">
     <span class='ocr_line' id='line_1_67' title="bbox 159 1800 948 1838; baseline 0.006 -12"><span class='ocrx_word' id='word_1_475' title='bbox 159 1802 223 1829; x_wconf 89' lang='lat' dir='ltr'><strong>dum</strong></span> <span class='ocrx_word' id='word_1_476' title='bbox 239 1800 328 1829; x_wconf 82' lang='lat' dir='ltr'><strong>tamen</strong></span> <span class='ocrx_word' id='word_1_477' title='bbox 342 1810 356 1828; x_wconf 85' lang='lat' dir='ltr'><strong>a</strong></span> <span class='ocrx_word' id='word_1_478' title='bbox 375 1802 439 1829; x_wconf 84' lang='lat' dir='ltr'><strong>visis</strong></span> <span class='ocrx_word' id='word_1_479' title='bbox 467 1803 558 1829; x_wconf 88' lang='lat' dir='ltr'><strong>habitu</strong></span> <span class='ocrx_word' id='word_1_480' title='bbox 579 1810 728 1837; x_wconf 91' lang='lat' dir='ltr'><strong>amoreque</strong></span> <span class='ocrx_word' id='word_1_481' title='bbox 752 1803 843 1830; x_wconf 85' lang='lat' dir='ltr'><strong>divino</strong></span> <span class='ocrx_word' id='word_1_482' title='bbox 862 1811 948 1838; x_wconf 88' lang='lat' dir='ltr'><strong>eoque</strong></span> 
     </span>
    </p>
   </div>
   <div class='ocr_carea' id='block_1_68' title="bbox 160 1848 946 1886">
    <p class='ocr_par' dir='ltr' id='par_1_68' title="bbox 160 1848 946 1886">
     <span class='ocr_line' id='line_1_68' title="bbox 160 1848 946 1886; baseline 0.005 -12"><span class='ocrx_word' id='word_1_483' title='bbox 160 1848 307 1882; x_wconf 84' lang='lat' dir='ltr'><strong>purissimo</strong></span> <span class='ocrx_word' id='word_1_484' title='bbox 321 1849 428 1884; x_wconf 79' lang='lat' dir='ltr'><strong>purgati</strong></span> <span class='ocrx_word' id='word_1_485' title='bbox 445 1854 517 1881; x_wconf 88' lang='lat' dir='ltr'><strong>sunt,</strong></span> <span class='ocrx_word' id='word_1_486' title='bbox 533 1854 615 1884; x_wconf 88' lang='lat' dir='ltr'><strong>atque</strong></span> <span class='ocrx_word' id='word_1_487' title='bbox 629 1851 776 1878; x_wconf 90' lang='lat' dir='ltr'><strong>secundum</strong></span> <span class='ocrx_word' id='word_1_488' title='bbox 793 1851 841 1878; x_wconf 86' lang='lat' dir='ltr'><strong>hos</strong></span> <span class='ocrx_word' id='word_1_489' title='bbox 859 1851 887 1883; x_wconf 87' lang='lat' dir='ltr'><strong>ii,</strong></span> <span class='ocrx_word' id='word_1_490' title='bbox 901 1851 946 1886; x_wconf 88' lang='lat' dir='ltr'><strong>qui</strong></span> 
     </span>
    </p>
   </div>
   <div class='ocr_carea' id='block_1_69' title="bbox 160 1895 946 1931">
    <p class='ocr_par' dir='ltr' id='par_1_69' title="bbox 160 1895 946 1931">
     <span class='ocr_line' id='line_1_69' title="bbox 160 1895 946 1931; baseline 0.005 -11"><span class='ocrx_word' id='word_1_491' title='bbox 160 1901 214 1921; x_wconf 87' lang='lat' dir='ltr'><strong>non</strong></span> <span class='ocrx_word' id='word_1_492' title='bbox 225 1895 336 1921; x_wconf 91' lang='lat' dir='ltr'><strong>omnino</strong></span> <span class='ocrx_word' id='word_1_493' title='bbox 350 1895 509 1928; x_wconf 78' lang='lat' dir='ltr'><strong>uniformcs,</strong></span> <span class='ocrx_word' id='word_1_494' title='bbox 524 1901 562 1928; x_wconf 83' lang='lat' dir='ltr'><strong>et.</strong></span> <span class='ocrx_word' id='word_1_495' title='bbox 579 1901 609 1923; x_wconf 93' lang='lat' dir='ltr'><strong>nt</strong></span> <span class='ocrx_word' id='word_1_496' title='bbox 620 1897 688 1930; x_wconf 71' lang='lat' dir='ltr'><strong>legis</strong></span> <span class='ocrx_word' id='word_1_497' title='bbox 705 1897 795 1931; x_wconf 87' lang='lat' dir='ltr'><strong>phrasi</strong></span> <span class='ocrx_word' id='word_1_498' title='bbox 810 1903 946 1929; x_wconf 80' lang='lat' dir='ltr'><strong>ntar,‘n0n</strong></span> 
     </span>
    </p>
   </div>
   <div class='ocr_carea' id='block_1_70' title="bbox 159 1941 948 1972">
    <p class='ocr_par' dir='ltr' id='par_1_70' title="bbox 159 1941 948 1972">
     <span class='ocr_line' id='line_1_70' title="bbox 159 1941 948 1972; baseline 0.008 -6"><span class='ocrx_word' id='word_1_499' title='bbox 159 1941 272 1968; x_wconf 87' lang='lat' dir='ltr'><strong>omnino</strong></span> <span class='ocrx_word' id='word_1_500' title='bbox 288 1941 453 1969; x_wconf 85' lang='lat' dir='ltr'><strong>immaculati</strong></span> <span class='ocrx_word' id='word_1_501' title='bbox 469 1948 496 1969; x_wconf 90' lang='lat' dir='ltr'><strong>et</strong></span> <span class='ocrx_word' id='word_1_502' title='bbox 509 1943 714 1971; x_wconf 82' lang='lat' dir='ltr'><strong>incontaminati</strong></span> <span class='ocrx_word' id='word_1_503' title='bbox 726 1950 800 1971; x_wconf 86' lang='lat' dir='ltr'><strong>sunt.</strong></span> <span class='ocrx_word' id='word_1_504' title='bbox 816 1944 883 1970; x_wconf 86' lang='lat' dir='ltr'><strong>Tum</strong></span> <span class='ocrx_word' id='word_1_505' title='bbox 901 1945 948 1972; x_wconf 85' lang='lat' dir='ltr'><strong>de-</strong></span> 
     </span>
    </p>
   </div>
   <div class='ocr_carea' id='block_1_71' title="bbox 159 1987 947 2026">
    <p class='ocr_par' dir='ltr' id='par_1_71' title="bbox 159 1987 947 2026">
     <span class='ocr_line' id='line_1_71' title="bbox 159 1987 947 2026; baseline 0.005 -13"><span class='ocrx_word' id='word_1_506' title='bbox 159 1987 239 2021; x_wconf 89' lang='lat' dir='ltr'><strong>nique</strong></span> <span class='ocrx_word' id='word_1_507' title='bbox 265 1988 352 2014; x_wconf 84' lang='lat' dir='ltr'><strong>sancti</strong></span> <span class='ocrx_word' id='word_1_508' title='bbox 378 1995 518 2015; x_wconf 87' lang='lat' dir='ltr'><strong>sacrorum</strong></span> <span class='ocrx_word' id='word_1_509' title='bbox 547 1989 701 2017; x_wconf 83' lang='lat' dir='ltr'><strong>administri</strong></span> <span class='ocrx_word' id='word_1_510' title='bbox 724 1995 947 2026; x_wconf 71' lang='lat' dir='ltr'><strong>speetatoresque</strong></span> 
     </span>
    </p>
   </div>
   <div class='ocr_carea' id='block_1_72' title="bbox 158 2033 946 2065">
    <p class='ocr_par' dir='ltr' id='par_1_72' title="bbox 158 2033 946 2065">
     <span class='ocr_line' id='line_1_72' title="bbox 158 2033 946 2065; baseline 0.005 -6"><span class='ocrx_word' id='word_1_511' title='bbox 158 2033 284 2065; x_wconf 81' lang='lat' dir='ltr'><strong>studiosi,</strong></span> <span class='ocrx_word' id='word_1_512' title='bbox 298 2034 512 2061; x_wconf 80' lang='lat' dir='ltr'><strong>sacratissimam</strong></span> <span class='ocrx_word' id='word_1_513' title='bbox 527 2035 643 2062; x_wconf 85' lang='lat' dir='ltr'><strong>hostiam</strong></span> <span class='ocrx_word' id='word_1_514' title='bbox 657 2044 736 2063; x_wconf 83' lang='lat' dir='ltr'><strong>sacro</strong></span> <span class='ocrx_word' id='word_1_515' title='bbox 751 2037 802 2062; x_wconf 92' lang='lat' dir='ltr'><strong>ritu</strong></span> <span class='ocrx_word' id='word_1_516' title='bbox 814 2041 946 2064; x_wconf 86' lang='lat' dir='ltr'><strong>contuen-</strong></span> 
     </span>
    </p>
   </div>
   <div class='ocr_carea' id='block_1_73' title="bbox 160 2080 946 2113">
    <p class='ocr_par' dir='ltr' id='par_1_73' title="bbox 160 2080 946 2113">
     <span class='ocr_line' id='line_1_73' title="bbox 160 2080 946 2113; baseline 0.008 -8"><span class='ocrx_word' id='word_1_517' title='bbox 160 2084 210 2111; x_wconf 86' lang='lat' dir='ltr'><strong>tes,</strong></span> <span class='ocrx_word' id='word_1_518' title='bbox 239 2080 358 2113; x_wconf 82' lang='lat' dir='ltr'><strong>generali</strong></span> <span class='ocrx_word' id='word_1_519' title='bbox 389 2081 545 2110; x_wconf 83' lang='lat' dir='ltr'><strong>laudatione</strong></span> <span class='ocrx_word' id='word_1_520' title='bbox 578 2083 771 2110; x_wconf 85' lang='lat' dir='ltr'><strong>concelebrant</strong></span> <span class='ocrx_word' id='word_1_521' title='bbox 795 2084 946 2111; x_wconf 85' lang='lat' dir='ltr'><strong>bcnelicum</strong></span> 
     </span>
    </p>
   </div>
   <div class='ocr_carea' id='block_1_74' title="bbox 159 2126 947 2163">
    <p class='ocr_par' dir='ltr' id='par_1_74' title="bbox 159 2126 947 2163">
     <span class='ocr_line' id='line_1_74' title="bbox 159 2126 947 2163; baseline 0.006 -11"><span class='ocrx_word' id='word_1_522' title='bbox 159 2126 375 2161; x_wconf 85' lang='lat' dir='ltr'><strong>tn&#39;uniﬁcumqne</strong></span> <span class='ocrx_word' id='word_1_523' title='bbox 391 2128 564 2163; x_wconf 85' lang='lat' dir='ltr'><strong>principium,</strong></span> <span class='ocrx_word' id='word_1_524' title='bbox 589 2137 603 2155; x_wconf 89' lang='lat' dir='ltr'><strong>a</strong></span> <span class='ocrx_word' id='word_1_525' title='bbox 633 2136 688 2163; x_wconf 92' lang='lat' dir='ltr'><strong>quo</strong></span> <span class='ocrx_word' id='word_1_526' title='bbox 710 2129 842 2157; x_wconf 88' lang='lat' dir='ltr'><strong>salutaria</strong></span> <span class='ocrx_word' id='word_1_527' title='bbox 868 2130 947 2158; x_wconf 88' lang='lat' dir='ltr'><strong>nobis</strong></span> 
     </span>
    </p>
   </div>
   <div class='ocr_carea' id='block_1_75' title="bbox 160 2172 945 2209">
    <p class='ocr_par' dir='ltr' id='par_1_75' title="bbox 160 2172 945 2209">
     <span class='ocr_line' id='line_1_75' title="bbox 160 2172 945 2209; baseline 0.01 -14"><span class='ocrx_word' id='word_1_528' title='bbox 160 2172 281 2198; x_wconf 65' lang='lat' dir='ltr'><strong>exhibita</strong></span> <span class='ocrx_word' id='word_1_529' title='bbox 297 2178 359 2199; x_wconf 89' lang='lat' dir='ltr'><strong>sunt</strong></span> <span class='ocrx_word' id='word_1_530' title='bbox 373 2180 556 2208; x_wconf 85' lang='lat' dir='ltr'><strong>sacramenta,</strong></span> <span class='ocrx_word' id='word_1_531' title='bbox 582 2182 642 2209; x_wconf 75' lang='lat' dir='ltr'><strong>qum</strong></span> <span class='ocrx_word' id='word_1_532' title='bbox 654 2179 855 2203; x_wconf 85' lang='lat' dir='ltr'><strong>sacrosanctam</strong></span> <span class='ocrx_word' id='word_1_533' title='bbox 873 2175 945 2203; x_wconf 90' lang='lat' dir='ltr'><strong>illam</strong></span> 
     </span>
    </p>
   </div>
   <div class='ocr_carea' id='block_1_76' title="bbox 159 2217 946 2250">
    <p class='ocr_par' dir='ltr' id='par_1_76' title="bbox 159 2217 946 2250">
     <span class='ocr_line' id='line_1_76' title="bbox 159 2217 946 2250; baseline 0.009 -7"><span class='ocrx_word' id='word_1_534' title='bbox 159 2217 327 2245; x_wconf 79' lang='lat' dir='ltr'><strong>initiat‘orum</strong></span> <span class='ocrx_word' id='word_1_535' title='bbox 358 2225 548 2247; x_wconf 88' lang='lat' dir='ltr'><strong>consummant</strong></span> <span class='ocrx_word' id='word_1_536' title='bbox 565 2221 776 2249; x_wconf 84' lang='lat' dir='ltr'><strong>deiﬁcationem.</strong></span> <span class='ocrx_word' id='word_1_537' title='bbox 804 2222 881 2250; x_wconf 87' lang='lat' dir='ltr'><strong>Hunc</strong></span> <span class='ocrx_word' id='word_1_538' title='bbox 897 2230 946 2250; x_wconf 85' lang='lat' dir='ltr'><strong>au-</strong></span> 
     </span>
    </p>
   </div>
   <div class='ocr_carea' id='block_1_77' title="bbox 160 2265 946 2304">
    <p class='ocr_par' dir='ltr' id='par_1_77' title="bbox 160 2265 946 2304">
     <span class='ocr_line' id='line_1_77' title="bbox 160 2265 946 2304; baseline 0.01 -15"><span class='ocrx_word' id='word_1_539' title='bbox 160 2266 212 2290; x_wconf 86' lang='lat' dir='ltr'><strong>tem</strong></span> <span class='ocrx_word' id='word_1_540' title='bbox 228 2265 357 2299; x_wconf 88' lang='lat' dir='ltr'><strong>hymnum</strong></span> <span class='ocrx_word' id='word_1_541' title='bbox 383 2267 427 2292; x_wconf 88' lang='lat' dir='ltr'><strong>alii</strong></span> <span class='ocrx_word' id='word_1_542' title='bbox 455 2267 541 2294; x_wconf 84' lang='lat' dir='ltr'><strong>laudis</strong></span> <span class='ocrx_word' id='word_1_543' title='bbox 562 2269 710 2301; x_wconf 84' lang='lat' dir='ltr'><strong>canticum,</strong></span> <span class='ocrx_word' id='word_1_544' title='bbox 735 2269 779 2296; x_wconf 89' lang='lat' dir='ltr'><strong>alii</strong></span> <span class='ocrx_word' id='word_1_545' title='bbox 807 2270 946 2304; x_wconf 69' lang='lat' dir='ltr'><strong>religionis</strong></span> 
     </span>
    </p>
   </div>
   <div class='ocr_carea' id='block_1_78' title="bbox 158 2309 944 2349">
    <p class='ocr_par' dir='ltr' id='par_1_78' title="bbox 158 2309 944 2349">
     <span class='ocr_line' id='line_1_78' title="bbox 158 2309 944 2349; baseline 0.009 -14"><span class='ocrx_word' id='word_1_546' title='bbox 158 2309 310 2344; x_wconf 83' lang='lat' dir='ltr'><strong>symbolum</strong></span> <span class='ocrx_word' id='word_1_547' title='bbox 337 2311 483 2346; x_wconf 82' lang='lat' dir='ltr'><strong>appellant,</strong></span> <span class='ocrx_word' id='word_1_548' title='bbox 514 2313 561 2340; x_wconf 86' lang='lat' dir='ltr'><strong>alii</strong></span> <span class='ocrx_word' id='word_1_549' title='bbox 590 2314 719 2349; x_wconf 87' lang='lat' dir='ltr'><strong>denique,</strong></span> <span class='ocrx_word' id='word_1_550' title='bbox 751 2323 810 2342; x_wconf 89' lang='lat' dir='ltr'><strong>mea</strong></span> <span class='ocrx_word' id='word_1_551' title='bbox 835 2316 944 2349; x_wconf 87' lang='lat' dir='ltr'><strong>quidem</strong></span> 
     </span>
    </p>
   </div>
   <div class='ocr_carea' id='block_1_79' title="bbox 159 2357 942 2394">
    <p class='ocr_par' dir='ltr' id='par_1_79' title="bbox 159 2357 942 2394">
     <span class='ocr_line' id='line_1_79' title="bbox 159 2357 942 2394; baseline 0.006 -12"><span class='ocrx_word' id='word_1_552' title='bbox 159 2357 316 2388; x_wconf 84' lang='lat' dir='ltr'><strong>sententia,</strong></span> <span class='ocrx_word' id='word_1_553' title='bbox 350 2358 469 2386; x_wconf 83' lang='lat' dir='ltr'><strong>divinius</strong></span> <span class='ocrx_word' id='word_1_554' title='bbox 495 2359 696 2387; x_wconf 86' lang='lat' dir='ltr'><strong>hierarchicam</strong></span> <span class='ocrx_word' id='word_1_555' title='bbox 729 2362 942 2394; x_wconf 87' lang='lat' dir='ltr'><strong>eucharistiam,</strong></span> 
     </span>
    </p>
   </div>
   <div class='ocr_carea' id='block_1_80' title="bbox 158 2403 944 2442">
    <p class='ocr_par' dir='ltr' id='par_1_80' title="bbox 158 2403 944 2442">
     <span class='ocr_line' id='line_1_80' title="bbox 158 2403 944 2442; baseline 0.009 -14"><span class='ocrx_word' id='word_1_556' title='bbox 158 2403 217 2429; x_wconf 76' lang='lat' dir='ltr'><strong>sive</strong></span> <span class='ocrx_word' id='word_1_557' title='bbox 233 2405 492 2438; x_wconf 85' lang='lat' dir='ltr'><strong>sacroprlncipalem</strong></span> <span class='ocrx_word' id='word_1_558' title='bbox 507 2407 654 2440; x_wconf 77' lang='lat' dir='ltr'><strong>gratiarum</strong></span> <span class='ocrx_word' id='word_1_559' title='bbox 672 2408 819 2439; x_wconf 88' lang='lat' dir='ltr'><strong>actionem,</strong></span> <span class='ocrx_word' id='word_1_560' title='bbox 835 2412 863 2434; x_wconf 85' lang='lat' dir='ltr'><strong>ut</strong></span> <span class='ocrx_word' id='word_1_561' title='bbox 883 2415 944 2442; x_wconf 71' lang='lat' dir='ltr'><strong>quia:</strong></span> 
     </span>
    </p>
   </div>
   <div class='ocr_carea' id='block_1_81' title="bbox 158 2450 944 2488">
    <p class='ocr_par' dir='ltr' id='par_1_81' title="bbox 158 2450 944 2488">
     <span class='ocr_line' id='line_1_81' title="bbox 158 2450 944 2488; baseline 0.006 -13"><span class='ocrx_word' id='word_1_562' title='bbox 158 2450 290 2477; x_wconf 83' lang='lat' dir='ltr'><strong>divinitus</strong></span> <span class='ocrx_word' id='word_1_563' title='bbox 302 2451 334 2477; x_wconf 89' lang='lat' dir='ltr'><strong>ad</strong></span> <span class='ocrx_word' id='word_1_564' title='bbox 354 2459 402 2478; x_wconf 85' lang='lat' dir='ltr'><strong>nos</strong></span> <span class='ocrx_word' id='word_1_565' title='bbox 415 2451 582 2479; x_wconf 87' lang='lat' dir='ltr'><strong>dimanantia</strong></span> <span class='ocrx_word' id='word_1_566' title='bbox 601 2461 677 2480; x_wconf 89' lang='lat' dir='ltr'><strong>sacra</strong></span> <span class='ocrx_word' id='word_1_567' title='bbox 692 2455 761 2481; x_wconf 87' lang='lat' dir='ltr'><strong>dona</strong></span> <span class='ocrx_word' id='word_1_568' title='bbox 781 2453 944 2488; x_wconf 85' lang='lat' dir='ltr'><strong>complecta-</strong></span> 
     </span>
    </p>
   </div>
   <div class='ocr_carea' id='block_1_82' title="bbox 158 2496 942 2526">
    <p class='ocr_par' dir='ltr' id='par_1_82' title="bbox 158 2496 942 2526">
     <span class='ocr_line' id='line_1_82' title="bbox 158 2496 942 2526; baseline 0.009 -7"><span class='ocrx_word' id='word_1_569' title='bbox 158 2499 222 2521; x_wconf 88' lang='lat' dir='ltr'><strong>tur:</strong></span> <span class='ocrx_word' id='word_1_570' title='bbox 244 2496 350 2523; x_wconf 88' lang='lat' dir='ltr'><strong>videtur</strong></span> <span class='ocrx_word' id='word_1_571' title='bbox 377 2498 448 2524; x_wconf 87' lang='lat' dir='ltr'><strong>enim</strong></span> <span class='ocrx_word' id='word_1_572' title='bbox 467 2498 637 2525; x_wconf 90' lang='lat' dir='ltr'><strong>laudatarum</strong></span> <span class='ocrx_word' id='word_1_573' title='bbox 653 2500 773 2526; x_wconf 90' lang='lat' dir='ltr'><strong>omnium</strong></span> <span class='ocrx_word' id='word_1_574' title='bbox 790 2499 942 2526; x_wconf 86' lang='lat' dir='ltr'><strong>divinarum</strong></span> 
     </span>
    </p>
   </div>
   <div class='ocr_carea' id='block_1_83' title="bbox 158 2543 944 2578">
    <p class='ocr_par' dir='ltr' id='par_1_83' title="bbox 158 2543 944 2578">
     <span class='ocr_line' id='line_1_83' title="bbox 158 2543 944 2578; baseline 0.009 -11"><span class='ocrx_word' id='word_1_575' title='bbox 158 2543 348 2575; x_wconf 86' lang='lat' dir='ltr'><strong>operationum</strong></span> <span class='ocrx_word' id='word_1_576' title='bbox 364 2544 434 2571; x_wconf 89' lang='lat' dir='ltr'><strong>ratio</strong></span> <span class='ocrx_word' id='word_1_577' title='bbox 459 2545 537 2572; x_wconf 89' lang='lat' dir='ltr'><strong>nohis</strong></span> <span class='ocrx_word' id='word_1_578' title='bbox 561 2546 709 2578; x_wconf 75' lang='lat' dir='ltr'><strong>exstitisse,</strong></span> <span class='ocrx_word' id='word_1_579' title='bbox 726 2555 788 2574; x_wconf 88' lang='lat' dir='ltr'><strong>cum</strong></span> <span class='ocrx_word' id='word_1_580' title='bbox 815 2547 944 2574; x_wconf 76' lang='lat' dir='ltr'><strong>substan-</strong></span> 
     </span>
    </p>
   </div>
   <div class='ocr_carea' id='block_1_84' title="bbox 158 2588 944 2624">
    <p class='ocr_par' dir='ltr' id='par_1_84' title="bbox 158 2588 944 2624">
     <span class='ocr_line' id='line_1_84' title="bbox 158 2588 944 2624; baseline 0.009 -11"><span class='ocrx_word' id='word_1_581' title='bbox 158 2588 224 2614; x_wconf 85' lang='lat' dir='ltr'><strong>tiam</strong></span> <span class='ocrx_word' id='word_1_582' title='bbox 244 2589 380 2623; x_wconf 86' lang='lat' dir='ltr'><strong>vitamque</strong></span> <span class='ocrx_word' id='word_1_583' title='bbox 394 2596 516 2618; x_wconf 89' lang='lat' dir='ltr'><strong>nostram</strong></span> <span class='ocrx_word' id='word_1_584' title='bbox 542 2592 663 2619; x_wconf 74' lang='lat' dir='ltr'><strong>benefice</strong></span> <span class='ocrx_word' id='word_1_585' title='bbox 694 2593 883 2624; x_wconf 81' lang='lat' dir='ltr'><strong>sustentando,</strong></span> <span class='ocrx_word' id='word_1_586' title='bbox 911 2600 944 2620; x_wconf 74' lang='lat' dir='ltr'><strong>ac</strong></span> 
     </span>
    </p>
   </div>
   <div class='ocr_carea' id='block_1_85' title="bbox 999 1710 1789 1750">
    <p class='ocr_par' dir='ltr' id='par_1_85' title="bbox 999 1710 1789 1750">
     <span class='ocr_line' id='line_1_85' title="bbox 999 1710 1789 1750; baseline -0.005 -9"><span class='ocrx_word' id='word_1_587' title='bbox 999 1723 1053 1746; x_wconf 84' lang='grc' dir='ltr'>νες,</span> <span class='ocrx_word' id='word_1_588' title='bbox 1071 1714 1120 1750; x_wconf 87' lang='grc' dir='ltr'>τὴν</span> <span class='ocrx_word' id='word_1_589' title='bbox 1134 1713 1288 1748; x_wconf 85' lang='grc' dir='ltr'>ἁγιωτάτην</span> <span class='ocrx_word' id='word_1_590' title='bbox 1300 1713 1410 1748; x_wconf 83' lang='grc' dir='ltr'>τελετὴν</span> <span class='ocrx_word' id='word_1_591' title='bbox 1431 1711 1606 1747; x_wconf 80' lang='grc' dir='ltr'>ἁγιοπρεπῶς</span> <span class='ocrx_word' id='word_1_592' title='bbox 1625 1710 1789 1738; x_wconf 73' lang='grc' dir='ltr'>ἐποπτεύον-</span> 
     </span>
    </p>
   </div>
   <div class='ocr_carea' id='block_1_86' title="bbox 998 1755 1789 1794">
    <p class='ocr_par' dir='ltr' id='par_1_86' title="bbox 998 1755 1789 1794">
     <span class='ocr_line' id='line_1_86' title="bbox 998 1755 1789 1794; baseline -0.005 -8"><span class='ocrx_word' id='word_1_593' title='bbox 998 1768 1053 1792; x_wconf 84' lang='grc' dir='ltr'>τες,</span> <span class='ocrx_word' id='word_1_594' title='bbox 1085 1758 1215 1794; x_wconf 83' lang='grc' dir='ltr'>ὑμνοῦσιν</span> <span class='ocrx_word' id='word_1_595' title='bbox 1236 1757 1385 1794; x_wconf 73' lang='grc' dir='ltr'>ὑμνολογίᾳ.</span> <span class='ocrx_word' id='word_1_596' title='bbox 1399 1756 1532 1791; x_wconf 72' lang='grc' dir='ltr'>καθολικῇ</span> <span class='ocrx_word' id='word_1_597' title='bbox 1549 1757 1599 1791; x_wconf 84' lang='grc' dir='ltr'>τὴν</span> <span class='ocrx_word' id='word_1_598' title='bbox 1619 1755 1789 1791; x_wconf 80' lang='grc' dir='ltr'>ἀγαθουργὸν</span> 
     </span>
    </p>
   </div>
   <div class='ocr_carea' id='block_1_87' title="bbox 998 1801 1789 1840">
    <p class='ocr_par' dir='ltr' id='par_1_87' title="bbox 998 1801 1789 1840">
     <span class='ocr_line' id='line_1_87' title="bbox 998 1801 1789 1840; baseline -0.006 -8"><span class='ocrx_word' id='word_1_599' title='bbox 998 1807 1045 1832; x_wconf 74' lang='grc' dir='ltr'><strong>καὶ</strong></span> <span class='ocrx_word' id='word_1_600' title='bbox 1058 1805 1213 1840; x_wconf 83' lang='grc' dir='ltr'>ἀγαθοδότιν</span> <span class='ocrx_word' id='word_1_601' title='bbox 1226 1805 1324 1840; x_wconf 74' lang='grc' dir='ltr'>ἀρχὴν,</span> <span class='ocrx_word' id='word_1_602' title='bbox 1351 1804 1396 1839; x_wconf 84' lang='grc' dir='ltr'><strong>ὑφ’</strong></span> <span class='ocrx_word' id='word_1_603' title='bbox 1413 1801 1447 1840; x_wconf 77' lang='grc' dir='ltr'>ἧς</span> <span class='ocrx_word' id='word_1_604' title='bbox 1463 1803 1491 1829; x_wconf 86' lang='grc' dir='ltr'>αἱ</span> <span class='ocrx_word' id='word_1_605' title='bbox 1520 1801 1701 1838; x_wconf 68' lang='grc' dir='ltr'>σαηηριώδεις</span> <span class='ocrx_word' id='word_1_606' title='bbox 1721 1802 1789 1837; x_wconf 86' lang='grc' dir='ltr'>ἡμῖν</span> 
     </span>
    </p>
   </div>
   <div class='ocr_carea' id='block_1_88' title="bbox 999 1848 1790 1886">
    <p class='ocr_par' dir='ltr' id='par_1_88' title="bbox 999 1848 1790 1886">
     <span class='ocr_line' id='line_1_88' title="bbox 999 1848 1790 1886; baseline -0.006 -8"><span class='ocrx_word' id='word_1_607' title='bbox 999 1851 1189 1886; x_wconf 83' lang='grc' dir='ltr'>ἀνεδείχθησαν</span> <span class='ocrx_word' id='word_1_608' title='bbox 1215 1850 1338 1881; x_wconf 74' lang='grc' dir='ltr'>τελεταὶ,</span> <span class='ocrx_word' id='word_1_609' title='bbox 1360 1850 1410 1885; x_wconf 84' lang='grc' dir='ltr'><strong>τὴν</strong></span> <span class='ocrx_word' id='word_1_610' title='bbox 1438 1849 1513 1884; x_wconf 80' lang='grc' dir='ltr'>ἱερὰν</span> <span class='ocrx_word' id='word_1_611' title='bbox 1535 1848 1590 1875; x_wconf 87' lang='grc' dir='ltr'><strong>τῶν</strong></span> <span class='ocrx_word' id='word_1_612' title='bbox 1617 1848 1790 1884; x_wconf 78' lang='grc' dir='ltr'>τελουμένων</span> 
     </span>
    </p>
   </div>
   <div class='ocr_carea' id='block_1_89' title="bbox 999 1895 1790 1933">
    <p class='ocr_par' dir='ltr' id='par_1_89' title="bbox 999 1895 1790 1933">
     <span class='ocr_line' id='line_1_89' title="bbox 999 1895 1790 1933; baseline -0.004 -9"><span class='ocrx_word' id='word_1_613' title='bbox 999 1898 1096 1925; x_wconf 79' lang='grc' dir='ltr'>θέωσιν</span> <span class='ocrx_word' id='word_1_614' title='bbox 1119 1897 1319 1933; x_wconf 81' lang='grc' dir='ltr'>ἱερουργοῦσαι.</span> <span class='ocrx_word' id='word_1_615' title='bbox 1345 1896 1396 1923; x_wconf 80' lang='grc' dir='ltr'>Τὸν</span> <span class='ocrx_word' id='word_1_616' title='bbox 1418 1895 1501 1931; x_wconf 74' lang='grc' dir='ltr'>ὕμνον</span> <span class='ocrx_word' id='word_1_617' title='bbox 1527 1896 1555 1922; x_wconf 76' lang='grc' dir='ltr'>δὲ</span> <span class='ocrx_word' id='word_1_618' title='bbox 1572 1895 1666 1922; x_wconf 83' lang='grc' dir='ltr'>τοῦτον</span> <span class='ocrx_word' id='word_1_619' title='bbox 1687 1896 1713 1922; x_wconf 79' lang='grc' dir='ltr'><strong>οἱ</strong></span> <span class='ocrx_word' id='word_1_620' title='bbox 1739 1895 1790 1930; x_wconf 77' lang='grc' dir='ltr'>μὲν</span> 
     </span>
    </p>
   </div>
   <div class='ocr_carea' id='block_1_90' title="bbox 999 1941 1790 1980">
    <p class='ocr_par' dir='ltr' id='par_1_90' title="bbox 999 1941 1790 1980">
     <span class='ocr_line' id='line_1_90' title="bbox 999 1941 1790 1980; baseline -0.005 -9"><span class='ocrx_word' id='word_1_621' title='bbox 999 1944 1162 1980; x_wconf 88' lang='grc' dir='ltr'>ὑμνολογίαν</span> <span class='ocrx_word' id='word_1_622' title='bbox 1187 1943 1316 1970; x_wconf 73' lang='grc' dir='ltr'>καλοῦσιν</span> <span class='ocrx_word' id='word_1_623' title='bbox 1345 1944 1377 1974; x_wconf 85' lang='grc'>¹⁷,</span> <span class='ocrx_word' id='word_1_624' title='bbox 1405 1944 1430 1969; x_wconf 91' lang='grc' dir='ltr'>οἱ</span> <span class='ocrx_word' id='word_1_625' title='bbox 1458 1943 1487 1969; x_wconf 80' lang='grc' dir='ltr'>δὲ</span> <span class='ocrx_word' id='word_1_626' title='bbox 1518 1942 1567 1978; x_wconf 82' lang='grc' dir='ltr'>τῆς</span> <span class='ocrx_word' id='word_1_627' title='bbox 1595 1941 1742 1978; x_wconf 84' lang='grc' dir='ltr'>θρησκείας</span> <span class='ocrx_word' id='word_1_628' title='bbox 1757 1941 1790 1968; x_wconf 65' lang='grc' dir='ltr'>τὸ</span> 
     </span>
    </p>
   </div>
   <div class='ocr_carea' id='block_1_91' title="bbox 1000 1986 1788 2025">
    <p class='ocr_par' dir='ltr' id='par_1_91' title="bbox 1000 1986 1788 2025">
     <span class='ocr_line' id='line_1_91' title="bbox 1000 1986 1788 2025; baseline -0.003 -10"><span class='ocrx_word' id='word_1_629' title='bbox 1000 1989 1030 2016; x_wconf 79' lang='grc' dir='ltr'><strong>σύ</strong></span> <span class='ocrx_word' id='word_1_630' title='bbox 1036 1989 1142 2025; x_wconf 75' lang='grc' dir='ltr'>μϐολον,</span> <span class='ocrx_word' id='word_1_631' title='bbox 1155 1989 1230 2015; x_wconf 80' lang='grc' dir='ltr'>ἄλλοι</span> <span class='ocrx_word' id='word_1_632' title='bbox 1245 1989 1284 2021; x_wconf 83' lang='grc' dir='ltr'><strong>δὲ,</strong></span> <span class='ocrx_word' id='word_1_633' title='bbox 1299 1988 1336 2021; x_wconf 85' lang='grc' dir='ltr'>ὡς</span> <span class='ocrx_word' id='word_1_634' title='bbox 1352 1986 1580 2024; x_wconf 75' lang='grc' dir='ltr'>οἷμαι,θειότερον</span> <span class='ocrx_word' id='word_1_635' title='bbox 1593 1987 1752 2024; x_wconf 81' lang='grc' dir='ltr'>ίεραρχικὴν</span> <span class='ocrx_word' id='word_1_636' title='bbox 1766 1987 1788 2003; x_wconf 82' lang='grc'><strong>¹⁸</strong></span> 
     </span>
    </p>
   </div>
   <div class='ocr_carea' id='block_1_92' title="bbox 998 2033 1788 2071">
    <p class='ocr_par' dir='ltr' id='par_1_92' title="bbox 998 2033 1788 2071">
     <span class='ocr_line' id='line_1_92' title="bbox 998 2033 1788 2071; baseline -0.003 -9"><span class='ocrx_word' id='word_1_637' title='bbox 998 2035 1189 2071; x_wconf 72' lang='grc' dir='ltr'>εὐχαριστίαν,</span> <span class='ocrx_word' id='word_1_638' title='bbox 1216 2035 1253 2066; x_wconf 84' lang='grc' dir='ltr'>ὡς</span> <span class='ocrx_word' id='word_1_639' title='bbox 1276 2034 1454 2070; x_wconf 78' lang='grc' dir='ltr'>περιεκτικὴν</span> <span class='ocrx_word' id='word_1_640' title='bbox 1477 2033 1531 2061; x_wconf 81' lang='grc' dir='ltr'>τῶν</span> <span class='ocrx_word' id='word_1_641' title='bbox 1562 2035 1602 2065; x_wconf 76' lang='grc' dir='ltr'><strong>εἰς</strong></span> <span class='ocrx_word' id='word_1_642' title='bbox 1625 2034 1697 2069; x_wconf 74' lang='grc' dir='ltr'>ἡμᾶς</span> <span class='ocrx_word' id='word_1_643' title='bbox 1727 2033 1788 2060; x_wconf 83' lang='grc' dir='ltr'>θεό-</span> 
     </span>
    </p>
   </div>
   <div class='ocr_carea' id='block_1_93' title="bbox 998 2080 1788 2117">
    <p class='ocr_par' dir='ltr' id='par_1_93' title="bbox 998 2080 1788 2117">
     <span class='ocr_line' id='line_1_93' title="bbox 998 2080 1788 2117; baseline -0.003 -9"><span class='ocrx_word' id='word_1_644' title='bbox 998 2082 1044 2108; x_wconf 84' lang='grc' dir='ltr'><strong>θεν</strong></span> <span class='ocrx_word' id='word_1_645' title='bbox 1060 2081 1232 2117; x_wconf 81' lang='grc' dir='ltr'>ἀφικομένων</span> <span class='ocrx_word' id='word_1_646' title='bbox 1243 2081 1322 2116; x_wconf 82' lang='grc' dir='ltr'>ἱερῶν</span> <span class='ocrx_word' id='word_1_647' title='bbox 1333 2080 1426 2116; x_wconf 87' lang='grc' dir='ltr'>δώρων</span> <span class='ocrx_word' id='word_1_648' title='bbox 1444 2081 1464 2096; x_wconf 78' lang='grc'><strong>¹⁹</strong></span> <span class='ocrx_word' id='word_1_649' title='bbox 1475 2089 1481 2095; x_wconf 90' lang='grc'><strong>·</strong></span> <span class='ocrx_word' id='word_1_650' title='bbox 1506 2080 1578 2107; x_wconf 81' lang='grc' dir='ltr'>δοκεῖ</span> <span class='ocrx_word' id='word_1_651' title='bbox 1603 2080 1656 2116; x_wconf 79' lang='grc' dir='ltr'><strong>γάρ</strong></span> <span class='ocrx_word' id='word_1_652' title='bbox 1671 2089 1716 2115; x_wconf 89' lang='grc' dir='ltr'><strong>μοι</strong></span> <span class='ocrx_word' id='word_1_653' title='bbox 1731 2080 1788 2106; x_wconf 85' lang='grc' dir='ltr'><strong>τῶν</strong></span> 
     </span>
    </p>
   </div>
   <div class='ocr_carea' id='block_1_94' title="bbox 999 2126 1789 2163">
    <p class='ocr_par' dir='ltr' id='par_1_94' title="bbox 999 2126 1789 2163">
     <span class='ocr_line' id='line_1_94' title="bbox 999 2126 1789 2163; baseline -0.003 -9"><span class='ocrx_word' id='word_1_654' title='bbox 999 2128 1172 2163; x_wconf 81' lang='grc' dir='ltr'>ὑμνουμένων</span> <span class='ocrx_word' id='word_1_655' title='bbox 1196 2127 1308 2154; x_wconf 85' lang='grc' dir='ltr'>ἁπασῶν</span> <span class='ocrx_word' id='word_1_656' title='bbox 1331 2126 1511 2163; x_wconf 85' lang='grc' dir='ltr'>οεουργιῶνὴ</span> <span class='ocrx_word' id='word_1_657' title='bbox 1536 2127 1712 2162; x_wconf 82' lang='grc' dir='ltr'>πραγματεία</span> <span class='ocrx_word' id='word_1_658' title='bbox 1723 2126 1789 2161; x_wconf 75' lang='grc' dir='ltr'>περὶ</span> 
     </span>
    </p>
   </div>
   <div class='ocr_carea' id='block_1_95' title="bbox 997 2172 1788 2209">
    <p class='ocr_par' dir='ltr' id='par_1_95' title="bbox 997 2172 1788 2209">
     <span class='ocr_line' id='line_1_95' title="bbox 997 2172 1788 2209; baseline -0.001 -9"><span class='ocrx_word' id='word_1_659' title='bbox 997 2175 1071 2209; x_wconf 70' lang='grc' dir='ltr'>ἡμᾶς</span> <span class='ocrx_word' id='word_1_660' title='bbox 1087 2173 1247 2208; x_wconf 81' lang='grc' dir='ltr'>γεγονέναι,</span> <span class='ocrx_word' id='word_1_661' title='bbox 1278 2173 1327 2208; x_wconf 80' lang='grc' dir='ltr'><strong>τὴν</strong></span> <span class='ocrx_word' id='word_1_662' title='bbox 1360 2173 1408 2208; x_wconf 87' lang='grc' dir='ltr'><strong>μὲν</strong></span> <span class='ocrx_word' id='word_1_663' title='bbox 1423 2173 1516 2200; x_wconf 82' lang='grc' dir='ltr'>οὐσίαν</span> <span class='ocrx_word' id='word_1_664' title='bbox 1532 2173 1611 2209; x_wconf 85' lang='grc' dir='ltr'>ἡμῶν</span> <span class='ocrx_word' id='word_1_665' title='bbox 1637 2173 1682 2199; x_wconf 78' lang='grc' dir='ltr'>καὶ</span> <span class='ocrx_word' id='word_1_666' title='bbox 1712 2172 1788 2208; x_wconf 82' lang='grc' dir='ltr'>ζωὴν</span> 
     </span>
    </p>
   </div>
   <div class='ocr_carea' id='block_1_96' title="bbox 998 2219 1788 2256">
    <p class='ocr_par' dir='ltr' id='par_1_96' title="bbox 998 2219 1788 2256">
     <span class='ocr_line' id='line_1_96' title="bbox 998 2219 1788 2256; baseline -0.001 -10"><span class='ocrx_word' id='word_1_667' title='bbox 998 2219 1162 2254; x_wconf 78' lang='grc' dir='ltr'>ἁγαθοειδῶς</span> <span class='ocrx_word' id='word_1_668' title='bbox 1195 2220 1383 2256; x_wconf 85' lang='grc' dir='ltr'>ὑποστήσασα,</span> <span class='ocrx_word' id='word_1_669' title='bbox 1412 2221 1459 2247; x_wconf 80' lang='grc' dir='ltr'>καὶ</span> <span class='ocrx_word' id='word_1_670' title='bbox 1489 2219 1652 2255; x_wconf 87' lang='grc' dir='ltr'>ἀρχετύποις</span> <span class='ocrx_word' id='word_1_671' title='bbox 1675 2219 1788 2246; x_wconf 73' lang='grc' dir='ltr'>κάλλεσι</span> 
     </span>
    </p>
   </div>
   <div class='ocr_carea' id='block_1_97' title="bbox 997 2265 1789 2302">
    <p class='ocr_par' dir='ltr' id='par_1_97' title="bbox 997 2265 1789 2302">
     <span class='ocr_line' id='line_1_97' title="bbox 997 2265 1789 2302; baseline -0.001 -10"><span class='ocrx_word' id='word_1_672' title='bbox 997 2266 1027 2292; x_wconf 71' lang='grc' dir='ltr'>τὸ</span> <span class='ocrx_word' id='word_1_673' title='bbox 1044 2266 1157 2298; x_wconf 81' lang='grc' dir='ltr'>θεοειδὲς</span> <span class='ocrx_word' id='word_1_674' title='bbox 1182 2266 1260 2302; x_wconf 82' lang='grc' dir='ltr'>ἡμῶν</span> <span class='ocrx_word' id='word_1_675' title='bbox 1286 2266 1463 2302; x_wconf 78' lang='grc' dir='ltr'>μορφώσασα,</span> <span class='ocrx_word' id='word_1_676' title='bbox 1482 2266 1529 2293; x_wconf 74' lang='grc' dir='ltr'>καὶ</span> <span class='ocrx_word' id='word_1_677' title='bbox 1547 2265 1685 2300; x_wconf 76' lang='grc' dir='ltr'>θειοτέρας</span> <span class='ocrx_word' id='word_1_678' title='bbox 1703 2265 1789 2298; x_wconf 74' lang='grc' dir='ltr'>ἕξεως</span> 
     </span>
    </p>
   </div>
   <div class='ocr_carea' id='block_1_98' title="bbox 998 2310 1789 2348">
    <p class='ocr_par' dir='ltr' id='par_1_98' title="bbox 998 2310 1789 2348">
     <span class='ocr_line' id='line_1_98' title="bbox 998 2310 1789 2348; baseline -0.001 -10"><span class='ocrx_word' id='word_1_679' title='bbox 998 2313 1045 2338; x_wconf 74' lang='grc' dir='ltr'>καὶ</span> <span class='ocrx_word' id='word_1_680' title='bbox 1062 2313 1204 2347; x_wconf 82' lang='grc' dir='ltr'>ἀναγωγῆς</span> <span class='ocrx_word' id='word_1_681' title='bbox 1220 2313 1248 2338; x_wconf 80' lang='grc' dir='ltr'>ὲν</span> <span class='ocrx_word' id='word_1_682' title='bbox 1267 2313 1394 2348; x_wconf 71' lang='grc' dir='ltr'>μετουσίᾳ</span> <span class='ocrx_word' id='word_1_683' title='bbox 1411 2312 1616 2347; x_wconf 78' lang='grc' dir='ltr'>καταστήσασα,</span> <span class='ocrx_word' id='word_1_684' title='bbox 1641 2310 1789 2338; x_wconf 63' lang='grc' dir='ltr'>κατιδοῦσα</span> 
     </span>
    </p>
   </div>
   <div class='ocr_carea' id='block_1_99' title="bbox 998 2361 1787 2398">
    <p class='ocr_par' dir='ltr' id='par_1_99' title="bbox 998 2361 1787 2398">
     <span class='ocr_line' id='line_1_99' title="bbox 998 2361 1787 2398; baseline -0.004 -8"><span class='ocrx_word' id='word_1_685' title='bbox 998 2364 1025 2390; x_wconf 80' lang='grc' dir='ltr'><strong>δὲ</strong></span> <span class='ocrx_word' id='word_1_686' title='bbox 1039 2363 1087 2398; x_wconf 79' lang='grc' dir='ltr'>τὴν</span> <span class='ocrx_word' id='word_1_687' title='bbox 1102 2363 1129 2396; x_wconf 71' lang='grc' dir='ltr'>ἐξ</span> <span class='ocrx_word' id='word_1_688' title='bbox 1149 2363 1315 2398; x_wconf 79' lang='grc' dir='ltr'>ἀπροσεξίας</span> <span class='ocrx_word' id='word_1_689' title='bbox 1330 2363 1512 2398; x_wconf 76' lang='grc' dir='ltr'>ἐγγενομένην</span> <span class='ocrx_word' id='word_1_690' title='bbox 1523 2363 1589 2397; x_wconf 84' lang='grc' dir='ltr'>ἡμῖν</span> <span class='ocrx_word' id='word_1_691' title='bbox 1603 2362 1719 2398; x_wconf 75' lang='grc' dir='ltr'>ἐρημίαν</span> <span class='ocrx_word' id='word_1_692' title='bbox 1731 2361 1787 2397; x_wconf 82' lang='grc' dir='ltr'><strong>τῶν</strong></span> 
     </span>
    </p>
   </div>
   <div class='ocr_carea' id='block_1_100' title="bbox 998 2407 1788 2444">
    <p class='ocr_par' dir='ltr' id='par_1_100' title="bbox 998 2407 1788 2444">
     <span class='ocr_line' id='line_1_100' title="bbox 998 2407 1788 2444; baseline -0.003 -8"><span class='ocrx_word' id='word_1_693' title='bbox 998 2409 1077 2436; x_wconf 85' lang='grc' dir='ltr'>θείων</span> <span class='ocrx_word' id='word_1_694' title='bbox 1089 2409 1207 2444; x_wconf 83' lang='grc' dir='ltr'>δωρεῶν,</span> <span class='ocrx_word' id='word_1_695' title='bbox 1237 2411 1442 2441; x_wconf 79' lang='grc' dir='ltr'>ὲπισκευαστοῖς</span> <span class='ocrx_word' id='word_1_696' title='bbox 1465 2409 1538 2444; x_wconf 79' lang='grc' dir='ltr'>ἡμᾶς</span> <span class='ocrx_word' id='word_1_697' title='bbox 1568 2408 1679 2442; x_wconf 87' lang='grc' dir='ltr'>ἀγαθοῖς</span> <span class='ocrx_word' id='word_1_698' title='bbox 1701 2409 1740 2440; x_wconf 84' lang='grc' dir='ltr'><strong>είς</strong></span> <span class='ocrx_word' id='word_1_699' title='bbox 1756 2407 1788 2434; x_wconf 74' lang='grc' dir='ltr'>τὸ</span> 
     </span>
    </p>
   </div>
   <div class='ocr_carea' id='block_1_101' title="bbox 998 2453 1788 2491">
    <p class='ocr_par' dir='ltr' id='par_1_101' title="bbox 998 2453 1788 2491">
     <span class='ocr_line' id='line_1_101' title="bbox 998 2453 1788 2491; baseline -0.004 -9"><span class='ocrx_word' id='word_1_700' title='bbox 998 2457 1110 2491; x_wconf 85' lang='grc' dir='ltr'>ἀρχαῖον</span> <span class='ocrx_word' id='word_1_701' title='bbox 1123 2454 1351 2487; x_wconf 80' lang='grc' dir='ltr'>ἀνακαλέσασθαι,</span> <span class='ocrx_word' id='word_1_702' title='bbox 1368 2454 1415 2481; x_wconf 76' lang='grc' dir='ltr'>καὶ</span> <span class='ocrx_word' id='word_1_703' title='bbox 1430 2456 1462 2490; x_wconf 82' lang='grc' dir='ltr'>τῇ</span> <span class='ocrx_word' id='word_1_704' title='bbox 1481 2454 1609 2480; x_wconf 88' lang='grc' dir='ltr'>παντελεῖ</span> <span class='ocrx_word' id='word_1_705' title='bbox 1618 2453 1672 2480; x_wconf 81' lang='grc' dir='ltr'><strong>τῶν</strong></span> <span class='ocrx_word' id='word_1_706' title='bbox 1689 2453 1788 2489; x_wconf 84' lang='grc' dir='ltr'>ἡμετέ-</span> 
     </span>
    </p>
   </div>
   <div class='ocr_carea' id='block_1_102' title="bbox 999 2499 1786 2538">
    <p class='ocr_par' dir='ltr' id='par_1_102' title="bbox 999 2499 1786 2538">
     <span class='ocr_line' id='line_1_102' title="bbox 999 2499 1786 2538; baseline -0.003 -10"><span class='ocrx_word' id='word_1_707' title='bbox 999 2511 1052 2538; x_wconf 89' lang='grc' dir='ltr'><strong>ρων</strong></span> <span class='ocrx_word' id='word_1_708' title='bbox 1075 2501 1223 2537; x_wconf 63' lang='grc' dir='ltr'>προσλήψει</span> <span class='ocrx_word' id='word_1_709' title='bbox 1249 2501 1299 2537; x_wconf 84' lang='grc' dir='ltr'>τὴν</span> <span class='ocrx_word' id='word_1_710' title='bbox 1320 2500 1489 2536; x_wconf 84' lang='grc' dir='ltr'>τελειοτάτην</span> <span class='ocrx_word' id='word_1_711' title='bbox 1501 2499 1554 2526; x_wconf 86' lang='grc' dir='ltr'>τῶν</span> <span class='ocrx_word' id='word_1_712' title='bbox 1568 2499 1675 2526; x_wconf 88' lang='grc' dir='ltr'>οἰκείων</span> <span class='ocrx_word' id='word_1_713' title='bbox 1702 2499 1786 2535; x_wconf 86' lang='grc' dir='ltr'>μετά-</span> 
     </span>
    </p>
   </div>
   <div class='ocr_carea' id='block_1_103' title="bbox 996 2543 1786 2582">
    <p class='ocr_par' dir='ltr' id='par_1_103' title="bbox 996 2543 1786 2582">
     <span class='ocr_line' id='line_1_103' title="bbox 996 2543 1786 2582; baseline -0.003 -10"><span class='ocrx_word' id='word_1_714' title='bbox 996 2546 1068 2573; x_wconf 85' lang='grc' dir='ltr'>δοσιν</span> <span class='ocrx_word' id='word_1_715' title='bbox 1084 2546 1297 2582; x_wconf 82' lang='grc' dir='ltr'>ὰγαθουργῆσαι,</span> <span class='ocrx_word' id='word_1_716' title='bbox 1312 2545 1358 2572; x_wconf 77' lang='grc' dir='ltr'><strong>καὶ</strong></span> <span class='ocrx_word' id='word_1_717' title='bbox 1375 2545 1460 2580; x_wconf 84' lang='grc' dir='ltr'>ταύτῃ</span> <span class='ocrx_word' id='word_1_718' title='bbox 1477 2544 1618 2571; x_wconf 79' lang='grc' dir='ltr'>κοινωνίαν</span> <span class='ocrx_word' id='word_1_719' title='bbox 1636 2545 1700 2579; x_wconf 76' lang='grc' dir='ltr'>ἡμῖν</span> <span class='ocrx_word' id='word_1_720' title='bbox 1717 2543 1786 2571; x_wconf 76' lang='grc' dir='ltr'>Θεοῦ</span> 
     </span>
    </p>
   </div>
   <div class='ocr_carea' id='block_1_104' title="bbox 997 2591 1410 2628">
    <p class='ocr_par' dir='ltr' id='par_1_104' title="bbox 997 2591 1410 2628">
     <span class='ocr_line' id='line_1_104' title="bbox 997 2591 1410 2628; baseline -0.002 -10"><span class='ocrx_word' id='word_1_721' title='bbox 997 2593 1044 2618; x_wconf 80' lang='grc' dir='ltr'><strong>καὶ</strong></span> <span class='ocrx_word' id='word_1_722' title='bbox 1060 2593 1113 2619; x_wconf 83' lang='grc' dir='ltr'><strong>τῶν</strong></span> <span class='ocrx_word' id='word_1_723' title='bbox 1130 2592 1209 2619; x_wconf 86' lang='grc' dir='ltr'>θείων</span> <span class='ocrx_word' id='word_1_724' title='bbox 1225 2591 1410 2628; x_wconf 81' lang='grc' dir='ltr'>δωρήσασθαι.</span> 
     </span>
    </p>
   </div>
   <div class='ocr_carea' id='block_1_105' title="bbox 157 2633 1786 2674">
    <p class='ocr_par' dir='ltr' id='par_1_105' title="bbox 157 2633 1786 2674">
     <span class='ocr_line' id='line_1_105' title="bbox 157 2633 1786 2674; baseline 0.001 -14"><span class='ocrx_word' id='word_1_725' title='bbox 157 2633 306 2668; x_wconf 89' lang='lat' dir='ltr'><strong>primitivis</strong></span> <span class='ocrx_word' id='word_1_726' title='bbox 322 2635 574 2669; x_wconf 88' lang='lat' dir='ltr'><strong>pulchritudinibus</strong></span> <span class='ocrx_word' id='word_1_727' title='bbox 599 2637 761 2665; x_wconf 83' lang='lat' dir='ltr'><strong>dcil&#39;ormem</strong></span> <span class='ocrx_word' id='word_1_728' title='bbox 786 2638 872 2665; x_wconf 90' lang='lat' dir='ltr'><strong>nostri</strong></span> <span class='ocrx_word' id='word_1_729' title='bbox 902 2637 1054 2672; x_wconf 90' lang='lat' dir='ltr'><strong>portionem</strong></span> <span class='ocrx_word' id='word_1_730' title='bbox 1082 2637 1260 2669; x_wconf 74' lang='lat' dir='ltr'><strong>eilormando,</strong></span> <span class='ocrx_word' id='word_1_731' title='bbox 1285 2642 1368 2670; x_wconf 89' lang='lat' dir='ltr'><strong>atque</strong></span> <span class='ocrx_word' id='word_1_732' title='bbox 1384 2635 1419 2663; x_wconf 88' lang='lat' dir='ltr'><strong>ad</strong></span> <span class='ocrx_word' id='word_1_733' title='bbox 1450 2634 1593 2663; x_wconf 89' lang='lat' dir='ltr'><strong>divinioris</strong></span> <span class='ocrx_word' id='word_1_734' title='bbox 1617 2635 1725 2662; x_wconf 87' lang='lat' dir='ltr'><strong>habitus</strong></span> <span class='ocrx_word' id='word_1_735' title='bbox 1756 2640 1786 2674; x_wconf 76' lang='lat' dir='ltr'><strong>et</strong></span> 
     </span>
    </p>
   </div>
   <div class='ocr_carea' id='block_1_106' title="bbox 159 2679 1784 2720">
    <p class='ocr_par' dir='ltr' id='par_1_106' title="bbox 159 2679 1784 2720">
     <span class='ocr_line' id='line_1_106' title="bbox 159 2679 1784 2720; baseline -0.001 -11"><span class='ocrx_word' id='word_1_736' title='bbox 159 2679 304 2716; x_wconf 68' lang='lat' dir='ltr'><strong>anagogcs,</strong></span> <span class='ocrx_word' id='word_1_737' title='bbox 320 2690 372 2716; x_wconf 88' lang='lat' dir='ltr'><strong>qua</strong></span> <span class='ocrx_word' id='word_1_738' title='bbox 389 2691 496 2710; x_wconf 85' lang='lat' dir='ltr'><strong>sursum</strong></span> <span class='ocrx_word' id='word_1_739' title='bbox 515 2683 970 2720; x_wconf 71' lang='lat' dir='ltr'><strong>elevemur,partematlmittendo;</strong></span> <span class='ocrx_word' id='word_1_740' title='bbox 991 2689 1046 2711; x_wconf 90' lang='lat' dir='ltr'><strong>tum</strong></span> <span class='ocrx_word' id='word_1_741' title='bbox 1062 2685 1173 2719; x_wconf 84' lang='lat' dir='ltr'><strong>provide</strong></span> <span class='ocrx_word' id='word_1_742' title='bbox 1190 2684 1323 2715; x_wconf 86' lang='lat' dir='ltr'><strong>curando,</strong></span> <span class='ocrx_word' id='word_1_743' title='bbox 1336 2687 1365 2710; x_wconf 92' lang='lat' dir='ltr'><strong>ut</strong></span> <span class='ocrx_word' id='word_1_744' title='bbox 1379 2690 1412 2710; x_wconf 78' lang='lat' dir='ltr'><strong>ex</strong></span> <span class='ocrx_word' id='word_1_745' title='bbox 1433 2682 1551 2718; x_wconf 74' lang='lat' dir='ltr'><strong>ingenita</strong></span> <span class='ocrx_word' id='word_1_746' title='bbox 1573 2682 1651 2709; x_wconf 88' lang='lat' dir='ltr'><strong>nobis</strong></span> <span class='ocrx_word' id='word_1_747' title='bbox 1666 2689 1714 2716; x_wconf 91' lang='lat' dir='ltr'><strong>per</strong></span> <span class='ocrx_word' id='word_1_748' title='bbox 1736 2687 1784 2707; x_wconf 86' lang='lat' dir='ltr'><strong>no-</strong></span> 
     </span>
    </p>
   </div>
   <div class='ocr_carea' id='block_1_107' title="bbox 808 2792 1146 2821">
    <p class='ocr_par' dir='ltr' id='par_1_107' title="bbox 808 2792 1146 2821">
     <span class='ocr_line' id='line_1_107' title="bbox 808 2792 1146 2821; baseline 0.003 -3"><span class='ocrx_word' id='word_1_749' title='bbox 808 2792 924 2820; x_wconf 72' lang='grc' dir='ltr'><strong>νΑῐὶΙᾸΞ</strong></span> <span class='ocrx_word' id='word_1_750' title='bbox 945 2792 1146 2821; x_wconf 76' lang='lat' dir='ltr'><strong>LECTIONES.</strong></span> 
     </span>
    </p>
   </div>
   <div class='ocr_carea' id='block_1_108' title="bbox 193 2836 1782 2873">
    <p class='ocr_par' dir='ltr' id='par_1_108' title="bbox 193 2836 1782 2873">
     <span class='ocr_line' id='line_1_108' title="bbox 193 2836 1782 2873; baseline -0.001 -9"><span class='ocrx_word' id='word_1_751' title='bbox 193 2838 203 2853; x_wconf 78' lang='lat'><strong>&#39;</strong></span> <span class='ocrx_word' id='word_1_752' title='bbox 218 2838 264 2864; x_wconf 85' lang='grc' dir='ltr'><strong>καὶ</strong></span> <span class='ocrx_word' id='word_1_753' title='bbox 277 2838 475 2873; x_wconf 78' lang='grc' dir='ltr'>ὲνεργούμενοι.</span> <span class='ocrx_word' id='word_1_754' title='bbox 490 2839 596 2873; x_wconf 75' lang='grc' dir='ltr'>Πρῶτοι</span> <span class='ocrx_word' id='word_1_755' title='bbox 608 2838 629 2864; x_wconf 80' lang='grc' dir='ltr'>δ’</span> <span class='ocrx_word' id='word_1_756' title='bbox 643 2838 698 2870; x_wconf 75' lang='grc' dir='ltr'>οὖν,</span> <span class='ocrx_word' id='word_1_757' title='bbox 714 2839 743 2865; x_wconf 83' lang='lat' dir='ltr'><strong>D.</strong></span> <span class='ocrx_word' id='word_1_758' title='bbox 761 2839 789 2864; x_wconf 83' lang='grc' dir='ltr'>ν.</span> <span class='ocrx_word' id='word_1_759' title='bbox 807 2839 855 2865; x_wconf 74' lang='lat' dir='ltr'><strong>(2h.</strong></span> <span class='ocrx_word' id='word_1_760' title='bbox 875 2840 903 2864; x_wconf 54' lang='grc' dir='ltr'><strong>ὃ.</strong></span> <span class='ocrx_word' id='word_1_761' title='bbox 920 2843 947 2864; x_wconf 83' lang='lat' dir='ltr'><strong>cl</strong></span> <span class='ocrx_word' id='word_1_762' title='bbox 968 2839 998 2864; x_wconf 90' lang='lat' dir='ltr'><strong>V.</strong></span> <span class='ocrx_word' id='word_1_763' title='bbox 1021 2839 1042 2853; x_wconf 85' lang='lat'><strong>‘°</strong></span> <span class='ocrx_word' id='word_1_764' title='bbox 1056 2847 1101 2873; x_wconf 83' lang='grc' dir='ltr'>γρ.</span> <span class='ocrx_word' id='word_1_765' title='bbox 1115 2838 1214 2864; x_wconf 83' lang='grc' dir='ltr'>καίτοι.</span> <span class='ocrx_word' id='word_1_766' title='bbox 1238 2839 1256 2854; x_wconf 85' lang='grc'><strong>¹¹</strong></span> <span class='ocrx_word' id='word_1_767' title='bbox 1284 2837 1502 2873; x_wconf 84' lang='grc' dir='ltr'>ἀποκηρύττεται</span> <span class='ocrx_word' id='word_1_768' title='bbox 1515 2838 1560 2864; x_wconf 70' lang='grc' dir='ltr'><strong>τὸν</strong></span> <span class='ocrx_word' id='word_1_769' title='bbox 1575 2838 1624 2872; x_wconf 82' lang='grc' dir='ltr'>μή,</span> <span class='ocrx_word' id='word_1_770' title='bbox 1640 2842 1692 2873; x_wconf 66' lang='lat' dir='ltr'><strong>etc.</strong></span> <span class='ocrx_word' id='word_1_771' title='bbox 1713 2836 1782 2873; x_wconf 55' lang='lat' dir='ltr'><strong>liud.</strong></span> 
     </span>
    </p>
   </div>
   <div class='ocr_carea' id='block_1_109' title="bbox 159 2873 903 2933">
    <p class='ocr_par' dir='ltr' id='par_1_109' title="bbox 159 2873 903 2933">
     <span class='ocr_line' id='line_1_109' title="bbox 159 2873 903 2905; baseline 0.003 -7"><span class='ocrx_word' id='word_1_772' title='bbox 159 2879 206 2898; x_wconf 77' lang='lat' dir='ltr'><strong>sna</strong></span> <span class='ocrx_word' id='word_1_773' title='bbox 220 2881 299 2899; x_wconf 86' lang='lat' dir='ltr'><strong>manu</strong></span> <span class='ocrx_word' id='word_1_774' title='bbox 312 2874 443 2902; x_wconf 72' lang='lat' dir='ltr'><strong>correxit.</strong></span> <span class='ocrx_word' id='word_1_775' title='bbox 459 2880 484 2899; x_wconf 90' lang='lat' dir='ltr'><strong>et</strong></span> <span class='ocrx_word' id='word_1_776' title='bbox 499 2876 581 2900; x_wconf 78' lang='lat' dir='ltr'><strong>vertit</strong></span> <span class='ocrx_word' id='word_1_777' title='bbox 605 2875 664 2901; x_wconf 69' lang='grc' dir='ltr'>δην,</span> <span class='ocrx_word' id='word_1_778' title='bbox 706 2875 726 2889; x_wconf 79' lang='grc'>¹²</span> <span class='ocrx_word' id='word_1_779' title='bbox 739 2873 834 2905; x_wconf 79' lang='grc' dir='ltr'>ἀξίοις,</span> <span class='ocrx_word' id='word_1_780' title='bbox 853 2875 903 2901; x_wconf 77' lang='lat' dir='ltr'><strong>Ch.</strong></span> 
     </span>
     <span class='ocr_line' id='line_1_110' title="bbox 159 2907 903 2933; baseline 0 0"><span class='ocrx_word' id='word_1_781' title='bbox 159 2907 198 2933; x_wconf 67' lang='grc' dir='ltr'><strong>τεὶ</strong></span> <span class='ocrx_word' id='word_1_782' title='bbox 216 2908 249 2933; x_wconf 81' lang='grc' dir='ltr'><strong>Μ.</strong></span> <span class='ocrx_word' id='word_1_783' title='bbox 267 2909 311 2933; x_wconf 70' lang='lat' dir='ltr'><strong>Se.</strong></span> <span class='ocrx_word' id='word_1_784' title='bbox 361 2909 381 2924; x_wconf 82' lang='grc'>¹⁶</span> <span class='ocrx_word' id='word_1_785' title='bbox 394 2910 454 2933; x_wconf 82' lang='grc' dir='ltr'>τότε</span> <span class='ocrx_word' id='word_1_786' title='bbox 467 2910 490 2933; x_wconf 81' lang='grc' dir='ltr'>οἱ</span> <span class='ocrx_word' id='word_1_787' title='bbox 506 2910 637 2933; x_wconf 76' lang='grc' dir='ltr'>πανίεηοι.</span> <span class='ocrx_word' id='word_1_788' title='bbox 655 2909 688 2933; x_wconf 70' lang='grc' dir='ltr'><strong>Μ.</strong></span> <span class='ocrx_word' id='word_1_789' title='bbox 706 2909 734 2933; x_wconf 91' lang='lat' dir='ltr'><strong>D.</strong></span> <span class='ocrx_word' id='word_1_790' title='bbox 752 2910 800 2933; x_wconf 70' lang='lat' dir='ltr'><strong>(2h.</strong></span> <span class='ocrx_word' id='word_1_791' title='bbox 818 2910 862 2933; x_wconf 66' lang='grc' dir='ltr'>δι’.</span> <span class='ocrx_word' id='word_1_792' title='bbox 879 2911 903 2933; x_wconf 69' lang='lat' dir='ltr'><strong>S:</strong></span> 
     </span>
    </p>
   </div>
   <div class='ocr_carea' id='block_1_110' title="bbox 159 2907 311 2937">
    <p class='ocr_par' dir='ltr' id='par_1_110' title="bbox 159 2907 311 2937">
     <span class='ocr_line' id='line_1_111' title="bbox 159 2907 311 2937; baseline 0.02 -5"><span class='ocrx_word' id='word_1_793' title='bbox 159 2907 198 2937; x_wconf 44' lang='grc' dir='ltr'><strong>τε,</strong></span> <span class='ocrx_word' id='word_1_794' title='bbox 216 2908 249 2934; x_wconf 81' lang='grc' dir='ltr'><strong>Μ.</strong></span> <span class='ocrx_word' id='word_1_795' title='bbox 267 2909 311 2935; x_wconf 74' lang='lat' dir='ltr'><strong>Se.</strong></span> 
     </span>
    </p>
   </div>
   <div class='ocr_carea' id='block_1_111' title="bbox 160 2941 681 2974">
    <p class='ocr_par' dir='ltr' id='par_1_111' title="bbox 160 2941 681 2974">
     <span class='ocr_line' id='line_1_112' title="bbox 160 2941 681 2974; baseline 0.012 -8"><span class='ocrx_word' id='word_1_796' title='bbox 160 2941 262 2974; x_wconf 66' lang='grc' dir='ltr'>λογίαν,</span> <span class='ocrx_word' id='word_1_797' title='bbox 279 2943 306 2971; x_wconf 78' lang='grc' dir='ltr'><strong>Ρ.</strong></span> <span class='ocrx_word' id='word_1_798' title='bbox 322 2944 352 2971; x_wconf 90' lang='lat' dir='ltr'><strong>D.</strong></span> <span class='ocrx_word' id='word_1_799' title='bbox 371 2944 431 2971; x_wconf 68' lang='grc' dir='ltr'>δατ.</span> <span class='ocrx_word' id='word_1_800' title='bbox 447 2950 474 2972; x_wconf 87' lang='lat' dir='ltr'><strong>et</strong></span> <span class='ocrx_word' id='word_1_801' title='bbox 492 2945 567 2972; x_wconf 67' lang='lat' dir='ltr'><strong>\‘ien.</strong></span> <span class='ocrx_word' id='word_1_802' title='bbox 585 2941 681 2972; x_wconf 79' lang='lat' dir='ltr'><strong>minor.</strong></span> 
     </span>
    </p>
   </div>
   <div class='ocr_carea' id='block_1_112' title="bbox 944 2873 1198 2900">
    <p class='ocr_par' dir='ltr' id='par_1_112' title="bbox 944 2873 1198 2900">
     <span class='ocr_line' id='line_1_113' title="bbox 944 2873 1198 2900; baseline 0 -1"><span class='ocrx_word' id='word_1_803' title='bbox 944 2875 964 2889; x_wconf 70' lang='grc'>¹³</span> <span class='ocrx_word' id='word_1_804' title='bbox 979 2874 1038 2900; x_wconf 71' lang='grc' dir='ltr'>ἐπεὶ</span> <span class='ocrx_word' id='word_1_805' title='bbox 1052 2874 1089 2900; x_wconf 81' lang='grc' dir='ltr'><strong>δέ.</strong></span> <span class='ocrx_word' id='word_1_806' title='bbox 1107 2874 1135 2899; x_wconf 90' lang='grc'><strong>1).</strong></span> <span class='ocrx_word' id='word_1_807' title='bbox 1149 2873 1198 2900; x_wconf 77' lang='lat' dir='ltr'><strong>Ch.</strong></span> 
     </span>
    </p>
   </div>
   <div class='ocr_carea' id='block_1_113' title="bbox 361 2894 1783 2945">
    <p class='ocr_par' dir='ltr' id='par_1_113' title="bbox 361 2894 1783 2945">
     <span class='ocr_line' id='line_1_114' title="bbox 361 2894 1783 2945; baseline -0.001 -10"><span class='ocrx_word' id='word_1_808' title='bbox 361 2895 454 2945; x_wconf 44' lang='grc' dir='ltr'>ίξτότιε</span> <span class='ocrx_word' id='word_1_809' title='bbox 467 2910 490 2935; x_wconf 83' lang='grc' dir='ltr'>οἱ</span> <span class='ocrx_word' id='word_1_810' title='bbox 506 2895 637 2945; x_wconf 75' lang='grc' dir='ltr'>πανίεροι,</span> <span class='ocrx_word' id='word_1_811' title='bbox 654 2895 688 2936; x_wconf 59' lang='grc' dir='ltr'><strong>Μ.</strong></span> <span class='ocrx_word' id='word_1_812' title='bbox 706 2909 734 2935; x_wconf 93' lang='lat' dir='ltr'><strong>D.</strong></span> <span class='ocrx_word' id='word_1_813' title='bbox 752 2894 862 2935; x_wconf 45' lang='lat' dir='ltr'><strong>{lingua</strong></span> <span class='ocrx_word' id='word_1_814' title='bbox 879 2896 939 2935; x_wconf 65' lang='lat' dir='ltr'><strong>sar.</strong></span> <span class='ocrx_word' id='word_1_815' title='bbox 956 2910 978 2934; x_wconf 86' lang='lat' dir='ltr'><strong>oi</strong></span> <span class='ocrx_word' id='word_1_816' title='bbox 992 2909 1020 2935; x_wconf 81' lang='grc' dir='ltr'>δὲ</span> <span class='ocrx_word' id='word_1_817' title='bbox 1032 2894 1166 2945; x_wconf 51' lang='grc' dir='ltr'>παιίίεροι,</span> <span class='ocrx_word' id='word_1_818' title='bbox 1179 2908 1208 2935; x_wconf 82' lang='grc' dir='ltr'><strong>Β.</strong></span> <span class='ocrx_word' id='word_1_819' title='bbox 1225 2916 1306 2945; x_wconf 70' lang='lat' dir='ltr'><strong>corr._</strong></span> <span class='ocrx_word' id='word_1_820' title='bbox 1317 2908 1476 2945; x_wconf 55' lang='grc' dir='ltr'>’Υμθολογία</span> <span class='ocrx_word' id='word_1_821' title='bbox 1491 2894 1646 2945; x_wconf 51' lang='grc' dir='ltr'><strong>Ιρδξοιῖιίιιιιιξ</strong></span> <span class='ocrx_word' id='word_1_822' title='bbox 1683 2894 1783 2943; x_wconf 40' lang='lat' dir='ltr'><strong>&quot;rt-5;»:</strong></span> 
     </span>
    </p>
   </div>
   <div class='ocr_carea' id='block_1_114' title="bbox 722 2942 1643 2980">
    <p class='ocr_par' dir='ltr' id='par_1_114' title="bbox 722 2942 1643 2980">
     <span class='ocr_line' id='line_1_115' title="bbox 722 2942 1643 2980; baseline -0.001 -10"><span class='ocrx_word' id='word_1_823' title='bbox 722 2945 743 2960; x_wconf 64' lang='grc' dir='ltr'><strong><em>η</em></strong></span> <span class='ocrx_word' id='word_1_824' title='bbox 757 2944 882 2980; x_wconf 77' lang='grc' dir='ltr'>ἀρχικήν,</span> <span class='ocrx_word' id='word_1_825' title='bbox 900 2945 928 2971; x_wconf 85' lang='grc'><strong>1.).</strong></span> <span class='ocrx_word' id='word_1_826' title='bbox 945 2944 1094 2980; x_wconf 83' lang='grc' dir='ltr'>ἱερατικὴν,</span> <span class='ocrx_word' id='word_1_827' title='bbox 1109 2942 1136 2971; x_wconf 79' lang='grc' dir='ltr'>ιι.</span> <span class='ocrx_word' id='word_1_828' title='bbox 1189 2945 1211 2960; x_wconf 65' lang='grc'><strong>¹⁵¹</strong></span> <span class='ocrx_word' id='word_1_829' title='bbox 1225 2942 1391 2979; x_wconf 46' lang='grc' dir='ltr'>δωρεῶνίΡ.</span> <span class='ocrx_word' id='word_1_830' title='bbox 1520 2942 1528 2944; x_wconf 57' lang='grc'><em>’</em></span> <span class='ocrx_word' id='word_1_831' title='bbox 1641 2942 1643 2946; x_wconf 84' lang='grc'><em>’</em></span> 
     </span>
    </p>
   </div>
   <div class='ocr_carea' id='block_1_115' title="bbox 1239 2871 1784 2907">
    <p class='ocr_par' dir='ltr' id='par_1_115' title="bbox 1239 2871 1784 2907">
     <span class='ocr_line' id='line_1_116' title="bbox 1239 2871 1784 2907; baseline 0 -8"><span class='ocrx_word' id='word_1_832' title='bbox 1239 2874 1260 2889; x_wconf 67' lang='grc'><strong>’⁵</strong></span> <span class='ocrx_word' id='word_1_833' title='bbox 1274 2873 1341 2899; x_wconf 88' lang='lat' dir='ltr'><strong>Bud.</strong></span> <span class='ocrx_word' id='word_1_834' title='bbox 1355 2871 1473 2899; x_wconf 73' lang='lat' dir='ltr'><strong>correxit</strong></span> <span class='ocrx_word' id='word_1_835' title='bbox 1485 2871 1583 2904; x_wconf 70' lang='grc' dir='ltr'>αὐτοῖςζ</span> <span class='ocrx_word' id='word_1_836' title='bbox 1607 2871 1610 2872; x_wconf 56' lang='grc'><strong><em>⁷</em></strong></span> <span class='ocrx_word' id='word_1_837' title='bbox 1627 2873 1648 2888; x_wconf 86' lang='grc'><strong>¹¹</strong></span> <span class='ocrx_word' id='word_1_838' title='bbox 1661 2871 1784 2907; x_wconf 77' lang='grc' dir='ltr'>δέσματά</span> 
     </span>
    </p>
   </div>
   <div class='ocr_carea' id='block_1_116' title="bbox 1189 2942 1391 2979">
    <p class='ocr_par' dir='ltr' id='par_1_116' title="bbox 1189 2942 1391 2979">
     <span class='ocr_line' id='line_1_117' title="bbox 1189 2942 1391 2979; baseline -0.005 -9"><span class='ocrx_word' id='word_1_839' title='bbox 1189 2945 1211 2960; x_wconf 70' lang='grc'><strong>¹³</strong></span> <span class='ocrx_word' id='word_1_840' title='bbox 1225 2943 1343 2979; x_wconf 81' lang='grc' dir='ltr'>δωρεῶν,</span> <span class='ocrx_word' id='word_1_841' title='bbox 1351 2942 1354 2943; x_wconf 49' lang='grc'><strong><em>⁷</em></strong></span> <span class='ocrx_word' id='word_1_842' title='bbox 1362 2942 1391 2969; x_wconf 85' lang='grc' dir='ltr'><strong>Ρ.</strong></span> 
     </span>
    </p>
   </div>
  </div>
