1931 3073
141 119 197 146 ιῦἹ

655 122 698 149 DE
718 122 856 151 ECCLES.
877 122 1072 158 lllERARCll.,
1091 125 1166 154 CAP.
1185 125 1225 154 lll.

1718 130 1767 158 458

142 186 233 209 stram
251 182 387 216 ignaviam
402 192 543 211 munerum
556 185 674 214 orbitate
702 187 867 219 divinorum,
884 188 1032 222 propositis
1057 187 1216 214 muneribus
1244 186 1270 213 in
1304 187 1448 220 pristinum
1476 193 1577 216 statum
1597 196 1766 225 revocemur,

140 228 320 264 perfectaque
348 236 436 256 rerum
466 233 628 259 nostratium
656 235 851 268 assumptione,
867 242 979 262 suarum
991 242 1040 262 nos
1055 234 1208 269 participes
1225 232 1341 266 eﬂiciat,
1361 241 1446 269 eaque
1468 236 1574 264 ratione
1617 235 1664 263 Dei
1689 235 1768 264 nobis

142 272 351 308 divinarumque
397 283 488 302 rerum
531 279 749 305 communionem
796 279 928 314 largiatur

889 359 903 394 ἐ
926 357 1009 388 Vlll.

179 423 257 451 Οὕτω
265 424 292 451 δὲ
302 425 351 460 τῆς
365 425 513 463 θεαρχικῆς
527 428 734 464 φιλανθρωπίας
750 429 829 465 ίερῶς
844 431 920 466 ὑμνη·

1015 429 1043 456 lu
1057 430 1129 457 hunc
1152 434 1244 458 autem
1266 430 1383 458 modum
1397 431 1583 466 deiprincipali
1602 433 1766 468 benignitate

137 470 490 508 θείσης,ὲγκεκαλυμμένος
506 474 554 509 μὲν
568 475 582 501 ὁ
596 475 666 507 θεῖος
680 475 761 511 ἄρτος
773 476 928 512 προτίθεται

139 517 166 537 -'°
188 517 234 544 καὶ
256 518 286 544 τὸ
310 519 359 554 τῆς
384 519 508 553 εὐλογίας
531 521 675 557 ποτήριον·
698 523 712 548 ὁ
735 522 764 548 δὲ
793 522 928 555 θειότατος

138 563 287 598 ἀσπασμὸς
302 564 492 600 ἱερουργεϊται,
502 567 549 593 καὶ
562 567 615 593 τῶν
630 568 804 604 ἁγιογράφων
820 569 927 605 πτυχῶν

137 610 157 643 ἡ
170 610 286 645 μυστικὴ
297 611 343 637 καὶ
354 611 537 648 ὑπερκόσμιος
551 613 710 650 ἀνάρῤησις.
723 615 760 641 Οὐ
772 615 826 651 γὰρ
841 616 926 642 ἔνεστι

138 654 210 690 πρὸς
231 655 261 681 τὺ
281 655 309 682 ἓν
337 657 498 691 συνάγεσθαι
525 660 635 696 καὶτῆς
656 660 702 687 τοῦ
724 661 783 693 eve;
805 662 926 698 μετέχειν

136 700 280 735 είρηναίας
294 701 415 734 ὲνώσεως
438 704 501 736 τοὺς
523 704 592 741 πρὸς
612 707 724 738 ἑαυτοὺς
736 707 923 744 διῃρημένους.

136 744 171 775 Εἰ
185 744 239 780 γὰρ
253 746 305 772 ὑπὸ
326 747 375 782 τῆς
388 748 436 775 τοῦ
458 749 517 782 ἐνὸς
537 750 653 786 Θεωρίας
668 753 714 779 καὶ
737 753 862 787 γνώσεως
882 755 924 782 ἐλ-

135 790 318 827 λαμπόμενοι,
334 794 404 829 πρὸς
421 795 470 831 τὴν
490 796 593 833 ἑνοειδῆ
610 798 656 825 καὶ
672 797 746 825 θείαν
764 802 925 836 συναγωγὴν

134 837 338 874 ἐνοποιηοῶμεν
349 841 382 872 ¹¹,
391 841 441 867 οὐκ
452 840 484 867 ἂν
494 842 540 869 ἐπὶ
548 842 597 875 τὰς
606 844 734 879 μεριστὰς
742 845 925 882 ἀνασχοίμεθα

134 882 318 910 καταπίπτειν
334 884 491 927 ἐπιθυμίας,
507 886 536 920 ἐξ
550 884 587 913 ὧν
604 889 633 914 αἱ
652 889 780 923 πρόσυλοι
794 890 923 928 δημιουρ-

135 927 247 962 γοῦντάι
258 930 304 957 καὶ
318 931 451 966 ἐμπαθεῖς
464 932 531 967 πρὸς
539 932 568 958 τὸ
581 933 652 960 κατὰ
666 935 745 969 φύσιν
759 937 890 972 ὁμοειδεῖς
900 938 923 954 ¹¹

133 973 288 1008 ἀπέχθειαι.
311 975 418 1012 Ταύτην
440 974 497 1009 οὖν,
520 977 559 1010 ὡς
577 977 664 1015 οἴμαι,
689 980 738 1017 τὴν
760 983 860 1019 ἐνοειδῆ
876 985 923 1011 καὶ

134 1019 287 1056 ἀδιαίρετον
300 1021 373 1056 ζωὴν
387 1023 403 1058 ἡ
418 1023 467 1058 τῆς
487 1025 599 1061 εἰρήνης
622 1026 761 1063 ἱερουργία
773 1031 921 1065 νομοθετεῖ,

138 1065 174 1100 τῷ
193 1067 278 1102 ὁμοίῳ
298 1067 328 1093 τὸ
350 1068 442 1104 ὅμοιον
463 1070 631 1106 ὲνιδρύουσα,
651 1074 698 1100 καὶ
718 1075 772 1101 τῶν
788 1077 922 1112 μεριστῶν

134 1111 379 1140 ἀποδιαστέλλουσα
393 1113 427 1140 τὰ
441 1115 499 1142 θεῖα
511 1117 557 1143 καὶ
573 1118 660 1146 ἑνιαῖα
674 1119 806 1156 θεάματα.

979 481 1072 504 sancte
1095 476 1259 509 collaudata,
1290 480 1438 511 coopertus
1458 478 1568 512 quidem
1589 479 1698 507 divinus
1721 479 1767 506 ille

978 523 1056 556 panis
1071 523 1198 557 calixque
1226 523 1431 552 benedictionis
1453 525 1613 559 proponitur
1628 533 1636 552 :
1652 525 1765 553 divinis-

977 569 1046 594 sima
1060 575 1125 596 vero
1138 569 1268 596 salutatio
1284 569 1341 596 sive
1356 569 1492 602 osculum,
1509 577 1707 605 sacrarumque
1723 575 1765 598 ta-

977 614 1098 641 bularum
1120 615 1235 650 mystica
1251 619 1278 642 et
1299 615 1532 649 supermundialis
1549 617 1672 643 recitatio
1695 617 1766 645 sele-

977 661 1081 688 bratur.
1097 661 1156 689 Non
1178 662 1250 690 enim
1274 668 1390 697 possunt
1407 663 1441 690 ad
1465 671 1550 691 unum
1566 664 1665 699 colligi,
1683 669 1765 699 atque

977 706 1056 734 unius
1073 707 1196 742 paciﬁca:
1212 709 1323 736 unionis
1336 709 1482 744 participes
1494 710 1626 743 existere,
1654 711 1700 745 qui
1719 718 1765 738 se—

976 759 1038 780 cum
1055 753 1105 787 ipsi
1123 753 1267 782 dissident.
1293 754 1360 782 Nam
1384 756 1408 783 si
1434 756 1514 783 unius
1530 757 1765 791 contemplatione

975 802 1056 832 atque
1068 799 1225 834 cognitione
1239 800 1380 832 illustrati,
1394 801 1427 829 ad
1440 802 1604 829 uniformem
1618 803 1763 837 quamdam

976 852 1007 872 ac
1022 845 1140 873 divinam
1160 846 1240 882 194
1259 847 1477 882 conjunctionem
1501 848 1696 883 redigerentur,
1714 857 1763 878 ne-

974 898 1110 925 quaquam
1127 892 1154 919 in
1178 892 1281 921 divisas
1299 893 1465 928 cupiditates
1488 894 1571 922 dilabi
1588 903 1637 922 nos
1657 900 1764 930 patere-

974 944 1088 969 κιαι-,εχ
1099 938 1199 973 quibus
1211 938 1270 966 ista:
1281 939 1440 967 materiales
1453 939 1594 975 plenaeque
1605 941 1762 974 passionum

974 983 1103 1011 adversus
1115 984 1233 1019 aequales
1246 985 1368 1013 existunt
1383 986 1542 1014 inimicitia}.
1557 987 1633 1014 Hane
1652 988 1760 1022 itaque,

973 1029 1012 1056 uti
1028 1037 1099 1063 reor,
1113 1030 1281 1058 uniformem
1294 1036 1377 1066 atque
1393 1032 1537 1060 indivisam
1549 1033 1613 1060 vitae
1627 1033 1762 1060 rationem

972 1081 1051 1102 sacra
1072 1076 1122 1102 ista
1148 1077 1224 1110 pacis
1244 1077 1399 1105 conciliatio
1418 1078 1520 1111 sancit,
1539 1078 1601 1105 dum
1622 1079 1711 1106 simile
1734 1080 1761 1109 in

936 1118 959 1145 Β
973 1121 1054 1148 simili
1069 1122 1194 1154 collocat,
1211 1126 1239 1149 et
1261 1123 1352 1150 divina
1370 1123 1575 1158 singulariaque
1598 1124 1756 1159 spectacula

974 1175 989 1194 a
1008 1167 1126 1195 dividuis
1140 1169 1269 1196 secernit.

891 1225 905 1260 §
921 1223 977 1256 IX.

169 1283 272 1331 TthrBé
289 1285 369 1320 ἱερῶν
389 1287 500 1323 πτυχῶν
515 1289 532 1324 ἡ
556 1290 625 1325 μετὰ
638 1291 688 1329 τὴν
704 1293 814 1330 εἰρήνην
834 1295 920 1331 ἀνάρ-

133 1330 214 1374 ῥησις
227 1330 408 1367 ἀνακηρύττει
421 1335 484 1366 τοὺς
496 1335 577 1367 ὁσίως
591 1336 765 1371 βεὸιωκότας,
787 1341 833 1368 καὶ
854 1330 922 1377 πρὸς

132 1375 261 1411 ἐναρέτου
274 1378 348 1414 ζωῆς
361 1380 497 1408 τελείωσιν
513 1383 707 1417 ἀμεταστάτως
722 1375 902 1423 ἀφικομένους
912 1397 918 1404 ’

132 1422 336 1472 ῂμᾶςῌμὲνγὲτιὶ
356 1427 405 1463 τὴν
420 1428 452 1454 δι’
467 1430 624 1466 ὁμοιότητος
644 1432 733 1459 αὐτῶν
750 1435 920 1472 μακαριστὴν

131 1466 189 1516 ἕξοι
203 1469 226 1485 ’³
240 1470 287 1496 καὶ
301 1470 401 1508 θεοειδῆ
426 1473 502 1510 λῆξιν
516 1476 707 1512 προτρέπουσα
726 1466 772 1505 καὶ
788 1466 920 1516 χειραγω-

131 1513 229 1565 γοῦσα,
245 1517 308 1548 τοὺς
321 1518 348 1544 δὲ
362 1518 400 1550 ὡς
415 1519 519 1553 ζῶντας
537 1523 623 1559 ἀνακη
629 1524 771 1559 ρύττουσα,
789 1529 836 1555 καὶ
849 1529 887 1561 ὡς
901 1530 918 1565 ή

128 1557 256 1611 θεολογια
271 1563 363 1611 ιρησίν,
378 1565 409 1591 οὐ
425 1557 635 1602 νεκρωθένταςξ-
644 1570 711 1597 ἀλλὰ
724 1557 769 1603 εἰς,
779 1557 918 1611 θειοτάτην

130 1604 205 1640 ζωὴν
219 1606 251 1633 ὲκ
273 1607 389 1636 θανάτου
413 1614 673 1650 μεταφοιτήσαντας.
697 1617 796 1645 Σκόπει
817 1619 857 1652 δὲ,
880 1604 921 1649 ὅτι

130 1651 178 1686 καὶ
191 1654 373 1703 μνημοσιΰνοις
387 1657 470 1693 ἱεροῖς
482 1660 651 1688 ἀνατίθενται
664 1663 697 1695 ⁸⁸,
709 1665 758 1700 τῆς
767 1665 840 1698 θείας
852 1669 920 1703 μνή-

132 1701 187 1749 μης
199 1699 248 1749 οὐκ
260 1700 440 1736 ἀνθρωπικῶς
454 1704 482 1730 ὲν
496 1707 528 1741 τῇ
542 1707 589 1733 τοῦ
605 1710 773 1744 μνημονικοῦ
786 1699 920 1749 φαντασίᾳ⁸

130 1743 313 1791 δηλουμένης,
339 1748 443 1782 ἀλλ’ὡς
459 1751 491 1779 ἄν
512 1761 554 1784 τις
573 1755 638 1790 φαίη
660 1743 828 1791 θεοπρεπῶς,
850 1743 920 1786 κατᾶ

130 1788 180 1837 ¹τὴν
195 1790 222 1837 ὲν
236 1790 296 1826 Θεῷ
310 1793 332 1808 ’⁸
346 1793 400 1821 τῶν
413 1796 612 1832 τετελεσμένων
628 1788 749 1828 θεοειδιῖλν
762 1788 856 1837 τιμίαν
873 1805 920 1831 καὶ

1010 1297 1158 1326 Sacrarum
1180 1307 1261 1334 porro
1278 1300 1432 1329 tabularum
1447 1308 1508 1335 quae
1525 1306 1586 1337 post
1601 1309 1694 1336 pacem
1711 1303 1760 1329 ad-

974 1343 1084 1371 hibetur
1099 1345 1234 1379 recitatio,
1252 1345 1420 1380 deprzedicat
1438 1353 1486 1375 eos
1504 1347 1550 1381 qui
1571 1351 1666 1375 sancte
1680 1348 1760 1375 vixe-

974 1394 1047 1424 runt,
1060 1395 1143 1425 atque
1157 1392 1191 1422 ad
1203 1391 1297 1426 proba;
1311 1391 1375 1419 vita!
1395 1393 1589 1426 perfectionem
1603 1397 1762 1423 constanter

972 1442 1172 1470 pervenerunt;
1201 1444 1250 1465 nos
1273 1438 1398 1472 quidem',
1414 1446 1509 1466 eorum
1534 1439 1700 1473 imitatione,
1726 1439 1759 1466 ad

973 1482 1162 1510 beatissimum
1191 1483 1267 1510 illum
1290 1488 1391 1511 statum
1407 1485 1583 1520 quietemque
1599 1486 1760 1513 deiformem

974 1529 1147 1557 adhortando
1175 1537 1206 1557 ac
1229 1531 1450 1565 manuducendo,
1470 1531 1532 1559 illos
1555 1540 1622 1560 vero
1642 1541 1691 1560 ceu
1720 1534 1760 1560 vi-

974 1579 1067 1602 ventes
1083 1575 1258 1610 cclebrando,
1283 1578 1382 1612 quippe
1402 1582 1432 1604 ut
1448 1578 1583 1614 theologia
1597 1579 1687 1611 docet,
1711 1586 1760 1606 ne-

970 1627 1108 1654 quaquam
1126 1625 1260 1654 ntortuos,
1282 1623 1328 1649 sed
1346 1630 1380 1649 ex
1395 1627 1483 1651 morte
1500 1624 1532 1651 ad
1547 1624 1630 1650 vitam
1647 1624 1759 1651 divinis-

969 1666 1066 1694 simam
1083 1668 1242 1695 translatos.
1256 1669 1375 1697 Adverte
1390 1675 1493 1701 autem.
1507 1675 1536 1697 ut
1550 1675 1578 1698 et
1596 1671 1683 1699 sacris
1699 1679 1757 1698 me-

969 1712 1126 1740 morialibus
1152 1713 1320 1748 inserantur,
1346 1723 1399 1743 non
1426 1717 1506 1751 quasi
1534 1717 1655 1745 humano
1679 1726 1756 1745 more

968 1758 1127 1785 memoriam
1151 1759 1286 1793 divinam,
1316 1762 1342 1788 in
1368 1770 1400 1789 ea
1427 1767 1504 1797 parte
1534 1763 1672 1791 memoriae
1697 1771 1757 1798 qua:

969 1803 1024 1830 visa
1040 1804 1148 1839 recipit,
1166 1806 1257 1833 inesse
1270 1807 1403 1841 declaret,
1417 1809 1465 1836 sed
1479 1813 1509 1835 ut
1524 1810 1584 1844 quis
1595 1809 1696 1836 dixerit
1707 1818 1756 1844 pro

129 1834 315 1889 ἀμετάστατον
332 1839 354 1854 ’⁸
376 1840 486 1889 γνῶσιν.
505 1844 601 1878 Ἔγνω
616 1847 671 1881 γὰρ
688 1846 749 1883 (ἔφη
771 1834 806 1874 τὰ
827 1848 914 1886 λόγια)

1100 1834 1105 1839 .
1142 1834 1147 1838 .
1352 1834 1355 1835 ν
1386 1834 1753 1844 πέτητα-

972 1848 1014 1876 Dei
1027 1850 1167 1885 dignitate,
1180 1854 1329 1880 secundum
1344 1862 1405 1881 eam
1420 1863 1480 1889 qua:
1495 1855 1520 1882 in
1535 1856 1590 1883 Deo
1605 1861 1646 1883 est
1661 1865 1753 1884 rerqu

130 1879 201 1912 τοὺς
216 1880 306 1915 ὄντας
322 1884 413 1911 αὐτοῦ
423 1894 429 1900 ·
455 1887 511 1920 καὶ,
533 1888 628 1923 Τίμιος
649 1879 789 1919 ἓνάνίτίον
805 1879 916 1928 ι(υρίοὺ

129 1927 147 1953 ὀ
158 1926 284 1960 θάνατος
293 1928 352 1956 τῶν
363 1931 456 1958 ὁσίων
466 1934 569 1967 αὑτοῦ,
580 1936 626 1962 τοῦ
642 1936 757 1965 θανάτου
765 1939 822 1973 τῶν
834 1940 916 1967 ὁσίων

129 1971 190 1998 ἀντὶ
199 1973 248 2008 τῆς
259 1974 288 2001 ὲν
301 1975 419 2012 ὁσιότητι
429 1978 593 2012 τελειώσεως
608 1971 825 2019 εἰρημένουξΚαὶ
837 1986 916 2013 τοῦτο

128 2018 157 2045 δὲ
173 2019 253 2055 ίερῶς
274 2021 409 2057 ἐννόησον,
423 2018 718 2066 ὡς,ὲπιτεθὲντωνητῷ
740 2031 803 2067 θείῳ
820 2032 915 2060 θυσια-

130 2067 233 2116 στηρίιρ
245 2067 300 2095 τῶν
316 2070 471 2106 σεὸασμίων
485 2074 508 2089 ³⁷
519 2074 670 2109 συμϐόλων,
679 2077 711 2104 δι’
721 2075 758 2105 ὧν
771 2081 785 2106 ὁ
798 2080 915 2116 Χριστὸς

130 2112 361 2164 anuslena-ml.
384 2118 534 2164 μετέχεται,
558 2121 690 2158 πάρεστιν
711 2112 878 2159 ἀδιαστάτως

127 2156 182 2203 τῷν
193 2157 277 2192 ἁγίων
291 2160 448 2198 ἀπογραφὴ,
463 2164 493 2190 τὸ
505 2156 715 2203 συνεζευγμένον
725 2169 814 2196 αὐτῶν
828 2156 914 2198 ἐιδιαιζ

130 2201 214 2252 ρέτως
225 2204 394 2252 έμιραίνουσα
408 2208 458 2244 τῆς
479 2211 547 2247 πρὸς
562 2201 642 2240 αὐτὸν
661 2214 846 2252 ὑπερκοσμίου
868 2218 914 2244 καὶ

128 2247 204 2283 ἱερᾶς
222 2249 353 2286 ἑνώσεως,
716 2247 721 2250 ’
785 2247 788 2259 ³

969 1896 1154 1930 perfectarum
1177 1907 1209 1925 ac
1223 1899 1398 1927 deiformium
1413 1902 1562 1936 pretiosam
1585 1907 1611 1929 et
1628 1903 1755 1930 immuta-

967 1941 1048 1969 bilem
1061 1944 1254 1978 cognitionem.
1273 1946 1352 1973 Novt't
1366 1947 1450 1981 enim,
1474 1950 1513 1983 (ut
1528 1949 1635 1983 eloquia
1651 1953 1754 1976 testan—

967 1992 1031 2021 tur),
1046 1997 1091 2023 qut
1119 1995 1181 2016 sunt
1202 1991 1260 2026 ejus
1283 1997 1317 2025 c;
1338 1997 1365 2020 et
1387 2002 1393 2020 :
1419 1993 1540 2021 Pretiosa
1564 1995 1592 2021 in
1615 2001 1754 2030 conspectu

967 2033 1073 2062 Domini
1096 2044 1166 2063 mora
1190 2043 1340 2066 sanctorum
1359 2040 1416 2073 ejus
1437 2040 1463 2072 ἀ,
1492 2046 1579 2068 morte
1597 2047 1753 2070 sanctorum

966 2088 1014 2114 pro
1036 2087 1129 2108 sancta
1154 2086 1394 2112 consummatione
1417 2093 1541 2121 accepta.
1564 2087 1617 2115 Sed
1643 2093 1670 2116 et
1688 2089 1753 2116 illud

966 2133 1075 2160 quoque
1095 2134 1191 2156 sancte
1207 2130 1334 2163 observa,
1359 2136 1389 2159 ut
1414 2132 1548 2167 impositis
1566 2135 1657 2161 divino
1671 2135 1752 2161 altari

965 2173 1053 2200 sacris
1067 2175 1198 2210 symbolis
1215 2177 1313 2211 quibus
1331 2178 1458 2207 Christus
1471 2180 1644 2210 signiﬁcatur
1658 2189 1689 2209 ac
1704 2190 1753 2209 sun

966 2220 1064 2253 mitur,
1088 2222 1212 2255 protinus
1236 2223 1308 2250 adsit
1333 2229 1490 2252 sanctorum
1516 2226 1559 2254 illa
1586 2227 1751 2262 descriptio;

965 2273 1025 2299 quae
1040 2266 1209 2295 individuam
1226 2276 1321 2296 eorum
1336 2271 1553 2305 coniunctionem
1568 2274 1752 2309 unionemquo

965 2319 1027 2338 cum
1042 2311 1090 2340 illo
1105 2316 1360 2349 supermundialem
1375 2325 1542 2353 sacramque
1558 2319 1687 2348 insinuat.

901 2390 973 2426 §X.

161 2443 268 2472 Τούτων
280 2446 308 2473 δὲ
325 2448 386 2474 καθ’
401 2449 430 2476 ὃν
440 2451 546 2487 εἴρηται
557 2452 656 2489 θεσμὸν
668 2455 908 2493 ἱερουργηθέντων,

161 2491 209 2507 '1‘..-
225 2492 389 2507 ι..ι..-...ιι-..
401 2496 453 2507 -1⁸,,
472 2497 492 2507 1,,
562 2499 568 2507 1
642 2501 665 2507 .-
741 2504 752 2507 ,.
761 2504 774 2507 ..
838 2505 848 2507 ..
856 2505 861 2507 _

998 2462 1046 2491 llis
1060 2469 1151 2493 autem
1169 2474 1202 2495 eo
1214 2475 1268 2503 quo
1285 2469 1385 2497 dictum
1404 2476 1446 2498 est
1459 2472 1513 2499 ritu
1529 2472 1685 2507 celebratis,
1702 2476 1750 2503 ad-

125 2490 209 2538 ιοτὼς
225 2492 389 2529 ἐπίπροσθεν
400 2496 454 2522 τῶν
467 2497 626 2532 ἁγιωτάτων
642 2501 665 2517 ’⁸
681 2490 820 2538 συμϐόλων
836 2490 911 2533 ὕδατι

124 2535 173 2568 τὰς
186 2538 279 2573 χεῖρας
289 2540 304 2565 ὁ
319 2540 448 2577 ίεράρχης
462 2543 584 2572 νίπτετειι
601 2547 669 2581 μετὰ
680 2535 727 2575 tot?
742 2551 840 2585 σεμνοῦ
858 2552 911 2579 τῶν

182 2620 194 2634 ε
208 2616 227 2643 ll
247 2616 316 2645 Tim.
332 2627 362 2646 ll.
415 2620 429 2641 ά
441 2621 512 2650 Psal.
528 2626 645 2658 cxv,15.

962 2513 1038 2537 stans
1060 2519 1151 2539 coram
1173 2514 1303 2549 symbolis
1325 2517 1507 2545 sanctissimis
1532 2519 1653 2554 pontifex
1677 2528 1748 2557 aqua

963 2562 1058 2583 manus
1076 2557 1162 2586 abluit
1184 2568 1237 2588 una
1263 2569 1323 2588 cum
1351 2564 1522 2591 sacerdotum
1545 2566 1644 2594 ordine
1667 2575 1748 2595 vene—

744 2698 861 2727 VABIIE
881 2702 1084 2731 LECTIONES.

156 2767 177 2807 f"
191 2769 374 2803 προσ-τίθεται,
389 2772 422 2800 Μ.
437 2774 484 2801 Se.
497 2774 559 2802 Sar.
607 2778 628 2793 ¹¹
644 2778 795 2817 ἐνοποιηθεί
817 2792 876 2819 μεν,
891 2783 922 2809 D.
938 2783 967 2811 S.

159 2804 239 2846 ιεροζς
253 2804 448 2846 ἀνατέθεινταιγ,
465 2810 495 2846 Ι).
513 2810 565 2837 Ch.
578 2812 608 2837 Β.
646 2814 668 2829 ’⁵
682 2792 833 2846 ἑνθὲως,⁷ί).
851 2818 898 2846 τὴν
911 2819 939 2846 ἐν
961 2828 967 2842 t

828 2837 833 2847 .
851 2827 898 2854 την

253 2801 448 2850 ἅναίεέιθεινταιθ
645 2801 668 2829 ἦ

125 2841 294 2873 σμιωτᾱτων,
308 2841 359 2871 Ch.
398 2844 420 2860 ’⁸
432 2843 515 2877 ἁγίων
528 2847 678 2880 συμϐόλων.
691 2841 741 2879 Ch.

911 2819 939 2846 ἐν
961 2819 999 2854 τῷ
1023 2819 1096 2855 Θεῷ,
1123 2823 1152 2849 [δ.

1024 2786 1186 2826 "QP-03155;,
1201 2787 1250 2814 Ch.
1277 2788 1322 2817 Sc.
1362 2791 1384 2806 ²³
1397 2800 1470 2825 μακα
1491 2792 1568 2828 ίστην
1593 2793 1649 2826 ἕξιν
1675 2794 1698 2821 le
1715 2803 1742 2823 ε.

1024 2820 1096 2854 θεῖτ’,
1123 2823 1152 2849 [δ-
1208 2824 1447 2854 ε”ἀμετάπτωτον.
1526 2828 1574 2854 Ch,
1631 2803 1742 2854 MSS...

1208 2825 1229 2839 "‘
1244 2824 1447 2859 ἀμετάπτωτον,
1474 2824 1503 2854 υ.
1526 2824 1574 2857 Ch.
1615 2824 1652 2864 ’,⁵⁷
1666 2824 1743 2857 σεθο-
