1931 3073
192 115 246 143 459

787 116 815 145 S.
835 117 986 145 DlONYSll
1003 117 1237 146 ΔΒΕΟΡΑΟΙΤΛΕ

1756 117 1810 146 440

194 177 292 204 rando.
308 175 373 203 Nam
389 175 433 212 qui
455 176 529 204 lotus
553 181 597 204 est
625 176 667 211 (ut
686 176 795 211 eloquia
826 177 971 212 testantur)

1027 178 1123 213 ἱερέων
1139 178 1286 213 τάγματος.
1305 177 1363 203 ’Ότι
1386 177 1434 212 μὲν
1455 173 1512 207 οὖν,
1526 176 1564 208 ὡς
1577 175 1612 202 τὰ
1626 175 1703 210 λὸγιά
1716 184 1808 211 φησιν,

194 230 247 251 non
263 230 330 257 opus
350 223 432 251 habet
447 223 500 251 alia
523 231 603 259 quam
617 225 803 252 summitatum
818 231 866 251 seu
881 228 974 252 extre-

194 269 318 296 mitatum
345 277 455 296 suarum
484 270 585 297 lotione
602 275 625 302 °,
649 278 699 306 per
713 278 794 305 quam
813 270 906 304 utique
927 276 974 296 su-

193 322 312 348 premam
340 315 501 342 munditiam
521 315 579 349 ﬁet,
599 321 629 343 ut
652 316 823 343 divinissimo
844 315 974 349 przeditus

194 360 286 387 habitu
302 360 504 393 deiformitatis,
521 362 584 389 dum
604 361 637 388 ad
650 362 791 396 sequentia
804 368 911 396 quoque
923 361 974 388 be-

193 405 273 440 nigne
285 405 416 440 procedit,
426 406 494 434 liber
505 406 611 435 futtlrus
624 408 658 434 sit
667 412 694 435 et
705 407 856 442 expeditus,
872 407 973 441 quippe

193 457 306 485 prorsus
320 450 476 483 uniformis,
491 456 518 479 et
533 452 567 479 ad
582 460 664 479 unum
680 460 775 479 rursus
791 452 893 479 unitive
908 459 974 479 con-

192 503 298 528 versus,
319 496 520 524 immaculalam
545 497 624 525 simul
642 502 670 524 et
685 498 874 525 intemeratam
893 505 972 525 suam

193 541 274 568 faciet
300 543 518 576 conversionem,
546 548 675 579 tanquam
706 545 751 578 qui
780 544 974 572 deiformitatis

192 594 247 614 sua:
257 586 452 622 plenitudinem
467 594 494 616 et
508 589 692 624 integritatem
709 594 812 617 servet.
829 590 915 617 Porro
930 598 974 618 sa-

192 640 269 661 crum
286 633 434 669 lavacrum,
451 636 490 663 uti
505 636 635 666 diximus,
654 636 679 663 in
699 636 778 672 legali
794 641 852 663 erat
869 637 974 665 bicrar-

192 679 274 711 cliia;
299 680 378 707 modo
405 685 494 707 autem
517 681 653 715 pontificis
678 689 711 709 ac
730 682 902 709 sacerdotum
928 682 973 710 illa

193 732 319 751 manuum
332 725 435 753 ablutio
451 726 514 752 illud
528 727 614 761 ipsum
630 727 760 754 insinuat.
779 727 830 754 Eos
842 728 914 755 enittt
926 729 973 763 qui

191 771 225 798 ad
240 771 416 804 purissimum
435 773 571 800 accedunt
586 773 751 801 sacrificium
767 775 893 808 expiatos
913 782 974 802 esse

191 818 268 846 decet
285 819 364 854 195
388 819 518 847 extremis
542 820 625 847 etiam
649 821 746 848 animae
765 821 929 855 phantasiis,
945 825 973 848 et

190 871 240 898 per
265 864 471 892 similitudinem
496 865 566 900 ipsi,
590 867 681 901 quoad
703 871 804 901 potest,
827 867 974 902 appropin-

189 915 291 943 quare;
309 910 472 938 clarioribus
487 912 559 938 enim
572 911 623 939 hoc
636 912 715 940 modo
731 912 777 940 Dei
791 913 974 947 apparitioni-

188 955 239 983 bus
264 956 490 989 illustrabuutur,
513 958 782 992 supermundialibus
806 959 868 986 istis
895 967 974 986 coru-

187 1002 357 1030 scationibus
375 1003 400 1029 in
417 1004 568 1030 consimilis
583 1004 685 1038 speciei
702 1004 811 1039 specula
833 1005 973 1039 llmpidius

188 1047 353 1082 uberiusque
379 1049 460 1082 jubar
494 1056 572 1076 suum
607 1050 806 1078 evibrantibus.
835 1050 971 1077 Caeterum

187 1093 324 1126 pontificis
341 1093 385 1120 illa
403 1095 632 1129 sacerdotumque
648 1095 763 1128 ablutio,
781 1103 842 1130 qum
859 1097 974 1124 summis

186 1139 372 1173 extremisque
386 1139 478 1174 digitis
495 1141 651 1173 adhibetur,
675 1149 768 1168 coram
787 1143 972 1170 sacrosanctis

187 1183 246 1211 istis
257 1185 387 1219 symbolis
400 1186 563 1218 instituitur.
579 1195 631 1214 non
646 1194 725 1215 secus
742 1195 773 1215 ac
785 1195 877 1215 coram
893 1188 972 1216 Cbri-

186 1234 238 1261 sto,
253 1230 299 1264 qui
321 1231 522 1259 occultissimas
536 1239 657 1266 quasque
677 1233 858 1267 cogitationes
882 1234 973 1261 intue-

188 1280 240 1307 tur;
252 1281 334 1310 atque
345 1276 391 1303 ubi
399 1284 524 1311 suprema
538 1278 582 1304 illa
591 1278 710 1313 expiatio
723 1279 970 1313 perspicacissimis

187 1319 248 1347 istis
263 1321 487 1355 scrutationibus,
507 1331 556 1350 nec
578 1330 632 1350 non
650 1323 812 1358 iustissimis
827 1324 971 1360 integerri-

188 1365 293 1399 misque
309 1366 419 1400 indiciis
433 1371 475 1395 est
486 1367 622 1399 absoluta,
637 1373 692 1395 tum
707 1369 763 1404 jam
775 1370 876 1397 divinis
891 1371 972 1398 rebus

187 1411 310 1444 pontifex
327 1413 512 1448 conjungitur,
526 1414 680 1449 sanctisque
699 1415 746 1442 Dei
768 1416 898 1450 operibus
914 1417 971 1443 lau-

187 1458 275 1492 datis,
292 1460 461 1488 divinissima
480 1467 621 1489 consecrat
639 1462 780 1498 mysteria,
802 1468 829 1491 et
847 1463 874 1491 in
890 1471 969 1500 aspe-

187 1508 259 1530 ctum
273 1505 347 1532 ducit
362 1513 421 1540 qucc
437 1507 594 1535 celebravit.

1025 223 1040 248 ὀ
1056 221 1214 258 λελουμένος
1235 222 1265 248 οὐ
1286 221 1370 248 δεῖταί
1386 229 1458 253 τινος
1472 221 1568 256 ἐτέρας
1589 222 1612 247 εῑ
1630 221 1667 257 μὴ
1687 221 1736 256 τῆς
1754 220 1810 248 τῶν

1025 269 1127 304 ἄκρων,
1139 269 1225 295 εἶτουν
1237 269 1357 303 ἐσχάτων
1373 267 1468 294 ἑαυτοῦ
1482 268 1505 282 ¹⁹
1515 267 1622 301 νίψεως,
1637 267 1670 294 δι’
1681 264 1714 302 ἦς
1725 268 1809 302 ἀκρο-

1024 318 1108 353 τάτης
1125 317 1146 333 ³⁸
1161 317 1331 352 καθάρσεως,
1343 317 1371 343 ὲν
1384 316 1514 352 πανάγνῳ
1534 316 1581 342 τοῦ
1597 315 1728 346 θεοειδοῦς
1742 315 1809 347 ἕξει.

1025 361 1071 387 καὶ
1082 360 1148 396 πρὸς
1158 360 1190 386 τὰ
1197 360 1308 395 δεύτερα
1320 359 1421 395 προῖὼν
1429 359 1599 394 ἀγαθοειδῶς,
1612 359 1724 394 ἄσχετος
1733 359 1809 386 ἔσται

1025 406 1072 433 καὶ
1086 406 1228 438 άπόλντος,
1240 407 1278 438 ὡς
1297 405 1425 437 καθάπαξ
1439 405 1565 441 ένοειδὴς,
1583 406 1629 432 καὶ
1643 405 1710 441 πρὶς
1730 405 1760 432 τὸ
1780 405 1809 432 ἓν

1025 451 1101 484 αὖθις
1123 453 1230 484 ένιαίως
1251 452 1492 487 ἐπιστρεφόμενος,
1517 452 1649 488 ἄχραντον
1669 453 1810 487 ποιήσεται

1024 499 1071 525 καὶ
1092 498 1257 534 ἀκηλίδρτον
1277 498 1326 534 τὴν
1348 499 1526 533 ὲπιστροςρην,
1547 498 1584 530 ὼς
1604 497 1650 524 τοῦ
1677 497 1810 530 θεοειδοῦς

1024 543 1172 576 ἀποσώζων
1188 543 1218 570 τὸ
1236 543 1337 579 πλῆρες
1351 545 1398 571 καὶ
1415 544 1570 580 ὁλόκληρον.
1588 544 1616 570 '0
1633 544 1681 579 μὲν
1697 544 1718 559 ³¹
1738 544 1810 579 ἱερὸς

1024 590 1132 626 λουτὴρ,
1149 590 1186 622 ὼς
1209 590 1370 625 εἰρήκαμεν,
1391 591 1420 616 ἐν
1438 591 1472 625 τῇ
1490 590 1561 616 κατά
1581 590 1663 625 νόμον
1678 590 1700 605 ³¹
1720 588 1754 625 ἦν
1770 591 1809 616 ἱε-

1025 637 1140 673 ραρχίᾳ·
1158 636 1205 663 νῦν
1221 637 1249 663 δὲ
1271 636 1318 663 τοῦ
1335 636 1461 672 ἱεράρχου
1478 637 1524 662 καὶ
1539 635 1592 662 τῶν
1608 635 1701 671 ἱερέων
1718 636 1734 671 ή
1753 635 1810 662 τῶν

1024 681 1122 718 χειρῶν
1135 682 1322 718 ἀποκάθαρσις
1340 682 1420 708 αὑτὸν
1440 681 1637 708 ὺπαινίσσεται.
1663 680 1732 712 Τοὺς
1754 681 1809 716 γὰρ

1024 729 1070 755 ἐπὶ
1083 729 1133 764 τὴν
1153 728 1360 763 παναγεστάτην
1381 727 1468 759 ἰόντας
1493 726 1647 762 ἱερουργίαν
1670 726 1810 752 ἀποκεκα-

1024 775 1121 810 θάρθαι
1131 775 1170 801 δεῖ
1185 775 1231 801 καὶ
1244 774 1293 806 τὰς
1304 774 1418 808 ἐσχάτας
1431 773 1480 807 τῆς
1493 772 1581 807 ψυχῆς
1589 771 1747 806 φαντασίας,
1762 771 1810 798 καὶ

1024 821 1057 848 δι’
1069 821 1227 856 ὁμοιότητος
1239 820 1306 855 αὐτῇ
1319 819 1388 846 κατὰ
1397 819 1426 845 τὸ
1442 818 1550 845 δυνατὸν
1560 817 1714 854 προσιέναι-
1728 825 1810 851 φανο-

989 866 1010 895 Β
1024 866 1106 902 τέρας
1121 866 1143 881 ³³
1165 865 1219 901 γὰρ
1235 865 1305 891 οὕτω
1318 864 1367 896 τάς
1382 864 1538 898 θεοφανείας
1559 862 1811 898 περιαυγασθήσον-

1024 921 1068 938 ται
1094 911 1149 937 τῶν
1180 910 1371 946 ὑπερκοσμίων
1397 908 1583 945 μαρμαρυγῶν
1611 909 1650 940 εἰς
1676 908 1725 944 τὴν
1753 908 1811 934 τῶν

1024 957 1212 994 ὀμοιοειδῶνῇδ
1227 957 1367 992 ἐσόπτρων
1380 955 1493 990 ἀγλαΐαν
1503 954 1663 990 ὁλικώτερον
1678 954 1724 980 καὶ
1735 953 1811 980 διαυ-

1025 1008 1152 1043 γέστερον
1169 1007 1296 1042 ἐφιέντων
1311 1006 1406 1033 διεῖναι
1429 1006 1451 1021 ⁸⁵
1466 1005 1515 1040 τὴν
1530 1004 1632 1031 οἰκείαν
1648 1003 1752 1039 αἴγλην.
1776 1004 1809 1030 'll

1023 1055 1051 1081 δὲ
1065 1053 1112 1080 τοῦ
1129 1054 1254 1089 ἱεράρχου
1268 1054 1315 1080 καὶ
1334 1052 1389 1079 τῶν
1410 1052 1502 1088 ἱερέων
1516 1052 1578 1087 ἄχρι
1593 1050 1648 1077 τῶν
1662 1050 1753 1085 ἄκρων
1771 1050 1811 1075 εί·-

1022 1108 1085 1126 τουν
1096 1100 1217 1135 ἐσχάτων
1229 1099 1353 1134 ἀπόνιψις
1362 1098 1524 1134 ἐπίπροσθεν
1532 1098 1652 1132 γίγνεται
1661 1096 1715 1122 τῶν
1724 1097 1809 1129 ἁγιω-

1022 1145 1110 1171 τάτων
1119 1154 1150 1171 συ
1155 1145 1270 1181 μὸόλων,
1278 1145 1315 1176 ὡς
1323 1145 1368 1171 ἐπὶ
1377 1143 1495 1179 Χριστοῦ
1505 1142 1551 1169 τοῦ
1561 1143 1649 1173 πάσας
1657 1140 1810 1176 ἐφορῶντος

1023 1191 1099 1227 ἡμῶν
1114 1191 1162 1223 τὰς
1177 1192 1368 1227 κρυφιωτάτας
1388 1190 1501 1221 ἐννοίας,
1519 1189 1565 1215 καὶ
1586 1188 1634 1223 τῆς
1654 1187 1808 1223 ἀκροτάτης

1023 1237 1182 1273 καθάρσεως
1202 1238 1230 1264 ἐν
1244 1239 1300 1269 τοῖς
1318 1235 1399 1263 αὑτοῦ
1421 1236 1443 1252 ³⁸
1459 1235 1672 1266 πανεπισκόποις
1693 1232 1809 1269 ἀκριὸα-

1023 1284 1110 1318 σμοῖς,
1118 1283 1165 1309 κα)⁸
1177 1282 1423 1314 ταῖςδικαιοτάταις
1430 1281 1476 1308 καὶ
1484 1280 1640 1312 ἀδεκάστοις
1652 1279 1773 1315 κρίσεσιν
1784 1279 1807 1294 "

1022 1328 1182 1364 ὁριζομένης
1195 1337 1201 1343 ·
1223 1328 1293 1354 οὕτω
1309 1329 1364 1359 τοῖς
1391 1327 1473 1358 θείοις
1500 1327 1514 1352 ὁ
1532 1326 1662 1362 ἰεράρχης
1688 1323 1808 1354 ἑνοῦται,

1022 1375 1069 1401 καὶ
1081 1374 1129 1406 τὰς
1145 1373 1218 1410 ἱερὰς
1236 1373 1378 1409 θεουργίας
1391 1373 1524 1408 ὑμνήσας,
1540 1372 1676 1407 ἱερουργεῖ
1690 1370 1724 1397 τὰ
1737 1369 1808 1396 Θειό-

1022 1429 1100 1454 τατα,
1116 1421 1165 1447 καὶ
1179 1422 1224 1447 ὑπ’
1235 1420 1294 1455 ὄψιν
1306 1420 1366 1454 ἄγει
1379 1419 1412 1446 τὰ
1426 1418 1576 1454 ὑμνημένα.

956 1590 1039 1628 εΧῐ.

221 1663 351 1697 Quaenam
378 1670 461 1697 porro
490 1670 653 1691 censeamus
673 1663 765 1692 divina
788 1663 816 1691 in
839 1671 889 1691 nos
908 1671 968 1691 esse

1055 1662 1136 1695 Τίνας
1149 1663 1198 1698 μὲν
1215 1660 1285 1690 εῖναι
1305 1662 1327 1678 ³⁸
1344 1661 1394 1694 τὰς
1408 1661 1449 1693 εις
1461 1661 1534 1697 ἡμᾶς
1549 1659 1692 1696 θεουργίας
1706 1659 1806 1695 φαμὲν,

187 1715 282 1743 opera,
297 1707 426 1742 deinceps
438 1715 487 1742 pro
499 1707 570 1734 virili
591 1710 782 1743 exponendum
798 1712 852 1738 est.
876 1707 970 1742 Neque

188 1753 259 1780 enim
287 1752 428 1780 laudandis
455 1753 582 1781 omnibus
602 1753 722 1787 suﬂicio,
753 1755 807 1781 imo
838 1761 872 1781 ne
896 1754 971 1782 clare

187 1799 295 1833 quidem
307 1800 500 1832 cognoscendis
511 1799 792 1834 aliisquetradendis;
808 1808 867 1834 qua:
879 1805 970 1827 autem

189 1853 203 1871 a
226 1843 390 1879 prmsulibus
414 1845 507 1872 divino
535 1845 646 1872 numine
671 1845 768 1874 alllatis
793 1846 971 1874 conformiter

188 1891 304 1926 eloquiis
325 1891 472 1918 laudantur
486 1899 518 1919 ac
534 1892 720 1925 celebrantur,
735 1893 830 1920 eadem
848 1901 896 1927 pro
913 1901 971 1920 mo-

189 1936 251 1964 dulo
275 1941 379 1970 nostro,
406 1937 478 1964 sacri
500 1938 604 1966 ordinis
621 1939 780 1974 aspirationi
803 1939 946 1974 implorata
961 1960 968 1972 ,

188 1983 367 2018 proferemus.
389 1983 519 2011 Naturam
537 1985 694 2017 humanam,
713 1986 748 2012 ab
769 1987 849 2013 initio
873 1986 971 2014 divinis

189 2030 267 2057 bonis
287 2031 469 2065 imprudentia
485 2038 532 2058 sua
552 2032 706 2066 spoliatam,
724 2033 778 2059 vita
797 2033 970 2067 passionibus

188 2077 306 2104 obnoxia
329 2081 356 2104 ct
380 2074 459 2104 terra:
486 2078 582 2104 mortis
604 2078 697 2105 exitus
723 2079 847 2113 excepit,
869 2080 970 2114 quippe

189 2124 343 2158 perniciosa
364 2124 416 2151 ista
429 2124 486 2151 veri
503 2124 564 2151 boni
581 2124 710 2156 descrtio,
724 2133 863 2160 sacraeque
879 2126 906 2153 in
920 2133 970 2160 pa-

189 2169 281 2197 radiso
296 2170 362 2205 legis
375 2171 564 2205 praevaricatio
581 2179 642 2199 eum
661 2172 708 2206 qui
725 2173 832 2205 blande,
850 2173 971 2200 mulcen-

189 2217 261 2244 tibus
281 2222 307 2244 et
323 2217 430 2245 infestis
452 2218 604 2246 adversarii
628 2219 769 2247 fraudibus
792 2220 907 2253 illectus,
932 2220 971 2247 vi-

189 2262 244 2290 tale
263 2262 356 2298 jugum
377 2269 550 2296 excusserat,
574 2267 800 2300 propensionibus
823 2267 889 2299 suis,
911 2275 971 2301 quae

188 2308 290 2336 divinis
313 2309 390 2337 bonis
415 2311 612 2343 adversantur,
634 2311 746 2344 dimisit,
772 2312 842 2340 unde
869 2313 968 2339 misere

1022 1709 1085 1744 ἑξῆς
1099 1709 1254 1745 ἀφηγητέον
1269 1709 1318 1744 ὅση
1332 1707 1445 1743 δύναμις
1455 1715 1461 1722 ·
1476 1706 1506 1733 οὐ
1521 1705 1575 1741 γὰρ
1586 1705 1695 1736 ἁπάσας
1711 1705 1808 1740 ὑμνεῖν

1023 1758 1112 1790 ῑκανὺς
1131 1758 1194 1793 ἐγὼ,
1219 1759 1254 1794 μή
1275 1757 1301 1784 τί
1319 1766 1351 1792 γε
1377 1756 1471 1791 σαφῶς
1493 1755 1592 1782 εἰδέναι
1622 1755 1668 1780 καὶ
1696 1754 1806 1788 ἐτέρους

1023 1806 1226 1840 μυσταγωγεῖν·
1254 1805 1303 1831 ὅσα
1325 1804 1353 1830 δὲ
1377 1803 1444 1839 πρὸς
1468 1801 1522 1828 τῶν
1546 1801 1643 1827 ἐνθέων
1671 1799 1805 1835 ίεραρχῶν

1021 1851 1172 1882 ἀκολούθως
1194 1852 1250 1882 τοῖς
1275 1850 1374 1884 λογίοις
1398 1850 1520 1884 ὑμνεῖται
1540 1848 1586 1874 καὶ
1608 1847 1798 1882 ἱερουργεῖται,

1021 1896 1117 1928 ταῦτα,
1138 1896 1175 1928 ὡς
1197 1897 1262 1932 ἡμῖν
1287 1895 1407 1929 ἐφικτὸν,
1431 1893 1556 1930 ἐροῦμεν,
1575 1892 1624 1926 τὴν
1644 1890 1805 1926 ἱεραρχικὴν

1022 1942 1163 1968 ἐπίπνοιαν
1173 1941 1278 1977 ἀρωγὸν
1289 1941 1310 1956 ³³
1325 1939 1558 1973 ἐπικαλεσάμενοι.
1568 1937 1622 1972 Τὴν
1632 1935 1805 1971 ἀνθρωπείαν

1022 1988 1119 2022 φύσιν,
1144 1987 1262 2023 ἀρχῆθεν
1288 1986 1341 2013 ἀπὸ
1365 1985 1418 2012 τῶν
1447 1984 1526 2011 θείων
1551 1982 1659 2017 ἀγαθῶν
1683 1982 1806 2016 ἀνοήτως

1022 2032 1247 2068 ἑξολισθήσασαν,
1269 2032 1285 2068 ἡ
1307 2030 1529 2065 πολυπαθεστάτη
1558 2028 1614 2064 ζωὴ
1634 2027 1804 2062 διαδέχεται,

1022 2079 1068 2106 καὶ
1090 2079 1121 2105 τὸ
1142 2078 1189 2105 τοῦ
1209 2077 1370 2114 φθοροποιοῦ
1393 2076 1507 2104 θανάτου
1526 2075 1628 2111 πέρας·
1650 2072 1805 2104 ἀκολούθως

1021 2127 1075 2162 γὰρ
1095 2126 1111 2161 ἡ
1133 2125 1182 2160 τῆς
1201 2125 1285 2156 ὅντως
1310 2124 1476 2159 ἁγαθότητος
1497 2121 1616 2156 ὀλέθριος
1639 2118 1804 2150 ἀποστασία,

1022 2173 1069 2199 καὶ
1083 2172 1133 2207 τῆς
1151 2171 1224 2206 ἱερᾶς
1241 2170 1268 2196 έν
1281 2169 1434 2205 παραδείσῳ
1449 2166 1624 2203 θεσμοθεσίας
1639 2164 1803 2200 ὑπερϐασία,

1021 2218 1066 2244 τὸν
1079 2217 1289 2253 ὲΞοιστρήσαντα
1302 2215 1349 2242 τοῦ
1365 2214 1495 2247 ζωοποιοῦ
1509 2213 1601 2247 ζυγοῦ,
1615 2213 1674 2243 ταῖς
1689 2211 1806 2243 οἰκείαις

1025 2266 1120 2301 ῥοπαῖς
1133 2264 1156 2280 ’⁵ο
1177 2264 1224 2290 καί
1237 2262 1389 2294 θελκτικαῖς
1398 2261 1444 2288 τοῦ
1456 2260 1576 2287 ἐναντίου
1588 2260 1635 2286 καὶ
1644 2259 1805 2294 δυσμενέσιν

1023 2311 1150 2342 ἀπάταις,
1163 2311 1220 2342 τοῖς
1243 2308 1372 2340 ἐναντίοις
1386 2308 1440 2334 τῶν
1459 2307 1537 2334 θείων
1558 2306 1667 2344 ἀγαθῶν
1683 2304 1801 2341 παραδέ-

187 2355 366 2383 teternitatem
391 2363 451 2382 cum
471 2357 638 2384 mortalitate
659 2359 852 2391 commutavit;
874 2364 902 2385 et
920 2359 966 2393 qui

1023 2357 1117 2389 ὖωκεν,
1139 2355 1213 2382 ἔνθεν
1234 2355 1356 2386 ἐλεεινῶς
1370 2353 1430 2380 ἀντὶ
1453 2353 1501 2389 μὲν
1523 2351 1631 2379 αἰωνίου
1653 2351 1684 2376 τὸ
1707 2349 1804 2384 θνητὸν

187 2402 319 2438 originem
342 2409 356 2428 a
379 2403 549 2436 corruptibili
565 2403 739 2438 generatione
757 2409 912 2439 acceperat,
934 2404 968 2430 ad

277 2498 289 2512 ε
300 2491 377 2519 Juan.
395 2499 453 2523 χιιι,
477 2492 518 2518 l0.

1024 2403 1220 2438 ἀντηλλάξατο·
1238 2401 1286 2437 τὴν
1310 2401 1338 2427 δὲ
1359 2400 1460 2427 οἰκείαν
1481 2399 1567 2435 ἀρχὴν
1590 2398 1618 2424 ὲν
1641 2397 1803 2433 (plummet;

828 2600 945 2628 V'ARUE
965 2600 1166 2629 LECTIONES.

221 2678 245 2695 ¹⁹
265 2677 349 2704 Aliter
373 2675 402 2703 in
432 2678 493 2708 cod.
510 2678 560 2714 Cb.
599 2679 621 2694 ³⁰
634 2678 701 2705 Bnd.
714 2678 818 2709 scribit.
830 2679 863 2705 δι’
877 2676 910 2714 ἦς
921 2679 951 2705 τὸ
965 2678 1118 2714 ἀκροτάτης

187 2713 235 2750 lla
271 2714 293 2730 ³³
306 2715 506 2750 φανερωτέρας,
521 2713 570 2750 QII.
592 2713 621 2740 Ι).
639 2714 694 2750 γάρ
706 2719 820 2750 nonest
842 2715 867 2740 in
883 2714 917 2741 Μ.
934 2715 1019 2750 eliso.

1529 2677 1550 2693 ³¹
1565 2677 1634 2704 κατά
1646 2676 1690 2703 τὸν
1703 2676 1801 2710 νόμον,

1242 2678 1289 2714 μὲν
1301 2676 1358 2710 οὖν,
1376 2677 1411 2714 bl.
1432 2677 1477 2714 Sc.

1524 2713 1546 2728 ³⁸
1561 2713 1703 2746 ἀφιέντων,
1719 2712 1747 2737 S.
1771 2712 1801 2738 Ιῗ.

1176 2679 1197 2694 ll

1081 2687 1126 2729 ης.
1176 2679 1197 2694 ³³
1212 2679 1225 2705 ὁ
1242 2679 1289 2714 μὲν
1301 2679 1358 2710 οὖν,
1376 2679 1411 2705 Μ.
1432 2679 1466 2705 Sc

1081 2714 1092 2728 ³
1115 2714 1254 2748 ὁμοειδῶν.
1269 2714 1317 2740 CII.
1336 2714 1364 2740 D.
1389 2713 1418 2740 P.
1437 2712 1466 2740 Β.

186 2748 293 2780 διιέναι,
306 2747 356 2776 ει..
421 2747 455 2776 Ml
470 2749 499 2775 Ρ.
514 2748 542 2785 ff
555 2749 660 2780 ἑαυτοῦ,
675 2747 703 2775 l’.
725 2748 747 2785 ξ’
761 2749 935 2785 ἀνακρίσεσιν
945 2769 953 2780 ,
967 2749 1015 2779 P.;
1032 2747 1147 2785 Budmus
1160 2749 1262 2785 notavit
1278 2748 1518 2785 aliatqlectionem
1531 2767 1538 2778 ,
1559 2748 1688 2785 κλίσει-ιν.
1719 2747 1740 2762 ³⁸
1753 2747 1803 2785 καὶ

186 2784 230 2810 ἄπ’
243 2784 313 2817 ww,
330 2784 410 2816 Bud.;
438 2783 600 2819 ὑμνηθέντα·
622 2785 695 2816 τίνας
710 2783 759 2819 μὲν
769 2782 815 2811 οὖν
828 2782 906 2813 εἶναι.
923 2785 951 2810 Ι).

1000 2785 1022 2800 ³⁰
1036 2783 1154 2819 ἀγωγόν,
1171 2783 1204 2810 Μ.
1222 2784 1266 2812 Sc.

188 2819 248 2846 butt
268 2820 296 2845 5.
314 2822 341 2846 l'.
363 2823 390 2847 tt.
406 2820 443 2846 tib
472 2820 498 2846 Β.
524 2821 584 2846 5η.
602 2824 646 2847 sed
660 2829 693 2854 μυ
710 2827 718 2846 ι
733 2820 785 2845 τῶν
800 2820 879 2847 θείω-ε
894 2819 1014 2854 αγαῦᾇιν,

1316 2783 1337 2800 ⁸⁰
1351 2783 1413 2811 llzcc
1430 2785 1508 2811 verba
1535 2784 1584 2810 ltoc
1601 2783 1661 2810 loco
1683 2789 1736 2808 non
1753 2781 1788 2808 ba
