1931 3073
115 160 162 187 “1

621 159 663 186 DE
681 158 822 186 ECCLES.
841 157 1017 185 lllEﬂARCH
1033 177 1042 190 ,
1059 157 1136 186 CAP.
1158 156 1201 184 111.

1677 157 1731 184 ΗΞ

115 217 244 251 ἐσχηκυῖα
257 215 392 251 γενέσεσιν
400 216 446 242 ἐπὶ
457 217 487 242 τὸ
497 216 546 251 τῆς
555 215 640 252 ἀρχῆς
653 216 817 251 κατάλληλον
829 215 899 242 εἰκό-

961 215 1090 242 nteritum
1116 215 1215 250 origini
1241 221 1297 242 sua:
1318 218 1530 242 consentaneum
1549 214 1610 249 jure
1633 216 1730 242 nterim

114 271 168 294 τως
179 260 229 297 ἦγε
240 261 270 288 τὸ
285 261 369 297 πέρας
379 271 386 277 ·
408 262 475 289 ἀλλὰ
491 262 538 289 καὶ
555 263 604 297 τῆς
617 262 690 294 Θείας
699 263 745 289 καὶ
757 261 898 296 ἀναγώγου

116 306 188 342 ζωῆς
216 306 373 339 ἐθελουσίως
399 307 584 340 ὰποπεσοῦσα,
601 307 668 343 προς
696 307 744 343 τὴν
775 307 899 334 ἐναντίαν

117 352 243 386 ἐσχατιὰν
269 353 370 388 ἠνέχθη
383 373 389 385 ,
408 353 456 389 τὴν
478 353 719 388 πολυπαθεστάτην
748 353 897 380 ἀλλοίωσιν.

117 398 279 433 ῐῐλανωμένη
290 398 317 425 δὲ
331 399 377 425 καὶ
391 399 439 434 τῆς
452 399 557 431 εὐθείας
569 399 628 426 ὁδοῦ
640 399 689 434 τῆς
703 399 748 425 ἐπὶ
761 399 803 425 τὸν
816 399 899 431 ὅντως

117 443 179 469 δνττι
193 444 258 470 Θεὸν
271 444 489 480 ὲκτετραμμένη,
508 445 554 471 καὶ
570 446 630 477 ταῖς
642 444 776 480 ὀλεθρίαις
791 445 838 471 καὶ
851 453 901 472 κα-

119 490 269 525 κεργέτισιν
295 491 498 526 ὑποταττομένη
522 491 671 527 πληθύσιν,
698 491 842 518 ἐλάνθανεν
870 491 900 518 οὐ

120 533 195 565 θεοὺς
206 534 264 560 οὐδὲ
277 534 378 568 φίλους,
391 535 458 561 ἀλλὰ
475 535 616 571 δυσμενεῖς
631 536 816 572 θεραπεύουσα
826 545 832 551 ”
847 537 900 563 τῶν

118 580 147 607 δὲ
161 581 276 616 ἀφειδῶς
290 583 358 618 αὐτῇ
370 583 439 609 κατὰ
458 582 487 609 τδ
503 584 601 610 οἰκεῖον
616 583 725 619 ἀνηλεὲς
745 583 901 619 ἀποκεχρη-

122 627 218 662 μένων,
239 629 279 660 εἰς
300 629 467 665 ἀνυπαρξίας
488 629 604 666 οἰκτρῶς
620 630 797 665 ἐμπεπτώκει
810 629 831 645 ’⁸¹
856 630 902 656 καὶ

120 673 255 706 ἀπωλείας
267 675 397 702 κίνδυνον.
418 676 449 702 Ἡ
464 676 491 702 δὲ
510 677 559 712 τῆς
579 675 724 712 θεαρχικῆς
738 676 902 711 ἀγαθότητος

120 718 284 754 ἀπειῳτάτη
310 720 496 755 φιλανθρωπία
519 721 565 748 καὶ
589 722 637 758 τὴν
659 722 806 758 αὐτουργὸν
825 721 902 757 ἡμῶν

120 763 319 799 ἀγαθοπρεπῶς
329 765 378 791 οὐκ
391 766 546 801 ἀπηνήνατο
557 767 694 802 πρόνοιαν,
709 767 776 793 ἀλλὰ
790 767 818 792 ὲν
835 766 901 801 ἀλη-

121 809 163 835 θεῖ
186 809 290 844 μεθέξει
311 810 365 836 τῶν
387 811 447 838 καθ’
469 812 541 847 ἡμᾶς
559 813 689 848 γενομένη
706 813 814 839 πάντων
838 813 903 839 ἀνα-

123 856 277 890 μαρτήτως,
293 857 339 883 καὶ
354 857 421 892 πρὸς
434 857 464 883 τὸ
476 858 602 884 ταπεινὸν
613 858 689 893 ἡμῶν
706 858 902 893 ένοποιηθεῖσα,

949 261 1117 296 properavit,
1134 267 1184 288 nec
1199 267 1252 287 non
1271 268 1285 286 a
1307 261 1362 286 vita
1387 259 1490 292 divina,
1517 267 1576 293 qua:
1593 260 1679 295 ipsum
1697 261 1731 286 ad

949 314 1046 341 supera
1072 306 1239 340 subrigebat,
1265 306 1397 340 dilapsus,
1422 311 1449 332 et
1467 306 1501 333 ad
1519 311 1641 333 extrema
1665 314 1731 334 con-

950 353 1034 381 traria
1055 353 1111 388 jant
1128 360 1247 387 praeceps
1265 354 1355 384 datus,
1377 352 1461 380 variis
1483 353 1731 388 perturbationibus

948 399 1092 426 obnoxiam
1121 404 1219 426 nactus
1245 402 1286 425 est
1310 399 1539 425 immutationem.
1571 398 1637 426 Cum
1667 406 1732 426 vero

949 443 1032 471 etiam
1048 452 1062 471 a
1077 449 1150 471 recto
1162 444 1272 471 tramite
1285 443 1320 471 ad
1336 443 1418 471 Deum
1435 451 1527 470 verum
1544 444 1673 471 tendente
1685 445 1731 471 de-

950 490 1084 523 ﬂecteret,
1108 495 1188 525 atque
1205 490 1328 518 exitiosis
1349 490 1535 524 maleficisque
1553 490 1650 517 turmis
1670 490 1733 517 sub-

951 537 1022 563 ditus
1045 541 1203 569 teneretur,
1235 537 1346 564 mininte
1367 536 1487 563 advertit
1505 543 1536 562 se
1561 543 1613 562 non
1632 535 1683 562 diis
1702 540 1734 562 tet

951 583 1064 616 amicis,
1090 584 1137 610 sed
1164 583 1270 611 infestis
1296 583 1420 610 hostibus
1448 582 1533 609 fttisse
1557 582 1732 612 obsecutum;

951 629 1047 664 quibus
1066 636 1098 656 eo
1115 629 1262 656 crudeliter
1278 636 1327 663 pro
1346 628 1514 655 itnmanitate
1531 635 1579 655 sua
1595 628 1735 655 abutenti-

952 675 1012 706 bus.
1029 675 1056 701 in
1079 679 1166 701 status
1184 674 1433 708 internecionisque
1449 674 1596 701 discrimen
1613 678 1733 701 venerat.

953 721 1052 748 Verum
1068 720 1115 747 Dei
1134 721 1294 756 principalis
1314 720 1446 748 bonitatis
1461 720 1568 747 infinita
1583 720 1736 755 benignitas

953 766 1081 793 benevole
1097 774 1144 800 per
1165 773 1195 794 se
1212 767 1297 794 nostri
1311 774 1406 794 curam
1422 773 1520 801 gerere
1541 774 1595 793 non
1620 766 1735 795 destitit.

954 813 1001 840 sed
1021 817 1174 840 nostrorum
1192 813 1312 840 omnium
1328 821 1391 840 vere
1414 813 1484 840 facta
1503 813 1652 847 particeps,
1668 813 1738 839 abs-

954 865 1006 892 que
1026 863 1137 893 peccato
1158 857 1180 890 f,
1205 858 1405 892 humilitatique
1431 862 1533 886 nostra:
1551 857 1638 890 unita,
1656 857 1736 892 196

123 901 192 936 μετὰ
209 901 257 937 τῆς
267 901 321 928 τῶν
341 902 447 929 οἰκείων
462 903 612 938 ἀσυγχύτου
627 904 673 930 καὶ
686 904 824 940 ἀλωῧήτου
837 914 905 931 παν-

959 903 1030 930 salvo
1051 903 1249 938 proprietatum
1273 911 1384 930 suarum
1412 907 1498 936 statu,
1519 911 1605 937 eoque
1627 910 1736 937 prorsus

121 946 205 977 τελῶς
229 946 321 979 ἕξεως,
344 947 393 982 τὴν
416 948 483 983 πρὸς
508 948 593 984 αὐτὴν
616 950 681 984 ἡμῖν
703 950 845 977 κοινωνίαν
867 950 904 982 ὡς

122 992 262 1026 ὁμογενέσι
281 992 373 1018 λοιπὸν
388 993 552 1029 ἐδωρήσατο,
575 995 622 1020 καὶ
643 995 698 1021 τῶν
719 996 826 1022 οἰκείων
842 996 904 1022 ἀνέ-

121 1036 192 1068 δειξε
202 1037 330 1073 μετόχους
339 1038 428 1064 καλῶν
438 1047 444 1053 ·
456 1038 505 1073 τῆς
521 1039 569 1074 μὲν
578 1040 764 1075 ἁποστατικῆς
777 1041 903 1076 πληθύος,

122 1083 160 1114 ὡς
173 1084 189 1119 ἡ
204 1083 306 1118 κρυφία
322 1084 471 1119 παράδοσις
493 1085 559 1120 ἔχει,
576 1085 606 1112 τὸ
623 1085 682 1112 καθ’
698 1086 774 1121 ἡμῶν
789 1086 905 1113 καταλύ-

124 1137 193 1155 σασα
217 1130 315 1165 κράτος
340 1129 370 1156 οὐ
393 1129 463 1156 κατὰ
486 1129 607 1165 δύναμιν,
631 1131 668 1162 ὡς
695 1132 904 1167 ὑπερισχύουσα,

123 1175 194 1201 κατὰ
209 1175 236 1202 δὲ
249 1175 279 1202 τὸ
293 1175 431 1211 μυστικῶς
448 1177 512 1212 ἡμῖν
530 1176 681 1212 παραδοθὲν
695 1177 793 1211 λόγιον,
805 1179 832 1204 ὲν
847 1178 907 1214 κρί-

125 1229 165 1246 σει
180 1220 226 1246 καὶ
238 1220 402 1256 δικαιοσύνῃ.
415 1220 454 1247 Τὰ
471 1221 530 1247 καθ’
545 1222 618 1256 ἡμᾶς
632 1221 659 1248 δὲ
675 1222 743 1257 πρὸς
754 1222 906 1248 τούναντίον

124 1266 197 1292 ἅπαν
225 1266 401 1301 ἁγαθουργῶς
427 1268 642 1302 μετεσκευάσατο
666 1267 688 1283 δ’
702 1276 708 1282 ·
735 1267 765 1294 τὸ
789 1268 836 1302 μὲν
853 1267 907 1303 γὰρ

124 1311 196 1337 κατὰ
209 1310 272 1337 νοῦν
285 1311 363 1347 ἡμῶν
375 1312 499 1346 ἀλαμπὲς
514 1311 661 1347 ἐνέπλησεν
672 1312 760 1338 ὀλϐίου
778 1312 825 1339 καὶ
840 1312 908 1338 θειο-

123 1357 204 1384 τάτου
215 1357 311 1391 φωτὸς,
324 1358 370 1384 καὶ
381 1359 436 1390 τοῖς
451 1358 592 1384 θεοειδέσιν
603 1358 738 1394 ἐκόσμησε
751 1357 781 1384 τὸ
791 1357 907 1384 ἀνείδεον

125 1402 253 1428 κάλλεσι·
277 1403 307 1429 τὸ
330 1403 357 1429 δὲ
380 1403 430 1438 τῆς
449 1403 536 1438 ψυχῆς
560 1404 716 1439 οἰκητήριον
731 1404 759 1429 ὲν
783 1403 909 1430 παντελεῖ

125 1447 247 1482 σωτηρίᾳ
261 1447 311 1482 τῆς
328 1448 387 1474 ὅσον
400 1447 476 1474 οὔπω
492 1449 697 1484 καταπεσούσης
712 1448 788 1484 ὴμῶν
815 1449 908 1481 οὐσίας

125 1493 310 1526 ἐναγεστάτων
322 1493 415 1519 παθῶν
428 1493 474 1520 καὶ
485 1493 654 1529 φθοροποιῶν
669 1494 814 1529 μολυσμῶν
830 1494 909 1530 ἠλευ-

125 1536 256 1572 θέρωσεν,
284 1537 428 1574 ἀναγωγὴν
451 1539 516 1573 ἡμῖν
546 1539 729 1574 ὑπερκόσμιον
753 1539 861 1571 δείξασα
886 1540 908 1555 ⁸³

954 950 1097 979 inemtfuso
1118 954 1144 977 et
1165 950 1306 981 inviolato,
1328 949 1407 984 cujus
1427 950 1508 976 etiatn
1532 949 1623 983 nobis,
1645 954 1736 983 utpote

955 996 1111 1030 congeneis,
1124 996 1290 1023 consortium
1305 995 1392 1026 dedit,
1409 1001 1513 1029 nosque
1527 995 1660 1022 bonorum
1673 1001 1737 1021 suo-

956 1049 1015 1068 rum
1048 1041 1192 1076 participes
1225 1041 1395 1072 declaravit,
1423 1040 1577 1074 apostatica:
1609 1040 1736 1066 nimirum

957 1087 1041 1114 turbte
1058 1087 1173 1121 imperio
1183 1107 1191 1119 ,
1203 1086 1273 1121 quod
1296 1086 1440 1113 adversum
1455 1093 1504 1113 nos
1520 1085 1649 1118 habebat,
1662 1085 1737 1119 juxta

957 1133 1130 1160 traditionem
1155 1139 1299 1163 arcanam,
1322 1129 1476 1165 proﬂigato,
1497 1137 1550 1157 non
1572 1130 1675 1156 viribus
1688 1137 1738 1156 cett

956 1179 1118 1214 praevalens,
1135 1178 1193 1210 sed,
1210 1177 1359 1205 secundum
1376 1177 1518 1212 mysticum
1545 1175 1694 1210 eloquium,
1711 1175 1738 1201 in

954 1224 1056 1260 judicio
1072 1229 1100 1251 et
1113 1224 1228 1258 justitia.
1250 1223 1380 1250 Nostrum
1394 1230 1459 1249 vero
1481 1226 1584 1248 statum
1599 1228 1615 1247 e
1629 1221 1740 1247 diverso

957 1269 1104 1298 clententer
1122 1269 1295 1301 itnmutavit;
1313 1276 1376 1295 nam
1400 1267 1499 1295 mentis
1513 1268 1623 1302 quidem
1639 1272 1740 1293 nostra:

957 1317 1149 1344 obscuritatem
1172 1316 1254 1343 beato
1272 1315 1420 1349 divinoque
1435 1314 1537 1341 lumine
1552 1313 1678 1348 replevit,
1693 1313 1742 1339 de-

958 1362 1176 1396 formitatemque
1207 1365 1328 1388 nostram
1365 1360 1544 1388 deiforntibus
1571 1358 1741 1387 ornamentis

959 1407 1127 1439 illustravit;
1151 1406 1233 1433 anitni
1257 1411 1346 1433 autem
1365 1406 1530 1433 domicilium
1545 1413 1605 1433 cum
1622 1404 1741 1438 perlecta

960 1452 1047 1479 salute
1061 1452 1187 1480 essentize
1200 1458 1360 1486 naturaeque
1375 1457 1489 1483 nostrae,
1504 1458 1564 1485 quae
1585 1449 1670 1478 ferme
1685 1448 1742 1476 col-

959 1499 1034 1533 lapsa
1050 1502 1149 1525 eratet
1162 1498 1327 1530 conciderat,
1343 1497 1502 1525 foedissimis
1513 1496 1666 1531 quibusque
1680 1503 1742 1529 pas-

959 1545 1082 1572 sionibus
1111 1548 1194 1578 atque
1229 1544 1444 1578 inquinamentis
1478 1543 1567 1570 noxiis
1595 1541 1741 1572 liberavit,

126 1582 175 1609 καὶ
190 1583 324 1610 πολιτείαν
336 1583 424 1610 ἔνθεον
437 1585 465 1610 έν
478 1585 538 1615 ταῖς
553 1584 620 1618 πρὸς
633 1584 716 1619 αὐτὴν
731 1583 808 1619 ἡμῶν
824 1585 907 1620 ἱεραῖς

962 1596 1173 1619 connnonstrata
1199 1590 1278 1618 nobis
1306 1588 1518 1625 supermundiali
1542 1594 1684 1623 anagoge,
1709 1595 1743 1614 ac

127 1628 198 1655 κατὰ
209 1629 240 1656 τὺ
252 1630 361 1657 δυνατὸν
377 1631 568 1666 ἁφομοιώσεσι.

964 1638 1058 1666 divinae
1069 1638 1131 1664 vitae
1148 1644 1254 1668 norma,
1274 1644 1325 1671 per
1338 1643 1419 1670 qttam
1436 1634 1469 1662 ad
1487 1641 1580 1661 sacras
1593 1634 1651 1668 ejus
1666 1632 1742 1661 simi-

963 1683 1100 1716 litudines,
1113 1683 1139 1711 in
1154 1687 1285 1718 quantum
1299 1681 1357 1710 fieri
1370 1685 1471 1717 potest,
1486 1680 1642 1708 evehamur.

890 1765 986 1804 §XIL

166 1844 202 1872 Τὸ
217 1844 379 1881 θεομίμητον
392 1845 419 1872 δὲ
433 1846 492 1877 πῶς
504 1845 536 1872 ἂν
556 1846 621 1882 ἡμῖν
641 1846 742 1882 ἑτέρως
765 1845 911 1881 ἐγγένοιτο,

130 1892 168 1927 μὴ
187 1891 235 1926 τῆς
249 1891 303 1917 τῶν
320 1891 472 1926 ξερωτάτων
492 1891 638 1927 θεοοργιῶν
655 1893 763 1927 μνήμης
785 1893 911 1919 ἀνανεού-

130 1935 216 1970 μένης
240 1936 282 1962 ἀεὶ
305 1937 366 1967 ταῖς
390 1937 559 1971 ίεραρχικαῖς
583 1937 744 1972 ἱερολογίαις
768 1936 792 1952 ιλ
815 1945 844 1962 τε
867 1937 913 1963 καὶ

131 1981 297 2017 ἱερουργίαις
309 1989 315 2012 ;
331 1980 413 2007 Τοῦτο
425 1980 499 2007 05v”
513 1982 696 2017 ποιοῦμεν,ὡς
707 1982 743 2009 τὰ
764 1982 841 2016 λόγια
859 1991 911 2017 φη-

131 2035 184 2058 σιν,
198 2026 237 2057 είς
248 2025 296 2060 τὴν
308 2025 392 2060 αὐτῆς
402 2026 663 2061 ἁνάμνησιν.”Ενοεν
673 2027 762 2058 ὁθεῖος
774 2026 912 2062 ίεράρχης,

130 2072 178 2097 ἐπὶ
205 2071 251 2097 τοῦ
277 2071 348 2098 θείου
374 2072 563 2108 θυσιαστηρίου
587 2073 734 2104 καταστὰς,
760 2073 839 2108 ὑμνεῖ
866 2073 914 2104 τὰς

130 2117 278 2153 εἰρημένας
291 2117 364 2153 ἱερὰς
380 2118 521 2153 Θεουργίας
533 2118 618 2154 Ἰησοῦ
629 2118 678 2153 τῆς
690 2109 829 2154 θειοτίῖτης
838 2118 915 2153 ἡμῶν

130 2163 269 2197 προνοίας,
284 2163 316 2195 ἃς
333 2165 380 2191 ἐπὶ
396 2164 515 2200 σωτηρίᾳ
539 2164 585 2191 τοῦ
602 2165 696 2198 γένους
717 2165 793 2200 ἡμῶν
807 2165 914 2200 εὐδοκία

129 2209 179 2235 τοῦ
198 2210 399 2244 παναγεστάτου
413 2210 517 2246 Πατρὸς
540 2211 567 2236 ὲν
585 2210 721 2246 Πνεύματι
745 2211 823 2246 ἁγίῳ,
844 2210 914 2237 κατὰ

131 2253 163 2279 τὸ
180 2253 279 2287 λόγιον,
295 2254 459 2281 ἐτελείωσεν.
485 2254 622 2290 Ὑμνήσας
645 2255 674 2281 δὲ
692 2255 738 2281 καὶ
761 2255 810 2290 τὴν
833 2255 914 2282 σεϐα-
930 2247 952 2275 D

132 2299 217 2334 σμίαν
231 2299 319 2326 αὐτῶν
331 2300 377 2326 καὶ
389 2301 484 2336 νοητὴν
498 2301 611 2337 θεωρίαν
625 2302 653 2327 ὲν
666 2303 766 2336 νοεροῐς
780 2301 801 2316 ³⁵
814 2301 913 2336 ὀφθαλ-

134 2347 195 2380 μοῖς
211 2346 389 2379 ὲποπτεύσας,
404 2348 449 2374 ἐπὶ
465 2348 514 2383 τὴν
529 2347 695 2384 συμϐολικὴν
710 2348 798 2375 αὐτῶν
811 2349 915 2384 ἱερουρ-

131 2390 196 2425 γίαν
209 2390 325 2427 ἔρχεται,
339 2393 385 2418 καὶ
397 2392 476 2419 τοῦτο
489 2393 708 2429 θεοπαραδὸτως·
721 2392 782 2419 ὅθεν
795 2393 915 2424 εὐλαϐῶς

131 2446 163 2464 τε
179 2438 237 2473 ἅμα
252 2440 298 2465 καὶ
311 2439 473 2474 ίεραρχικῶς
485 2439 553 2475 μετὰ
573 2440 637 2471 τοὺς
650 2441 737 2476 ἱεροὺς
751 2440 805 2467 τῶν
822 2440 916 2476 θεουρ-

131 2485 202 2518 γιῶν
217 2485 317 2520 ὕμνους
342 2486 412 2522 ὑπὲρ
429 2486 478 2521 τῆς
491 2487 561 2522 ὑπὲρ
578 2487 658 2513 αὑτὸν
682 2487 835 2522 ἱερουργίας
851 2487 919 2513 ἁπο-

131 2529 264 2563 λογεῖται,
288 2531 419 2566 πρότερον
446 2531 525 2566 ίερῶς
546 2533 613 2567 πρὸς
635 2531 717 2558 αὐτὸν
738 2532 917 2561 ὰναϐοῶν,Σὺ

133 2571 227 2607 εἶπας
255 2575 344 2602 Τοῦτο
367 2576 476 2604 ποιεῖτε
497 2578 540 2610 εὶς
559 2577 616 2612 ϊὴν
639 2577 716 2612 ἐμὴν
738 2577 916 2612 ἀνάμνησιν.

199 2652 291 2680 ‘Hchr
313 2662 352 2685 ιν,
370 2654 413 2681 15.
455 2656 467 2675 ε
480 2655 546 2682 Luc.
564 2663 632 2687 xxtt,
646 2655 688 2683 19.

998 1846 1143 1873 Enimvero
1167 1844 1303 1879 quomodo
1331 1842 1410 1869 nobis
1439 1841 1530 1869 divina
1554 1840 1604 1867 ista
1630 1838 1746 1866 itnitatio

963 1891 1042 1918 aliter
1057 1890 1196 1921 obveniat,
1212 1889 1262 1916 nisi
1279 1893 1333 1915 tam
1348 1887 1534 1922 praestantium
1547 1884 1678 1912 memoria
1696 1884 1744 1911 be-

963 1937 1123 1964 neficiorum
1137 1935 1181 1962 Dei
1194 1933 1407 1961 sacerdotalibus
1419 1931 1657 1968 praedicationibus
1664 1935 1745 1964 atque

964 1982 1100 2018 mysteriis
1118 1981 1220 2016 jugiter
1239 1979 1407 2007 innovetur?
1432 1978 1488 2005 Hoc
1508 1978 1599 2011 itaque
1622 1976 1744 2006 facimus,

964 2035 993 2056 ut
1012 2028 1117 2063 eloquia
1133 2027 1246 2061 jubent,
1271 2027 1297 2053 itt
1325 2025 1382 2060 ejus
1402 2023 1688 2052 comntemorationem
1721 2023 1745 2049 8.

964 2074 1133 2109 Quapropter
1147 2073 1255 2100 divinus
1269 2079 1376 2106 quoque
1393 2070 1492 2106 pra-sul
1511 2069 1598 2097 sacris
1613 2068 1748 2109 altaribus

966 2121 1097 2148 assistens
1119 2124 1211 2147 sancta
1231 2119 1378 2152 divinaque
1396 2117 1459 2145 Jesn
1481 2123 1563 2150 opera
1588 2106 1746 2146 collaudat,

968 2175 1027 2203 quae
1047 2175 1080 2195 ex
1095 2167 1266 2194 divinissima
1291 2165 1375 2193 nostri
1398 2163 1568 2199 providentia
1592 2163 1618 2189 in
1634 2161 1746 2189 salutetn

967 2215 1075 2251 generis
1088 2213 1210 2244 humani,
1231 2211 1398 2239 sanctissimi
1416 2209 1506 2237 Patris
1524 2208 1704 2242 beueplacito.
1721 2207 1747 2233 in

968 2262 1069 2296 Spiritu
1085 2265 1190 2292 salicto,
1214 2258 1361 2292 uteloquia
1375 2261 1521 2288 testantur,
1538 2253 1747 2282 consummavit.

968 2307 1053 2333 Porro
1065 2305 1220 2333 veneranda
1235 2303 1406 2339 spiritalique
1423 2301 1614 2336 mysteriorum
1627 2303 1749 2326 content-

969 2351 1098 2386 platione,
1113 2358 1192 2385 quam
1206 2349 1373 2384 spiritalibus
1385 2347 1470 2374 oculis
1482 2345 1634 2380 conspexit,
1647 2343 1750 2371 collau-

970 2398 1044 2430 data,
1058 2397 1090 2424 ad
1106 2395 1264 2424 eorumdent
1287 2399 1490 2422 sacrosanctam
1505 2400 1539 2419 ex
1556 2391 1650 2418 divino
1672 2390 1750 2417 iusti.

971 2448 1028 2470 tuto
1039 2443 1162 2477 procedit
1173 2441 1405 2469 consecrationem
1419 2448 1426 2473 ;
1447 2438 1575 2473 quocirca
1592 2440 1750 2464 reverenter

971 2488 1062 2521 simul,
1082 2493 1109 2515 et
1124 2493 1152 2514 ut
1166 2487 1319 2522 pontiﬁcem
1340 2486 1428 2517 decet,
1450 2489 1512 2520 post
1524 2490 1617 2510 sacras
1633 2481 1694 2508 illas
1709 2481 1750 2507 di-

972 2535 1097 2561 vinorum
1120 2540 1233 2569 operum
1250 2532 1361 2564 laudes,
1379 2532 1413 2558 de
1433 2529 1569 2557 sacriﬁcio
1591 2527 1749 2562 dignitatem

973 2586 1049 2606 suam
1065 2583 1209 2613 superante
1229 2585 1259 2605 se
1277 2581 1386 2613 purgat,
1404 2577 1437 2603 ad
1451 2575 1589 2603 Christum
1607 2573 1682 2607 prius
1703 2578 1750 2617 es-

786 2764 901 2792 VAllle
919 2763 1120 2792 LECTlONES.

175 2842 196 2858 “
208 2841 402 2872 ἐνεπεπτώκει,
417 2842 465 2869 Ch.
478 2842 658 2874 ἐκπεπτώκει,
674 2842 707 2868 Μ.
722 2842 750 2869 S.
764 2843 792 2868 B.
824 2842 845 2858 ⁶²
862 2841 1084 2876 μετασκευάσασα
1097 2861 1103 2870 ,
1119 2840 1191 2876 ὃπῐδ.
1209 2841 1238 2866 1).
1256 2840 1304 2867 Ch.
1323 2839 1374 2867 3.:r
1403 2845 1426 2868 cl
1442 2840 1514 2867 Victt.
1538 2840 1560 2855 ’³
1574 2837 1737 2870 incestans:

135 2876 170 2905 P.
187 2877 216 2904 Β.
261 2878 282 2894 ⁵⁵
297 2877 456 2913 θεολογίαις,
471 2878 499 2905 1-³.
522 2878 544 2894 ⁵³
558 2878 636 2905 τοῦτο
649 2880 712 2914 γάρ,
727 2879 776 2905 (11].
794 2877 822 2904 D.
838 2875 867 2904 SI
883 2877 912 2903 ll.
934 2877 955 2892 ιθ
969 2877 1086 2912 νοηταῖς,
1100 2876 1128 2902 S.
1148 2875 1176 2902 Ρ.
1193 2877 1255 2903 \‘ur.
1686 2885 1689 2888 ·
