1931 3073
209 136 260 163 427

799 139 826 165 S.
847 132 997 166 DlONYSll
1023 137 1257 168 AREOPAGITJE

1783 145 1833 173 ω

210 195 357 229 gratiarum
386 195 544 226 actionem;
570 194 726 230 populoque
759 195 851 223 divina
887 200 990 224 tantum

1047 196 1154 232 τασχὼν
1165 197 1193 224 δὲ
1206 200 1251 224 καὶ
1266 198 1396 233 μεταδοὺς
1408 199 1456 234 τῆς
1468 199 1617 236 θεαρχικῆς
1629 201 1780 239 κοινωνίας,
1794 204 1833 235 είς

211 240 330 276 syutbola
357 245 518 272 contuente,
538 241 595 275 ipse
624 248 731 275 semper
751 240 853 275 Spiritu
879 243 992 275 divino,

210 294 259 321 per
286 287 377 314 beatas
401 295 432 314 ac
457 287 590 322 spiritales
611 288 868 322 contemplationes,
891 288 993 316 liierar-

211 332 289 360 cliice
314 333 346 358 ad
373 338 546 360 sacrosancta
577 333 770 368 mysteriorum
797 334 943 367 primordia
969 335 995 361 in

209 377 291 405 divini
308 382 395 405 stattts
410 378 530 413 puritate
545 378 666 405 ducitur.

462 527 509 561 ’lll.
530 533 730 568 Contemplatio.

1047 242 1221 278 εὐχαριστίαν
1244 243 1318 279 ἱερὰν
1341 244 1499 280 καταλήγει.
1522 245 1576 272 τῶν
1599 246 1704 272 πολλῶν
1727 246 1776 282 μὲν
1794 248 1833 279 εις

1048 289 1117 324 μόνα
1128 289 1161 315 τὰ
1181 289 1239 316 θεῖα
1261 289 1382 325 σύμϐολα
1403 291 1632 326 παρακυψάντων,
1655 292 1737 319 αὑτοῦ
1750 293 1778 319 δὲ
1791 294 1834 320 ἀεὶ

1046 334 1084 369 τῷ
1105 335 1241 370 θεαρχικῷ
1263 336 1401 371 Πνεύματι
1419 337 1487 372 πρὸς
1506 337 1556 369 τὰς
1575 337 1655 372 ἁγίας
1675 337 1729 365 τῶν
1740 339 1827 366 τελου-

1048 381 1136 416 μένων
1150 381 1236 417 ἀρχὰς
1257 382 1286 408 ὲν
1309 383 1452 418 μακαρίοις
1473 383 1519 409 καὶ
1538 385 1643 419 νοητοῖς
1662 384 1685 400 ⁷⁸
1700 384 1833 420 θεάμασιν

1046 427 1211 463 ίεραρχικῶς
1224 428 1253 454 ὲν
1266 427 1431 464 καθαρότητι
1450 429 1500 464 τῆς
1514 428 1646 461 θεοειδοῠς
1664 429 1748 462 ἕξεως
1768 431 1832 457 ἀναα

1045 473 1172 508 γομένου.

1348 533 1394 558 lIl.
1416 533 1533 567 Θεωρία.

991 613 1041 652 ςι.

244 683 364 718 Agedum
391 692 467 719 ergo,
492 685 575 719 probe
602 685 661 718 (ili,
689 690 749 720 post
772 686 873 721 ﬁguras
898 685 992 713 ordine

208 735 354 764 sancteque
370 730 499 765 digestas,
523 730 683 758 deiformem
703 731 929 766 primigeniorum
945 739 992 758 ve-

209 777 316 803 ritatem
343 776 377 803 iis
402 777 447 811 qui
476 777 565 803 adhuc
601 777 744 804 initiantur
773 777 932 811 declarabo,
958 777 991 804 ad

207 830 302 850 eorum
320 823 430 850 animos
442 830 563 858 congrue
580 823 756 856 excitandos;
773 831 807 851 ne
827 823 933 851 diversa
948 823 991 850 illa

208 868 389 903 symbolorum
411 875 488 895 sacra
511 868 673 902 compositio
698 868 765 902 ipsis
779 867 895 902 insipida
920 867 993 902 (inu-

1079 683 1164 719 Δεῦρο
1177 683 1208 719 δὴ
1223 681 1280 714 οὖν,
1293 680 1316 709 ὧ
1329 683 1379 708 παῖ
1390 682 1466 715 καλὲ,
1482 683 1550 718 μετὰ
1562 682 1611 714 τὰς
1623 683 1729 714 εἰκόνας
1744 683 1773 709 ὲν
1784 683 1835 711 τάέ

1045 730 1085 763 ξει
1098 730 1145 757 καὶ
1164 729 1244 765 ῑερῶς
1264 729 1310 755 ἐπὶ
1330 728 1379 764 τὴν
1399 728 1501 764 θεοειδῆ
1521 728 1576 755 τῶν
1594 729 1754 765 ἁρχετύπων
1767 729 1831 766 ἀλή-

1044 776 1130 807 Θειαν,
1145 776 1234 802 ἐκεῖνο
1251 776 1307 806 τοῖς
1320 774 1359 800 ἔτι
1371 774 1567 810 τελειουμένοις
1579 775 1602 790 ⁷¹
1615 775 1655 806 είς
1674 775 1834 811 ἐναρμόνιον

1044 820 1134 847 αὐτῶν
1147 819 1326 855 ψυχαγωγίαν
1350 819 1433 846 είπὼν
1447 820 1480 852 τ’,
1494 819 1532 851 ὼς
1552 819 1611 845 οὐδὲ
1623 819 1676 846 τῶν
1690 820 1831 855 συμϐόλων

1044 867 1061 902 ἡ
1075 866 1183 902 ποικίλη
1197 867 1243 893 καὶ
1257 866 1317 902 ἱερὰ
1330 865 1452 897 σύνθεσις
1472 866 1583 901 ἀνόητος
1599 866 1622 881 ⁷³
1641 866 1732 898 αὐτοῖς
1745 866 1832 901 ὑπάρ-

208 914 273 948 tilis)
287 914 397 945 existat,
413 914 435 941 si
462 914 631 956 exterioreIn
641 918 744 941 tantum
759 918 919 949 apparatum
934 921 990 948 prae

1043 922 1093 949 χει,
1109 913 1188 948 μέχρι
1205 912 1260 938 τῶν
1273 912 1296 928 ⁷⁸
1308 913 1385 944 ἐκτὸς
1399 912 1547 948 φαινομένη
1563 912 1651 947 μόνον.
1663 912 1695 938 Αἱ
1711 912 1760 947 μὲν
1777 912 1834 947 γὰρ

207 967 237 987 se
253 959 332 987 ferat.
352 961 392 990 Ac
405 960 588 988 sacratissima
609 961 718 995 quidem
742 960 911 994 eloquiorum
925 967 990 987 can-

207 1005 259 1032 tica
275 1012 303 1032 et
317 1005 447 1033 lectiones
460 1007 551 1040 probm
566 1006 637 1040 ipsis
650 1005 768 1032 iunuunt
787 1005 849 1032 vita:
870 1004 986 1039 discipli-

206 1057 278 1083 nam,
294 1055 321 1077 et
337 1058 398 1084 quae
413 1051 483 1077 hanc
500 1050 641 1085 praecedit,
658 1050 842 1077 omnimodam
857 1055 991 1085 corruptae

205 1095 348 1129 pravitatis
376 1096 585 1129 expiationem:
615 1095 785 1122 divinissima
815 1102 880 1122 vero
912 1095 991 1122 unius

205 1141 381 1175 ejusdemque
409 1142 563 1176 cumpanis
579 1146 634 1168 tum
662 1141 757 1169 calicis
780 1141 933 1168 communis
957 1148 990 1168 ac

206 1188 322 1222 paciﬁca
346 1188 531 1222 participatio,
557 1187 676 1214 divinam
695 1187 728 1214 iis
754 1195 858 1214 morum
882 1186 990 1214 confor-

205 1234 347 1265 mitatetu,
378 1239 510 1268 tanquam
536 1233 730 1266 connutritiis,
748 1233 915 1268 przescribit;
941 1240 991 1261 nec

205 1287 259 1306 noti
274 1287 359 1306 coena:
375 1278 551 1306 divinissimte
573 1283 653 1313 atque
667 1279 875 1314 arcltisymbolae
892 1284 992 1314 myste-

205 1325 308 1351 riorum
330 1325 427 1351 horum
456 1330 663 1352 sacrosanctam
690 1325 841 1352 introducit
870 1332 992 1352 comme-

204 1371 412 1404 morationem;
437 1369 515 1404 cujus
542 1371 624 1398 etiam
654 1372 768 1406 ipsemet
803 1371 988 1406 symbolarum

204 1419 300 1444 attctor
325 1415 387 1450 jure
409 1416 586 1443 meritissimo
611 1420 733 1444 exortem
758 1416 825 1443 facit
847 1424 920 1450 eum,
942 1416 989 1451 qui

203 1469 292 1497 neque
308 1466 402 1490 sancte
415 1470 503 1496 neque
516 1462 608 1489 animo
629 1462 760 1490 concordi
776 1469 883 1489 sacram
896 1470 989 1489 secum

204 1515 311 1535 ctenam
334 1509 533 1542 trequentarat;
551 1508 651 1536 docens
673 1508 753 1535 simul
773 1512 868 1535 sancte
882 1505 990 1542 D'eoque

1040 958 1183 994 ἱερώταται
1190 958 1243 984 τῶν
1252 958 1348 992 λογίων
1358 958 1426 993 ᾠδαὶ
1433 958 1479 985 καὶ
1488 957 1653 992 ἀναγνώσεις
1660 958 1832 985 διδασκαλίαν

1040 1005 1131 1035 αὐτοῖς
1144 1003 1271 1038 ἐναρέτου
1283 1003 1354 1038 ζωῆς
1370 1002 1546 1039 ὑφηγοῦνται,
1563 1003 1609 1029 καὶ
1621 1002 1673 1038 πρό
1688 1011 1720 1037 γε
1734 1003 1834 1029 τούτου·

1039 1051 1088 1085 τὴν
1102 1049 1221 1084 παντελῆ
1234 1049 1257 1065 ⁷⁸
1270 1049 1320 1084 τῆς
1340 1048 1501 1084 φθοροποιωῦ
1515 1048 1612 1080 κακίας
1632 1048 1830 1084 ἀποκάθαρσιν·

1040 1098 1057 1132 ἡ
1071 1097 1098 1123 δὲ
1113 1095 1236 1131 θειοτάτη
1250 1096 1297 1121 τοῦ
1312 1095 1370 1127 ἑνὸς
1392 1095 1439 1121 καὶ
1450 1093 1548 1120 ταύτοῦ
1568 1094 1615 1120 καὶ
1627 1093 1709 1130 ἄρτου
1725 1094 1772 1120 καὶ
1784 1102 1831 1120 1m-

1040 1141 1135 1177 τηρίου
1148 1141 1225 1176 κοινὴ
1247 1141 1294 1167 καὶ
1308 1140 1432 1176 είρηναία
1448 1140 1588 1175 μετάδοσις
1605 1139 1771 1174 ὁμοτροπίαν
1783 1139 1831 1165 αὑ-

1040 1188 1096 1218 τοῖς
1110 1186 1200 1213 ἐνοεον
1214 1186 1251 1217 ὼς
1263 1186 1424 1222 ὁμοτρόφοις
1435 1185 1459 1201 ⁷⁵
1472 1185 1620 1221 νομοθετεῖ,
1635 1185 1681 1211 καὶ
1697 1183 1744 1211 τοῦ
1759 1184 1830 1211 θειο-

1040 1233 1121 1260 τάτου
1134 1233 1242 1259 δείπνου
1256 1233 1304 1259 καὶ
1327 1232 1525 1268 ὰρχισυμϐόλου
1539 1231 1592 1258 τῶν
1605 1231 1773 1266 τελουμένων
1791 1231 1831 1262 είς

1044 1279 1154 1314 μνήμην
1169 1278 1245 1314 ἱερὰν
1258 1277 1319 1312 ἄγει
1329 1286 1335 1292 '
1355 1277 1416 1304 καθ’
1428 1278 1442 1304 ὃ
1455 1278 1501 1305 καὶ
1509 1277 1589 1308 αὐτὸς
1602 1278 1616 1303 ὁ
1627 1277 1682 1302 τῶν
1690 1275 1832 1311 συμϐόλων

1042 1323 1206 1359 δημιουργὸς
1219 1323 1324 1359 ἀποκλη
1330 1325 1370 1359 ροῖ
1380 1323 1535 1350 δικαιότατα
1548 1322 1594 1348 τὸν
1606 1322 1654 1357 οὐχ
1664 1322 1744 1353 ὁσίως
1757 1321 1830 1356 αὐτῷ

1041 1370 1089 1396 καὶ
1107 1369 1266 1404 ὁμοτρόπως
1291 1369 1325 1396 τὰ
1350 1368 1411 1403 ἱερὰ
1432 1368 1678 1404 συνδειπνήσαντα,
1698 1367 1836 1394 διδάσκων¹

1041 1416 1148 1450 εὐαγῶς
1161 1425 1191 1442 τε
1205 1416 1262 1451 ἅμα
1275 1417 1322 1442 καὶ
1339 1416 1506 1452 θεοπρεπῶς,
1521 1415 1559 1447 ὡς
1580 1416 1596 1450 ἡ
1618 1414 1678 1441 καθ’
1692 1413 1747 1447 ἕξιν
1766 1413 1832 1449 ἁλη-

1042 1461 1090 1497 θὴς
1104 1461 1150 1488 ἐπὶ
1161 1461 1195 1488 τὰ
1207 1461 1266 1488 θεῖα
1279 1461 1465 1497 προσέλευσις,
1484 1461 1534 1496 τὴν
1553 1461 1621 1496 πρὸς
1632 1460 1662 1486 τὸ
1680 1460 1771 1495 ὅμοιον
1783 1459 1832 1485 αὺ-

1040 1508 1094 1534 τῶν
1107 1508 1248 1534 κοινωνίαν
1261 1509 1316 1540 τοῖς
1331 1507 1471 1545 προσιοῦσι
1485 1507 1633 1543 χαρίζεται.

204 1559 392 1582 consentanee
408 1555 509 1582 sinceri
535 1555 569 1582 ad
589 1555 679 1582 divina
708 1555 792 1582 animi
818 1555 1017 1588 accchionem,
1031 1555 1222 1583 similitudinis
1240 1563 1349 1590 quoque
1375 1555 1473 1583 divinae
1499 1554 1646 1589 participes
1664 1553 1769 1582 allicere
1790 1554 1834 1582 sic‘

202 1600 373 1627 accedentes.

978 1649 992 1684 §
1016 1648 1054 1678 ll.

233 1730 367 1758 Cteternm
389 1729 440 1760 his,
463 1736 525 1764 quae
546 1729 679 1757 aditorum
699 1729 842 1756 vestibulis
855 1728 990 1763 eleganter

1079 1729 1172 1757 Ταῦτα
1186 1730 1237 1765 μὲν
1248 1727 1305 1762 οὖν,
1319 1729 1357 1762 ὡς
1370 1729 1448 1765 ἔφην,
1467 1728 1513 1756 ὲπϊ
1532 1729 1566 1756 τὰ
1577 1729 1631 1756 τῶν
1651 1730 1753 1757 ἀδύτων
1765 1739 1832 1767 προ-

201 1776 309 1811 adpicta
332 1775 470 1802 rudiorum
494 1774 575 1810 189
596 1774 816 1809 contemplationi
831 1775 897 1802 satis
917 1778 990 1806 sunt,

203 1822 318 1855 relictis,
331 1822 365 1848 ab
382 1821 488 1848 cll‘ectis
502 1823 535 1849 ad
548 1829 646 1849 causas
663 1821 880 1856 progrediemur,
894 1820 992 1848 deinde

202 1876 309 1896 sacram
325 1873 446 1895 nostram
471 1868 597 1903 synaxin,
615 1873 696 1902 atque
718 1872 931 1895 consentaneam
948 1876 992 1895 re-

202 1923 262 1943 rqu
275 1914 451 1950 spiritalium,
463 1913 525 1941 Jesu
543 1914 720 1949 praelucente,
734 1914 990 1950 contemplationem

201 1960 434 1996 conspicabimur,
454 1959 561 1987 beatam
588 1960 790 1995 primitivorum
811 1959 992 1995 pulchritudi-

203 2015 265 2034 ncm
279 2006 411 2041 praeclare
431 2013 544 2040 prorsus
558 2005 740 2033 evibrantem.
754 2005 808 2033 Sed
828 2010 868 2039 tu,
883 2009 906 2040 '_o
924 2005 991 2033 divi-

202 2054 345 2081 nissitnum
362 2061 394 2080 ac
408 2057 615 2080 sacrosanctum
637 2057 854 2085 sacramentum,
872 2052 992 2080 circum-

203 2099 290 2132 posita
309 2098 356 2125 tibi
371 2098 523 2133 symbolice
536 2098 712 2133 aenigmatum
731 2098 899 2132 operimenta
914 2105 991 2125 reve-

204 2144 284 2176 laus,
320 2144 424 2178 liquido
461 2144 540 2171 nobis
567 2143 773 2176 manifesteris,
806 2143 991 2177 ntcnlalesque

203 2196 311 2217 nostros
338 2191 449 2218 obtutus
477 2190 610 2225 singulari
639 2195 675 2219 et.
702 2193 794 2224 aperta
819 2188 878 2216 lucc
904 2189 991 2216 aditu-

203 2236 286 2270 pleto.

1042 1775 1144 1802 πύλαια
1157 1776 1246 1808 καλῶς
1259 1776 1482 1812 διαγεγραμμένα
1504 1777 1560 1808 τοῖς
1574 1776 1696 1803 ἀτελέσιν
1709 1776 1749 1803 ἔτι
1762 1777 1831 1812 πρὸς

1042 1823 1159 1859 θεωρίαν
1180 1823 1303 1859 αὐτάρκη
1328 1823 1554 1856 καταλείποντες,
1584 1823 1747 1858 εἰσέλθωμεν
1777 1819 1832 1851 timo

1042 1868 1096 1895 τῶν
1109 1868 1238 1895 αἰτιατῶν
1251 1870 1290 1900 εἰς
1302 1868 1337 1895 τὰ
1350 1868 1435 1901 αἴτια,
1448 1869 1518 1895 κατὰ
1529 1870 1578 1905 τὴν
1594 1869 1668 1905 ἱερὰν
1681 1868 1758 1904 ἡμῶν
1773 1869 1835 1896 σύψ

1042 1914 1117 1948 αξιν,
1139 1915 1187 1941 καὶ
1207 1914 1256 1950 τὴν
1277 1914 1403 1950 εὐπρεπῆ
1424 1914 1477 1941 τῶν
1496 1915 1598 1950 νοητῶν
1615 1915 1649 1947 ⁷⁷,
1670 1914 1756 1950 ’1ησοῦ
1774 1923 1835 1950 φω-”

1042 1961 1231 1996 ταγωγοῦντος
1244 1961 1276 1993 ⁷⁸,
1293 1961 1414 1996 ὀψόμεθα
1426 1961 1551 1997 θεωρίαν,
1565 1961 1596 1988 τὸ
1616 1962 1748 1997 μακάριον
1763 1961 1831 1988 ἁπο-

1046 2007 1204 2034 στίλόουσαν
1216 2007 1344 2042 ἐμφανῶς
1363 2006 1419 2032 τῶν
1431 2006 1592 2041 ἀρχετύπων
1612 2006 1717 2037 κάλλος.
1739 2005 1830 2038 Ἀλλὰ,

1042 2049 1064 2079 ὦ
1077 2052 1199 2088 θειοτάτη
1214 2052 1259 2078 καὶ
1273 2051 1334 2087 ἱερὰ
1352 2051 1456 2086 τελετὴ,
1471 2051 1505 2077 τὰ
1518 2051 1696 2087 περικείμενα
1707 2059 1747 2077 σοι
1761 2060 1832 2086 συμ-

1043 2097 1157 2129 ϐολικῶς
1181 2097 1358 2132 ἀμφιέσματα
1384 2095 1438 2123 τῶν
1461 2096 1626 2131 αίνιγμάτων
1654 2095 1831 2130 ἀποκαλυψα-

1044 2143 1129 2178 μένη,
1151 2141 1292 2178 τηλαυγῶς
1313 2143 1378 2178 ἡμῖν
1400 2141 1586 2177 ἀναδείχθητι,
1601 2142 1647 2168 καὶ
1666 2141 1715 2173 τὰς
1733 2141 1830 2177 νοερὰς

1044 2190 1121 2226 ἡμῶν
1133 2189 1208 2224 ὄψεις
1233 2189 1332 2217 ὲνιαίου
1354 2189 1400 2216 καὶ
1421 2187 1641 2224 ἁπερικαλύπτου
1660 2187 1748 2222 φωτὸς
1761 2187 1831 2214 ἀπο-

1044 2236 1196 2272 πλήρωσον.

975 2315 989 2350 §
1007 2314 1063 2345 Ill.

240 2385 341 2412 Sancta
356 2385 446 2418 itaque
469 2385 547 2412 nobis
580 2385 746 2419 peuetranda
759 2391 868 2416 censeo.
892 2389 933 2416 ut,
950 2385 990 2412 in-

1078 2387 1124 2412 Δεῖ
1135 2386 1166 2422 δὴ
1179 2384 1225 2413 οὖν
1239 2387 1311 2422 ἡμᾶς
1323 2386 1398 2418 ἐντὸς
1421 2386 1546 2421 παρεῖναι
1569 2386 1591 2401 "
1603 2385 1657 2412 τῶν
1680 2386 1829 2421 πανιέρων,

204 2430 352 2464 telligentia
385 2430 464 2464 primi
502 2430 642 2457 simulacri
678 2429 838 2465 spiritaliter
870 2430 990 2462 detecta,

204 2476 363 2504 deifortncm
378 2476 435 2510 ejus
446 2475 675 2510 pulchritudinem
694 2476 858 2507 intueamur,
878 2483 927 2503 nec
939 2484 990 2503 non

207 2523 352 2549 antistitem
369 2522 459 2549 divino
475 2530 586 2557 prorsus
609 2522 692 2550 modo
717 2523 857 2550 videamus
872 2530 886 2549 a
899 2522 992 2550 divino

206 2569 285 2596 altari
297 2569 330 2596 ad
343 2569 532 2597 extremitates
545 2576 631 2604 usque
647 2569 740 2604 templi
754 2576 815 2597 cum
827 2569 920 2596 odoris
929 2576 992 2596 sua—

1041 2431 1142 2467 οἴομαι,
1164 2432 1194 2458 τὸ
1218 2432 1311 2468 νοητὸν
1332 2432 1354 2448 ⁸⁰
1380 2431 1428 2458 τοῦ
1452 2431 1561 2467 πρώτου
1585 2431 1639 2458 τῶν
1663 2431 1829 2467 ἀγαλμάτων

1041 2477 1302 2513 ὰπογυμνώσαντας,
1314 2478 1354 2510 εἰς
1375 2478 1405 2504 τὸ
1428 2477 1542 2509 θεοειδὲς
1554 2477 1636 2504 αὐτοῦ
1660 2477 1758 2508 κάλλος
1767 2477 1830 2503 ὲνα-

1040 2524 1152 2556 τενίσαι,
1165 2524 1210 2550 καὶ
1222 2524 1267 2550 τὸν
1281 2524 1411 2559 ἰεράρχην
1423 2524 1521 2556 ὲνθὲως
1547 2524 1610 2550 ίδεϊν
1623 2524 1677 2551 ἀπὸ
1697 2523 1743 2550 τοῦ
1755 2522 1828 2551 θείου

1041 2569 1232 2605 θυσιαστηρίου
1247 2569 1331 2605 μέχρι
1340 2569 1394 2597 τῶν
1405 2570 1526 2604 ἐσχάτων
1538 2570 1584 2597 τοῦ
1599 2570 1670 2606 ἱεροῦ
1695 2570 1753 2605 μετ’
1766 2570 1829 2596 εὐο-

842 2658 958 2685 νΑιιιιΕ
977 2658 1176 2686 LEC'I'IONES.

248 2750 270 2765 το
286 2751 321 2777 ιι.
338 2750 383 2776 Sc.
397 2751 507 2785 νοεροῖς.
557 2751 577 2765 ⁷¹
592 2750 770 2785 τελουμένοις,
789 2750 821 2776 Ρ.

220 2821 274 2837 11)
321 2821 341 2835 'I'!

207 2823 237 2849 Ρ.
254 2821 283 2847 Β.
321 2821 341 2835 ⁷⁷
356 2828 400 2863 γρ.
416 2821 508 2862 ὄντων.
540 2821 567 2863 ,⁷⁸
583 2821 630 2863 τοῦ
644 2821 881 2862 φωταγωγοῦντος,

207 2858 253 2883 καὶ
265 2857 294 2883 τὸ
307 2864 409 2892 νοητον,
423 2856 457 2883 Μ,
472 2857 516 2883 bc.
532 2865 568 2888 ως
582 2864 682 2892 οιομαι,
696 2863 740 2881 και
755 2854 820 2882 liud.
840 2861 959 2891 corngtt.

869 2750 891 2766 71

248 2750 270 2765 το
286 2751 321 2777 ιι.
338 2750 383 2776 Sc.
397 2751 507 2785 νοεροῖς.
557 2751 577 2765 ⁷¹
592 2750 770 2784 τελουμένοις,
789 2750 821 2776 Ρ.
869 2750 891 2766 ⁷³
905 2750 983 2783 εῐπω,
998 2751 1026 2779 S.
1043 2751 1072 2778 P.
1091 2751 1122 2778 Β.
1140 2751 1185 2779 Sc.
1236 2752 1258 2768 ⁷³
1271 2751 1410 2787 ἀνόνητος,
1423 2751 1456 2780 Ct

206 2787 234 2813 9.
254 2786 294 2822 7“
306 2786 352 2822 καὶ
367 2785 446 2820 μέχρι
458 2785 521 2817 τῶν⁷
537 2785 565 2822 8ἲ
582 2785 664 2822 P._D.
681 2784 711 2810 B.
729 2785 775 2811 Sc.
791 2786 854 2822 ξπ.
893 2785 915 2822 ⁷]
928 2786 976 2822 καὶ
989 2787 1057 2822 πρὸς
1069 2795 1100 2820 γε
1113 2786 1336 2822 τούτοιςλὲντελῆ,
1352 2788 1387 2813 Μ.
1410 2787 1456 2815 Sc.

395 2840 400 2846 .
416 2819 508 2858 οντων.
540 2821 567 2858 ’⁷⁸
583 2820 630 2858 τοῦ
644 2820 881 2858 φωταγιωγοῖξντος,
1013 2819 1039 2838 ’τ’
1053 2819 1128 2854 ἐντὸς
1139 2822 1193 2858 γὰρ
1207 2820 1286 2852 εἷναι.
1302 2819 1331 2849 1⁷.
1348 2823 1378 2850 υ.
1391 2822 1440 2850 Clt.
1457 2822 1517 2850 Sar.

1236 2752 1258 2768 ⁷³
1271 2751 1410 2787 ἀνόνητος,
1423 2751 1473 2780 Ch.
1487 2752 1518 2780 Ι).
1535 2752 1565 2780 S.
1580 2752 1610 2779 Ρ.
1625 2752 1686 2787 Sar.
1703 2751 1828 2787 et7Vicn.

1505 2787 1526 2837 ."
1539 2786 1783 2838 δμέῗέἓῖῗὶέλξέῒ,

1609 2830 1662 2848 των
1676 2830 1829 2857 πανιερων,
