1931 3073
116 152 169 180 4ου

646 149 686 176 ῡΕ
703 147 842 176 ECCLES.
862 147 1061 178 HIERARCH.,
1079 147 1154 174 CAP.
1175 146 1217 173 Ill.

1683 144 1734 171 450
1755 171 1757 173 ,

117 212 201 242 apta;
212 207 233 223 "
249 207 333 239 ίόντα,
356 208 402 233 καὶ
419 207 498 234 πάλιν
520 200 564 233 ἐπ’
577 206 650 240 αὺτῷ
672 206 694 220 δ’
720 204 898 235 τελειωτικῶς

968 205 1032 231 itate
1050 204 1238 238 prodeuntem,
1261 203 1348 238 adque
1371 201 1437 230 illud
1466 204 1550 238 ipsum
1578 203 1733 237 peritetendi

115 253 379 288 ἀποκαθιστάμενον.
395 253 431 279 Ἥ
453 261 482 278 τε
507 252 561 287 γὰρ
572 251 642 286 ὑπὲρ
655 251 742 278 πάντα
768 249 900 284 θεαρχικὴ

118 297 297 334 μακαριότης,
311 298 335 324 εί
358 297 405 324 καὶ
428 296 575 332 ἀγαθάιητι
587 296 646 330 θείᾳ
666 294 786 330 πρόεισιν
799 294 839 325 εἰς
852 294 901 328 τὴν

116 344 172 378 τῶν
187 343 357 378 μετεχόντων
377 342 461 376 αὐτῆς
485 341 564 377 ἱερῶν
576 340 715 367 κοινωνίαν
727 339 759 372 ⁸³,
784 338 839 365 ἀλλ’
851 339 901 365 οὐκ

117 389 171 422 ἐξω
182 383 231 423 τῆς
241 389 301 414 κατ’
309 387 401 414 οὐσίαν
422 388 550 422 ἀκινήτου
574 387 692 416 στάσεως
717 385 761 411 καὶ
773 384 901 420 ἱδρύσεως

119 435 254 469 γίγνεται·
269 434 314 460 καὶ
325 434 348 449 ⁸⁸
362 434 427 460 πᾶσι
440 433 466 459 δὲ
478 434 534 464 τοῖς
554 432 696 458 θεοειδὲσιν
711 430 848 464 ἀναλόγως
861 429 903 455 ἑλ-

119 480 235 516 λάμπει,
261 479 325 514 περὶ
348 479 447 515 ἑαυτὴν
468 478 552 510 ὅντως
576 476 652 509 οὖσα,
674 478 720 503 καὶ
739 476 788 510 τῆς
800 476 902 506 οἰκείας

120 526 189 558 ὅλως
199 526 229 551 οὐ
242 524 462 560 παρακινουμένη
475 523 635 559 ταυτότητος
644 531 650 538 ·
673 522 801 553 ὡσαύτως
813 522 829 556 ἡ
844 520 903 547 θεία

119 571 171 606 τῆς
185 570 319 603 συνάξεως
333 566 437 605 τελετὴ,
451 568 512 599 κᾶν,
526 569 627 594 ἑνιαίαν
641 568 686 593 κα)⁸
698 566 784 601 ἁπλῆν
805 565 903 600 ἔχουσα

121 616 168 642 καὶ
182 615 402 650 συνεπτυγμένην
427 614 523 650 ἀρχὴν,
547 614 586 644 είς
608 613 657 648 τὴν
671 611 745 647 ἱερὰν
771 611 904 637 ποικιλίαν

121 660 175 686 τῶν
188 660 327 695 συμϐόλων
350 658 543 694 φιλανθρώπως
556 657 733 693 πληθύνηται,
752 657 799 683 καὶ
825 656 905 691 μέχρι

125 707 215 742 πάσης
227 707 310 742 χωρεί
321 706 343 722 ⁸⁵
356 706 406 740 τῆς
418 705 564 740 θεαρχικῆς
575 703 779 739 εἰκονογραφίας
793 703 826 734 ⁸⁸,
848 702 905 729 ἀλλ’

123 752 246 784 ὲνοειδῶς
260 753 291 778 ἐκ
303 752 404 778 τούτων
417 749 493 783 αὖθις
507 751 545 782 εἰς
557 751 606 786 τὴν
619 750 721 776 οἰκείαν
734 749 834 784 μονάδα
847 757 907 774 συν-

124 799 235 834 άγεται,
259 798 306 824 καὶ
338 799 453 824 ἐνοποιετ
475 799 535 829 τοὺς
560 797 698 832 ὲπ“αὑτὴν
712 796 792 832 ἱερῶς
808 796 906 828 ἀναγο-

126 846 233 882 μένους.
249 845 327 872 Κατὰ
337 843 383 871 τὸν
406 845 486 870 αὑτὸν
508 844 539 879 δὴ
550 844 571 860 ⁸⁷
587 843 689 878 θεοειδῆ
701 843 798 878 τρόπον
811 843 825 869 ὁ
837 842 907 873 θεῖος

125 891 302 928 ἷερὰρχης,εί
325 891 372 917 καὶ
393 891 442 926 τὴν
466 891 568 916 ἑνιαίαν
592 889 673 916 αὑτοῦ
694 889 744 923 τῆς
769 889 908 924 ἱεραρχίας

125 937 281 971 ἐπιστήμην
292 935 314 951 ⁸³
328 933 491 968 ἅγαθοειδῶς
504 934 543 965 εἰς
555 933 617 965 τοὺς
629 932 830 967 ὑποὸεόηκότας
844 940 910 957 κατ-

126 981 198 1014 άγει,
212 981 268 1011 τοῖς
289 979 343 1005 τῶν
357 978 436 1014 ἱερῶν
455 978 620 1013 αἰνιγμάτων
632 977 743 1012 πλήθεσι
756 975 893 1011 χρώμενος
902 983 908 990 ·

127 1025 185 1052 ἀλλ’
197 1023 284 1057 αὖθις,
297 1025 333 1056 ῶς
347 1024 478 1056 ἁπόλυτος
489 1024 537 1051 καὶ
558 1025 615 1056 τοῖς
637 1024 745 1058 ἥττοσιν
756 1022 910 1056 ἀκατάσχε-

127 1079 183 1104 τος,
197 1071 237 1103 εἰς
248 1070 298 1105 τὴν
309 1070 411 1096 οίκείαν
423 1071 508 1106 ἀρχὴν
529 1069 669 1105 ἀμειώτως
680 1068 909 1099 ἀποκαθίσταται,

128 1119 176 1146 καὶ
187 1119 237 1155 τὴν
250 1119 289 1150 είς
300 1118 330 1144 τὺ
342 1117 370 1143 ἓν
383 1117 479 1143 ἑαυτοῦ
490 1117 512 1133 ⁸³
527 1115 622 1151 νοερὰν
645 1114 827 1150 ποιησάμενος
839 1113 911 1139 εἴσο-

127 1165 182 1198 δον,
195 1165 245 1200 ὁρᾷ
257 1164 384 1200 καθαρῶς
396 1163 524 1195 τοὺςετῶν
545 1161 711 1196 τελουμένων
734 1160 856 1191 ἑνοειδεῖς
868 1159 911 1185 λό-

128 1216 204 1243 γους,
215 1209 265 1244 τῆς
287 1209 333 1235 ἐπὶ
355 1208 389 1235 τὰ
412 1207 525 1243 δεύτερα
548 1204 734 1242 φιλανθρώπου
756 1204 867 1240 προόδου
880 1204 910 1230 τὸ

128 1256 215 1292 πέρας
239 1255 288 1291 τὴν
312 1256 352 1287 είς
381 1255 415 1282 τὰ
448 1254 542 1289 πρῶτα
577 1252 714 1287 θειοτέραν
747 1250 911 1286 ἐπιστροφὴν

130 1302 300 1336 ποιούμενος.

899 1444 912 1480 §

175 1528 247 1556 Ἡδὲ
257 1527 310 1555 τῶν
333 1523 447 1563 ψαλμῶν
471 1526 605 1562 ίερολογία
628 1525 827 1561 συνουσιωμένη
853 1525 918 1551 πᾶσι
932 1542 952 1569 C

135 1574 227 1610 σχεδὸν
262 1575 318 1605 τοῖς
346 1574 510 1609 ἱεραρχικοῖς
536 1572 710 1608 μυστηρίοις,
734 1572 784 1598 οὐκ
807 1571 916 1606 ἔμελλεν

134 1618 298 1654 ὰπηρτίσθαι
308 1618 355 1645 τοῦ
370 1619 476 1645 πάντων
489 1618 716 1653 ἱεραρχικωτάτου
728 1618 751 1633 ⁹⁰
763 1625 769 1632 ’
785 1617 857 1643 πᾶσα
870 1617 917 1652 μὲν

133 1664 189 1700 γὰρ
201 1664 262 1699 ιερὰ
273 1664 321 1690 καὶ
333 1664 498 1698 ἁγιᾴγραφος
520 1663 620 1695 δέλτος,
643 1663 659 1698 ἢ
681 1663 730 1698 τὴν
743 1664 773 1689 ὲκ
787 1662 853 1689 Θεοῦ
864 1663 918 1688 τῶν

136 1708 218 1736 ὄντων
230 1709 360 1745 γεννητὴν
373 1708 489 1744 ὕπαρξιν
511 1717 540 1734 τε
565 1709 612 1734 καὶ
634 1708 820 1743 διακόσμησιν,
840 1707 918 1743 ἦτὴν

135 1756 249 1791 νομικὴν
262 1755 400 1790 ἱεραρχίαν
424 1755 472 1781 καὶ
494 1755 642 1786 πολιτείαν,
670 1754 686 1789 ἢ
711 1754 765 1780 τῶν
786 1754 832 1780 τοῦ
846 1753 918 1780 θείου

135 1800 201 1827 λαοῦ
225 1799 402 1836 κληροὼσιῶν
423 1799 593 1835 διανεμήσεις
617 1800 663 1826 καὶ
687 1799 879 1834 κατασχέσεις,
901 1799 918 1834 ἢ

136 1846 238 1882 κριτῶν
250 1845 371 1881 legium?)
393 1846 523 1881 βασιλέων
548 1846 647 1880 σοφῶν,
674 1846 691 1881 ἢ
715 1845 808 1882 ἱερέων
822 1845 919 1872 ἐνθέων

138 1891 285 1928 σόνεσιν,ἢ
313 1892 433 1919 παλαιῶν
457 1892 558 1928 ἀνδρῶν
573 1893 601 1919 ὲν
625 1891 744 1928 ποικιλίᾳ
755 1893 801 1918 καὶ
826 1891 919 1928 πλήθει

136 1938 191 1964 τῶν
203 1938 329 1966 ἀνιόντων
351 1939 371 1954 ⁹¹
396 1938 588 1964 ὰκατὰσειστον
612 1939 640 1964 ἐν
663 1939 794 1974 καρτερίᾳ.
816 1938 921 1972 φιλοσο-

139 1985 213 2019 φίαν,
227 1984 243 2020 ἦ
255 1984 308 2011 τῶν
321 1984 463 2020 πρακτέων
477 1984 560 2018 σοφὰς
573 1984 720 2020 ὑποθήκας,
734 1985 750 2020 ἢ
763 1985 841 2011 θείων
854 1983 920 2020 ἐρώ-

138 2038 192 2057 των
204 2030 311 2066 ᾄσματα
324 2030 371 2056 καὶ
383 2030 490 2062 ἐνθέους
501 2031 616 2062 εἰκόνας,
629 2031 645 2066 ἢ
658 2030 711 2056 τῶν
723 2030 858 2065 ἐσομένων
871 2029 920 2062 τὰς

139 2076 308 2111 ὖποφητικὰς
333 2077 591 2112 προαναῤῥήσεις,ἢ
613 2076 662 2108 τὰς
680 2076 809 2112 ἀνδρικὰς
833 2075 919 2110 Ἰησοῦ

139 2121 281 2157 θεουργίας
292 2123 324 2155 ⁹¹,
339 2122 355 2158 ἢ
369 2121 417 2153 τὰς
439 2121 492 2148 τῶν
505 2122 585 2148 αὑτοῦ
609 2122 734 2158 μαθητῶν
757 2122 920 2158 θεοπαραδό-

138 2175 201 2198 τους
223 2167 269 2193 καὶ
291 2167 471 2202 θεομιμήτους
489 2167 624 2198 πολιτείας
639 2167 685 2193 καὶ
697 2166 772 2203 ἱερὰς
795 2167 921 2195 διδασκα-

138 2213 208 2244 λίας,
223 2212 239 2248 ἢ
252 2213 299 2248 τὴν
311 2212 427 2249 κρυφίαν
453 2212 499 2238 καὶ
522 2212 652 2251 μυστικὴν
675 2212 787 2246 ὲποψίαν
808 2212 855 2239 τοῦ
869 2212 922 2239 τῶν

141 2258 267 2294 μαθητῶν
279 2257 419 2293 ἀγαπητοῦ
428 2258 474 2284 καὶ
486 2258 638 2293 θεσπεσίου,
649 2258 664 2293 ἢ
678 2259 726 2295 τὴν
739 2258 921 2294 ὑπερκόσμιον

145 2303 231 2339 Ἰησοῦ
243 2303 378 2337 θεολογίαν
388 2305 444 2335 τοῖς
456 2304 523 2339 πρὸς
537 2304 631 2330 θέωσιν
644 2303 803 2339 ἐπιτηδείοις
817 2304 922 2339 ὑφηγή-

141 2357 215 2380 σατο,
239 2349 285 2375 καὶ
308 2351 367 2380 ταῖς
392 2350 478 2385 ἱεραῖς
492 2349 546 2375 τῶν
569 2348 682 2377 τελετῶν
709 2349 756 2375 καὶ
779 2349 921 2375 θεοειδέσιν

141 2394 294 2428 ἀναγωγαῖς
307 2395 510 2430 συνερρίζωσεν.
526 2395 557 2420 Ἦ
569 2395 596 2421 δὲ
610 2394 662 2421 τῶν
677 2394 755 2421 θείων
768 2395 842 2430 ᾠδῶν
853 2396 923 2431 ἱερο-

141 2441 254 2476 γραφία,
269 2441 368 2467 σκοπὸν
378 2441 474 2476 ἔχουσα
486 2441 534 2472 τὰς
545 2441 679 2474 θεολογίας
690 2449 719 2466 τε
730 2441 922 2476 καὶθεουργίας

141 2485 249 2517 ἁπάσας
260 2486 387 2521 ὑμνῆσαι,
401 2479 447 2512 καί
469 2485 519 2518 τὰς
544 2486 598 2512 τῶν
609 2485 688 2512 θείων
706 2485 810 2521 ἀνδρῶν
823 2486 922 2521 ἱερολο-

142 2531 204 2565 γίας
216 2540 246 2558 τε
259 2533 303 2565 καὶ
328 2532 479 2568 ἱερουργίας
503 2532 616 2561 αἰνέσαι,
640 2531 785 2567 καθολικὴν
808 2533 921 2557 ποιεῖται

143 2576 196 2602 τῶν
207 2576 285 2603 Θείων
297 2577 366 2613 ᾠδὴν
381 2578 428 2604 καὶ
439 2578 583 2612 ἀφήγησιν,
603 2577 670 2611 πρὸς
695 2576 783 2611 πάσης
804 2577 923 2611 ἱεραρχι-

953 251 1022 277 sacri
1038 258 1118 276 cattsa
1133 254 1324 276 revertentem.
1340 249 1450 276 Summa
1470 250 1601 283 siquidem
1615 250 1658 277 illa
1674 251 1736 278 Dei,

955 301 1006 325 tas.
1022 303 1082 328 qua:
1098 295 1267 322 beatitudine
1295 295 1401 321 cunctis
1417 296 1564 327 antecellit,
1579 297 1629 323 etsi
1644 298 1735 325 divina

953 340 1119 374 benignitate
1134 340 1168 366 ad
1195 340 1355 374 participant
1387 341 1426 367 sui
1458 349 1596 368 sacrorum
1623 344 1759 377 prodeat,

954 385 1183 417 commuttionem,
1211 393 1382 420 nequaquam
1400 391 1488 412 lilnlell
1517 395 1531 413 ΞΙ
1557 393 1661 415 ΙΙἎΙΙΙΓῖΒ
1681 397 1737 416 sum

954 431 1042 457 stabili
1059 431 1192 464 tinuoque
1215 435 1286 456 statu
1309 431 1435 461 discedit,
1457 432 1504 458 sed
1523 433 1586 459 dum
1610 435 1738 460 omnibus

954 477 999 510 qui
1016 476 1135 503 divinam
1162 476 1364 503 similitudinem
1388 484 1442 511 prae
1468 485 1497 504 se
1522 477 1611 505 ferunt
1627 487 1675 513 pro
1691 487 1739 506 cu—

952 522 1049 556 jusque
1067 526 1147 556 capltt
1176 521 1303 554 collucet,
1325 529 1415 549 secum
1440 530 1501 550 vere
1524 529 1623 554 manet.
1651 533 1738 559 neque

956 567 1102 601 quidquam
1118 568 1150 594 ab
1176 568 1317 594 identitate
1337 576 1383 594 sua
1409 569 1576 602 ditnovetur;
1602 571 1683 598 simili
1697 579 1740 598 ra-

958 612 1030 639 tione
1050 613 1169 640 divinum
1182 613 1249 640 illttd
1262 622 1398 649 synaxeos
1414 620 1624 646 sacramentum.
1640 624 1740 650 quam-

958 658 999 683 vis
1029 658 1166 691 singulare
1190 658 1288 685 habeat
1310 667 1342 686 ac
1371 660 1483 693 simplex
1517 665 1741 695 compactumque

957 703 1128 737 principium,
1157 705 1227 738 quod
1258 704 1443 739 symbolorutu
1472 705 1603 733 varietate
1626 706 1741 741 benigne

957 750 1159 783 multiplicetur,
1174 756 1201 776 et
1224 751 1258 777 ad
1274 759 1382 778 onmem
1400 751 1446 778 hei
1460 752 1637 786 principalem
1653 761 1682 780 se
1694 761 1741 780 ex-

959 794 1052 821 tendat
1074 793 1284 829 elligialionem;
1313 796 1486 823 ttuil‘ormiter
1514 802 1602 824 tamen
1618 799 1651 825 atl
1676 806 1740 832 pro-

958 839 1043 874 priant
1069 847 1099 866 se
1112 839 1199 866 denuo
1224 841 1326 874 colligit
1348 843 1488 872 unitatem,
1515 848 1596 878 atque
1616 845 1641 871 itt
1657 853 1740 872 unum

924 883 945 909 Β
961 886 1055 921 redigit
1069 893 1115 913 eos
1132 886 1177 919 qui
1195 887 1226 913 ad
1246 894 1274 913 se
1289 892 1383 914 sancte
1399 889 1542 915 ducuntur.
1559 889 1617 916 Pari
1629 898 1741 924 prorsus

962 938 1048 965 eoqtte
1063 931 1187 958 deiformi
1202 933 1282 958 modo
1301 932 1408 959 divinus
1430 934 1562 967 pontifex,
1579 935 1629 961 etsi
1647 935 1741 968 sittgu-
1765 924 1767 926 η

961 976 1046 1004 larem
1060 978 1142 1004 divini
1160 979 1328 1012 principattts
1357 979 1397 1005 sui
1417 980 1559 1006 scientiam
1579 981 1604 1007 in
1622 981 1743 1011 subditos

962 1022 1090 1050 benevole
1103 1023 1217 1056 derivet,
1238 1024 1301 1050 duttt
1312 1025 1482 1058 aenigmatum
1499 1033 1637 1052 sacrorum
1654 1027 1743 1054 varie-

962 1069 1062 1095 tatibus
1076 1069 1175 1099 ttlitur:
1192 1077 1286 1096 rursus
1304 1077 1404 1102 tamen,
1417 1078 1465 1097 cett
1480 1071 1619 1098 ahsolutus
1633 1079 1647 1098 a
1662 1073 1743 1100 rebus

962 1114 1136 1142 inferioribus
1152 1122 1184 1142 ae
1197 1115 1277 1148 liber,
1293 1116 1325 1142 ad
1336 1116 1475 1150 proprium
1485 1117 1645 1151 principium
1664 1126 1742 1145 suum

963 1160 1068 1195 integre
1081 1161 1239 1193 revertitur,
1254 1161 1421 1196 spiritalique
1433 1169 1482 1189 suo
1493 1163 1519 1188 in
1534 1170 1616 1189 unttnt
1631 1163 1743 1190 introitu

963 1205 1095 1240 perfecto,
1112 1206 1265 1240 singulares
1290 1207 1356 1233 istas
1379 1212 1612 1234 sacramentorum
1627 1208 1746 1236 rationes

965 1260 1030 1285 pttra
1046 1258 1134 1279 mente
1149 1253 1247 1284 cernit,
1272 1253 1335 1280 dum
1351 1253 1460 1287 benigni
1478 1254 1645 1289 humanique
1657 1255 1696 1282 sui
1711 1257 1744 1282 ad

965 1296 1093 1323 inferiora
1110 1305 1268 1332 progressus
1296 1299 1376 1326 linem
1408 1299 1569 1327 diviniorcm
1595 1301 1628 1327 ad
1658 1300 1746 1335 prima

967 1342 1031 1370 facit
1042 1344 1237 1371 reversionem.

932 1442 984 1473 IV.

1005 1524 1174 1553 Psalmorum
1203 1533 1284 1561 porro
1299 1533 1376 1553 sacra
1403 1525 1561 1558 modulatio,
1575 1534 1634 1561 qute
1650 1533 1746 1563 mysta.

970 1571 1017 1598 riis
1034 1571 1212 1599 hierarchicis
1236 1571 1293 1599 fere
1318 1572 1443 1599 onmibus
1469 1573 1545 1606 quasi
1565 1574 1750 1602 substantialis

968 1616 1152 1651 conjungitur,
1181 1617 1214 1644 ab
1238 1617 1359 1644 omttium
1390 1612 1564 1644 sattclissimo
1579 1626 1748 1653 nequaquam

969 1667 1028 1689 erat
1052 1661 1224 1694 divcllenda;
1247 1663 1336 1689 omnis
1357 1670 1473 1697 namque
1492 1671 1576 1690 sacra:
1601 1663 1750 1697 Scriptura:

970 1713 1059 1735 textus
1082 1708 1124 1735 vel
1140 1709 1278 1736 conditam
1307 1716 1321 1735 a
1344 1709 1399 1736 Deo
1413 1716 1503 1736 rerum
1520 1709 1698 1737 substantiam
1718 1719 1750 1740 ac

970 1754 1245 1787 dispositionem,vel
1274 1754 1386 1789 legalem
1417 1755 1599 1782 hierarchiam
1625 1764 1657 1782 ac
1683 1756 1751 1790 poli-

971 1799 1046 1833 tiam,
1063 1800 1105 1827 vel
1124 1800 1310 1827 htereditatum
1326 1799 1405 1834 190
1421 1801 1504 1827 tlivini
1517 1801 1607 1836 populi
1623 1801 1751 1828 distribu-

971 1847 1056 1873 tiones
1072 1854 1102 1873 ae
1116 1846 1313 1880 possessiones,
1341 1846 1383 1872 vel
1398 1854 1539 1874 sacrortun
1560 1847 1681 1881 judicunt
1709 1855 1751 1874 re-.

970 1899 1065 1926 guntve
1090 1891 1252 1926 sapientium
1282 1893 1565 1926 atquesarerdotum
1598 1892 1750 1919 divinorum

971 1938 1152 1972 prudentiam,
1179 1938 1222 1966 vel
1248 1937 1399 1972 priscorunt
1431 1939 1550 1965 virorum
1579 1939 1605 1965 in
1633 1939 1750 1966 tristiutn

970 1986 1104 2013 varietate
1132 1993 1162 2015 ac
1187 1985 1388 2019 multiplicitate
1413 1993 1525 2012 casuum
1561 1985 1751 2013 inconcussam

972 2029 1123 2062 toleratitim
1147 2031 1356 2066 philosophiam,
1385 2035 1432 2057 aut
1455 2031 1590 2065 sapientes
1604 2038 1693 2058 rerum
1707 2038 1753 2066 ge-

971 2078 1117 2105 rendarum
1133 2078 1338 2113 pra-eeptiones,
1365 2077 1407 2105 vel
1429 2085 1550 2104 antorum
1565 2077 1669 2104 cantica
1684 2077 1753 2104 divi-

972 2132 1067 2150 norttm
1093 2124 1281 2159 imaginesque
1297 2124 1411 2155 divinas,
1439 2123 1479 2150 vel
1498 2131 1634 2158 praesagas
1649 2123 1753 2151 futuros

972 2177 1030 2196 rutn
1043 2169 1243 2204 praedictiones,
1253 2170 1294 2197 vel
1310 2169 1402 2196 viriles
1417 2168 1482 2199 Jesu
1502 2169 1548 2196 Dei
1568 2170 1751 2202 operationes.

938 2213 1152 2250 Dejusdemque
1178 2216 1373 2250 tliscipulorum
1398 2215 1528 2242 divinitus
1552 2216 1656 2246 tradita.
1667 2220 1694 2243 et
1720 2216 1753 2242 ad

975 2260 1059 2287 Deum
1090 2260 1252 2290 imitandum
1280 2261 1458 2291 conducentia
1485 2260 1546 2287 vitae
1573 2261 1755 2292 institutatlo-

974 2306 1132 2339 ctrinasque
1147 2313 1253 2337 sacras,
1281 2313 1444 2335 arcanamve
1472 2306 1544 2335 illam
1558 2307 1755 2341 mysticatnque

975 2351 1106 2378 visionem
1133 2351 1257 2385 discipuli
1283 2351 1374 2378 dilecti
1389 2352 1539 2386 divinique,
1563 2357 1643 2386 atque
1658 2359 1753 2386 super-

978 2396 1143 2422 tnundialent
1160 2396 1222 2424 Jesu
1239 2396 1403 2431 theologiam
1428 2396 1461 2423 iis
1476 2398 1521 2430 qui
1533 2418 1536 2423 .
1547 2395 1694 2422 divinitatis
1710 2403 1756 2422 ca-

975 2448 1057 2476 paces
1074 2445 1136 2468 Suttl.
1154 2441 1287 2475 exposuit,
1319 2441 1460 2476 sacrisque
1483 2448 1544 2468 cum
1568 2446 1755 2467 sacramento-

977 2493 1036 2512 rum
1064 2490 1119 2513 tunt
1145 2486 1177 2513 ad
1194 2486 1238 2512 Dei
1259 2485 1373 2513 formam
1393 2487 1611 2520 consequendam
1629 2485 1699 2519 aptis
1715 2484 1756 2510 itt-

976 2530 1161 2557 stitutionibus
1185 2530 1367 2558 confirmavit.
1399 2530 1482 2557 Sacra
1510 2537 1575 2557 vero
1599 2529 1754 2556 divinorum

976 2577 1126 2605 carminum
1150 2576 1308 2611 descriptio,
1335 2576 1378 2603 cui
1405 2582 1502 2603 cuncta
1524 2575 1573 2607 Dei
1596 2582 1678 2614 opera
1699 2574 1756 2602 elu-

772 2662 888 2692 VARIE
909 2662 1107 2691 LECTlONES.
1119 2686 1122 2690 .

179 2755 199 2770 "
214 2754 361 2788 εὐκοσμίας
376 2754 406 2781 D.
422 2754 450 2782 S.
464 2755 492 2781 Β.
530 2755 552 2770 ⁸⁸
565 2755 640 2787 αὑτό,
655 2755 684 2782 D.
702 2756 730 2782 S.
744 2756 804 2782 δην.
842 2755 864 2770 ⁸³
876 2754 950 2789 ίερὶν
965 2753 1115 2784 κοινωνίαν,
1137 2753 1185 2780 Lh.
1204 2753 1232 2780 Β.
1252 2753 1281 2780 S.
1299 2753 1359 2781 Sar.
1397 2754 1419 2769 ⁸⁵
1434 2754 1482 2780 καί
1497 2761 1548 2779 non
1567 2758 1608 2779 est
1627 2752 1651 2789 in
1667 2752 1701 2789 Ρ,
1723 2751 1753 2782 ί),

146 2789 251 2830 Β.¹δὶΙΓ.
278 2790 311 2830 ’ξ’
326 2790 454 2830 χωρῇ,λ8.
475 2790 505 2830 Βῐ
555 2790 765 2830 δίίεραιρχικῆς,
782 2791 810 2829 ιζ.

912 2790 933 2804 ⁸⁷
950 2789 996 2819 δέ,
1013 2789 1042 2814 υ.
1057 2788 1090 2814 Μ.
1108 2789 1152 2816 SC.

1203 2790 1224 2805 ⁸⁸
1237 2789 1348 2826 εαυτοῦ,
1375 2789 1487 2826 M.__Sc.;
1512 2787 1671 2822 ἱεριρχικὴν
1687 2787 1754 2826 ¹επις

146 2825 262 2861 στήμηνν
278 2825 307 2861 θ·
321 2823 398 2861 ἰξτῆξ
412 2825 549 2861 θεαρχίας,
564 2825 593 2851 Ρ.
618 2823 708 2860 ⁷εν⁷γ·ρ.
723 2823 815 2861 αὐτοῦ.
834 2826 856 2840 9°
870 2823 1097 2861 dtaqptﬁsOJtcoit
1112 2824 1308 2861 ἁρχικωτᾴτου,
1325 2827 1353 2852 υ,
1363 2830 1389 2851 ct
1406 2824 1447 2857 V.;
1460 2823 1754 2857 πανιεραρχικωῐάτσδ,

141 2858 204 2902 ιιρειιζ
230 2858 260 2876 ’⁸⁸
275 2858 420 2894 ἀνιώντων,
436 2858 549 2889 δόξ’ὃαν
564 2881 571 2890 ,
585 2861 620 2888 ita
632 2858 739 2895 ροιηῧιείι
756 2860 821 2887 bad.
838 2865 864 2887 et
880 2859 953 2887 \‘ten.
973 2859 998 2886 2.
1036 2859 1058 2875 ³⁸
1073 2858 1211 2894 θεαρχίις,
1232 2860 1262 2887 υ.
