1931 3073
166 123 215 152 631
750 119 776 148 5.
795 118 945 147 DlONYSll

1008 117 1197 146 ΕΟΡΑϐΙΤιΕ
1740 116 1796 144 4T2

166 179 286 217 quiat‘pte
301 180 451 212 celebrare,
465 187 516 207 nec
528 185 583 206 non
601 185 698 206 sacros
713 177 836 205 virorum
851 176 955 204 divino-

1008 175 1056 211 κῆς
1078 175 1189 210 τελετῆς
1212 175 1345 211 ὑποδοχὴν
1369 175 1416 201 καὶ
1439 173 1579 209 μετάδοσιν
1602 173 1659 206 ἕξιν
1689 173 1795 201 οἰκείαν

159 219 227 256 ‘rum
242 235 304 255 cum
321 232 463 255 sermones
482 230 538 252 tum
553 225 674 252 actiones
689 223 845 251 collaudare
855 229 954 257 propo-

1008 220 1158 256 ἐμποιοῦσα
1179 221 1235 252 τοῖς
1248 221 1346 252 ἑνθέως
1357 219 1441 256 αὐτὴν
1453 219 1641 255 ἱερολογοὖσιν.

165 275 247 301 silum
268 278 320 305 est,
353 273 510 308 generalem
532 271 684 298 introducit
701 277 792 298 rerum
815 269 970 296 divinarum
985 274 1096 294 cantum
1111 273 1138 295 et
1153 268 1362 302 expositionem,
1378 268 1441 295 dum
1455 267 1489 294 ad
1514 267 1602 294 omnia
1628 265 1698 293 sacri
1722 265 1795 293 ordi-

164 321 208 346 nis
234 322 418 351 sacramenta,
447 318 505 345 sive
531 316 704 351 suscipienda
728 316 786 344 sive
808 314 953 346 tradenda,
971 317 1064 348 aptum
1082 312 1135 341 illis
1151 314 1272 340 animum
1289 313 1367 341 aﬂ‘ert
1397 314 1442 348 qui
1470 313 1558 348 ipsum
1570 312 1662 340 divine
1685 319 1716 339 ac
1730 319 1794 339 san-

164 374 208 395 cte
223 367 352 394 recitant.

951 427 1018 464 δν.

201 514 252 542 Ubi
265 521 330 549 ergo
347 513 393 540 illa
407 520 467 547 qme
483 520 527 541 res
548 520 669 548 quasque
682 521 777 542 sacras
801 516 959 550 complecti-

166 567 209 588 tur
225 561 386 597 hymnorum
405 559 554 586 modulatio
565 559 664 586 animae
675 565 777 587 nostra?
788 560 956 598 aﬁ‘ectiones,

165 612 194 635 et
214 614 246 634 ea
262 613 340 633 sacra
356 613 417 640 qum
434 604 517 640 paulo
539 609 601 640 post
626 605 787 633 celebranda
812 611 887 641 sunt,
905 609 957 637 rite

166 653 312 689 disposuit,
342 651 553 686 divinorumque
570 651 723 678 carminum
744 658 878 681 concentu
895 662 956 683 cum

167 699 201 726 ad
216 705 260 725 res
276 697 393 729 divinas,
409 701 466 724 tum
481 696 514 723 ad
531 696 691 731 semctipsas
705 702 880 734 mutuamque
891 707 956 727 con-

164 744 333 776 sensiunem,
349 750 401 770 ceu
426 742 504 770 unica
531 743 716 777 concordique
741 743 841 771 chorea
862 752 957 773 sacro-

163 798 224 818 rum
242 789 390 824 coaplavit,
408 797 439 816 ea
451 796 511 823 qum
533 789 560 815 in
579 789 697 822 spiritali
713 789 885 818 Psalmorum
902 800 962 820 mo-

1047 519 1130 545 Ὀταν
1142 515 1188 544 οὖν
1201 519 1218 553 ἡ
1230 517 1390 554 περιεκτικὴ
1407 518 1463 545 τῶν
1491 518 1627 554 πανιέρων
1649 518 1796 554 ῠμνολογία

1008 563 1056 595 τὰς
1069 563 1187 599 ψυχικὰς
1201 563 1223 579 ⁸³
1244 563 1322 599 ἡμῶν
1347 563 1417 596 ἕξεις
1440 565 1607 600 ὲναρμονίως
1625 564 1703 600 διαθῇ
1725 564 1795 600 πρὸς

1007 609 1042 636 τὰ
1053 609 1149 644 μικρὸν
1175 609 1287 644 ὕστερον
1316 609 1591 645 ἰερουργηθησόμενα,
1613 611 1660 637 καὶ
1684 612 1717 646 τῇ
1739 611 1796 637 τῶν

1008 655 1086 681 Θείων
1098 653 1174 689 ᾠδῶν
1187 654 1327 690 ὁμοφωνίᾳ
1349 654 1398 690 τὴν
1411 655 1477 689 πρὸς
1498 654 1533 681 τὰ
1546 655 1605 682 θεῖα
1616 656 1663 682 καὶ
1680 656 1795 688 ἑαυτοὺς

1007 701 1054 728 καὶ
1067 700 1198 736 ἀλλήλους
1211 700 1410 736 ὁμοφροσύνην,
1424 701 1462 732 ὡς
1476 702 1525 737 μιᾷ
1545 702 1591 728 καὶ
1604 702 1726 737 ὸμολόγῳ
1738 701 1794 728 τῶν

1007 747 1088 783 ἱερῶν
1101 747 1197 782 χορείᾳ
1218 747 1252 778 νδ,
1266 746 1445 784 νομοθετὴσῃ,
1467 747 1501 774 τὰ
1524 748 1728 784 συντετμημένα
1746 748 1794 774 καὶ

1007 793 1224 828 συνεσκιασμένα
1258 793 1356 829 μᾶλλον
1378 794 1408 820 ἐν
1432 795 1464 829 τῇ
1500 795 1581 830 νοερᾷ
1604 793 1657 821 τῶν
1679 793 1795 829 ψαλμῶν

164 838 303 865 dulatione
320 838 430 864 concisa
458 840 522 863 sunt
549 839 576 862 et
605 836 692 870 magis
718 829 890 870 obumbrata,
907 846 955 874 per

1008 840 1142 876 ἱερολογίᾳ
1166 839 1212 866 διὰ
1224 839 1354 866 πλειόνων
1368 840 1415 866 καὶ
1439 829 1610 875 σαφεστέρων
1623 840 1734 867 εἰκόνων
1746 839 1796 866 καὶ

164 884 257 919 plures
271 889 299 911 et
314 883 518 910 manifestiores
537 883 636 917 liguras
662 887 744 918 atque
761 883 955 918 explicationes

163 929 356 958 sacratissimis
378 929 642 964 scripturisticarum
672 930 901 964 compositionum
916 929 956 958 le-

166 976 305 1004 ctionibus
317 975 481 1004 dilatantur.
512 974 541 1002 ln
559 976 601 1003 bis
615 983 757 1003 sacrarum
785 984 876 1004 rerum
889 984 955 1004 con-

164 1022 311 1057 templator
326 1021 492 1049 uniformem
521 1022 667 1056 quamdam
693 1026 773 1056 atque
787 1022 953 1058 singularem

164 1069 292 1096 advertet
307 1067 551 1103 conspirationem,
569 1071 663 1101 utpote
689 1068 723 1095 ab
738 1075 794 1095 uno
806 1069 956 1104 eodemque

165 1114 213 1141 Dei
230 1113 375 1149 principali
389 1113 487 1147 spiritu
499 1112 663 1140 concitatam
675 1121 682 1146 ;
700 1113 772 1141 unde
783 1113 846 1148 jure
857 1115 956 1144 merito

162 1160 190 1187 in
207 1160 274 1186 orbe
294 1162 355 1193 post
369 1157 552 1191 antiquiorem
566 1157 640 1184 illam
657 1158 842 1192 traditionem,
859 1159 957 1188 Testa-

162 1210 285 1233 mentum
311 1211 411 1232 n0vum
428 1203 628 1239 promulgatur,
659 1204 751 1232 divino
770 1205 876 1233 scilicet
896 1207 955 1235 hie-

162 1250 343 1284 rarcbicoqne
369 1249 476 1282 ordine,
506 1257 566 1277 mea
593 1249 702 1284 quidem
733 1251 880 1284 sententia,
902 1260 953 1288 per

162 1296 216 1324 hoc
228 1296 398 1330 declarante,
411 1297 449 1324 uti
469 1295 556 1324 Vetus
570 1294 772 1323 Testamentum
784 1295 874 1324 futura
886 1306 954 1333 prte-

163 1343 277 1376 dixerit,
301 1342 406 1369 Novum
437 1349 503 1370 vero
526 1343 643 1377 ipsamet
667 1342 759 1370 divina
787 1342 851 1371 Jesu
873 1351 957 1379 opera

1006 887 1184 923 ἀναρρήσεων
1198 885 1338 922 εὐρύνεται
1349 887 1410 918 ταῖς
1423 886 1581 922 ίερωτάταις
1596 886 1649 913 τῶν
1663 886 1793 922 ἀγιογρά-

1007 942 1064 969 φων
1078 933 1229 966 συντάξεων
1241 934 1264 949 9⁸
1288 933 1481 967 ἀναγνώσεσιν.
1514 933 1557 960 Ἑν
1579 933 1691 964 ταύταις
1712 932 1795 967 estt—

1006 989 1064 1007 πων
1078 980 1157 1015 ἱερῶς
1169 979 1262 1014 ὄψεται
1287 979 1335 1014 τὴν
1347 979 1448 1014 ὲνοειδῆ
1460 980 1506 1006 καὶ
1519 979 1582 1015 μίαν
1597 979 1747 1014 σύμπνοιαν
1758 979 1794 1009 ’⁸,

1005 1027 1043 1058 ὡς
1056 1027 1102 1061 ὑφ’
1115 1026 1174 1057 ἑνὸς
1194 1027 1216 1042 ⁵⁷
1229 1027 1276 1053 τοῦ
1297 1027 1442 1063 θεαρχικοῦ
1467 1026 1624 1062 Πνεύματος
1647 1024 1793 1060 κεκινημέ-

1005 1080 1071 1108 νην”
1086 1071 1147 1098 ὅθεν
1163 1072 1275 1104 εἰκότως
1299 1073 1328 1099 ἐν
1347 1073 1441 1108 κόσμῳ
1454 1071 1521 1108 μετά
1541 1071 1591 1107 τὴν
1613 1070 1795 1106 ἀρχαιοτέραν

1006 1119 1154 1155 παράδοσιν
1165 1120 1182 1154 ὴ
1194 1118 1274 1154 καινὴ
1287 1118 1407 1154 Διαθήκη
1430 1118 1606 1154 κηρύσσεται,
1630 1117 1679 1152 τῆς
1700 1116 1794 1144 ὲνθέου

1004 1167 1052 1193 καὶ
1065 1165 1226 1202 ίεραρχικῆς
1237 1165 1340 1197 τάξεως
1352 1166 1449 1198 ἐκεῖνο,
1473 1162 1559 1200 οἶμαι,
1571 1163 1714 1200 δηλούσης,
1727 1163 1764 1195 ὼς
1774 1165 1792 1199 ἡ

1006 1212 1056 1248 μὲν
1071 1212 1124 1248 ἔφη
1146 1211 1196 1244 τὰς
1219 1212 1351 1247 ἐσομένας
1380 1211 1467 1247 Ἰησοῦ
1482 1211 1636 1247 θεουργίας,
1656 1212 1671 1246 ὴ
1694 1210 1722 1237 δὲ
1735 1210 1794 1236 ὲτέ-

1002 1257 1075 1289 λεσε,
1086 1258 1134 1284 καὶ
1149 1257 1186 1289 ὡς
1201 1257 1291 1293 ἐκείνη
1306 1257 1354 1292 μὲν
1366 1258 1395 1283 ὲν
1407 1256 1492 1283 εἰκόσι
1511 1256 1559 1292 τὴν
1572 1255 1698 1292 ἀληθειαν
1711 1254 1793 1290 ἔγρα-

1002 1303 1062 1339 ψεν,
1075 1303 1144 1338 αὕτη
1157 1303 1186 1330 δὲ
1212 1303 1353 1339 παροῦσαν
1366 1302 1489 1336 ὑπέδειξε
1500 1311 1507 1317 ·
1534 1302 1588 1328 τῶν
1609 1301 1663 1337 γὰρ
1686 1301 1794 1336 ἐκείνης

1004 1350 1233 1385 πρωναρρήσεων
1248 1350 1265 1384 ὴ
1280 1348 1351 1376 κατὰ
1361 1348 1462 1384 ταύτην
1472 1348 1657 1384 τελεσιουργία
1670 1347 1718 1383 τὴν
1730 1346 1793 1382 ἀλή-

164 1389 340 1422 exhibuerit;
359 1393 441 1423 atque
469 1388 535 1415 illud
558 1389 665 1423 quidem
694 1389 772 1424 quasi
792 1390 953 1424 quibusdam

1008 1393 1082 1422 θειαν
1094 1394 1274 1427 ἐπιστώσατο,
1287 1395 1334 1421 καὶ
1345 1394 1402 1421 ἐστι
1414 1395 1464 1430 τῆς
1479 1393 1615 1428 θεολογίας
1628 1394 1645 1429 ἡ
1665 1392 1792 1427 θεουργία

161 1433 328 1468 imaginibus
352 1433 507 1468 depinxerit
520 1434 673 1467 veritatem,
688 1434 740 1461 hoc
759 1442 824 1463 vero
837 1443 956 1470 prtesen-

1010 1440 1255 1475 συγκεφαλαίωσις.

164 1486 218 1509 tem
247 1479 455 1512 demonstravit,
482 1486 544 1506 cum
570 1479 779 1514 praedictionum
815 1481 876 1517 ejus
905 1484 1050 1513 veritatem
1081 1486 1196 1515 ell‘ectus
1208 1487 1289 1522 hujus
1304 1487 1720 1524 comprobavit,divinorumque
1733 1493 1794 1514 ser-

163 1534 273 1556 monum
288 1526 410 1562 operatio
426 1526 518 1554 divina
538 1525 575 1554 sit
587 1533 704 1554 summa.

940 1599 955 1636 ς
971 1598 1026 1629 Vl.

200 1682 276 1718 191
293 1681 344 1715 Qui
358 1679 469 1716 quidem
480 1680 579 1708 horum
591 1684 827 1709 sacramentorum
843 1682 951 1717 penitus

1039 1683 1147 1711 Τούτων
1159 1684 1184 1710 ot
1198 1683 1246 1719 μὲν
1257 1683 1500 1719 ἀπρισάλπιγκτοι
1511 1682 1624 1710 καθόλου
1643 1683 1697 1709 τῶν
1711 1682 1794 1718 ἱερῶν

161 1728 251 1764 ignari
266 1733 341 1760 sunt,
366 1727 405 1755 illi
424 1734 459 1754 nc
473 1727 606 1762 imagines
618 1726 728 1762 quidem
741 1732 870 1762 cernunt,
881 1729 954 1763 quod

1008 1729 1119 1757 τελετῶν
1132 1729 1192 1756 οὐδὲ
1211 1729 1260 1762 τὰς
1283 1729 1390 1761 εἰκόνας
1415 1729 1523 1765 ὁρῶσιν,
1539 1729 1652 1760 ἀναιδῶς
1673 1729 1791 1756 ἀπειπά-

162 1774 291 1801 nimirum
312 1772 487 1808 impudenter
503 1772 652 1800 salutarem
676 1773 777 1801 divina:
790 1774 950 1809 generatio—

1008 1783 1080 1810 μενοι
1095 1775 1144 1811 τὴν
1159 1774 1315 1810 σωτηριώδη
1329 1776 1379 1810 τῆς
1395 1774 1563 1809 θεογενεσίας
1575 1775 1597 1792 ⁸⁸
1621 1775 1730 1810 μύησιν,
1744 1776 1793 1802 καὶ⁵

163 1820 208 1848 nis
226 1819 402 1853 disciplinam
419 1819 572 1854 repudient.
598 1818 776 1854 Eloquiisque
793 1820 881 1848 sacris
895 1820 955 1848 exi-

1008 1823 1060 1854 τοῖς
1072 1821 1173 1856 λογίοις
1199 1821 1330 1857 ὀλεθρίως
1353 1821 1594 1857 ἀντιφθεγξάμενοι
1609 1822 1655 1848 τό·
1688 1821 1791 1855 Ὀδούς

163 1867 233 1894 tiose
260 1873 374 1901 prorsus
400 1866 572 1900 obstrepant,
603 1864 667 1892 Viae
692 1870 752 1893 tuas
781 1866 849 1894 scire
882 1865 953 1894 nolo.

1008 1874 1062 1894 σου
1076 1867 1186 1894 ειδέναι
1203 1867 1238 1894 οὐ
1250 1867 1410 1901 βούλομαι.
1424 1867 1493 1898 Τοὺς
1514 1867 1543 1893 δὲ
1562 1868 1789 1903 κατηχουμένους,

161 1913 249 1941 Porro
261 1912 472 1939 catechumenos
495 1916 523 1939 et
547 1919 756 1946 energumenos,
787 1919 888 1947 eosque
908 1911 954 1947 qui

1008 1913 1217 1949 ὲνεργουμένους
1228 1921 1268 1945 τε,
1284 1913 1331 1939 καὶ
1350 1913 1413 1944 τοὺς
1426 1913 1454 1939 ὲν
1468 1914 1594 1949 μετανοίᾳ
1615 1914 1703 1947 ὄντας,
1717 1915 1731 1941 ὁ
1740 1915 1791 1950 τῆς

162 1960 324 1996 paenitentia
339 1960 488 1992 ducuntur,
511 1963 695 1987 sacrosanctae
716 1959 880 1987 liierarchize
895 1967 954 1988 mos

1008 1959 1084 1993 ἁγίας
1107 1960 1247 1996 ἱεραρχίας
1269 1958 1368 1994 θεσμὸς
1390 1959 1482 1995 ἐφίησι
1507 1960 1555 1996 μὲν
1567 1961 1718 1987 ἐπακοῦσαι
1740 1961 1790 1996 τῆς

162 2007 267 2042 patitur
285 2006 394 2040 quidem
423 2005 522 2033 audire
545 2012 652 2032 sacram
672 2004 863 2040 psalmodiam,
883 2005 954 2033 divi-

1008 2005 1144 2041 ᾢαλμικῆς
1158 2007 1318 2043 ίερολογίας,
1348 2008 1395 2034 καὶ
1410 2007 1460 2043 τῆς
1484 2007 1574 2034 ἐνθέου
1589 2007 1643 2034 τῶν
1655 2007 1792 2043 πανιέρων

162 2060 281 2087 namque
299 2059 440 2080 sacrarum
456 2050 664 2086 Scripturarum
683 2051 892 2084 recitationem;
907 2059 954 2079 ve-

1008 2051 1121 2088 Γραφῶν
1134 2053 1313 2087 ἀναγνώσεως
1322 2063 1328 2068 ·
1343 2055 1383 2086 είς
1394 2054 1423 2081 δὲ
1436 2054 1485 2086 τὰς
1496 2054 1559 2090 ἑξῆς
1578 2054 1732 2090 ἱερουργίας
1743 2055 1790 2081 καὶ

163 2106 223 2126 rum
238 2099 272 2126 ad
292 2105 323 2126 ea
338 2106 399 2133 qua:
414 2098 543 2133 deinceps
558 2101 713 2132 sequuntur
735 2097 872 2126 sacriﬁcia
893 2104 954 2132 spe-

1008 2096 1121 2133 θεωρίας
1147 2098 1169 2114 ⁹⁹
1197 2097 1226 2124 οὺ
1243 2098 1417 2132 συγκαλεῖται
1433 2098 1552 2130 τούτους,
1577 2097 1645 2124 ἀλλὰ
1667 2098 1728 2129 τοὺς
1749 2106 1790 2123 τε-

163 2145 326 2180 ctaculaque
355 2152 531 2179 nequaquam
556 2145 606 2172 hos
623 2150 769 2178 convocat,
799 2146 846 2173 sed
865 2145 954 2180 perfe-

1008 2143 1092 2175 λείους
1117 2142 1172 2170 τῶν
1196 2143 1391 2179 τελεσιουργῶν
1418 2143 1581 2179 ὀφθαλμούς.
1609 2144 1686 2170 Ἔστι
1706 2142 1788 2178 γὰρὴ

163 2198 224 2220 ctos
241 2190 423 2226 pet-tectorum
442 2191 547 2219 oculos.
570 2191 618 2218 Est
637 2191 710 2218 enim
734 2191 876 2219 deiformis
907 2191 954 2219 ille

1008 2189 1122 2224 θεοειδὴς
1131 2190 1255 2225 ίεραρχία
1265 2189 1438 2226 δικαιοσύνης
1453 2191 1528 2226 ἱερᾶς
1536 2189 1686 2223 ἀνάπλεως,
1701 2190 1746 2216 καὶ
1759 2190 1790 2216 τὸ

163 2238 230 2267 ordo
247 2246 324 2266 sacer
339 2242 439 2265 sancta:
451 2238 548 2273 plenus
565 2238 688 2273 iustitiae,
705 2245 755 2266 nec
768 2245 822 2266 non
836 2238 954 2266 salubri-

1008 2237 1063 2263 κατ’
1076 2236 1152 2268 ἀξίαν
1165 2237 1272 2272 ἑκάστῳ
1283 2237 1423 2273 σωτηρίως
1449 2237 1579 2271 ἀπονέμει
1602 2237 1651 2272 τὴν
1675 2237 1790 2272 ὲναρμὸ·
1807 2232 1812 2235 ’

165 2289 205 2312 ter
220 2284 316 2318 cuique
329 2288 541 2311 consentaneam
555 2291 604 2319 pro
632 2284 732 2312 merito
755 2283 891 2319 cujusque
914 2292 954 2312 re-

1008 2291 1060 2309 νιον
1073 2282 1187 2309 ἑκάστου
1212 2282 1266 2308 τῶν
1293 2282 1372 2309 θείων
1399 2281 1505 2317 μέθεξιν
1526 2282 1553 2307 ἐν
1567 2282 1722 2318 συμμετρίᾳ
1742 2284 1789 2309 καὶ

163 2338 224 2358 rum
237 2330 390 2358 divinarum
421 2330 517 2358 tribuit
544 2330 797 2364 participationem,
821 2335 850 2358 et
874 2330 953 2366 juxta

1008 2329 1134 2364 ἀναλογίᾳ
1149 2329 1219 2356 κατά
1235 2329 1329 2364 καιρὸν
1345 2328 1425 2364 ίερῶς
1433 2328 1600 2365 δωρουμένη.
1632 2330 1662 2356 Ἦ
1676 2330 1723 2365 μὲν
1742 2328 1788 2357 οὖν

163 2381 272 2411 captum
285 2378 448 2411 modumque
470 2376 641 2411 singulorum
659 2383 708 2404 suo
728 2381 849 2411 tempore
859 2381 953 2404 sancte

1008 2376 1105 2411 ἐσχάτη
1116 2377 1173 2407 τοῖς
1186 2375 1399 2411 κατηχουμένοις
1417 2375 1619 2412 ἀπονενέμηται
1633 2375 1720 2408 τάξιςο
1735 2377 1789 2403 είσὶ

163 2422 303 2451 concedit.
325 2423 362 2449 Ac
376 2427 530 2457 postremus
542 2423 651 2457 quidem
666 2423 733 2450 ordo
746 2422 953 2450 catechumenis

1008 2422 1059 2458 γὰρ
1083 2422 1228 2458 ἀμέθεκτοι
1246 2423 1279 2438 ¹⁰⁰
1306 2422 1352 2448 καὶ
1373 2420 1490 2457 ἀμύητοι
1514 2422 1612 2454 παντὸς
1632 2423 1787 2458 ἱεραρχικοῦ

163 2470 283 2498 tributus
301 2474 353 2502 est,
369 2469 440 2503 quod
458 2473 569 2496 exortes
581 2469 636 2496 sint
647 2473 674 2495 et
688 2468 775 2503 ignari
791 2468 879 2495 omnis
893 2468 952 2496 hie-

1008 2468 1189 2504 τελεστηρίου,
1204 2468 1270 2504 μηδὲ
1284 2468 1334 2505 τὴν
1345 2468 1416 2495 κατά
1440 2468 1514 2495 θείαν
1540 2468 1666 2501 ἀπότεξιν
1679 2469 1788 2496 ¹νὲνθεον

163 2516 295 2543 rarclticaa
314 2515 501 2550 perfectionis,
516 2522 607 2550 neque
623 2515 686 2541 dum
702 2521 750 2548 per
761 2513 881 2540 divinam
904 2522 952 2542 na-

1008 2514 1148 2550 ὲσχηκότες
1161 2512 1286 2550 ὓπαρξιν,
1314 2513 1370 2540 ἀλλ’
1384 2513 1423 2540 ἔτι
1445 2514 1513 2549 πρὸς
1526 2514 1580 2541 τῶν
1592 2514 1732 2550 πατρικῶν
1748 2514 1788 2540 λο-

165 2562 298 2590 tivitatem
315 2561 437 2588 divinum
449 2565 548 2588 statum
565 2559 698 2592 assecuti,
722 2559 843 2593 paternis
860 2559 952 2587 adhuc

1008 2560 1071 2594 τίων
1089 2560 1270 2595 μαιευόμενοι,
1292 2560 1338 2586 καὶ
1363 2558 1503 2592 ζωοποιοῖς
1529 2559 1693 2596 μορφώμασι
1708 2560 1786 2586 Ιδια-

806 2678 924 2708 VARI/li
944 2680 1146 2710 LECTIONES.

200 2759 223 2774 "
233 2758 360 2800 ςρυσιιιιξιςέ
473 2756 522 2800 Cll.
533 2757 583 2800 u':
595 2756 680 2800 χώρῆ,
695 2757 810 2800 M.__Sc:n
825 2793 836 2800 ﬁ
853 2760 876 2775 ’⁵
890 2758 1118 2800 (ῐιιιτογρᾶιςρωιί,Δ
1135 2758 1180 2800 Sc_.
1194 2759 1390 2800 professarum.
1420 2759 1614 2800 πέμψωσιν,
1628 2759 1737 2800 ίτὶΙιτξῐ)ὶ
1748 2759 1783 2787 Μ.

222 2793 292 2830 rSar.
313 2794 334 2809 '7
348 2794 390 2827 ἐφ’
404 2792 473 2830 ἑνόςἵ
489 2792 517 2819 P.
533 2792 556 2808 ⁹³
570 2792 772 2830 θεογονίαςίΜέ
788 2794 810 2809 θ’
824 2792 976 2830 θεουργίας)
991 2792 1020 2822 D.
1043 2795 1075 2811 ¹⁰⁰
1089 2794 1119 2822 Ρ.
1132 2792 1223 2823 subdit
1238 2794 1348 2826 πάντες.
1374 2796 1382 2811 ³
1396 2795 1454 2821 κατ’
1468 2792 1556 2828 ἀξίαν,
1570 2796 1613 2828 l’.;
1627 2794 1764 2828 ἀπόδειξιν
1774 2812 1783 2828 ι

167 2829 200 2855 Μ.
219 2829 292 2856 Scot.
338 2830 348 2844 ¹
362 2830 401 2854 ἔτι
412 2828 513 2859 ὁποίοις
528 2827 694 2864 μορφώσεσι,
708 2828 742 2856 Μ.
756 2828 801 2857 Sc.
