1931 3073
133 154 192 183 855

132 214 312 250 πλαττόμενοι
327 213 395 250 πρὸς
412 213 460 250 τὴν
474 214 505 241 ὲκ
528 213 698 249 θεογενεσίας
715 215 849 250 ἀρχίζωον
873 216 918 242 καὶ

130 261 287 296 ἀρχίφωτον
313 261 360 288 καὶ
393 260 528 296 μακαρίαν
550 261 733 296 προσαγωγὴν
766 261 786 286 ³.
812 262 916 297 Ὥσπερ

129 305 191 338 οὖν,
204 308 227 333 εί
239 306 367 333 ἀτέλεστα
379 307 426 333 καὶ
449 306 597 342 ἀμόρφωτα
619 298 782 342 προεκπέσοι
795 306 829 333 τά
847 306 916 333 κατά

130 355 222 389 σάρκα
236 354 321 389 βρέφη
341 353 391 388 τῆς
409 352 511 384 οἰκείας
527 352 687 388 μαιεύσεως,
708 352 745 384 ὡς
767 352 917 388 ἀμϐλωθρί-

127 401 174 428 δια
187 401 234 427 καὶ
259 399 433 435 ὲκτρὼματα,
457 399 507 435 τὴν
531 399 675 434 ἀγέννητον
697 399 744 426 καὶ
772 398 915 431 ἀζωονκαὶ

126 446 279 481 ἀφώτιστον
292 446 337 473 ἐπὶ
351 446 403 481 γῆς
427 446 583 472 ἀπόπτωσιν
598 444 663 477 ἕξει,
692 445 738 471 καὶ
750 444 799 471 οὐκ
817 444 849 471 ἄν
871 452 913 475 τις

125 491 267 527 εὐφρονῶν
281 491 363 523 εἴποι,
379 493 448 526 πρὸς
461 490 489 517 τὸ
505 490 664 525 φαινόμενον
681 489 854 521 ἀποσκοπῶν,
868 489 913 516 ἐπὶ

124 537 158 564 τὸ
173 537 230 572 φῶς
245 536 314 563 αὐτὰ
336 536 514 572 προαχθῆναι,
529 535 576 562 τοῦ
588 535 658 563 κατὰ
667 535 786 571 γαστέρα
803 535 912 567 σκότους

123 583 332 617 ἀπαλλαγέντα·
348 583 424 618 (φαίη
435 582 489 618 γὰρ
509 582 542 609 ἀν
555 583 572 617 ἡ
583 581 636 608 τῶν
655 582 787 616 σωμάτων
802 581 912 617 ἐπιστη-

125 629 225 664 μονικὴ
240 628 386 664 προστάτις
408 627 526 663 ἰατρικὴ,
540 627 570 653 τὸ
583 626 640 662 φῶς
662 626 783 661 ἐνεργεῖν
795 626 805 642 ⁸
818 627 858 658 είς
877 625 912 652 τὰ

122 673 238 701 δεκτικά
248 674 294 701 τοῦ
309 674 412 708 φωτός·
425 672 433 708 )
458 672 528 700 οὕτω
555 673 601 699 καὶ
617 671 671 698 τῶν
686 671 767 706 ἱερῶν
780 672 796 707 ἡ
811 671 910 698 πάνσο-

123 728 175 754 φος
187 721 325 755 ἐπιστήμη
352 719 447 755 πρῶτα
472 719 520 754 μὲν
542 719 640 750 αὐτοὺς
652 719 685 754 τῇ
703 717 757 744 τῶν
773 726 909 754 μορφιιντι-

122 766 181 792 κῶν
194 766 240 792 καὶ
253 765 393 797 ζωοποιῶν
403 765 500 799 λογίων
513 765 679 800 είσαγωγικῇ
700 765 785 800 τροφῇ
802 763 910 799 μαιεύε-

121 820 185 843 ται,
200 811 421 848 τελεσφορήσασα
435 811 463 838 δὲ
475 811 524 847 τὴν
545 811 612 846 πρὸς
637 810 806 845 θεογενεσίαν
820 809 909 836 αὐτῶν

122 858 282 889 ὑπόστασιν,
308 858 428 884 ἐνδίδωσι
453 857 592 892 σωτηρίως
605 857 696 888 αὐτοῖς
720 856 749 883 ὲν
769 855 844 888 τάξει
859 855 908 890 τὴν

121 903 192 938 πρὸς
216 902 250 929 τὰ
274 902 405 938 φωτοειδῆ
428 903 474 929 καὶ
495 901 698 937 τελεσιουργικά
719 901 730 917 ³
749 901 905 928 κοινωνίαν·

119 949 168 975 νῦν
180 949 208 976 δὲ
219 949 256 980 ὼς
271 948 420 975 ἀτελέστων
443 947 644 975 ἀποδιαστέλλει
654 948 688 975 τά
698 947 798 980 τέλεια,
811 947 862 983 τῆς
875 957 905 974 τε

119 995 268 1030 εὐκοσμίας
291 994 345 1021 τῶν
366 994 446 1030 ἱερῶν
468 994 690 1030 προμηθουμένη,
708 994 754 1021 καὶ
777 994 827 1029 τῆς
851 994 905 1021 τῶν

120 1040 331 1075 κατηχουμένων
355 1039 384 1065 ἐν
410 1039 520 1066 θεοειδεί
548 1039 602 1065 τῶν
638 1039 800 1075 ίεραρχικῶν
829 1039 903 1073 τάξει

118 1086 273 1119 μαιεύσεως
286 1087 331 1112 καὶ
345 1085 425 1120 ζωῆς.

644 157 687 184 DE
705 157 843 186 ECCLES.
861 158 1057 193 HIERARCH.,
1073 160 1150 190 CAP.
1169 161 1202 189 Ill

1695 165 1748 194 454

932 218 956 247 Λ
969 217 1083 251 eloquiis
1097 218 1249 250 foveantur,
1278 218 1446 254 viviﬁcisque
1461 219 1556 248 formis
1577 221 1610 249 ad
1638 221 1746 249 beatum

968 264 1054 296 illurn,
1068 265 1113 298 qui
1129 272 1162 292 ex
1174 264 1263 291 divina
1275 266 1452 299 generatione
1473 267 1667 301 proﬁciscitur,
1684 269 1746 296 vitae

966 310 1087 344 lucisque
1102 311 1251 346 principem
1264 319 1436 346 progressum
1451 313 1746 348 etl'ormentur.Qnem-

965 356 1107 384 admodum
1133 357 1223 391 itaque
1247 357 1371 385 carnales
1392 358 1479 389 liberi.
1497 361 1519 387 si
1543 359 1695 395 imperfecti
1718 366 1745 389 et

965 402 1106 435 informes,
1124 403 1283 430 obstetricis
1301 411 1367 430 cura
1402 404 1536 438 destituti,
1551 409 1613 432 ante
1640 411 1747 440 tempus

963 448 1101 481 excidant,
1116 453 1145 476 ut
1159 449 1277 477 abortivi
1295 455 1323 477 et
1333 450 1457 483 abortus,
1474 451 1622 479 nativitatis
1636 459 1667 478 ac
1681 452 1744 479 vita

963 494 1085 529 lucisque
1101 500 1237 522 exsortem
1252 495 1279 522 in
1294 499 1394 523 terram
1411 496 1514 530 lapsum
1527 496 1644 523 habituri
1660 501 1741 524 sunt:

962 547 1049 575 neque
1062 541 1205 576 quisquam
1232 542 1278 576 qui
1307 547 1382 570 recte
1403 541 1538 576 iudicabit
1563 542 1589 569 id
1605 542 1676 576 quod
1698 549 1744 577 ap-

960 592 1039 622 paret
1052 587 1191 621 intuendo,
1212 588 1311 617 dixerit
1325 588 1353 616 in
1375 588 1463 616 lucem
1480 589 1554 624 ipsos
1569 596 1629 617 esse
1644 590 1741 621 editos,

960 632 1031 666 quod
1046 633 1099 660 sint
1113 634 1146 661 ab
1163 633 1216 660 alvi
1232 634 1352 662 tenebris
1367 634 1474 662 liberati
1495 634 1577 670 (dicet
1598 634 1669 662 enim
1685 643 1743 662 me-

960 677 1058 711 dicina,
1082 679 1167 712 perita
1183 687 1329 714 corporum
1341 687 1453 715 praeses,
1478 679 1566 707 lucem
1585 680 1639 706 vim
1663 687 1741 707 suatn

958 730 1069 759 egerere
1082 725 1108 751 in
1122 725 1166 751 illa
1182 732 1242 760 quae
1255 725 1325 753 lucis
1349 730 1413 753 sunt
1437 725 1561 761 capacia)
1574 734 1581 759 ;
1596 726 1636 753 sic
1649 732 1742 753 sacro-

958 777 1018 797 rum
1039 770 1148 805 sapiens
1164 771 1305 805 disciplina
1331 772 1447 806 primum
1476 772 1584 807 quidem
1608 764 1681 807 ipsos
1699 773 1740 800 in-

959 815 1129 843 troductorio
1144 815 1280 843 formandi
1297 819 1323 844 et
1335 816 1491 844 viviﬁcandi
1505 817 1560 844 vim
1577 817 1740 845 habentium

957 859 1128 895 eloquiorum
1142 861 1203 889 cibo
1217 861 1300 893 fovet,
1324 861 1370 889 ubi
1392 869 1458 889 vero
1473 867 1574 889 statunt
1591 870 1683 890 eorum
1697 863 1739 891 di-

959 906 1027 933 vinae
1040 906 1235 942 regenerationi
1263 911 1354 941 aptum
1378 907 1532 940 absolverit,
1552 913 1607 935 tum
1630 909 1738 936 demum

959 953 993 981 iis
1006 952 1151 980 salubriter
1164 953 1260 980 ordine
1275 952 1401 980 concedit
1414 960 1503 980 rerum
1516 952 1698 981 luciforntium
1710 958 1738 980 et

958 997 1158 1033 perﬁcientinm
1181 998 1560 1032 communicationem;nunc
1574 1006 1640 1026 vero
1663 998 1738 1026 velut

957 1044 992 1072 ab
1007 1043 1173 1078 imperfectis
1189 1044 1310 1078 perfecta
1331 1045 1462 1077 secernit,
1490 1052 1550 1071 cum
1570 1045 1676 1072 decoris
1690 1052 1736 1071 sa-

955 1099 1074 1124 crorum,
1094 1096 1149 1118 tum
1164 1092 1423 1119 catechumenorum
1442 1091 1615 1119 educationis
1626 1099 1658 1119 ac
1673 1092 1736 1118 vita:

954 1145 1047 1165 curam
1063 1144 1170 1172 gerens,
1186 1137 1264 1172 juxta
1280 1137 1439 1164 deiiormetn
1454 1137 1558 1165 ordinis
1572 1137 1735 1164 hierarcbici

953 1183 1181 1211 constitutionem.

922 893 943 920 B

871 1263 886 1300 ἕ
901 1263 969 1296 VII.

157 1347 190 1374 Ἡ
204 1347 232 1374 δὲ
241 1347 296 1374 τῶν
320 1347 520 1383 ἐνεργουμένων
543 1347 646 1383 πληθὺς
667 1347 773 1384 ἀνίερον
795 1346 844 1382 μὲν
856 1346 903 1374 καὶ
917 1366 939 1376 ,.

116 1393 196 1429 αὕτη,
208 1393 321 1428 δευτέρα
333 1393 361 1419 δὲ
372 1394 440 1430 πρὸς
455 1394 484 1420 τὸ
497 1394 553 1421 ἀνω
563 1393 614 1428 τῆς
624 1393 679 1420 τῶν
692 1393 902 1429 κατηχουμὲνων

114 1440 188 1466 ἐστὶν
201 1440 338 1475 ἐσχατιᾶς.
353 1440 420 1466 Οὐδὲ
433 1440 486 1475 γὰρ
500 1439 568 1472 ἴσον,
587 1440 624 1471 ὡς
641 1438 728 1475 οἶμαι,
744 1439 791 1466 τοῦ
805 1449 902 1466 παντεα

114 1485 168 1516 Λῶς
179 1485 301 1520 ἀμυήτου
314 1485 360 1511 καὶ
380 1485 433 1511 τῶν
447 1485 525 1512 θείων
546 1485 659 1512 τελετῶν
676 1485 768 1520 ἄκρως
789 1485 900 1511 ἀκοινω-

113 1530 194 1565 νήτου
205 1530 235 1556 τὸ
251 1530 395 1565 μετουσίαν
409 1530 470 1556 τινὰ
480 1530 534 1557 τῶν
559 1530 711 1566 ίερωτάτων
725 1531 840 1566 έσχηκὸς
854 1539 899 1557 τε-

112 1575 271 1611 λεστηρίων,
286 1575 325 1602 ἔτι
347 1575 375 1602 δὲ
396 1577 454 1608 ταῖς
477 1576 608 1607 ἐναντίαις
621 1576 637 1612 ἢ
651 1576 769 1610 θέλξεσιν
786 1576 802 1611 ἢ
815 1585 897 1613 ταρα-

112 1623 173 1656 χαῖς
184 1622 372 1657 ὲνεσχημένον,
387 1621 454 1648 άλλά
467 1623 513 1648 καὶ
529 1622 596 1658 πρὸς
611 1623 708 1654 αὐτοὺς
725 1624 742 1657 ἡ
763 1622 818 1649 τῶν
829 1631 898 1650 παν-

113 1671 192 1706 ιέρων
214 1672 261 1698 θέα
283 1673 329 1699 καὶ
340 1672 465 1699 κοινωνία
481 1673 491 1688 ⁸
511 1673 692 1706 συστέλλεται,
711 1674 758 1700 καὶ⁴
771 1673 841 1709 μάλα
862 1682 894 1708 γε

111 1715 232 1747 εἰκότως.
255 1716 286 1742 Et
312 1715 366 1752 γάρ
388 1716 462 1742 ἐστιν
477 1715 584 1751 ἀληθὲς,
602 1716 641 1748 ὡς
659 1717 674 1743 ὁ
697 1716 810 1744 καθόλου
824 1716 894 1749 θεῖος

111 1760 190 1795 ἀνὴρ,
215 1761 229 1787 ὁ
253 1761 308 1788 τῶν
322 1761 403 1788 θείων
421 1761 495 1794 ἄξιος
519 1762 655 1795 κοινωνὸς,
679 1763 694 1789 ὸ
718 1762 787 1798 πρὸς
804 1762 893 1789 τὸτοῦ

112 1806 170 1830 κατ’
182 1805 261 1832 αὑτὸν
276 1805 407 1837 θεοειδοῦς
417 1805 499 1841 ἄκρον
511 1806 538 1832 ὲν
552 1806 694 1833 παντελέσι
706 1807 753 1834 καὶ
764 1807 894 1833 τελειωτι-

111 1850 172 1881 καίς
189 1849 315 1877 θεώσεσιν
331 1851 492 1886 ἀνηγμένος,
505 1851 565 1878 οὐδὲ
586 1851 621 1878 τὰ
641 1852 740 1888 σαρκὸς
753 1853 893 1888 ἐνεργήσει

111 1896 185 1932 παρά
203 1897 252 1932 τὴν
274 1897 344 1924 κατά
372 1898 451 1932 φύσιν
475 1898 686 1934 ἀναγκαιότητα,
711 1899 758 1925 καὶ
778 1898 855 1925 τοῦτο
868 1899 892 1925 εί

108 1941 183 1977 τύχοι
198 1943 352 1978 παρέργως,
371 1943 432 1975 ναὸς
442 1944 470 1970 δὲ
484 1944 541 1979 ἄμα
552 1945 598 1971 καὶ
621 1945 719 1977 ὀπαδὸς
742 1945 771 1971 ὲν
784 1946 816 1980 τῇ
830 1944 891 1972 κατ’

109 1987 188 2013 αὑτὸν
210 1987 345 2024 ἀκροτάτῃ
369 1988 463 2017 θεώσει
490 1990 537 2016 τοῦ
560 1990 704 2027 θεαρχικοῦ
736 1992 892 2027 Πνεύματος

108 2031 192 2065 ἔσται,
207 2034 245 2069 τῷ
258 2035 341 2070 ὁμοίῳ
353 2035 384 2061 τὸ
397 2035 488 2070 ὅμοιον
508 2037 636 2073 ἐνιδρύων
647 2046 653 2052 ·
673 2038 722 2064 οὐκ
738 2038 770 2064 ἂν
780 2039 794 2064 ὁ
804 2038 891 2064 τοιοῦ-

108 2079 151 2110 τός
162 2088 226 2105 ποτε
239 2080 305 2116 πρὸς
318 2081 371 2108 τῶν
384 2082 512 2109 ἐναντίων
533 2083 691 2119 ὲνεργηθείη
706 2084 860 2118 φαντασιῶν
873 2084 889 2119 ἢ

106 2123 248 2159 δειμάτων,
260 2126 402 2159 γελάσεται
414 2128 443 2154 δὲ
457 2128 536 2162 αὐτὰ,
552 2129 598 2155 καὶ
612 2129 758 2165 προσιόντα
772 2138 890 2156 καταπα-

107 2168 202 2202 λαίσει,
216 2171 262 2197 καὶ
275 2171 440 2206 ἐκδιώξεται,
465 2175 511 2200 καὶ
539 2174 633 2210 δράσει
647 2174 745 2210 μᾶλλον
759 2175 775 2211 ἢ
799 2176 889 2202 πείσε-

106 2224 159 2247 ται,
173 2217 218 2243 καὶ
245 2218 312 2253 πρὸς
335 2219 374 2254 τῷ
393 2220 403 2234 ⁷
421 2220 471 2255 τῆς
494 2220 595 2252 οἰκείας
620 2220 702 2253 ἕξεως
730 2221 830 2248 ἀπαθεῖ
843 2222 889 2248 καὶ

106 2261 234 2298 ἀνενδότῳ
247 2264 293 2289 καὶ
305 2264 408 2299 ἑτέροις
423 2265 513 2301 ίατρὺς
534 2266 681 2302 ὀφθήσεται
698 2266 752 2293 τῶν
762 2267 887 2294 τοιούτων

106 2306 304 2342 ἐνεργημάτων.
329 2307 411 2344 Οἶμαι
437 2310 465 2337 δὲ
478 2309 533 2344 ἐγὼ
547 2311 613 2346 πρὸς
631 2311 727 2347 τούτῳ,
746 2312 843 2347 μᾶλλον
856 2312 884 2338 δὲ

105 2350 162 2379 οἶδα
177 2355 278 2388 σαφῶς,
292 2355 330 2387 ὡς
341 2356 358 2391 ἡ
371 2356 423 2382 τῶν
451 2357 613 2393 ίεραρχικῶν
628 2358 638 2373 ⁸
652 2359 818 2394 ἀμιγεστάτη
832 2359 885 2385 διά-

107 2406 191 2434 κρισις
203 2400 255 2435 πρὸ
266 2400 368 2427 τούτων
382 2400 451 2428 οἶδεν
478 2403 689 2438 ἐνεργουμένους
703 2405 884 2439 ὲναγεστάτην

105 2444 250 2479 ἐνέργειαν,
265 2446 331 2480 ὅσοι,
343 2447 392 2482 τῆς
405 2447 537 2481 θεοειδοῦς
549 2449 715 2481 ἀποστάντες
728 2449 809 2486 ζωῆς,
824 2450 885 2485 ὁμό-

106 2489 197 2525 φρονές
211 2499 240 2516 τε
252 2492 299 2517 καὶ
312 2493 460 2528 ὀμότροποι
471 2495 527 2525 τοῖς
537 2493 667 2530 ὀλεθρίοις
680 2495 817 2528 γίγνονται
827 2495 885 2521 δαί-

105 2543 174 2570 μοσι,
191 2535 225 2562 τὰ
238 2537 285 2571 μὲν
299 2537 381 2570 ὅντως
395 2538 468 2571 ὄντα,
483 2540 529 2566 καὶ
553 2539 693 2572 ἀθανάτως
713 2540 810 2576 κτητὰ,
835 2541 883 2568 καὶ

104 2579 215 2611 αἰωνίως
243 2579 318 2615 ἡδέα,
352 2581 385 2608 δι’
409 2583 525 2620 ἐσχάτην
552 2584 599 2610 καὶ
627 2585 732 2616 ἑαυτοῖς
762 2584 881 2620 ὀλέθριον

103 2624 225 2660 άνοησίαν
240 2627 488 2663 ἀποστρεφόμενοι·
508 2630 556 2666 τὴν
587 2630 718 2665 πρόσυλον
731 2630 759 2657 δὲ
777 2631 823 2657 καὶ
834 2640 881 2658 πο-

103 2670 301 2707 λυπαθεστάτην
326 2673 482 2707 ἀλλοίωσιν,
511 2675 559 2702 καὶ
581 2675 630 2707 τὰς
663 2676 810 2711 ὀλλυμένας
833 2678 880 2704 καὶ

985 1345 1070 1373 Porro
1086 1353 1330 1381 energumenorum
1353 1346 1431 1374 turba
1459 1346 1599 1374 immunda
1624 1347 1732 1382 quidem

950 1396 990 1419 est
1002 1395 1029 1419 et
1040 1392 1108 1426 ipsa,
1126 1397 1311 1419 verumtamen
1329 1392 1477 1419 secundum
1507 1393 1593 1419 locum
1608 1393 1732 1427 superio-

948 1445 1006 1466 rem
1021 1445 1036 1465 a
1060 1438 1316 1466 catecliumenorum
1347 1439 1522 1466 extremitate
1544 1440 1659 1466 obtinet.
1681 1438 1732 1466 Ne-

947 1492 999 1520 que
1012 1485 1084 1512 enim
1098 1484 1205 1519 penitus
1216 1484 1342 1519 profano,
1355 1485 1562 1520 divinorumque
1573 1492 1732 1513 sacramen-

949 1535 1038 1559 torum
1057 1538 1170 1567 prorsus
1197 1531 1285 1558 exorti
1309 1539 1357 1566 par
1376 1536 1403 1559 et
1427 1531 1529 1565 aequale
1556 1531 1678 1558 duxerim
1703 1531 1731 1558 id

948 1576 1026 1611 192
1042 1576 1113 1611 quod
1127 1576 1154 1603 in
1170 1575 1290 1610 aliquam
1303 1576 1549 1603 sacratissimorum
1566 1583 1728 1603 sacramen-

911 1623 933 1653 C
949 1626 1036 1649 torutn
1052 1625 1155 1655 partem
1169 1621 1253 1652 venit,
1277 1620 1385 1648 tametsi
1411 1621 1557 1648 contrariis
1582 1620 1728 1647 etiamnum

945 1667 1082 1694 illecebris
1120 1666 1406 1701 perturbatiorﬂbusve
1446 1666 1615 1701 implicetur;
1647 1673 1730 1700 quan-

944 1720 1025 1748 quam
1040 1714 1121 1740 etiam
1139 1713 1206 1747 ipsis
1217 1721 1308 1741 rerum
1334 1713 1583 1740 sacratissimarum
1601 1719 1729 1747 aspectus

943 1759 1151 1794 communioque
1162 1759 1343 1791 subtrahitur,
1362 1763 1390 1786 et
1402 1759 1509 1794 quidem
1539 1759 1602 1794 jure
1617 1760 1724 1786 merito.

943 1804 1010 1832 Nam
1025 1805 1049 1833 si
1064 1813 1158 1832 verum
1187 1805 1223 1832 sit
1250 1805 1370 1833 divinutn
1395 1813 1506 1840 prorsus
1519 1806 1606 1832 virum
1621 1805 1726 1833 divino-

943 1859 1002 1878 rutn
1015 1852 1207 1878 communione
1235 1852 1355 1885 dignum,
1372 1859 1420 1885 pro
1435 1859 1484 1878 suo
1497 1850 1603 1878 modulo
1619 1851 1653 1878 ad
1668 1851 1724 1877 dei-

943 1896 1087 1924 formitatis
1098 1897 1234 1932 fastigium
1242 1897 1446 1932 perfectissimis
1456 1897 1663 1932 perl‘ectivisque
1670 1898 1724 1924 dei—

943 1941 1117 1970 ficationibus
1131 1938 1264 1975 evectum,
1283 1950 1313 1970 ea
1327 1951 1387 1977 quae
1414 1943 1502 1970 carnis
1528 1949 1590 1970 sunt
1614 1943 1726 1969 minitue

942 1993 1098 2015 curaturum
1114 1989 1183 2016 citra
1200 1993 1302 2015 natura:
1315 1988 1518 2020 necessitatem,
1543 1988 1634 2022 idque,
1645 1994 1725 2022 prout

941 2042 1007 2062 usus
1026 2035 1088 2068 fert,
1103 2035 1200 2067 obiter,
1217 2035 1263 2062 sed
1279 2034 1307 2061 in
1324 2034 1519 2062 sublimis-sima
1539 2034 1583 2061 illa
1596 2042 1656 2068 quae
1671 2035 1723 2068 ipsi

941 2080 1072 2115 competit
1098 2080 1270 2108 deiﬁcatione
1295 2080 1424 2115 templum
1442 2080 1522 2108 simul
1540 2080 1655 2115 Spiritus
1675 2079 1722 2107 Dei

940 2127 1100 2162 principalis
1120 2132 1338 2162 sectatoremque
1364 2127 1494 2160 futurum,
1517 2130 1579 2155 dum
1595 2128 1683 2156 simile
1696 2129 1721 2154 in

940 2173 1021 2201 simili
1036 2174 1132 2201 fundat
1160 2174 1349 2209 collocatque:
1377 2175 1498 2208 profecto
1528 2175 1654 2210 quisquis
1679 2180 1721 2202 est

939 2221 1081 2255 ejusmodi,
1093 2221 1239 2249 contrariis
1252 2228 1389 2255 nunquam
1413 2221 1653 2256 imaginationibus
1667 2226 1720 2248 ter-

943 2267 1102 2301 roribusque
1115 2267 1270 2300 vexabitur,
1287 2274 1380 2295 verum
1412 2267 1536 2295 irridebit
1562 2275 1620 2300 eos,
1638 2274 1718 2294 accc-

903 2302 925 2329 D
939 2312 1086 2347 dentesque
1101 2312 1256 2348 proﬂigabit
1270 2320 1302 2340 ac
1316 2319 1503 2348 persequetur,
1521 2318 1634 2348 agetque
1665 2322 1720 2340 ma-

936 2356 977 2390 εἰς
993 2365 1074 2392 quam
1087 2358 1215 2393 patietur,
1232 2362 1259 2385 et
1282 2366 1331 2393 pro
1358 2359 1470 2387 alfectus
1485 2359 1526 2386 sui
1544 2359 1718 2394 itnpassibili-

938 2405 992 2429 tate
1005 2408 1086 2438 atque
1098 2404 1253 2432 constantia
1265 2404 1326 2432 aliis
1338 2413 1444 2440 quoque
1455 2405 1585 2433 similium
1599 2406 1718 2433 vexatio-

936 2455 1000 2474 num
1017 2448 1150 2475 medicum
1180 2457 1210 2477 se
1239 2450 1380 2484 praebebit.
1392 2450 1525 2478 Cmterutn
1539 2452 1646 2487 opinor,
1662 2452 1717 2478 ἰιιιυ

936 2501 1001 2521 vero
1014 2501 1183 2528 compertum
1212 2496 1310 2529 habeo,
1333 2497 1546 2524 sincerissimum
1575 2505 1714 2525 sacrorum

936 2540 1061 2568 ordinum
1082 2541 1215 2575 judicium
1231 2550 1353 2575 censere,
1381 2552 1436 2579 pra:
1457 2545 1516 2573 istis
1531 2545 1714 2574 detestabilis—

934 2586 1002 2613 sima
1015 2587 1155 2614 obsidione
1168 2588 1253 2615 tetteri
1265 2596 1323 2622 eos,
1340 2590 1384 2624 qui
1399 2590 1556 2618 deiformem
1572 2592 1654 2619 vitam
1668 2593 1714 2619 de-

933 2637 1063 2665 serentes,
1077 2634 1220 2661 sentcntiis
1237 2636 1411 2670 moribusque
1440 2637 1551 2671 perditis
1579 2638 1713 2665 daemoni-

931 2678 981 2706 bus
993 2680 1164 2706 consetttiunt
1196 2681 1259 2708 dum
1272 2690 1303 2709 ea
1314 2677 1420 2717 quidem
1438 2691 1497 2718 quae
1513 2688 1539 2711 et
1559 2691 1623 2712 vere
1637 2691 1710 2715 sunt,

742 2787 858 2815 νΑιιικΕ
878 2787 1076 2816 LECTIONES.

134 2852 318 2896 iia’lzzq‘ln’ﬁ‘l
331 2873 337 2882 ,
352 2852 380 2879 Ρ.
396 2853 425 2879 it.
440 2854 490 2896 Cit.
505 2854 662 2896 ἔξιαγργήν,Δ
670 2856 703 2896 Μ.
718 2856 745 2883 S.
761 2856 790 2883 Β.
824 2858 1011 2896 ξένεργήσειν,
1040 2860 1089 2896 Cit.
1116 2862 1266 2896 ἐνεργήσει,
1297 2864 1324 2890 S.
1347 2863 1365 2890 il
1401 2866 1461 2891 Sar.

104 2884 197 2919 03.36%,
213 2887 258 2913 καὶ
271 2884 498 2925 τέλεσιουργικήν,
513 2884 606 2918 Μ.”5‹;’.
618 2884 709 2918 ’θ’θείτ
724 2893 860 2926 κοινωνία,
877 2884 917 2922 bi:
980 2884 983 2885 ν
996 2884 1088 2930 τγ
1200 2884 1294 2925 ii’é'c.

1507 2867 1516 2881 "
1532 2867 1597 2901 πρὸς
1610 2867 1638 2893 ῖὺ
1652 2867 1708 2902 φῶς

1344 2901 1352 2914 ’⁸
1366 2900 1512 2935 ἱεριιρχῶν,
1526 2900 1574 2928 Lit.
