1931 3073
181 188 236 224 4'35

739 190 742 192 ’
767 196 795 225 s.
814 196 960 224 mosvsn
975 196 1205 224 annonam-1
1751 190 1804 220 tae

181 255 409 284 etimmortaliter
427 256 608 290 possidentur,
624 263 706 292 atque
730 257 898 285 :eternaliter
917 257 963 284 de-

1017 256 1192 292 ῳθοροποιοὺς
1215 255 1320 292 ἡδονὰς,
1336 255 1382 282 καὶ
1410 255 1460 291 τὴν
1484 255 1610 283 ἀϐέϐαιον
1621 255 1650 282 ἐν
1663 255 1719 291 τοῖς
1732 253 1808 281 ἀλλο-

182 301 294 335 lectant,
309 309 358 336 per
369 306 520 328 extremam
534 301 640 336 sibique
663 302 843 336 perniciosam
859 302 967 329 demen-

181 347 246 373 tiam
260 352 431 378 aversantur;
445 347 615 374 ntaterialem
633 354 697 374 vero
713 347 889 381 pluribusque
904 353 967 380 per-

182 391 381 420 turbationibus
404 393 551 420 obuoxiam
581 393 811 424 immutationem.
835 392 968 427 perditas-

181 444 235 471 que
247 445 280 465 ac
293 439 476 473 corruptrices
491 439 652 474 voluptates.
667 443 695 466 et
709 439 876 470 instabilem,
890 446 967 465 eam-

180 491 234 518 que
249 484 378 516 alienam,
392 493 479 520 neque
505 493 568 513 vere
581 486 754 517 etistentem,
772 485 819 512 sed
834 491 966 518 apparen-

182 535 236 557 tem
263 530 474 558 delectationem
500 532 623 559 ambiunt
657 537 684 559 et
706 536 907 559 consectantur.
934 529 967 556 lli

180 583 245 610 ergo
257 576 350 610 primi.
367 581 394 603 et
405 577 512 611 quidem
529 578 615 613 magis
644 578 753 612 proprie
765 585 844 611 quam
860 577 908 610 illi,
922 583 965 604 se—

180 621 320 656 gregativa
336 621 453 648 ministri
475 629 541 649 voce
561 627 724 653 arceantur;
739 629 826 655 neque
839 621 911 648 enim
927 620 966 647 fas

180 667 216 694 sit
231 667 271 694 eis
286 667 431 701 cujuslibet
448 669 560 695 alterius
576 670 614 695 rei
633 676 718 696 sacra:
743 668 891 703 participes
903 675 966 694 eva-

181 715 257 747 dere,
273 720 453 750 praeterquam
468 706 637 749 eloquiorum
664 715 722 745 Dei.
749 723 864 749 quorum
880 714 967 749 magi—

180 761 264 788 sterio
279 761 311 788 ad
328 762 466 789 meliorem
493 762 597 796 frugem
622 761 743 788 converti
759 762 873 795 possint.
898 760 964 792 Nam

180 809 202 839 si
219 809 445 843 supermundialis
465 809 509 836 illa
522 816 661 837 sacrorum
677 809 828 836 divinorum
842 808 965 836 celebra-

181 854 229 885 tio,
242 853 389 881 etiamdum
414 855 590 889 peanitentes,
618 853 726 882 tametsi
746 854 882 888 quondam
907 853 966 889 ejus

179 905 331 934 compotes,
352 900 468 935 repellit,
498 908 550 928 non
581 900 632 927 nisi
663 900 836 928 sanctissimo
858 908 966 936 quoque

1018 304 1102 339 τρίοις
1115 304 1164 330 οὐκ
1179 301 1271 334 οὖσαν,
1297 302 1365 329 ἀλλὰ
1391 302 1521 329 δοκοῦσαν
1543 301 1691 328 εὐπάθειαν
1715 301 1808 328 ἐπιθυ-

1020 348 1132 384 μοῦντες
1147 349 1194 375 καὶ
1210 348 1395 384 ἐνεργοῦντες.
1411 349 1441 374 Οἱ
1457 347 1561 384 πρῶτοι
1591 347 1613 373 δ’
1624 348 1635 363 ⁹
1665 344 1712 373 οὖν
1732 344 1807 374 οὗτοι

1017 396 1064 422 καὶ
1079 394 1244 431 κυριώτερον
1256 395 1368 421 ἐκείνων
1380 394 1433 421 ὑπὸ
1457 394 1506 430 τῆς
1522 394 1570 420 τοῦ
1584 392 1740 427 λειτουργοῦ
1752 392 1807 431 δια-

1017 442 1145 477 κριτικῆς
1158 442 1250 476 φωνῆς
1264 441 1487 476 ἀφοριζέσθωσαν
1497 450 1504 456 ·
1518 441 1548 467 οὐ
1565 440 1619 476 γὰρ
1635 440 1746 476 θεμιτὸν
1761 440 1808 466 αὖ·

1017 488 1072 519 τοῖς
1085 487 1179 523 ἑτέρου
1199 487 1270 518 τινὸς
1286 486 1359 523 ἱεροῦ
1377 488 1530 522 μετασχεῖν,
1547 486 1562 522 ἢ
1575 486 1625 521 τῆς
1640 486 1694 512 τῶν
1707 485 1807 519 λογίων

1017 533 1230 568 ἐπιστρεπτικῆς
1245 533 1291 559 ἐπὶ
1306 533 1339 559 τὰ
1357 533 1474 569 κρείττω
1497 532 1681 565 διδασκαλίας.
1707 533 1738 559 Εἰ
1751 532 1806 569 γὰρ

1017 579 1033 613 ἠ
1047 579 1100 605 τῶν
1116 579 1195 606 θείων
1210 580 1393 614 ὑπερκόσμιος
1416 579 1556 614 ἱερουργία
1578 579 1626 606 καὶ
1640 579 1703 611 τοὺς
1719 580 1747 605 ἑν
1762 587 1807 614 με·

1016 625 1119 660 τανοίᾳ,
1133 625 1180 651 καὶ
1192 625 1256 656 τοὺς
1272 625 1292 640 ¹⁰
1306 625 1374 660 πρὸς
1388 625 1472 660 αὐτὴν
1495 625 1544 661 ἤδη
1574 625 1728 659 γεγονότας,
1742 624 1807 656 duo:

1017 670 1166 706 κρύπτεται
1180 671 1211 701 “,
1227 671 1256 697 τὸ
1271 671 1308 706 μὴ
1332 670 1472 703 παντελῶς
1495 670 1640 706 ἱερώτατον
1655 671 1685 697 οὑ
1700 679 1808 706 προσιε-

1018 715 1085 751 μένη
1098 724 1104 730 ’
1130 717 1285 751 προσφωνεῖ
1296 716 1323 742 δὲ
1337 717 1384 742 καὶ
1405 716 1484 744 τοῦτο
1508 717 1653 751 πανάγνως
1663 737 1670 749 ,
1693 717 1734 743 ὅτι
1750 715 1807 743 Καὶ

1015 763 1071 794 τοῖς
1084 763 1153 789 κατά
1166 771 1191 788 τι
1213 761 1280 798 πρὸς
1305 763 1335 789 τὺ
1357 763 1404 789 τοῦ
1432 762 1565 795 θεοειδοῦς
1590 762 1675 798 ἄκρον
1701 761 1807 793 ἀτελῶς

1016 806 1203 839 ὲξασθενοῦσιν
1220 806 1333 839 ἀθέατος
1346 808 1403 843 εἰμι
1429 808 1475 834 καὶ
1497 807 1677 843 ἀκοινώνητος
1691 806 1803 843 (ἀποσο-

1016 852 1058 878 ϐεῖ
1079 852 1132 887 γὰρ
1146 853 1162 886 ἡ
1177 851 1246 878 κατὰ
1275 853 1326 878 πᾶν
1344 852 1514 887 ἁμιγεστὰτη
1530 851 1604 887 φωνὴ
1618 851 1665 879 καὶ
1689 851 1751 882 τοὺς
1767 851 1805 886 μὴ

1015 899 1180 934 δυναμένους
1198 899 1355 934 ωνδεθῆναι
1377 900 1434 930 τοῖς
1447 899 1501 925 τῶν
1517 898 1661 925 θειοτάτων
1686 897 1768 930 ἀξίως
1783 897 1806 913 ¹¹

179 946 315 979 admisso;
328 947 393 981 quin
408 947 490 975 etiam
512 947 662 982 proclamat
675 955 682 973 :
703 946 761 981 Ego
776 947 810 973 ad
823 947 963 975 deiformi-

1015 945 1179 980 κοινωνοῖς),
1212 944 1301 980 πολλῴ
1311 954 1343 979 γε
1369 945 1468 980 μᾶλλον
1481 946 1497 980 ἡ
1519 944 1572 971 τῶν
1587 943 1717 980 ἐμπαθῶς
1731 944 1807 979 ἐνερ-

180 992 246 1019 tatis
265 993 373 1020 culmen
398 999 510 1028 propter
536 1001 613 1021 suam
650 992 883 1026 imperfectionem
910 1001 964 1020 non

179 1039 536 1074 :Issurgentibttsinvisibilis
546 1045 573 1067 et
587 1038 852 1067 inconununicabilis
874 1042 965 1069 existo

179 1085 264 1118 (arcet
278 1086 350 1114 enim
364 1086 511 1120 purissima
526 1094 579 1113 vox
601 1087 650 1114 ista
664 1095 771 1122 quoque
788 1088 850 1116 illos
863 1089 908 1122 qui
924 1095 965 1115 re-

178 1132 230 1159 bus
245 1132 423 1161 divinissimis
449 1132 530 1166 digne
546 1133 812 1162 communicantibus
837 1135 964 1170 conjungi

180 1186 234 1204 non
248 1181 370 1213 possunt)
389 1180 513 1213 adeoque
537 1180 623 1214 magis
641 1187 747 1212 eorum,
759 1181 804 1215 qui
830 1181 965 1215 passioni-

179 1226 230 1251 bus
254 1225 439 1259 exagitantur,
455 1226 534 1252 turba
554 1226 666 1260 profana
681 1227 746 1257 erit,
762 1230 789 1253 et
804 1227 838 1253 ab
853 1232 963 1262 aspectu

177 1271 423 1304 communioneque
452 1278 592 1298 sacrorum
611 1271 689 1307 193
707 1273 804 1299 aliena.
835 1273 885 1300 Ubi
915 1272 963 1300 de-

179 1324 250 1342 mum
265 1316 357 1343 divino
368 1317 469 1351 templo
482 1318 634 1353 sacrisque.
651 1327 710 1352 qute
722 1320 900 1354 capacitatem
915 1327 964 1347 eo-

177 1355 237 1387 rum
253 1367 394 1396 superant,
410 1362 513 1389 exclusi
541 1368 613 1394 sunt,
641 1362 679 1392 illi
695 1364 741 1399 qui
766 1363 848 1392 nullis
875 1364 965 1392 adhuc

177 1407 471 1435 sacramentisinitiati
495 1409 659 1444 omninoque
684 1409 766 1437 rudes
790 1410 920 1441 existunt,
939 1414 966 1437 et

177 1453 238 1478 cum
256 1452 289 1479 iis
303 1456 435 1487 apostata:
451 1453 514 1480 vitae
531 1454 689 1486 sanctioris,
713 1459 740 1482 et
757 1455 801 1482 bis
818 1455 965 1482 conformi—

179 1504 219 1537 Ier
233 1498 269 1525 illi
289 1499 334 1532 qui
367 1499 586 1527 adversariorum
602 1500 754 1527 terroribus
772 1501 892 1536 visisque
910 1510 964 1536 pra:

177 1545 284 1580 ignavia
302 1545 381 1573 facile
407 1550 561 1577 moventur,
586 1547 686 1581 quippe
705 1547 753 1581 qui
771 1555 819 1582 per
834 1553 964 1575 constan-

177 1597 231 1619 tem
254 1593 417 1626 tirmamque
435 1600 497 1619 cum
524 1592 624 1619 divinis
651 1592 731 1619 rebus
756 1593 960 1620 consensionem

1017 990 1157 1025 γουμένων
1171 990 1275 1024 πληθὺς
1289 989 1395 1025 ἀνίερος
1412 989 1488 1016 ἔσται
1511 990 1559 1016 καὶ
1576 990 1666 1023 πάσης
1680 988 1806 1024 ἀλλοτρία

1016 1036 1065 1071 τῆς
1078 1035 1132 1062 τῶν
1145 1036 1224 1070 ἱερῶν
1239 1035 1353 1070 ὲποψίας
1374 1035 1420 1061 καὶ
1447 1034 1599 1066 κοινωνίας.
1621 1029 1806 1069 Ἐπειδὴ¹³τοῦ

1016 1082 1088 1108 θείου
1133 1081 1275 1116 γεγόνασιν
1298 1081 1350 1114 ἔξω
1367 1081 1432 1108 ναοῦ
1457 1081 1504 1108 καὶ
1526 1081 1576 1116 τῆς
1603 1081 1806 1116 ὑπερκειμένης

1016 1128 1114 1159 αὐτοὺς
1141 1127 1162 1143 ¹⁸
1187 1128 1341 1163 ἱερουργίας
1357 1128 1381 1153 οἱ
1410 1126 1464 1153 τῶν
1483 1122 1598 1153 τελετῶν
1623 1126 1741 1162 ἀμύητοι
1759 1126 1806 1152 xu!

1015 1174 1163 1206 ἀτέλεστοι,
1178 1174 1224 1200 καὶ
1250 1174 1316 1209 πρὸς
1333 1174 1424 1206 αὐτοῖς
1440 1175 1463 1200 οί
1485 1173 1534 1209 τῆς
1551 1173 1626 1209 ἱερᾶς
1653 1173 1804 1200 ἀποστάται

1015 1221 1098 1256 ζωῆς,
1112 1221 1251 1256 ἑπομένως
1265 1229 1294 1247 τε
1307 1220 1412 1252 τούτοις
1426 1222 1450 1248 οἰ
1468 1221 1537 1256 πρὸς
1553 1220 1587 1247 τὰ
1602 1219 1657 1246 τῶν
1676 1219 1806 1246 ἐναντίων

1014 1266 1129 1302 δείματά
1149 1276 1179 1293 τε
1199 1267 1220 1283 ’⁵
1243 1267 1290 1293 καὶ
1303 1267 1433 1302 φάσματα
1457 1267 1492 1293 δι’
1504 1266 1648 1301 ἀνανδρίαν
1666 1265 1804 1297 εὖπαθείς,

1015 1313 1053 1345 ὡς
1069 1314 1118 1340 οὐκ
1132 1313 1290 1349 ἀφικόμενοι
1313 1313 1358 1340 διὰ
1386 1314 1434 1349 τῆς
1455 1313 1522 1347 πρὸς
1538 1313 1572 1340 τὰ
1592 1312 1650 1339 θεῖα
1680 1312 1805 1340 συντόνου

1015 1359 1062 1386 καὶ
1074 1359 1213 1386 ἀνενδὸτου
1228 1359 1393 1391 συννεύσεως
1404 1359 1450 1386 ἐπὶ
1466 1359 1496 1386 τὸ
1512 1359 1562 1394 τῆς
1579 1358 1711 1390 θεοειδοῦς
1722 1358 1806 1390 ἕξεως

1015 1405 1142 1440 ἀκίνητον
1164 1406 1212 1432 καὶ
1240 1405 1401 1442 δραστήριον
1416 1414 1421 1420 ·
1440 1403 1499 1432 εἶτα
1515 1406 1583 1441 πρὸς
1606 1405 1698 1437 αὐτοῖς
1715 1405 1738 1431 οἰ
1755 1403 1805 1439 τῆς

1014 1451 1138 1484 ἐναντίας
1152 1452 1200 1487 μὲν
1210 1452 1376 1483 ἀποστάντες
1387 1451 1469 1487 ζωῆς,
1483 1450 1560 1478 οὔπω
1574 1451 1604 1478 δὲ
1620 1451 1668 1478 καὶ
1678 1450 1732 1478 τῶν
1740 1459 1805 1485 φαν-

1014 1503 1115 1529 τασιῶν
1134 1503 1218 1538 αὐτῆς
1241 1502 1297 1535 ἕξει
1311 1503 1357 1530 καὶ
1369 1502 1449 1538 έρωτι
1467 1502 1530 1538 θείῳ
1542 1503 1588 1529 καὶ
1599 1502 1694 1538 ἀμιγεῖ
1703 1501 1806 1537 καθαρο

1015 1549 1116 1581 θέντες,
1134 1549 1180 1575 καὶ
1192 1549 1250 1584 μετ’
1261 1548 1358 1580 αὐτοὺς
1374 1549 1398 1574 oi
1419 1548 1455 1583 μὴ
1467 1548 1592 1580 καθάπαξ
1604 1547 1738 1579 ὲνοειδεῖς,
1747 1547 1804 1585 καὶ,

1014 1595 1133 1631 νομικῶς
1150 1596 1247 1625 εἰπεῖν,
1261 1595 1369 1630 ἄμωμοι
1380 1594 1426 1620 καὶ
1442 1592 1576 1629 ἁλὼϐητοι
1593 1592 1742 1624 παντελῶς.
1772 1592 1806 1618 Oi

176 1638 293 1665 necdum
305 1638 448 1665 deil'ormis
461 1638 540 1665 istius
558 1643 646 1665 status
672 1638 857 1666 habitudinem
870 1639 962 1666 eﬂica-

1015 1641 1136 1677 πανίεροι
1153 1641 1174 1656 *⁸
1197 1640 1251 1667 τῶν
1268 1640 1404 1675 πανιέρων
1417 1639 1552 1675 ἱερουργοὶ
1579 1639 1626 1665 καὶ
1643 1638 1805 1674 φιλοθεάμο-

176 1683 302 1720 ciamque
316 1683 371 1711 sint
388 1684 500 1718 adepti;
516 1683 614 1712 deinde
626 1692 689 1712 cum
706 1685 751 1712 bis
765 1685 783 1712 ii
798 1690 907 1720 quaque
918 1686 964 1720 qui

176 1729 322 1756 i-ontrarite
337 1729 446 1764 quidem
465 1729 502 1756 illi
518 1731 581 1757 τῆκε
597 1730 722 1757 nuntium
739 1730 883 1764 miserunt,
900 1738 965 1758 non-

176 1775 240 1801 ulum
256 1780 345 1802 tamen
359 1783 373 1801 a
392 1775 456 1802 visis
483 1775 575 1802 habitu
596 1783 745 1810 antoreque
769 1777 860 1803 divino
879 1784 965 1812 eoque

177 1822 324 1854 purissimo
338 1823 445 1857 purgati
462 1827 534 1854 sunt,
550 1827 632 1857 atque
646 1824 793 1851 secundum
809 1825 858 1851 bos
876 1824 904 1856 ii,
918 1825 963 1859 qui

177 1874 230 1894 non
242 1868 353 1895 omnino
367 1868 526 1902 uniformes,
541 1875 578 1901 et.
597 1875 626 1896 ιιι
637 1870 705 1903 legis
722 1870 812 1904 phrasi
827 1876 900 1903 utar,
910 1879 963 1898 non

175 1914 289 1941 omnino
304 1915 470 1942 immaculati
486 1921 513 1942 et
525 1916 731 1944 incontaminati
744 1922 817 1944 sunt.
833 1917 900 1944 Tum
917 1918 965 1945 de-

176 1960 256 1994 nique
282 1961 369 1987 sancti
394 1968 535 1988 sacrorum
564 1962 718 1990 administri
741 1968 964 1999 spectatoresque

174 2005 301 2038 studiosi,
315 2007 529 2034 sacratissimum
543 2008 660 2036 hostiam
674 2016 753 2036 sacro
768 2010 819 2036 ritu
831 2015 963 2037 contuen-

176 2056 227 2084 tes.
255 2053 374 2086 generali
405 2055 562 2082 laudatione
594 2056 788 2084 concelebrant
812 2057 962 2084 beneﬁcum

176 2099 392 2134 niuniﬂcumque
408 2101 581 2135 principium,
605 2109 620 2128 a
650 2109 705 2136 quo
727 2103 858 2130 salutaria
885 2104 964 2130 nobis

176 2145 297 2171 exhibita
313 2151 376 2172 sunt
389 2153 573 2181 sacramenta,
599 2155 658 2182 qum
670 2153 872 2176 sacrosanctam
890 2149 962 2176 illam

175 2190 343 2218 initiat'orum
374 2199 565 2220 consummant
582 2194 793 2222 deiﬁcationem.
820 2195 898 2224 Hunc
914 2204 963 2223 au-

176 2239 228 2263 tem
245 2238 373 2272 hymnum
399 2239 444 2266 alii
471 2240 557 2267 laudis
579 2242 727 2274 canticum,
751 2243 796 2270 alii
824 2244 963 2277 religionis

175 2283 326 2317 symbolum
353 2285 500 2319 appellant,
531 2287 577 2313 alii
607 2288 736 2322 denique,
768 2296 826 2316 mea
852 2289 961 2323 quidem

175 2331 333 2361 sententia.
366 2332 486 2359 divinius
512 2333 712 2360 bierarcbieam
746 2335 958 2367 eucharistiam,

175 2377 233 2402 sive
250 2378 509 2411 sacroprincipalem
524 2380 671 2414 gratiarum
689 2382 835 2412 actionem,
851 2386 880 2408 ut
900 2389 960 2416 qua:

175 2423 306 2450 divinitus
319 2425 350 2450 ad
370 2432 418 2451 nos
432 2425 599 2453 dimanantia
617 2435 694 2454 sacra
709 2428 777 2454 dona
797 2427 960 2462 complecta-

175 2473 238 2494 tur:
260 2470 367 2496 videtur
394 2471 465 2497 enim
484 2471 653 2499 laudatarum
670 2474 790 2500 omnium
807 2473 959 2500 divinarum

175 2517 364 2548 operationum
380 2517 451 2545 ratio
476 2519 554 2546 nobis
577 2519 726 2551 exstitisse,
742 2528 805 2547 cum
831 2520 960 2547 substan-

175 2562 241 2588 tiam
260 2562 397 2596 vitamque
411 2569 532 2591 nostram
558 2565 679 2592 benctice
710 2566 900 2597 sustentando,
928 2573 961 2593 ac

1015 1696 1070 1719 νες,
1087 1687 1137 1723 τὴν
1150 1686 1305 1721 ἀγιωτάτην
1317 1686 1427 1722 τελετὴν
1448 1685 1623 1721 ἁγιοπρεπῶς
1641 1684 1805 1712 ἐποπτεύον-

1015 1742 1070 1766 τες,
1101 1732 1231 1768 ὑμνοῦσιν
1253 1731 1401 1767 ὑμνολογία
1416 1730 1548 1765 καθολικῇ
1565 1730 1616 1765 τὴν
1636 1729 1806 1765 ἀγαθουργὸν

1015 1780 1062 1806 καὶ
1074 1778 1230 1814 ἁγαθοδότιν
1243 1778 1340 1814 ἀρχὴν,
1367 1777 1413 1812 ὑφ’
1430 1774 1464 1814 ἧς
1480 1777 1508 1803 αἱ
1537 1775 1717 1812 σωτηριώδεις
1738 1776 1806 1811 ἡμῖν

1015 1825 1205 1860 ἀνεδείχθησαν
1232 1824 1355 1855 τελεταὶ,
1377 1823 1427 1859 τὴν
1454 1822 1529 1858 ἱερὰν
1552 1822 1607 1848 τῶν
1634 1822 1806 1857 τελουμένων

1016 1871 1112 1898 θέωσιν
1135 1870 1336 1906 ἱερουργοῦσαι.
1362 1869 1413 1897 Τὸν
1434 1869 1517 1905 ὕμνον
1543 1869 1571 1896 δὲ
1589 1869 1682 1896 τοῦτον
1704 1870 1729 1895 οἱ
1755 1869 1806 1904 μὲν

1015 1918 1179 1953 ὑμνολογίαν
1204 1917 1332 1944 καλοῦσιν
1361 1917 1394 1947 ¹⁷,
1422 1917 1447 1943 οἱ
1475 1916 1503 1943 δὲ
1534 1916 1584 1951 τῆς
1611 1915 1759 1952 θρησκείας
1773 1915 1806 1942 τὸ

1016 1962 1159 1998 σύμϐολον,
1172 1962 1246 1989 ἄλλοι
1262 1962 1300 1994 δὲ,
1315 1962 1353 1994 ὼς
1368 1959 1596 1998 οἶμαι,θειότερον
1609 1961 1769 1997 ἱεραρχικὴν
1782 1961 1804 1977 ¹⁸

1015 2008 1205 2044 εὐχαριστίαν,
1232 2009 1270 2040 ὼς
1293 2008 1470 2044 περιεκτικὴν
1494 2007 1548 2034 τῶν
1579 2008 1618 2039 είς
1641 2008 1714 2043 ἡμᾶς
1743 2007 1804 2034 θεό-

1015 2055 1060 2082 θεν
1077 2055 1248 2090 ἀφικομένων
1259 2055 1339 2090 ἱερῶν
1349 2054 1443 2090 δώρων
1460 2055 1497 2070 ¹⁰·
1522 2054 1595 2080 δοκεῖ
1619 2054 1673 2090 γάρ
1687 2063 1732 2089 μοι
1748 2054 1805 2080 τῶν

1015 2101 1188 2137 ὑμνουμένων
1212 2101 1324 2128 ἁπασῶν
1347 2100 1527 2136 θεουργιῶνὴ
1553 2101 1729 2136 πραγματεία
1739 2100 1805 2134 ’περὶ

1014 2148 1087 2183 ἡμᾶς
1104 2147 1245 2182 γεγονέναι
1257 2167 1264 2179 ,
1295 2146 1343 2182 τὴν
1377 2147 1425 2182 μὲν
1440 2147 1533 2174 οὐσίαν
1548 2146 1627 2182 ἡμῶν
1653 2146 1699 2173 καὶ
1730 2145 1804 2182 ζωὴν

1014 2193 1178 2228 ἁγαθοειδῶς
1212 2194 1400 2230 ὑποστήσασα,
1428 2194 1475 2221 καὶ
1505 2193 1669 2229 ἀρχετύποις
1692 2193 1804 2220 κάλλεσι

1013 2240 1043 2266 τὸ
1060 2240 1173 2272 θεοειδὲς
1198 2239 1276 2276 ἡμῶν
1302 2239 1480 2276 μορφώσασα,
1498 2240 1546 2266 καὶ
1564 2239 1702 2274 θειοτέρας
1720 2239 1805 2272 ἕξεως

1015 2286 1061 2312 καὶ
1078 2286 1221 2321 ἀναγωγῆς
1236 2287 1264 2312 ὲν
1283 2287 1411 2322 μετουσίᾳ
1428 2286 1632 2321 καταστήσασα,
1658 2284 1805 2312 κατιδοῦσα

1014 2337 1042 2363 δὲ
1055 2337 1103 2372 τὴν
1118 2337 1145 2370 ἐξ
1165 2337 1331 2372 ἁπροσεξίας
1346 2337 1528 2372 ἐγγενομένην
1540 2337 1605 2371 ἡμῖν
1619 2335 1736 2372 ἐρημίαν
1748 2335 1804 2361 τῶν

1015 2383 1093 2409 θείων
1106 2383 1223 2418 δωρεῶν,
1253 2384 1458 2414 ὲπισκευαστοῖς
1481 2383 1555 2418 ἡμᾶς
1584 2382 1695 2416 ἀγαθοῖς
1717 2383 1756 2414 είς
1772 2381 1804 2408 τδ

1014 2430 1126 2465 ἀρχαῖον
1139 2428 1367 2459 ἀνακαλέσασθαι,
1384 2428 1431 2454 καὶ
1446 2430 1478 2464 τῇ
1498 2427 1624 2454 παντελεῖ
1634 2427 1688 2454 τῶν
1705 2427 1804 2463 ἡμετέ-

1016 2484 1069 2511 ρων
1091 2474 1239 2510 προσλήψει
1265 2475 1314 2510 τὴν
1336 2474 1506 2509 τελειοτάτην
1517 2473 1571 2500 τῶν
1584 2474 1692 2500 οἰκείων
1718 2473 1802 2508 μετά-

1013 2519 1084 2546 δοσιν
1100 2519 1314 2555 ἁγαθουργῆσαι,
1328 2519 1374 2545 καὶ
1390 2518 1476 2554 ταύτῃ
1493 2518 1634 2545 κοινωνίαν
1652 2518 1716 2552 ἡμῖν
1733 2517 1802 2545 Θεοῦ

1013 2566 1060 2592 καὶ
1076 2566 1129 2592 τῶν
1146 2565 1225 2592 θείων
1242 2565 1426 2601 δωρήσασθαι.

173 2606 323 2641 primitivis
339 2608 590 2643 pulcliritmlinibus
615 2610 777 2638 dcil’ormem
803 2611 888 2638 nostri
919 2610 1070 2645 portionem
1099 2610 1276 2643 cll‘ormando,
1301 2615 1384 2644 atque
1401 2609 1435 2637 ad
1466 2608 1609 2637 divinioris
1633 2609 1742 2636 habitus
1772 2614 1801 2636 et

176 2653 320 2690 anagogcs,
336 2664 388 2689 qua
405 2664 513 2683 sursum
531 2657 794 2693 elevemur,partem
804 2658 987 2688 admittendo;
1008 2662 1063 2684 tum
1079 2659 1190 2692 provide
1206 2657 1339 2688 curando,
1351 2661 1382 2684 ut
1395 2664 1428 2684 ex
1450 2656 1567 2691 ingenita
1590 2656 1667 2683 nobis
1682 2662 1730 2690 per
1752 2661 1799 2681 no-

825 2765 941 2792 VARhE
962 2764 1162 2793 LECTIONES.

210 2811 220 2826 τ
234 2812 281 2836 καὶ
294 2811 492 2846 ἐνεργούμενοι.
507 2812 612 2846 Πρῶτοι
624 2812 646 2838 δ’
659 2810 715 2842 οὖν,
731 2812 759 2837 Ι).
777 2811 805 2852 ξ’.
824 2812 872 2837 (ΖΙ).
1037 2812 1058 2827 ¹⁰
1070 2812 1230 2852 γρκκαίτοι.
1291 2811 1577 2852 ἀποκηρύττεταιιτδν
1591 2812 1708 2852 μὴηςίςι.
1729 2810 1797 2852 Buri:

176 2852 222 2871 sua
237 2854 316 2872 manu
329 2847 459 2875 correxit.
475 2853 500 2872 et
516 2849 597 2873 vertit
621 2848 681 2873 Sar.
723 2848 742 2862 "
755 2846 851 2878 ἀξίοις,
869 2847 919 2874 CII.

176 2889 215 2907 τε
232 2881 265 2907 Μ.
283 2882 328 2907 Se.
377 2882 398 2897 ¹⁶
411 2883 470 2907 τότε
483 2883 507 2907 οἱ
523 2883 654 2907 πανὶεροι.
670 2882 704 2907 Μ.
722 2881 751 2907 D.
768 2882 817 2907 Ch.
834 2883 878 2907 δι’.
896 2884 919 2907 5:

175 2889 215 2909 τε;
233 2889 265 2907 Μ.
283 2889 328 2908 δε.

176 2914 278 2947 λογίαν.
295 2916 323 2944 Ρ.
338 2917 368 2944 ί).
387 2917 447 2944 δατ.
464 2923 491 2945 et
509 2918 583 2946 Vien.
602 2914 698 2946 minor.

961 2847 981 2861 ”
995 2847 1054 2873 ἐπεὶ
1068 2847 1106 2874 δέ.
1124 2847 1152 2872 Ι).
1165 2848 1214 2874 Ch.

377 2867 470 2919 ίίτίὸτε
483 2883 507 2908 οἱ
523 2869 654 2918 πανὶεροι,
670 2882 704 2909 Μ.
722 2881 756 2919 Ι),
768 2867 817 2919 δὴ.
827 2867 878 2919 ἓν.
896 2868 995 2919 δξιτηοί
1008 2882 1035 2908 δὲ
1049 2867 1182 2919 πανίεροι,
1195 2882 1225 2919 Βἶ
1241 2881 1492 2919 φειςγμχολογία
1507 2867 1661 2919 Ιοεοιῗὰυιητ
1699 2867 1797 2916 υτδίιοτ

739 2918 760 2933 ’³
774 2918 898 2953 ἀρχικήν,
916 2918 944 2945 υ.
962 2918 1110 2953 ἱερατικὴν,
1125 2917 1153 2944 ιι.

1255 2847 1276 2862 ¹⁸
1291 2846 1358 2873 Bud.
1371 2845 1490 2873 correxit
1500 2845 1599 2878 αὐτοῖςζ
1642 2847 1663 2861 ¹¹
1676 2845 1798 2880 δέσματά

1205 2918 1227 2933 ¹⁹
1241 2917 1359 2952 δωρεῶν,
1377 2916 1407 2943 Ρ.
