1931 3073
191 117 244 146 ιω

786 120 814 148 S.
835 120 985 148 DIONYSII
1003 120 1236 149 AREOPAGITE

1755 120 1810 150 ιω

192 179 290 207 rando.
306 178 372 207 Nam
387 178 432 214 qui
453 179 527 207 lotus
552 184 596 207 est
624 179 666 214 (ut
685 179 793 214 eloquia
825 179 970 215 testantur)

1026 180 1121 216 ἱερέων
1138 181 1285 216 τάγματος.
1303 180 1362 207 Ὅτι
1385 179 1433 216 μὲν
1454 176 1510 211 οὖν,
1525 179 1562 210 ὡς
1576 178 1610 206 τά
1625 178 1701 213 λόγια
1714 187 1807 215 φησιν,

191 233 245 255 ιιοιι
262 233 329 260 opus
349 227 431 254 habet
446 226 499 254 alia
522 234 602 262 quam
616 228 802 255 summitatum
817 234 864 254 seu
879 231 973 254 extre-

192 272 316 299 tnitatum
344 280 453 300 suarum
483 272 584 300 lotione
601 278 624 305 ο,
648 281 698 308 per
712 280 793 308 quam
811 273 905 307 utique
926 279 972 299 su-

191 324 311 351 premam
338 318 499 345 munditiam
520 318 577 352 fiet,
598 324 628 346 ut
651 319 821 346 divinissimn
842 318 973 352 praeditus

192 363 284 390 habitu
301 363 503 396 deiformitatis,
519 365 582 392 dum
602 364 635 391 ad
649 365 790 399 sequentia
803 371 910 398 quoqtte
922 364 973 391 be-

191 409 272 443 nigne
283 409 415 443 procedit,
424 409 492 437 liber
504 409 610 438 futttrus
622 410 656 437 sit
666 415 692 438 et
703 410 855 444 expeditus,
870 410 971 444 quippe

191 460 304 488 prorsus
319 453 474 486 uniformis,
489 459 516 482 et
532 455 565 482 ad
581 463 662 482 unum
679 463 773 482 rursus
789 455 892 482 unitive
907 463 973 482 con-

191 506 296 531 versus,
317 499 519 527 immaculatum
543 500 623 528 simul
641 505 668 528 et
684 501 872 528 intemeratam
892 507 971 528 suam

191 543 272 572 faciet
299 546 516 579 conversionem,
545 551 674 582 tanquam
704 548 750 582 qui
778 547 972 575 deiformitatis

191 597 246 618 sua!
255 590 451 625 plenitudinem
466 596 493 619 et
506 592 691 627 integritatem
707 597 811 620 servet.
827 593 913 620 Porro
929 601 972 621 sa-

191 644 268 664 crum
284 636 432 672 lavacrum,
449 639 488 666 uti
504 639 633 669 diximus.
652 639 678 666 in
697 639 776 675 legali
792 645 851 666 erat
867 641 972 668 hicrar-

190 682 273 714 chia;
297 683 377 710 modo
403 689 492 710 autem
516 684 652 718 pontificis
676 692 709 712 ac
729 685 900 712 sacerdotum
926 685 971 712 illa

192 735 318 754 manuum
330 728 433 756 ahlutio
449 729 513 756 illud
527 730 613 764 ipsum
629 731 759 758 insinuat.
777 731 828 758 Eos
841 731 912 758 enim
925 732 971 766 qui

191 774 224 801 ad
239 775 414 808 purissimum
433 777 569 804 accedunt
585 776 749 804 sacrificium
766 778 891 811 expiatos
911 785 972 806 esse

189 822 267 849 decet
283 822 362 857 195
386 823 517 850 extremis
541 823 624 851 etiam
647 823 744 851 anima:
764 824 928 858 phantasiis,
943 827 972 851 et

1024 226 1038 251 ὁ
1054 225 1212 260 λελουμένος
1234 225 1264 251 οὐ
1285 224 1369 251 δεῖταί
1385 233 1456 256 τινος
1471 224 1566 259 ἐτέρας
1587 225 1610 250 εἰ
1629 224 1666 260 μὴ
1685 224 1734 259 τῆς
1752 223 1809 251 τῶν

1024 271 1126 307 ἄκρων,
1137 272 1224 298 εἵτουν
1236 272 1356 306 ἐσχάτων
1371 270 1466 297 ἑαυτοῦ
1481 271 1504 286 ¹⁹
1514 270 1621 305 νίψεως,
1636 271 1668 296 δι’
1681 268 1713 306 ἦς
1724 271 1808 305 ἀκρο-

1023 321 1106 356 τάτης
1123 321 1145 336 ³⁸
1160 319 1330 355 καθάρσεως,
1342 320 1370 346 ὲν
1383 319 1513 355 πανάγνῳ
1533 319 1580 345 τοῦ
1596 318 1726 349 θεοειόοῦς
1740 318 1808 350 ἕξει.

1024 363 1070 390 καὶ
1081 363 1147 399 πρὸς
1157 363 1189 389 τὰ
1196 363 1307 398 δεύτερα
1319 363 1420 399 προῖὼν
1427 363 1598 397 ἀγαθοειδῶς,
1611 363 1722 397 ἄσχετος
1732 362 1808 389 ἔσται

1024 409 1070 436 καὶ
1085 409 1226 441 ἀπόλυτος,
1239 409 1277 441 ὼς
1296 408 1423 441 καθάπαξ
1438 409 1564 444 ὲνοειδὴς,
1582 409 1627 435 καὶ
1642 408 1708 444 πρὶς
1729 408 1758 435 τὸ
1779 409 1808 435 ἒν

1023 453 1100 487 αὖθις
1122 456 1229 487 ἑνιαίως
1250 455 1490 490 ἐπιστρεφόμενος,
1515 455 1647 491 ἄχραντον
1667 456 1808 490 ποιήσεται

1023 502 1069 528 καὶ
1090 501 1256 537 ἀκηλίδςτον
1276 501 1324 537 τὴν
1347 502 1524 536 ὲπιστροφην,
1545 501 1583 532 ὼς
1603 500 1649 527 τοῦ
1676 501 1808 533 θεοειδοῦς

1023 546 1170 579 ἀποσώζων
1186 547 1217 573 τὸ
1234 547 1336 582 πλῆρες
1350 548 1396 574 καὶ
1413 547 1568 583 ὁλόκληρον.
1587 547 1615 574 ‘0
1632 548 1679 582 μὲν
1696 547 1716 563 ³¹
1737 547 1808 582 ἱερὸς

1023 593 1131 628 λουτὴρ,
1148 593 1185 625 ὡς
1208 593 1369 628 εἰρήκαμεν,
1390 593 1418 619 ἐν
1437 594 1470 628 τῇ
1489 593 1559 620 κατά
1580 593 1661 628 νόμον
1676 593 1699 608 ³³
1719 591 1752 628 ἦν
1768 594 1807 620 ἰε-

1023 640 1139 676 ραρχίᾳο
1157 639 1203 666 νῦν
1219 640 1247 666 δὲ
1270 639 1317 666 τοῦ
1334 639 1460 675 ἱεράρχου
1477 640 1523 666 καὶ
1537 638 1590 665 τῶν
1607 639 1699 674 ἱερέων
1716 640 1732 674 ἡ
1751 639 1808 665 τῶν

1023 685 1120 722 χειρῶν
1134 686 1320 721 ἀποκάθαρσις
1339 685 1419 711 αὑτὸν
1439 684 1636 711 ὑπαινίσσεται.
1661 683 1730 715 Τοὺς
1752 684 1808 719 γὰρ

1022 732 1068 758 ἐπὶ
1082 732 1132 767 τὴν
1151 731 1358 766 παναγεστάτην
1380 730 1467 762 ἰόντας
1492 729 1646 765 ἱερουργίαν
1669 729 1809 756 ἀποκεκα-

1022 778 1119 814 θάρθαι
1129 778 1168 804 δεῖ
1183 777 1230 804 καὶ
1243 777 1292 809 τὰς
1303 777 1416 811 ἐσχάτας
1429 776 1479 810 τῆς
1492 775 1579 810 ψυχῆς
1588 774 1745 809 φαντασίας,
1760 775 1808 801 καὶ

1023 824 1056 851 δι’
1068 824 1226 859 ὁμοιότητος
1237 823 1304 858 αὐτῇ
1317 822 1387 849 κατὰ
1395 822 1425 848 τὸ
1440 821 1548 848 δυνατὸν
1559 821 1697 856 προσιέναι
1707 829 1713 834 ·
1726 829 1808 854 φανο-

188 874 239 901 per
264 867 470 895 similitudinem
495 868 564 903 ipsi,
589 870 680 904 quoad
702 874 803 904 potest,
825 871 970 905 appropin-

1023 868 1104 904 τέρας
1120 869 1142 884 ³³
1163 868 1218 904 γὰρ
1233 868 1303 894 οὕτω
1317 867 1365 899 τὰς
1380 867 1537 901 θεοφανείας
1557 865 1809 902 περιαυγασθήσον-

188 918 289 946 quare;
309 913 471 941 clarioribus
486 915 557 941 enim
570 915 622 942 ltoc
634 915 714 943 modo
729 915 776 943 Dei
790 916 972 950 apparitioni-

187 958 237 986 bus
263 959 488 992 illustrabuutur,
511 961 780 995 supermundialibus
805 962 866 989 istis
893 970 973 989 coru-

186 1005 356 1033 scationibus
373 1005 399 1032 in
415 1007 566 1034 consimilis
582 1007 684 1042 speciei
700 1007 809 1042 specula
831 1008 972 1042 limpidius

187 1050 352 1085 uberiusque
377 1052 459 1085 jubar
492 1059 570 1079 suum
605 1053 805 1081 evibrantibus.
834 1053 970 1080 Caeterum

185 1096 322 1129 pontificis
340 1096 383 1123 illa
402 1099 630 1132 sacertlotuutque
647 1098 761 1131 ablutio,
780 1106 841 1134 qum
857 1099 972 1127 summis

185 1142 370 1176 extremisque
385 1142 476 1177 digitis
494 1144 650 1176 adhibetur,
673 1151 766 1171 coram
786 1145 970 1173 sacrosanctis

185 1186 245 1214 istis
256 1188 385 1222 symbolis
398 1189 562 1221 instituitur,
578 1198 630 1217 non
645 1197 724 1218 secus
740 1198 771 1218 ac
783 1198 875 1218 coram
892 1191 971 1219 Citri-

184 1237 237 1263 sto,
252 1233 298 1267 qui
320 1234 520 1262 occultissimas
534 1242 656 1269 quasque
676 1236 856 1270 cogitationes
880 1237 971 1265 intue-

186 1283 239 1310 tur;
251 1284 332 1313 atque
344 1279 523 1314 ubisuprema
536 1281 581 1307 illa
589 1281 709 1316 expiatio
722 1282 968 1316 perspicacissimis

185 1322 246 1350 istis
261 1325 486 1357 scrutationibus,
505 1333 555 1353 nec
576 1334 630 1353 non
648 1326 811 1361 iustissimis
825 1327 969 1363 integerri-

186 1368 291 1402 misque
307 1369 418 1403 judiciis
431 1375 474 1397 est
485 1371 621 1402 absoluta,
635 1376 690 1398 tutu
706 1372 761 1407 jam
773 1373 875 1400 divinis
889 1374 970 1402 rebus

185 1413 308 1447 pontifex
325 1415 510 1451 coniungitur,
524 1417 678 1452 sanctisque
698 1418 745 1445 Dei
767 1419 897 1453 operibus
912 1420 970 1446 lau-

185 1462 273 1496 datis,
290 1463 460 1491 divinissima
478 1470 619 1492 consecrat
637 1465 778 1501 mysteria,
801 1471 828 1494 et
846 1466 873 1494 in
889 1475 968 1503 aspe-

185 1511 257 1533 ctum
271 1508 345 1536 ducit
360 1517 420 1544 quae
435 1510 593 1538 celebravit.

1023 924 1066 941 ται
1092 914 1147 940 τῶν
1178 913 1369 949 ὑπερκοσμίων
1396 912 1582 948 μαρμαρυγῶν
1609 912 1648 943 είς
1675 912 1724 947 τὴν
1752 911 1808 937 τῶν

1023 960 1210 997 summath
1225 960 1365 996 ἐσόπτρων
1378 959 1492 993 ἀγλαΐαν
1502 957 1661 993 ὀλικώτερον
1676 957 1723 983 καὶ
1734 957 1809 984 διαυ-

1023 1011 1151 1046 γέστερον
1167 1010 1295 1045 ἐφιέντων
1309 1010 1405 1036 διεῖναι
1427 1009 1449 1024 ³⁵
1464 1009 1514 1044 τὴν
1529 1007 1631 1034 οἰκείαν
1646 1007 1751 1042 αἴγλην.
1774 1007 1808 1033 Ἡ

1021 1058 1049 1084 δὲ
1064 1057 1110 1083 τοῦ
1127 1057 1252 1092 ἰεράρχου
1266 1057 1314 1083 καὶ
1332 1055 1388 1082 τῶν
1409 1055 1501 1091 ἱερέων
1514 1055 1576 1090 ἄχρι
1592 1054 1646 1080 τῶν
1660 1054 1752 1088 ἄκρων
1769 1053 1808 1078 εἷ-

1021 1111 1083 1129 τουν
1095 1103 1215 1138 ἐσχάτων
1227 1102 1352 1137 ἀπόνιψις
1360 1101 1522 1138 ἐπίπροσθεν
1530 1101 1650 1135 γίγνεται
1659 1099 1713 1126 τῶν
1722 1100 1807 1133 ἁγιω-

1020 1147 1108 1174 τάτων
1118 1157 1148 1174 συ
1154 1148 1268 1184 μϐόλων,
1276 1148 1313 1179 ὡς
1321 1148 1367 1174 ἐπὶ
1376 1146 1493 1183 Χριστοῦ
1503 1146 1550 1172 τοῦ
1559 1146 1647 1176 πάσας
1655 1143 1808 1180 ἐφορῶντος

1021 1194 1098 1230 ἡμῶν
1112 1194 1161 1226 τὰς
1176 1195 1366 1230 κρυφιωτάτας
1387 1193 1499 1224 ἐννοίας,
1517 1193 1563 1218 καὶ
1584 1192 1632 1227 τῆς
1653 1190 1807 1227 ἀκροτάτης

1021 1240 1180 1276 καθάρσεως
1200 1241 1229 1266 ἐν
1242 1242 1298 1272 τοῖς
1316 1239 1398 1266 αὐτοῦ
1419 1239 1442 1255 ³⁸
1457 1238 1670 1269 πανεπισκὸποις
1692 1236 1808 1272 ἀκριϐα-

1022 1287 1109 1322 σμοῖς,
1117 1286 1163 1312 καὶ
1176 1287 1235 1317 ταῖς
1241 1285 1421 1316 δικαιοτάταις
1428 1285 1474 1311 καὶ
1482 1284 1639 1315 ἀδεκάστοις
1651 1283 1771 1318 κρίσεσιν
1783 1282 1806 1297 ¹”¹

1021 1331 1199 1367 ὁριζομένης·
1221 1331 1291 1358 οὓτω
1307 1332 1363 1362 τοῖς
1389 1330 1471 1361 θείοις
1499 1330 1512 1355 ὁ
1530 1329 1660 1365 ἱεράρχης
1687 1327 1807 1358 ἑνοῦται,

1020 1378 1067 1404 καὶ
1079 1378 1127 1409 τάς
1143 1376 1216 1413 ἱερὰς
1235 1377 1376 1412 θεουργίας
1390 1376 1522 1411 ὑμνήσας,
1539 1375 1674 1411 ἱερουργεῖ
1688 1373 1723 1400 τὰ
1735 1373 1806 1400 θειό-

1020 1433 1099 1457 τατα,
1115 1425 1163 1451 καὶ
1177 1425 1222 1450 ὑπ’
1233 1423 1293 1458 Mm
1305 1423 1365 1457 ἄγει
1377 1423 1411 1449 τὰ
1425 1421 1574 1458 ὑμνημένα.

955 1594 1037 1631 QXI.

220 1667 350 1700 Quaenam
376 1673 459 1701 porro
488 1673 651 1694 censeamus
671 1666 763 1696 divina
787 1667 815 1694 in
837 1674 888 1694 nos
907 1674 967 1694 esse

1053 1665 1135 1698 Τίνας
1148 1667 1196 1702 μὲν
1214 1664 1284 1694 εἶναι
1303 1666 1326 1682 ⁸⁸
1343 1664 1392 1698 τὰς
1406 1665 1446 1696 είς
1460 1664 1533 1700 ἡμᾶς
1547 1662 1690 1699 θεουργίας
1705 1663 1805 1698 φαμὲν,

185 1719 280 1746 opera,
295 1710 424 1745 deinceps
436 1718 485 1745 pro
497 1711 568 1738 virili
589 1713 780 1746 exponendum
796 1715 850 1742 est.
875 1711 969 1746 Neque

187 1756 258 1783 enim
286 1755 426 1783 laudandis
454 1756 580 1784 omnibus
600 1757 721 1791 sufiicio,
751 1758 805 1785 imo
836 1765 870 1784 ne
894 1757 969 1785 clare

186 1802 294 1836 quidem
305 1803 499 1836 cognoscendis
509 1802 790 1838 aliisque-tradendis;
806 1811 865 1838 quae
877 1809 968 1831 autem

187 1855 202 1874 a
224 1847 389 1882 prmsulibus
412 1848 505 1875 divino
533 1849 644 1876 numine
669 1848 766 1877 adlatis
791 1849 970 1877 confortniter

187 1893 303 1929 eloquiis
324 1894 471 1921 laudantur
485 1902 516 1922 ac
532 1895 719 1928 celebrantur,
734 1896 828 1924 eadem
846 1904 895 1931 pro
912 1904 969 1924 mo-

188 1939 250 1967 dulo
273 1944 377 1973 nostro,
404 1941 477 1968 sacri
498 1941 603 1969 ordinis
619 1943 778 1977 aspiratioui
802 1943 944 1978 implorata
959 1963 966 1975 ,

187 1985 365 2021 proferemus.
387 1985 518 2014 Naturam
536 1988 692 2021 huntanam,
711 1989 746 2015 ab
767 1990 847 2016 initio
871 1990 969 2017 divinis

188 2033 266 2060 bonis
286 2034 467 2068 imprudentia
483 2041 531 2061 sua
550 2035 705 2069 spoliatam,
722 2036 777 2063 vita
796 2036 969 2070 passiouibus

187 2079 304 2106 obnoxia
327 2083 355 2106 et
379 2076 458 2106 terra:
485 2081 580 2107 mortis
602 2081 695 2108 exitus
721 2083 845 2116 excepit,
867 2083 968 2117 quippe

187 2127 342 2160 perniciosa
362 2127 414 2154 ista
427 2127 484 2154 veri
501 2127 562 2154 boni
579 2127 708 2159 desertio.
723 2136 862 2164 sacraeque
877 2129 904 2156 in
919 2137 968 2164 pa-

187 2173 280 2200 radiso
295 2173 361 2208 legis
374 2174 563 2208 praevaricatio
580 2182 640 2202 eum
659 2176 706 2210 qui
723 2176 830 2208 blande,
848 2177 970 2204 tntllccn-

188 2219 259 2247 tibus
279 2225 306 2248 et
322 2220 428 2248 infestis
451 2221 602 2249 adversarii
626 2222 767 2250 fraudibus
789 2223 905 2257 illectus,
931 2224 969 2250 vi—

188 2265 242 2293 tale
261 2265 355 2301 iugum
376 2272 549 2299 excusserat,
572 2270 799 2303 propensionibus
821 2270 887 2302 suis,
910 2278 969 2304 ιιιιιο

187 2311 288 2340 divinis
311 2312 389 2340 bonis
414 2313 611 2346 adversantur,
632 2314 744 2347 dimisit,
771 2315 840 2343 unde
868 2316 966 2342 misere

1020 1712 1083 1747 ἑξῆς
1098 1712 1253 1748 ἀφηγητὲον
1267 1713 1315 1747 ὅση
1329 1711 1444 1747 δύναμις
1453 1719 1460 1725 ·
1474 1710 1505 1736 οὺ
1519 1709 1574 1745 γὰρ
1585 1708 1693 1739 ἁπάσας
1710 1709 1806 1743 ὑμνεῖν

1021 1761 1110 1793 ίκανὸς
1129 1761 1192 1796 ἐγὼ,
1217 1762 1253 1798 μή
1274 1761 1299 1787 τί
1317 1769 1349 1795 γε
1375 1759 1469 1794 σαφῶς
1492 1758 1590 1785 εἰδέναι
1620 1759 1666 1784 καὶ
1694 1757 1805 1792 ἑτέρους

1021 1810 1225 1844 μυσταγωγῶν
1252 1808 1301 1834 ὅσα
1324 1808 1351 1834 δὲ
1375 1807 1442 1842 πρὸς
1466 1805 1520 1832 τῶν
1544 1804 1641 1831 ἐνθέων
1670 1803 1803 1839 ίεραρχῶν

1019 1854 1170 1886 ἀκολούθως
1192 1855 1248 1885 τοῖς
1273 1853 1372 1888 λογίοις
1396 1853 1518 1888 ὑμνεῖται
1538 1852 1584 1878 καὶ
1607 1850 1796 1886 ξερουργεῐται,

1019 1899 1115 1931 ταῦτα,
1136 1900 1174 1932 ὡς
1196 1901 1260 1935 ἡμῖν
1285 1899 1405 1933 ἐφικτὸν,
1429 1896 1555 1933 ἐροῦμεν,
1573 1896 1623 1930 τὴν
1643 1894 1803 1930 ἱεραρχικὴν

1020 1945 1162 1972 ἐπίπνοιαν
1171 1945 1277 1980 ἀρωγὸν
1287 1944 1308 1960 ³³
1323 1943 1557 1977 ἐπικαλεσάμενοι.
1567 1940 1620 1975 Τὴν
1630 1939 1804 1975 ἀνθρωπείαν

1020 1991 1117 2025 φύσιν,
1142 1990 1260 2026 ἀρχῆθεν
1286 1990 1339 2016 ἀπὸ
1363 1989 1416 2015 τῶν
1446 1988 1524 2014 θείων
1549 1986 1658 2021 ἀγαθῶν
1682 1986 1804 2020 ἀνοήτως

1020 2036 1245 2072 ὲξολισθήσασαν,
1267 2036 1283 2071 ὴ
1305 2034 1527 2069 πολυπαθεστάτη
1556 2032 1612 2067 ζωὴ
1633 2031 1802 2065 διαδέχεται,

1019 2083 1067 2109 καὶ
1089 2083 1120 2109 τὸ
1140 2082 1187 2108 τοῦ
1207 2081 1368 2117 φθοροποιοῦ
1391 2080 1505 2107 θανάτου
1524 2079 1627 2114 *κέρας’
1649 2075 1802 2107 ἀκολούθως

1019 2130 1073 2165 γὰρ
1093 2130 1110 2164 ὴ
1131 2129 1180 2163 τῆς
1200 2128 1283 2159 ὅντως
1308 2127 1474 2162 ἁγαθότητος
1495 2125 1614 2160 ὀλέθριος
1637 2121 1802 2153 ἀποστασία,

1020 2176 1067 2202 καὶ
1082 2175 1131 2210 τῆς
1148 2174 1223 2210 ἱερᾶς
1239 2174 1267 2199 ὲν
1279 2172 1432 2208 παραδείσῳ
1447 2170 1622 2206 θεσμοθεσίας
1637 2168 1801 2204 ὑπερϐασία,

1019 2222 1065 2248 τὸν
1077 2220 1287 2256 ἐξοιστρήσαντα
1300 2219 1347 2245 τοῦ
1363 2217 1493 2250 ζωοποιοῦ
1508 2216 1600 2251 ζυγοῦ,
1614 2216 1672 2247 ταῖς
1687 2215 1804 2246 οἰκείαις

1023 2269 1118 2304 ῥοπαῖς
1132 2268 1154 2283 ⁸ο
1175 2267 1222 2294 καὶ
1235 2265 1387 2297 θελκτικαίς
1397 2264 1442 2291 τοῦ
1454 2263 1575 2290 ἐναντίου
1587 2263 1633 2290 καὶ
1643 2262 1802 2297 δυσμενέσιν

1021 2315 1148 2345 ἀπάταις,
1162 2314 1218 2345 τοῖς
1241 2312 1370 2343 ἐναντίοις
1384 2311 1438 2338 τῶν
1458 2311 1535 2337 θείων
1556 2309 1665 2348 ἀγαθῶν
1681 2307 1799 2344 παραδέ-

186 2358 364 2387 teternitatem
389 2366 450 2386 cum
469 2360 636 2387 mortalitate
657 2362 850 2394 commutavit;
872 2367 900 2388 ct
919 2362 965 2396 qui

1021 2360 1116 2391 δωκεν,
1137 2359 1211 2386 ἐνθεν
1232 2358 1354 2389 ἐλεεινῶς
1369 2357 1428 2384 ἀντὶ
1452 2356 1499 2392 μὲν
1521 2354 1629 2382 αἰωνίου
1652 2354 1682 2380 τὸ
1705 2353 1801 2387 θνητὸν

185 2405 317 2441 originem
339 2412 354 2432 a
377 2406 547 2440 corruptibili
563 2407 738 2441 generatione
755 2412 910 2442 acceperat,
933 2407 966 2433 ad

275 2501 287 2515 ε
298 2494 375 2522 Juan.
393 2503 452 2526 xui,
475 2495 516 2521 l0.

1022 2406 1218 2441 ἀντηλλάξατο·
1236 2405 1284 2441 τὴν
1308 2404 1336 2431 δὲ
1357 2403 1458 2430 οἰκείαν
1480 2403 1566 2438 ἀρχὴν
1588 2402 1617 2428 ὲν
1640 2400 1801 2436 φθαρτικαξ

827 2603 943 2631 νΑιιιΑε
964 2603 1109 2632 LECTION
1113 2604 1164 2631 ES.

219 2682 243 2698 ”
263 2680 347 2708 Aliter
371 2679 400 2706 in
431 2681 491 2711 cod.
508 2681 559 2708 CII.
597 2682 619 2698 ³⁰
633 2681 699 2708 Βιιιι.
712 2681 816 2711 scribit.
829 2682 861 2708 δι’
875 2679 908 2717 ἦς
919 2682 949 2708 τὸ
963 2681 1124 2732 ἀκροτάτης.

268 2717 290 2733 la
305 2718 494 2733 ραι-..ρλιι-λληιι
519 2716 557 2733 PII
590 2717 610 2733 l\
638 2717 756 2733 υΔΑιιιιιι
777 2722 815 2733 με.
840 2718 865 2733 in
883 2717 903 2733 Μ
932 2721 955 2733 ιιι
973 2718 1007 2733 \‘n
1079 2717 1089 2731 I
1113 2718 1124 2733 Ι

185 2717 217 2744 1).
268 2717 290 2733 ³³
305 2718 504 2753 φανερωτέρας,
519 2716 568 2744 Ch.
590 2717 619 2743 ι).
638 2717 692 2778 γάρ
705 2724 756 2744 ιιοιι
777 2722 818 2743 est
840 2718 865 2743 in
882 2717 915 2744 M.
932 2721 959 2743 et
973 2718 1017 2743 Sc.
1079 2716 1102 2732 “
1113 2716 1252 2751 ὁμοειδῶν,
1267 2717 1316 2756 (llr.
1334 2717 1363 2743 Ι).
1387 2716 1416 2743 Ρ.
1429 2716 1464 2757 ιΒ.
1523 2716 1544 2731 ³⁸
1559 2716 1701 2750 ἀφιέντων,
1717 2716 1745 2740 S.
1769 2716 1798 2758 li‘.

185 2752 290 2784 διιέναι,
304 2753 353 2779 Ch.
374 2754 400 2779 S.
419 2753 452 2779 M.
469 2753 498 2779 P.
518 2751 541 2767 ³⁸
553 2752 659 2782 ἑαυτοῦ,
684 2754 702 2778 ).
724 2751 745 2766 ³⁷
760 2752 933 2787 ἀνακρίσεσιν
943 2771 951 2783 ,
965 2751 994 2779 Ρ.
1007 2760 1013 2782 ;
1031 2751 1145 2787 Budaeus
1158 2752 1261 2787 notavit
1275 2751 1516 2787 altatnrlecttouem
1529 2771 1536 2781 ,
1557 2751 1686 2777 κλίσεσιν.
1717 2750 1739 2765 ³⁸
1751 2758 1799 2787 και

184 2752 290 2784 διιέναι,
304 2751 353 2779 Ch.
419 2751 453 2779 Μ.
469 2753 498 2779 Ρ.
518 2751 541 2767 ³⁸
553 2752 659 2782 ἑαυτοῦ,

184 2788 228 2814 ἔπ’
241 2787 311 2821 ὄψιν,
328 2787 407 2820 Bud.;
436 2786 598 2822 ὑμνηοέντα·
620 2788 694 2819 τίνας
709 2786 757 2822 μὲν
768 2785 813 2813 οὖν
826 2785 904 2814 εἶναι.
921 2788 950 2812 Ι).

969 2821 977 2824 _
998 2787 1020 2802 εν
1034 2786 1152 2822 ἀγωγόν,
1169 2786 1202 2814 ιι.
1220 2787 1265 2815 Sc.

186 2823 246 2849 bcttt
265 2824 293 2849 ὃ.
312 2826 339 2850 l'.
361 2827 388 2850 tt.
404 2824 442 2850 Ch
470 2824 509 2850 Β..
523 2824 583 2849 Sit.
600 2826 645 2850 sed
658 2832 691 2857 pe
709 2829 716 2848 ι
732 2822 784 2848 τῶν
799 2822 877 2849 θείων
892 2822 1012 2856 ἀγαθῶν,

1527 2681 1549 2696 ³¹
1563 2681 1632 2708 κατά
1644 2680 1689 2706 τὸν
1701 2680 1798 2714 νόμον,

1174 2682 1194 2698 ³¹
1210 2682 1224 2707 ὁ
1240 2681 1288 2717 μὲν
1299 2679 1356 2713 οὖν,
1374 2680 1409 2708 Μ.
1430 2681 1475 2708 Sc.
1527 2681 1549 2696 ³¹
1563 2681 1632 2708 κατά
1644 2680 1689 2706 τὸν
1701 2680 1783 2714 νόμον

1174 2716 1252 2747 ;ιδῶν,
1267 2717 1316 2743 Ch.
1334 2717 1363 2743 Ι).
1387 2716 1416 2743 Ρ.
1435 2716 1464 2743 Β.
1523 2716 1544 2731 ³⁸
1559 2716 1701 2750 ἀφιέντων,
1717 2716 1745 2740 S.
1769 2715 1787 2740 li

1609 2732 1701 2746 ιγιιυγ,
1717 2732 1745 2740 υ.
1769 2732 1798 2742 ιι.

1079 2703 1363 2751 ἐι’ὁμοειδῶνῗῖὶιῖὅ.
1375 2703 1416 2743 Ἥ.
1431 2703 1464 2743 ti.

1313 2787 1335 2803 ‘°
1350 2786 1411 2814 lhec
1428 2787 1506 2814 verba
1533 2788 1583 2814 huc
1599 2787 1660 2814 loco
1681 2792 1734 2812 ιιοιι
1751 2785 1785 2812 ha
