1931 3073
108 159 154 186 nl

612 157 654 185 DE
673 157 814 185 ECCLES.
833 156 1009 184 lllERARCll
1025 175 1034 189 ,
1052 155 1128 184 CAP.
1150 154 1193 183 111.

1669 156 1723 183 ΗΞ

109 216 236 250 ἐσχηκυῖα
249 214 384 249 γενέσεσιν
393 215 438 241 ἐπὶ
450 215 479 241 τὺ
489 215 537 250 τῆς
546 214 632 250 ἀρχῆς
645 215 809 250 κατάλληλον
821 214 891 241 εἰκό-

953 214 1082 241 utet-itum
1108 213 1207 249 origini
1233 220 1289 241 sua:
1309 217 1521 241 consentaneum
1541 213 1602 248 jure
1625 215 1722 240 mei-itu

108 270 159 292 τως
171 259 222 296 ἦγε
232 261 262 287 τὸ
277 260 361 296 πέρας
371 269 377 276 ·
400 261 467 287 ἀλλὰ
483 261 529 288 καὶ
547 262 596 296 τῆς
609 261 682 292 θείας
691 262 737 288 καὶ
749 259 889 294 ἁναγὼγου

110 305 180 340 ζωῆς
208 305 365 337 ἐθελουσίως
391 306 576 339 ἁποπεσοῦσα,
593 306 660 342 πρὸς
688 307 737 342 τὴν
767 306 890 332 ἐναντίαν

111 351 235 386 ἐσχατιὰν
261 352 361 387 ἠνέχθη
375 372 382 384 ,
400 352 448 388 τὴν
470 352 712 387 πολυπαθεστάτην
740 352 889 379 ἀλλοίωσιν.

111 397 272 432 Ιῐλανωμένη
282 397 309 424 δὲ
323 398 369 424 καὶ
383 398 430 433 τῆς
444 398 549 430 εὐθείας
561 398 620 425 ὁδοῦ
632 399 680 433 τῆς
696 398 741 425 ἐπὶ
752 398 795 424 τὸν
808 398 891 430 ὅντως

110 443 171 468 ὄντα
185 443 249 469 Θεὸν
263 444 480 479 ὲκτετραμμένη,
500 444 545 470 καὶ
562 445 622 476 ταῖς
634 444 768 479 ὀλεθρίαις
783 444 829 470 καὶ
843 452 892 470 κα-

111 489 260 524 κεργέτισιν
287 490 489 525 ὑποταττομένη
513 490 663 527 πληθύσιν,
690 491 834 517 ἐλάνθανεν
861 491 891 516 οὐ

112 533 187 564 θεοὺς
198 533 256 559 οὐδὲ
268 533 370 567 φίλους,
383 534 450 560 ἀλλὰ
466 535 608 570 δυσμενεῖς
623 535 823 571 θεραπεύουσα·
839 536 892 562 τῶν

111 579 138 606 δὲ
152 580 268 614 ἀφειδῶς
282 581 349 617 αὐτῇ
362 581 431 608 κατὰ
450 581 480 608 τὸ
494 583 593 609 οἰκεῖον
607 583 717 618 ἁνηλεὲς
737 582 892 618 ἀποκεχρη-

114 626 209 661 μένων,
231 628 271 658 εἰς
292 627 459 664 ἀνυπαρξίας
480 628 596 664 οἰκτρῶς
612 629 789 664 ἐμπεπτώκει
802 629 822 644 ⁸¹
847 629 894 655 καὶ

112 671 247 704 ἀπωλείας
259 673 388 701 κίνδυνον.
410 674 441 701 Ἠ
456 675 483 701 δὲ
502 676 551 711 τῆς
570 674 716 711 θεαρχικῆς
730 675 894 710 ἀγαθότητος

112 717 276 754 ἁπειροτάτη
302 719 488 754 φιλανθρωπία
512 721 557 747 καὶ
581 721 629 756 τὴν
651 721 798 757 αὐτουργὸν
817 721 894 756 ἡμῶν

112 762 311 798 ἀγαθοπρεπῶς
321 763 370 790 οὐκ
383 765 538 800 ἀπηνήνατο
549 765 686 801 πρόνοιαν,
701 765 768 792 ἀλλὰ
782 767 810 792 ὲν
827 765 893 800 ἁλησ-

113 807 154 834 θεῖ
177 808 282 843 μεθέξει
303 809 357 836 τῶν
379 810 439 836 καθ’
460 811 533 846 ἡμᾶς
551 812 681 847 γενομένη
698 812 805 838 πάντων
830 812 894 838 ἀνα-

115 855 269 890 μαρτήτως,
285 855 332 882 καὶ
346 856 413 891 πρὸς
426 856 456 882 τὸ
468 857 594 883 ταπεινὸν
605 857 682 892 ἡμῶν
698 857 894 892 ἐνοποιηθεϊσα,

115 900 183 935 μετὰ
200 900 248 936 τῆς
260 901 313 927 τῶν
333 901 440 928 οἰκείων
454 902 604 937 ἀσυγχύτου
619 903 665 930 καὶ
678 903 815 939 ἁλωϐήτου
829 913 896 930 παν-

113 945 197 977 τελῶς
221 945 313 978 ἕξεως,
336 946 385 981 τὴν
408 947 475 982 πρὸς
501 947 585 983 αὐτὴν
608 949 673 983 ἡμῖν
695 949 837 976 κοινωνίαν
859 949 896 980 ὡς

114 991 253 1026 ὀμογενέσι
273 991 365 1018 λοιπὸν
380 992 545 1028 ἐδωρήσατο,
567 994 614 1020 καὶ
636 994 690 1020 τῶν
711 995 818 1021 οἰκείων
834 995 896 1021 ἀνέ-

114 1035 184 1068 δειξε
194 1036 322 1072 μετόχους
330 1037 420 1063 καλῶν
430 1046 436 1052 ·
447 1038 497 1072 τῆς
513 1038 560 1073 μὲν
570 1039 756 1075 ἀποστατικῆς
768 1039 895 1075 πληθύος,

113 1081 151 1113 ὡς
165 1083 181 1118 ἡ
196 1082 298 1117 κρυφία
314 1084 463 1119 παράδοσις
485 1084 551 1119 ἔχει,
568 1084 598 1110 τὸ
615 1084 674 1110 καθ’
690 1085 766 1120 ἡμῶν
780 1085 896 1112 καταλύ-

116 1136 184 1154 σασα
208 1129 307 1164 κράτος
331 1129 361 1154 οὑ
385 1129 455 1155 κατὰ
479 1129 598 1164 δύναμιν,
623 1129 660 1161 ὡς
687 1130 896 1166 ὑπερισχύουσα,

115 1174 186 1200 κατὰ
201 1174 228 1201 δὲ
241 1174 270 1200 τδ
285 1175 423 1210 μυστικῶς
440 1176 504 1210 ἡμῖν
523 1175 673 1210 παραδοθὲν
687 1176 785 1211 λόγιον,
796 1178 824 1203 ὲν
839 1177 898 1213 κρί-

116 1227 156 1245 σει
171 1219 218 1245 καὶ
230 1219 394 1255 δικαιοσύνῃ.
407 1219 446 1246 Τὰ
463 1219 523 1247 καθ’
537 1221 610 1255 ἡμᾶς
624 1220 650 1246 δὲ
667 1221 734 1256 πρὸς
745 1221 898 1247 τούναντίον

116 1265 189 1291 ἆπαν
217 1265 393 1301 ἀγαθουργῶς
419 1266 634 1301 μετεπευάσατο
658 1266 680 1282 ⁸¹
694 1275 700 1281 ·
727 1265 756 1292 τὸ
781 1267 828 1301 μὲν
845 1265 899 1302 γὰρ

116 1309 188 1336 κατὰ
201 1309 264 1336 νοῦν
277 1310 355 1346 ἡμῶν
368 1311 491 1345 ἀλαμπὲς
506 1310 652 1346 ἐνέπλησεν
664 1311 752 1337 ὸλὸίου
770 1311 817 1337 καὶ
831 1311 899 1337 θειο-

115 1356 196 1382 τάτου
207 1356 304 1389 φωτὸς,
317 1357 428 1388 καὶτοῖς
443 1357 584 1383 θεοειδέσιν
595 1357 730 1392 ἐκόσμησε
742 1356 772 1382 τὺ
783 1356 899 1383 ἀνείδεον

116 1401 245 1427 κάλλεσι·
269 1401 299 1428 τὸ
322 1402 349 1428 δὲ
372 1402 422 1436 τῆς
441 1401 528 1437 ψυχῆς
552 1403 708 1438 οἰκητήριον
723 1403 751 1428 ὲν
774 1402 901 1428 παντελεῖ

117 1446 239 1482 σωτηρίᾳ
254 1446 303 1481 τῆς
320 1447 380 1473 ὅσον
393 1447 468 1473 οΰπω
484 1447 689 1483 καταπεσούσης
703 1447 780 1483 ἡμῶν
807 1448 900 1480 οὐσίας

117 1491 302 1524 ὲναγεστάτων
314 1491 408 1518 παθῶν
420 1492 466 1519 καὶ
477 1492 645 1528 φθοροποιῶν
661 1493 805 1528 μολυσμῶν
822 1493 901 1528 ἠλευ-

117 1535 248 1570 θέρωσεν,
276 1536 420 1572 ἀναγωγὴν
443 1538 508 1572 ἡμῖν
539 1537 721 1574 ὺπερκόσμιον
745 1538 853 1570 δείξασα
878 1539 900 1554 ⁵³

941 260 1109 295 properavit,
1126 266 1175 287 nec
1191 267 1243 286 non
1262 267 1276 286 a
1298 260 1353 286 vita
1379 259 1481 291 divina,
1509 266 1568 293 qua:
1584 260 1671 293 ipsum
1689 260 1723 285 ad

941 313 1038 340 supera
1063 305 1231 339 subrigebat,
1257 305 1389 339 dilapsus,
1414 310 1441 332 et
1459 305 1493 332 ad
1511 310 1633 332 extrema
1657 313 1722 332 ceu-

942 352 1026 380 traria
1047 352 1102 386 jam
1120 359 1238 386 prmeeps
1257 353 1348 383 datus,
1369 351 1453 379 variis
1474 352 1723 387 perturbationibus

940 398 1084 426 obnoxiam
1113 403 1211 425 nactus
1237 401 1278 424 est
1302 398 1530 424 immutationem.
1563 397 1629 424 Cum
1658 405 1724 424 vero

941 442 1024 470 etiam
1040 451 1054 470 a
1068 448 1142 470 recto
1154 443 1264 470 tramite
1277 442 1312 470 ad
1327 442 1410 470 Deum
1426 450 1519 470 verum
1535 443 1664 470 tendente
1676 443 1723 470 de-

942 489 1076 522 ﬂecteret,
1100 494 1180 524 atque
1196 489 1320 517 exitiosis
1341 489 1527 523 maleticisque
1545 489 1641 516 turmis
1662 489 1725 516 sub—

943 536 1014 562 tlitus
1038 540 1195 568 teneretur,
1227 536 1337 562 minime
1359 535 1478 562 advertit
1496 542 1527 561 se
1553 542 1604 561 non
1624 534 1674 561 diis
1694 539 1726 561 -et

943 582 1056 614 amicis,
1082 583 1129 610 sed
1156 582 1262 610 infestis
1287 581 1412 609 hostibus
1440 581 1524 608 fuisse
1549 581 1723 611 obsecutum:

943 628 1038 663 quibus
1058 635 1090 655 eo
1107 628 1254 654 crudeliter
1269 635 1318 662 pro
1338 627 1506 654 immanitate
1522 634 1570 654 sua
1587 627 1727 654 abutenti-

944 674 1004 705 bus,
1022 674 1048 700 in
1071 678 1158 700 status
1176 673 1425 707 iuternecionisqne
1441 672 1587 700 discrimen
1605 676 1725 700 venerat.

944 719 1044 747 Verum
1060 719 1107 746 Dei
1125 719 1286 754 principalis
1306 719 1438 747 bonitatis
1453 719 1559 746 intinita
1575 719 1728 754 benignitas

945 765 1072 792 benevole
1088 773 1136 799 per
1156 773 1187 793 se
1204 766 1289 793 nostri
1303 773 1398 793 curam
1414 772 1511 800 gerere
1533 773 1587 792 non
1611 765 1726 794 destitit,

946 811 993 838 sed
1013 816 1165 839 nostrorum
1183 811 1304 839 omnium
1319 819 1383 839 vere
1406 812 1476 839 facta
1495 811 1643 846 particeps,
1660 811 1730 838 alis-

946 864 998 891 que
1017 862 1128 892 peccato
1149 856 1171 888 ί.
1196 857 1397 891 humilitatique
1423 861 1525 884 nostra:
1543 857 1630 889 unita,
1648 856 1728 892 196

913 899 934 929 Β
948 903 1021 929 salvo
1044 902 1240 937 proprietatum
1265 910 1376 929 suarum
1404 906 1490 934 statu,
1511 909 1597 936 eoque
1619 910 1728 936 prorsus

946 949 1088 977 incontuso
1109 954 1136 976 et
1156 948 1298 980 inviolato,
1321 948 1398 983 cujus
1418 949 1500 975 etiarn
1524 949 1614 982 nobis,
1636 953 1728 982 utpote

947 995 1103 1029 congencis,
1115 995 1282 1021 consortium
1297 994 1384 1025 dedit,
1401 1001 1504 1028 nosque
1518 995 1652 1021 bonorutn
1664 1000 1729 1020 suo-

948 1048 1006 1067 rum
1040 1040 1184 1075 participes
1217 1040 1387 1071 declaravit,
1415 1039 1569 1073 apostaticre
1601 1039 1728 1066 nimirum

948 1086 1033 1114 turbae
1050 1086 1182 1120 imperio,
1195 1085 1265 1120 quod
1289 1085 1431 1112 adversum
1448 1092 1496 1112 nos
1512 1085 1641 1117 habebat,
1654 1084 1729 1118 juxta

949 1131 1122 1158 traditionem
1147 1137 1291 1162 arcanam,
1315 1128 1467 1164 proﬂigato,
1489 1136 1542 1156 non
1564 1129 1667 1156 viribus
1680 1136 1729 1155 cett

948 1177 1109 1212 prmvalens,
1126 1177 1185 1209 sed,
1202 1176 1351 1203 secundum
1368 1175 1510 1211 mysticum
1537 1175 1686 1208 eloquium.
1703 1174 1730 1200 iu

946 1223 1048 1259 judicio
1063 1228 1091 1250 et
1104 1223 1220 1257 jnstitia.
1242 1222 1371 1249 Nostrum
1386 1228 1451 1248 vero
1473 1225 1576 1248 statum
1591 1227 1606 1246 e
1621 1220 1732 1247 diverso

949 1269 1096 1296 clententer
1114 1268 1287 1300 immutavit;
1306 1275 1368 1294 nam
1392 1266 1491 1294 mentis
1505 1266 1615 1300 quidem
1631 1271 1732 1292 nostrte

948 1315 1140 1343 obscuritatem
1164 1315 1246 1342 beato
1264 1314 1411 1348 divinoque
1427 1313 1528 1340 lumine
1544 1312 1670 1347 replevit,
1685 1311 1734 1338 de-

950 1361 1168 1395 formitatemque
1199 1364 1320 1387 nostram
1357 1359 1536 1386 deiformibus
1563 1357 1733 1386 ornamentis

951 1405 1119 1438 illustravit;
1143 1405 1225 1432 animi
1249 1410 1338 1432 autem
1356 1404 1522 1432 domicilium
1537 1412 1597 1431 cum
1614 1403 1733 1437 perlecta

951 1451 1039 1478 salute
1053 1452 1178 1478 eSsentiae
1192 1457 1352 1485 naturzeque
1367 1456 1481 1482 nostrae,
1496 1457 1556 1484 quae
1577 1449 1661 1476 terme
1677 1446 1733 1475 col-

951 1498 1026 1532 lapsa
1042 1501 1141 1524 eratet
1153 1497 1319 1529 conciderat,
1335 1496 1494 1524 tuadissimis
1505 1495 1658 1530 quibusque
1672 1502 1734 1528 pas-

951 1543 1074 1571 sionibus
1103 1547 1185 1577 atque
1221 1543 1436 1577 inquinamentis
1470 1542 1559 1568 noxiis
1587 1539 1733 1571 liberavit,

118 1582 167 1608 καὶ
182 1582 317 1608 πολιτείαν
328 1582 416 1609 ἔνθεον
429 1583 457 1608 ὲν
470 1584 530 1614 ταῖς
545 1583 612 1618 πρὸς
625 1582 708 1618 αὐτὴν
723 1582 800 1618 ἡμῶν
816 1584 899 1619 ἱεραῖς

953 1595 1164 1618 conunonstrata
1191 1589 1269 1617 nobis
1298 1588 1510 1624 supermundiali
1533 1593 1676 1622 auagoge.
1701 1593 1734 1613 ac

119 1627 190 1654 κατὰ
201 1628 231 1655 τὺ
244 1629 354 1656 δυνατὸν
369 1630 560 1664 ἁφομοιώσεσι.

956 1637 1050 1665 divinae
1061 1636 1123 1662 vitae
1140 1643 1246 1667 norma.
1266 1643 1316 1670 per
1330 1642 1412 1669 qttam
1428 1633 1461 1660 ad
1479 1640 1571 1660 sacras
1585 1632 1642 1667 ejus
1658 1631 1735 1660 simi-

955 1682 1091 1715 litudines.
1104 1682 1131 1709 in
1146 1686 1277 1717 quantum
1291 1681 1348 1708 ﬁeri
1362 1683 1463 1716 potest,
1478 1679 1634 1707 evehamur.

882 1763 978 1802 gxu.

158 1843 194 1871 Τὸ
210 1843 372 1880 θεομίμητον
383 1845 411 1871 δὲ
425 1845 483 1876 πῶς
496 1844 528 1871 ἂν
548 1845 613 1880 ἡμῖν
633 1845 733 1881 ἑτέρως
756 1844 903 1880 ἐγγένοιτο,

122 1890 160 1925 μὴ
179 1891 228 1925 τῆς
242 1889 295 1916 τῶν
312 1891 464 1925 ίερωτάτων
484 1890 630 1925 θεουργιῶν
647 1891 755 1926 μνήμης
777 1891 903 1918 ἀνανεου-

122 1935 208 1970 μένης
231 1935 274 1961 ἀεὶ
297 1936 357 1966 ταῖς
382 1935 551 1970 ίεραρχικαῖς
575 1935 735 1971 ἱερολογίαις
760 1935 783 1951 “
807 1944 836 1961 τε
859 1936 905 1962 καὶ

122 1980 307 2016 ἰερουργίαιςς
323 1979 405 2006 Τοῦτο
417 1978 490 2006 οὗν⁵⁸
505 1981 688 2016 ποιοῦμεν,ὼς
699 1981 734 2007 τὰ
755 1981 833 2015 λόγιά
851 1990 903 2016 φη-

122 2034 176 2057 σιν,
190 2025 229 2056 είς
240 2025 287 2060 τὴν
300 2024 384 2059 αὐτῆς
394 2025 655 2060 ἁνάμνησιν.Ἔνθεν
665 2026 754 2057 ὁθεῐος
765 2026 905 2061 ίεράρχης,

122 2071 170 2097 ἐπὶ
197 2070 243 2096 τοῦ
269 2070 340 2097 θείου
366 2071 556 2106 θυσιαστηρίου
579 2071 725 2103 καταστὰς,
752 2072 831 2107 ὑμνεῖ
857 2071 906 2103 τὰς

121 2116 270 2152 εἰρημένας
282 2117 356 2152 ἱερὰς
372 2117 513 2152 θεουργίας
525 2117 610 2152 Ἰησοῦ
621 2117 670 2152 τῆς
682 2108 821 2153 θειοτόῖτης
830 2117 906 2152 ήμῶν

121 2162 261 2196 προνοίας,
275 2162 308 2194 ἃς
325 2163 372 2190 ἐπὶ
388 2163 507 2199 σωτηρίᾳ
531 2163 577 2190 τοῦ
594 2164 688 2197 γένους
709 2163 785 2199 ἡμῶν
800 2163 906 2199 εὐδοκία

121 2207 171 2234 τοῦ
189 2209 390 2243 παναγεστὰτου
405 2209 509 2245 Πατρὺς
531 2210 558 2235 ὲν
577 2209 713 2244 Πνεύματι
736 2210 815 2245 ἁγίῳ,
836 2209 906 2236 κατὰ

122 2252 155 2278 τὸ
172 2252 271 2286 λόγιον,
287 2253 451 2280 ἐτελείωσεν.
477 2253 614 2289 Ὑμνήσας
637 2254 666 2281 δὲ
684 2254 730 2280 καὶ
753 2254 802 2289 τὴν
825 2254 906 2280 σεϐα-
922 2246 943 2273 D

124 2298 209 2333 σμίαν
223 2298 311 2325 αὐτῶν
323 2299 369 2325 καὶ
381 2300 476 2335 νοητὴν
489 2300 603 2336 θεωρίαν
617 2301 645 2326 ὲν
658 2301 758 2335 νοεροῖς
771 2300 793 2315 ⁸⁸
806 2299 905 2334 ὀφθαλ-

125 2346 187 2379 μοῖς
203 2345 380 2378 ἐποπτεύσας,
397 2347 442 2372 ὲπὶ
457 2347 506 2382 τὴν
521 2346 686 2382 συμϐολικὴν
701 2346 790 2374 αὐτῶν
803 2347 907 2383 ἱερουρ-

122 2389 188 2424 γίαν
201 2390 317 2426 ἔρχεται,
331 2392 377 2417 καὶ
389 2391 468 2418 τοῦτο
481 2392 684 2427 θεοπαραδότως
693 2400 700 2406 α
712 2391 774 2418 ὅθεν
787 2392 907 2423 εὐλαϐῶς

122 2445 155 2463 τε
171 2437 229 2472 ἅμα
244 2438 290 2464 καὶ
303 2438 465 2473 ίεραρχικῶς
477 2438 545 2473 μετὰ
565 2439 628 2470 τοὺς
642 2439 728 2474 ἱεροὺς
743 2438 797 2465 τῶν
814 2439 908 2474 Θεουρ-

122 2484 194 2517 γιῶν
210 2483 309 2519 ὕμνους
334 2485 404 2521 ὑπὲρ
420 2485 470 2520 τῆς
484 2485 552 2521 ὑπὲρ
570 2485 650 2512 αὐτὸν
674 2486 827 2521 ἱερουργίας
843 2486 910 2512 ἀπο-

122 2528 256 2562 λογεῖται,
280 2530 411 2565 πρότερον
438 2530 516 2566 ίερῶς
538 2531 605 2566 πρὸς
628 2531 708 2556 αὐτὸν
730 2531 909 2560 ἀναϐοῶν,Σὺ

123 2570 219 2605 εἶπας
247 2574 335 2601 Τοῦτο
359 2575 468 2602 ποιεῖτε
489 2577 532 2608 εὶς
551 2576 608 2610 τὴν
631 2576 708 2611 ἐμὴν
730 2576 908 2611 ἀνάμνησιν.

191 2651 284 2679 ΙΗιεΙιι·
305 2661 344 2684 ιν,
363 2653 405 2680 15.
447 2653 538 2681 ειυς.
557 2661 623 2686 xxu,
638 2654 680 2682 19.

990 1845 1135 1872 Enimvero
1159 1842 1295 1878 quomodo
1324 1841 1402 1868 nobis
1431 1840 1522 1868 divina
1546 1839 1596 1866 ista
1622 1837 1738 1865 imitatio

955 1890 1034 1918 aliter
1049 1889 1188 1919 obveniat,
1204 1888 1255 1914 nisi
1271 1892 1324 1914 tam
1340 1886 1526 1921 pmstantium
1539 1883 1670 1911 memoria
1687 1883 1736 1910 be-

955 1936 1114 1963 neﬁciorum
1128 1934 1173 1961 Dei
1186 1932 1399 1960 sacerdotalibus
1410 1930 1648 1966 praedicationibus
1656 1934 1737 1963 atque

956 1982 1092 2017 mysteriis
1110 1980 1212 2015 jugitcr
1232 1978 1399 2006 iunovetur?
1423 1977 1480 2004 Hoc
1500 1977 1590 2010 itaque
1614 1975 1736 2005 facimus,

955 2034 985 2055 ut
1004 2027 1109 2062 eloquia
1125 2026 1238 2060 jubent,
1263 2025 1289 2052 iu
1317 2024 1373 2059 ejus
1394 2023 1680 2051 commemorationem
1712 2022 1736 2048 ⁸.

956 2073 1125 2107 Quapropter
1139 2072 1247 2099 divinus
1261 2079 1368 2106 quoque
1385 2069 1483 2106 pra-sul
1502 2068 1590 2096 sacris
1605 2067 1739 2107 altaribus

957 2119 1089 2147 assistens
1111 2123 1203 2145 sancta
1223 2118 1370 2152 divinaque
1388 2115 1452 2143 Jesu
1472 2122 1555 2150 opera
1580 2105 1738 2145 collaudat,

959 2174 1018 2202 quae
1039 2174 1072 2194 ex
1087 2165 1257 2193 divinissima
1283 2164 1367 2192 nostri
1390 2162 1560 2198 providentia
1584 2162 1610 2188 in
1625 2160 1738 2188 salutem

959 2213 1067 2250 generis
1080 2212 1202 2243 humani,
1223 2210 1390 2238 sanctissimi
1408 2208 1498 2236 Patris
1516 2207 1696 2241 beueplacito,
1713 2206 1739 2232 iu

959 2261 1061 2295 Spiritu
1077 2263 1183 2290 sancto,
1207 2263 1235 2284 ut
1246 2257 1354 2291 eloquia
1367 2259 1513 2287 testantur,
1529 2252 1739 2281 consummavit.

959 2305 1045 2332 Porro
1057 2303 1212 2332 veneranda
1228 2302 1398 2338 spiritalique
1415 2300 1606 2335 mysteriorum
1619 2302 1740 2324 contem-

961 2350 1090 2385 platione,
1105 2357 1184 2383 quam
1198 2347 1365 2383 spiritalibus
1377 2345 1462 2373 oculis
1474 2344 1626 2378 conspexit,
1639 2342 1742 2370 collau-

961 2397 1036 2428 data,
1050 2396 1082 2423 ad
1098 2394 1256 2423 eorumdcm
1279 2397 1481 2421 sacrosanctam
1497 2398 1531 2418 ex
1548 2390 1642 2417 divino
1663 2389 1742 2416 inisti-

963 2446 1019 2469 tuto
1031 2441 1154 2476 procedit
1166 2439 1397 2468 consecrationem
1411 2446 1418 2471 ;
1439 2437 1566 2472 quocirca
1584 2439 1742 2462 reverenter

963 2487 1053 2519 simul,
1074 2491 1101 2513 et
1116 2491 1144 2513 ut
1159 2486 1311 2520 poutiticem
1332 2484 1421 2515 decet,
1442 2488 1504 2518 post
1516 2489 1609 2509 sacras
1626 2480 1686 2507 illas
1702 2479 1742 2506 di-

964 2533 1088 2560 vinorum
1112 2539 1224 2567 operum
1242 2530 1353 2563 laudes,
1372 2531 1405 2556 de
1426 2527 1560 2556 sacriﬁcio
1583 2526 1741 2561 dignitatem

964 2585 1041 2605 suam
1056 2581 1201 2612 superante
1221 2584 1251 2604 se
1269 2579 1379 2611 purgat,
1397 2575 1429 2602 ad
1443 2573 1581 2601 Christum
1599 2572 1674 2606 prius
1696 2577 1743 2615 es-

779 2763 893 2791 VARL-E
911 2762 1111 2798 LECTlONES.

126 2876 160 2904 P.
177 2876 207 2904 Β.

166 2841 187 2858 δ¹
200 2840 394 2871 ἐνεπεπτώκει.
409 2841 457 2868 Ch.
469 2841 650 2872 ἐκπεπτώκει,
666 2841 699 2867 Μ.
714 2841 742 2868 S.
756 2841 784 2867 ll.
816 2841 837 2856 δ’
854 2839 1075 2876 μετασκευάσασα
1088 2838 1184 2876 ,βχῆ
1201 2839 1230 2866 D.
1248 2839 1296 2866 (ἶίι.
1315 2838 1367 2866 Sur
1396 2843 1418 2867 cl
1434 2838 1506 2866 Vicu.
1530 2839 1552 2854 ’³
1566 2836 1729 2869 ὑποδείξαῖιι

253 2877 274 2893 ⁸⁵
289 2876 448 2911 θεολογίαις,
463 2877 491 2904 P.
514 2877 536 2893 ’⁸⁵
550 2876 628 2904 τοῦτο
641 2879 704 2912 γάρ,
719 2877 768 2904 Ch.
787 2876 814 2902 Ι).
830 2874 859 2903 ἓξ
875 2876 903 2902 Β.
926 2875 947 2891 ιθ
960 2876 1077 2911 νοητοῖς,
1092 2875 1120 2901 S.
1140 2874 1168 2901 Ρ.
1185 2876 1247 2902 \‘ur.
1678 2884 1680 2887 ·
