1931 3073
194 174 246 201 “5

804 172 830 200 S.
850 172 999 201 DIONYSII
1016 171 1246 201 ΑΠΕΟΡᾹΩΙΤᾸΕ

1761 169 1816 197 Ml

194 229 337 258 clamando
349 239 356 258 ι
375 230 414 259 'l’u
428 229 520 258 dixisti
538 238 546 258 :
565 229 623 257 Hoc
637 230 716 264 facile
728 231 755 256 in
769 237 852 256 meam
865 238 977 257 comme-

1031 228 1092 256 Εἶτα
1106 229 1155 265 τῆς
1169 230 1331 265 θεομιμήτου
1345 229 1446 266 ταύτης
1457 228 1610 270 ἱερουργίας
1617 228 1690 262 ἄξιος
1699 229 1815 263 αἰτήσας

167 287 172 314 _*
195 277 366 304 morationem
388 276 416 304 ιι.
439 277 584 304 Postulans
604 276 702 303 deinde
715 275 766 302 hoc
781 275 917 303 sacrllicio
930 275 975 302 Dei

165 316 170 339 ἶ
193 322 347 350 imitatione
360 322 458 357 dignus
477 322 558 353 ellici,
574 329 623 348 ncc
645 329 699 349 non
716 321 864 348 secundum
876 321 975 348 Christi

193 367 400 395 similitudinem
426 368 518 395 divina
541 367 698 398 celebrare,
721 367 886 401 omninoque
909 373 977 400 pure

193 415 370 446 distribuere,
388 421 491 448 eosque
511 413 556 448 qui
576 421 718 441 sacrorum
736 412 819 439 l‘ntnri
836 417 900 440 sunt
913 420 977 447 par-

193 460 290 494 ticipes
307 460 510 495 mysteriorum,
527 459 623 487 iisdem
640 459 722 494 digne
737 463 886 493 sancteque
901 465 976 485 com-

191 506 343 537 municare,
368 505 539 532 divinissima
567 505 611 532 illa
636 505 765 540 mysteria
794 504 924 535 celebrat.
950 507 977 530 et

190 551 245 586 jam
262 555 434 583 consecrata,
452 551 502 578 sub
522 550 652 586 symbolis
664 550 813 585 propositis
830 549 882 576 ritu
897 556 975 576 sacro

192 598 305 625 visenda
331 598 472 632 proponit;
495 597 629 631 siquidem
656 601 754 631 operto
779 595 975 630 individuoque

192 651 262 679 pane
280 644 412 673 revelato.
426 647 454 670 et
467 643 493 670 in
508 643 592 669 multa
611 642 710 673 diviso,
724 641 915 676 singularique
931 647 977 667 ca-

193 689 246 717 lice
265 689 391 717 omnibus
407 689 554 723 impertita,
573 688 703 714 unitatem
722 687 870 722 symbolice
885 686 977 712 Innlti-

193 735 279 770 plicat
307 734 523 767 distribuitque,
551 737 756 761 sacrosanctum
785 732 811 759 in
838 732 870 759 iis
898 732 976 766 197

191 780 357 807 sacriﬁcium
378 780 605 807 consummando.
632 779 748 806 Unicum
769 779 842 806 enim
859 777 923 805 illud
945 784 978 804 ac

191 825 307 860 simplex
330 833 517 861 arcanumque
543 824 607 853 Jcsu
632 825 751 852 Verbum
776 824 975 851 divinissimutn

191 877 240 904 per
254 870 468 904 assumptionem
494 870 672 896 humanitatis
691 874 802 901 nostrre,
819 869 845 896 in
867 875 976 902 compo-

191 915 213 941 si
220 916 320 943 tionem
337 915 417 943 simul
432 919 461 942 et
475 920 630 950 aspectum,
647 916 706 942 sine
721 915 773 942 nlla
788 915 831 942 sui
850 915 976 942 immuta-

191 961 277 993 tione,
295 969 344 996 pro
366 969 414 988 sua
437 962 559 988 bonitate
583 961 807 996 benignitateque
829 961 974 995 processit,

191 1006 334 1040 nostrique
357 1014 450 1034 secum
473 1007 599 1034 unilicam
617 1007 838 1034 communionem
856 1007 975 1034 beneﬁce

193 1051 371 1086 excogitavit,
387 1059 419 1079 ea
433 1059 493 1084 qua:
511 1052 537 1079 in
555 1052 633 1079 nobis
650 1052 764 1079 lmmiha
779 1057 843 1078 sunt
862 1052 976 1080 divinis-

191 1097 270 1123 simis
291 1097 348 1124 suis
365 1098 464 1125 unieus
478 1097 659 1129 exccllenliis,
674 1103 704 1124 ut
720 1103 747 1125 et
765 1105 815 1125 nos
831 1098 891 1132 ipsi,
915 1103 974 1125 tan-

190 1149 273 1176 quam
288 1144 408 1170 membra
421 1144 543 1178 corpori,
555 1151 604 1178 per
616 1143 736 1177 ejusdem
753 1144 932 1171 immaculata;
944 1151 976 1171 ac

192 1188 293 1214 divina:
307 1189 371 1215 vitae
385 1189 556 1216 identitatem
579 1197 771 1224 congruamus,
793 1198 826 1216 ne
842 1191 976 1224 corrupti-

193 1232 292 1260 bilibus
307 1234 398 1260 necati
414 1234 594 1268 passionibus,
610 1234 711 1261 divinis
726 1234 787 1262 istis
804 1235 974 1263 sanissimis-

193 1287 247 1313 que
261 1280 391 1307 tucmbril
404 1282 548 1316 iucongrut
565 1281 681 1315 vittaque
709 1281 854 1317 incapaces
876 1282 976 1309 exista-

193 1333 270 1359 mus;
286 1331 394 1361 oportet
410 1327 483 1354 enim
508 1333 568 1357 nos.
584 1327 606 1354 si
622 1327 655 1354 ad
676 1327 897 1355 communionem
917 1327 975 1361 ejus

194 1372 356 1406 aspiramus,
373 1372 572 1400 divinissimam
583 1371 642 1406 ejus
658 1373 684 1400 in
701 1380 785 1401 carne
803 1374 886 1401 vitam
909 1382 975 1402 con-

194 1417 332 1451 temptari,
345 1422 427 1452 atque
440 1421 562 1444 sanctam
584 1417 669 1452 ipsius
686 1418 898 1453 impeccantiam
915 1419 977 1447 imi-

1029 276 1165 310 γενέσθαι,
1182 277 1228 302 καί
1242 278 1275 312 τῇ
1291 276 1359 311 πρὸς
1380 274 1460 302 αὑτὸν
1475 276 1496 291 ⁵⁷
1517 275 1632 311 Χριστὸν
1648 273 1815 310 ἀφομοιώσει

1027 321 1062 347 τὰ
1084 321 1142 347 θεῖα
1162 321 1279 352 τελέσαι,
1295 321 1341 347 καὶ
1354 320 1487 348 διαδοῦναι
1507 321 1660 354 πανάγνως,
1684 321 1729 346 καὶ
1750 319 1815 351 τοὺς

1028 366 1081 392 τῶν
1095 366 1175 401 ἱερῶν
1189 365 1350 401 μεθέξοντας
1362 366 1531 402 ἱεροπρεπῶς
1542 367 1695 401 μετασχεῖν,
1709 365 1815 400 ἱερουρμ

1027 413 1072 446 γεί
1089 411 1122 437 τὰ
1135 411 1269 442 θειότατα,
1285 411 1334 437 καὶ
1352 410 1397 437 ὑπ’
1414 410 1474 445 δψιν
1489 410 1549 444 ἄγει
1562 409 1596 436 τὰ
1612 410 1753 445 ὑμνημένα
1770 409 1815 436 διὰ

1026 458 1080 484 τῶν
1103 458 1182 493 ἱερῶς
1207 456 1393 493 προκειμένων
1417 457 1574 492 συμϐόλων·
1595 458 1640 484 τὸν
1661 457 1715 493 γὰρ
1734 459 1815 491 ἐγκε-

1028 503 1204 539 καλυμμένον
1220 504 1266 530 καὶ
1291 503 1441 539 ἀδιαίρετον
1462 503 1544 539 ἄρτον
1560 503 1743 538 ἀνακαλύψας,
1767 503 1815 530 καὶ

1027 549 1067 580 εἰς
1082 547 1166 574 πολλὰ
1179 548 1283 580 διελὼν,
1299 548 1345 574 καὶ
1362 548 1391 575 τὸ
1415 549 1513 575 ἑνιαῖον
1526 547 1573 574 τοῦ
1597 548 1725 583 ποτηρίου
1746 549 1815 574 πᾶσι

1028 595 1224 629 καταμερίσας,
1244 593 1413 628 συμϐολικῶς
1434 594 1482 629 τὴν
1495 593 1608 629 ἑνότητα
1628 593 1756 628 πληθύνει
1780 594 1814 626 ⁸⁸,

1028 641 1075 667 καὶ
1095 639 1225 675 διανέμει,
1251 639 1459 675 παναγεστέιτην
1480 640 1508 665 ὲν
1528 639 1632 671 τούτοις
1659 640 1816 675 ἱερουργίαν

1027 685 1121 712 τελῶν.
1141 685 1177 712 Τὸ
1199 685 1252 721 γὰρ
1275 685 1303 712 ἓν
1323 685 1368 712 καὶ
1391 683 1492 711 ἁπλοῦν
1517 685 1564 711 καὶ
1586 684 1699 720 κρύφιον
1727 685 1815 719 Ἰησοῦ

1028 731 1074 758 τοῦ
1088 731 1305 767 θεαρχικωτάτου
1317 731 1397 765 λόγου
1409 733 1442 766 τῇ
1455 731 1515 758 καθ’
1526 732 1599 766 ἡμᾶς
1612 731 1816 766 ὲνανθρωπήσει

1029 778 1097 813 πρὸς
1112 777 1143 803 τὸ
1159 777 1282 804 σύνθετόν
1295 785 1327 803 τε
1340 777 1496 813 καὶῖόρατὺν
1512 777 1697 808 ἀναλλοιώτως
1710 777 1731 792 ⁵³
1744 778 1816 811 ἀγα-

1029 823 1121 858 θότητι
1141 822 1188 849 καὶ
1210 822 1398 858 φιλανθρωπίᾳ
1415 822 1592 858 προελήλυθε,
1607 822 1654 849 καὶ
1674 823 1723 858 τὴν
1746 822 1817 858 πρὸς

1031 869 1110 895 αὑτὸν
1120 869 1197 904 ἡμῶν
1206 868 1325 894 ἑνοποιὸν
1337 868 1478 902 κοινωνίαν
1491 868 1668 903 ἀγαθουργῶς
1681 868 1816 909 διεπραγ-

1032 914 1192 950 ματεύσατο,
1215 914 1249 941 τὰ
1270 914 1330 940 καθ’
1346 915 1418 950 ἡμᾶς
1440 915 1555 948 ταπεινὰ
1580 916 1635 946 τοῖς
1668 915 1817 946 θειοτάτοις

1030 960 1112 987 αὑτοῦ
1129 962 1189 987 κατ’
1203 961 1286 998 ἄκρον
1303 960 1415 993 ἐνώσας,
1437 961 1516 997 εἴπερ
1532 961 1579 988 καὶ
1597 951 1677 997 ἡμεῖς
1690 961 1727 993 ὡς
1746 961 1817 997 μέλη

1031 1005 1136 1041 σώματι
1158 1006 1180 1022 ⁵⁸
1194 1006 1473 1042 συναρμολογηοῶμεν
1486 1006 1569 1042 αὐτῷ,
1583 1007 1653 1033 κατὰ
1669 1007 1699 1033 τὸ
1719 1007 1817 1034 ταύτὸν

1029 1051 1079 1086 τῆς
1092 1052 1230 1087 ἀλωὸήτου
1251 1053 1298 1078 καὶ
1320 1052 1394 1084 θείας
1415 1052 1498 1088 ζωῆς,
1521 1053 1568 1079 καὶ
1589 1052 1625 1088 μὴ
1642 1054 1697 1084 τοῖς
1717 1053 1817 1088 φθορο-

1030 1100 1118 1130 ποιοῖς
1139 1099 1237 1125 πάθεσι
1270 1098 1543 1134 κατανεκρωθέντες,
1577 1098 1743 1134 ἀνάρμοστοι
1768 1097 1818 1124 καὶ

1029 1145 1171 1180 ἁκόλλητοι
1187 1146 1232 1172 καὶ
1254 1144 1371 1177 ὰσύζωοι
1383 1145 1525 1180 γενώμεθα
1538 1146 1559 1161 ⁵¹
1583 1145 1651 1181 πρὸς
1665 1145 1723 1171 θεῖα
1746 1145 1817 1181 μέλη

1029 1191 1077 1217 καὶ
1094 1191 1242 1224 ὑγιέστατα
1262 1192 1300 1207 ⁵¹’
1318 1191 1370 1227 χρὴ
1384 1192 1438 1227 γὰρ
1450 1192 1532 1226 ἡμᾶς,
1552 1192 1575 1218 εί
1587 1191 1636 1226 τῆς
1650 1191 1718 1226 πρὸς
1735 1190 1817 1217 αὑτὸν

1028 1237 1162 1273 ἐφιέμεθα
1182 1238 1333 1270 κοινωνίας,
1354 1239 1393 1270 εἰς
1412 1238 1460 1274 τὴν
1479 1237 1620 1274 θειοτάτην
1641 1237 1722 1264 αὑτοῦ
1745 1237 1818 1264 κατὰ

1030 1283 1119 1318 σάρκα
1141 1282 1213 1318 ζωὴν
1235 1282 1449 1315 ὰποσκοπεῦσαι,
1471 1283 1518 1309 καὶ
1536 1284 1569 1318 τῇ
1592 1283 1660 1318 πρὸς
1685 1282 1770 1317 αὐτὴν
1792 1282 1817 1298 ³³

1030 1327 1196 1363 ἁφομοιὼσει
1209 1329 1257 1364 τῆς
1275 1329 1349 1365 ἱερᾶς
1368 1329 1575 1365 ἀναμαρτησίας
1593 1330 1632 1362 είς
1645 1329 1693 1364 τὴν
1712 1327 1817 1362 θεοειᾷῆ

1031 1376 1079 1402 καὶ
1094 1375 1231 1410 ἀλὼϐητον
1242 1375 1297 1407 ἕξιν
1308 1375 1472 1411 ἀναδραμεῖν
1482 1383 1488 1389 ”
1503 1374 1572 1401 οὕτω
1584 1374 1637 1410 γὰρ
1650 1373 1818 1410 ἐναρμονίοις

1031 1421 1096 1456 ἡμῖν
1106 1422 1155 1457 τὴν
1169 1422 1236 1458 πρὸς
1248 1421 1279 1448 τὺ
1291 1422 1381 1457 ὅμοιον
1393 1422 1533 1448 κοινωνίαν
1547 1422 1707 1457 δωρήσεται.

195 1465 288 1496 tando.
301 1465 334 1492 ad
352 1465 511 1493 deil'ormem
527 1469 555 1494 et
570 1465 775 1494 immaculatum
791 1471 892 1494 statum
915 1468 1098 1501 contendere;
1126 1468 1176 1496 hac
1200 1474 1318 1503 namque
1335 1469 1451 1501 ratione,
1483 1473 1564 1503 prout
1583 1468 1659 1499 nobis
1679 1467 1813 1503 cougt‘uit.

195 1511 401 1540 similitudinem
421 1519 497 1540 suam
511 1513 734 1541 communicabit.

956 1573 970 1610 ι
984 1572 1070 1603 XIII.

231 1664 294 1692 Haec
315 1665 434 1699 pontifex
458 1664 538 1692 rebus
560 1665 592 1692 iis
612 1672 672 1700 quae
696 1665 884 1693 sacriﬁcantur
908 1667 978 1695 insi-

1067 1663 1159 1694 Ταῦτα
1169 1668 1226 1699 τοῖς
1234 1667 1319 1703 ’ἱερῶς
1326 1668 1349 1684 ⁵⁸
1360 1667 1507 1703 δρωμένοις
1514 1668 1529 1694 ὁ
1542 1667 1672 1703 ίεράρχης
1681 1667 1818 1702 ἐμφαίνει,

196 1715 271 1744 nuat,
288 1710 352 1736 ilum
369 1710 477 1737 obtecta
500 1718 614 1738 munera
640 1712 666 1739 in
691 1716 814 1746 apertum
843 1712 978 1747 producit,

196 1756 370 1791 ipsorumque
388 1757 519 1784 unitatem
534 1757 559 1784 in
576 1757 654 1792 plura
675 1758 782 1790 dividit,
803 1763 829 1785 et
847 1765 895 1792 per
907 1765 980 1785 sum-

197 1808 270 1828 mam
286 1808 375 1828 rerum
388 1801 593 1828 distributarum
609 1809 671 1829 cum
685 1803 894 1838 suscipientibus
907 1803 981 1829 unio-

197 1854 272 1879 nem,
284 1847 442 1874 earumdem
459 1851 601 1875 consortes
621 1849 710 1875 reddit
724 1856 771 1877 eos
790 1849 836 1884 qui
857 1855 980 1876 commu-

198 1893 303 1921 nicant.
321 1893 458 1921 Describit
473 1893 546 1920 enim
563 1893 606 1921 his
623 1894 791 1921 sensibiliter
809 1894 872 1922 dum
890 1893 917 1921 in
939 1901 982 1921 as-

197 1943 306 1974 pectum
323 1939 397 1966 ducit
412 1937 503 1966 .Iesum
516 1938 665 1972 Christum,
691 1939 840 1974 spiritalem
860 1944 981 1967 nostram

198 1983 281 2011 veluti
291 1984 318 2011 in
327 1983 444 2018 imagine
459 1984 553 2016 vitam,
564 1990 596 2011 ex
613 1984 703 2011 abdito
713 1984 758 2012 illo
771 1984 922 2012 divinitatis
933 1992 982 2019 per

198 2029 349 2056 absolutam
365 2035 392 2056 et
403 2029 572 2057 inccnfusam
583 2030 760 2058 humanitatis
770 2035 869 2058 nostra:
878 2037 984 2058 assum-

198 2075 330 2109 ptionem,
355 2075 471 2110 benigne
486 2080 608 2102 nostram
624 2073 742 2110 speciem
757 2076 924 2109 induentem,
940 2081 983 2103 at-

198 2130 253 2157 que
266 2123 299 2149 ad
314 2122 500 2150 dividuitatem
518 2127 637 2150 nostram
660 2123 720 2150 sine
737 2123 779 2150 sui
796 2124 984 2151 immutatione

198 2176 234 2195 ex
247 2168 349 2196 unitate
364 2168 478 2195 naturali
492 2168 681 2204 prodeuntem,
698 2176 800 2204 perque
815 2169 886 2197 hanc
900 2170 984 2197 benc—

199 2215 279 2242 ilcam
293 2213 478 2248 clementiam,
492 2214 526 2241 ad
540 2215 581 2242 sui
596 2215 784 2250 bonorumque
797 2222 908 2243 suorum
923 2222 986 2250 par-

201 2259 383 2294 ticipationem
397 2269 481 2296 genus
497 2261 642 2288 humanum
657 2261 826 2294 invitantem,
839 2260 985 2288 dummodo

199 2305 375 2333 divinissimze
387 2306 470 2341 ipsius
479 2307 543 2334 vitae
556 2306 760 2341 conjungamur,
771 2314 820 2341 pro
832 2305 902 2333 virili
913 2305 985 2333 illam

1031 1712 1066 1738 τὰ
1085 1712 1133 1748 μὲν
1146 1712 1374 1748 ὲγκεκαλυμμένα
1387 1713 1461 1748 δῶρα
1477 1713 1545 1748 πρὸς
1555 1713 1585 1739 τὺ
1596 1713 1715 1747 ἐμφανὲς
1732 1713 1818 1746 ἄγων,

1030 1758 1061 1784 τδ
1073 1757 1102 1784 δὲ
1120 1758 1220 1784 ἐνιαῖον
1236 1758 1324 1784 αὐτῶν
1341 1758 1381 1789 εἰς
1398 1757 1483 1784 πολλὰ
1500 1757 1628 1790 διαιρῶν,
1647 1757 1694 1783 καὶ
1712 1758 1745 1792 τῇ
1763 1756 1819 1783 τῶν

1030 1802 1231 1838 διανεμομένων
1248 1803 1315 1839 πρὸς
1334 1802 1368 1829 τὰ
1380 1804 1408 1829 ὲν
1426 1802 1466 1834 οἷς
1482 1803 1603 1837 γίγνεται
1621 1803 1680 1829 κατ’
1699 1802 1783 1837 ἄκρον
1795 1802 1819 1818 ⁵³

1033 1849 1138 1881 ὲνώσει,
1152 1849 1296 1880 κοινωνοὺς
1310 1847 1399 1876 αὐτῶν
1412 1847 1551 1874 ἀποτελῶν
1570 1848 1632 1879 τοὺς
1645 1846 1818 1882 μετέχοντας,

1032 1895 1183 1931 Διαγράφει
1196 1894 1250 1930 γὰρ
1268 1895 1298 1921 ὲν
1309 1894 1413 1926 τούτοις
1433 1893 1583 1930 αἰσθητῶς,
1601 1893 1646 1920 ὑπ’
1666 1893 1726 1928 ὄψιν
1745 1893 1820 1926 ἄγων

1039 1941 1143 1977 Ἰησοῦν
1154 1941 1199 1968 τὸν
1211 1940 1338 1976 Χριστὸν,
1355 1941 1404 1976 τὴν
1422 1940 1519 1976 νοητὴν
1536 1939 1614 1975 ἡμῶν
1632 1939 1670 1971 ὡς
1688 1940 1716 1966 ὲν
1732 1939 1820 1965 εἰκόσι

1033 1985 1116 2022 ζωὴν,
1131 1986 1163 2013 ὲκ
1178 1985 1225 2012 τοῦ
1237 1985 1308 2012 κατὰ
1323 1985 1367 2011 τὸν
1380 1985 1455 2010 Θείον
1466 1984 1488 2000 ⁵⁸
1502 1983 1626 2019 κρυφίου,
1643 1984 1676 2018 τῇ
1693 1982 1822 2008 παντελεῖ

1033 2032 1080 2059 καὶ
1097 2031 1239 2067 ἀσυγχὺτῳ
1251 2031 1310 2057 καθ’
1325 2031 1397 2066 ἡμᾶς
1409 2029 1610 2066 ὲνανθρωπήσει
1623 2027 1821 2063 φιλανθρώπως

1034 2078 1064 2111 ἐξ
1086 2078 1193 2113 ήμῶν⁸⁷
1222 2077 1455 2112 ειδοτιοιούμενον,
1479 2076 1525 2102 καὶ
1547 2075 1615 2110 πρὺς
1640 2075 1671 2100 τὸ
1693 2073 1821 2110 μεριστὸν

1035 2123 1113 2159 ἡμῶν
1125 2122 1309 2154 ἀναλλοιώτως
1321 2123 1352 2148 ὲκ
1368 2121 1414 2147 τοῦ
1427 2120 1498 2148 κατὰ
1512 2119 1592 2154 φύσιν
1604 2119 1662 2151 ἐνὸς
1679 2118 1819 2154 προϊόντα,

1035 2169 1136 2203 καὶ;διὰ
1146 2169 1195 2205 τῆς
1210 2168 1381 2204 ἁγαθουργοῦ
1392 2167 1493 2202 ταύτης
1507 2165 1710 2201 φιλανθρωπίας
1723 2165 1762 2195 είς
1775 2172 1821 2199 με·

1035 2215 1143 2242 τουσίαν
1154 2214 1250 2241 ἑαυτοῦ
1265 2214 1311 2241 καὶ
1326 2213 1380 2239 τῶν
1396 2213 1503 2239 οἰκείων
1522 2210 1631 2246 ἀγαθῶν
1643 2209 1776 2236 καλοῦντα
1789 2209 1821 2236 τὸ

1036 2259 1202 2296 ἀνθρώπειον
1210 2259 1233 2275 ³⁸
1246 2258 1337 2294 φῦλον,
1351 2258 1430 2293 εἴπερ
1448 2256 1590 2292 ἑνωθῶμεν
1610 2255 1691 2282 αὐτοῦ
1704 2257 1737 2291 τῇ
1751 2255 1822 2282 θειο-

1036 2306 1106 2342 τάτῃ
1127 2306 1194 2341 ζωῇ,
1213 2306 1280 2341 πρὸς
1296 2305 1378 2340 αὐτὴν
1391 2305 1413 2320 ³⁸
1434 2303 1512 2338 ήμῶν
1533 2301 1604 2329 κατὰ
1622 2302 1734 2337 δυνάμιν
1757 2302 1821 2336 ἀφο-

201 2351 333 2380 imitando
347 2361 355 2379 :
369 2360 431 2380 nam
445 2353 484 2380 sic
504 2360 569 2380 vere
587 2356 730 2380 consortes
744 2352 792 2380 Dei
810 2352 978 2380 divinarum-

1035 2351 1157 2388 μοιώσει,
1174 2352 1221 2377 καὶ
1236 2350 1322 2386 ταύτῃ
1333 2349 1400 2385 πρὸς
1417 2348 1544 2384 ἀλήθειαν
1561 2348 1683 2376 κοινωνοὶ
1693 2347 1760 2374 Θεοῦ
1774 2347 1822 2374 καὶ

200 2404 255 2432 quo
270 2405 360 2425 rerum
373 2398 519 2434 participes
535 2398 689 2426 reddemur.

1035 2398 1088 2424 τῶν
1102 2397 1180 2424 θείων
1190 2395 1460 2431 ἀποτελεσθησόμεθα
1467 2396 1491 2411 ⁶⁰
1498 2411 1505 2419 ι

951 2467 966 2505 §
981 2465 1066 2498 xw.

240 2560 352 2597 Sumpta
367 2561 485 2597 denique
501 2570 534 2590 ac
554 2561 651 2589 tradita
672 2561 839 2589 divinissima
861 2567 985 2588 commu-

203 2609 295 2642 nione,
318 2617 370 2636 una
385 2617 447 2636 cum
469 2609 550 2636 totius
571 2608 699 2636 Ecrlesiat
719 2615 795 2635 sacra
817 2606 986 2642 plenitudine

247 2675 334 2704 lLttc.
347 2683 415 2709 χχιι,
427 2676 471 2704 19.

1074 2558 1225 2595 Μετασχὼν
1240 2559 1268 2584 δὲ
1284 2558 1330 2585 καὶ
1349 2559 1478 2594 μεταδοὺς
1495 2559 1544 2594 τῆς
1565 2559 1711 2595 θεᾳρχικῆς
1728 2567 1824 2588 κοινω-

1037 2605 1106 2637 νίας,
1123 2606 1162 2636 εἱς
1185 2603 1359 2640 εὐχαριστίαν
1377 2605 1451 2640 ἱερὰν
1469 2605 1616 2640 καταλήγει
1637 2604 1706 2641 μετὰ
1723 2604 1823 2636 παντὺς

893 2732 1010 2762 vanus
1030 2713 1232 2758 caenosas.

245 2801 268 2838 ⁸7
280 2802 325 2829 τόν
338 2801 368 2829 Ρ.
400 2802 422 2819 ⁸⁸
434 2802 559 2838 πληθύει,
573 2803 624 2830 Ch.
641 2803 669 2830 S.
687 2803 715 2830 P.
731 2803 761 2830 Β.

812 2803 833 2819 ⁸⁹
850 2801 1032 2835 ἀναλλοιὼτῳ,
1047 2799 1142 2835 Μ.

1190 2798 1213 2813 ⁸ο
1228 2795 1361 2832 σώματος,
1376 2795 1406 2824 S-
1427 2796 1456 2823 Β·
1473 2831 1477 2832 ν
1504 2793 1710 2832 ῗίῖἓναίμὲθαι-
1739 2793 1764 2832 ῗ
1777 2794 1827 2832 xi“

209 2836 225 2866 ὕ
247 2828 452 2871 ιέστσταγιριιοξ
466 2828 572 2873 έϊηξρθξς
579 2828 675 2869 αὺτὸν,
735 2828 768 2865 νΙί.
801 2839 824 2854 ³⁸
838 2828 860 2864 is
874 2828 930 2869 Hic,
940 2828 980 2864 VM.
995 2828 1041 2862 Sc.
1079 2834 1102 2849 "
1117 2833 1176 2860 κατ’
1191 2828 1313 2867 ἄκαιρον,
1329 2828 1363 2858 Μ.
1376 2832 1421 2859 Sc.
1457 2831 1480 2847 "
1491 2829 1521 2856 τὸ
1534 2829 1614 2872 θεῖον,
1628 2829 1678 2857 Cll.
1694 2829 1723 2856 S.
1739 2828 1771 2855 P.
1794 2829 1825 2864 Β.

209 2846 287 2889 ιΪη.
300 2873 380 2889 ωε»...
394 2872 471 2889 ι...,τ...
496 2873 517 2889 u
546 2874 580 2889 un
632 2875 654 2889 Is
668 2873 834 2889 ι...ολ,ς.......ι.,
860 2846 894 2889 go
911 2873 930 2889 ι)
979 2873 1001 2889 an
1015 2872 1047 2889 ηδε
1061 2869 1128 2889 mih:
1141 2866 1234 2889 nimim,
1250 2868 1299 2889 tib.
1316 2867 1345 2889 n.
1385 2867 1407 2884 0°
1425 2865 1673 2889 Ἀποτελεσιιατων.
1691 2863 1726 2889 Il.
1742 2863 1788 2889 Sc.

208 2863 239 2890 if
247 2863 287 2905 εις
1015 2872 1048 2904 τῇ
1061 2869 1128 2905 πρὸς
1141 2866 1235 2903 αὐτὴν,
1250 2863 1299 2897 Cb.
1314 2867 1345 2895 D.
1385 2867 1407 2884 °°
1425 2865 1673 2899 ’Δποτελεσμάτων.
1691 2863 1726 2892 Il.
1742 2863 1788 2894 Sc.
