1931 3073
225 139 275 168 851

812 134 841 162 S.
864 132 1014 163 DlONYSll
1037 130 1267 160 AREOPAGl'l‘rE

1796 130 1849 160 κα

222 204 295 230 mus,
310 203 393 231 quam
408 195 443 222 ob
457 195 567 222 causam
583 193 609 220 id
626 192 699 228 quod
719 191 780 219 aliis
794 199 902 227 quoque
917 199 1007 218 sacra-

1061 188 1182 219 τελεταῖς
1201 187 1270 223 αὕτη
1289 182 1487 224 ἰδιοποιήσατο,
1504 185 1552 213 καὶ
1563 185 1685 213 καλεῖται
1704 186 1778 220 ἰδίως
1800 196 1852 215 κοι-

224 242 327 269 mentis
346 247 491 268 commune
503 242 555 271 est,
579 238 644 266 huic
667 238 867 272 approprietur,
885 242 1013 265 vocetur-

222 295 277 323 que
303 287 415 322 proprie
438 285 595 313 communio
610 289 637 311 et
651 286 774 320 synaxis,
793 289 854 312 cum
875 283 1014 318 quodlibet

221 340 437 365 sacramentum,
453 331 510 359 sive
530 331 664 366 baptisma
685 331 743 358 sive
762 331 885 358 ordinem
900 328 1012 362 dixeris,

222 379 304 406 etiam
322 378 387 405 illud
410 378 502 411 utique
525 377 633 410 habeat,
661 383 690 404 ut
713 382 740 404 et
759 381 917 411 congreget,
934 381 963 403 et
979 377 1012 403 ad

222 423 444 450 communionem
459 422 643 457 ultionemque
655 422 767 449 inducat
780 431 786 449 :
803 421 829 448 in
842 421 917 448 omni
929 426 1013 453 ,n‘am-

222 477 276 503 que
294 472 466 496 sacramento
481 467 538 495 huic
553 467 666 495 initiatis
688 467 875 499 conferuntur,
893 473 921 493 ν.
942 474 969 500 ιι.
985 465 1012 493 in

221 513 369 548 baptismo,
391 520 454 540 cum
479 512 531 541 hoc
554 519 662 547 quoque
677 517 876 539 sacramentum
897 511 1011 538 divisam

222 559 343 587 hominis
357 559 452 592 vitam,
468 559 495 586 id
511 564 552 586 est
566 559 736 591 saecularem,
753 563 782 585 et.
805 558 831 584 in
847 557 930 584 multa
953 557 1011 584 dis-

223 611 351 639 tractam,
375 606 409 633 ad
433 604 595 632 uniformem
620 605 724 639 colligit
742 604 953 636 deitlcatimtem,
980 611 1012 631 ac

223 651 373 679 secundum
392 648 442 678 ltoc
458 651 539 678 etiam
553 650 666 686 synaxis
685 649 737 677 dici
762 651 849 684 possit
869 656 877 676 :
900 656 927 677 et
950 657 1011 676 rur-

222 706 294 730 sum,
311 699 337 725 in
361 698 516 726 istiusmodi
542 697 704 725 collectione
725 697 875 724 divisorum
896 697 1012 725 szecula-

222 746 350 780 riumque
366 748 487 772 motuu'm
499 744 532 771 ad
555 752 650 776 unum,-
663 743 768 771 scilicet
778 743 874 776 Deum,
890 751 1013 771 commu-

222 791 332 819 nionem
346 791 488 826 elargitur,
500 796 582 825 atque
595 791 664 818 adeo
677 790 833 818 communio
847 797 899 817 non
913 789 1010 817 imme-

221 838 274 865 rito
301 837 353 865 dici
384 838 480 872 possit.
506 837 561 864 Cur
588 837 690 871 itaqtte,
711 844 831 872 praesens
854 843 1011 864 sacramen-

1064 233 1146 260 νωνία
1160 233 1206 260 καὶ
1219 232 1327 266 σύναξις
1337 252 1344 264 ,
1359 232 1478 267 ἑκάστης
1489 231 1610 266 τελετῆς,
1625 231 1678 259 κᾶν
1687 229 1794 268 τὴντοῦ
1806 233 1851 269 βα-
1872 224 1878 238 ³

1065 279 1215 314 πτισματος
1226 279 1322 310 εἴποις,
1337 277 1391 304 κᾶν
1400 277 1448 313 τὴν
1459 277 1513 303 τῶν
1527 277 1670 313 iege-tt):th
1677 278 1850 311 τελειώσεων,

1063 328 1179 364 ἐχούσης
1194 328 1271 355 τοῦτο
1282 328 1314 363 δὴ
1326 327 1356 355 τὸ
1369 327 1493 362 συναγειν
1510 328 1557 354 καὶ
1569 328 1609 358 είς
1621 328 1762 355 κοινωνίαν
1775 328 1850 363 ἄγειν

1064 376 1110 402 καὶ
1129 368 1235 410 ἕνωσιν]
1254 375 1348 402 ἅπασα
1367 374 1422 409 γὰρ
1437 374 1533 409 τελετὴ
1548 373 1634 400 ταῦτα
1649 373 1775 409 δωρεῖται
1795 376 1850 406 τοῖς

1062 422 1244 457 τελουμένοις,
1256 421 1293 453 ὼς
1307 421 1372 457 φέρε
1384 422 1470 448 εἰπεῖν
1479 421 1529 447 ἐπὶ·
1535 421 1582 448 τοῦ
1595 421 1791 456 βαπτίσματος·
1805 422 1854 448 καὶ·

1063 469 1118 504 γὰρ
1130 470 1146 505 ἡ
1157 469 1268 505 τοιαύτη
1283 468 1378 504 τελετὴ
1389 467 1438 506 τὴν
1457 468 1586 504 μεριστὴν
1604 467 1676 503 ζωὴν
1689 467 1735 494 τοῦ
1749 467 1850 504 ἀνθρὼ-

1064 524 1126 547 που,
1139 515 1259 551 δηλονότι
1274 514 1323 550 τὴν
1337 514 1482 550 κοσμικὴν,
1497 515 1545 540 καὶ
1559 515 1599 545 είς
1619 513 1705 540 πολλὰ
1725 513 1851 549 πληθυνο-

1065 560 1159 596 μένην,
1179 561 1219 592 εἰς
1236 560 1337 595 ὲνοειδῆ
1358 560 1484 593 συνάγειν
1501 560 1607 592 θέωσιν,
1619 560 1666 586 καὶ
1685 559 1756 586 κατὰ
1773 559 1852 586 τοῦτο

1064 606 1173 640 σύναξις
1187 606 1220 633 ἂν
1233 606 1347 640 λέγοιτω
1360 605 1409 635 καῖ)
1424 604 1506 634 πάλιν
1517 605 1545 631 ὲν
1558 607 1590 641 τῇ
1603 604 1715 642 τοιαύτῃ
1727 606 1854 641 συμπτύ-’

1064 652 1103 684 Est
1117 652 1170 679 τῶν
1182 652 1324 688 διαιρετῶν
1342 651 1391 681 καὶ
1408 649 1547 687 κωμικῶν
1565 652 1695 687 κινήσεων
1709 651 1758 687 τὴν
1783 651 1850 687 πρὸς

1061 699 1092 725 τὸ
1104 698 1142 730 ἓν,
1156 698 1202 724 τὸν
1216 698 1281 724 Θεὸν
1294 697 1402 733 δηλαδὴ,
1417 697 1557 724 κοινωνίαν
1573 697 1709 733 δωρεῖται,
1730 697 1783 724 ἰδοὺ
1804 699 1851 728 καὶ

1063 744 1190 771 κοινωνία
1210 744 1259 770 οὐκ
1278 744 1431 775 ἀπεικότως
1447 743 1551 778 λέγοιτο
1566 743 1609 770 ἄν.
1631 744 1689 770 Ἵνα
1708 743 1735 770 τί
1756 743 1849 780 γοῦνή

1063 790 1230 825 προκειμένη
1241 789 1335 825 τελετὴ
1343 790 1396 818 τῶν
1409 789 1537 817 τοιούτων
1547 790 1686 825 ὀνομάτων
1704 789 1775 822 ἰδίως
1791 799 1850 826 μετς

1063 837 1171 873 είληχε;
1185 837 1240 863 Καὶ
1256 837 1355 872 φαμὲν,
1374 837 1414 864 ὅτι
1435 838 1451 873 ἡ
1472 837 1526 864 τῶν
1548 837 1663 864 τελετῶν
1677 837 1789 864 ἐκείνων
1810 846 1850 864 τες

221 889 278 911 tum
295 884 447 911 istiusmodi
462 883 570 910 nomina
595 883 706 918 proprie
727 883 778 910 sibi
800 882 940 910 vindicat?
968 883 1007 910 Di-

1063 883 1171 914 λείωσις
1182 884 1214 909 ὲκ
1223 882 1277 909 τῶν
1293 882 1394 918 ταύτης
1406 882 1514 918 δωρεῶν
1526 883 1593 908 ἐστι·
1608 883 1655 909 καὶ
1667 882 1721 918 γὰρ
1731 883 1781 909 οὐκ
1792 882 1849 909 ἐστι

220 931 317 962 cimus,
348 930 461 957 istorum
485 935 720 957 saerameutorutn
754 928 950 965 perfectionem
975 937 1008 958 ex

219 975 303 1009 hujus
320 975 478 1003 muneribus
494 976 611 1003 existere
628 986 634 1004 :
665 983 726 1002 nam
743 983 796 1003 non
816 975 880 1003 licet
899 975 1009 1010 aliquod

219 1026 422 1048 sacramentqu
442 1021 644 1049 hierarclticum
657 1022 803 1056 perlicere,
817 1021 868 1048 nisi
883 1021 1010 1048 videlicet

219 1066 391 1094 divinissima
408 1067 576 1095 eucharistia
593 1075 654 1095 cum
673 1070 738 1100 uno‘,
760 1068 787 1095 id
802 1072 845 1094 est
859 1068 940 1102 202
956 1069 1010 1094 Deo

219 1113 439 1148 coniunctionem
459 1118 599 1148 operetur;
624 1113 677 1141 hoc
693 1113 766 1141 enim
782 1118 824 1141 est
844 1114 1009 1149 praecipuum

218 1160 291 1193 quod
316 1160 341 1186 iu
365 1159 482 1194 singulis
496 1160 662 1187 celebratur.
678 1159 708 1187 Si
730 1160 822 1194 itaque
835 1160 1008 1194 unumquod-

218 1212 273 1239 que
291 1209 505 1236 sacrameutum,
529 1205 605 1232 hisce
621 1205 760 1240 tnystcriis
781 1204 954 1238 frustratum,
973 1205 1009 1231 sit

218 1251 419 1284 imperfectum.
433 1256 460 1278 et
476 1257 527 1277 nec
545 1251 654 1285 proprie
670 1254 875 1278 sacramentum
892 1250 1007 1283 dicatur,

218 1303 309 1330 neque
328 1303 388 1323 cum
411 1304 464 1323 uno
479 1296 525 1323 illo
546 1297 728 1324 communicet
741 1296 894 1330 copuletve,
911 1296 1009 1324 merito

218 1344 300 1370 etiam
315 1342 377 1369 huic
391 1343 441 1370 soli
458 1343 598 1378 propriutu
610 1343 661 1370 hoc
674 1349 772 1370 nomen
786 1349 919 1379 synaxeos
930 1342 1008 1369 attri-

219 1388 326 1416 buitur.
342 1388 461 1424 Synaxis
485 1395 567 1422 porro
588 1388 699 1415 tuinime
719 1387 893 1422 intelligenda
918 1387 1007 1422 populi

218 1435 406 1470 congregatio,
424 1438 505 1469 prout.
522 1433 604 1468 aliqui
624 1440 696 1461 nunc
716 1433 845 1467 temporis
861 1440 954 1460 vocem
978 1432 1009 1460 il-

219 1481 273 1507 lam
287 1479 435 1514 accipiuut.
451 1479 498 1507 sed
520 1487 581 1506 cum
597 1479 651 1506 Deo
668 1478 824 1513 conjunctio
839 1479 1009 1506 communio-

219 1533 283 1560 que.
300 1525 372 1552 ldetn
385 1531 495 1559 quoque
510 1524 572 1559 quis
584 1524 704 1551 inveniat
717 1524 743 1550 iu
759 1524 844 1551 divini
858 1524 1007 1558 baptisma-

1060 927 1121 956 τινὰ
1136 928 1295 963 τελεσθῆναι
1308 927 1466 967 ίεραρχικὴν
1483 927 1604 963 τελετὴν,
1627 927 1664 962 μὴ
1682 927 1732 962 τῆς
1751 927 1852 954 θειοτά-

1060 982 1109 1009 της
1122 973 1314 1010 Εὑχαριστίας,
1325 973 1374 1008 τῆς
1385 972 1439 1000 τῶν
1453 972 1610 1008 μυστηρίων
1624 971 1735 1008 δηλαδὴ,
1746 973 1850 1009 ἱερουρη

1059 1019 1161 1055 γούοης
1177 1020 1225 1055 τὴν
1243 1020 1288 1046 ἐπὶ
1303 1020 1333 1045 τὸ
1348 1019 1387 1051 ἓν,
1405 1019 1451 1046 τὸν
1462 1019 1528 1045 Θεὸν
1548 1018 1657 1054 δηλαδὴ,
1678 1020 1848 1054 συναγωγήν·

1059 1066 1137 1093 τοῦτο
1153 1067 1207 1102 γάρ
1224 1067 1280 1094 ἐστι
1301 1066 1331 1092 τὸ
1352 1065 1616 1100 κεφαλαιωδέστερον
1637 1066 1684 1091 ἐπὶ
1704 1067 1761 1097 τοῖς
1787 1066 1848 1093 καθ’

1059 1112 1162 1139 ἕκαστα
1183 1111 1363 1147 τελουμένοις.
1375 1111 1407 1137 Εἰ
1427 1111 1516 1139 τοίνυν
1536 1111 1637 1146 ὲκάπη
1655 1110 1709 1137 τῶν
1719 1110 1835 1137 τελετῶν

1060 1158 1262 1193 ἀπολειπομένη
1278 1157 1328 1193 τὴν
1342 1159 1350 1168 ³
1365 1157 1642 1194 μυστηρίων,ἀτελής
1657 1158 1724 1190 ἐστι,
1743 1158 1790 1184 καὶ
1799 1158 1849 1188 οὐκ

1060 1202 1116 1238 ἔχει
1128 1203 1230 1238 κυρίως
1248 1201 1309 1228 οὔτε
1327 1202 1358 1228 τὸ
1373 1201 1468 1238 τελετὴ
1483 1201 1625 1236 λέγεσθαι,
1644 1201 1706 1228 οὔτε
1728 1202 1782 1238 μὴν
1801 1202 1848 1238 τὴν

1060 1247 1128 1283 πρὸς
1144 1247 1174 1273 τὺ
1189 1247 1217 1274 ἓν
1233 1246 1374 1276 κοινωνίαν
1389 1247 1435 1274 καὶ
1448 1246 1566 1280 σύναξιν,
1581 1247 1694 1279 εἰκότως
1705 1247 1790 1284 ταύτῃ
1802 1249 1849 1278 καὶ

1062 1293 1131 1330 μόνῃ
1143 1293 1292 1322 ἐπιτίθεται
1304 1294 1320 1329 ὴ
1332 1294 1413 1329 κυρία
1422 1294 1562 1329 ἐπωνυμία
1573 1294 1622 1329 τῆς
1630 1294 1776 1327 συνάξεως.
1785 1293 1848 1320 Σύν-

1060 1338 1121 1371 αξιν
1132 1339 1160 1365 δὲ
1174 1339 1283 1375 νοητέον
1311 1340 1342 1367 οὺ
1356 1340 1405 1376 τὴν
1422 1339 1469 1366 τοῦ
1487 1338 1552 1366 λαοῦ
1563 1360 1569 1371 ,
1593 1339 1685 1372 καθὼς
1705 1339 1754 1375 τὴν
1776 1339 1848 1372 λέξιν

1058 1384 1130 1415 τινὲς
1139 1385 1258 1420 σήμερον
1266 1384 1489 1420 ἑκλαμὸάνονται,
1499 1383 1566 1410 ἀλλὰ
1574 1384 1622 1420 τὴν
1632 1384 1698 1419 πρὸς
1711 1383 1777 1410 Θεὸν
1790 1392 1849 1409 συν-

1059 1431 1170 1466 αγωγὴν
1191 1431 1238 1458 καὶ
1264 1431 1414 1461 κοινωνίαν.
1435 1430 1527 1463 υῦτως
1546 1430 1620 1466 εὕροι
1634 1439 1675 1462 τις
1688 1429 1721 1456 ἂν
1737 1429 1784 1456 καὶ
1802 1430 1850 1459 ἐπὶ

1058 1481 1109 1516 τῆς
1126 1481 1235 1517 τελετῆς
1254 1481 1301 1507 τοῦ
1321 1481 1393 1507 Θείου
1414 1481 1610 1517 βαπτίσματος·
1628 1481 1674 1507 καὶ
1687 1479 1741 1516 γὰρ
1759 1480 1807 1506 καὶ
1819 1481 1848 1506 αι

1060 1527 1138 1554 ἄλλαι
1152 1527 1298 1562 φαντίςουσι
1310 1526 1425 1560 τελεταὶ,
1440 1526 1496 1553 ἀλλ’
1513 1526 1587 1561 ὅμως
1601 1525 1688 1563 ταύτῃ
1700 1526 1773 1558 ιδίως
1785 1526 1849 1552 ἐπες

219 1571 254 1598 tis
270 1575 441 1598 sacramento
460 1579 466 1596 :
483 1578 545 1597 natu
563 1569 627 1597 licet
640 1569 693 1596 alia
707 1577 814 1605 quoque
834 1574 1005 1597 sacratuenta

1059 1572 1121 1608 τέθη
1131 1571 1162 1599 τὸ
1179 1572 1264 1607 ὄνομα
1276 1571 1323 1598 τοῦ
1344 1571 1527 1607 φωτίσματος,
1542 1571 1586 1598 διὰ
1605 1571 1635 1597 τὸ
1656 1569 1725 1598 εἶναι
1745 1570 1849 1606 ταύτην

218 1616 384 1649 illuminent,
397 1615 460 1643 huic
476 1620 566 1642 tatnen
584 1616 692 1650 proprie
705 1623 801 1642 nomen
815 1615 866 1642 hoc
885 1614 1005 1642 illustra-

219 1662 303 1689 tiottis
315 1661 471 1696 intpositutn
485 1665 535 1693 est,
554 1661 627 1698 quod
643 1661 762 1687 omnium
778 1660 930 1688 divinarum
945 1659 1005 1687 illu-

218 1708 380 1735 stratiouum
404 1707 568 1742 principium
589 1707 701 1734 existat.
740 1705 807 1732 Nam
825 1705 875 1732 nisi
887 1706 948 1740 quis
963 1706 1005 1733 di-

217 1754 281 1781 vino
303 1753 468 1789 baptismate
491 1753 573 1781 fuerit
589 1753 724 1785 initiatus,
745 1752 920 1788 ejusdemque
942 1752 1004 1780 illu-

219 1800 350 1827 stratione
373 1800 470 1836 dignus
491 1801 528 1827 sit
551 1800 670 1832 habitus,
687 1807 741 1826 non
774 1803 862 1834 potest
893 1799 1005 1826 alterius

219 1847 369 1881 cuiuspiam
404 1846 596 1875 illustratiouis
628 1846 925 1881 particepsexistere.
957 1844 1005 1874 His

219 1891 319 1925 dictis,
353 1893 558 1920 consideremus
595 1893 682 1927 ipsam
722 1892 803 1926 hujus
840 1892 1003 1920 sacramenti

1057 1617 1153 1645 πασῶν
1167 1617 1222 1644 τῶν
1235 1618 1314 1644 θείων
1325 1617 1512 1655 φωταγωγιῶν
1528 1618 1625 1653 ἀρχήν.
1645 1617 1676 1644 El
1687 1616 1741 1651 γὰρ
1757 1617 1795 1652 μὴ
1807 1625 1848 1643 τε-

1056 1662 1164 1698 λεσθείη
1173 1671 1217 1694 τις
1229 1662 1267 1698 τῷ
1278 1662 1342 1700 θείῳ
1356 1662 1533 1698 βαπτίσματι,
1547 1663 1593 1689 καὶ
1603 1662 1650 1688 τοῦ
1662 1661 1787 1688 ἐντεῦθεν
1795 1669 1843 1695 (ξω

1055 1709 1154 1744 τισμοῦ
1165 1708 1356 1745 καταξιωθείη,
1367 1708 1517 1735 οένδύναται
1529 1708 1609 1736 ἄλλου
1620 1708 1691 1740 τινὸς
1704 1707 1847 1743 φωτισμοῦ

1057 1755 1172 1791 μετοχὴν
1191 1755 1326 1788 δέξασθαι.
1343 1754 1436 1781 Ταῦτα
1458 1754 1598 1787 εἰπόντες,
1622 1754 1774 1789 κατίδωμεν
1793 1755 1842 1790 μὲν

1056 1802 1125 1833 τέως
1138 1802 1186 1838 τὴν
1205 1801 1254 1837 τῆς
1275 1801 1402 1837 τοιαύτης
1418 1801 1527 1836 τελετῆς
1543 1800 1705 1836 ἱερουργίαν,
1724 1800 1847 1836 δηλονότι

1058 1847 1132 1879 ὅπως
1146 1839 1262 1873 τελεῖται
1273 1847 1303 1874 τὸ
1319 1848 1466 1883 μυστήριον
1477 1846 1526 1882 τῆς
1541 1846 1685 1879 συνάξεως,
1700 1846 1846 1882 μετέπειτα

1058 1892 1086 1923 δὲ
1103 1892 1137 1921 τὰ
1149 1893 1198 1928 τῆς
1216 1893 1332 1928 θεωρίας
1349 1893 1547 1929 ὲρευνήσωμεν.

218 1940 465 1973 consecrationem,
490 1940 627 1975 quomodo
648 1938 773 1966 videlicet
798 1938 957 1974 mysterium
985 1945 1120 1977 synaxeos
1159 1940 1328 1974 celebretur;
1363 1939 1459 1967 deinde
1497 1947 1562 1966 vero
1588 1937 1844 1972 contemplationem.

218 1985 275 2021 ejus
290 1986 459 2020 indagemus.

429 2033 461 2061 ll.
484 2033 512 2060 Μ
515 2033 641 2069 ysterium
652 2041 792 2068 synauos.

254 2080 403 2107 Hierarclta
422 2086 528 2113 precem
546 2086 654 2105 sacram
675 2079 762 2113 (illum
780 2079 890 2113 inquam
907 2077 1005 2105 introi-

219 2128 289 2160 tum)
304 2127 338 2152 ad
356 2126 442 2152 altare
456 2125 608 2156 celebrans,
624 2130 651 2151 et
675 2124 708 2151 ab
729 2124 848 2157 ejusdem
871 2124 1005 2151 sufﬁtione

220 2173 327 2199 initium
354 2171 471 2203 iaciens,
495 2171 651 2197 universam
680 2171 770 2205 templi
793 2171 924 2197 ambitum
951 2171 1005 2197 cir-

1244 2034 1277 2060 Π.
1298 2035 1382 2061 Μυσῑ
1387 2033 1471 2068 ήριον
1487 2032 1651 2066 συνάξεωςμ

1100 2080 1128 2106 Ὁ
1145 2080 1192 2115 μὲν
1209 2080 1349 2116 ἱεράρχης,
1367 2080 1450 2115 εὐχὴν
1464 2079 1539 2115 ἱερὰν
1554 2079 1628 2111 ἐντὸς
1643 2078 1689 2110 τοῦ
1702 2078 1849 2116 θυσιαστη-

1059 2126 1115 2162 ρίου
1133 2127 1323 2162 ποιησάμενος,
1349 2126 1442 2160 (αὺτὸν
1464 2125 1495 2161 δὴ
1514 2123 1590 2161 οἶμαι
1613 2125 1657 2152 τὸν
1676 2125 1845 2160 εὑλσγητόν,)

1057 2173 1104 2199 καὶ
1118 2173 1146 2206 ἐξ
1157 2173 1240 2198 αὐτοῦ
1251 2172 1298 2199 τοῦ
1318 2172 1417 2207 θυμιᾷν
1428 2171 1588 2207 ἀρξάμενος,
1603 2171 1779 2207 περιέρχεται
1795 2173 1837 2198 πᾶ

219 2217 297 2244 cuit:
321 2217 418 2243 cximle
449 2223 556 2243 rursum
579 2216 612 2242 ad
634 2215 755 2242 divinum
773 2215 861 2242 altare
887 2214 1002 2246 rediens,

1059 2227 1108 2246 σαν
1119 2219 1169 2246 τὴν
1184 2219 1312 2254 περιοχὴν
1323 2217 1369 2244 τοῦ
1383 2217 1456 2244 ναοῦ·
1471 2216 1539 2249 εἶτα,
1554 2217 1689 2249 ἀναλύσας
1704 2217 1786 2244 πάλιν
1797 2217 1848 2245 ἐπὶ

219 2270 271 2289 una
287 2270 348 2289 cum
363 2262 424 2289 aliis
443 2261 504 2288 iutit
524 2261 689 2295 psalmorum
707 2260 811 2287 tuelos:
831 2266 923 2295 postea
941 2268 1004 2286 vero

221 2317 270 2344 per
284 2311 398 2336 tectores
423 2309 484 2343 (hos
512 2307 626 2341 liturgos
646 2306 735 2341 vocat)
757 2306 908 2333 divinarum
929 2306 1003 2334 Scri-

219 2361 370 2390 pturarunt,
390 2359 419 2380 ut
435 2353 638 2388 Prophetiarutn
651 2372 658 2384 ,
684 2352 798 2386 apostoli
816 2357 842 2379 et
866 2352 1002 2386 Evangelii

220 2400 306 2428 divini
325 2400 404 2427 lectio
419 2400 564 2427 recitatur:
581 2406 633 2432 qua
650 2398 736 2430 linita,
752 2399 938 2425 catechumeui
959 2406 1004 2424 ar-

219 2452 324 2476 centur,
351 2450 377 2471 ct
404 2449 466 2471 autc
488 2444 536 2470 hos
560 2443 747 2476 euerguuteui,
772 2443 815 2476 qui
838 2444 964 2470 nimirum
989 2452 1003 2470 a

218 2492 387 2518 dammnibus
409 2490 580 2519 iulestantur,
594 2494 620 2515 et
635 2489 816 2522 pamitcutes;
833 2494 941 2516 tttauent
957 2498 1005 2515 au-

219 2545 272 2564 tem
289 2538 333 2571 qui
358 2536 429 2570 tligui
453 2541 525 2563 sunt.
543 2535 628 2562 Porro
646 2543 661 2562 e
681 2536 797 2568 liturgis,
830 2535 1002 2561 subdiaconi-

218 2583 268 2609 bus
282 2583 402 2616 inquam,
418 2581 461 2607 alii
477 2581 583 2615 quidem
602 2581 674 2608 fores
691 2581 856 2612 custodiunt,
878 2581 922 2607 alii
939 2588 1003 2608 vero

219 2629 290 2655 aliud
319 2628 457 2661 quidpiam
483 2631 582 2659 agutit;
605 2626 650 2659 qui
673 2631 761 2652 autent
785 2626 906 2660 primat-ii
930 2631 1001 2657 sunt,

218 2676 323 2703 scilicet
337 2676 457 2705 diaconi,
473 2681 524 2699 una
547 2680 608 2699 cum
622 2672 808 2699 sacerdotibus
822 2673 913 2699 divino
925 2672 1002 2699 altari

217 2730 314 2757 panem
330 2727 448 2752 sacrum,
464 2724 490 2747 et
505 2719 616 2745 calicem
635 2719 833 2746 benedictionis
850 2720 1002 2754 imponunt,

217 2774 244 2794 et
257 2768 353 2794 deinde
376 2766 530 2793 communis
552 2765 724 2800 hymnologia
742 2766 897 2800 profertur;
920 2765 1002 2792 habe-

217 2814 283 2842 bant
302 2814 374 2840 euiut
391 2816 472 2842 et‘am
485 2819 539 2842 tum
558 2814 665 2849 aliquod
684 2814 874 2842 documentum
891 2819 921 2839 ac
940 2811 1001 2839 ﬁdei

244 2863 255 2874 ’
271 2861 343 2894 ἴσως
356 2859 418 2887 τῶν.

1059 2265 1089 2291 τὸ
1100 2264 1169 2291 θεῖον
1179 2264 1381 2300 Θυσιαστήριον,
1391 2263 1543 2299 ἀπάρχεται
1556 2263 1625 2298 μετὰ
1633 2263 1686 2289 τῶν
1693 2263 1780 2290 ἄλλων
1791 2263 1844 2298 τῆς

1055 2310 1221 2345 ψαλμῳδίας·
1244 2310 1307 2345 ἑξῆς
1325 2309 1354 2336 δὲ
1371 2308 1415 2335 διὰ
1441 2309 1494 2335 τῶν
1515 2308 1693 2342 ἀναγνωστῶν
1713 2308 1845 2343 (τούτους

1055 2356 1108 2392 γὰρ
1116 2356 1188 2390 λέγει
1201 2354 1382 2391 λειτουργοὺς)
1394 2355 1448 2381 τῶν
1468 2355 1547 2381 θείων
1566 2354 1694 2390 Γραφῶν,
1711 2354 1766 2381 τῶν
1778 2363 1848 2390 προ-

1056 2401 1184 2438 φητειὼν,
1197 2401 1243 2428 τοῦ
1266 2401 1438 2433 Ἀποστόλου,
1461 2400 1508 2429 τοῦ
1525 2400 1598 2427 θείου
1611 2400 1777 2434 Εὑαγγελίου
1788 2419 1795 2432 ,
1825 2401 1842 2435 ἠ

1055 2449 1204 2483 ἀνάγνωσις
1221 2447 1335 2481 γίνεταιθ
1351 2446 1420 2482 μετὰ
1431 2447 1518 2473 ταῦτα
1532 2446 1705 2472 ὲκϐάλλονται
1723 2446 1746 2471 οἱ
1758 2453 1843 2480 κατη-

1054 2493 1196 2529 χούμενοι,
1217 2493 1269 2529 πρὸ
1290 2494 1391 2520 τούτων
1405 2493 1429 2518 οἱ
1449 2491 1657 2528 ὲνεργούμενοι,
1674 2490 1799 2526 δηλονότι,
1815 2492 1843 2522 nl

1053 2538 1231 2574 δαιμονῶντες
1243 2558 1249 2569 ,
1263 2538 1344 2564 κοιὶοί
1364 2539 1391 2564 ἐν
1413 2539 1541 2573 μετανοίᾳ.
1555 2538 1639 2570 ὀντες,
1654 2537 1762 2572 μένουσι
1773 2537 1802 2563 δὲ
1816 2537 1842 2566 οὶ

1053 2584 1133 2616 ἄξιοι.
1162 2583 1226 2609 Ἀπὸ
1238 2583 1265 2608 δὲ
1278 2582 1332 2609 τῶν
1344 2582 1519 2617 λειτουργῶν,
1534 2582 1604 2617 φημὶ.
1626 2581 1679 2608 τῶν
1700 2581 1842 2608 ὑποδιακό-

1053 2639 1115 2662 νων,
1133 2631 1157 2656 οἱ
1176 2630 1224 2664 μὲν
1235 2629 1284 2660 τὰς
1301 2628 1387 2660 πύλας
1400 2629 1587 2663 φυλάσσουσιν,
1601 2628 1625 2658 oi
1635 2627 1662 2653 δὲ
1677 2627 1740 2654 ἀλλο
1751 2635 1779 2652 τι
1786 2626 1844 2653 δια-

1054 2678 1227 2713 πράττονται·
1243 2677 1267 2702 οἱ
1280 2676 1306 2702 δὲ
1321 2676 1450 2710 ἔκκριτοι,
1463 2675 1582 2710 δηλονότι
1600 2675 1624 2701 οἱ
1639 2674 1768 2706 διάκονοι,
1791 2675 1842 2700 σὺν

1053 2724 1107 2754 τοῖς
1126 2722 1242 2757 ἱερεῦσιν
1261 2722 1306 2747 ἐπὶ
1323 2721 1369 2747 τοῦ
1387 2721 1458 2747 θείου
1482 2721 1673 2755 θυσιαστηριου
1689 2719 1735 2746 τὸν
1756 2719 1841 2754 ἄρτον

1053 2767 1219 2804 προτιθέασι,
1234 2767 1281 2794 καὶ
1292 2767 1322 2793 τὸ
1333 2768 1382 2802 τῆς
1397 2766 1519 2801 εὐλογίας
1528 2767 1664 2801 ποτήριον,
1683 2766 1730 2792 καὶ
1741 2765 1842 2791 ἔπειτα

1053 2814 1274 2850 προομολογεῖται
1285 2814 1301 2848 ἡ
1312 2812 1387 2848 κοινὴ
1399 2812 1551 2847 ὐμνολογία.
1565 2810 1644 2847 Εἶχον
1653 2820 1707 2848 γαρ
1717 2812 1765 2839 καὶ
1776 2811 1842 2840 τότε
