1931 3073
99 151 155 179 ἆῦὂ

362 151 407 180 ΒΕ
422 144 562 180 ECCLES.
581 150 779 183 HIERARCH..
808 151 886 179 CAP.
906 151 950 179 lll.
967 166 1000 171 —
1021 149 1196 179 PARAPllR.
1216 149 1448 180 PACHYMEM.

1666 152 1720 183 454

66 197 71 236 λ
101 209 218 245 μάθημά
229 218 256 236 τι
266 209 313 236 καὶ
321 209 491 245 συμμάθημα
500 209 626 241 πίστεως.
639 209 710 244 Πρὸς
721 206 761 240 οἷς
775 210 790 235 ό
802 209 882 244 ἰεράρ

943 207 1150 237 institutionem.
1167 208 1207 235 Ad
1224 208 1280 236 haec
1304 209 1439 243 pontifex,
1461 216 1568 238 sacram
1590 213 1723 247 peragens

58 268 62 271 λ
99 264 161 291 χης,
175 255 257 290 εὐχήν
274 255 465 290 ποιησάμενος,
477 255 526 290 τήν
538 255 648 290 εἰρήνην
665 254 826 289 διαγγέλλει,
846 254 889 290 δη-

99 301 187 327 λονότι
197 300 354 335 τρε-Εἰρήνη
362 299 447 327 πᾶσι·
455 301 502 327 ’καὶ
517 300 596 332 εὐθὺς
608 300 819 336 ἀσπασαμένων,
827 301 892 327 ἀνα-

98 345 276 380 γινώσκονται
292 346 326 372 τὰ
334 345 459 381 δίπτυχα.
472 346 526 373 Kal.
542 345 705 381 νιψαμένων,
720 346 734 372 ὁ
745 346 885 382 ίεράρχης,

100 391 183 426 μέσον
201 392 353 427 ἱστάμενος,
367 391 423 426 ἔχει
435 392 661 428 περιισταμένους
672 392 885 424 κὰκείνουςτοὺς

97 437 154 463 τῶν
164 436 327 472 λειτουργῶν
338 437 491 473 ἐκκρίτους,
503 438 550 464 καὶ
562 438 694 473 ὑμνήσας,
706 438 842 473 ίερουργεῖ
851 437 886 463 τὰ

99 481 236 514 θειότατα,
250 483 296 509 καὶ
306 483 352 509 ὑπ’
364 482 425 515 ὄψιν
436 483 496 516 ἄγει
505 482 540 509 τὰ
555 483 707 518 ὺμνημένα,
720 482 883 518 σαφηνίζων,

96 528 137 560 ὼς
159 527 277 564 Χριστοῦ
296 530 349 555 είσι
364 528 400 555 τὰ
419 528 530 556 τοιαῦτα
547 528 678 564 σύμϐολα·
700 529 741 556 ὃτι
764 528 834 564 μετὰ
854 529 885 555 τὸ

97 574 205 601 δεῖπνον
227 574 316 601 λαϐὼν
334 575 426 610 ἄρτον,
448 575 494 601 xal.
508 574 544 601 τὰ
564 574 640 610 ’ἑξῆς-
664 575 711 601 καὶ
734 575 774 601 ὅτι
795 574 884 601 ΊὈῦτο

97 619 208 646 ποιεῖτε
223 621 266 652 εἰς
277 619 334 653 τὴν
349 619 426 654 ἐμὴν
438 618 615 654 ἀνάμνησιν.
638 619 823 646 ’Υποδείκνυσι
845 619 882 651 δὲ,

97 666 182 701 ἤγουν
199 665 295 700 ἀνυψοῖ
307 665 379 697 τότε,
393 665 658 700 ἀποκαλυπτομὲνων
668 664 722 692 τῶν
743 664 883 698 παναγίων

97 711 193 747 δώρων
203 711 270 747 μετὰ
288 711 337 743 τὰς
352 711 443 746 εὐχὰς,
463 711 595 746 μενόντων
621 710 649 738 δὲ
668 710 883 746 κεκαλυμμένων

98 758 151 789 ἕως
163 757 260 792 καιροῦ
282 757 467 793 μεταλήψεως.
481 756 558 784 Μετὰ
568 756 654 783 ταῦτα
667 756 747 788 αὑτός
758 765 787 782 τε
801 764 883 791 μετα-

96 803 242 838 λαμϐάνει,
259 803 377 835 καὶτοὺς
390 803 484 835 ἄλλους
492 803 685 838 προτρέπεται.
695 802 845 837 Μετασχὼν
854 802 882 828 δὲ

98 850 147 876 καὶ
162 849 303 884 μεταδοὺς,
316 850 356 881 εὶς
370 849 543 885 εὐχαριστίαν
551 849 708 884 καταλήγει.
722 850 776 876 Καὶ
791 849 882 876 πολλοὶ⁴

939 254 1135 287 precationem,
1145 260 1240 288 pacem
1263 257 1436 289 apprecatur,
1462 254 1577 284 dicendo
1599 250 1722 286 scilicet:

936 299 998 327 Pax
1010 300 1145 330 omnibus;
1185 299 1303 334 dumque
1329 295 1402 328 illico
1430 308 1460 328 se
1484 301 1612 333 salutant.
1638 310 1723 331 sacrm

939 338 1036 371 tabulae
1049 344 1208 372 recitantur.
1222 343 1255 371 Et
1271 349 1411 379 postquam
1424 345 1473 372 loti
1487 352 1560 379 sunt,
1578 347 1721 376 hieran-lis

937 397 1013 417 stans
1026 390 1052 417 in
1065 390 1153 417 medio
1165 390 1283 417 selectos
1295 389 1353 417 illos
1364 390 1491 418 diaconos
1503 392 1554 419 sibi
1570 392 1648 420 habet
1658 394 1722 421 assi—

937 440 1047 466 stcntes,
1058 434 1212 469 liytnnoque
1225 435 1296 462 dicto
1310 435 1478 462 divinissima
1494 436 1573 472 203
1582 443 1723 466 consecrat

936 485 1116 512 sacramenta,
1144 486 1171 508 et
1188 480 1238 508 sub
1252 486 1391 516 aspectum
1415 477 1488 509 ducit
1515 490 1547 509 ea
1567 490 1627 518 quae
1649 483 1722 512 cele-

935 527 1011 554 brata
1036 531 1115 559 sunt,
1138 525 1282 554 declarans
1306 534 1337 554 ea
1359 527 1459 554 (lliristi
1490 535 1551 556 esse
1589 529 1723 563 syutbola,

934 575 1062 608 quoniam
1091 578 1153 609 post
1180 581 1286 602 ccenam
1319 572 1423 608 accepto
1458 583 1525 610 pane
1545 580 1579 608 P,
1604 581 1632 603 et
1662 578 1725 612 qusi

934 624 1092 652 sequuntur.
1122 619 1185 646 Item
1217 628 1224 646 ς
1247 618 1305 646 Hoc
1331 616 1411 650 facile
1437 621 1465 647 in
1492 629 1576 649 uisam
1609 629 1708 649 eamme

934 666 1106 693 morationem
1122 670 1146 692 (1.
1160 665 1285 693 Ostendit
1307 670 1409 699 autem,
1433 667 1458 693 id
1478 671 1532 700 est,
1561 672 1626 695 tunc
1651 668 1726 696 dele;

933 716 976 738 cta
993 716 1086 739 sancta
1105 712 1173 739 dona
1198 716 1258 746 post
1283 719 1377 747 preces
1405 713 1504 741 attollit
1538 722 1584 742 seu
1617 714 1723 748 elevat,-

933 757 967 785 tle
977 762 1077 784 caetero
1093 762 1163 785 tecta
1180 757 1291 786 tnaneui
1314 766 1400 793 usque
1414 759 1447 786 ad
1469 764 1574 795 tempus
1589 761 1723 796 sumptio-

933 803 985 831 uis.
1007 803 1112 839 Exinde
1145 803 1328 832 communicat
1352 806 1411 841 ipse
1426 825 1434 838 ,
1463 805 1585 840 aliosque
1611 807 1721 835 invitat.

933 849 1053 884 Accepta
1067 850 1183 885 denique
1196 851 1312 886 dataque
1322 852 1521 886 communione,
1533 853 1561 880 in
1574 854 1723 889 gratiarum

100 895 150 930 μὲν
164 897 204 927 είς
215 896 282 931 μόνα
297 895 332 922 τὰ
347 896 406 922 θεῖα
420 895 627 931 παρακύπτουσι
643 895 773 931 σύμϐολα,
788 896 835 923 ἆτε
848 895 882 931 μὴ

938 894 1070 923 actionem
1094 895 1203 924 desinit.
1222 895 1342 931 Cumque
1367 897 1492 932 plerique
1508 897 1598 926 divina
1619 901 1724 928 tantum'

97 940 240 976 δυνάμενοι
256 941 418 977 ὑψηλότερόν
432 950 457 968 τι
476 941 610 976 ἐννοῆσαι·
623 941 703 973 αὐτὸς
719 941 746 968 δὲ
766 942 780 967 ὁ
798 942 886 977 ἱεράρ·

97 995 149 1022 χης
161 986 229 1022 πρὸς
248 987 339 1014 ἐκεῖνα
355 987 391 1014 τὰ
411 987 575 1023 πρωτότυπα
595 986 659 1013 αὺτδ
677 986 764 1015 τὸτοῦ
781 987 884 1023 Κυρίου

97 1033 188 1068 τίμιον
202 1033 281 1068 σῶμα
293 1034 340 1060 καὶ
350 1031 429 1068 αἷμα,
441 1033 581 1067 ἀνάγεται,
589 1032 734 1065 πιστεύων,
743 1033 782 1059 δτι
795 1032 886 1060 καὶτὰ

98 1079 266 1114 προκείμενα
290 1080 330 1111 είς
354 1080 444 1106 ἐκεῖνα
465 1078 668 1115 μετεϐλήθησαν
686 1079 726 1115 τῷ
742 1079 811 1115 ἁγίῳ
837 1080 885 1106 καὶ

98 1123 260 1160 παντουργῷ
270 1124 417 1160 Πνεῦματι.

401 1194 447 1221 Ill.
466 1195 584 1229 Θεωρία.

135 1261 150 1298 §
167 1262 187 1289 Ι.
211 1262 271 1289 Ἐπὶ
288 1262 337 1298 τὴν
350 1263 466 1298 θεωρίαν
485 1263 535 1299 ήδη
557 1262 726 1298 μεταϐαίνων
741 1263 797 1291 τῶν
812 1264 883 1291 κατὰ

98 1308 207 1340 σύναξιν
219 1308 396 1344 τελουμένων,
410 1309 478 1345 ὅπερ
495 1309 540 1336 ἐπὶ
552 1308 598 1335 τοῦ
615 1310 764 1346 μυστηρίου
775 1310 823 1338 τοῦ
831 1319 885 1345 φω-

96 1352 228 1389 τίσματος
241 1355 374 1389 πεποίηκε
385 1374 392 1386 ,
405 1354 453 1381 καὶ
466 1355 529 1387 τοὺς
547 1355 723 1387 ἀτελειώτους
736 1354 775 1381 ἔτι
786 1354 884 1390 ἐψυχα-

96 1400 181 1434 γώγει
188 1400 232 1427 διὰ
239 1401 288 1436 τῆς
299 1401 430 1437 αἰσθητῆς
441 1401 495 1428 τῶν
508 1401 648 1436 συμϐόλων
656 1401 801 1433 ποικιλίας·
813 1400 883 1427 οὓτω

96 1446 145 1472 καὶ
158 1445 275 1473 ἐνταῦθα
292 1447 363 1473 ποιεῖ
372 1447 411 1478 εἰς
427 1446 602 1481 ψυχαγωγίαν
617 1446 672 1473 τῶν
682 1447 722 1473 ἔτι
734 1446 883 1482 τελειουμέ-

96 1499 151 1517 νων
162 1490 210 1517 καὶ
220 1491 250 1517 οὐ
264 1491 318 1517 τῶν
335 1491 445 1518 τελείων
459 1492 631 1527 ἐναρμόνιον,
648 1491 767 1527 δηλονότι
785 1494 884 1528 προσή-

96 1545 198 1563 κουσαν
212 1538 244 1572 τῇ
255 1537 366 1572 δυνάμει
381 1537 431 1572 τῆς
443 1537 532 1564 αὐτῶν
541 1538 632 1571 ἕξεως.
645 1539 784 1565 Ποικιλίαν
796 1539 824 1566 δὲ
837 1540 884 1566 καὶ

98 1579 222 1607 σύνθεσιν
238 1580 282 1607 διὰ
304 1581 443 1617 συμϐόλων
464 1582 546 1617 λέγει.
574 1583 649 1610 Ἐπεὶ
665 1583 718 1619 γὰρ
745 1584 760 1620 ή
784 1583 883 1620 θεωρία

95 1625 170 1660 ἁπλῆ
190 1626 237 1652 καὶ
251 1625 355 1658 ένιαία,
379 1626 491 1658 εἰκότως
509 1627 544 1654 τὰ
562 1626 683 1662 σύμϐολα
701 1627 820 1655 ποικιλία
836 1629 883 1655 καὶ

97 1670 234 1702 σύνθεσις·
261 1672 285 1698 el
309 1671 364 1707 γὰρ
387 1673 443 1704 τοῖς
468 1673 611 1708 συμϐόλοις
637 1674 816 1710 προσέχοντες
833 1675 883 1701 οὐκ

96 1717 189 1753 ἔχουσι
204 1717 254 1753 τὴν
273 1718 375 1745 ἑνιαίαν
392 1719 438 1745 καὶ
451 1719 539 1754 ἁπλῆν
552 1719 661 1753 γνῶσιν·
674 1719 731 1746 ἀλλ’
743 1720 830 1752 ἄλλως
842 1720 883 1748 ἄλ-

95 1762 143 1794 λος
150 1763 257 1797 ἀνάγει,
271 1763 357 1795 ἄλλως
371 1763 449 1795 ἄλλος
464 1763 498 1790 τὰ
511 1764 561 1799 τῆς
576 1763 738 1800 ἀλληγορίας
749 1764 832 1799 λέγει,
843 1766 882 1797 ὡς

96 1807 233 1843 βούλεται.
246 1809 306 1835 Εἰσὶ
316 1809 338 1836 δ’
350 1809 457 1842 οἵτινες,
469 1810 516 1836 καὶ
528 1811 584 1841 τοῖς
597 1809 739 1845 συμϐόλοις
750 1810 883 1837 ἐναπολει-

95 1853 222 1888 φθέντες,
231 1853 292 1881 καθ’
304 1853 388 1886 αὐτὰς
396 1856 405 1865 “
417 1854 570 1890 ἐκδέχονται
582 1854 617 1881 τὰ
628 1855 696 1891 ὑπὲρ
711 1856 818 1887 αὐτοὺς,
836 1855 883 1882 καὶ

94 1899 202 1935 ψευδῶς
211 1899 361 1927 ὑπονοοῦσι·
375 1900 456 1927 καθ“ὂ
467 1900 498 1936 δὴ
509 1900 604 1935 ψεῦδος
612 1902 659 1928 καὶ
671 1901 825 1937 μερίζονται
837 1902 883 1928 καὶ

94 1946 290 1974 ποικίλλονται.
310 1946 441 1973 Ἐνταῦθα
462 1947 526 1981 γοῦν
539 1955 620 1982 φησιν
631 1948 756 1983 ὁΠατήρ·
776 1948 820 1980 Ὠς
828 1948 881 1975 οὐδ’

95 1992 166 2027 αὑτὴ
184 1993 201 2028 ή
214 1992 322 2028 ποικίλη
330 1991 374 2018 διὰ
382 1991 522 2027 συμϐόλων
536 1992 659 2024 σύνθεσις
672 1992 783 2028 ἀνόητος
795 1993 883 2028 ὑπάρ-

94 2048 139 2075 χει
153 2040 208 2070 τοῖς
219 2038 401 2074 τελουμένοις,
412 2039 460 2066 καὶ
475 2039 555 2076 μέχρι
572 2039 627 2066 τῶν
644 2039 779 2075 αἰσθητῶν
791 2048 883 2074 φαινο-

97 2084 168 2120 μένη
184 2084 272 2120 μόνον·
286 2086 314 2111 αἱ
331 2084 385 2121 γὰρ
394 2084 561 2120 ἀναγνώσεις
572 2085 626 2112 τῶν
637 2085 743 2120 λογίων,
757 2086 822 2112 ὅπου
836 2085 883 2113 καὶ

94 2130 240 2165 ἀναγωγὴν
251 2130 301 2156 οὐκ
313 2128 394 2166 εἶχον,
403 2130 574 2158 διδασκαλίαν
590 2131 716 2166 ἐναρέτου
730 2131 801 2166 ζωῆς
815 2132 883 2167 ὑφη-

93 2174 206 2208 γοῦνται
223 2175 269 2201 καὶ
285 2175 473 2211 ἀποκάθαρσιν
485 2175 534 2210 τῆς
547 2176 655 2207 κακίας.
670 2176 702 2202 Ἠ
713 2176 741 2203 δὲ
749 2176 823 2211 κοινὴ
836 2176 883 2203 καὶ

94 2220 152 2246 ἀπὸ
171 2219 216 2246 τοῦ
233 2220 312 2247 αὑτοῦ
333 2220 414 2256 ἄρτου
436 2221 482 2248 καὶ
506 2222 634 2257 ποτηρίου
654 2222 792 2257 μετάδοσις
815 2223 881 2258 ὀμο-
895 2238 919 2267 D

94 2265 209 2302 τροπίαν
227 2265 372 2301 νομοθετεῖ·
390 2266 421 2292 τὺ
437 2266 491 2301 γὰρ
508 2267 657 2301 ὁμοδίαιτον
670 2268 717 2294 καὶ
732 2268 881 2303 ὁμότροπον

94 2312 145 2338 καὶ
157 2311 196 2337 ἔτι
212 2312 251 2343 εἰς
261 2312 374 2347 μνήμην
387 2311 447 2345 ἄγει
460 2311 507 2337 τοῦ
521 2312 658 2348 Κυριακοῦ
672 2313 789 2345 δείπνου,
807 2313 821 2340 ὃ
834 2314 881 2342 καὶ

94 2361 320 2395 ἀρχισύμϐολον
327 2359 497 2394 λέγει,οίονεὶ
506 2360 736 2395 ἀρχικοινωνικόν.
746 2361 881 2396 Σύμϐολον

94 2407 152 2442 γὰρ
169 2406 184 2432 ὀ
198 2406 302 2442 ἔρανος,
320 2405 366 2433 καὶ
377 2406 392 2432 ὁ
410 2406 534 2433 ἐντεῦθεν
552 2406 640 2438 κοινὸς
657 2407 881 2443 οἰκονομούμενος

93 2453 203 2480 δεῖπνον
218 2452 334 2486 λέγεται’
360 2451 389 2483 ἐξ
411 2449 442 2479 οὗ
463 2453 509 2478 καὶ
536 2453 667 2488 σύμϐολον
683 2453 713 2479 τὸ
734 2453 881 2489 διδόμενον,

93 2497 145 2525 καὶ
161 2496 311 2532 ἀσύμϐολος
327 2497 341 2523 ὁ
357 2497 515 2532 ἀσυντελής·
534 2497 594 2524 καθ’
615 2497 629 2524 ὃ
642 2498 689 2525 καὶ
701 2498 781 2530 αὐτὸς
797 2499 811 2525 ὀ
826 2499 880 2526 τῶν

93 2543 237 2578 συμϐόλων
253 2542 415 2578 δημιουργὸς
427 2542 453 2578 (ἢ
461 2542 559 2579 δηλαδὴ
569 2544 619 2579 τῆς
633 2544 784 2576 κοινωνίας,
802 2544 880 2579 ἢτῶν

93 2589 322 2625 συμϐαλλομένων
338 2589 377 2620 είς
386 2589 415 2615 τὸ
428 2589 527 2616 κοινόψ
537 2589 588 2616 εἴτι
605 2589 658 2626 γὰρ
666 2590 698 2617 ἂν
711 2590 752 2626 εἴη
766 2590 797 2617 τὸ
810 2599 881 2626 συμ-

93 2635 267 2671 ϐαλλόμενον,
285 2635 352 2662 Θεοῦ
369 2636 426 2662 ἐστι
437 2636 651 2672 δημιούργημα-)
669 2636 818 2672 ἀποκληροί
834 2636 881 2663 καὶ

92 2681 296 2709 ἀποδιαστέλλει
318 2681 471 2709 δικαιότατα
492 2683 538 2709 τὸν
555 2683 604 2718 οὐχ
620 2683 700 2715 ὁσίως
724 2683 881 2719 συνδειπνή-

93 2736 179 2756 cavsa
199 2728 306 2755 Ἰούδαν.
319 2729 375 2755 Kal.
387 2729 461 2765 αὐτῷ
473 2729 527 2765 γὰρ
534 2730 581 2756 τοῦ
595 2729 725 2764 μυστικοῦ
738 2729 820 2765 ἄρτου
830 2730 878 2757 καὶ

92 2774 142 2802 τοῦ
159 2775 287 2811 ποτηρίου
305 2777 443 2810 μεταδοὺς,
457 2775 492 2803 τὰ
503 2776 638 2812 μυστήρια
655 2776 744 2811 μόνοις
755 2778 811 2808 τοῖς
824 2785 877 2811 μα-

94 2821 200 2856 θηταῖς.
211 2821 279 2856 μετὰ
291 2822 321 2848 τὸ
330 2821 445 2856 ἐξελθεῖν
456 2822 558 2849 ἐκεῖνον
569 2822 601 2848 ὲκ
612 2821 657 2848 τοῦ
666 2821 784 2854 δείπνου,
800 2831 873 2858 παρ-

133 2900 220 2928 vLuc.
241 2907 307 2935 xxu,
327 2900 370 2929 l9.
409 2899 503 2929 “bid.
549 2900 645 2938 ’.ἴσως
661 2901 720 2927 κατ’
738 2900 809 2927 αὺτᾶ
844 2886 847 2894 ’

935 939 1056 975 symbols
1071 945 1264 974 contueantur,
1279 949 1311 968 co
1326 942 1396 976 quod
1417 943 1558 972 sublimius
1577 944 1641 980 quid
1657 951 1722 973 cott‘

935 985 1057 1012 siderarc
1080 991 1238 1020 nequeant;
1264 987 1321 1022 ipse
1341 992 1432 1015 tamen
1455 989 1602 1017 hierarclta
1629 991 1662 1018 ad
1682 990 1724 1025 ip;

935 1036 1021 1059 sumet.
1037 1037 1191 1068 prototypa,
1209 1040 1316 1060 sacrum
1341 1034 1466 1062 videlicet
1486 1042 1586 1070 corpus
1606 1044 1639 1064 ac
1656 1044 1723 1065 san-

935 1077 1043 1112 guinem
1059 1071 1176 1112 Domini,
1191 1079 1348 1111 adducitur,
1366 1081 1491 1114 credens,
1505 1088 1549 1108 res
1569 1083 1723 1117 propositas

935 1123 962 1150 iu
975 1123 1021 1150 illa
1035 1128 1131 1152 sancto
1150 1132 1181 1152 ac
1196 1125 1323 1153 omniﬁco
1339 1124 1443 1160 Spiritu
1458 1130 1563 1155 mutata
1580 1131 1651 1156 esse.

1197 1189 1242 1218 ΙΙΙ.
1262 1190 1465 1227 (ἱοηιεπιρίαιισε

969 1250 1018 1287 ξι.
1035 1250 1075 1278 Ad
1094 1251 1351 1286 comemplationem
1371 1252 1454 1281 modo
1466 1254 1610 1286 ,transiens
1628 1261 1720 1284 eorum

933 1305 993 1334 quas
1010 1298 1036 1325 in
1049 1297 1144 1334 synaxi
1158 1297 1339 1331 celebrantur,
1354 1299 1392 1326 uti
1403 1299 1429 1326 iu
1444 1299 1615 1334 baptismatis
1627 1310 1722 1330 sacra-

935 1348 1025 1371 meuto
1047 1344 1173 1371 rudiorcs
1194 1344 1281 1371 adhuc
1304 1344 1409 1371 animas
1423 1353 1471 1379 per
1486 1346 1614 1374 sensilcm
1629 1348 1722 1384 signo-

934 1397 993 1416 rum
1007 1390 1167 1418 varietatem
1180 1390 1309 1422 instituit,
1322 1390 1361 1417 sic
1377 1395 1404 1418 et
1419 1391 1473 1424 hic,
1497 1392 1530 1419 ad
1551 1395 1720 1422 Commodum

933 1443 1027 1462 eorum
1046 1435 1091 1470 qui
1110 1435 1201 1463 adhuc
1214 1436 1393 1470 perﬁciuntur
1413 1440 1441 1463 ct
1466 1438 1582 1465 necdum
1609 1438 1722 1474 perfecti

933 1486 996 1508 sunt
1023 1480 1242 1513 instructionem,
1265 1481 1393 1508 similiter
1416 1482 1488 1515 facit,
1514 1483 1541 1510 id
1565 1488 1606 1510 est
1628 1484 1722 1511 virtuti

934 1526 1044 1554 habitus
1058 1526 1177 1561 ipsorum
1195 1527 1414 1554 convenientem.
1439 1526 1548 1554 Variam
1565 1533 1655 1556 autem
1675 1536 1723 1556 vo-

896 1566 917 1595 C
934 1576 978 1599 cat
1002 1577 1030 1599 et
1052 1572 1241 1607 compositam,
1267 1577 1378 1607 propter
1403 1573 1536 1608 symbola.
1562 1574 1629 1602 Cum
1648 1575 1721 1603 enim

934 1618 1127 1653 contemplatio
1143 1618 1259 1653 simplex
1280 1619 1317 1646 sit
1334 1623 1359 1646 et
1380 1619 1521 1652 unimoda,
1539 1620 1634 1648 merito
1647 1628 1722 1657 sym-

933 1664 994 1691 bola
1016 1665 1136 1692 varietas
1151 1670 1215 1693 sunt
1234 1671 1261 1693 et
1285 1665 1450 1700 compositio
1466 1675 1473 1693 :
1495 1667 1539 1701 qui
1555 1667 1628 1694 enim
1648 1675 1722 1703 symv

934 1710 1004 1738 bolis
1025 1711 1180 1744 intendunt,
1204 1718 1257 1738 non
1276 1709 1377 1739 habent
1403 1712 1505 1738 unitam
1524 1716 1551 1739 et
1571 1713 1720 1749 simplicem

933 1757 1127 1790 cognitionem,
1155 1758 1201 1785 sed
1217 1757 1287 1785 alius
1303 1757 1384 1785 aliter
1405 1758 1524 1792 adducit,
1550 1764 1633 1794 atque
1651 1759 1722 1788 alius

933 1803 1013 1830 aliter
1033 1803 1176 1837 allegorias
1203 1803 1297 1836 tradit,
1324 1809 1405 1838 prout
1420 1803 1489 1831 vult.
1511 1804 1637 1837 Quinimo
1657 1811 1719 1832 sun'

933 1849 1064 1882 nonnulli,
1087 1851 1133 1886 qui
1157 1850 1288 1886 symbolis
1313 1850 1486 1884 inlnerentes,
1512 1852 1661 1880 secundum
1675 1851 1719 1880 illa

933 1896 1070 1931 accipiunt
1095 1903 1126 1924 ea
1148 1905 1209 1932 quae
1231 1904 1313 1932 supra
1335 1897 1394 1932 ipsa
1409 1903 1484 1930 sunt,
1507 1903 1534 1925 et
1547 1897 1643 1926 falsum
1661 1899 1721 1936 opi-

934 1947 1051 1977 nantur;
1069 1944 1216 1971 secundum
1232 1951 1315 1978 quam
1330 1944 1476 1972 falsitatem
1497 1945 1578 1972 ctiam
1594 1945 1722 1973 dividuu-

932 1992 978 2014 tur
992 1993 1019 2016 et
1036 1989 1260 2023 tnultiplicantur.
1274 1989 1324 2017 llic
1346 1991 1438 2025 itaque
1452 1991 1533 2018 Pater
1550 1992 1588 2018 ait
1605 1990 1662 2019 :Ne
1674 1992 1717 2019 di-

932 2041 1011 2061 versa
1029 2034 1074 2062 illa
1088 2035 1273 2070 symbolorum
1302 2035 1463 2071 compositio
1482 2036 1599 2071 insipida
1619 2036 1720 2064 existat

933 2079 967 2107 iis
983 2081 1028 2114 qui
1053 2081 1206 2113 initiantur,
1229 2082 1252 2108 si
1278 2089 1369 2108 rerum
1384 2082 1524 2109 scmilium
1540 2087 1644 2110 tantum
1657 2090 1719 2112 esse

932 2127 1056 2154 videatur
1079 2136 1086 2155 :
1110 2127 1314 2163 Scripturarum
1337 2129 1409 2155 enim
1431 2127 1561 2155 lectiones
1587 2133 1617 2155 ut
1635 2128 1718 2156 etiam

933 2181 1074 2209 anagogen
1099 2181 1152 2201 non
1171 2174 1313 2205 haberent,
1330 2174 1423 2208 proba:
1446 2178 1534 2201 tamen
1551 2175 1613 2202 vita:
1634 2174 1717 2202 disci—

934 2219 1034 2253 plinam
1051 2224 1078 2247 et
1091 2220 1231 2253 pravitatis
1247 2221 1362 2248 iunuunt
1377 2220 1573 2255 expiationem.
1589 2220 1718 2248 Commu-

936 2266 978 2292 nis
992 2271 1080 2293 autem
1098 2267 1177 2294 unius
1200 2266 1376 2302 ejusdemque
1396 2267 1472 2300 panis
1495 2274 1526 2294 ac
1546 2266 1639 2294 calicis
1655 2275 1719 2302 par-

935 2311 1059 2346 tictpatio
1089 2320 1195 2341 morum
1223 2313 1444 2340 conformitatem
1469 2312 1591 2348 praecipit
1618 2321 1625 2340 :
1653 2321 1716 2340 nam

932 2358 1013 2384 etiam
1041 2357 1187 2386 Dominicae
1208 2366 1293 2386 ctenaa
1317 2359 1469 2387 convivium
1486 2367 1518 2387 ac
1539 2360 1717 2387 coulormita-

934 2407 988 2430 tem
1001 2403 1028 2430 in
1041 2406 1199 2431 memoriam
1215 2405 1331 2438 reducit,
1345 2413 1425 2441 quatn
1439 2410 1466 2432 et
1497 2403 1718 2439 archisymbolam

934 2454 1024 2483 vocat,
1038 2450 1118 2484 qttasi
1134 2450 1262 2485 primitus
1285 2451 1524 2478 communicatam.
1555 2450 1713 2486 Symbolqu

933 2496 1006 2522 cnim
1023 2496 1176 2523 convivium
1202 2497 1312 2530 dicitur,
1342 2501 1370 2525 et
1394 2503 1484 2528 coena.
1511 2497 1636 2531 quodque
1660 2496 1716 2524 illie

934 2541 960 2569 in
976 2549 1122 2570 commune
1144 2543 1296 2576 confertur,
1313 2544 1385 2570 unde
1406 2543 1488 2570 etiam
1508 2541 1658 2578 symbolum
1673 2546 1716 2569 est

932 2587 959 2615 id
974 2590 1046 2623 quod
1062 2591 1152 2624 datur,
1174 2596 1202 2618 et
1216 2590 1373 2626 asymbolus
1391 2588 1472 2625 204
1485 2594 1526 2616 est
1541 2588 1716 2624 imperfectus

933 2642 979 2662 seu
992 2637 1111 2670 inutilis;
1124 2637 1200 2672 juxta
1214 2637 1285 2672 quod
1299 2637 1382 2664 etiam
1402 2636 1515 2671 ipsemet
1530 2634 1713 2670 symbolorum

933 2689 1030 2712 auctor
1047 2683 1115 2719 (sive
1128 2683 1328 2710 communionis
1345 2681 1460 2714 scilicet,
1476 2681 1533 2709 sive
1547 2688 1640 2708 eorum
1654 2687 1715 2714 qua)

932 2731 959 2757 in
976 2737 1119 2758 commune
1141 2728 1331 2761 conferuntur;
1348 2727 1477 2762 quidquid
1494 2726 1566 2754 enim
1587 2727 1613 2753 in
1635 2733 1714 2752 com—

930 2783 1013 2804 mune
1029 2774 1179 2807 confertur,
1194 2774 1240 2802 Dei
1256 2780 1381 2801 creatura
1396 2773 1447 2809 cst)
1456 2773 1516 2808 jure
1535 2771 1714 2799 meritissimo

930 2826 1065 2850 exsortem
1079 2821 1144 2849 facit
1164 2826 1191 2849 et
1210 2820 1331 2849 excludit
1349 2819 1458 2854 Judam,
1483 2819 1529 2854 qui
1546 2827 1597 2846 non
1617 2821 1714 2845 sancte
