1931 3073
164 188 219 223 λεδ

724 188 726 191 ’
751 195 779 223 s.
797 194 944 222 DIOM'SII
958 193 1189 222 AREOPAGIT/E
1735 187 1788 225 tae

164 260 192 283 et
203 254 393 283 immortaliter
411 255 592 290 possidentur,
607 261 690 290 atque
714 256 882 283 aaterualiter
901 255 948 281 de-

1001 254 1177 290 ῳῦοροποιοὺς
1199 253 1304 289 ἡδονὰς,
1320 253 1366 280 καὶ
1394 252 1444 289 τὴν
1468 252 1594 280 ἀϐέϐαιον
1606 252 1634 278 ἐν
1647 252 1703 284 τοῖς
1716 250 1791 278 ἁλλο-

166 301 278 335 lectant,
293 308 342 336 per
353 305 504 328 extremam
518 300 624 335 sibique
647 300 827 334 perniciosam
843 300 951 327 demen-

165 346 230 373 tiam
244 351 415 378 aversantur;
430 345 600 373 materialem
616 353 681 373 vero
697 345 873 379 pluribusque
887 351 951 378 per-

166 391 365 418 turbationibus
387 391 535 419 obnoxiam
565 391 795 422 immutationem.
819 390 952 425 perditas-

165 444 219 471 qne
231 445 263 464 ac
277 438 460 472 corruptrices
475 438 636 472 voluptates,
651 442 679 464 et
693 438 861 469 instabilem,
874 444 951 463 eam-

164 490 218 518 que
233 483 362 516 alienam,
376 491 463 519 neque
489 491 552 511 vere
566 485 739 516 existentem,
756 484 803 511 sed
818 489 950 517 apparen-

166 535 220 557 tem
248 529 458 557 delectationem
485 531 608 558 ambiunt
641 535 669 558 et
691 535 891 557 censet-tantur.
919 527 951 554 Hi

164 583 230 610 ergo
241 576 334 610 primi.
351 577 497 610 etquidem
514 577 600 611 magis
629 577 737 611 proprie
749 583 829 610 quam
844 575 893 608 illi,
907 581 950 602 se—

165 620 304 656 gregatim
320 620 437 647 ministri
460 628 525 647 voce
546 625 709 652 arceantur;
724 627 810 654 neque
823 619 895 646 enim
912 619 951 645 fas

164 666 201 693 sit
216 667 255 693 eis
271 666 415 700 cujuslibet.
433 668 545 694 alterius
561 668 599 694 rei
618 675 703 694 sacra:
727 667 876 702 participes
888 673 950 692 cva-

165 714 242 746 dere,
258 719 438 749 praeterquam
453 705 622 748 eloquiorum
649 714 707 744 Dei.
734 721 849 748 quorum
865 713 951 747 magi-

164 760 249 787 sterio
263 761 296 787 ad
312 761 452 788 meliorem
477 761 581 795 frugem
606 760 727 787 converti
744 761 858 794 possint.
883 759 949 791 Nam

165 808 186 838 si
203 807 430 842 supermundialis
450 808 494 835 illa
506 815 646 835 sacrorum
662 807 813 834 divinorum
827 806 950 835 celebra-

166 853 213 884 tio,
226 853 374 880 etiamdum
399 854 576 888 pmnitentes,
603 853 711 880 tametsi
731 852 867 887 quondam
892 852 951 888 ejus

163 904 316 933 compotes,
336 900 453 934 repellit,
483 907 535 927 non
566 899 618 926 nisi
648 899 820 926 sanctissimo
842 907 951 934 quoque

1001 302 1086 337 τρίοις
1099 302 1148 328 οὐκ
1162 299 1255 331 οὖσαν,
1281 300 1349 327 ἀλλὰ
1374 299 1505 327 δοκοῦσαν
1528 298 1675 331 εὐπάθειαν
1699 297 1792 325 ἐπιθυ-

1003 346 1116 381 μοῦντες
1132 347 1178 373 xui
1194 346 1378 381 ἐνεργοῦντες.
1395 346 1425 372 Οί
1442 344 1546 381 πρῶτοι
1575 344 1597 370 δ’
1609 345 1619 360 ⁹
1649 341 1696 370 οὖν
1717 341 1790 370 οὗτοι

1001 394 1048 420 καὶ
1063 393 1228 429 κυριώτερον
1240 392 1352 419 ἐκείνων
1365 392 1417 418 ὑπὸ
1441 391 1491 427 τῆς
1507 391 1554 417 τοῦ
1569 389 1724 424 λειτουργοῦ
1737 389 1791 429 δια¹

1002 440 1129 475 κριτικῆς
1143 440 1235 474 φωνῆς
1249 439 1488 474 ἀφοριζέσθωσαν⁸
1503 439 1532 464 οὐ
1549 437 1603 473 γὰρ
1620 437 1730 473 θεμιτὸν
1745 437 1792 463 αὑ-

1001 486 1056 517 τοῖς
1070 485 1163 521 ἐτέρου
1184 485 1255 516 τινὸς
1271 484 1343 520 ἱεροῦ
1361 485 1515 519 μετασχεῖν,
1531 483 1547 519 ἢ
1560 483 1610 518 τῆς
1625 483 1679 510 τῶν
1692 482 1791 516 λογίων

1001 531 1214 566 ὲπιστρεπτικῆς
1230 531 1276 557 ἐπὶ
1289 530 1324 557 τὰ
1342 531 1459 566 κρείττω
1481 530 1665 562 διδασκαλίας.
1692 530 1723 556 El
1735 529 1791 566 γὰρ

1001 578 1017 612 ή
1032 577 1084 604 τῶν
1101 577 1179 603 θείων
1194 578 1378 612 ὑπερκὸσμιος
1401 577 1540 612 ἱερουργία
1563 577 1611 603 xui
1625 577 1688 608 τοὺς
1703 577 1732 602 ἐν
1747 584 1792 611 με·

1000 623 1103 658 τανοίᾳ,
1117 623 1164 649 xui
1177 623 1240 654 τοὺς
1256 623 1276 638 ¹⁰
1291 622 1358 657 πρὸς
1373 622 1456 658 αὐτὴν
1480 622 1529 658 ἤδη
1558 622 1712 656 γεγονότας,
1727 622 1792 653 duo:

1001 668 1150 704 κρύπτεται
1164 669 1196 700 “,
1211 669 1241 695 τὸ
1256 669 1292 704 μὴ
1317 668 1456 700 παντελῶς
1480 667 1624 703 ἱερώτατον
1640 668 1669 694 οὐ
1685 676 1792 703 προσιε-

1003 713 1088 749 μένη·
1115 715 1270 749 προσφωνεῖ
1281 713 1308 740 δὲ
1323 714 1369 740 xui
1389 714 1469 741 τοῦτο
1493 714 1655 748 πανάγνως,
1677 714 1718 740 ὃτι
1735 712 1791 751 Kui

999 762 1056 792 τοῖς
1069 760 1137 787 κατά
1150 768 1176 786 τι
1197 759 1265 795 πρὸς
1290 760 1320 787 τὸ
1342 760 1388 787 τοῦ
1417 760 1550 792 θεοειδοῦς
1575 760 1660 796 ἄκρον
1687 757 1791 790 ἀτελῶς

1000 804 1188 837 ἐξασθενοῦσιν
1205 803 1318 837 ἀθέατος
1331 806 1388 840 εἰμι
1414 805 1460 831 xui
1482 804 1662 840 ἀκοινώνητος
1676 803 1788 839 (ἀποσο-

1001 850 1043 876 ϐεῖ
1064 850 1117 885 γὰρ
1131 851 1147 885 ἡ
1162 849 1231 876 κατὰ
1259 850 1311 876 πᾶν
1329 849 1499 885 ἀμιγεστάτη
1515 848 1589 884 φωνὴ
1603 848 1650 875 καὶ
1674 848 1736 879 τοὺς
1751 847 1790 883 μὴ

1000 897 1165 932 δυναμένους
1183 896 1340 932 ωνδεθῆναι
1362 897 1420 928 τοῖς
1432 896 1486 922 τῶν
1502 896 1646 922 θειοτάτων
1671 894 1753 926 ἀξίως
1768 894 1790 909 ¹¹

164 945 378 980 admisso;quin
393 947 475 973 etiam
497 946 647 980 proclamat
660 953 667 972 :
688 945 746 979 Ego
761 945 794 972 ad
808 945 948 973 deiformi-

1001 943 1164 978 κοινωνοῖς),
1197 942 1286 978 πολλῷ
1296 951 1328 977 γε
1355 942 1453 978 μᾶλλον
1466 943 1483 978 ὴ
1504 941 1558 968 τῶν
1572 940 1702 977 ἐμπαθῶς
1716 941 1791 976 ἐνερ-

165 991 231 1019 tatis
250 993 358 1020 culmen
383 998 495 1028 propter
521 1000 598 1020 suam
635 991 868 1025 imperfectionem
895 999 949 1018 non

164 1038 521 1073 assurgentibusinvisibilis
531 1044 558 1066 et
572 1037 838 1065 inconnnunicabilis
859 1041 950 1068 existo

164 1085 250 1117 (arcet
263 1085 335 1114 enim
349 1086 496 1119 purissima
512 1093 564 1112 vox
586 1086 635 1113 ista
649 1094 756 1121 quoque
774 1087 835 1114 illos
849 1087 893 1120 qui
910 1094 951 1113 re-

163 1131 215 1158 bus
230 1131 408 1160 divinissimis
434 1131 515 1165 digne
531 1132 797 1160 communicantibus
822 1133 949 1168 conjungi

165 1185 219 1204 non
233 1180 356 1212 possunt)
374 1179 498 1212 adeoque
522 1179 608 1213 magis
627 1186 732 1210 eorum,
744 1179 790 1214 qui
815 1180 951 1213 passioni-

164 1226 215 1251 hus
239 1225 425 1258 exagitantur,
440 1225 519 1251 turha
539 1224 652 1259 profana
667 1225 731 1256 erit,
747 1229 774 1252 et
790 1225 824 1252 ab
838 1230 949 1260 aspectu

162 1270 409 1304 mmmnnioneque
437 1277 578 1297 sacrorum
597 1270 674 1305 193
693 1271 789 1298 aliena.
821 1271 871 1299 Ubi
901 1270 948 1298 de-

163 1323 236 1341 mutn
251 1315 342 1342 divino
354 1316 455 1350 templo
467 1317 619 1351 sacrisque.
637 1325 696 1351 quae
707 1318 885 1353 capacitatem
900 1325 950 1355 eo-

162 1362 222 1386 rum
239 1366 380 1395 superant,
395 1361 498 1388 exclusi
527 1367 599 1393 sunt.
627 1361 665 1390 illi
681 1363 727 1397 qtti
752 1362 834 1390 nullis
861 1363 951 1390 adhuc

162 1406 457 1433 sacramentisiuitiati
480 1408 644 1442 omninoque
670 1408 751 1435 rttdes
776 1408 906 1439 existunt,
924 1412 952 1435 et

163 1452 223 1477 vitm
242 1451 274 1478 iis
289 1455 421 1486 apostataa
437 1452 500 1479 vitae
516 1453 675 1485 sanctioris,
699 1458 725 1480 ct
743 1453 786 1480 his
804 1453 951 1480 conformi-

164 1503 205 1535 ter
219 1497 255 1524 illi
274 1498 319 1531 qui
352 1498 572 1525 adversariorum
589 1499 740 1525 terroribus
758 1499 878 1533 visisque
896 1507 951 1534 pra:

163 1545 270 1579 ignavia
288 1544 367 1572 facile
393 1549 547 1574 moventur.
572 1545 672 1579 quippe
692 1545 738 1580 qui
757 1553 806 1580 per
820 1551 950 1573 constan-

163 1596 217 1618 tem
239 1592 403 1625 (irmamque
421 1599 483 1618 cum
511 1591 610 1617 divinis
637 1588 717 1618 rebus
742 1591 946 1618 consensionem

1002 988 1141 1024 γουμένων
1156 987 1260 1023 πληθὺς
1275 987 1380 1023 ἀνίερος
1397 987 1473 1013 ἔσται
1497 987 1544 1013 xui
1561 987 1651 1021 πάσης
1665 985 1791 1021 ἀλλοτρία

1001 1034 1051 1069 τῆς
1063 1033 1117 1060 τῶν
1130 1034 1209 1069 ἱερῶν
1224 1032 1337 1070 smul/lui;
1359 1033 1406 1059 xui
1432 1031 1584 1064 κοινωνίας.
1606 1026 1790 1066 Ἐπειδὴ¹³τοῦ

1001 1080 1073 1107 θείου
1118 1079 1261 1114 γεγόνασιν
1284 1079 1336 1112 ἔξω
1353 1078 1417 1105 ναοῦ
1443 1078 1489 1105 xui
1511 1078 1561 1114 τῆς
1589 1078 1791 1113 ὑπερκειμένης

1002 1127 1099 1157 αὐτοὺς
1126 1125 1147 1141 η
1172 1125 1326 1161 ἱερουργίας
1343 1126 1367 1150 οἱ
1395 1124 1450 1151 τῶν
1468 1119 1584 1150 τελετῶν
1609 1123 1726 1159 ἀμύητοι
1744 1123 1791 1149 καῐ

1001 1173 1148 1203 ἁτέλεστοι,
1163 1172 1210 1198 καὶ
1235 1172 1301 1207 πρὸς
1319 1172 1410 1203 αὐτοῖς
1425 1172 1449 1198 οἱ
1470 1171 1520 1206 τῆς
1537 1171 1611 1206 ἱερᾶς
1638 1170 1788 1197 ἀποστάται

1001 1219 1083 1254 ζωῆς,
1097 1219 1236 1254 ἑπομένως
1251 1227 1280 1245 τε
1293 1218 1397 1250 τούτοις
1411 1220 1435 1245 οξ
1455 1218 1522 1254 πρὸς
1538 1217 1572 1244 τὰ
1587 1217 1642 1244 τῶν
1661 1216 1792 1243 ἐναντίων

1000 1265 1115 1300 δείματά
1135 1273 1165 1291 τε
1184 1265 1205 1280 ¹³
1229 1265 1276 1291 xui
1289 1265 1418 1299 φάσματα
1443 1264 1477 1291 δι’
1490 1263 1633 1298 ἀνανδρίαν
1652 1261 1790 1302 εὺιιταθεῖς9

1001 1310 1039 1342 ὼς
1055 1311 1104 1337 οὐκ
1117 1311 1276 1346 ἀφικόμενοι
1299 1310 1344 1337 διὰ
1371 1311 1420 1346 τῆς
1440 1311 1507 1345 πρὸς
1524 1310 1557 1337 τὰ
1577 1310 1636 1336 θεῖα
1666 1309 1790 1337 συντόνου

1001 1357 1048 1384 xui
1060 1357 1198 1384 ἀνενδότου
1214 1357 1378 1389 συννεύσεως
1390 1357 1436 1383 ἐπὶ
1452 1357 1481 1383 τὸ
1498 1357 1547 1392 τῆς
1564 1355 1697 1387 θεοειδοῦς
1708 1355 1792 1387 ἓξεως

1001 1403 1127 1438 ἀκίνητον
1150 1403 1198 1430 καί
1225 1403 1386 1439 δραστήριον
1401 1412 1407 1418 ·
1426 1400 1485 1429 εἶτα
1500 1403 1568 1438 πρὸς
1592 1403 1684 1434 αὐτοῖς
1700 1402 1724 1428 οἱ
1740 1400 1791 1436 τῆς

1000 1449 1124 1481 ὲναντίας
1138 1450 1186 1484 μὲν
1196 1449 1362 1481 ἀποστάντες
1373 1448 1455 1484 ζωῆς,
1470 1448 1546 1475 οὔπω
1560 1448 1590 1475 δὲ
1606 1448 1717 1475 καὶτῶν
1726 1456 1791 1482 φαν-

1000 1500 1101 1527 τασιῶν
1120 1501 1204 1536 αὐτῆς
1227 1500 1283 1532 ἕξει
1297 1501 1342 1527 xui
1355 1500 1435 1536 ἔρωτι
1453 1500 1516 1535 θείῳ
1528 1500 1574 1527 xui
1585 1499 1679 1535 ἀμιγεῖ
1688 1498 1792 1534 καθαρ-

1001 1546 1102 1578 θέντες,
1121 1547 1166 1573 xui
1178 1546 1236 1581 μετ’
1246 1545 1344 1577 αὐτοὺς
1360 1547 1384 1572 οἱ
1405 1545 1440 1581 μὴ
1453 1545 1578 1577 καθάπαξ
1590 1544 1724 1576 ἐνοειδεϊς,
1733 1544 1790 1583 xui,

1001 1593 1119 1629 νομικῶς
1137 1594 1233 1623 εἰπεῖν,
1247 1593 1356 1627 ἄμωμοι
1366 1591 1412 1618 xui
1428 1590 1562 1626 ἀλώὸητοι
1579 1589 1728 1622 παντελῶς.
1758 1589 1792 1616 Oi

162 1637 279 1664 necdum
291 1637 434 1664 deiformis
447 1637 527 1664 istius
545 1641 633 1663 status
658 1636 843 1664 habitudinem
857 1637 949 1664 efﬁca-

1002 1639 1122 1675 πανίεροι
1139 1639 1160 1654 ¹⁶
1184 1638 1237 1664 τῶν
1255 1637 1391 1673 πανιέρων
1404 1636 1538 1672 ἱερουργοὶ
1566 1637 1613 1662 xui
1629 1635 1791 1671 φιλοθεάμο-

163 1683 289 1720 viamque
302 1683 357 1710 sint
375 1683 487 1717 adepti;
502 1682 600 1710 deinde
613 1690 675 1710 cum
692 1683 736 1710 his
751 1683 769 1710 ii
784 1689 894 1718 quoque
905 1684 951 1717 qui

163 1728 309 1755 t-Otttrariaa
324 1729 433 1763 quidem
451 1729 489 1755 illi
505 1730 567 1755 vitae
584 1729 708 1755 nuntium
726 1728 869 1762 miserunt,
887 1736 952 1756 non-

162 1774 226 1801 duin
242 1772 332 1801 tamen
345 1782 359 1800 a
378 1774 442 1801 visis
469 1775 561 1801 habitu
583 1782 732 1808 amoreqne
756 1775 847 1801 divino
866 1782 952 1810 eoque

164 1821 310 1854 purissimo
325 1821 432 1857 purgati
449 1826 521 1852 sttnt,
537 1826 618 1856 atque
632 1822 780 1849 secundum
796 1823 845 1849 hos
863 1822 891 1855 ii,
905 1822 950 1857 qui

163 1873 216 1893 που
229 1867 340 1893 omnino
354 1867 512 1900 uniformes,
528 1873 565 1899 et,
583 1869 692 1902 utlegis
708 1868 799 1902 phrasi
814 1874 886 1900 utar.
897 1876 950 1896 non

162 1913 275 1940 omnino
291 1914 457 1940 immaculati
473 1920 500 1940 et
512 1915 718 1943 incontaminati
730 1921 804 1942 sunt.
820 1915 887 1942 Tttm
905 1917 952 1943 de-

162 1960 243 1993 nique
269 1959 356 1986 saneti
382 1967 522 1987 sacrorum
551 1961 705 1988 administri
727 1966 951 1998 spectatoresque

161 2005 288 2036 studiosi,
302 2006 516 2033 sacratissimum
530 2007 647 2034 hostiam
661 2015 740 2035 sacro
755 2008 806 2034 ritu
817 2013 950 2035 contuen-

163 2055 214 2082 tes.
242 2052 361 2085 generali
393 2053 548 2081 laudatione
582 2054 775 2082 concelebrant
800 2055 949 2083 beneﬁcum

163 2098 379 2132 muniﬁcutnque
395 2099 568 2134 principium.
593 2108 607 2127 a
637 2107 693 2134 quo
714 2100 845 2128 salutaria
872 2101 951 2128 nobis

163 2143 285 2170 exhibita
301 2149 364 2171 sunt
377 2151 560 2179 sacramenta,
586 2154 646 2180 quas
657 2152 859 2174 sacrosanctam
877 2147 949 2174 illam

163 2189 331 2217 initiat‘orum
361 2197 552 2218 consummant
569 2193 781 2220 deiﬁcationem.
808 2194 885 2221 Hunc
901 2201 950 2221 au-

164 2239 216 2262 tem
232 2237 361 2271 hymnum
386 2238 431 2264 alii
458 2239 545 2266 laudis
566 2241 714 2271 canticum,
739 2241 783 2267 alii
811 2241 950 2275 religionis

162 2282 314 2316 symbolum
340 2284 487 2317 appellant,
518 2285 564 2311 alii
595 2286 723 2320 denique,
755 2294 814 2313 mea
839 2287 948 2321 quidem

163 2325 320 2360 settlentia,
353 2330 473 2358 divinius
499 2331 700 2359 hierarclticam
733 2333 946 2365 eucharistiam,

163 2375 221 2401 sive
237 2376 496 2410 saeroprincipalcm
511 2379 658 2412 gratiarum
676 2380 822 2411 actionem,
839 2384 867 2406 ttt
887 2387 948 2413 qua:

162 2422 294 2449 divinitus
306 2423 337 2449 ad
358 2431 406 2450 nos
420 2424 586 2451 dimanantia
604 2433 681 2452 sacra
696 2426 765 2452 dona
785 2425 948 2460 complecta-

162 2472 226 2494 tur:
248 2468 354 2495 videtur
381 2470 452 2496 enim
471 2470 641 2497 laudatarum
657 2472 777 2498 omnium
794 2471 946 2498 divinarum

162 2515 352 2548 nperationnm
368 2517 438 2543 ratio
463 2518 541 2544 nobis
564 2518 713 2550 exstitisse,
730 2527 792 2545 cum
819 2519 947 2546 substan-

163 2561 228 2587 tiam
248 2561 384 2595 vitamque
398 2568 520 2590 nostram
546 2563 667 2591 henclice
698 2564 887 2596 sustentando,
915 2572 948 2592 ac

1002 1694 1056 1717 νες,
1074 1685 1124 1721 τὴν
1137 1684 1291 1719 ἀγιωτάτην
1303 1683 1413 1719 τελετὴν
1434 1682 1609 1718 ἁγιοπρεπῶς
1627 1681 1791 1709 ἐποπτεύον-

1001 1740 1056 1763 τες,
1087 1730 1218 1766 ὑμνοῦσιν
1239 1728 1387 1765 ὑμνολογίᾳ
1402 1727 1534 1762 καθολικῇ
1551 1727 1602 1762 τὴν
1622 1726 1792 1762 ἀγαθουργὸν

1002 1778 1049 1804 xui
1061 1776 1217 1811 ἀγαθοδότιν
1229 1776 1327 1812 ἀρχὴν,
1354 1775 1399 1809 ὑφ’
1416 1771 1450 1810 ἦς
1466 1774 1494 1800 αἱ
1523 1772 1704 1809 σοντηριώδεις
1724 1773 1792 1808 ἡμῖν

1002 1822 1192 1858 ἀνεδείχθησαν
1218 1821 1341 1852 τελεταὶ,
1363 1820 1413 1856 τὴν
1441 1819 1515 1855 ἱερὰν
1538 1819 1593 1846 τῶν
1620 1818 1792 1854 τελουμένων

1002 1869 1099 1896 θέωσιν
1123 1867 1322 1904 ἱερουργοῦσαι.
1348 1866 1400 1894 Τὸν
1421 1867 1504 1903 ὕμνον
1530 1867 1558 1893 δὲ
1575 1866 1668 1893 τοῦτον
1691 1866 1716 1892 οἱ
1742 1865 1792 1900 μὲν

1002 1916 1166 1951 ὑμνολογίαν
1190 1914 1319 1942 καλοῦσιν
1348 1915 1380 1945 ’⁷,
1408 1914 1433 1940 οἱ
1461 1914 1490 1940 δὲ
1521 1914 1570 1948 τῆς
1598 1912 1746 1949 θρησκείας
1760 1911 1793 1939 τὲ

1003 1960 1146 1996 σύμϐολον,
1159 1959 1233 1986 ἄλλοι
1248 1959 1286 1992 δὲ,
1302 1959 1340 1992 ὡς
1355 1957 1582 1995 οἶμαι,θειότερον
1596 1958 1755 1994 ἱεραρχικὴν
1768 1958 1791 1978 ω

1002 2006 1192 2042 εὐχαριστίαν,
1219 2006 1257 2037 ὼς
1279 2005 1457 2041 περιεκτικὴν
1480 2004 1535 2031 τῶν
1565 2005 1604 2036 είς
1628 2005 1701 2040 ἡμᾶς
1731 2004 1791 2031 θεό-

1002 2053 1047 2079 θεν
1064 2052 1235 2088 ἀφικομένων
1246 2052 1325 2087 ἱερῶν
1336 2051 1429 2087 δώρων
1447 2052 1468 2067 ¹⁹
1478 2059 1485 2066 ·
1509 2051 1581 2077 δοκεῖ
1605 2051 1660 2086 γάρ
1675 2059 1719 2086 μοι
1734 2050 1791 2077 τῶν

1002 2100 1084 2134 ὑμνου
1089 2099 1175 2134 μένων
1199 2098 1311 2125 ἀπασῶν
1335 2097 1483 2133 θεουργιῶν
1498 2098 1514 2132 ἡ
1540 2097 1715 2133 πραγματεία
1726 2097 1792 2131 περὶ

1001 2146 1074 2180 ἡμᾶς
1091 2144 1251 2179 γεγονέναι,
1281 2143 1330 2179 τὴν
1364 2144 1411 2178 μὲν
1427 2144 1520 2171 οὐσίαν
1535 2143 1614 2179 ἡμῶν
1640 2144 1686 2170 καὶ
1716 2143 1791 2178 ζωὴν

1002 2190 1166 2225 ἁγαθοειδῶς
1199 2191 1386 2226 ὑποστήσασα,
1415 2191 1462 2218 καὶ
1492 2190 1656 2226 ἀρχετύποις
1679 2190 1791 2216 κάλλεσι

1001 2237 1030 2263 τὸ
1048 2237 1161 2269 θεοειδές
1186 2237 1263 2273 ἡμῶν
1289 2237 1467 2273 μορφώσασα,
1486 2238 1533 2263 καὶ
1551 2236 1688 2271 θειοτέρας
1707 2235 1792 2268 ἕξεως

1002 2284 1048 2310 καὶ
1065 2283 1208 2318 ἀναγωγῆς
1223 2284 1252 2309 ἐν
1271 2284 1398 2319 μετουσίᾳ.
1415 2283 1619 2318 καταστήσασα,
1645 2281 1792 2308 κατιδοῦσα.

1001 2335 1029 2362 δὲ
1042 2334 1091 2369 τὴν
1105 2335 1133 2367 ἐξ
1153 2334 1318 2369 ἀπροσεξίας
1333 2333 1516 2368 ἐγγενομένην
1527 2334 1592 2368 ἡμῖν
1606 2332 1723 2368 ἐρημίαν
1735 2331 1791 2358 τῶν

1002 2381 1080 2407 θείων
1093 2380 1211 2415 δωρεῶν,
1240 2381 1446 2411 ὲπισκευαστοῖς
1469 2380 1542 2415 ἡμᾶς
1572 2379 1683 2412 ἀγαθοῖς
1704 2380 1744 2410 εἰς
1759 2378 1791 2404 τὸ

1001 2427 1113 2462 ἀρχαῖον
1127 2425 1355 2457 ἀνακαλέσασθαι,
1371 2425 1419 2452 xui
1433 2427 1466 2461 τῇ
1485 2424 1612 2451 παντελεῖ
1622 2424 1676 2451 τῶν
1693 2423 1791 2460 ἡμετὲ-

1003 2482 1056 2509 ρων
1079 2472 1227 2508 προσλήψει
1253 2471 1302 2508 τὴν
1324 2471 1494 2507 τελειοτάτην
1505 2470 1558 2497 τῶν
1572 2471 1679 2497 οἰκείων
1706 2470 1789 2505 μετά-

1000 2517 1072 2544 δοσιν
1088 2517 1301 2553 ἁγαθουργῆσαι,
1316 2516 1362 2542 xui.
1379 2515 1464 2551 ταύτῃ
1481 2515 1622 2542 κοινωνίαν
1639 2516 1704 2549 ἡμῖν
1721 2514 1790 2541 Θεοῦ

1001 2564 1048 2590 xui
1063 2564 1117 2590 τῶν
1134 2563 1213 2590 θείων
1229 2562 1414 2598 δωρήσασθαι.

162 2606 310 2641 primitivis
326 2607 578 2642 pulchritttdinibus
603 2609 765 2637 dt-il'ormem
790 2610 876 2637 nostri
906 2608 1058 2644 portionem
1086 2608 1264 2640 ell‘ormando,
1289 2613 1371 2641 atque
1388 2606 1422 2634 ad
1455 2605 1597 2634 divinioris
1621 2606 1729 2633 habitus
1760 2610 1788 2632 et

163 2652 308 2689 aiiagoges,
324 2662 375 2688 qua
392 2663 501 2682 sursum
519 2656 781 2691 elevemur,partem
792 2657 974 2687 admittendo;
996 2661 1051 2682 tum
1066 2656 1177 2690 provide
1194 2655 1326 2686 curando,
1340 2659 1370 2681 ut
1383 2662 1417 2681 ex
1438 2653 1555 2689 ingenita
1577 2653 1655 2680 nobis
1669 2659 1718 2687 per
1739 2657 1786 2677 no-

813 2764 928 2790 νΑῐῖίᾸΞ
949 2763 1150 2792 LECTIONES.

198 2811 207 2826 ¹
222 2811 268 2836 καὶ
282 2810 479 2845 ἐνεργούμενοι.
494 2811 600 2845 Πρῶτοι
612 2810 634 2836 δ’
648 2809 703 2841 οὖν,
719 2811 747 2836 D.
812 2811 860 2836 (ΙΙ).
879 2812 908 2836 5.
925 2815 951 2836 et
973 2810 1002 2836 ν.
1025 2811 1046 2825 ¹⁰
1060 2810 1218 2852 γρκκαίτοι.
1279 2809 1565 2852 Ιέιπρκηρὺτ-τεταιντὸν
1579 2808 1696 2852 μήηριέι.
1718 2806 1785 2852 llud;

164 2852 211 2870 sua
225 2854 303 2872 manu
317 2842 448 2874 corrc-xit
463 2852 488 2872 et
504 2842 585 2873 vertit
609 2846 669 2872 Sar.
711 2846 731 2861 ¹²
743 2845 839 2877 ἀξίοις,
857 2846 907 2873 Ch.
948 2846 969 2860 ”
983 2846 1042 2871 ἐπεὶ
1056 2842 1094 2875 δέ.
1112 2845 1140 2871 D.
1154 2846 1202 2872 Ch.
1243 2845 1265 2860 "
1279 2844 1346 2870 Bud.
1360 2842 1478 2870 correxit
1489 2844 1587 2875 αὐτοῖς.
1630 2843 1651 2858 ’⁸
1664 2842 1786 2877 δέσματά

163 2880 203 2917 ζεεέ
217 2880 253 2917 _M.
271 2881 316 2917 ἓν.
365 2881 386 2896 ¹⁶
398 2881 458 2907 τότε
472 2882 495 2907 οἱ
510 2882 642 2917 πανίεροι,
659 2881 692 2907 M.
710 2880 739 2906 D.
757 2882 805 2906 (2h.
822 2882 866 2907 Sc.
883 2882 943 2907 δην.
959 2881 983 2906 οἱ
996 2881 1024 2907 δέ
1037 2881 1170 2917 πανίεροι,
1183 2880 1212 2907 Β.
1229 2879 1480 2917 ςοννςῖμχολογία
1495 2877 1649 2916 legendum,
1687 2878 1707 2893 "
1721 2878 1785 2913 όμοτ

165 2913 266 2946 λογίαν,
283 2915 311 2943 Ρ.
326 2916 356 2943 l).
375 2916 435 2944 Sar.
451 2922 478 2944 et
497 2917 571 2944 Vien.
590 2913 686 2944 minor.
727 2917 748 2932 “‘
762 2916 886 2952 ἀρχικήν,
904 2917 932 2944 υ.
949 2917 1098 2952 ἰερατικήν,
1114 2913 1141 2943 i".
1194 2917 1216 2931 “3
1230 2915 1348 2950 δωρεῶν,
1366 2913 1395 2940 ΡΑ
