1931 3073
123 156 177 184 ι57

635 155 679 182 DE
698 154 836 182 ECCLES.
858 152 1053 187 HIERARCII.,
1071 153 1147 182 CAP.
1165 153 1206 182 Ill.

1698 151 1748 180 153

125 224 214 246 stram
231 219 368 253 ignauam
382 226 524 246 munerum
537 218 655 246 orbitate
682 219 848 250 divinorum,
865 218 1012 252 propositis
1038 215 1197 243 muneribus
1225 213 1251 240 in
1285 213 1429 246 pristinum
1458 217 1558 240 statum
1579 219 1747 248 revocemur,

124 266 301 301 perfectaque
330 272 418 292 rerum
447 266 609 293 nostratium
638 266 833 300 assumptione,
848 273 960 291 suarum
972 271 1021 291 nos
1036 262 1190 298 participes
1206 259 1322 292 elIiciat,
1342 266 1427 294 eaque
1449 260 1555 288 ratione
1599 259 1645 286 Dei
1671 258 1750 286 nobis

125 309 334 344 divinarumque
379 318 470 337 rerum
513 312 732 338 communionem
777 311 910 346 largiatur

872 389 886 425 §
909 387 992 418 Vlll.

163 460 241 488 Οὖτω
248 461 275 487 δὲ
285 461 334 496 τῆς
349 460 496 498 θεαρχικῆς
510 461 717 498 φιλανθρωπίας
733 461 813 497 ὶερῶς
827 461 912 496 ὑμνη-

999 458 1026 486 ln
1040 459 1113 486 hunc
1135 462 1227 486 autem
1250 456 1313 484 mod
1322 463 1366 484 um
1381 456 1566 491 deiprincipali
1585 456 1750 491 benignitate

123 508 474 543 θείσης,ὲγκεκαλυμμένος
490 508 538 544 μὲν
552 509 566 535 ὁ
580 508 650 540 θεῖος
664 508 744 544 ἄρτος
756 507 912 543 προτίθεται

125 555 151 575 -‘°
173 555 219 581 καὶ
240 554 271 581 τὸ
294 555 343 590 τῆς
368 554 492 588 εὐλογίας
515 555 660 590 ποτήριονο
682 555 696 580 ὁ
720 554 748 581 δὲ
777 553 912 585 θειότατος

123 600 271 636 ἀσπασμὸς
287 601 476 636 ἱερουργεῖται,
487 601 534 627 καὶ
547 600 600 626 τῶν
615 600 789 636 ἁγιογράφων
804 600 912 635 πτυχῶν

124 647 143 681 ὴ
156 647 272 682 μυστικὴ
282 647 328 674 καὶ
339 647 523 682 ὑπερκόσμιος
536 647 695 683 ἀνάρρησις.
708 647 745 674 Οὐ
757 646 811 683 γὰρ
827 647 911 673 ἔνεστι

126 692 196 728 πρὸς
217 692 247 718 τὸ
266 692 294 718 ἓν
322 692 484 726 συνάγεσθαι
511 694 620 729 καὶτῆς
642 693 688 720 τοῦ
709 693 768 724 ἑνὸς
791 693 912 728 μετέχειν

124 737 266 773 είρηναίας
280 738 401 769 ὲνώσεως
424 738 487 770 τοὺς
510 738 578 774 πρὸς
599 740 710 770 ἑαυτοὺς
722 739 909 775 διῃρημένους.

123 782 158 814 Ei.
171 781 225 817 γὰρ
240 782 292 809 ὑπὸ
312 783 362 818 τῆς
375 783 422 810 τοῦ
445 784 503 816 ἐνὸς
524 784 640 820 θεωρίας
654 785 701 811 καὶ
723 784 848 819 γνώσεως
868 786 911 812 ὲλ-

123 828 305 864 λαμπόμενοι,
321 829 391 864 πρὸς
408 830 457 866 τὴν
478 830 580 866 ἑνοειδῆ
597 831 644 857 καὶ
659 830 733 857 θείαν
752 832 912 866 συναγωγὴν

122 874 325 910 ὲνοποιηθῶμεν
336 876 369 908 ²¹,
379 876 429 902 οὐκ
439 875 471 903 ἂν
481 876 528 902 ἐπὶ
535 875 584 908 τὰς
593 875 722 912 μεριστὰς
729 877 913 912 ἀναηοίμεθα

124 919 306 947 καταπίπτειν
322 919 479 962 ἐπιθυμίας.
495 920 524 953 ἐξ
538 918 575 947 ὧν
592 921 621 947 αἱ
640 921 769 956 πρόσυλοι
782 921 911 958 δημιουρ-

125 964 235 999 γοῦνται
247 967 293 993 καὶ
307 966 439 1002 ἐμπαθεῖς
452 966 519 1002 πρὸς
527 965 557 992 τὸ
570 966 640 994 κατὰ
654 967 733 1001 φύσιν
747 967 878 1003 ὁμοειδεῖς
889 968 911 984 ’⁸

124 1010 277 1046 ἀπέχθειαι.
300 1011 407 1047 Ταύτην
429 1008 486 1043 οὖν,
509 1011 548 1044 ὡς
566 1010 653 1048 οἶμαι,
678 1013 728 1049 τὴν
749 1014 849 1050 ὲνοειδῆ
865 1015 912 1041 καὶ

125 1057 276 1093 ἀδιαίρετον
290 1057 362 1092 ζωὴν
377 1058 393 1093 ἡ
407 1058 457 1094 τῆς
476 1059 588 1094 εἰρήνης
612 1060 750 1096 ἱερουργία
763 1061 910 1097 νομοθετεῖ,

129 1102 164 1138 τῷ
184 1103 268 1139 ὁμοίῳ
288 1103 318 1130 τὸ
340 1104 432 1139 ὅμοιον
453 1104 622 1140 ὲνιδρύουσα,
641 1106 688 1132 καὶ
708 1107 761 1133 τῶν
778 1108 911 1142 μεριστῶν

126 1148 369 1176 ἀπώιαπὲλλουσα
383 1149 417 1176 τὰ
431 1149 489 1177 θεῖα
501 1151 548 1177 καὶ
563 1152 651 1180 ἐνιαῖα
664 1152 796 1188 θεάματα.

963 510 1056 533 sancte
1079 504 1243 536 collaudata,
1273 506 1421 537 coopertus
1442 503 1551 536 quidem
1573 502 1681 530 divinus
1705 501 1750 528 ille

963 552 1041 586 panis
1056 551 1182 585 calixque
1210 549 1415 578 benedictionis
1437 549 1597 583 proponitur
1612 557 1620 575 :
1636 548 1749 575 divinis-

963 598 1031 624 sima
1044 604 1110 624 vero
1123 595 1252 623 salutatio
1269 596 1326 623 sive
1341 594 1477 626 osaulum,
1493 601 1691 628 sacrarumque
1707 597 1750 620 ta-

963 643 1083 670 bularum
1105 642 1220 678 mystica
1237 646 1264 669 et
1285 640 1517 676 supermundialis
1534 640 1658 667 recitatio
1680 639 1750 666 cele-

962 690 1067 718 bratur.
1083 689 1142 717 Non
1164 690 1236 717 enim
1259 693 1376 724 possunt
1392 688 1426 715 ad
1451 695 1536 715 unum
1552 687 1650 722 colligi,
1669 691 1751 721 atque

963 735 1042 763 unius
1059 735 1182 770 pacilio-.2
1198 735 1309 762 unionis
1322 734 1469 770 participes
1480 735 1612 766 existere,
1640 734 1686 768 qui
1705 740 1751 760 se-

963 789 1025 809 cum
1042 781 1091 816 ipsi
1110 781 1253 809 dissident.
1280 780 1347 808 Nam
1371 781 1395 808 si
1420 781 1501 808 unius
1517 779 1751 814 contemplatione

962 832 1043 862 atque
1055 827 1212 862 cognitione
1226 827 1367 859 illustrati,
1381 827 1415 853 ad
1428 826 1591 853 uniformem
1605 825 1750 860 quamdam

963 881 995 901 ac
1009 874 1128 901 divinam
1147 873 1228 909 194
1246 873 1464 908 conjunctionem
1488 872 1684 907 redigerentur,
1702 880 1751 899 ne-

962 927 1098 955 quaquam
1116 920 1142 947 in
1166 919 1269 947 divisas
1287 919 1453 954 cupiditates
1476 919 1559 946 dilabi
1576 926 1625 946 nos
1644 922 1752 953 patere-

963 973 1077 998 mur,ex
1087 965 1187 1001 quibus
1199 965 1258 993 ista:
1270 965 1429 992 materiales
1441 964 1582 1000 plenaeque
1594 964 1750 998 passionum

963 1012 1092 1039 adversus
1103 1012 1222 1047 zequales
1235 1012 1358 1039 existunt
1372 1011 1531 1039 inimicitiae.
1546 1011 1622 1038 Hanc
1641 1010 1749 1045 itaque,

962 1058 1000 1085 uti
1017 1066 1089 1091 reor,
1103 1057 1271 1085 uniformem
1283 1061 1366 1092 atque
1382 1057 1526 1084 indivisam
1539 1056 1602 1083 vitae
1617 1056 1751 1083 rationem

962 1111 1041 1132 sacra
1062 1105 1112 1131 ista
1138 1103 1214 1138 pacis
1234 1103 1389 1131 conciliatio
1408 1103 1509 1135 sancit,
1529 1102 1591 1129 dum
1612 1102 1700 1129 simile
1723 1102 1751 1130 iu

927 1148 949 1175 B
963 1150 1044 1178 simili
1060 1150 1185 1181 collocat,
1201 1153 1230 1176 et
1251 1149 1342 1176 divina
1361 1148 1565 1183 singulariaque
1588 1145 1746 1182 spectacula

965 1204 980 1224 a
998 1196 1117 1224 dividuis
1131 1196 1260 1223 secernit.

882 1255 896 1291 §
912 1253 968 1286 IX.

162 1320 222 1348 Τῶν
236 1320 264 1347 δὲ
281 1321 361 1356 ἱερῶν
381 1322 492 1358 πτυχῶν
508 1323 524 1358 ἡ
548 1323 617 1359 μετὰ
630 1324 679 1361 τὴν
695 1325 806 1361 εἰρήνην
826 1326 912 1362 ἀνάρ-

127 1368 206 1411 ρησις
220 1367 400 1403 ἀνακηρύττει
414 1369 477 1400 τοὺς
489 1369 569 1400 ὁσίως
584 1369 757 1404 βεϐιωκότας,
779 1373 826 1399 καὶ
846 1373 914 1408 πρὸς

126 1413 254 1449 ἐναρέτου
268 1414 340 1449 ζωῆς
354 1415 491 1442 τελείωσιν
506 1416 699 1451 ἀμεταστάτως
715 1418 895 1454 ἀφικομένους
905 1427 911 1434 ·

127 1460 200 1496 ἡμᾶς
220 1461 268 1496 μὲν
283 1462 330 1489 ἐπὶ
350 1463 399 1499 τὴν
413 1463 446 1489 δι’
461 1464 617 1500 ὁμοιότητος
637 1464 726 1492 αὐτῶν
743 1465 913 1502 μακαριστὴν

127 1504 183 1537 ἕξιν
197 1506 220 1522 ’³
234 1507 281 1534 καὶ
294 1506 395 1544 θεοειδῆ
420 1508 496 1544 λῆξιν
510 1509 701 1545 προτρέπουσα
719 1511 766 1537 καὶ
781 1520 915 1546 χειραγω-

127 1551 223 1596 γοῦσα,
239 1553 302 1585 τοὺς
315 1554 342 1580 δὲ
357 1554 394 1586 ὡς
410 1554 512 1588 ζῶντας
531 1557 766 1593 ἀνακηρύττουσα,
783 1560 829 1586 καὶ
843 1559 881 1591 ὼς
895 1561 913 1596 ἠ

124 1595 251 1632 θεολογία
266 1599 358 1634 φησὶν,
373 1600 403 1627 οὐ
419 1602 614 1637 νεκρωθέντας,
638 1603 706 1630 ἀλλὰ
719 1605 758 1636 εἰς
774 1595 913 1642 θειοτάτην

127 1642 200 1678 ζωὴν
214 1643 246 1670 ἐκ
268 1644 384 1672 θανάτου
409 1648 668 1683 μεταφοιτὴσαντας.
692 1650 791 1676 Σκόπει
812 1650 852 1683 δὲ,
875 1652 916 1679 ὅτι

127 1689 174 1724 atat
187 1691 368 1725 μνημοσύνοις
383 1692 465 1728 ἱεροῖς
478 1694 647 1721 ἀνατίθενται
660 1696 692 1727 ⁸⁸,
705 1697 753 1731 τῆς
763 1696 836 1729 θείας
848 1699 915 1734 μνή-

129 1743 184 1770 μης
196 1736 245 1762 οὒκ
256 1736 435 1772 ἀνθρωπικῶς
450 1739 478 1765 ὲν
492 1741 525 1775 τῇ
538 1740 585 1766 τοῦ
601 1741 769 1777 μνημονικοῦ
782 1743 916 1779 φαντασίᾳ

128 1781 310 1818 δηλουμένης,
335 1784 440 1816 ἀλλ’ὡς
455 1785 488 1814 ἄν
509 1795 551 1818 τις
569 1788 635 1823 φαίη
657 1788 825 1824 θεοπρεπῶς,
846 1789 917 1816 κατὰ

128 1825 177 1861 τὴν
192 1827 220 1853 ὲν
233 1827 292 1862 Θεῷ
307 1829 329 1844 ⁸⁵
343 1829 397 1856 τῶν
410 1831 609 1866 τετελεσμένων
625 1832 746 1860 θεοειδῶν
759 1836 853 1869 τιμίαν
869 1835 917 1861 καὶ

1003 1327 1150 1354 Sacrorum
1172 1335 1253 1362 porro
1269 1326 1424 1355 tabularum
1439 1333 1500 1360 qua:
1517 1329 1578 1360 post
1593 1331 1686 1360 pacem
1703 1324 1752 1351 ad-

967 1373 1076 1400 hibetur
1092 1373 1226 1406 recitatio,
1245 1372 1412 1407 deprzedicat
1431 1379 1479 1399 eos
1497 1371 1542 1405 qui
1563 1374 1658 1398 sancte
1673 1370 1752 1397 vixe-

967 1423 1040 1453 runt,
1053 1423 1136 1453 atque
1150 1419 1184 1450 ad
1196 1418 1290 1454 proba
1304 1418 1368 1445 vim
1388 1417 1582 1452 perfectionem
1596 1420 1754 1446 constanter

966 1470 1166 1500 pervenerunt;
1194 1472 1243 1492 nos
1266 1464 1391 1499 quidem',
1408 1471 1503 1491 eorum
1527 1463 1693 1496 imitatione,
1719 1461 1752 1488 ad

967 1511 1156 1538 beatissimum
1185 1511 1261 1538 illum
1284 1514 1385 1537 statum
1401 1510 1577 1545 quietemque
1593 1509 1754 1537 deiformem

969 1557 1141 1585 adhortando
1169 1565 1201 1584 ac
1223 1557 1445 1590 manudueendo,
1464 1556 1526 1583 illos
1550 1563 1616 1583 vero
1636 1564 1685 1583 ceu
1714 1556 1755 1582 vi-

969 1609 1062 1631 ventes
1078 1603 1254 1637 cclebrando,
1278 1603 1377 1638 quippe
1396 1607 1427 1629 ut
1443 1602 1578 1638 theologia
1592 1602 1682 1634 docet,
1706 1608 1754 1628 ne-

965 1656 1103 1683 quaquam
1121 1652 1255 1681 morluos,
1277 1648 1324 1675 sed
1341 1656 1375 1675 ex
1391 1652 1478 1675 morte
1495 1648 1527 1675 ad
1542 1648 1625 1674 vitam
1642 1646 1754 1673 divinis-

965 1695 1062 1723 simam
1079 1695 1238 1722 translatos.
1253 1695 1370 1723 Adverte
1386 1700 1489 1726 autem,
1502 1698 1573 1722 utet
1591 1695 1679 1721 sacris
1694 1701 1752 1720 me-

965 1741 1122 1768 morialibus
1148 1741 1316 1774 inserantur,
1342 1749 1395 1768 non
1421 1742 1503 1776 quasi
1530 1741 1651 1768 humano
1675 1748 1752 1767 more

964 1787 1123 1813 memoriam
1148 1787 1283 1819 divinam,
1312 1787 1339 1814 in
1365 1795 1396 1814 ea
1424 1792 1501 1822 parte
1531 1787 1668 1814 memoriae
1693 1793 1754 1820 qua:

965 1833 1021 1859 visa
1037 1832 1145 1867 recipit,
1163 1833 1253 1861 inesse
1266 1833 1400 1866 declaret,
1414 1834 1462 1860 sed
1477 1838 1506 1860 ut
1521 1833 1581 1868 quis
1593 1832 1693 1859 dixerit
1704 1840 1753 1866 pro

127 1872 313 1907 ἀμετάστατον
329 1875 351 1890 ³⁸
373 1875 483 1909 γνῶσιν.
502 1878 599 1912 Ἔγνω
613 1879 668 1914 γὰρ
686 1879 747 1914 (ἔφη
769 1879 803 1906 τὰ
825 1880 911 1916 λόγια)

966 1878 1011 1906 Dei
1024 1879 1164 1914 dignitate,
1178 1880 1326 1907 secundum
1342 1887 1402 1907 eam
1417 1887 1477 1914 quae
1492 1879 1518 1906 in
1533 1880 1588 1906 Deo
1603 1885 1643 1906 est
1658 1887 1751 1906 rerqu

128 1916 199 1949 τοὺς
214 1917 304 1951 ὄντας
320 1920 428 1946 αὐτοῦ’
453 1922 509 1954 καὶ,
530 1922 627 1957 Τίμιος
647 1924 787 1950 ἐναντίον
803 1926 914 1959 Κυρίου

128 1965 145 1990 ό
156 1963 282 1997 θάνατος
291 1964 351 1992 τῶν
361 1966 455 1992 ὁσίων⁴
465 1968 567 2000 αὑτοῦ,
578 1969 625 1995 τοῦ
641 1969 755 1997 θανάτου
763 1970 820 2005 ,τῶν
833 1971 914 1997 ὁσίων

128 2009 189 2036 ἀντὶ
198 2010 247 2045 τῆς
258 2011 287 2037 ἐν
300 2011 418 2047 ὁσιότητι
429 2013 592 2045 τελειιὶισεως
607 2015 761 2051 εἰρημένου.
769 2017 824 2044 Καὶ
836 2017 915 2043 τοῦτο

128 2056 157 2082 δὲ
173 2056 252 2092 ίερῶς
273 2057 409 2093 ἐννόησον,
423 2060 657 2092 ὡς,ὲπιτεθέντων
678 2063 717 2098 τῷ
739 2063 803 2099 θείῳ
819 2063 914 2091 θυσια-

130 2104 233 2140 στηρίῳ
245 2104 299 2132 τῶν
316 2105 471 2141 σεϐασμίων
485 2108 507 2124 ³⁷
519 2108 711 2143 σνμδόλων,δι’
721 2107 758 2137 ῶν
771 2112 785 2138 ὁ
798 2111 915 2146 Χριστὸς

131 2150 291 2184 σημαίνεται
313 2151 361 2178 καὶ
384 2152 534 2188 μετέχεται,
559 2155 690 2191 πάρεστιν
711 2157 879 2189 ἁδιαστάτως
898 2159 915 2194 ἡ

129 2193 183 2220 τῶν
193 2195 278 2228 ἁγίων
292 2196 449 2232 ἀπογραφὴ,
464 2198 494 2224 τὸ
505 2200 716 2235 συνεζευγμένον
726 2201 815 2228 αὐτῶν
829 2202 915 2228 ἀδιαι-

131 2237 215 2274 ρέτως
228 2242 396 2276 ἐμφαίνουσα
409 2244 459 2279 τῆς
480 2245 548 2281 πρὸς
563 2245 643 2273 αὑτὸν
663 2247 847 2284 ὑπερκοσμίου
869 2249 915 2275 καὶ

130 2285 205 2321 ἱερᾶς
223 2286 355 2322 ὲνώσεως,
787 2286 790 2291 “

967 1925 1152 1960 perfectarum
1175 1934 1207 1953 ac
1222 1926 1396 1953 deiformium
1411 1927 1560 1961 pretiosam
1583 1931 1609 1952 et
1626 1927 1753 1952 immuta-

966 1971 1047 1998 bilem
1059 1972 1253 2007 cognitionem.
1271 1972 1349 1999 Novit
1365 1973 1448 2006 enim,
1472 1974 1512 2008 (ut
1527 1972 1633 2007 eloquia
1649 1975 1753 1999 testan-

966 2021 1030 2050 tur),
1045 2026 1090 2052 qut
1118 2023 1180 2044 sunt
1201 2019 1258 2053 ejus
1282 2024 1316 2050 c;
1337 2023 1365 2045 et
1386 2028 1392 2045 :
1418 2018 1539 2045 Pretiosa
1562 2019 1591 2045 in
1614 2023 1753 2052 conspectu

966 2063 1072 2090 Domini
1096 2072 1165 2091 mora
1189 2070 1339 2092 sanctorum
1359 2066 1415 2098 ejus
1436 2065 1462 2097 ά,
1492 2070 1579 2093 morte
1596 2069 1752 2093 sanctorum

965 2117 1014 2144 pro
1036 2115 1129 2137 sancta
1154 2112 1394 2138 consummatione
1417 2117 1540 2146 accepta.
1563 2112 1617 2138 Sed
1643 2116 1670 2139 et
1687 2112 1753 2138 illud

966 2162 1075 2190 quoque
1096 2162 1191 2184 sancte
1207 2157 1334 2189 observa,
1360 2162 1389 2185 ut
1414 2158 1549 2192 impositis
1566 2158 1657 2184 divino
1671 2157 1752 2184 altari

967 2202 1053 2229 sacris
1068 2203 1198 2238 symbolis
1215 2204 1314 2238 quibus
1332 2204 1459 2232 Christus
1472 2204 1645 2234 signiﬁcatur
1659 2212 1690 2231 ac
1705 2212 1754 2231 sun

968 2249 1065 2281 mitur,
1090 2250 1214 2283 protinus
1238 2251 1309 2277 adsit
1334 2255 1491 2278 sanctorum
1518 2251 1560 2278 illa
1587 2250 1752 2285 descriptio;

967 2303 1027 2329 quae
1042 2294 1211 2323 individuam
1227 2304 1323 2323 eorum
1337 2297 1555 2331 conjunctionem
1570 2297 1754 2332 unionemquo

967 2348 1029 2368 cum
1044 2340 1092 2368 illo
1107 2342 1362 2376 supermundialem
1378 2350 1544 2377 sacramque
1560 2343 1689 2370 insinuat.

904 2420 976 2456 §X.

165 2480 274 2530 Ἰῖούτων
284 2482 312 2509 δὲ
329 2483 389 2510 καθ’
404 2485 433 2511 ὃν
444 2485 549 2521 εἴρηται
561 2486 660 2522 θεσμὸν
672 2488 911 2524 ἱερουργηθέντων,

1002 2491 1050 2519 His
1064 2497 1155 2521 autem
1173 2502 1206 2522 eo
1218 2502 1272 2529 quo
1289 2495 1389 2523 dictum
1407 2501 1450 2523 est
1464 2496 1517 2523 ritu
1533 2496 1688 2530 celebratis,
1706 2498 1754 2525 ad.

129 2528 214 2559 terra);
229 2529 393 2565 ἐπίπροσθεν
404 2531 458 2557 τῶν
471 2532 630 2566 ἁγιωτάτων
646 2534 669 2549 ’⁸
685 2535 825 2570 συμϐόλων
841 2535 915 2562 ὕδατι

128 2573 178 2606 τὰς
190 2575 284 2610 χεῖρας
294 2576 308 2601 ὁ
324 2575 453 2612 ίεράρχης
466 2577 589 2605 νίπτεται
606 2579 674 2614 μετὰ
685 2580 731 2607 τοῦ
747 2582 846 2616 σεμνοῦ
862 2582 915 2610 τῶν

188 2657 200 2671 ε
214 2653 232 2680 ll
252 2653 321 2681 Tim.
337 2663 367 2682 ll.
420 2655 434 2675 ά
447 2656 517 2685 Psal.
533 2659 651 2691 cxv,15.

967 2543 1042 2566 stans
1064 2548 1155 2566 coram
1177 2541 1307 2576 symbolis
1330 2542 1512 2569 sanctissimis
1536 2542 1658 2577 pontifex
1681 2551 1752 2579 aqua

968 2591 1064 2612 manus
1081 2586 1166 2614 abluit
1189 2595 1241 2614 una
1268 2595 1328 2615 cmn
1355 2589 1527 2616 sacerdotum
1550 2589 1649 2617 ordine
1672 2598 1752 2618 vene—

750 2729 867 2758 VARI/E
887 2732 1091 2760 LECTIONES.

163 2804 185 2822 ιο
199 2805 381 2839 προστίθεται,
396 2807 429 2835 Μ.
444 2809 490 2836 Sc.
503 2808 566 2836 Sar.

131 2838 153 2882 ξ
167 2838 247 2882 ἱεροῖς
260 2841 456 2882 ἀναίξθεινταιμ,
520 2843 572 2871 Ch.
654 2847 675 2862 ³⁵
689 2838 798 2882 svasit};

132 2877 302 2909 σμιωτᾱτων,
316 2877 367 2906 Ch.
406 2879 428 2896 ³⁸
439 2878 523 2911 ἁγίων
535 2879 686 2913 συμϐόλων,
700 2882 749 2911 Ch.

613 2811 635 2826 “
651 2811 883 2849 ενοποιηθείημεν,
899 2813 929 2839 D.
944 2813 974 2841 S.

825 2823 883 2849 μεν,
899 2823 929 2839 υ.
945 2823 974 2841 ὓ.
1031 2823 1052 2830 ⁵⁵
1064 2823 1159 2849 ομοειοε

804 2823 841 2877 Ἰ).
858 2849 905 2885 τὴν
918 2849 946 2877 ὲν
969 2849 1006 2884 τῷ
1030 2850 1103 2885 Θεῷ,
1130 2851 1159 2877 υ,

1030 2815 1257 2852 ’ξομοειδέςλῖιμ
1284 2815 1328 2843 Sc.
1369 2816 1574 2852 ²³μακαρίστην
1600 2816 1656 2850 ἕξιν
1681 2817 1749 2852 lege.

1215 2852 1236 2866 "'
1252 2851 1455 2886 ἀμετάπτωτον,
1482 2851 1510 2878 D.
1533 2852 1581 2881 Ch.
1630 2853 1659 2888 "7
1673 2851 1751 2880 σεϐα-
