  <div class='ocr_page' id='page_1' title='image "/cluster/home/n/w/nwhite01/storage/ocr_20150623/3/njp.32101077772356/287.png"; bbox 0 0 1931 3073; ppageno 0'>
   <div class='ocr_carea' id='block_1_1' title="bbox 187 136 244 165">
    <p class='ocr_par' dir='ltr' id='par_1_1' title="bbox 187 136 244 165">
     <span class='ocr_line' id='line_1_1' title="bbox 187 136 244 165; baseline 0 0"><span class='ocrx_word' id='word_1_1' title='bbox 187 136 244 165; x_wconf 68' lang='lat'><strong>.439</strong></span> 
     </span>
    </p>
   </div>
   <div class='ocr_carea' id='block_1_2' title="bbox 786 137 1236 166">
    <p class='ocr_par' dir='ltr' id='par_1_2' title="bbox 786 137 1236 166">
     <span class='ocr_line' id='line_1_2' title="bbox 786 137 1236 166; baseline 0.002 -1"><span class='ocrx_word' id='word_1_2' title='bbox 786 137 814 166; x_wconf 89' lang='lat' dir='ltr'><strong>S.</strong></span> <span class='ocrx_word' id='word_1_3' title='bbox 834 137 985 166; x_wconf 85' lang='lat' dir='ltr'><strong>DlONYSll</strong></span> <span class='ocrx_word' id='word_1_4' title='bbox 1002 137 1236 166; x_wconf 59' lang='lat' dir='ltr'><strong>AREOPAGITIE</strong></span> 
     </span>
    </p>
   </div>
   <div class='ocr_carea' id='block_1_3' title="bbox 1753 136 1809 165">
    <p class='ocr_par' dir='ltr' id='par_1_3' title="bbox 1753 136 1809 165">
     <span class='ocr_line' id='line_1_3' title="bbox 1753 136 1809 165; baseline 0 0"><span class='ocrx_word' id='word_1_5' title='bbox 1753 136 1809 165; x_wconf 68' lang='grc' dir='ltr'><strong>«ΗΟ</strong></span> 
     </span>
    </p>
   </div>
   <div class='ocr_carea' id='block_1_4' title="bbox 192 193 972 233">
    <p class='ocr_par' dir='ltr' id='par_1_4' title="bbox 192 196 972 233">
     <span class='ocr_line' id='line_1_4' title="bbox 192 196 972 233; baseline 0 -9"><span class='ocrx_word' id='word_1_6' title='bbox 192 198 290 225; x_wconf 83' lang='lat' dir='ltr'><strong>rando.</strong></span> <span class='ocrx_word' id='word_1_7' title='bbox 306 196 371 225; x_wconf 84' lang='lat' dir='ltr'><strong>Nam</strong></span> <span class='ocrx_word' id='word_1_8' title='bbox 387 196 432 233; x_wconf 86' lang='lat' dir='ltr'><strong>qui</strong></span> <span class='ocrx_word' id='word_1_9' title='bbox 453 197 527 225; x_wconf 87' lang='lat' dir='ltr'><strong>lotus</strong></span> <span class='ocrx_word' id='word_1_10' title='bbox 552 202 596 225; x_wconf 88' lang='lat' dir='ltr'><strong>est</strong></span> <span class='ocrx_word' id='word_1_11' title='bbox 624 197 666 232; x_wconf 83' lang='lat' dir='ltr'><strong>(ut</strong></span> <span class='ocrx_word' id='word_1_12' title='bbox 685 197 793 232; x_wconf 89' lang='lat' dir='ltr'><strong>eloquia</strong></span> <span class='ocrx_word' id='word_1_13' title='bbox 825 196 972 232; x_wconf 85' lang='lat' dir='ltr'><strong>testantur)</strong></span> 
     </span>
    </p>
   </div>
   <div class='ocr_carea' id='block_1_5' title="bbox 1023 193 1806 233">
    <p class='ocr_par' dir='ltr' id='par_1_5' title="bbox 1026 193 1806 233">
     <span class='ocr_line' id='line_1_5' title="bbox 1026 193 1806 233; baseline -0.005 -9"><span class='ocrx_word' id='word_1_14' title='bbox 1026 197 1122 233; x_wconf 79' lang='grc' dir='ltr'><strong>ἱερέων</strong></span> <span class='ocrx_word' id='word_1_15' title='bbox 1137 198 1285 233; x_wconf 72' lang='grc' dir='ltr'>τᾶγματος.</span> <span class='ocrx_word' id='word_1_16' title='bbox 1303 196 1361 223; x_wconf 87' lang='grc' dir='ltr'>Ὅτι</span> <span class='ocrx_word' id='word_1_17' title='bbox 1385 196 1433 232; x_wconf 84' lang='grc' dir='ltr'><strong>μέν</strong></span> <span class='ocrx_word' id='word_1_18' title='bbox 1454 193 1510 227; x_wconf 79' lang='grc' dir='ltr'>οὖν,</span> <span class='ocrx_word' id='word_1_19' title='bbox 1525 195 1562 227; x_wconf 86' lang='grc' dir='ltr'>ὼς</span> <span class='ocrx_word' id='word_1_20' title='bbox 1576 194 1610 221; x_wconf 77' lang='grc' dir='ltr'><strong>τὰ</strong></span> <span class='ocrx_word' id='word_1_21' title='bbox 1625 194 1701 228; x_wconf 84' lang='grc' dir='ltr'>λόγιά</span> <span class='ocrx_word' id='word_1_22' title='bbox 1715 203 1806 230; x_wconf 79' lang='grc' dir='ltr'>φησιν,</span> 
     </span>
    </p>
   </div>
   <div class='ocr_carea' id='block_1_6' title="bbox 192 244 973 279">
    <p class='ocr_par' dir='ltr' id='par_1_6' title="bbox 192 244 973 279">
     <span class='ocr_line' id='line_1_6' title="bbox 192 244 973 279; baseline 0.001 -8"><span class='ocrx_word' id='word_1_23' title='bbox 192 251 245 274; x_wconf 81' lang='lat' dir='ltr'><strong>non</strong></span> <span class='ocrx_word' id='word_1_24' title='bbox 262 252 329 279; x_wconf 81' lang='lat' dir='ltr'><strong>opus</strong></span> <span class='ocrx_word' id='word_1_25' title='bbox 349 245 431 272; x_wconf 86' lang='lat' dir='ltr'><strong>habet</strong></span> <span class='ocrx_word' id='word_1_26' title='bbox 446 244 499 272; x_wconf 86' lang='lat' dir='ltr'><strong>alia</strong></span> <span class='ocrx_word' id='word_1_27' title='bbox 522 252 602 279; x_wconf 87' lang='lat' dir='ltr'><strong>quam</strong></span> <span class='ocrx_word' id='word_1_28' title='bbox 616 245 802 273; x_wconf 79' lang='lat' dir='ltr'><strong>summitatum</strong></span> <span class='ocrx_word' id='word_1_29' title='bbox 817 252 864 271; x_wconf 87' lang='lat' dir='ltr'><strong>seu</strong></span> <span class='ocrx_word' id='word_1_30' title='bbox 879 248 973 272; x_wconf 81' lang='lat' dir='ltr'><strong>extre-</strong></span> 
     </span>
    </p>
   </div>
   <div class='ocr_carea' id='block_1_7' title="bbox 192 290 973 326">
    <p class='ocr_par' dir='ltr' id='par_1_7' title="bbox 192 290 973 326">
     <span class='ocr_line' id='line_1_7' title="bbox 192 290 973 326; baseline -0.001 -9"><span class='ocrx_word' id='word_1_31' title='bbox 192 291 316 317; x_wconf 87' lang='lat' dir='ltr'><strong>ntitatum</strong></span> <span class='ocrx_word' id='word_1_32' title='bbox 344 298 453 318; x_wconf 90' lang='lat' dir='ltr'><strong>suarum</strong></span> <span class='ocrx_word' id='word_1_33' title='bbox 483 290 584 317; x_wconf 89' lang='lat' dir='ltr'><strong>lotione</strong></span> <span class='ocrx_word' id='word_1_34' title='bbox 601 296 624 323; x_wconf 82' lang='grc' dir='ltr'><strong>ο,</strong></span> <span class='ocrx_word' id='word_1_35' title='bbox 648 299 697 326; x_wconf 90' lang='lat' dir='ltr'><strong>per</strong></span> <span class='ocrx_word' id='word_1_36' title='bbox 712 298 793 325; x_wconf 79' lang='lat' dir='ltr'><strong>quam</strong></span> <span class='ocrx_word' id='word_1_37' title='bbox 812 290 905 324; x_wconf 88' lang='lat' dir='ltr'><strong>utique</strong></span> <span class='ocrx_word' id='word_1_38' title='bbox 926 297 973 316; x_wconf 89' lang='lat' dir='ltr'><strong>su-</strong></span> 
     </span>
    </p>
   </div>
   <div class='ocr_carea' id='block_1_8' title="bbox 191 335 974 370">
    <p class='ocr_par' dir='ltr' id='par_1_8' title="bbox 191 335 974 370">
     <span class='ocr_line' id='line_1_8' title="bbox 191 335 974 370; baseline 0 -7"><span class='ocrx_word' id='word_1_39' title='bbox 191 343 311 370; x_wconf 87' lang='lat' dir='ltr'><strong>premam</strong></span> <span class='ocrx_word' id='word_1_40' title='bbox 338 336 499 363; x_wconf 70' lang='lat' dir='ltr'><strong>munditiam</strong></span> <span class='ocrx_word' id='word_1_41' title='bbox 520 336 578 370; x_wconf 89' lang='lat' dir='ltr'><strong>ﬁet,</strong></span> <span class='ocrx_word' id='word_1_42' title='bbox 597 341 628 364; x_wconf 92' lang='lat' dir='ltr'><strong>ut</strong></span> <span class='ocrx_word' id='word_1_43' title='bbox 651 336 821 363; x_wconf 88' lang='lat' dir='ltr'><strong>divinissimo</strong></span> <span class='ocrx_word' id='word_1_44' title='bbox 843 335 974 370; x_wconf 68' lang='lat' dir='ltr'><strong>prteditus</strong></span> 
     </span>
    </p>
   </div>
   <div class='ocr_carea' id='block_1_9' title="bbox 192 381 973 416">
    <p class='ocr_par' dir='ltr' id='par_1_9' title="bbox 192 381 973 416">
     <span class='ocr_line' id='line_1_9' title="bbox 192 381 973 416; baseline -0.001 -7"><span class='ocrx_word' id='word_1_45' title='bbox 192 382 285 409; x_wconf 85' lang='lat' dir='ltr'><strong>habitu</strong></span> <span class='ocrx_word' id='word_1_46' title='bbox 301 381 503 414; x_wconf 81' lang='lat' dir='ltr'><strong>deiformitatis,</strong></span> <span class='ocrx_word' id='word_1_47' title='bbox 519 383 582 410; x_wconf 92' lang='lat' dir='ltr'><strong>dum</strong></span> <span class='ocrx_word' id='word_1_48' title='bbox 603 382 635 409; x_wconf 87' lang='lat' dir='ltr'><strong>ad</strong></span> <span class='ocrx_word' id='word_1_49' title='bbox 649 382 790 416; x_wconf 77' lang='lat' dir='ltr'><strong>sequentia</strong></span> <span class='ocrx_word' id='word_1_50' title='bbox 803 389 910 416; x_wconf 89' lang='lat' dir='ltr'><strong>quoque</strong></span> <span class='ocrx_word' id='word_1_51' title='bbox 922 381 973 408; x_wconf 90' lang='lat' dir='ltr'><strong>be-</strong></span> 
     </span>
    </p>
   </div>
   <div class='ocr_carea' id='block_1_10' title="bbox 192 427 972 462">
    <p class='ocr_par' dir='ltr' id='par_1_10' title="bbox 192 427 972 462">
     <span class='ocr_line' id='line_1_10' title="bbox 192 427 972 462; baseline 0.003 -9"><span class='ocrx_word' id='word_1_52' title='bbox 192 427 272 462; x_wconf 82' lang='lat' dir='ltr'><strong>nigne</strong></span> <span class='ocrx_word' id='word_1_53' title='bbox 284 427 415 462; x_wconf 91' lang='lat' dir='ltr'><strong>procedit,</strong></span> <span class='ocrx_word' id='word_1_54' title='bbox 425 427 492 455; x_wconf 91' lang='lat' dir='ltr'><strong>liber</strong></span> <span class='ocrx_word' id='word_1_55' title='bbox 504 427 610 456; x_wconf 87' lang='lat' dir='ltr'><strong>futurus</strong></span> <span class='ocrx_word' id='word_1_56' title='bbox 623 428 657 455; x_wconf 91' lang='lat' dir='ltr'><strong>sit</strong></span> <span class='ocrx_word' id='word_1_57' title='bbox 666 433 693 456; x_wconf 91' lang='lat' dir='ltr'><strong>et</strong></span> <span class='ocrx_word' id='word_1_58' title='bbox 704 428 855 462; x_wconf 82' lang='lat' dir='ltr'><strong>expeditus,</strong></span> <span class='ocrx_word' id='word_1_59' title='bbox 871 428 972 462; x_wconf 82' lang='lat' dir='ltr'><strong>quippe</strong></span> 
     </span>
    </p>
   </div>
   <div class='ocr_carea' id='block_1_11' title="bbox 192 471 973 506">
    <p class='ocr_par' dir='ltr' id='par_1_11' title="bbox 192 471 973 506">
     <span class='ocr_line' id='line_1_11' title="bbox 192 471 973 506; baseline 0.003 -8"><span class='ocrx_word' id='word_1_60' title='bbox 192 479 304 506; x_wconf 81' lang='lat' dir='ltr'><strong>prorsus</strong></span> <span class='ocrx_word' id='word_1_61' title='bbox 319 471 474 504; x_wconf 89' lang='lat' dir='ltr'><strong>uniformis,</strong></span> <span class='ocrx_word' id='word_1_62' title='bbox 490 477 517 499; x_wconf 93' lang='lat' dir='ltr'><strong>et</strong></span> <span class='ocrx_word' id='word_1_63' title='bbox 532 473 566 500; x_wconf 86' lang='lat' dir='ltr'><strong>ad</strong></span> <span class='ocrx_word' id='word_1_64' title='bbox 581 481 662 500; x_wconf 88' lang='lat' dir='ltr'><strong>untttn</strong></span> <span class='ocrx_word' id='word_1_65' title='bbox 679 480 773 500; x_wconf 78' lang='lat' dir='ltr'><strong>rursus</strong></span> <span class='ocrx_word' id='word_1_66' title='bbox 789 473 892 500; x_wconf 90' lang='lat' dir='ltr'><strong>unitive</strong></span> <span class='ocrx_word' id='word_1_67' title='bbox 907 480 973 500; x_wconf 90' lang='lat' dir='ltr'><strong>con-</strong></span> 
     </span>
    </p>
   </div>
   <div class='ocr_carea' id='block_1_12' title="bbox 191 517 971 549">
    <p class='ocr_par' dir='ltr' id='par_1_12' title="bbox 191 517 971 549">
     <span class='ocr_line' id='line_1_12' title="bbox 191 517 971 549; baseline 0.003 -6"><span class='ocrx_word' id='word_1_68' title='bbox 191 524 297 549; x_wconf 86' lang='lat' dir='ltr'><strong>versus,</strong></span> <span class='ocrx_word' id='word_1_69' title='bbox 317 517 519 545; x_wconf 90' lang='lat' dir='ltr'><strong>immaculatam</strong></span> <span class='ocrx_word' id='word_1_70' title='bbox 543 518 624 545; x_wconf 91' lang='lat' dir='ltr'><strong>simul</strong></span> <span class='ocrx_word' id='word_1_71' title='bbox 641 523 668 545; x_wconf 85' lang='lat' dir='ltr'><strong>et</strong></span> <span class='ocrx_word' id='word_1_72' title='bbox 684 518 873 546; x_wconf 83' lang='lat' dir='ltr'><strong>intemeratam</strong></span> <span class='ocrx_word' id='word_1_73' title='bbox 892 525 971 545; x_wconf 85' lang='lat' dir='ltr'><strong>suam</strong></span> 
     </span>
    </p>
   </div>
   <div class='ocr_carea' id='block_1_13' title="bbox 192 562 973 600">
    <p class='ocr_par' dir='ltr' id='par_1_13' title="bbox 192 562 973 600">
     <span class='ocr_line' id='line_1_13' title="bbox 192 562 973 600; baseline 0.003 -11"><span class='ocrx_word' id='word_1_74' title='bbox 192 562 272 590; x_wconf 87' lang='lat' dir='ltr'><strong>faciet</strong></span> <span class='ocrx_word' id='word_1_75' title='bbox 300 564 517 597; x_wconf 84' lang='lat' dir='ltr'><strong>conversionem,</strong></span> <span class='ocrx_word' id='word_1_76' title='bbox 545 569 674 600; x_wconf 84' lang='lat' dir='ltr'><strong>tanquam</strong></span> <span class='ocrx_word' id='word_1_77' title='bbox 705 565 751 599; x_wconf 86' lang='lat' dir='ltr'><strong>qui</strong></span> <span class='ocrx_word' id='word_1_78' title='bbox 779 564 973 592; x_wconf 85' lang='lat' dir='ltr'><strong>deiformitatis</strong></span> 
     </span>
    </p>
   </div>
   <div class='ocr_carea' id='block_1_14' title="bbox 192 607 973 645">
    <p class='ocr_par' dir='ltr' id='par_1_14' title="bbox 192 607 973 645">
     <span class='ocr_line' id='line_1_14' title="bbox 192 607 973 645; baseline 0.004 -10"><span class='ocrx_word' id='word_1_79' title='bbox 192 615 246 636; x_wconf 66' lang='lat' dir='ltr'><strong>suae</strong></span> <span class='ocrx_word' id='word_1_80' title='bbox 256 607 452 643; x_wconf 79' lang='lat' dir='ltr'><strong>plenitudinem</strong></span> <span class='ocrx_word' id='word_1_81' title='bbox 466 614 493 637; x_wconf 84' lang='lat' dir='ltr'><strong>et</strong></span> <span class='ocrx_word' id='word_1_82' title='bbox 507 610 692 645; x_wconf 78' lang='lat' dir='ltr'><strong>integritatem</strong></span> <span class='ocrx_word' id='word_1_83' title='bbox 708 615 812 638; x_wconf 82' lang='lat' dir='ltr'><strong>servet.</strong></span> <span class='ocrx_word' id='word_1_84' title='bbox 828 610 914 638; x_wconf 87' lang='lat' dir='ltr'><strong>Porro</strong></span> <span class='ocrx_word' id='word_1_85' title='bbox 930 618 973 638; x_wconf 87' lang='lat' dir='ltr'><strong>sa-</strong></span> 
     </span>
    </p>
   </div>
   <div class='ocr_carea' id='block_1_15' title="bbox 192 654 973 692">
    <p class='ocr_par' dir='ltr' id='par_1_15' title="bbox 192 654 973 692">
     <span class='ocr_line' id='line_1_15' title="bbox 192 654 973 692; baseline 0.004 -11"><span class='ocrx_word' id='word_1_86' title='bbox 192 661 268 682; x_wconf 90' lang='lat' dir='ltr'><strong>crum</strong></span> <span class='ocrx_word' id='word_1_87' title='bbox 285 654 433 690; x_wconf 84' lang='lat' dir='ltr'><strong>lavacrum,</strong></span> <span class='ocrx_word' id='word_1_88' title='bbox 450 657 488 684; x_wconf 87' lang='lat' dir='ltr'><strong>uti</strong></span> <span class='ocrx_word' id='word_1_89' title='bbox 504 656 634 687; x_wconf 84' lang='lat' dir='ltr'><strong>diximus,</strong></span> <span class='ocrx_word' id='word_1_90' title='bbox 653 657 678 684; x_wconf 93' lang='lat' dir='ltr'><strong>in</strong></span> <span class='ocrx_word' id='word_1_91' title='bbox 698 656 777 692; x_wconf 81' lang='lat' dir='ltr'><strong>legali</strong></span> <span class='ocrx_word' id='word_1_92' title='bbox 793 661 851 684; x_wconf 85' lang='lat' dir='ltr'><strong>erat</strong></span> <span class='ocrx_word' id='word_1_93' title='bbox 868 658 973 685; x_wconf 87' lang='lat' dir='ltr'><strong>ltierar-</strong></span> 
     </span>
    </p>
   </div>
   <div class='ocr_carea' id='block_1_16' title="bbox 191 700 972 736">
    <p class='ocr_par' dir='ltr' id='par_1_16' title="bbox 191 700 972 736">
     <span class='ocr_line' id='line_1_16' title="bbox 191 700 972 736; baseline 0.004 -10"><span class='ocrx_word' id='word_1_94' title='bbox 191 700 274 733; x_wconf 83' lang='lat' dir='ltr'><strong>cltia;</strong></span> <span class='ocrx_word' id='word_1_95' title='bbox 299 701 378 728; x_wconf 91' lang='lat' dir='ltr'><strong>modo</strong></span> <span class='ocrx_word' id='word_1_96' title='bbox 404 706 493 728; x_wconf 89' lang='lat' dir='ltr'><strong>autem</strong></span> <span class='ocrx_word' id='word_1_97' title='bbox 517 701 653 736; x_wconf 89' lang='lat' dir='ltr'><strong>pontiﬁcis</strong></span> <span class='ocrx_word' id='word_1_98' title='bbox 677 709 710 729; x_wconf 91' lang='lat' dir='ltr'><strong>ac</strong></span> <span class='ocrx_word' id='word_1_99' title='bbox 729 703 901 729; x_wconf 84' lang='lat' dir='ltr'><strong>sacerdotum</strong></span> <span class='ocrx_word' id='word_1_100' title='bbox 927 703 972 730; x_wconf 82' lang='lat' dir='ltr'><strong>illa</strong></span> 
     </span>
    </p>
   </div>
   <div class='ocr_carea' id='block_1_17' title="bbox 192 747 972 783">
    <p class='ocr_par' dir='ltr' id='par_1_17' title="bbox 192 747 972 783">
     <span class='ocr_line' id='line_1_17' title="bbox 192 747 972 783; baseline 0.005 -11"><span class='ocrx_word' id='word_1_101' title='bbox 192 753 319 773; x_wconf 90' lang='lat' dir='ltr'><strong>utanuttm</strong></span> <span class='ocrx_word' id='word_1_102' title='bbox 331 747 434 774; x_wconf 87' lang='lat' dir='ltr'><strong>ablutio</strong></span> <span class='ocrx_word' id='word_1_103' title='bbox 450 747 514 773; x_wconf 89' lang='lat' dir='ltr'><strong>illud</strong></span> <span class='ocrx_word' id='word_1_104' title='bbox 527 748 614 782; x_wconf 86' lang='lat' dir='ltr'><strong>ipsum</strong></span> <span class='ocrx_word' id='word_1_105' title='bbox 629 748 760 775; x_wconf 86' lang='lat' dir='ltr'><strong>insinuat.</strong></span> <span class='ocrx_word' id='word_1_106' title='bbox 778 748 829 775; x_wconf 85' lang='lat' dir='ltr'><strong>Eos</strong></span> <span class='ocrx_word' id='word_1_107' title='bbox 842 749 913 775; x_wconf 87' lang='lat' dir='ltr'><strong>enim</strong></span> <span class='ocrx_word' id='word_1_108' title='bbox 925 749 972 783; x_wconf 84' lang='lat' dir='ltr'><strong>qui</strong></span> 
     </span>
    </p>
   </div>
   <div class='ocr_carea' id='block_1_18' title="bbox 191 792 973 828">
    <p class='ocr_par' dir='ltr' id='par_1_18' title="bbox 191 792 973 828">
     <span class='ocr_line' id='line_1_18' title="bbox 191 792 973 828; baseline 0.004 -9"><span class='ocrx_word' id='word_1_109' title='bbox 191 792 224 819; x_wconf 88' lang='lat' dir='ltr'><strong>ad</strong></span> <span class='ocrx_word' id='word_1_110' title='bbox 240 793 415 826; x_wconf 90' lang='lat' dir='ltr'><strong>purissimttm</strong></span> <span class='ocrx_word' id='word_1_111' title='bbox 434 794 570 821; x_wconf 85' lang='lat' dir='ltr'><strong>accedunt</strong></span> <span class='ocrx_word' id='word_1_112' title='bbox 585 794 751 822; x_wconf 86' lang='lat' dir='ltr'><strong>sacriﬁcium</strong></span> <span class='ocrx_word' id='word_1_113' title='bbox 767 795 892 828; x_wconf 84' lang='lat' dir='ltr'><strong>expiatos</strong></span> <span class='ocrx_word' id='word_1_114' title='bbox 912 802 973 822; x_wconf 87' lang='lat' dir='ltr'><strong>esse</strong></span> 
     </span>
    </p>
   </div>
   <div class='ocr_carea' id='block_1_19' title="bbox 190 840 973 875">
    <p class='ocr_par' dir='ltr' id='par_1_19' title="bbox 190 840 973 875">
     <span class='ocr_line' id='line_1_19' title="bbox 190 840 973 875; baseline 0.003 -9"><span class='ocrx_word' id='word_1_115' title='bbox 190 840 268 867; x_wconf 83' lang='lat' dir='ltr'><strong>decet</strong></span> <span class='ocrx_word' id='word_1_116' title='bbox 285 840 364 875; x_wconf 80' lang='lat'><strong>195</strong></span> <span class='ocrx_word' id='word_1_117' title='bbox 387 841 518 868; x_wconf 83' lang='lat' dir='ltr'><strong>extremis</strong></span> <span class='ocrx_word' id='word_1_118' title='bbox 541 841 624 868; x_wconf 85' lang='lat' dir='ltr'><strong>etiam</strong></span> <span class='ocrx_word' id='word_1_119' title='bbox 649 841 746 868; x_wconf 65' lang='lat' dir='ltr'><strong>animae</strong></span> <span class='ocrx_word' id='word_1_120' title='bbox 765 842 929 875; x_wconf 87' lang='lat' dir='ltr'><strong>pltantasiis,</strong></span> <span class='ocrx_word' id='word_1_121' title='bbox 944 844 973 868; x_wconf 82' lang='lat' dir='ltr'><strong>et</strong></span> 
     </span>
    </p>
   </div>
   <div class='ocr_carea' id='block_1_20' title="bbox 1024 239 1808 277">
    <p class='ocr_par' dir='ltr' id='par_1_20' title="bbox 1024 239 1808 277">
     <span class='ocr_line' id='line_1_20' title="bbox 1024 239 1808 277; baseline -0.003 -9"><span class='ocrx_word' id='word_1_122' title='bbox 1024 243 1038 268; x_wconf 87' lang='grc' dir='ltr'><strong>ὁ</strong></span> <span class='ocrx_word' id='word_1_123' title='bbox 1054 241 1212 277; x_wconf 80' lang='grc' dir='ltr'><strong>λελουμένος</strong></span> <span class='ocrx_word' id='word_1_124' title='bbox 1234 242 1263 267; x_wconf 86' lang='grc' dir='ltr'><strong>οὺ</strong></span> <span class='ocrx_word' id='word_1_125' title='bbox 1285 241 1368 267; x_wconf 81' lang='grc' dir='ltr'>δεῖταί</span> <span class='ocrx_word' id='word_1_126' title='bbox 1385 249 1456 272; x_wconf 84' lang='grc' dir='ltr'>τινος</span> <span class='ocrx_word' id='word_1_127' title='bbox 1471 240 1566 275; x_wconf 77' lang='grc' dir='ltr'>ἐτέρας</span> <span class='ocrx_word' id='word_1_128' title='bbox 1587 241 1610 266; x_wconf 79' lang='grc' dir='ltr'>εἰ</span> <span class='ocrx_word' id='word_1_129' title='bbox 1629 240 1666 276; x_wconf 84' lang='grc' dir='ltr'>μὴ</span> <span class='ocrx_word' id='word_1_130' title='bbox 1685 240 1734 275; x_wconf 81' lang='grc' dir='ltr'>τῆς</span> <span class='ocrx_word' id='word_1_131' title='bbox 1752 239 1808 266; x_wconf 84' lang='grc' dir='ltr'>τῶν</span> 
     </span>
    </p>
   </div>
   <div class='ocr_carea' id='block_1_21' title="bbox 1024 283 1808 324">
    <p class='ocr_par' dir='ltr' id='par_1_21' title="bbox 1024 283 1808 324">
     <span class='ocr_line' id='line_1_21' title="bbox 1024 283 1808 324; baseline -0.005 -9"><span class='ocrx_word' id='word_1_132' title='bbox 1024 289 1126 324; x_wconf 79' lang='grc' dir='ltr'>ἄκρων,</span> <span class='ocrx_word' id='word_1_133' title='bbox 1138 289 1224 315; x_wconf 79' lang='grc' dir='ltr'>εῖτουν</span> <span class='ocrx_word' id='word_1_134' title='bbox 1237 288 1356 323; x_wconf 68' lang='grc' dir='ltr'>ἐσχάτων</span> <span class='ocrx_word' id='word_1_135' title='bbox 1371 286 1467 313; x_wconf 77' lang='grc' dir='ltr'>ἑαυτοῦ</span> <span class='ocrx_word' id='word_1_136' title='bbox 1481 287 1503 302; x_wconf 80' lang='grc'><strong>¹⁰</strong></span> <span class='ocrx_word' id='word_1_137' title='bbox 1514 286 1621 321; x_wconf 77' lang='grc' dir='ltr'>νίψεως,</span> <span class='ocrx_word' id='word_1_138' title='bbox 1636 287 1668 312; x_wconf 83' lang='grc' dir='ltr'><strong>δι’</strong></span> <span class='ocrx_word' id='word_1_139' title='bbox 1680 283 1713 321; x_wconf 84' lang='grc' dir='ltr'>ἦς</span> <span class='ocrx_word' id='word_1_140' title='bbox 1724 286 1808 321; x_wconf 81' lang='grc' dir='ltr'>ἀκρο-</span> 
     </span>
    </p>
   </div>
   <div class='ocr_carea' id='block_1_22' title="bbox 1023 334 1807 373">
    <p class='ocr_par' dir='ltr' id='par_1_22' title="bbox 1023 334 1807 373">
     <span class='ocr_line' id='line_1_22' title="bbox 1023 334 1807 373; baseline -0.005 -10"><span class='ocrx_word' id='word_1_141' title='bbox 1023 338 1106 373; x_wconf 80' lang='grc' dir='ltr'>τάτης</span> <span class='ocrx_word' id='word_1_142' title='bbox 1124 338 1145 353; x_wconf 78' lang='grc' dir='ltr'><strong>³ο</strong></span> <span class='ocrx_word' id='word_1_143' title='bbox 1160 337 1330 372; x_wconf 75' lang='grc' dir='ltr'><strong>καθάρσεως,</strong></span> <span class='ocrx_word' id='word_1_144' title='bbox 1342 337 1370 363; x_wconf 91' lang='grc' dir='ltr'><strong>ἐν</strong></span> <span class='ocrx_word' id='word_1_145' title='bbox 1383 336 1513 371; x_wconf 83' lang='grc' dir='ltr'>πανάγνῳ</span> <span class='ocrx_word' id='word_1_146' title='bbox 1533 335 1580 362; x_wconf 82' lang='grc' dir='ltr'><strong>τοῦ</strong></span> <span class='ocrx_word' id='word_1_147' title='bbox 1596 334 1726 366; x_wconf 80' lang='grc' dir='ltr'>θεοειόοὖς</span> <span class='ocrx_word' id='word_1_148' title='bbox 1740 334 1807 366; x_wconf 71' lang='grc' dir='ltr'>ἕξει,</span> 
     </span>
    </p>
   </div>
   <div class='ocr_carea' id='block_1_23' title="bbox 1024 378 1808 416">
    <p class='ocr_par' dir='ltr' id='par_1_23' title="bbox 1024 378 1808 416">
     <span class='ocr_line' id='line_1_23' title="bbox 1024 378 1808 416; baseline -0.003 -10"><span class='ocrx_word' id='word_1_149' title='bbox 1024 381 1070 407; x_wconf 82' lang='grc' dir='ltr'>καὶ</span> <span class='ocrx_word' id='word_1_150' title='bbox 1081 380 1147 416; x_wconf 67' lang='grc' dir='ltr'>πρὸς</span> <span class='ocrx_word' id='word_1_151' title='bbox 1157 380 1190 406; x_wconf 79' lang='grc' dir='ltr'>τὰ</span> <span class='ocrx_word' id='word_1_152' title='bbox 1196 379 1307 415; x_wconf 74' lang='grc' dir='ltr'>δεύτερα</span> <span class='ocrx_word' id='word_1_153' title='bbox 1319 379 1420 415; x_wconf 84' lang='grc' dir='ltr'>προῖὼν</span> <span class='ocrx_word' id='word_1_154' title='bbox 1427 379 1598 413; x_wconf 77' lang='grc' dir='ltr'>ἁγαθοειδῶς,</span> <span class='ocrx_word' id='word_1_155' title='bbox 1611 378 1723 413; x_wconf 71' lang='grc' dir='ltr'>ἄσχετος</span> <span class='ocrx_word' id='word_1_156' title='bbox 1732 378 1808 405; x_wconf 74' lang='grc' dir='ltr'>ἔσται</span> 
     </span>
    </p>
   </div>
   <div class='ocr_carea' id='block_1_24' title="bbox 1024 424 1808 460">
    <p class='ocr_par' dir='ltr' id='par_1_24' title="bbox 1024 424 1808 460">
     <span class='ocr_line' id='line_1_24' title="bbox 1024 424 1808 460; baseline -0.003 -8"><span class='ocrx_word' id='word_1_157' title='bbox 1024 427 1070 453; x_wconf 75' lang='grc' dir='ltr'>καὶ</span> <span class='ocrx_word' id='word_1_158' title='bbox 1085 426 1226 457; x_wconf 75' lang='grc' dir='ltr'>ἀπόλυτος,</span> <span class='ocrx_word' id='word_1_159' title='bbox 1239 426 1277 457; x_wconf 81' lang='grc' dir='ltr'>ὡς</span> <span class='ocrx_word' id='word_1_160' title='bbox 1296 424 1424 457; x_wconf 78' lang='grc' dir='ltr'><strong>καθάπαξ</strong></span> <span class='ocrx_word' id='word_1_161' title='bbox 1439 425 1564 460; x_wconf 81' lang='grc' dir='ltr'>ἐνοειδὴς,</span> <span class='ocrx_word' id='word_1_162' title='bbox 1581 425 1627 451; x_wconf 77' lang='grc' dir='ltr'>καὶ</span> <span class='ocrx_word' id='word_1_163' title='bbox 1642 425 1708 460; x_wconf 71' lang='grc' dir='ltr'>πρὸς</span> <span class='ocrx_word' id='word_1_164' title='bbox 1729 424 1758 450; x_wconf 84' lang='grc' dir='ltr'>τὸ</span> <span class='ocrx_word' id='word_1_165' title='bbox 1778 424 1808 450; x_wconf 87' lang='grc' dir='ltr'>ἒν</span> 
     </span>
    </p>
   </div>
   <div class='ocr_carea' id='block_1_25' title="bbox 1024 470 1808 507">
    <p class='ocr_par' dir='ltr' id='par_1_25' title="bbox 1024 470 1808 507">
     <span class='ocr_line' id='line_1_25' title="bbox 1024 470 1808 507; baseline -0.003 -8"><span class='ocrx_word' id='word_1_166' title='bbox 1024 470 1101 504; x_wconf 80' lang='grc' dir='ltr'>αὖθις</span> <span class='ocrx_word' id='word_1_167' title='bbox 1122 472 1229 504; x_wconf 83' lang='grc' dir='ltr'>ἐνιαίως</span> <span class='ocrx_word' id='word_1_168' title='bbox 1250 471 1491 507; x_wconf 77' lang='grc' dir='ltr'><strong>ἐπιστρεφόμενος,</strong></span> <span class='ocrx_word' id='word_1_169' title='bbox 1515 471 1648 507; x_wconf 80' lang='grc' dir='ltr'>ἄχραντον</span> <span class='ocrx_word' id='word_1_170' title='bbox 1668 472 1808 506; x_wconf 79' lang='grc' dir='ltr'>ποιήσεται</span> 
     </span>
    </p>
   </div>
   <div class='ocr_carea' id='block_1_26' title="bbox 1024 516 1808 553">
    <p class='ocr_par' dir='ltr' id='par_1_26' title="bbox 1024 516 1808 553">
     <span class='ocr_line' id='line_1_26' title="bbox 1024 516 1808 553; baseline -0.003 -8"><span class='ocrx_word' id='word_1_171' title='bbox 1024 519 1070 545; x_wconf 72' lang='grc' dir='ltr'>καὶ</span> <span class='ocrx_word' id='word_1_172' title='bbox 1091 518 1256 553; x_wconf 68' lang='grc' dir='ltr'>ἀκηλίδωτον</span> <span class='ocrx_word' id='word_1_173' title='bbox 1276 517 1325 553; x_wconf 82' lang='grc' dir='ltr'><strong>τὴν</strong></span> <span class='ocrx_word' id='word_1_174' title='bbox 1347 519 1525 552; x_wconf 78' lang='grc' dir='ltr'>ἐπιστροφην,</span> <span class='ocrx_word' id='word_1_175' title='bbox 1546 517 1583 549; x_wconf 83' lang='grc' dir='ltr'>ὡς</span> <span class='ocrx_word' id='word_1_176' title='bbox 1603 516 1649 543; x_wconf 84' lang='grc' dir='ltr'>τοῦ</span> <span class='ocrx_word' id='word_1_177' title='bbox 1677 516 1808 549; x_wconf 82' lang='grc' dir='ltr'>θεοειδοῦς</span> 
     </span>
    </p>
   </div>
   <div class='ocr_carea' id='block_1_27' title="bbox 1023 563 1808 599">
    <p class='ocr_par' dir='ltr' id='par_1_27' title="bbox 1023 563 1808 599">
     <span class='ocr_line' id='line_1_27' title="bbox 1023 563 1808 599; baseline -0.001 -9"><span class='ocrx_word' id='word_1_178' title='bbox 1023 563 1171 596; x_wconf 85' lang='grc' dir='ltr'>ἀποσὼζων</span> <span class='ocrx_word' id='word_1_179' title='bbox 1187 563 1217 590; x_wconf 84' lang='grc' dir='ltr'><strong>τὺ</strong></span> <span class='ocrx_word' id='word_1_180' title='bbox 1235 563 1336 599; x_wconf 80' lang='grc' dir='ltr'>πλῆρες</span> <span class='ocrx_word' id='word_1_181' title='bbox 1351 564 1397 590; x_wconf 77' lang='grc' dir='ltr'>καὶ</span> <span class='ocrx_word' id='word_1_182' title='bbox 1414 563 1569 599; x_wconf 82' lang='grc' dir='ltr'>ὀλόκληρον.</span> <span class='ocrx_word' id='word_1_183' title='bbox 1587 563 1616 590; x_wconf 88' lang='lat'>&#39;0</span> <span class='ocrx_word' id='word_1_184' title='bbox 1632 563 1680 598; x_wconf 82' lang='grc' dir='ltr'>μὲν</span> <span class='ocrx_word' id='word_1_185' title='bbox 1696 563 1717 579; x_wconf 81' lang='grc'>³¹</span> <span class='ocrx_word' id='word_1_186' title='bbox 1737 563 1808 598; x_wconf 81' lang='grc' dir='ltr'>ἱερὸς</span> 
     </span>
    </p>
   </div>
   <div class='ocr_carea' id='block_1_28' title="bbox 1023 607 1808 646">
    <p class='ocr_par' dir='ltr' id='par_1_28' title="bbox 1023 607 1808 646">
     <span class='ocr_line' id='line_1_28' title="bbox 1023 607 1808 646; baseline -0.001 -10"><span class='ocrx_word' id='word_1_187' title='bbox 1023 609 1131 646; x_wconf 81' lang='grc' dir='ltr'><strong>λουτὴρ,</strong></span> <span class='ocrx_word' id='word_1_188' title='bbox 1148 610 1185 641; x_wconf 87' lang='grc' dir='ltr'>ὡς</span> <span class='ocrx_word' id='word_1_189' title='bbox 1209 610 1369 645; x_wconf 82' lang='grc' dir='ltr'>εἰρήκαμεν,</span> <span class='ocrx_word' id='word_1_190' title='bbox 1390 610 1419 635; x_wconf 87' lang='grc' dir='ltr'>ὲν</span> <span class='ocrx_word' id='word_1_191' title='bbox 1437 611 1471 644; x_wconf 82' lang='grc' dir='ltr'>τῇ</span> <span class='ocrx_word' id='word_1_192' title='bbox 1489 609 1560 636; x_wconf 83' lang='grc' dir='ltr'><strong>κατά</strong></span> <span class='ocrx_word' id='word_1_193' title='bbox 1580 609 1661 644; x_wconf 85' lang='grc' dir='ltr'>νόμον</span> <span class='ocrx_word' id='word_1_194' title='bbox 1677 609 1699 624; x_wconf 82' lang='grc'>³¹</span> <span class='ocrx_word' id='word_1_195' title='bbox 1719 607 1752 645; x_wconf 76' lang='grc' dir='ltr'>ἦν</span> <span class='ocrx_word' id='word_1_196' title='bbox 1769 610 1808 635; x_wconf 86' lang='grc' dir='ltr'><strong>ἱε-</strong></span> 
     </span>
    </p>
   </div>
   <div class='ocr_carea' id='block_1_29' title="bbox 1025 654 1809 693">
    <p class='ocr_par' dir='ltr' id='par_1_29' title="bbox 1025 654 1809 693">
     <span class='ocr_line' id='line_1_29' title="bbox 1025 654 1809 693; baseline -0.003 -10"><span class='ocrx_word' id='word_1_197' title='bbox 1025 657 1140 693; x_wconf 76' lang='grc' dir='ltr'>ραρχίᾳ’</span> <span class='ocrx_word' id='word_1_198' title='bbox 1157 656 1204 683; x_wconf 84' lang='grc' dir='ltr'>νῦν</span> <span class='ocrx_word' id='word_1_199' title='bbox 1220 657 1247 683; x_wconf 82' lang='grc' dir='ltr'><strong>δέ</strong></span> <span class='ocrx_word' id='word_1_200' title='bbox 1271 655 1317 682; x_wconf 80' lang='grc' dir='ltr'><strong>τοῦ</strong></span> <span class='ocrx_word' id='word_1_201' title='bbox 1335 656 1461 691; x_wconf 82' lang='grc' dir='ltr'>ἱεράρχου</span> <span class='ocrx_word' id='word_1_202' title='bbox 1478 656 1523 682; x_wconf 77' lang='grc' dir='ltr'><strong>καὶ</strong></span> <span class='ocrx_word' id='word_1_203' title='bbox 1538 654 1591 681; x_wconf 82' lang='grc' dir='ltr'>τῶν</span> <span class='ocrx_word' id='word_1_204' title='bbox 1607 655 1700 691; x_wconf 84' lang='grc' dir='ltr'><strong>ἱερέων</strong></span> <span class='ocrx_word' id='word_1_205' title='bbox 1717 656 1733 690; x_wconf 82' lang='grc' dir='ltr'>ἡ</span> <span class='ocrx_word' id='word_1_206' title='bbox 1751 654 1809 681; x_wconf 83' lang='grc' dir='ltr'><strong>τῶν</strong></span> 
     </span>
    </p>
   </div>
   <div class='ocr_carea' id='block_1_30' title="bbox 1024 699 1808 738">
    <p class='ocr_par' dir='ltr' id='par_1_30' title="bbox 1024 699 1808 738">
     <span class='ocr_line' id='line_1_30' title="bbox 1024 699 1808 738; baseline -0.005 -9"><span class='ocrx_word' id='word_1_207' title='bbox 1024 702 1121 738; x_wconf 81' lang='grc' dir='ltr'>χειρῶν</span> <span class='ocrx_word' id='word_1_208' title='bbox 1135 702 1321 738; x_wconf 76' lang='grc' dir='ltr'>ἀποκάθαρσις</span> <span class='ocrx_word' id='word_1_209' title='bbox 1340 701 1419 728; x_wconf 75' lang='grc' dir='ltr'>αὐτὸν</span> <span class='ocrx_word' id='word_1_210' title='bbox 1439 701 1636 727; x_wconf 80' lang='grc' dir='ltr'>ὑπαινίσσεται.</span> <span class='ocrx_word' id='word_1_211' title='bbox 1662 699 1730 731; x_wconf 77' lang='grc' dir='ltr'>Τοὺς</span> <span class='ocrx_word' id='word_1_212' title='bbox 1753 700 1808 735; x_wconf 83' lang='grc' dir='ltr'><strong>γὰρ</strong></span> 
     </span>
    </p>
   </div>
   <div class='ocr_carea' id='block_1_31' title="bbox 1023 745 1809 784">
    <p class='ocr_par' dir='ltr' id='par_1_31' title="bbox 1023 745 1809 784">
     <span class='ocr_line' id='line_1_31' title="bbox 1023 745 1809 784; baseline -0.005 -9"><span class='ocrx_word' id='word_1_213' title='bbox 1023 749 1070 775; x_wconf 75' lang='grc' dir='ltr'>ἐπὶ</span> <span class='ocrx_word' id='word_1_214' title='bbox 1083 749 1132 784; x_wconf 80' lang='grc' dir='ltr'>τὴν</span> <span class='ocrx_word' id='word_1_215' title='bbox 1152 748 1359 783; x_wconf 82' lang='grc' dir='ltr'>παναγεστάτην</span> <span class='ocrx_word' id='word_1_216' title='bbox 1381 746 1468 778; x_wconf 79' lang='grc' dir='ltr'><strong>ἰόντας</strong></span> <span class='ocrx_word' id='word_1_217' title='bbox 1493 745 1646 781; x_wconf 76' lang='grc' dir='ltr'>ἱερουργίαν</span> <span class='ocrx_word' id='word_1_218' title='bbox 1670 746 1809 772; x_wconf 86' lang='grc' dir='ltr'>ἀποκεκα-</span> 
     </span>
    </p>
   </div>
   <div class='ocr_carea' id='block_1_32' title="bbox 1024 790 1808 830">
    <p class='ocr_par' dir='ltr' id='par_1_32' title="bbox 1024 790 1808 830">
     <span class='ocr_line' id='line_1_32' title="bbox 1024 790 1808 830; baseline -0.006 -9"><span class='ocrx_word' id='word_1_219' title='bbox 1024 795 1120 830; x_wconf 83' lang='grc' dir='ltr'>θάρθαι</span> <span class='ocrx_word' id='word_1_220' title='bbox 1130 794 1170 821; x_wconf 82' lang='grc' dir='ltr'><strong>δεῖ</strong></span> <span class='ocrx_word' id='word_1_221' title='bbox 1184 795 1231 821; x_wconf 75' lang='grc' dir='ltr'>καὶ</span> <span class='ocrx_word' id='word_1_222' title='bbox 1243 793 1292 826; x_wconf 78' lang='grc' dir='ltr'><strong>τὰς</strong></span> <span class='ocrx_word' id='word_1_223' title='bbox 1303 793 1417 827; x_wconf 76' lang='grc' dir='ltr'>ἐσχάτας</span> <span class='ocrx_word' id='word_1_224' title='bbox 1430 792 1480 827; x_wconf 80' lang='grc' dir='ltr'>τῆς</span> <span class='ocrx_word' id='word_1_225' title='bbox 1493 791 1580 826; x_wconf 71' lang='grc' dir='ltr'>ψυχῆς</span> <span class='ocrx_word' id='word_1_226' title='bbox 1588 790 1746 825; x_wconf 78' lang='grc' dir='ltr'>φαντασίας,</span> <span class='ocrx_word' id='word_1_227' title='bbox 1761 790 1808 817; x_wconf 74' lang='grc' dir='ltr'>καὶ</span> 
     </span>
    </p>
   </div>
   <div class='ocr_carea' id='block_1_33' title="bbox 1024 836 1808 876">
    <p class='ocr_par' dir='ltr' id='par_1_33' title="bbox 1024 836 1808 876">
     <span class='ocr_line' id='line_1_33' title="bbox 1024 836 1808 876; baseline -0.006 -9"><span class='ocrx_word' id='word_1_228' title='bbox 1024 841 1057 868; x_wconf 70' lang='grc' dir='ltr'>δι’</span> <span class='ocrx_word' id='word_1_229' title='bbox 1069 841 1227 876; x_wconf 85' lang='grc' dir='ltr'>ὁμοιότητος</span> <span class='ocrx_word' id='word_1_230' title='bbox 1239 840 1305 875; x_wconf 80' lang='grc' dir='ltr'>αὐτῇ</span> <span class='ocrx_word' id='word_1_231' title='bbox 1319 839 1387 866; x_wconf 85' lang='grc' dir='ltr'>κατὰ</span> <span class='ocrx_word' id='word_1_232' title='bbox 1396 839 1426 864; x_wconf 81' lang='grc' dir='ltr'>τὸ</span> <span class='ocrx_word' id='word_1_233' title='bbox 1441 837 1549 864; x_wconf 73' lang='grc' dir='ltr'>δυνατὸν</span> <span class='ocrx_word' id='word_1_234' title='bbox 1560 836 1714 872; x_wconf 80' lang='grc' dir='ltr'>προσιέναι·</span> <span class='ocrx_word' id='word_1_235' title='bbox 1727 845 1808 870; x_wconf 78' lang='grc' dir='ltr'>φανο-</span> 
     </span>
    </p>
   </div>
   <div class='ocr_carea' id='block_1_34' title="bbox 189 881 972 922">
    <p class='ocr_par' dir='ltr' id='par_1_34' title="bbox 189 885 972 922">
     <span class='ocr_line' id='line_1_34' title="bbox 189 885 972 922; baseline 0.001 -9"><span class='ocrx_word' id='word_1_236' title='bbox 189 892 240 920; x_wconf 89' lang='lat' dir='ltr'><strong>per</strong></span> <span class='ocrx_word' id='word_1_237' title='bbox 265 885 471 913; x_wconf 77' lang='lat' dir='ltr'><strong>similitudinem</strong></span> <span class='ocrx_word' id='word_1_238' title='bbox 496 886 565 920; x_wconf 91' lang='lat' dir='ltr'><strong>ipsi,</strong></span> <span class='ocrx_word' id='word_1_239' title='bbox 590 887 681 921; x_wconf 88' lang='lat' dir='ltr'><strong>quoad</strong></span> <span class='ocrx_word' id='word_1_240' title='bbox 703 892 804 921; x_wconf 83' lang='lat' dir='ltr'><strong>potest,</strong></span> <span class='ocrx_word' id='word_1_241' title='bbox 826 888 972 922; x_wconf 89' lang='lat' dir='ltr'><strong>appropin-</strong></span> 
     </span>
    </p>
   </div>
   <div class='ocr_carea' id='block_1_35' title="bbox 1023 881 1810 922">
    <p class='ocr_par' dir='ltr' id='par_1_35' title="bbox 1024 881 1810 921">
     <span class='ocr_line' id='line_1_35' title="bbox 1024 881 1810 921; baseline -0.006 -9"><span class='ocrx_word' id='word_1_242' title='bbox 1024 885 1106 921; x_wconf 81' lang='grc' dir='ltr'>τέρας</span> <span class='ocrx_word' id='word_1_243' title='bbox 1121 886 1142 901; x_wconf 82' lang='grc'><strong><em>³⁸</em></strong></span> <span class='ocrx_word' id='word_1_244' title='bbox 1165 885 1219 921; x_wconf 82' lang='grc' dir='ltr'><strong>γὰρ</strong></span> <span class='ocrx_word' id='word_1_245' title='bbox 1234 885 1304 911; x_wconf 73' lang='grc' dir='ltr'>οὕτω</span> <span class='ocrx_word' id='word_1_246' title='bbox 1317 884 1366 915; x_wconf 82' lang='grc' dir='ltr'><strong>τὰς</strong></span> <span class='ocrx_word' id='word_1_247' title='bbox 1381 883 1538 918; x_wconf 85' lang='grc' dir='ltr'>θεοφανείας</span> <span class='ocrx_word' id='word_1_248' title='bbox 1559 881 1810 918; x_wconf 75' lang='grc' dir='ltr'>περιαυγασθήσον-</span> 
     </span>
    </p>
   </div>
   <div class='ocr_carea' id='block_1_36' title="bbox 190 931 973 968">
    <p class='ocr_par' dir='ltr' id='par_1_36' title="bbox 190 931 973 968">
     <span class='ocr_line' id='line_1_36' title="bbox 190 931 973 968; baseline 0.005 -12"><span class='ocrx_word' id='word_1_249' title='bbox 190 937 290 964; x_wconf 78' lang='lat' dir='ltr'><strong>quare;</strong></span> <span class='ocrx_word' id='word_1_250' title='bbox 310 931 472 959; x_wconf 85' lang='lat' dir='ltr'><strong>clarioribus</strong></span> <span class='ocrx_word' id='word_1_251' title='bbox 487 933 558 959; x_wconf 87' lang='lat' dir='ltr'><strong>enim</strong></span> <span class='ocrx_word' id='word_1_252' title='bbox 571 933 623 960; x_wconf 87' lang='lat' dir='ltr'><strong>ltoc</strong></span> <span class='ocrx_word' id='word_1_253' title='bbox 635 933 715 961; x_wconf 91' lang='lat' dir='ltr'><strong>modo</strong></span> <span class='ocrx_word' id='word_1_254' title='bbox 730 933 777 960; x_wconf 87' lang='lat' dir='ltr'><strong>Dei</strong></span> <span class='ocrx_word' id='word_1_255' title='bbox 792 933 973 968; x_wconf 88' lang='lat' dir='ltr'><strong>apparitioni-</strong></span> 
     </span>
    </p>
   </div>
   <div class='ocr_carea' id='block_1_37' title="bbox 188 976 974 1013">
    <p class='ocr_par' dir='ltr' id='par_1_37' title="bbox 188 976 974 1013">
     <span class='ocr_line' id='line_1_37' title="bbox 188 976 974 1013; baseline 0.003 -10"><span class='ocrx_word' id='word_1_256' title='bbox 188 976 239 1004; x_wconf 88' lang='lat' dir='ltr'><strong>bus</strong></span> <span class='ocrx_word' id='word_1_257' title='bbox 264 977 489 1010; x_wconf 80' lang='lat' dir='ltr'><strong>illustrabuntur,</strong></span> <span class='ocrx_word' id='word_1_258' title='bbox 513 978 782 1013; x_wconf 86' lang='lat' dir='ltr'><strong>supermnndialibus</strong></span> <span class='ocrx_word' id='word_1_259' title='bbox 806 979 868 1006; x_wconf 87' lang='lat' dir='ltr'><strong>istis</strong></span> <span class='ocrx_word' id='word_1_260' title='bbox 894 987 974 1007; x_wconf 88' lang='lat' dir='ltr'><strong>coru-</strong></span> 
     </span>
    </p>
   </div>
   <div class='ocr_carea' id='block_1_38' title="bbox 188 1023 974 1060">
    <p class='ocr_par' dir='ltr' id='par_1_38' title="bbox 188 1023 974 1060">
     <span class='ocr_line' id='line_1_38' title="bbox 188 1023 974 1060; baseline 0.003 -10"><span class='ocrx_word' id='word_1_261' title='bbox 188 1023 357 1051; x_wconf 85' lang='lat' dir='ltr'><strong>scationibus</strong></span> <span class='ocrx_word' id='word_1_262' title='bbox 375 1024 401 1050; x_wconf 90' lang='lat' dir='ltr'><strong>in</strong></span> <span class='ocrx_word' id='word_1_263' title='bbox 417 1024 568 1051; x_wconf 82' lang='lat' dir='ltr'><strong>consimilis</strong></span> <span class='ocrx_word' id='word_1_264' title='bbox 584 1025 685 1059; x_wconf 82' lang='lat' dir='ltr'><strong>speciei</strong></span> <span class='ocrx_word' id='word_1_265' title='bbox 702 1025 811 1059; x_wconf 89' lang='lat' dir='ltr'><strong>specula</strong></span> <span class='ocrx_word' id='word_1_266' title='bbox 833 1025 974 1060; x_wconf 89' lang='lat' dir='ltr'><strong>limpidius</strong></span> 
     </span>
    </p>
   </div>
   <div class='ocr_carea' id='block_1_39' title="bbox 188 1068 971 1103">
    <p class='ocr_par' dir='ltr' id='par_1_39' title="bbox 188 1068 971 1103">
     <span class='ocr_line' id='line_1_39' title="bbox 188 1068 971 1103; baseline 0.004 -9"><span class='ocrx_word' id='word_1_267' title='bbox 188 1068 353 1102; x_wconf 81' lang='lat' dir='ltr'><strong>uberiusque</strong></span> <span class='ocrx_word' id='word_1_268' title='bbox 379 1069 460 1103; x_wconf 85' lang='lat' dir='ltr'><strong>jubar</strong></span> <span class='ocrx_word' id='word_1_269' title='bbox 494 1077 572 1097; x_wconf 89' lang='lat' dir='ltr'><strong>suutn</strong></span> <span class='ocrx_word' id='word_1_270' title='bbox 607 1070 807 1098; x_wconf 88' lang='lat' dir='ltr'><strong>evibrantibus.</strong></span> <span class='ocrx_word' id='word_1_271' title='bbox 835 1070 971 1097; x_wconf 72' lang='lat' dir='ltr'><strong>Caeterum</strong></span> 
     </span>
    </p>
   </div>
   <div class='ocr_carea' id='block_1_40' title="bbox 187 1114 974 1151">
    <p class='ocr_par' dir='ltr' id='par_1_40' title="bbox 187 1114 974 1151">
     <span class='ocr_line' id='line_1_40' title="bbox 187 1114 974 1151; baseline 0.006 -12"><span class='ocrx_word' id='word_1_272' title='bbox 187 1114 324 1147; x_wconf 86' lang='lat' dir='ltr'><strong>pontiﬁcis</strong></span> <span class='ocrx_word' id='word_1_273' title='bbox 341 1114 385 1141; x_wconf 84' lang='lat' dir='ltr'><strong>illa</strong></span> <span class='ocrx_word' id='word_1_274' title='bbox 404 1116 632 1150; x_wconf 89' lang='lat' dir='ltr'><strong>sacerdotumque</strong></span> <span class='ocrx_word' id='word_1_275' title='bbox 649 1115 763 1148; x_wconf 91' lang='lat' dir='ltr'><strong>ablutio,</strong></span> <span class='ocrx_word' id='word_1_276' title='bbox 781 1123 843 1151; x_wconf 68' lang='lat' dir='ltr'><strong>qum</strong></span> <span class='ocrx_word' id='word_1_277' title='bbox 859 1117 974 1144; x_wconf 82' lang='lat' dir='ltr'><strong>summis</strong></span> 
     </span>
    </p>
   </div>
   <div class='ocr_carea' id='block_1_41' title="bbox 187 1160 972 1195">
    <p class='ocr_par' dir='ltr' id='par_1_41' title="bbox 187 1160 972 1195">
     <span class='ocr_line' id='line_1_41' title="bbox 187 1160 972 1195; baseline 0.005 -10"><span class='ocrx_word' id='word_1_278' title='bbox 187 1160 372 1194; x_wconf 67' lang='lat' dir='ltr'><strong>extremisque</strong></span> <span class='ocrx_word' id='word_1_279' title='bbox 387 1160 478 1195; x_wconf 74' lang='lat' dir='ltr'><strong>digitis</strong></span> <span class='ocrx_word' id='word_1_280' title='bbox 496 1162 651 1193; x_wconf 88' lang='lat' dir='ltr'><strong>adhibetur,</strong></span> <span class='ocrx_word' id='word_1_281' title='bbox 675 1169 768 1189; x_wconf 90' lang='lat' dir='ltr'><strong>coratn</strong></span> <span class='ocrx_word' id='word_1_282' title='bbox 788 1163 972 1190; x_wconf 84' lang='lat' dir='ltr'><strong>sacrosanctis</strong></span> 
     </span>
    </p>
   </div>
   <div class='ocr_carea' id='block_1_42' title="bbox 187 1205 972 1240">
    <p class='ocr_par' dir='ltr' id='par_1_42' title="bbox 187 1205 972 1240">
     <span class='ocr_line' id='line_1_42' title="bbox 187 1205 972 1240; baseline 0.006 -9"><span class='ocrx_word' id='word_1_283' title='bbox 187 1205 247 1232; x_wconf 87' lang='lat' dir='ltr'><strong>istis</strong></span> <span class='ocrx_word' id='word_1_284' title='bbox 257 1206 388 1240; x_wconf 84' lang='lat' dir='ltr'><strong>symbolis</strong></span> <span class='ocrx_word' id='word_1_285' title='bbox 400 1207 564 1239; x_wconf 88' lang='lat' dir='ltr'><strong>instituitur,</strong></span> <span class='ocrx_word' id='word_1_286' title='bbox 580 1215 632 1234; x_wconf 90' lang='lat' dir='ltr'><strong>non</strong></span> <span class='ocrx_word' id='word_1_287' title='bbox 647 1215 725 1235; x_wconf 84' lang='lat' dir='ltr'><strong>secus</strong></span> <span class='ocrx_word' id='word_1_288' title='bbox 742 1215 774 1235; x_wconf 86' lang='lat' dir='ltr'><strong>ac</strong></span> <span class='ocrx_word' id='word_1_289' title='bbox 785 1216 877 1235; x_wconf 87' lang='lat' dir='ltr'><strong>coram</strong></span> <span class='ocrx_word' id='word_1_290' title='bbox 894 1209 972 1236; x_wconf 85' lang='lat' dir='ltr'><strong>Cltri-</strong></span> 
     </span>
    </p>
   </div>
   <div class='ocr_carea' id='block_1_43' title="bbox 186 1251 973 1287">
    <p class='ocr_par' dir='ltr' id='par_1_43' title="bbox 186 1251 973 1287">
     <span class='ocr_line' id='line_1_43' title="bbox 186 1251 973 1287; baseline 0.008 -11"><span class='ocrx_word' id='word_1_291' title='bbox 186 1255 239 1282; x_wconf 89' lang='lat' dir='ltr'><strong>sto,</strong></span> <span class='ocrx_word' id='word_1_292' title='bbox 254 1251 300 1286; x_wconf 92' lang='lat' dir='ltr'><strong>qui</strong></span> <span class='ocrx_word' id='word_1_293' title='bbox 322 1252 522 1280; x_wconf 84' lang='lat' dir='ltr'><strong>occultissimas</strong></span> <span class='ocrx_word' id='word_1_294' title='bbox 537 1260 657 1287; x_wconf 87' lang='lat' dir='ltr'><strong>quasque</strong></span> <span class='ocrx_word' id='word_1_295' title='bbox 678 1254 858 1287; x_wconf 78' lang='lat' dir='ltr'><strong>cogitationes</strong></span> <span class='ocrx_word' id='word_1_296' title='bbox 882 1254 973 1282; x_wconf 89' lang='lat' dir='ltr'><strong>intue-</strong></span> 
     </span>
    </p>
   </div>
   <div class='ocr_carea' id='block_1_44' title="bbox 188 1297 970 1334">
    <p class='ocr_par' dir='ltr' id='par_1_44' title="bbox 188 1297 970 1334">
     <span class='ocr_line' id='line_1_44' title="bbox 188 1297 970 1334; baseline 0.006 -12"><span class='ocrx_word' id='word_1_297' title='bbox 188 1301 241 1328; x_wconf 89' lang='lat' dir='ltr'><strong>tur;</strong></span> <span class='ocrx_word' id='word_1_298' title='bbox 253 1302 334 1331; x_wconf 85' lang='lat' dir='ltr'><strong>atque</strong></span> <span class='ocrx_word' id='word_1_299' title='bbox 346 1297 391 1324; x_wconf 83' lang='lat' dir='ltr'><strong>tibi</strong></span> <span class='ocrx_word' id='word_1_300' title='bbox 400 1305 525 1332; x_wconf 85' lang='lat' dir='ltr'><strong>suprema</strong></span> <span class='ocrx_word' id='word_1_301' title='bbox 538 1298 583 1325; x_wconf 89' lang='lat' dir='ltr'><strong>illa</strong></span> <span class='ocrx_word' id='word_1_302' title='bbox 591 1299 711 1334; x_wconf 83' lang='lat' dir='ltr'><strong>expiatio</strong></span> <span class='ocrx_word' id='word_1_303' title='bbox 724 1299 970 1333; x_wconf 82' lang='lat' dir='ltr'><strong>perspicacissimis</strong></span> 
     </span>
    </p>
   </div>
   <div class='ocr_carea' id='block_1_45' title="bbox 187 1341 971 1380">
    <p class='ocr_par' dir='ltr' id='par_1_45' title="bbox 187 1341 971 1380">
     <span class='ocr_line' id='line_1_45' title="bbox 187 1341 971 1380; baseline 0.005 -12"><span class='ocrx_word' id='word_1_304' title='bbox 187 1341 248 1368; x_wconf 87' lang='lat' dir='ltr'><strong>istis</strong></span> <span class='ocrx_word' id='word_1_305' title='bbox 263 1343 488 1376; x_wconf 89' lang='lat' dir='ltr'><strong>scrutationibus,</strong></span> <span class='ocrx_word' id='word_1_306' title='bbox 508 1351 557 1370; x_wconf 88' lang='lat' dir='ltr'><strong>nec</strong></span> <span class='ocrx_word' id='word_1_307' title='bbox 578 1351 632 1371; x_wconf 91' lang='lat' dir='ltr'><strong>non</strong></span> <span class='ocrx_word' id='word_1_308' title='bbox 650 1344 813 1378; x_wconf 74' lang='lat' dir='ltr'><strong>iustissimis</strong></span> <span class='ocrx_word' id='word_1_309' title='bbox 827 1345 971 1380; x_wconf 80' lang='lat' dir='ltr'><strong>integerri-</strong></span> 
     </span>
    </p>
   </div>
   <div class='ocr_carea' id='block_1_46' title="bbox 188 1387 972 1424">
    <p class='ocr_par' dir='ltr' id='par_1_46' title="bbox 188 1387 972 1424">
     <span class='ocr_line' id='line_1_46' title="bbox 188 1387 972 1424; baseline 0.008 -12"><span class='ocrx_word' id='word_1_310' title='bbox 188 1387 294 1420; x_wconf 84' lang='lat' dir='ltr'><strong>tuisque</strong></span> <span class='ocrx_word' id='word_1_311' title='bbox 309 1387 420 1421; x_wconf 86' lang='lat' dir='ltr'><strong>judiciis</strong></span> <span class='ocrx_word' id='word_1_312' title='bbox 434 1392 476 1415; x_wconf 84' lang='lat' dir='ltr'><strong>est</strong></span> <span class='ocrx_word' id='word_1_313' title='bbox 487 1389 623 1420; x_wconf 83' lang='lat' dir='ltr'><strong>absoluta,</strong></span> <span class='ocrx_word' id='word_1_314' title='bbox 637 1394 692 1416; x_wconf 90' lang='lat' dir='ltr'><strong>tum</strong></span> <span class='ocrx_word' id='word_1_315' title='bbox 708 1390 763 1424; x_wconf 87' lang='lat' dir='ltr'><strong>jam</strong></span> <span class='ocrx_word' id='word_1_316' title='bbox 776 1390 877 1417; x_wconf 83' lang='lat' dir='ltr'><strong>divinis</strong></span> <span class='ocrx_word' id='word_1_317' title='bbox 892 1391 972 1418; x_wconf 86' lang='lat' dir='ltr'><strong>rebus</strong></span> 
     </span>
    </p>
   </div>
   <div class='ocr_carea' id='block_1_47' title="bbox 187 1432 972 1470">
    <p class='ocr_par' dir='ltr' id='par_1_47' title="bbox 187 1432 972 1470">
     <span class='ocr_line' id='line_1_47' title="bbox 187 1432 972 1470; baseline 0.008 -12"><span class='ocrx_word' id='word_1_318' title='bbox 187 1432 310 1466; x_wconf 79' lang='lat' dir='ltr'><strong>pontifex</strong></span> <span class='ocrx_word' id='word_1_319' title='bbox 328 1434 513 1470; x_wconf 71' lang='lat' dir='ltr'><strong>coniungitur,</strong></span> <span class='ocrx_word' id='word_1_320' title='bbox 527 1435 680 1470; x_wconf 85' lang='lat' dir='ltr'><strong>sanctisque</strong></span> <span class='ocrx_word' id='word_1_321' title='bbox 700 1435 747 1462; x_wconf 89' lang='lat' dir='ltr'><strong>Dei</strong></span> <span class='ocrx_word' id='word_1_322' title='bbox 769 1436 899 1470; x_wconf 85' lang='lat' dir='ltr'><strong>operibus</strong></span> <span class='ocrx_word' id='word_1_323' title='bbox 915 1437 972 1464; x_wconf 86' lang='lat' dir='ltr'><strong>lau-</strong></span> 
     </span>
    </p>
   </div>
   <div class='ocr_carea' id='block_1_48' title="bbox 187 1480 970 1520">
    <p class='ocr_par' dir='ltr' id='par_1_48' title="bbox 187 1480 970 1520">
     <span class='ocr_line' id='line_1_48' title="bbox 187 1480 970 1520; baseline 0.006 -13"><span class='ocrx_word' id='word_1_324' title='bbox 187 1480 275 1514; x_wconf 87' lang='lat' dir='ltr'><strong>datis,</strong></span> <span class='ocrx_word' id='word_1_325' title='bbox 293 1481 462 1509; x_wconf 88' lang='lat' dir='ltr'><strong>divinissima</strong></span> <span class='ocrx_word' id='word_1_326' title='bbox 480 1488 621 1510; x_wconf 85' lang='lat' dir='ltr'><strong>consecrat</strong></span> <span class='ocrx_word' id='word_1_327' title='bbox 639 1483 781 1518; x_wconf 84' lang='lat' dir='ltr'><strong>mysteria,</strong></span> <span class='ocrx_word' id='word_1_328' title='bbox 803 1488 830 1511; x_wconf 93' lang='lat' dir='ltr'><strong>et</strong></span> <span class='ocrx_word' id='word_1_329' title='bbox 848 1484 875 1511; x_wconf 94' lang='lat' dir='ltr'><strong>iu</strong></span> <span class='ocrx_word' id='word_1_330' title='bbox 891 1492 970 1520; x_wconf 86' lang='lat' dir='ltr'><strong>aspe-</strong></span> 
     </span>
    </p>
   </div>
   <div class='ocr_carea' id='block_1_49' title="bbox 188 1526 595 1562">
    <p class='ocr_par' dir='ltr' id='par_1_49' title="bbox 188 1526 595 1562">
     <span class='ocr_line' id='line_1_49' title="bbox 188 1526 595 1562; baseline 0.01 -11"><span class='ocrx_word' id='word_1_331' title='bbox 188 1530 259 1552; x_wconf 88' lang='lat' dir='ltr'><strong>ctutn</strong></span> <span class='ocrx_word' id='word_1_332' title='bbox 274 1526 348 1553; x_wconf 90' lang='lat' dir='ltr'><strong>ducit</strong></span> <span class='ocrx_word' id='word_1_333' title='bbox 363 1535 422 1562; x_wconf 68' lang='lat' dir='ltr'><strong>qua:</strong></span> <span class='ocrx_word' id='word_1_334' title='bbox 438 1528 595 1556; x_wconf 85' lang='lat' dir='ltr'><strong>celebravit.</strong></span> 
     </span>
    </p>
   </div>
   <div class='ocr_carea' id='block_1_50' title="bbox 1024 927 1809 966">
    <p class='ocr_par' dir='ltr' id='par_1_50' title="bbox 1024 927 1809 966">
     <span class='ocr_line' id='line_1_50' title="bbox 1024 927 1809 966; baseline -0.008 -8"><span class='ocrx_word' id='word_1_335' title='bbox 1024 941 1067 958; x_wconf 90' lang='grc' dir='ltr'><strong>ται</strong></span> <span class='ocrx_word' id='word_1_336' title='bbox 1093 931 1148 957; x_wconf 83' lang='grc' dir='ltr'>τῶν</span> <span class='ocrx_word' id='word_1_337' title='bbox 1179 930 1370 966; x_wconf 83' lang='grc' dir='ltr'>ὑπερκοσμίων</span> <span class='ocrx_word' id='word_1_338' title='bbox 1396 927 1583 964; x_wconf 59' lang='grc' dir='ltr'>μρμαρυγῶν</span> <span class='ocrx_word' id='word_1_339' title='bbox 1610 928 1649 959; x_wconf 81' lang='grc' dir='ltr'><strong>είς</strong></span> <span class='ocrx_word' id='word_1_340' title='bbox 1675 927 1725 963; x_wconf 81' lang='grc' dir='ltr'>τὴν</span> <span class='ocrx_word' id='word_1_341' title='bbox 1752 927 1809 953; x_wconf 80' lang='grc' dir='ltr'>τῶν</span> 
     </span>
    </p>
   </div>
   <div class='ocr_carea' id='block_1_51' title="bbox 1024 973 1810 1014">
    <p class='ocr_par' dir='ltr' id='par_1_51' title="bbox 1024 973 1810 1014">
     <span class='ocr_line' id='line_1_51' title="bbox 1024 973 1810 1014; baseline -0.009 -9"><span class='ocrx_word' id='word_1_342' title='bbox 1024 977 1212 1014; x_wconf 52' lang='grc' dir='ltr'><strong>ὁμοιοειδῶν,³⁸</strong></span> <span class='ocrx_word' id='word_1_343' title='bbox 1227 977 1367 1012; x_wconf 77' lang='grc' dir='ltr'><strong>ἐσόπτρων</strong></span> <span class='ocrx_word' id='word_1_344' title='bbox 1379 975 1492 1010; x_wconf 75' lang='grc' dir='ltr'>ἀγλαΐαν</span> <span class='ocrx_word' id='word_1_345' title='bbox 1503 973 1662 1009; x_wconf 80' lang='grc' dir='ltr'>ὁλικώτερον</span> <span class='ocrx_word' id='word_1_346' title='bbox 1678 973 1724 1000; x_wconf 72' lang='grc' dir='ltr'><strong>καὶ</strong></span> <span class='ocrx_word' id='word_1_347' title='bbox 1735 973 1810 999; x_wconf 86' lang='grc' dir='ltr'>διαυ-</span> 
     </span>
    </p>
   </div>
   <div class='ocr_carea' id='block_1_52' title="bbox 1024 1023 1808 1063">
    <p class='ocr_par' dir='ltr' id='par_1_52' title="bbox 1024 1023 1808 1063">
     <span class='ocr_line' id='line_1_52' title="bbox 1024 1023 1808 1063; baseline -0.008 -9"><span class='ocrx_word' id='word_1_348' title='bbox 1024 1028 1152 1063; x_wconf 80' lang='grc' dir='ltr'>γέστερον</span> <span class='ocrx_word' id='word_1_349' title='bbox 1169 1027 1296 1061; x_wconf 73' lang='grc' dir='ltr'>ἐφιέντων</span> <span class='ocrx_word' id='word_1_350' title='bbox 1311 1026 1406 1052; x_wconf 83' lang='grc' dir='ltr'>διεῖναι</span> <span class='ocrx_word' id='word_1_351' title='bbox 1429 1025 1450 1040; x_wconf 75' lang='grc'><strong>³⁵</strong></span> <span class='ocrx_word' id='word_1_352' title='bbox 1466 1025 1514 1059; x_wconf 88' lang='grc' dir='ltr'>τὴν</span> <span class='ocrx_word' id='word_1_353' title='bbox 1530 1024 1632 1051; x_wconf 75' lang='grc' dir='ltr'>οἰκείαν</span> <span class='ocrx_word' id='word_1_354' title='bbox 1647 1023 1752 1058; x_wconf 80' lang='grc' dir='ltr'><strong>αἴγλην.</strong></span> <span class='ocrx_word' id='word_1_355' title='bbox 1775 1023 1808 1049; x_wconf 88' lang='lat' dir='ltr'><strong>&#39;H</strong></span> 
     </span>
    </p>
   </div>
   <div class='ocr_carea' id='block_1_53' title="bbox 1023 1069 1809 1109">
    <p class='ocr_par' dir='ltr' id='par_1_53' title="bbox 1023 1069 1809 1109">
     <span class='ocr_line' id='line_1_53' title="bbox 1023 1069 1809 1109; baseline -0.009 -8"><span class='ocrx_word' id='word_1_356' title='bbox 1023 1075 1050 1101; x_wconf 77' lang='grc' dir='ltr'><strong>δὲ</strong></span> <span class='ocrx_word' id='word_1_357' title='bbox 1065 1073 1112 1100; x_wconf 78' lang='grc' dir='ltr'>τοῦ</span> <span class='ocrx_word' id='word_1_358' title='bbox 1129 1073 1253 1109; x_wconf 83' lang='grc' dir='ltr'>ίεράρχου</span> <span class='ocrx_word' id='word_1_359' title='bbox 1268 1073 1315 1100; x_wconf 73' lang='grc' dir='ltr'>καὶ</span> <span class='ocrx_word' id='word_1_360' title='bbox 1334 1072 1389 1098; x_wconf 86' lang='grc' dir='ltr'>τῶν</span> <span class='ocrx_word' id='word_1_361' title='bbox 1410 1071 1502 1107; x_wconf 80' lang='grc' dir='ltr'>ἱερέων</span> <span class='ocrx_word' id='word_1_362' title='bbox 1515 1071 1578 1106; x_wconf 82' lang='grc' dir='ltr'>ἄχρι</span> <span class='ocrx_word' id='word_1_363' title='bbox 1593 1069 1647 1096; x_wconf 87' lang='grc' dir='ltr'>τῶν</span> <span class='ocrx_word' id='word_1_364' title='bbox 1661 1069 1753 1104; x_wconf 77' lang='grc' dir='ltr'>ἄκρων</span> <span class='ocrx_word' id='word_1_365' title='bbox 1770 1069 1809 1094; x_wconf 76' lang='lat' dir='ltr'><strong>ef-</strong></span> 
     </span>
    </p>
   </div>
   <div class='ocr_carea' id='block_1_54' title="bbox 1023 1115 1808 1155">
    <p class='ocr_par' dir='ltr' id='par_1_54' title="bbox 1023 1115 1808 1155">
     <span class='ocr_line' id='line_1_54' title="bbox 1023 1115 1808 1155; baseline -0.008 -9"><span class='ocrx_word' id='word_1_366' title='bbox 1023 1128 1085 1146; x_wconf 86' lang='grc' dir='ltr'>τουν</span> <span class='ocrx_word' id='word_1_367' title='bbox 1096 1119 1217 1155; x_wconf 80' lang='grc' dir='ltr'><strong>ἐσχάτων</strong></span> <span class='ocrx_word' id='word_1_368' title='bbox 1228 1119 1353 1153; x_wconf 69' lang='grc' dir='ltr'>ἀπόνιψις</span> <span class='ocrx_word' id='word_1_369' title='bbox 1362 1118 1524 1154; x_wconf 66' lang='grc' dir='ltr'><strong>ζίπίπροειθεν</strong></span> <span class='ocrx_word' id='word_1_370' title='bbox 1532 1117 1651 1151; x_wconf 87' lang='grc' dir='ltr'>γίγνεται</span> <span class='ocrx_word' id='word_1_371' title='bbox 1660 1115 1714 1141; x_wconf 86' lang='grc' dir='ltr'>τῶν</span> <span class='ocrx_word' id='word_1_372' title='bbox 1724 1116 1808 1149; x_wconf 82' lang='grc' dir='ltr'>ἁγιω-</span> 
     </span>
    </p>
   </div>
   <div class='ocr_carea' id='block_1_55' title="bbox 1022 1159 1808 1201">
    <p class='ocr_par' dir='ltr' id='par_1_55' title="bbox 1022 1159 1808 1201">
     <span class='ocr_line' id='line_1_55' title="bbox 1022 1159 1808 1201; baseline -0.009 -9"><span class='ocrx_word' id='word_1_373' title='bbox 1022 1165 1110 1191; x_wconf 79' lang='grc' dir='ltr'>τάτων</span> <span class='ocrx_word' id='word_1_374' title='bbox 1119 1174 1150 1191; x_wconf 90' lang='grc' dir='ltr'><strong>συ</strong></span> <span class='ocrx_word' id='word_1_375' title='bbox 1156 1165 1270 1201; x_wconf 77' lang='grc' dir='ltr'>μὸόλων,</span> <span class='ocrx_word' id='word_1_376' title='bbox 1278 1164 1315 1196; x_wconf 79' lang='grc' dir='ltr'>ὡς</span> <span class='ocrx_word' id='word_1_377' title='bbox 1322 1164 1368 1190; x_wconf 77' lang='grc' dir='ltr'>ἐπὶ</span> <span class='ocrx_word' id='word_1_378' title='bbox 1377 1162 1494 1199; x_wconf 80' lang='grc' dir='ltr'>Χριστοῦ</span> <span class='ocrx_word' id='word_1_379' title='bbox 1505 1162 1551 1188; x_wconf 73' lang='grc' dir='ltr'>τοῦ</span> <span class='ocrx_word' id='word_1_380' title='bbox 1561 1162 1648 1192; x_wconf 80' lang='grc' dir='ltr'>πάσας</span> <span class='ocrx_word' id='word_1_381' title='bbox 1657 1159 1808 1195; x_wconf 70' lang='grc' dir='ltr'>ἐφορῶντος</span> 
     </span>
    </p>
   </div>
   <div class='ocr_carea' id='block_1_56' title="bbox 1023 1206 1808 1247">
    <p class='ocr_par' dir='ltr' id='par_1_56' title="bbox 1023 1206 1808 1247">
     <span class='ocr_line' id='line_1_56' title="bbox 1023 1206 1808 1247; baseline -0.009 -9"><span class='ocrx_word' id='word_1_382' title='bbox 1023 1211 1100 1247; x_wconf 73' lang='grc' dir='ltr'>ἡμῶν</span> <span class='ocrx_word' id='word_1_383' title='bbox 1114 1211 1162 1243; x_wconf 79' lang='grc' dir='ltr'><strong>τὰς</strong></span> <span class='ocrx_word' id='word_1_384' title='bbox 1178 1211 1367 1246; x_wconf 67' lang='grc' dir='ltr'>κρυφιωτάτας</span> <span class='ocrx_word' id='word_1_385' title='bbox 1388 1209 1501 1240; x_wconf 80' lang='grc' dir='ltr'>ἐννοίας,</span> <span class='ocrx_word' id='word_1_386' title='bbox 1519 1209 1565 1234; x_wconf 75' lang='grc' dir='ltr'>καὶ</span> <span class='ocrx_word' id='word_1_387' title='bbox 1585 1208 1634 1242; x_wconf 83' lang='grc' dir='ltr'>τῆς</span> <span class='ocrx_word' id='word_1_388' title='bbox 1654 1206 1808 1242; x_wconf 80' lang='grc' dir='ltr'><strong>ἀκροτάτης</strong></span> 
     </span>
    </p>
   </div>
   <div class='ocr_carea' id='block_1_57' title="bbox 1023 1251 1810 1293">
    <p class='ocr_par' dir='ltr' id='par_1_57' title="bbox 1023 1251 1810 1293">
     <span class='ocr_line' id='line_1_57' title="bbox 1023 1251 1810 1293; baseline -0.009 -9"><span class='ocrx_word' id='word_1_389' title='bbox 1023 1257 1182 1293; x_wconf 72' lang='grc' dir='ltr'>καθάρσεως</span> <span class='ocrx_word' id='word_1_390' title='bbox 1202 1258 1230 1283; x_wconf 84' lang='grc' dir='ltr'><strong>ἐν</strong></span> <span class='ocrx_word' id='word_1_391' title='bbox 1244 1258 1300 1288; x_wconf 84' lang='grc' dir='ltr'>τοῖς</span> <span class='ocrx_word' id='word_1_392' title='bbox 1318 1255 1399 1283; x_wconf 80' lang='grc' dir='ltr'>αὑτοῦ</span> <span class='ocrx_word' id='word_1_393' title='bbox 1421 1256 1443 1271; x_wconf 74' lang='grc'><strong>³⁵</strong></span> <span class='ocrx_word' id='word_1_394' title='bbox 1459 1254 1672 1285; x_wconf 83' lang='grc' dir='ltr'>πανεπισκόποις</span> <span class='ocrx_word' id='word_1_395' title='bbox 1694 1251 1810 1288; x_wconf 63' lang='grc' dir='ltr'>ἀκριὸαο</span> 
     </span>
    </p>
   </div>
   <div class='ocr_carea' id='block_1_58' title="bbox 1024 1298 1807 1338">
    <p class='ocr_par' dir='ltr' id='par_1_58' title="bbox 1024 1298 1807 1338">
     <span class='ocr_line' id='line_1_58' title="bbox 1024 1298 1807 1338; baseline -0.008 -9"><span class='ocrx_word' id='word_1_396' title='bbox 1024 1304 1111 1338; x_wconf 81' lang='grc' dir='ltr'><strong>σμοῖς,</strong></span> <span class='ocrx_word' id='word_1_397' title='bbox 1119 1303 1166 1329; x_wconf 78' lang='grc' dir='ltr'>καὶ</span> <span class='ocrx_word' id='word_1_398' title='bbox 1178 1302 1423 1334; x_wconf 83' lang='grc' dir='ltr'>ταῖςδικαιοτάταις</span> <span class='ocrx_word' id='word_1_399' title='bbox 1430 1301 1476 1327; x_wconf 74' lang='grc' dir='ltr'>καὶ</span> <span class='ocrx_word' id='word_1_400' title='bbox 1484 1299 1641 1330; x_wconf 81' lang='grc' dir='ltr'><strong>ἀδεκάστοις</strong></span> <span class='ocrx_word' id='word_1_401' title='bbox 1652 1299 1773 1334; x_wconf 82' lang='grc' dir='ltr'>κρίσεσιν</span> <span class='ocrx_word' id='word_1_402' title='bbox 1785 1298 1807 1313; x_wconf 76' lang='grc'>³⁷</span> 
     </span>
    </p>
   </div>
   <div class='ocr_carea' id='block_1_59' title="bbox 1023 1343 1808 1384">
    <p class='ocr_par' dir='ltr' id='par_1_59' title="bbox 1023 1343 1808 1384">
     <span class='ocr_line' id='line_1_59' title="bbox 1023 1343 1808 1384; baseline -0.008 -9"><span class='ocrx_word' id='word_1_403' title='bbox 1023 1348 1201 1384; x_wconf 78' lang='grc' dir='ltr'>ὁριζομένης·</span> <span class='ocrx_word' id='word_1_404' title='bbox 1223 1348 1293 1374; x_wconf 73' lang='grc' dir='ltr'>οὕτω</span> <span class='ocrx_word' id='word_1_405' title='bbox 1309 1349 1364 1379; x_wconf 84' lang='grc' dir='ltr'>τοῖς</span> <span class='ocrx_word' id='word_1_406' title='bbox 1391 1346 1473 1377; x_wconf 87' lang='grc' dir='ltr'>θείοις</span> <span class='ocrx_word' id='word_1_407' title='bbox 1500 1347 1514 1372; x_wconf 86' lang='grc' dir='ltr'>ὁ</span> <span class='ocrx_word' id='word_1_408' title='bbox 1532 1345 1661 1381; x_wconf 82' lang='grc' dir='ltr'>ἱεράρχης</span> <span class='ocrx_word' id='word_1_409' title='bbox 1689 1343 1808 1374; x_wconf 76' lang='grc' dir='ltr'>ἑνοῦται,</span> 
     </span>
    </p>
   </div>
   <div class='ocr_carea' id='block_1_60' title="bbox 1023 1388 1808 1430">
    <p class='ocr_par' dir='ltr' id='par_1_60' title="bbox 1023 1388 1808 1430">
     <span class='ocr_line' id='line_1_60' title="bbox 1023 1388 1808 1430; baseline -0.009 -9"><span class='ocrx_word' id='word_1_410' title='bbox 1023 1395 1069 1421; x_wconf 78' lang='grc' dir='ltr'>καὶ</span> <span class='ocrx_word' id='word_1_411' title='bbox 1081 1394 1129 1426; x_wconf 80' lang='grc' dir='ltr'><strong>τὰς</strong></span> <span class='ocrx_word' id='word_1_412' title='bbox 1145 1394 1218 1430; x_wconf 77' lang='grc' dir='ltr'>ἱερὰς</span> <span class='ocrx_word' id='word_1_413' title='bbox 1237 1393 1378 1429; x_wconf 82' lang='grc' dir='ltr'>θεουργίας</span> <span class='ocrx_word' id='word_1_414' title='bbox 1391 1393 1524 1427; x_wconf 76' lang='grc' dir='ltr'><strong>ὑμνήσας,</strong></span> <span class='ocrx_word' id='word_1_415' title='bbox 1541 1391 1676 1426; x_wconf 82' lang='grc' dir='ltr'>ίερουργεῖ</span> <span class='ocrx_word' id='word_1_416' title='bbox 1690 1389 1725 1416; x_wconf 81' lang='grc' dir='ltr'>τὰ</span> <span class='ocrx_word' id='word_1_417' title='bbox 1737 1388 1808 1415; x_wconf 77' lang='grc' dir='ltr'>θειό-</span> 
     </span>
    </p>
   </div>
   <div class='ocr_carea' id='block_1_61' title="bbox 1022 1437 1576 1475">
    <p class='ocr_par' dir='ltr' id='par_1_61' title="bbox 1022 1437 1576 1475">
     <span class='ocr_line' id='line_1_61' title="bbox 1022 1437 1576 1475; baseline -0.009 -7"><span class='ocrx_word' id='word_1_418' title='bbox 1022 1450 1100 1474; x_wconf 84' lang='grc' dir='ltr'>τατα,</span> <span class='ocrx_word' id='word_1_419' title='bbox 1117 1441 1165 1468; x_wconf 78' lang='grc' dir='ltr'>καὶ</span> <span class='ocrx_word' id='word_1_420' title='bbox 1179 1441 1224 1467; x_wconf 84' lang='grc' dir='ltr'>ὑπ’</span> <span class='ocrx_word' id='word_1_421' title='bbox 1236 1440 1295 1475; x_wconf 53' lang='lat' dir='ltr'><strong>ww</strong></span> <span class='ocrx_word' id='word_1_422' title='bbox 1307 1439 1366 1474; x_wconf 81' lang='grc' dir='ltr'>ἄγει</span> <span class='ocrx_word' id='word_1_423' title='bbox 1379 1438 1413 1465; x_wconf 79' lang='grc' dir='ltr'>τὰ</span> <span class='ocrx_word' id='word_1_424' title='bbox 1427 1437 1576 1474; x_wconf 76' lang='grc' dir='ltr'>ὑμνημὲνα.</span> 
     </span>
    </p>
   </div>
   <div class='ocr_carea' id='block_1_62' title="bbox 957 1611 1040 1649">
    <p class='ocr_par' dir='ltr' id='par_1_62' title="bbox 957 1611 1040 1649">
     <span class='ocr_line' id='line_1_62' title="bbox 957 1611 1040 1649; baseline -0.012 -7"><span class='ocrx_word' id='word_1_425' title='bbox 957 1612 971 1649; x_wconf 66' lang='lat'><strong>5</strong></span> <span class='ocrx_word' id='word_1_426' title='bbox 984 1611 1040 1642; x_wconf 74' lang='lat' dir='ltr'><strong>Xl.</strong></span> 
     </span>
    </p>
   </div>
   <div class='ocr_carea' id='block_1_63' title="bbox 223 1678 972 1719">
    <p class='ocr_par' dir='ltr' id='par_1_63' title="bbox 223 1684 969 1719">
     <span class='ocr_line' id='line_1_63' title="bbox 223 1684 969 1719; baseline 0.001 -9"><span class='ocrx_word' id='word_1_427' title='bbox 223 1685 352 1718; x_wconf 72' lang='lat' dir='ltr'><strong>Quaenam</strong></span> <span class='ocrx_word' id='word_1_428' title='bbox 379 1691 462 1719; x_wconf 91' lang='lat' dir='ltr'><strong>porro</strong></span> <span class='ocrx_word' id='word_1_429' title='bbox 491 1691 654 1711; x_wconf 85' lang='lat' dir='ltr'><strong>censeamus</strong></span> <span class='ocrx_word' id='word_1_430' title='bbox 674 1684 766 1713; x_wconf 84' lang='lat' dir='ltr'><strong>divina</strong></span> <span class='ocrx_word' id='word_1_431' title='bbox 789 1684 817 1711; x_wconf 93' lang='lat' dir='ltr'><strong>in</strong></span> <span class='ocrx_word' id='word_1_432' title='bbox 840 1691 890 1712; x_wconf 86' lang='lat' dir='ltr'><strong>nos</strong></span> <span class='ocrx_word' id='word_1_433' title='bbox 909 1691 969 1711; x_wconf 88' lang='lat' dir='ltr'><strong>esse</strong></span> 
     </span>
    </p>
   </div>
   <div class='ocr_carea' id='block_1_64' title="bbox 1023 1678 1807 1719">
    <p class='ocr_par' dir='ltr' id='par_1_64' title="bbox 1056 1678 1807 1718">
     <span class='ocr_line' id='line_1_64' title="bbox 1056 1678 1807 1718; baseline -0.008 -8"><span class='ocrx_word' id='word_1_434' title='bbox 1056 1682 1137 1715; x_wconf 81' lang='grc' dir='ltr'>Τίνας</span> <span class='ocrx_word' id='word_1_435' title='bbox 1150 1683 1199 1718; x_wconf 81' lang='grc' dir='ltr'>μὲν</span> <span class='ocrx_word' id='word_1_436' title='bbox 1216 1680 1286 1710; x_wconf 78' lang='grc' dir='ltr'>εῖναι</span> <span class='ocrx_word' id='word_1_437' title='bbox 1305 1682 1328 1698; x_wconf 76' lang='grc'>⁸⁸</span> <span class='ocrx_word' id='word_1_438' title='bbox 1345 1680 1394 1713; x_wconf 77' lang='grc' dir='ltr'><strong>τὰς</strong></span> <span class='ocrx_word' id='word_1_439' title='bbox 1408 1681 1449 1713; x_wconf 80' lang='grc' dir='ltr'>εἰς</span> <span class='ocrx_word' id='word_1_440' title='bbox 1462 1680 1535 1716; x_wconf 76' lang='grc' dir='ltr'>ἡμᾶς</span> <span class='ocrx_word' id='word_1_441' title='bbox 1550 1678 1692 1715; x_wconf 88' lang='grc' dir='ltr'>θεουργίας</span> <span class='ocrx_word' id='word_1_442' title='bbox 1707 1679 1807 1714; x_wconf 81' lang='grc' dir='ltr'>φαμὲν,</span> 
     </span>
    </p>
   </div>
   <div class='ocr_carea' id='block_1_65' title="bbox 188 1728 971 1764">
    <p class='ocr_par' dir='ltr' id='par_1_65' title="bbox 188 1728 971 1764">
     <span class='ocr_line' id='line_1_65' title="bbox 188 1728 971 1764; baseline -0.001 -7"><span class='ocrx_word' id='word_1_443' title='bbox 188 1737 282 1764; x_wconf 89' lang='lat' dir='ltr'><strong>opera,</strong></span> <span class='ocrx_word' id='word_1_444' title='bbox 298 1729 427 1763; x_wconf 86' lang='lat' dir='ltr'><strong>deinceps</strong></span> <span class='ocrx_word' id='word_1_445' title='bbox 439 1736 488 1763; x_wconf 91' lang='lat' dir='ltr'><strong>pro</strong></span> <span class='ocrx_word' id='word_1_446' title='bbox 500 1728 571 1755; x_wconf 87' lang='lat' dir='ltr'><strong>virili</strong></span> <span class='ocrx_word' id='word_1_447' title='bbox 592 1731 783 1764; x_wconf 82' lang='lat' dir='ltr'><strong>exponendum</strong></span> <span class='ocrx_word' id='word_1_448' title='bbox 799 1733 853 1759; x_wconf 78' lang='lat' dir='ltr'><strong>est.</strong></span> <span class='ocrx_word' id='word_1_449' title='bbox 877 1728 971 1763; x_wconf 80' lang='lat' dir='ltr'><strong>Neque</strong></span> 
     </span>
    </p>
   </div>
   <div class='ocr_carea' id='block_1_66' title="bbox 189 1774 972 1808">
    <p class='ocr_par' dir='ltr' id='par_1_66' title="bbox 189 1774 972 1808">
     <span class='ocr_line' id='line_1_66' title="bbox 189 1774 972 1808; baseline 0.001 -7"><span class='ocrx_word' id='word_1_450' title='bbox 189 1774 260 1802; x_wconf 88' lang='lat' dir='ltr'><strong>ettim</strong></span> <span class='ocrx_word' id='word_1_451' title='bbox 289 1774 429 1801; x_wconf 85' lang='lat' dir='ltr'><strong>laudandis</strong></span> <span class='ocrx_word' id='word_1_452' title='bbox 457 1774 583 1802; x_wconf 87' lang='lat' dir='ltr'><strong>omnibus</strong></span> <span class='ocrx_word' id='word_1_453' title='bbox 602 1775 723 1808; x_wconf 80' lang='lat' dir='ltr'><strong>sufﬁcio,</strong></span> <span class='ocrx_word' id='word_1_454' title='bbox 754 1775 808 1802; x_wconf 89' lang='lat' dir='ltr'><strong>imo</strong></span> <span class='ocrx_word' id='word_1_455' title='bbox 839 1782 873 1802; x_wconf 90' lang='lat' dir='ltr'><strong>ne</strong></span> <span class='ocrx_word' id='word_1_456' title='bbox 897 1775 972 1802; x_wconf 74' lang='lat' dir='ltr'><strong>clare</strong></span> 
     </span>
    </p>
   </div>
   <div class='ocr_carea' id='block_1_67' title="bbox 188 1820 970 1855">
    <p class='ocr_par' dir='ltr' id='par_1_67' title="bbox 188 1820 970 1855">
     <span class='ocr_line' id='line_1_67' title="bbox 188 1820 970 1855; baseline 0 -8"><span class='ocrx_word' id='word_1_457' title='bbox 188 1820 296 1855; x_wconf 85' lang='lat' dir='ltr'><strong>quidem</strong></span> <span class='ocrx_word' id='word_1_458' title='bbox 308 1821 501 1854; x_wconf 80' lang='lat' dir='ltr'><strong>cognoscendis</strong></span> <span class='ocrx_word' id='word_1_459' title='bbox 511 1820 793 1855; x_wconf 66' lang='lat' dir='ltr'><strong>aliisquetradendis;</strong></span> <span class='ocrx_word' id='word_1_460' title='bbox 810 1829 868 1855; x_wconf 61' lang='lat' dir='ltr'><strong>quae</strong></span> <span class='ocrx_word' id='word_1_461' title='bbox 880 1825 970 1848; x_wconf 90' lang='lat' dir='ltr'><strong>autem</strong></span> 
     </span>
    </p>
   </div>
   <div class='ocr_carea' id='block_1_68' title="bbox 190 1865 973 1900">
    <p class='ocr_par' dir='ltr' id='par_1_68' title="bbox 190 1865 973 1900">
     <span class='ocr_line' id='line_1_68' title="bbox 190 1865 973 1900; baseline 0 -8"><span class='ocrx_word' id='word_1_462' title='bbox 190 1874 204 1892; x_wconf 92' lang='lat' dir='ltr'><strong>a</strong></span> <span class='ocrx_word' id='word_1_463' title='bbox 227 1865 391 1900; x_wconf 65' lang='lat' dir='ltr'><strong>praesulibus</strong></span> <span class='ocrx_word' id='word_1_464' title='bbox 415 1866 508 1893; x_wconf 83' lang='lat' dir='ltr'><strong>divino</strong></span> <span class='ocrx_word' id='word_1_465' title='bbox 536 1866 647 1893; x_wconf 87' lang='lat' dir='ltr'><strong>numine</strong></span> <span class='ocrx_word' id='word_1_466' title='bbox 672 1866 770 1894; x_wconf 73' lang='lat' dir='ltr'><strong>adlatis</strong></span> <span class='ocrx_word' id='word_1_467' title='bbox 794 1867 973 1895; x_wconf 87' lang='lat' dir='ltr'><strong>confortniter</strong></span> 
     </span>
    </p>
   </div>
   <div class='ocr_carea' id='block_1_69' title="bbox 190 1912 972 1947">
    <p class='ocr_par' dir='ltr' id='par_1_69' title="bbox 190 1912 972 1947">
     <span class='ocr_line' id='line_1_69' title="bbox 190 1912 972 1947; baseline 0 -7"><span class='ocrx_word' id='word_1_468' title='bbox 190 1912 306 1947; x_wconf 85' lang='lat' dir='ltr'><strong>eloquiis</strong></span> <span class='ocrx_word' id='word_1_469' title='bbox 327 1912 474 1939; x_wconf 79' lang='lat' dir='ltr'><strong>laudantur</strong></span> <span class='ocrx_word' id='word_1_470' title='bbox 488 1920 519 1940; x_wconf 85' lang='lat' dir='ltr'><strong>ac</strong></span> <span class='ocrx_word' id='word_1_471' title='bbox 535 1913 721 1946; x_wconf 85' lang='lat' dir='ltr'><strong>celebrantur,</strong></span> <span class='ocrx_word' id='word_1_472' title='bbox 737 1913 831 1941; x_wconf 89' lang='lat' dir='ltr'><strong>eadem</strong></span> <span class='ocrx_word' id='word_1_473' title='bbox 849 1921 898 1947; x_wconf 91' lang='lat' dir='ltr'><strong>pro</strong></span> <span class='ocrx_word' id='word_1_474' title='bbox 915 1921 972 1941; x_wconf 84' lang='lat' dir='ltr'><strong>mo-</strong></span> 
     </span>
    </p>
   </div>
   <div class='ocr_carea' id='block_1_70' title="bbox 191 1957 969 1995">
    <p class='ocr_par' dir='ltr' id='par_1_70' title="bbox 191 1957 969 1995">
     <span class='ocr_line' id='line_1_70' title="bbox 191 1957 969 1995; baseline 0.003 -10"><span class='ocrx_word' id='word_1_475' title='bbox 191 1957 252 1985; x_wconf 92' lang='lat' dir='ltr'><strong>dulo</strong></span> <span class='ocrx_word' id='word_1_476' title='bbox 276 1963 380 1992; x_wconf 85' lang='lat' dir='ltr'><strong>nostro,</strong></span> <span class='ocrx_word' id='word_1_477' title='bbox 407 1958 480 1986; x_wconf 76' lang='lat' dir='ltr'><strong>sacri</strong></span> <span class='ocrx_word' id='word_1_478' title='bbox 501 1959 605 1987; x_wconf 90' lang='lat' dir='ltr'><strong>ordinis</strong></span> <span class='ocrx_word' id='word_1_479' title='bbox 622 1960 781 1994; x_wconf 82' lang='lat' dir='ltr'><strong>aspirationi</strong></span> <span class='ocrx_word' id='word_1_480' title='bbox 805 1960 948 1995; x_wconf 88' lang='lat' dir='ltr'><strong>implorata</strong></span> <span class='ocrx_word' id='word_1_481' title='bbox 962 1980 969 1992; x_wconf 92' lang='lat'><strong>,</strong></span> 
     </span>
    </p>
   </div>
   <div class='ocr_carea' id='block_1_71' title="bbox 189 2004 972 2039">
    <p class='ocr_par' dir='ltr' id='par_1_71' title="bbox 189 2004 972 2039">
     <span class='ocr_line' id='line_1_71' title="bbox 189 2004 972 2039; baseline 0.004 -8"><span class='ocrx_word' id='word_1_482' title='bbox 189 2004 368 2039; x_wconf 88' lang='lat' dir='ltr'><strong>proferemus.</strong></span> <span class='ocrx_word' id='word_1_483' title='bbox 390 2004 521 2032; x_wconf 85' lang='lat' dir='ltr'><strong>Naturam</strong></span> <span class='ocrx_word' id='word_1_484' title='bbox 539 2006 695 2038; x_wconf 89' lang='lat' dir='ltr'><strong>humanam,</strong></span> <span class='ocrx_word' id='word_1_485' title='bbox 715 2007 749 2033; x_wconf 87' lang='lat' dir='ltr'><strong>ab</strong></span> <span class='ocrx_word' id='word_1_486' title='bbox 770 2007 851 2034; x_wconf 91' lang='lat' dir='ltr'><strong>initio</strong></span> <span class='ocrx_word' id='word_1_487' title='bbox 874 2007 972 2034; x_wconf 87' lang='lat' dir='ltr'><strong>divinis</strong></span> 
     </span>
    </p>
   </div>
   <div class='ocr_carea' id='block_1_72' title="bbox 191 2051 972 2088">
    <p class='ocr_par' dir='ltr' id='par_1_72' title="bbox 191 2051 972 2088">
     <span class='ocr_line' id='line_1_72' title="bbox 191 2051 972 2088; baseline 0.004 -11"><span class='ocrx_word' id='word_1_488' title='bbox 191 2051 268 2078; x_wconf 88' lang='lat' dir='ltr'><strong>bonis</strong></span> <span class='ocrx_word' id='word_1_489' title='bbox 289 2052 470 2086; x_wconf 87' lang='lat' dir='ltr'><strong>imprudentia</strong></span> <span class='ocrx_word' id='word_1_490' title='bbox 486 2059 534 2079; x_wconf 88' lang='lat' dir='ltr'><strong>sua</strong></span> <span class='ocrx_word' id='word_1_491' title='bbox 554 2053 708 2087; x_wconf 87' lang='lat' dir='ltr'><strong>spoliatam,</strong></span> <span class='ocrx_word' id='word_1_492' title='bbox 725 2053 779 2080; x_wconf 90' lang='lat' dir='ltr'><strong>vita</strong></span> <span class='ocrx_word' id='word_1_493' title='bbox 799 2053 972 2088; x_wconf 82' lang='lat' dir='ltr'><strong>passionibus</strong></span> 
     </span>
    </p>
   </div>
   <div class='ocr_carea' id='block_1_73' title="bbox 190 2095 972 2134">
    <p class='ocr_par' dir='ltr' id='par_1_73' title="bbox 190 2095 972 2134">
     <span class='ocr_line' id='line_1_73' title="bbox 190 2095 972 2134; baseline 0.001 -9"><span class='ocrx_word' id='word_1_494' title='bbox 190 2098 307 2125; x_wconf 75' lang='lat' dir='ltr'><strong>obnoxia</strong></span> <span class='ocrx_word' id='word_1_495' title='bbox 331 2102 358 2124; x_wconf 86' lang='lat' dir='ltr'><strong>et</strong></span> <span class='ocrx_word' id='word_1_496' title='bbox 382 2095 461 2124; x_wconf 68' lang='lat' dir='ltr'><strong>terra:</strong></span> <span class='ocrx_word' id='word_1_497' title='bbox 488 2098 583 2125; x_wconf 84' lang='lat' dir='ltr'><strong>mortis</strong></span> <span class='ocrx_word' id='word_1_498' title='bbox 605 2099 698 2125; x_wconf 79' lang='lat' dir='ltr'><strong>exitus</strong></span> <span class='ocrx_word' id='word_1_499' title='bbox 724 2100 849 2133; x_wconf 79' lang='lat' dir='ltr'><strong>excepit,</strong></span> <span class='ocrx_word' id='word_1_500' title='bbox 871 2101 972 2134; x_wconf 84' lang='lat' dir='ltr'><strong>quippe</strong></span> 
     </span>
    </p>
   </div>
   <div class='ocr_carea' id='block_1_74' title="bbox 190 2145 972 2180">
    <p class='ocr_par' dir='ltr' id='par_1_74' title="bbox 190 2145 972 2180">
     <span class='ocr_line' id='line_1_74' title="bbox 190 2145 972 2180; baseline 0.003 -9"><span class='ocrx_word' id='word_1_501' title='bbox 190 2145 345 2179; x_wconf 77' lang='lat' dir='ltr'><strong>perniciosa</strong></span> <span class='ocrx_word' id='word_1_502' title='bbox 365 2145 417 2172; x_wconf 84' lang='lat' dir='ltr'><strong>ista</strong></span> <span class='ocrx_word' id='word_1_503' title='bbox 430 2145 487 2172; x_wconf 87' lang='lat' dir='ltr'><strong>veri</strong></span> <span class='ocrx_word' id='word_1_504' title='bbox 505 2145 565 2172; x_wconf 83' lang='lat' dir='ltr'><strong>boui</strong></span> <span class='ocrx_word' id='word_1_505' title='bbox 583 2145 711 2177; x_wconf 83' lang='lat' dir='ltr'><strong>desertio,</strong></span> <span class='ocrx_word' id='word_1_506' title='bbox 726 2153 865 2180; x_wconf 66' lang='lat' dir='ltr'><strong>sacraeque</strong></span> <span class='ocrx_word' id='word_1_507' title='bbox 880 2146 907 2173; x_wconf 92' lang='lat' dir='ltr'><strong>in</strong></span> <span class='ocrx_word' id='word_1_508' title='bbox 922 2153 972 2180; x_wconf 91' lang='lat' dir='ltr'><strong>pa-</strong></span> 
     </span>
    </p>
   </div>
   <div class='ocr_carea' id='block_1_75' title="bbox 191 2191 973 2227">
    <p class='ocr_par' dir='ltr' id='par_1_75' title="bbox 191 2191 973 2227">
     <span class='ocr_line' id='line_1_75' title="bbox 191 2191 973 2227; baseline 0.003 -9"><span class='ocrx_word' id='word_1_509' title='bbox 191 2191 283 2218; x_wconf 76' lang='lat' dir='ltr'><strong>radiso</strong></span> <span class='ocrx_word' id='word_1_510' title='bbox 298 2192 364 2226; x_wconf 77' lang='lat' dir='ltr'><strong>legis</strong></span> <span class='ocrx_word' id='word_1_511' title='bbox 376 2192 566 2226; x_wconf 58' lang='lat' dir='ltr'><strong>praevaricatio</strong></span> <span class='ocrx_word' id='word_1_512' title='bbox 583 2200 643 2219; x_wconf 88' lang='lat' dir='ltr'><strong>eum</strong></span> <span class='ocrx_word' id='word_1_513' title='bbox 663 2193 709 2227; x_wconf 92' lang='lat' dir='ltr'><strong>qui</strong></span> <span class='ocrx_word' id='word_1_514' title='bbox 727 2193 833 2226; x_wconf 85' lang='lat' dir='ltr'><strong>blande,</strong></span> <span class='ocrx_word' id='word_1_515' title='bbox 851 2193 973 2220; x_wconf 73' lang='lat' dir='ltr'><strong>mulcen-</strong></span> 
     </span>
    </p>
   </div>
   <div class='ocr_carea' id='block_1_76' title="bbox 191 2238 972 2274">
    <p class='ocr_par' dir='ltr' id='par_1_76' title="bbox 191 2238 972 2274">
     <span class='ocr_line' id='line_1_76' title="bbox 191 2238 972 2274; baseline 0.003 -9"><span class='ocrx_word' id='word_1_516' title='bbox 191 2238 263 2265; x_wconf 85' lang='lat' dir='ltr'><strong>tibus</strong></span> <span class='ocrx_word' id='word_1_517' title='bbox 282 2244 309 2266; x_wconf 90' lang='lat' dir='ltr'><strong>et</strong></span> <span class='ocrx_word' id='word_1_518' title='bbox 325 2238 432 2266; x_wconf 78' lang='lat' dir='ltr'><strong>infestis</strong></span> <span class='ocrx_word' id='word_1_519' title='bbox 454 2239 606 2266; x_wconf 83' lang='lat' dir='ltr'><strong>adversarii</strong></span> <span class='ocrx_word' id='word_1_520' title='bbox 630 2240 770 2267; x_wconf 90' lang='lat' dir='ltr'><strong>fraudibus</strong></span> <span class='ocrx_word' id='word_1_521' title='bbox 793 2240 908 2274; x_wconf 89' lang='lat' dir='ltr'><strong>illectus,</strong></span> <span class='ocrx_word' id='word_1_522' title='bbox 934 2241 972 2267; x_wconf 85' lang='lat' dir='ltr'><strong>vi-</strong></span> 
     </span>
    </p>
   </div>
   <div class='ocr_carea' id='block_1_77' title="bbox 191 2284 973 2321">
    <p class='ocr_par' dir='ltr' id='par_1_77' title="bbox 191 2284 973 2321">
     <span class='ocr_line' id='line_1_77' title="bbox 191 2284 973 2321; baseline 0.004 -11"><span class='ocrx_word' id='word_1_523' title='bbox 191 2284 246 2311; x_wconf 85' lang='lat' dir='ltr'><strong>tale</strong></span> <span class='ocrx_word' id='word_1_524' title='bbox 264 2284 358 2320; x_wconf 77' lang='lat' dir='ltr'><strong>jugum</strong></span> <span class='ocrx_word' id='word_1_525' title='bbox 379 2290 552 2317; x_wconf 79' lang='lat' dir='ltr'><strong>excusserat,</strong></span> <span class='ocrx_word' id='word_1_526' title='bbox 575 2287 802 2320; x_wconf 89' lang='lat' dir='ltr'><strong>propensionibus</strong></span> <span class='ocrx_word' id='word_1_527' title='bbox 825 2287 890 2319; x_wconf 86' lang='lat' dir='ltr'><strong>suis,</strong></span> <span class='ocrx_word' id='word_1_528' title='bbox 913 2295 973 2321; x_wconf 69' lang='lat' dir='ltr'><strong>quae</strong></span> 
     </span>
    </p>
   </div>
   <div class='ocr_carea' id='block_1_78' title="bbox 190 2330 969 2364">
    <p class='ocr_par' dir='ltr' id='par_1_78' title="bbox 190 2330 969 2364">
     <span class='ocr_line' id='line_1_78' title="bbox 190 2330 969 2364; baseline 0.001 -6"><span class='ocrx_word' id='word_1_529' title='bbox 190 2330 291 2358; x_wconf 86' lang='lat' dir='ltr'><strong>divinis</strong></span> <span class='ocrx_word' id='word_1_530' title='bbox 314 2331 392 2358; x_wconf 85' lang='lat' dir='ltr'><strong>bonis</strong></span> <span class='ocrx_word' id='word_1_531' title='bbox 417 2331 614 2364; x_wconf 80' lang='lat' dir='ltr'><strong>adversantur,</strong></span> <span class='ocrx_word' id='word_1_532' title='bbox 636 2332 748 2364; x_wconf 87' lang='lat' dir='ltr'><strong>dimisit,</strong></span> <span class='ocrx_word' id='word_1_533' title='bbox 774 2332 844 2360; x_wconf 90' lang='lat' dir='ltr'><strong>unde</strong></span> <span class='ocrx_word' id='word_1_534' title='bbox 871 2333 969 2359; x_wconf 85' lang='lat' dir='ltr'><strong>misere</strong></span> 
     </span>
    </p>
   </div>
   <div class='ocr_carea' id='block_1_79' title="bbox 1023 1724 1808 1764">
    <p class='ocr_par' dir='ltr' id='par_1_79' title="bbox 1023 1724 1808 1764">
     <span class='ocr_line' id='line_1_79' title="bbox 1023 1724 1808 1764; baseline -0.009 -8"><span class='ocrx_word' id='word_1_535' title='bbox 1023 1729 1086 1764; x_wconf 79' lang='grc' dir='ltr'><strong>ἑξῆς</strong></span> <span class='ocrx_word' id='word_1_536' title='bbox 1101 1729 1255 1764; x_wconf 78' lang='grc' dir='ltr'>ἀφηγητέον</span> <span class='ocrx_word' id='word_1_537' title='bbox 1269 1729 1318 1763; x_wconf 84' lang='grc' dir='ltr'><strong>ὅση</strong></span> <span class='ocrx_word' id='word_1_538' title='bbox 1332 1727 1462 1763; x_wconf 75' lang='grc' dir='ltr'>δύναμις’</span> <span class='ocrx_word' id='word_1_539' title='bbox 1477 1726 1507 1752; x_wconf 83' lang='grc' dir='ltr'>οὐ</span> <span class='ocrx_word' id='word_1_540' title='bbox 1522 1724 1576 1761; x_wconf 86' lang='grc' dir='ltr'><strong>γὰρ</strong></span> <span class='ocrx_word' id='word_1_541' title='bbox 1587 1724 1696 1755; x_wconf 84' lang='grc' dir='ltr'>ἁπάσας</span> <span class='ocrx_word' id='word_1_542' title='bbox 1712 1724 1808 1758; x_wconf 77' lang='grc' dir='ltr'>ὑμνεῖν</span> 
     </span>
    </p>
   </div>
   <div class='ocr_carea' id='block_1_80' title="bbox 1024 1773 1807 1814">
    <p class='ocr_par' dir='ltr' id='par_1_80' title="bbox 1024 1773 1807 1814">
     <span class='ocr_line' id='line_1_80' title="bbox 1024 1773 1807 1814; baseline -0.009 -10"><span class='ocrx_word' id='word_1_543' title='bbox 1024 1778 1113 1810; x_wconf 84' lang='grc' dir='ltr'>ίκανὺς</span> <span class='ocrx_word' id='word_1_544' title='bbox 1131 1777 1195 1812; x_wconf 86' lang='grc' dir='ltr'>ἐγὼ,</span> <span class='ocrx_word' id='word_1_545' title='bbox 1219 1779 1255 1814; x_wconf 88' lang='grc' dir='ltr'>μή</span> <span class='ocrx_word' id='word_1_546' title='bbox 1276 1777 1302 1803; x_wconf 83' lang='grc' dir='ltr'><strong>τί</strong></span> <span class='ocrx_word' id='word_1_547' title='bbox 1320 1785 1352 1812; x_wconf 90' lang='grc' dir='ltr'><strong>γε</strong></span> <span class='ocrx_word' id='word_1_548' title='bbox 1378 1775 1471 1810; x_wconf 82' lang='grc' dir='ltr'>σαφῶς</span> <span class='ocrx_word' id='word_1_549' title='bbox 1494 1774 1593 1801; x_wconf 80' lang='grc' dir='ltr'>εἰδέναι</span> <span class='ocrx_word' id='word_1_550' title='bbox 1622 1774 1669 1800; x_wconf 76' lang='grc' dir='ltr'>καὶ</span> <span class='ocrx_word' id='word_1_551' title='bbox 1696 1773 1807 1808; x_wconf 75' lang='grc' dir='ltr'>ἑτέρους</span> 
     </span>
    </p>
   </div>
   <div class='ocr_carea' id='block_1_81' title="bbox 1023 1818 1805 1860">
    <p class='ocr_par' dir='ltr' id='par_1_81' title="bbox 1023 1818 1805 1860">
     <span class='ocr_line' id='line_1_81' title="bbox 1023 1818 1805 1860; baseline -0.012 -8"><span class='ocrx_word' id='word_1_552' title='bbox 1023 1826 1227 1860; x_wconf 86' lang='grc' dir='ltr'>μυσταγωγεῖν·</span> <span class='ocrx_word' id='word_1_553' title='bbox 1255 1825 1304 1851; x_wconf 80' lang='grc' dir='ltr'>ὅσα</span> <span class='ocrx_word' id='word_1_554' title='bbox 1326 1823 1354 1850; x_wconf 84' lang='grc' dir='ltr'><strong>δὲ</strong></span> <span class='ocrx_word' id='word_1_555' title='bbox 1378 1822 1445 1858; x_wconf 70' lang='grc' dir='ltr'>πρὸς</span> <span class='ocrx_word' id='word_1_556' title='bbox 1469 1821 1523 1848; x_wconf 81' lang='grc' dir='ltr'><strong>τῶν</strong></span> <span class='ocrx_word' id='word_1_557' title='bbox 1546 1820 1644 1846; x_wconf 83' lang='grc' dir='ltr'>ἐνθέων</span> <span class='ocrx_word' id='word_1_558' title='bbox 1672 1818 1805 1854; x_wconf 80' lang='grc' dir='ltr'>ἱεραρχῶν</span> 
     </span>
    </p>
   </div>
   <div class='ocr_carea' id='block_1_82' title="bbox 1022 1866 1799 1904">
    <p class='ocr_par' dir='ltr' id='par_1_82' title="bbox 1022 1866 1799 1904">
     <span class='ocr_line' id='line_1_82' title="bbox 1022 1866 1799 1904; baseline -0.009 -7"><span class='ocrx_word' id='word_1_559' title='bbox 1022 1870 1173 1902; x_wconf 76' lang='grc' dir='ltr'>ἀκολούθως</span> <span class='ocrx_word' id='word_1_560' title='bbox 1195 1872 1251 1902; x_wconf 80' lang='grc' dir='ltr'>τοῖς</span> <span class='ocrx_word' id='word_1_561' title='bbox 1276 1870 1375 1904; x_wconf 82' lang='grc' dir='ltr'>λογίοις</span> <span class='ocrx_word' id='word_1_562' title='bbox 1399 1869 1520 1904; x_wconf 77' lang='grc' dir='ltr'>ὑμνεῖται</span> <span class='ocrx_word' id='word_1_563' title='bbox 1541 1868 1586 1894; x_wconf 78' lang='grc' dir='ltr'>καὶ</span> <span class='ocrx_word' id='word_1_564' title='bbox 1609 1866 1799 1901; x_wconf 77' lang='grc' dir='ltr'>ἱερουργεῐται,</span> 
     </span>
    </p>
   </div>
   <div class='ocr_carea' id='block_1_83' title="bbox 1022 1909 1805 1952">
    <p class='ocr_par' dir='ltr' id='par_1_83' title="bbox 1022 1909 1805 1952">
     <span class='ocr_line' id='line_1_83' title="bbox 1022 1909 1805 1952; baseline -0.011 -9"><span class='ocrx_word' id='word_1_565' title='bbox 1022 1916 1118 1948; x_wconf 77' lang='grc' dir='ltr'>ταῦτα,</span> <span class='ocrx_word' id='word_1_566' title='bbox 1139 1916 1176 1948; x_wconf 79' lang='grc' dir='ltr'><strong>ὡς</strong></span> <span class='ocrx_word' id='word_1_567' title='bbox 1199 1917 1263 1952; x_wconf 84' lang='grc' dir='ltr'>ἡμῖν</span> <span class='ocrx_word' id='word_1_568' title='bbox 1288 1915 1407 1949; x_wconf 72' lang='grc' dir='ltr'>ἐφικτὸν,</span> <span class='ocrx_word' id='word_1_569' title='bbox 1432 1912 1558 1949; x_wconf 74' lang='grc' dir='ltr'>ἐροῦμεν,</span> <span class='ocrx_word' id='word_1_570' title='bbox 1576 1912 1626 1946; x_wconf 87' lang='grc' dir='ltr'>τὴν</span> <span class='ocrx_word' id='word_1_571' title='bbox 1645 1909 1805 1946; x_wconf 77' lang='grc' dir='ltr'>ἱεραρχικὴν</span> 
     </span>
    </p>
   </div>
   <div class='ocr_carea' id='block_1_84' title="bbox 1023 1954 1806 1997">
    <p class='ocr_par' dir='ltr' id='par_1_84' title="bbox 1023 1954 1806 1997">
     <span class='ocr_line' id='line_1_84' title="bbox 1023 1954 1806 1997; baseline -0.011 -9"><span class='ocrx_word' id='word_1_572' title='bbox 1023 1962 1165 1988; x_wconf 74' lang='grc' dir='ltr'>ἐπίπνοιαν</span> <span class='ocrx_word' id='word_1_573' title='bbox 1174 1961 1280 1997; x_wconf 74' lang='grc' dir='ltr'>ἀρωγὸν</span> <span class='ocrx_word' id='word_1_574' title='bbox 1290 1961 1311 1976; x_wconf 73' lang='grc'><strong>³⁸</strong></span> <span class='ocrx_word' id='word_1_575' title='bbox 1325 1959 1560 1993; x_wconf 84' lang='grc' dir='ltr'>ἐπικαλεσάμενοι.</span> <span class='ocrx_word' id='word_1_576' title='bbox 1569 1956 1623 1992; x_wconf 83' lang='grc' dir='ltr'><strong>Τὴν</strong></span> <span class='ocrx_word' id='word_1_577' title='bbox 1633 1954 1806 1990; x_wconf 76' lang='grc' dir='ltr'>ἀνθρωπείαν</span> 
     </span>
    </p>
   </div>
   <div class='ocr_carea' id='block_1_85' title="bbox 1024 2001 1806 2043">
    <p class='ocr_par' dir='ltr' id='par_1_85' title="bbox 1024 2001 1806 2043">
     <span class='ocr_line' id='line_1_85' title="bbox 1024 2001 1806 2043; baseline -0.013 -8"><span class='ocrx_word' id='word_1_578' title='bbox 1024 2007 1120 2042; x_wconf 81' lang='grc' dir='ltr'>φύσιν,</span> <span class='ocrx_word' id='word_1_579' title='bbox 1145 2007 1263 2043; x_wconf 78' lang='grc' dir='ltr'>ἀρχῆθεν</span> <span class='ocrx_word' id='word_1_580' title='bbox 1289 2006 1342 2033; x_wconf 84' lang='grc' dir='ltr'>ἀπὸ</span> <span class='ocrx_word' id='word_1_581' title='bbox 1365 2005 1419 2031; x_wconf 84' lang='grc' dir='ltr'>τῶν</span> <span class='ocrx_word' id='word_1_582' title='bbox 1448 2004 1527 2030; x_wconf 85' lang='grc' dir='ltr'>θείων</span> <span class='ocrx_word' id='word_1_583' title='bbox 1552 2001 1660 2036; x_wconf 81' lang='grc' dir='ltr'>ἀγαθῶν</span> <span class='ocrx_word' id='word_1_584' title='bbox 1685 2001 1806 2035; x_wconf 77' lang='grc' dir='ltr'>ἀνοήτως</span> 
     </span>
    </p>
   </div>
   <div class='ocr_carea' id='block_1_86' title="bbox 1023 2046 1804 2088">
    <p class='ocr_par' dir='ltr' id='par_1_86' title="bbox 1023 2046 1804 2088">
     <span class='ocr_line' id='line_1_86' title="bbox 1023 2046 1804 2088; baseline -0.01 -9"><span class='ocrx_word' id='word_1_585' title='bbox 1023 2052 1248 2088; x_wconf 78' lang='grc' dir='ltr'>ἐξολισθήσασαν,</span> <span class='ocrx_word' id='word_1_586' title='bbox 1270 2052 1286 2087; x_wconf 83' lang='grc' dir='ltr'>ἡ</span> <span class='ocrx_word' id='word_1_587' title='bbox 1308 2050 1530 2085; x_wconf 84' lang='grc' dir='ltr'>πολυπαθεστάτη</span> <span class='ocrx_word' id='word_1_588' title='bbox 1559 2048 1615 2083; x_wconf 77' lang='grc' dir='ltr'><strong>ζωὴ</strong></span> <span class='ocrx_word' id='word_1_589' title='bbox 1635 2046 1804 2081; x_wconf 76' lang='grc' dir='ltr'>διαδέχεται,</span> 
     </span>
    </p>
   </div>
   <div class='ocr_carea' id='block_1_87' title="bbox 1023 2091 1805 2133">
    <p class='ocr_par' dir='ltr' id='par_1_87' title="bbox 1023 2091 1805 2133">
     <span class='ocr_line' id='line_1_87' title="bbox 1023 2091 1805 2133; baseline -0.01 -8"><span class='ocrx_word' id='word_1_590' title='bbox 1023 2099 1070 2126; x_wconf 76' lang='grc' dir='ltr'>καὶ</span> <span class='ocrx_word' id='word_1_591' title='bbox 1092 2099 1122 2125; x_wconf 76' lang='grc' dir='ltr'>τὸ</span> <span class='ocrx_word' id='word_1_592' title='bbox 1143 2098 1190 2125; x_wconf 80' lang='grc' dir='ltr'>τοῦ</span> <span class='ocrx_word' id='word_1_593' title='bbox 1210 2097 1370 2133; x_wconf 79' lang='grc' dir='ltr'>φθοροποιοῦ</span> <span class='ocrx_word' id='word_1_594' title='bbox 1394 2096 1508 2124; x_wconf 86' lang='grc' dir='ltr'>θανάτου</span> <span class='ocrx_word' id='word_1_595' title='bbox 1527 2095 1630 2130; x_wconf 82' lang='grc' dir='ltr'>πέρας·</span> <span class='ocrx_word' id='word_1_596' title='bbox 1652 2091 1805 2123; x_wconf 76' lang='grc' dir='ltr'>ἀκολούθως</span> 
     </span>
    </p>
   </div>
   <div class='ocr_carea' id='block_1_88' title="bbox 1023 2137 1805 2182">
    <p class='ocr_par' dir='ltr' id='par_1_88' title="bbox 1023 2137 1805 2182">
     <span class='ocr_line' id='line_1_88' title="bbox 1023 2137 1805 2182; baseline -0.014 -9"><span class='ocrx_word' id='word_1_597' title='bbox 1023 2146 1076 2182; x_wconf 86' lang='grc' dir='ltr'><strong>γὰρ</strong></span> <span class='ocrx_word' id='word_1_598' title='bbox 1096 2146 1113 2181; x_wconf 84' lang='grc' dir='ltr'>ἡ</span> <span class='ocrx_word' id='word_1_599' title='bbox 1134 2145 1183 2180; x_wconf 81' lang='grc' dir='ltr'>τῆς</span> <span class='ocrx_word' id='word_1_600' title='bbox 1203 2144 1286 2176; x_wconf 74' lang='grc' dir='ltr'>ὄντως</span> <span class='ocrx_word' id='word_1_601' title='bbox 1311 2143 1477 2179; x_wconf 80' lang='grc' dir='ltr'>ἀγαθότητος</span> <span class='ocrx_word' id='word_1_602' title='bbox 1498 2140 1617 2176; x_wconf 79' lang='grc' dir='ltr'>ὀλέθριος</span> <span class='ocrx_word' id='word_1_603' title='bbox 1640 2137 1805 2169; x_wconf 77' lang='grc' dir='ltr'>ἀποστασία,</span> 
     </span>
    </p>
   </div>
   <div class='ocr_carea' id='block_1_89' title="bbox 1024 2183 1804 2226">
    <p class='ocr_par' dir='ltr' id='par_1_89' title="bbox 1024 2183 1804 2226">
     <span class='ocr_line' id='line_1_89' title="bbox 1024 2183 1804 2226; baseline -0.012 -8"><span class='ocrx_word' id='word_1_604' title='bbox 1024 2193 1070 2219; x_wconf 78' lang='grc' dir='ltr'>καὶ</span> <span class='ocrx_word' id='word_1_605' title='bbox 1085 2192 1134 2226; x_wconf 79' lang='grc' dir='ltr'>τῆς</span> <span class='ocrx_word' id='word_1_606' title='bbox 1152 2191 1226 2226; x_wconf 75' lang='grc' dir='ltr'>ἱερᾶς</span> <span class='ocrx_word' id='word_1_607' title='bbox 1242 2190 1270 2216; x_wconf 74' lang='grc' dir='ltr'><strong>ἐν</strong></span> <span class='ocrx_word' id='word_1_608' title='bbox 1281 2188 1435 2224; x_wconf 80' lang='grc' dir='ltr'>παραδείσῳ</span> <span class='ocrx_word' id='word_1_609' title='bbox 1450 2186 1625 2222; x_wconf 82' lang='grc' dir='ltr'>θεσμοθεσίας</span> <span class='ocrx_word' id='word_1_610' title='bbox 1640 2183 1804 2220; x_wconf 76' lang='grc' dir='ltr'>ὑπερϐασία,</span> 
     </span>
    </p>
   </div>
   <div class='ocr_carea' id='block_1_90' title="bbox 1023 2230 1806 2272">
    <p class='ocr_par' dir='ltr' id='par_1_90' title="bbox 1023 2230 1806 2272">
     <span class='ocr_line' id='line_1_90' title="bbox 1023 2230 1806 2272; baseline -0.011 -8"><span class='ocrx_word' id='word_1_611' title='bbox 1023 2238 1068 2265; x_wconf 82' lang='grc' dir='ltr'>τὸν</span> <span class='ocrx_word' id='word_1_612' title='bbox 1081 2237 1290 2272; x_wconf 76' lang='grc' dir='ltr'>ἐξοιστρήσαντα</span> <span class='ocrx_word' id='word_1_613' title='bbox 1303 2235 1350 2261; x_wconf 77' lang='grc' dir='ltr'>τοῦ</span> <span class='ocrx_word' id='word_1_614' title='bbox 1366 2234 1496 2267; x_wconf 82' lang='grc' dir='ltr'>ζωοποιοῦ</span> <span class='ocrx_word' id='word_1_615' title='bbox 1511 2232 1603 2266; x_wconf 79' lang='grc' dir='ltr'>ζυγοῦ,</span> <span class='ocrx_word' id='word_1_616' title='bbox 1617 2232 1676 2262; x_wconf 82' lang='grc' dir='ltr'>ταῖς</span> <span class='ocrx_word' id='word_1_617' title='bbox 1691 2230 1806 2261; x_wconf 75' lang='grc' dir='ltr'>οἰκείαις</span> 
     </span>
    </p>
   </div>
   <div class='ocr_carea' id='block_1_91' title="bbox 1027 2278 1805 2321">
    <p class='ocr_par' dir='ltr' id='par_1_91' title="bbox 1027 2278 1805 2321">
     <span class='ocr_line' id='line_1_91' title="bbox 1027 2278 1805 2321; baseline -0.013 -9"><span class='ocrx_word' id='word_1_618' title='bbox 1027 2286 1122 2321; x_wconf 72' lang='grc' dir='ltr'>ῥοπαῖς</span> <span class='ocrx_word' id='word_1_619' title='bbox 1135 2284 1157 2300; x_wconf 75' lang='grc'>⁸⁰</span> <span class='ocrx_word' id='word_1_620' title='bbox 1178 2284 1226 2310; x_wconf 69' lang='grc' dir='ltr'>καὶ</span> <span class='ocrx_word' id='word_1_621' title='bbox 1238 2282 1390 2313; x_wconf 83' lang='grc' dir='ltr'>θελκτικαῖς</span> <span class='ocrx_word' id='word_1_622' title='bbox 1400 2281 1445 2307; x_wconf 80' lang='grc' dir='ltr'>τοῦ</span> <span class='ocrx_word' id='word_1_623' title='bbox 1458 2279 1578 2307; x_wconf 76' lang='grc' dir='ltr'>ἐναντίου</span> <span class='ocrx_word' id='word_1_624' title='bbox 1590 2279 1636 2305; x_wconf 54' lang='grc' dir='ltr'><strong>καὶ¹</strong></span> <span class='ocrx_word' id='word_1_625' title='bbox 1646 2278 1805 2313; x_wconf 85' lang='grc' dir='ltr'>δυσμενέσιν</span> 
     </span>
    </p>
   </div>
   <div class='ocr_carea' id='block_1_92' title="bbox 1024 2323 1802 2364">
    <p class='ocr_par' dir='ltr' id='par_1_92' title="bbox 1024 2323 1802 2364">
     <span class='ocr_line' id='line_1_92' title="bbox 1024 2323 1802 2364; baseline -0.012 -6"><span class='ocrx_word' id='word_1_626' title='bbox 1024 2332 1151 2362; x_wconf 83' lang='grc' dir='ltr'>ἀπάταις,</span> <span class='ocrx_word' id='word_1_627' title='bbox 1165 2331 1221 2361; x_wconf 84' lang='grc' dir='ltr'>τοῖς</span> <span class='ocrx_word' id='word_1_628' title='bbox 1244 2328 1373 2359; x_wconf 80' lang='grc' dir='ltr'>ἐναντίοις</span> <span class='ocrx_word' id='word_1_629' title='bbox 1387 2327 1441 2354; x_wconf 86' lang='grc' dir='ltr'>τῶν</span> <span class='ocrx_word' id='word_1_630' title='bbox 1461 2327 1539 2353; x_wconf 87' lang='grc' dir='ltr'>θείων</span> <span class='ocrx_word' id='word_1_631' title='bbox 1559 2325 1668 2364; x_wconf 75' lang='grc' dir='ltr'>ἀγαθῷν</span> <span class='ocrx_word' id='word_1_632' title='bbox 1685 2323 1802 2360; x_wconf 72' lang='grc' dir='ltr'>παραδέ-</span> 
     </span>
    </p>
   </div>
   <div class='ocr_carea' id='block_1_93' title="bbox 189 2368 972 2413">
    <p class='ocr_par' dir='ltr' id='par_1_93' title="bbox 189 2377 969 2413">
     <span class='ocr_line' id='line_1_93' title="bbox 189 2377 969 2413; baseline 0 -9"><span class='ocrx_word' id='word_1_633' title='bbox 189 2377 367 2405; x_wconf 66' lang='lat' dir='ltr'><strong>aeternitatem</strong></span> <span class='ocrx_word' id='word_1_634' title='bbox 392 2384 453 2404; x_wconf 91' lang='lat' dir='ltr'><strong>cum</strong></span> <span class='ocrx_word' id='word_1_635' title='bbox 472 2378 640 2405; x_wconf 85' lang='lat' dir='ltr'><strong>mortalitate</strong></span> <span class='ocrx_word' id='word_1_636' title='bbox 661 2379 853 2411; x_wconf 61' lang='lat' dir='ltr'><strong>communivit;</strong></span> <span class='ocrx_word' id='word_1_637' title='bbox 876 2384 904 2406; x_wconf 87' lang='lat' dir='ltr'><strong>ct</strong></span> <span class='ocrx_word' id='word_1_638' title='bbox 922 2379 969 2413; x_wconf 87' lang='lat' dir='ltr'><strong>qui</strong></span> 
     </span>
    </p>
   </div>
   <div class='ocr_carea' id='block_1_94' title="bbox 1023 2368 1804 2413">
    <p class='ocr_par' dir='ltr' id='par_1_94' title="bbox 1023 2368 1804 2408">
     <span class='ocr_line' id='line_1_94' title="bbox 1023 2368 1804 2408; baseline -0.012 -5"><span class='ocrx_word' id='word_1_639' title='bbox 1023 2377 1119 2408; x_wconf 83' lang='grc' dir='ltr'>δωκεν,</span> <span class='ocrx_word' id='word_1_640' title='bbox 1140 2375 1214 2402; x_wconf 75' lang='grc' dir='ltr'>ἐνθεν</span> <span class='ocrx_word' id='word_1_641' title='bbox 1235 2374 1357 2405; x_wconf 85' lang='grc' dir='ltr'>ἐλεεινῶς</span> <span class='ocrx_word' id='word_1_642' title='bbox 1372 2373 1431 2399; x_wconf 77' lang='grc' dir='ltr'>ἀντὶ</span> <span class='ocrx_word' id='word_1_643' title='bbox 1455 2372 1502 2408; x_wconf 80' lang='grc' dir='ltr'>μὲν</span> <span class='ocrx_word' id='word_1_644' title='bbox 1525 2370 1632 2398; x_wconf 85' lang='grc' dir='ltr'>αἰωνίου</span> <span class='ocrx_word' id='word_1_645' title='bbox 1655 2369 1686 2396; x_wconf 82' lang='grc' dir='ltr'>τὸ</span> <span class='ocrx_word' id='word_1_646' title='bbox 1708 2368 1804 2403; x_wconf 68' lang='grc' dir='ltr'>θνητὸν</span> 
     </span>
    </p>
   </div>
   <div class='ocr_carea' id='block_1_95' title="bbox 189 2423 970 2460">
    <p class='ocr_par' dir='ltr' id='par_1_95' title="bbox 189 2423 970 2460">
     <span class='ocr_line' id='line_1_95' title="bbox 189 2423 970 2460; baseline -0.003 -8"><span class='ocrx_word' id='word_1_647' title='bbox 189 2423 321 2460; x_wconf 72' lang='lat' dir='ltr'><strong>originem</strong></span> <span class='ocrx_word' id='word_1_648' title='bbox 343 2431 358 2450; x_wconf 91' lang='lat' dir='ltr'><strong>a</strong></span> <span class='ocrx_word' id='word_1_649' title='bbox 380 2424 550 2458; x_wconf 86' lang='lat' dir='ltr'><strong>corruptibili</strong></span> <span class='ocrx_word' id='word_1_650' title='bbox 567 2424 741 2459; x_wconf 80' lang='lat' dir='ltr'><strong>generatione</strong></span> <span class='ocrx_word' id='word_1_651' title='bbox 759 2429 914 2460; x_wconf 83' lang='lat' dir='ltr'><strong>acceperat,</strong></span> <span class='ocrx_word' id='word_1_652' title='bbox 936 2424 970 2450; x_wconf 82' lang='lat' dir='ltr'><strong>ad</strong></span> 
     </span>
    </p>
   </div>
   <div class='ocr_carea' id='block_1_96' title="bbox 279 2513 520 2545">
    <p class='ocr_par' dir='ltr' id='par_1_96' title="bbox 279 2513 520 2545">
     <span class='ocr_line' id='line_1_96' title="bbox 279 2513 520 2545; baseline -0.008 -5"><span class='ocrx_word' id='word_1_653' title='bbox 279 2519 291 2533; x_wconf 79' lang='grc' dir='ltr'><strong>ε</strong></span> <span class='ocrx_word' id='word_1_654' title='bbox 302 2513 379 2540; x_wconf 82' lang='lat' dir='ltr'><strong>Juan.</strong></span> <span class='ocrx_word' id='word_1_655' title='bbox 397 2521 455 2545; x_wconf 77' lang='grc' dir='ltr'>χιιι,</span> <span class='ocrx_word' id='word_1_656' title='bbox 478 2514 520 2539; x_wconf 87' lang='lat' dir='ltr'><strong>l0.</strong></span> 
     </span>
    </p>
   </div>
   <div class='ocr_carea' id='block_1_97' title="bbox 1025 2415 1804 2458">
    <p class='ocr_par' dir='ltr' id='par_1_97' title="bbox 1025 2415 1804 2458">
     <span class='ocr_line' id='line_1_97' title="bbox 1025 2415 1804 2458; baseline -0.013 -8"><span class='ocrx_word' id='word_1_657' title='bbox 1025 2422 1221 2458; x_wconf 76' lang='grc' dir='ltr'>ἀντηλλάξατο·</span> <span class='ocrx_word' id='word_1_658' title='bbox 1239 2421 1287 2457; x_wconf 82' lang='grc' dir='ltr'>τὴν</span> <span class='ocrx_word' id='word_1_659' title='bbox 1311 2420 1340 2447; x_wconf 81' lang='grc' dir='ltr'><strong>δὲ</strong></span> <span class='ocrx_word' id='word_1_660' title='bbox 1360 2420 1462 2446; x_wconf 83' lang='grc' dir='ltr'>οἰκείαν</span> <span class='ocrx_word' id='word_1_661' title='bbox 1483 2419 1569 2455; x_wconf 83' lang='grc' dir='ltr'>ἀρχὴν</span> <span class='ocrx_word' id='word_1_662' title='bbox 1592 2417 1620 2444; x_wconf 79' lang='grc' dir='ltr'><strong>ἐν</strong></span> <span class='ocrx_word' id='word_1_663' title='bbox 1643 2415 1804 2452; x_wconf 78' lang='grc' dir='ltr'>φῦαρτικαῖς</span> 
     </span>
    </p>
   </div>
   <div class='ocr_carea' id='block_1_98' title="bbox 830 2620 1168 2649">
    <p class='ocr_par' dir='ltr' id='par_1_98' title="bbox 830 2620 1168 2649">
     <span class='ocr_line' id='line_1_98' title="bbox 830 2620 1168 2649; baseline -0.003 -1"><span class='ocrx_word' id='word_1_664' title='bbox 830 2621 947 2648; x_wconf 74' lang='grc' dir='ltr'><strong>νΑΠΙΑΞ</strong></span> <span class='ocrx_word' id='word_1_665' title='bbox 968 2620 1168 2649; x_wconf 76' lang='lat' dir='ltr'><strong>LECTIONES.</strong></span> 
     </span>
    </p>
   </div>
   <div class='ocr_carea' id='block_1_99' title="bbox 224 2696 1128 2749">
    <p class='ocr_par' dir='ltr' id='par_1_99' title="bbox 224 2696 1128 2749">
     <span class='ocr_line' id='line_1_99' title="bbox 224 2696 1128 2749; baseline -0.002 -23"><span class='ocrx_word' id='word_1_666' title='bbox 224 2700 247 2717; x_wconf 77' lang='grc'><strong>¹⁹</strong></span> <span class='ocrx_word' id='word_1_667' title='bbox 267 2698 351 2726; x_wconf 85' lang='lat' dir='ltr'><strong>Aliter</strong></span> <span class='ocrx_word' id='word_1_668' title='bbox 376 2696 404 2724; x_wconf 83' lang='lat' dir='ltr'><strong>itt</strong></span> <span class='ocrx_word' id='word_1_669' title='bbox 435 2699 495 2730; x_wconf 83' lang='lat' dir='ltr'><strong>cod.</strong></span> <span class='ocrx_word' id='word_1_670' title='bbox 512 2699 563 2727; x_wconf 87' lang='lat' dir='ltr'><strong>Clt.</strong></span> <span class='ocrx_word' id='word_1_671' title='bbox 601 2699 623 2715; x_wconf 89' lang='grc'><strong>²⁰</strong></span> <span class='ocrx_word' id='word_1_672' title='bbox 636 2699 704 2726; x_wconf 85' lang='lat' dir='ltr'><strong>Butl.</strong></span> <span class='ocrx_word' id='word_1_673' title='bbox 717 2698 821 2728; x_wconf 81' lang='lat' dir='ltr'><strong>scribit,</strong></span> <span class='ocrx_word' id='word_1_674' title='bbox 833 2699 866 2738; x_wconf 71' lang='grc' dir='ltr'>δι’</span> <span class='ocrx_word' id='word_1_675' title='bbox 879 2697 913 2749; x_wconf 50' lang='grc' dir='ltr'>ἧς</span> <span class='ocrx_word' id='word_1_676' title='bbox 924 2698 954 2724; x_wconf 79' lang='grc' dir='ltr'>τὸ</span> <span class='ocrx_word' id='word_1_677' title='bbox 967 2698 1128 2749; x_wconf 53' lang='grc' dir='ltr'>ἀκροτάτης.</span> 
     </span>
     <span class='ocr_line' id='line_1_100' title="bbox 273 2733 1128 2749; baseline 0 0"><span class='ocrx_word' id='word_1_678' title='bbox 273 2735 295 2749; x_wconf 66' lang='lat' dir='ltr'><strong>Il</strong></span> <span class='ocrx_word' id='word_1_679' title='bbox 309 2737 498 2749; x_wconf 66' lang='lat' dir='ltr'><strong>.._..-_.._l-_.</strong></span> <span class='ocrx_word' id='word_1_680' title='bbox 523 2735 561 2749; x_wconf 76' lang='grc' dir='ltr'><strong>ΓΙι</strong></span> <span class='ocrx_word' id='word_1_681' title='bbox 594 2735 615 2749; x_wconf 71' lang='grc' dir='ltr'><strong>Ϊὶ</strong></span> <span class='ocrx_word' id='word_1_682' title='bbox 642 2734 696 2749; x_wconf 62' lang='grc' dir='ltr'><strong>..ΔΑ</strong></span> <span class='ocrx_word' id='word_1_683' title='bbox 709 2742 760 2749; x_wconf 72' lang='lat' dir='ltr'><strong>“nn</strong></span> <span class='ocrx_word' id='word_1_684' title='bbox 781 2739 820 2749; x_wconf 66' lang='lat' dir='ltr'><strong>ubi</strong></span> <span class='ocrx_word' id='word_1_685' title='bbox 844 2743 869 2749; x_wconf 87' lang='lat' dir='ltr'><strong>III</strong></span> <span class='ocrx_word' id='word_1_686' title='bbox 900 2734 908 2749; x_wconf 87' lang='grc' dir='ltr'><strong>Ι</strong></span> <span class='ocrx_word' id='word_1_687' title='bbox 937 2738 960 2749; x_wconf 79' lang='lat' dir='ltr'><strong>nl</strong></span> <span class='ocrx_word' id='word_1_688' title='bbox 977 2736 1011 2749; x_wconf 56' lang='grc' dir='ltr'><strong>ιη</strong></span> <span class='ocrx_word' id='word_1_689' title='bbox 1084 2733 1093 2748; x_wconf 78' lang='grc' dir='ltr'><strong>Ι</strong></span> <span class='ocrx_word' id='word_1_690' title='bbox 1118 2734 1128 2749; x_wconf 63' lang='grc' dir='ltr'><em>λ</em></span> 
     </span>
    </p>
   </div>
   <div class='ocr_carea' id='block_1_100' title="bbox 189 2733 1093 2771">
    <p class='ocr_par' dir='ltr' id='par_1_100' title="bbox 189 2733 1093 2771">
     <span class='ocr_line' id='line_1_101' title="bbox 189 2733 1093 2771; baseline -0.003 -9"><span class='ocrx_word' id='word_1_691' title='bbox 189 2735 221 2763; x_wconf 79' lang='grc' dir='ltr'><strong>Ι).</strong></span> <span class='ocrx_word' id='word_1_692' title='bbox 273 2735 295 2751; x_wconf 78' lang='grc'><strong><em>³³</em></strong></span> <span class='ocrx_word' id='word_1_693' title='bbox 309 2737 509 2771; x_wconf 69' lang='grc' dir='ltr'>φανερωτέρας.</span> <span class='ocrx_word' id='word_1_694' title='bbox 523 2735 572 2771; x_wconf 62' lang='lat' dir='ltr'><strong>Cll.</strong></span> <span class='ocrx_word' id='word_1_695' title='bbox 594 2735 623 2761; x_wconf 82' lang='grc' dir='ltr'><strong>Ι).</strong></span> <span class='ocrx_word' id='word_1_696' title='bbox 641 2734 696 2771; x_wconf 73' lang='grc' dir='ltr'>γάρ</span> <span class='ocrx_word' id='word_1_697' title='bbox 709 2739 823 2771; x_wconf 59' lang='lat' dir='ltr'><strong>nonest</strong></span> <span class='ocrx_word' id='word_1_698' title='bbox 844 2735 869 2771; x_wconf 85' lang='lat' dir='ltr'><strong>in</strong></span> <span class='ocrx_word' id='word_1_699' title='bbox 885 2733 920 2760; x_wconf 86' lang='grc' dir='ltr'><em>Μ.</em></span> <span class='ocrx_word' id='word_1_700' title='bbox 937 2735 1021 2771; x_wconf 68' lang='lat' dir='ltr'><strong>et§c.</strong></span> <span class='ocrx_word' id='word_1_701' title='bbox 1035 2768 1050 2771; x_wconf 34' lang='grc' dir='ltr'><strong>Α</strong></span> 
     </span>
    </p>
   </div>
   <div class='ocr_carea' id='block_1_101' title="bbox 1178 2696 1801 2729">
    <p class='ocr_par' dir='ltr' id='par_1_101' title="bbox 1178 2696 1801 2729">
     <span class='ocr_line' id='line_1_102' title="bbox 1178 2696 1801 2729; baseline -0.005 -5"><span class='ocrx_word' id='word_1_702' title='bbox 1178 2699 1198 2714; x_wconf 85' lang='grc'>³¹</span> <span class='ocrx_word' id='word_1_703' title='bbox 1214 2698 1228 2724; x_wconf 79' lang='grc' dir='ltr'><strong>ὁ</strong></span> <span class='ocrx_word' id='word_1_704' title='bbox 1244 2697 1292 2729; x_wconf 74' lang='grc' dir='ltr'>μὲν</span> <span class='ocrx_word' id='word_1_705' title='bbox 1304 2696 1360 2729; x_wconf 80' lang='grc' dir='ltr'>οὖν,</span> <span class='ocrx_word' id='word_1_706' title='bbox 1378 2697 1413 2724; x_wconf 86' lang='grc' dir='ltr'><em>Μ.</em></span> <span class='ocrx_word' id='word_1_707' title='bbox 1434 2697 1479 2724; x_wconf 89' lang='lat' dir='ltr'><strong>Sc.</strong></span> <span class='ocrx_word' id='word_1_708' title='bbox 1531 2697 1552 2712; x_wconf 85' lang='grc'><strong>³¹</strong></span> <span class='ocrx_word' id='word_1_709' title='bbox 1567 2697 1637 2724; x_wconf 80' lang='grc' dir='ltr'>κατὰ</span> <span class='ocrx_word' id='word_1_710' title='bbox 1648 2696 1692 2722; x_wconf 79' lang='grc' dir='ltr'>τὸν</span> <span class='ocrx_word' id='word_1_711' title='bbox 1705 2696 1801 2729; x_wconf 83' lang='grc' dir='ltr'>νόμον,</span> 
     </span>
    </p>
   </div>
   <div class='ocr_carea' id='block_1_102' title="bbox 1244 2695 1479 2733">
    <p class='ocr_par' dir='ltr' id='par_1_102' title="bbox 1244 2695 1479 2733">
     <span class='ocr_line' id='line_1_103' title="bbox 1244 2695 1479 2733; baseline 0 -9"><span class='ocrx_word' id='word_1_712' title='bbox 1244 2697 1292 2733; x_wconf 74' lang='grc' dir='ltr'>μὲν</span> <span class='ocrx_word' id='word_1_713' title='bbox 1304 2695 1360 2729; x_wconf 79' lang='grc' dir='ltr'>οὖν,</span> <span class='ocrx_word' id='word_1_714' title='bbox 1378 2697 1413 2724; x_wconf 86' lang='grc' dir='ltr'><em>Μ.</em></span> <span class='ocrx_word' id='word_1_715' title='bbox 1434 2697 1479 2724; x_wconf 89' lang='lat' dir='ltr'><strong>Sc.</strong></span> 
     </span>
    </p>
   </div>
   <div class='ocr_carea' id='block_1_103' title="bbox 1526 2731 1802 2766">
    <p class='ocr_par' dir='ltr' id='par_1_103' title="bbox 1526 2731 1802 2766">
     <span class='ocr_line' id='line_1_104' title="bbox 1526 2731 1802 2766; baseline -0.007 -7"><span class='ocrx_word' id='word_1_716' title='bbox 1526 2732 1548 2748; x_wconf 81' lang='grc'>³⁵</span> <span class='ocrx_word' id='word_1_717' title='bbox 1563 2732 1705 2766; x_wconf 74' lang='grc' dir='ltr'>ἀφιέντων,</span> <span class='ocrx_word' id='word_1_718' title='bbox 1721 2731 1749 2756; x_wconf 81' lang='lat' dir='ltr'><strong>S.</strong></span> <span class='ocrx_word' id='word_1_719' title='bbox 1773 2731 1802 2757; x_wconf 66' lang='lat' dir='ltr'><strong>ll.</strong></span> 
     </span>
    </p>
   </div>
   <div class='ocr_carea' id='block_1_104' title="bbox 1117 2733 1468 2768">
    <p class='ocr_par' dir='ltr' id='par_1_104' title="bbox 1117 2733 1468 2768">
     <span class='ocr_line' id='line_1_105' title="bbox 1117 2733 1468 2768; baseline 0.003 -9"><span class='ocrx_word' id='word_1_720' title='bbox 1117 2733 1256 2768; x_wconf 80' lang='grc' dir='ltr'>ὁμοειδῶν,</span> <span class='ocrx_word' id='word_1_721' title='bbox 1271 2734 1319 2760; x_wconf 79' lang='lat' dir='ltr'><strong>Clt.</strong></span> <span class='ocrx_word' id='word_1_722' title='bbox 1338 2733 1366 2760; x_wconf 92' lang='lat' dir='ltr'><strong>D.</strong></span> <span class='ocrx_word' id='word_1_723' title='bbox 1392 2733 1420 2760; x_wconf 88' lang='lat' dir='ltr'><strong>P.</strong></span> <span class='ocrx_word' id='word_1_724' title='bbox 1439 2733 1468 2760; x_wconf 82' lang='grc' dir='ltr'><em>Β.</em></span> 
     </span>
    </p>
   </div>
   <div class='ocr_carea' id='block_1_105' title="bbox 188 2766 1803 2804">
    <p class='ocr_par' dir='ltr' id='par_1_105' title="bbox 188 2766 1803 2804">
     <span class='ocr_line' id='line_1_106' title="bbox 188 2766 1803 2804; baseline -0.003 -8"><span class='ocrx_word' id='word_1_725' title='bbox 188 2770 295 2802; x_wconf 76' lang='grc' dir='ltr'>διιέναι,</span> <span class='ocrx_word' id='word_1_726' title='bbox 309 2766 358 2797; x_wconf 78' lang='lat' dir='ltr'><strong>Cb.</strong></span> <span class='ocrx_word' id='word_1_727' title='bbox 423 2766 457 2797; x_wconf 61' lang='grc' dir='ltr'><strong>ΜΖ</strong></span> <span class='ocrx_word' id='word_1_728' title='bbox 473 2771 502 2797; x_wconf 84' lang='grc' dir='ltr'><em>Ρ.</em></span> <span class='ocrx_word' id='word_1_729' title='bbox 523 2769 545 2785; x_wconf 78' lang='grc'><strong>³⁸</strong></span> <span class='ocrx_word' id='word_1_730' title='bbox 557 2766 663 2800; x_wconf 68' lang='grc' dir='ltr'>ἑαυτοῦ,</span> <span class='ocrx_word' id='word_1_731' title='bbox 677 2766 706 2796; x_wconf 79' lang='lat' dir='ltr'><strong>l‘.</strong></span> <span class='ocrx_word' id='word_1_732' title='bbox 728 2768 749 2783; x_wconf 78' lang='grc'>³⁷</span> <span class='ocrx_word' id='word_1_733' title='bbox 764 2769 937 2804; x_wconf 56' lang='grc' dir='ltr'>ἀνακρίσεσι-ν</span> <span class='ocrx_word' id='word_1_734' title='bbox 949 2788 955 2800; x_wconf 87' lang='grc'><strong>,</strong></span> <span class='ocrx_word' id='word_1_735' title='bbox 970 2768 1017 2799; x_wconf 87' lang='grc' dir='ltr'><strong>Ρ.;</strong></span> <span class='ocrx_word' id='word_1_736' title='bbox 1035 2766 1149 2804; x_wconf 75' lang='lat' dir='ltr'><strong>Budzeus</strong></span> <span class='ocrx_word' id='word_1_737' title='bbox 1163 2769 1265 2804; x_wconf 82' lang='lat' dir='ltr'><strong>notavit</strong></span> <span class='ocrx_word' id='word_1_738' title='bbox 1279 2768 1520 2804; x_wconf 21' lang='lat' dir='ltr'><strong>aliatrtrlectionem</strong></span> <span class='ocrx_word' id='word_1_739' title='bbox 1533 2787 1540 2798; x_wconf 85' lang='lat'><strong>,</strong></span> <span class='ocrx_word' id='word_1_740' title='bbox 1562 2767 1690 2804; x_wconf 20' lang='grc' dir='ltr'>κλίνσεσιν.</span> <span class='ocrx_word' id='word_1_741' title='bbox 1721 2766 1742 2781; x_wconf 79' lang='grc'><strong>³⁸</strong></span> <span class='ocrx_word' id='word_1_742' title='bbox 1755 2766 1803 2804; x_wconf 63' lang='grc' dir='ltr'>καὶ</span> 
     </span>
    </p>
   </div>
   <div class='ocr_carea' id='block_1_106' title="bbox 189 2802 954 2841">
    <p class='ocr_par' dir='ltr' id='par_1_106' title="bbox 189 2802 954 2841">
     <span class='ocr_line' id='line_1_107' title="bbox 189 2802 954 2841; baseline -0.004 -9"><span class='ocrx_word' id='word_1_743' title='bbox 189 2806 232 2832; x_wconf 73' lang='grc' dir='ltr'>ἐπ’</span> <span class='ocrx_word' id='word_1_744' title='bbox 245 2806 315 2840; x_wconf 72' lang='grc' dir='ltr'>ὄψιν,</span> <span class='ocrx_word' id='word_1_745' title='bbox 332 2805 412 2839; x_wconf 83' lang='lat' dir='ltr'><strong>Bud.;</strong></span> <span class='ocrx_word' id='word_1_746' title='bbox 441 2804 603 2841; x_wconf 75' lang='grc' dir='ltr'>ὑμνηοὲντα”</span> <span class='ocrx_word' id='word_1_747' title='bbox 625 2805 698 2836; x_wconf 77' lang='grc' dir='ltr'>τίνας</span> <span class='ocrx_word' id='word_1_748' title='bbox 714 2802 818 2841; x_wconf 61' lang='grc' dir='ltr'>μὲνοῦν</span> <span class='ocrx_word' id='word_1_749' title='bbox 831 2802 909 2841; x_wconf 67' lang='grc' dir='ltr'>εἶναι,</span> <span class='ocrx_word' id='word_1_750' title='bbox 926 2805 954 2829; x_wconf 67' lang='grc' dir='ltr'><strong>Ι).</strong></span> 
     </span>
    </p>
   </div>
   <div class='ocr_carea' id='block_1_107' title="bbox 973 2803 1268 2841">
    <p class='ocr_par' dir='ltr' id='par_1_107' title="bbox 973 2803 1268 2841">
     <span class='ocr_line' id='line_1_108' title="bbox 973 2803 1268 2841; baseline 0.003 -11"><span class='ocrx_word' id='word_1_751' title='bbox 973 2838 983 2841; x_wconf 37' lang='grc' dir='ltr'><strong><em>ν</em></strong></span> <span class='ocrx_word' id='word_1_752' title='bbox 1003 2804 1024 2819; x_wconf 76' lang='grc'><strong>³⁸</strong></span> <span class='ocrx_word' id='word_1_753' title='bbox 1039 2803 1156 2839; x_wconf 81' lang='grc' dir='ltr'>ἀγωγόν,</span> <span class='ocrx_word' id='word_1_754' title='bbox 1172 2803 1206 2831; x_wconf 87' lang='grc' dir='ltr'><em>Μ.</em></span> <span class='ocrx_word' id='word_1_755' title='bbox 1224 2804 1268 2832; x_wconf 88' lang='lat' dir='ltr'><strong>Sc.</strong></span> 
     </span>
    </p>
   </div>
   <div class='ocr_carea' id='block_1_108' title="bbox 190 2838 1016 2875">
    <p class='ocr_par' dir='ltr' id='par_1_108' title="bbox 190 2838 1016 2875">
     <span class='ocr_line' id='line_1_109' title="bbox 190 2838 1016 2875; baseline 0 -8"><span class='ocrx_word' id='word_1_756' title='bbox 190 2841 250 2868; x_wconf 76' lang='lat' dir='ltr'><strong>hcttl</strong></span> <span class='ocrx_word' id='word_1_757' title='bbox 267 2838 298 2868; x_wconf 72' lang='lat'><strong>5.</strong></span> <span class='ocrx_word' id='word_1_758' title='bbox 316 2844 344 2868; x_wconf 73' lang='lat' dir='ltr'><strong>l‘.</strong></span> <span class='ocrx_word' id='word_1_759' title='bbox 366 2845 392 2869; x_wconf 78' lang='lat' dir='ltr'><strong>lt.</strong></span> <span class='ocrx_word' id='word_1_760' title='bbox 408 2842 446 2868; x_wconf 66' lang='lat' dir='ltr'><strong>(lit</strong></span> <span class='ocrx_word' id='word_1_761' title='bbox 461 2838 514 2868; x_wconf 55' lang='grc' dir='ltr'><strong>’Βλ</strong></span> <span class='ocrx_word' id='word_1_762' title='bbox 527 2841 587 2867; x_wconf 66' lang='lat'><strong>5.”.</strong></span> <span class='ocrx_word' id='word_1_763' title='bbox 605 2844 650 2868; x_wconf 79' lang='lat' dir='ltr'><strong>sed</strong></span> <span class='ocrx_word' id='word_1_764' title='bbox 663 2849 695 2875; x_wconf 76' lang='lat' dir='ltr'><strong>pc</strong></span> <span class='ocrx_word' id='word_1_765' title='bbox 713 2838 721 2866; x_wconf 70' lang='grc' dir='ltr'>ι</span> <span class='ocrx_word' id='word_1_766' title='bbox 737 2839 788 2865; x_wconf 72' lang='grc' dir='ltr'>τὼν</span> <span class='ocrx_word' id='word_1_767' title='bbox 804 2839 882 2866; x_wconf 69' lang='grc' dir='ltr'>θείω-ί</span> <span class='ocrx_word' id='word_1_768' title='bbox 896 2838 1016 2872; x_wconf 64' lang='grc' dir='ltr'>ἀγαθῶν,</span> 
     </span>
    </p>
   </div>
   <div class='ocr_carea' id='block_1_109' title="bbox 1318 2801 1789 2831">
    <p class='ocr_par' dir='ltr' id='par_1_109' title="bbox 1318 2801 1789 2831">
     <span class='ocr_line' id='line_1_110' title="bbox 1318 2801 1789 2831; baseline -0.008 0"><span class='ocrx_word' id='word_1_769' title='bbox 1318 2803 1340 2820; x_wconf 57' lang='grc' dir='ltr'><strong>ιθ</strong></span> <span class='ocrx_word' id='word_1_770' title='bbox 1354 2803 1415 2831; x_wconf 69' lang='grc' dir='ltr'>Ιιαξε</span> <span class='ocrx_word' id='word_1_771' title='bbox 1432 2804 1510 2831; x_wconf 82' lang='lat' dir='ltr'><strong>verba</strong></span> <span class='ocrx_word' id='word_1_772' title='bbox 1537 2804 1587 2830; x_wconf 76' lang='lat' dir='ltr'><strong>hoc</strong></span> <span class='ocrx_word' id='word_1_773' title='bbox 1604 2803 1663 2830; x_wconf 80' lang='lat' dir='ltr'><strong>loco</strong></span> <span class='ocrx_word' id='word_1_774' title='bbox 1685 2808 1738 2828; x_wconf 89' lang='lat' dir='ltr'><strong>non</strong></span> <span class='ocrx_word' id='word_1_775' title='bbox 1755 2801 1789 2827; x_wconf 85' lang='lat' dir='ltr'><strong>ba</strong></span> 
     </span>
    </p>
   </div>
  </div>
