1931 3073
115 159 158 186 ﬂ!

616 158 658 185 DE
677 157 818 185 ECCLES.
837 156 1013 184 lllERARCH
1030 176 1037 189 ,
1056 156 1132 185 CAP.
1154 155 1197 184 111.

1673 156 1727 184 ΗΞ

115 216 240 250 ἐσχηκυῖα
253 215 388 249 γενέσεσιν
397 215 442 242 ἐπὶ
453 216 483 242 τὸ
493 216 542 250 τῆς
551 215 636 250 ἀρχῆς
649 215 813 250 κατάλληλον
825 215 895 241 εἰκό-

957 214 1086 242 nteritnm
1112 214 1210 249 origini
1236 221 1293 241 sua:
1313 217 1525 242 consentaneum
1545 213 1606 249 jure
1629 215 1726 241 merita

115 270 164 293 τως
175 259 225 296 ἦγε
237 260 266 287 τὺ
281 261 365 296 πέρας
375 269 382 276 α
404 261 471 288 ἀλλὰ
487 261 533 288 καὶ
552 262 600 296 τῆς
613 261 686 293 θείας
694 262 741 288 καὶ
753 260 893 294 ἀναγώγου

117 305 184 341 ζωῆς
212 305 369 338 ἐθελουσίως
395 307 580 339 ἀποπεσοῦσαι,
597 307 664 342 προς
691 307 741 342 τὴν
771 306 894 333 ἐναντίαν

117 351 239 386 ἐσχατιὰν
266 352 366 387 ἠνέχθη
379 372 385 384 ,
404 352 452 388 τὴν
474 352 715 388 πολυπαθεστάτην
744 352 893 379 ἀλλοίωσιν.

117 397 276 433 Ιίλανωμένη
286 397 313 424 δὲ
327 398 373 424 καὶ
387 398 435 433 τῆς
448 398 553 430 εὐθείας
565 398 624 425 ὁδοῦ
636 399 684 434 τῆς
699 398 745 424 ἐπὶ
756 398 799 424 τὸν
812 398 895 431 ὅντως

117 443 175 469 ὄντα
189 443 254 469 Θεὸν
266 444 484 479 ὲκτετραμμένη,
504 445 549 470 καὶ
566 446 626 476 ταῖς
638 443 772 479 ὀλεθρίαις
787 444 834 471 καὶ
848 453 896 470 κα-

119 489 264 524 κεργέτισιν
291 490 493 525 ὑποταττομένη
517 490 666 527 πληθύσιν,
694 490 838 517 ἐλάνθανεν
865 491 895 517 οὺ

119 533 191 564 θεοὺς
202 533 261 559 οὐδὲ
272 533 374 567 φίλους,
387 534 454 560 ἀλλά
470 535 612 570 δυσμενεῖς
626 535 827 571 θεραπεύουσα·
843 536 896 562 τῶν

117 579 143 606 δὲ
156 580 273 615 ἀφειδῶς
285 581 353 617 αὐτῇ
366 582 435 608 κατὰ
453 582 484 609 τὺ
498 583 596 609 οἰκεῖον
611 583 721 618 ἀνηλεὲς
741 582 896 619 ἀποκεχρη-

120 627 214 661 μένων,
235 628 275 659 εἰς
296 628 463 664 ἀνυπαρξίας
483 629 600 665 οἰκτρῶς
615 629 793 665 ἐμπεπτώκει
806 629 826 644 “
851 630 898 655 καὶ

118 672 251 705 ἀπωλείας
263 673 392 701 κίνδυνον.
414 675 444 701 Ἦ
459 675 487 701 δὲ
506 676 554 711 τῆς
574 675 720 711 θεαρχικῆς
734 675 897 711 ἀγαθότητος

119 717 280 753 ἀπειροτάτη
306 719 492 754 φιλανθρωπία
515 721 560 747 καὶ
585 721 633 757 τὴν
654 721 801 758 αὐτουργὸν
821 721 898 757 ἡμῶν

118 762 314 798 ἁγαθοπρεπῶς
325 764 374 790 οὐκ
387 765 541 800 ἀπηνήνατο
553 766 689 801 πρόνοιαν,
705 766 772 792 ἀλλά
786 767 813 792 ὲν
831 765 897 800 ἀλη-

119 807 159 834 θεῖ
181 808 285 843 μεθέξει
307 809 361 835 τῶν
382 810 443 837 καθ’
464 811 537 846 ἡμᾶς
554 812 685 846 γενομένη
701 812 809 839 πάντων
833 812 898 838 ἀνα-

121 855 273 890 μαρτήτως⁷
289 856 335 882 καὶ
349 856 417 892 πρὸς
430 857 459 882 τὸ
471 858 598 884 ταπεινὸν
609 858 685 893 ήμῶν
702 857 898 892 ἑνοποιηοεῖσα,

121 900 187 935 μετὰ
205 900 254 936 τῆς
264 901 317 927 τῶν
337 902 443 928 οἰκείων
457 902 608 938 ἀσυγχύτου
623 904 669 930 καὶ
682 903 819 939 ὰλωϐήτου
833 913 900 931 παν-

119 945 201 976 τελῶς
225 945 316 978 ἕξεως,
340 946 388 981 τὴν
412 947 478 982 πρὸς
504 947 588 983 αὐτὴν
612 949 677 984 ἡμῖν
699 950 841 976 κοινωνίαν
862 950 899 981 ὡς

120 991 258 1025 ὑμογενέσι
277 991 369 1018 λοιπὸν
384 992 548 1028 ἐδωρήσατο,
570 994 617 1020 καὶ
639 994 694 1021 τῶν
715 995 822 1021 οἰκείων
838 995 900 1021 ἀνέ-

119 1035 188 1068 δειξε
198 1036 326 1072 μετόχους
335 1037 424 1063 καλῶν
433 1046 439 1052 ·
451 1038 500 1072 τῆς
516 1038 564 1073 μὲν
573 1039 760 1075 ἀποστατικῆς
772 1040 899 1076 πληθύος,

119 1082 155 1112 ὡς
169 1083 184 1118 ἡ
199 1082 302 1117 κρυφία
318 1084 466 1118 παράδοσις
489 1084 555 1119 ἔχει,
572 1085 602 1111 τὸ
618 1084 677 1111 καθ’
693 1085 770 1120 ἡμῶν
784 1085 900 1112 καταλύ-

121 1135 188 1154 σασα
212 1129 311 1164 κράτος
335 1129 366 1155 οὐ
389 1128 458 1155 κατὰ
482 1129 602 1165 δύναμιν,
627 1130 664 1162 ὡς
691 1131 900 1166 ὑπερισχύουσα,

120 1174 190 1200 κατὰ
205 1174 232 1201 δὲ
245 1173 275 1201 τὸ
289 1175 426 1210 μυστικῶς
443 1176 508 1211 ἡμῖν
526 1175 677 1211 παραδοθὲν
691 1176 788 1210 λόγιον,
800 1178 828 1203 ἐν
842 1177 902 1213 κρί-

122 1227 161 1245 σει
175 1219 222 1246 καὶ
234 1219 397 1255 δικαιοσύνῃ.
411 1219 450 1246 Τὰ
466 1220 526 1247 καθ’
541 1222 613 1256 ἡμᾶς
627 1221 654 1247 δὲ
671 1221 738 1256 πρὸς
749 1221 901 1247 τούναντίον

121 1265 193 1292 ἆπαν
221 1265 396 1301 ἀγαθουργῶς
423 1267 637 1301 μετεσκευάσατο
661 1266 703 1282 ⁸¹·
730 1266 760 1292 τὸ
784 1267 832 1302 μὲν
848 1266 902 1302 γὰρ

121 1309 192 1336 κατὰ
204 1309 268 1336 νοῦν
281 1310 359 1346 ἡμῶν
371 1310 494 1345 ἀλαμπὲς
510 1310 656 1346 ἐνέπλησεν
667 1311 755 1337 ὸλὸίου
773 1311 820 1338 καὶ
835 1311 903 1337 θειο-

120 1356 199 1383 τάτου
211 1356 307 1390 φωτὸς,
321 1357 431 1389 καὶτοῖς
446 1357 588 1383 θεοειδέσιν
599 1357 734 1393 ἐκόσμησε
746 1356 776 1383 τὸ
786 1356 902 1383 ἀνείδεον

121 1401 249 1428 κάλλεσι·
273 1401 303 1428 τὸ
325 1402 353 1428 δὲ
376 1402 425 1437 τῆς
444 1402 532 1437 ψυχῆς
555 1402 711 1438 οἰκητήριον
726 1403 754 1428 ἐν
778 1402 904 1429 παντελεῖ

122 1446 243 1481 σωτηρίᾳ
257 1446 306 1481 τῆς
323 1447 383 1473 ὅσον
396 1446 471 1473 οὔπω
487 1448 692 1484 καταπεσούσης
707 1448 784 1484 ἡμῶν
810 1448 903 1480 οὐσίας

122 1491 306 1525 ὲναγεστάτων
318 1491 411 1519 παθῶν
424 1492 470 1519 καὶ
481 1492 649 1528 φθοροποιῶν
664 1493 809 1529 μολυσμῶν
825 1493 904 1529 ἠλευ-

122 1535 251 1571 θέρωσεν,
280 1536 423 1573 ἀναγωγὴν
447 1538 512 1573 ἡμῖν
542 1538 724 1574 ὑπερκόσμιον
748 1538 857 1571 δείξασα
881 1539 903 1554 ⁴³

945 261 1113 295 properavit,
1130 267 1179 287 nec
1195 267 1247 286 non
1266 267 1280 286 a
1302 260 1358 286 vita
1382 259 1485 292 divina,
1512 267 1572 294 quae
1589 261 1675 295 ipsmn
1693 261 1727 286 nd

945 314 1042 340 supera
1067 305 1234 340 subrigebat,
1261 305 1393 340 dilapsus,
1418 310 1445 332 et
1463 305 1496 332 ad
1515 311 1636 333 extrema
1660 314 1726 333 con-

946 353 1029 380 traria
1051 352 1107 387 jam
1124 359 1242 386 praeceps
1260 353 1351 384 datus,
1373 352 1456 380 variis
1479 353 1727 387 perturbationibus

944 399 1088 426 obnoxiam
1117 403 1214 425 nactus
1241 402 1282 425 est
1306 399 1535 425 immutationem.
1567 397 1633 426 Cum
1662 406 1727 425 vero

945 443 1028 470 etiam
1044 452 1058 470 a
1072 448 1146 470 recto
1158 443 1268 470 tramite
1281 443 1316 470 ad
1331 443 1414 470 Deum
1430 451 1523 471 verum
1539 444 1668 471 tendente
1680 445 1726 471 de-

946 489 1080 522 ﬂecteret,
1103 494 1184 524 atque
1200 489 1323 518 exitiosis
1345 490 1531 524 maleficisqne
1549 490 1646 516 turmis
1666 489 1729 517 sub-

947 536 1018 562 ditus
1042 540 1198 568 teneretur,
1230 536 1341 563 minime
1364 535 1482 562 advertit
1500 543 1531 561 se
1557 543 1608 562 non
1627 535 1678 562 diis
1697 539 1730 562 et

947 583 1059 614 amicis,
1086 583 1132 610 sed
1160 583 1266 610 infestis
1291 582 1416 610 hostibus
1444 581 1528 609 fuisse
1553 582 1727 612 obsecutum:

947 628 1043 663 quibus
1062 635 1094 655 eo
1111 629 1258 655 crudeliter
1273 635 1322 662 pro
1342 628 1510 654 humanitate
1526 635 1574 654 sua
1591 627 1730 655 abutenti-

948 674 1008 706 bus,
1025 674 1051 700 in
1075 678 1161 701 status
1180 674 1429 708 internecionisqne
1445 673 1591 700 discrimen
1609 677 1730 700 venerat.

947 720 1048 747 Verum
1064 719 1111 746 Dei
1129 720 1290 755 principalis
1309 719 1442 747 bonitatis
1457 720 1563 747 infinita
1578 719 1732 754 benignitas

949 765 1077 793 benevole
1092 773 1140 799 per
1160 773 1191 793 se
1207 767 1293 793 nostri
1307 774 1402 793 curam
1418 773 1515 801 gerere
1537 773 1591 792 non
1615 766 1730 795 destitit.

949 812 996 839 sed
1017 817 1169 839 nostrorum
1187 813 1307 840 omnium
1323 820 1387 840 vere
1409 813 1480 840 facta
1499 812 1647 847 particeps,
1664 812 1734 838 alis-

949 864 1001 892 qne
1021 862 1132 892 peccato
1153 856 1175 889 ί,
1200 858 1401 892 hnmilitatiqne
1427 862 1528 885 nostra:
1547 857 1634 890 unita,
1652 856 1731 892 196

917 900 937 929 Β
952 903 1025 929 salvo
1047 902 1244 937 proprietatum
1269 910 1380 930 suarum
1407 906 1493 935 statu,
1514 910 1600 936 eoque
1623 910 1732 937 prorsus

949 949 1092 978 inconfnso
1113 954 1140 976 et
1160 949 1302 980 inviolato,
1324 949 1402 984 cujus
1422 949 1504 976 etiam
1527 949 1618 983 nobis,
1640 953 1732 982 utpote

950 995 1106 1029 congencis.
1119 994 1286 1021 consortium
1302 995 1388 1026 dedit,
1405 1001 1508 1029 nosque
1522 995 1655 1022 bonorutn
1668 1001 1732 1020 suo-

951 1048 1010 1067 rum
1043 1041 1188 1075 participes
1221 1039 1391 1071 declaravit,
1419 1039 1573 1073 apostaticaa
1605 1039 1732 1066 nimirum

952 1086 1036 1114 turbae
1054 1086 1186 1120 imperio,
1198 1085 1269 1120 quod
1292 1085 1436 1112 adversum
1451 1092 1499 1112 nos
1516 1085 1644 1117 habebat,
1658 1084 1733 1118 juxta

952 1132 1126 1159 traditionem
1150 1138 1295 1162 arcanam,
1319 1128 1471 1164 proﬂigato,
1493 1137 1546 1156 non
1567 1129 1670 1156 viribus
1684 1136 1732 1155 ceu

951 1178 1113 1213 praevalens,
1129 1177 1188 1209 sed,
1205 1177 1355 1204 secundum
1372 1176 1514 1211 mysticum
1540 1175 1689 1209 eloquium,
1706 1175 1733 1200 in

949 1224 1052 1259 judicio
1067 1228 1094 1250 et
1107 1223 1224 1257 jnstilia.
1245 1222 1376 1249 Nostrum
1389 1229 1454 1248 vero
1477 1226 1579 1248 statum
1595 1227 1610 1247 e
1625 1220 1736 1247 diverso

952 1269 1099 1297 clementer
1117 1269 1291 1300 immutavit;
1309 1275 1372 1294 nam
1396 1267 1494 1294 mentis
1509 1267 1618 1300 quidem
1634 1271 1735 1292 nostra:

952 1316 1143 1343 obscuritatem
1167 1315 1250 1342 beato
1267 1314 1415 1348 divinoque
1431 1313 1532 1340 lumine
1548 1312 1673 1347 replevit,
1688 1311 1737 1338 de-

953 1361 1171 1395 formitatemque
1203 1364 1324 1388 nostram
1361 1359 1539 1387 deiformibns
1566 1357 1736 1386 ornamentis

954 1406 1122 1438 illustravit;
1147 1406 1228 1432 animi
1252 1411 1341 1433 autem
1360 1405 1525 1432 domicilium
1540 1412 1600 1431 cum
1617 1403 1736 1438 perlecta

955 1451 1042 1479 salute
1056 1452 1182 1479 essentiae
1196 1457 1355 1486 naturaeque
1371 1456 1484 1482 nostrae,
1500 1457 1559 1484 quae
1580 1449 1665 1477 ferme
1680 1447 1737 1475 col-

954 1499 1029 1533 lapsa
1046 1501 1144 1525 eratet
1156 1497 1322 1529 conciderat,
1338 1497 1497 1524 foedissimis
1508 1496 1661 1531 quibusque
1675 1502 1738 1529 pas-

955 1544 1077 1571 sionibus
1106 1547 1189 1578 atque
1224 1543 1439 1578 inquinamentis
1473 1542 1562 1569 noxiis
1590 1540 1736 1572 liberavit,

123 1582 170 1608 καὶ
186 1582 320 1608 πολιτείαν
331 1583 420 1609 ἔνθεον
433 1584 461 1609 ὲν
474 1585 533 1614 ταῖς
549 1583 615 1618 πρὸς
628 1583 712 1619 αὐτὴν
726 1583 803 1619 ἡμῶν
819 1584 902 1619 ἱεραῖς

957 1595 1168 1619 commonstrata
1194 1590 1273 1617 nobis
1301 1588 1514 1624 supermundiali
1537 1594 1679 1622 anagoge,
1705 1594 1738 1614 ac

123 1628 194 1654 κατά
205 1629 235 1655 τὸ
248 1629 357 1656 δυνατὴν
373 1630 563 1664 ἁφομοιώσεσι.

959 1638 1053 1666 divinae
1064 1637 1126 1663 vita:
1143 1643 1249 1668 norma,
1270 1643 1319 1671 per
1333 1643 1415 1670 qttam
1431 1634 1464 1661 ad
1482 1641 1575 1661 sacras
1588 1633 1646 1667 ejus
1661 1633 1738 1661 simi-

958 1683 1094 1715 litudines,
1107 1683 1134 1710 in
1150 1687 1280 1717 quantum
1294 1681 1352 1709 ﬁeri
1365 1684 1466 1716 potest,
1481 1679 1637 1707 evehamur.

885 1763 981 1802 gxn.

162 1844 197 1871 Τὸ
213 1843 375 1880 θεομίμητον
387 1844 415 1871 δὲ
429 1844 488 1876 πῶς
500 1844 531 1871 ἂν
552 1845 617 1880 ἡμῖν
636 1846 737 1881 ἑτέρως
760 1844 906 1880 ἐγγένοιτο,

127 1890 164 1926 μὴ
183 1890 231 1926 τῆς
245 1890 298 1916 τῶν
316 1890 468 1925 ἱερωτάτων
487 1890 633 1925 θεουργιῶν
650 1891 758 1926 μνήμης
780 1892 906 1918 ἀνανεου-

126 1935 211 1969 μένης
235 1935 277 1961 ἀεὶ
301 1937 361 1966 ταῖς
386 1935 554 1970 ίεραρχικαῖς
579 1936 739 1971 ἱερολογίαις
763 1935 786 1952 ’⁸⁵
810 1944 840 1962 τε
862 1936 909 1962 καὶ

126 1980 311 2016 ἰερουργίαις;
326 1979 409 2006 Τοῦτο
421 1978 494 2006 οὗνπ
509 1981 691 2016 mam-atteri,ng
702 1981 738 2008 τὰ
759 1981 836 2015 λόγιά
855 1990 907 2017 φη-

126 2033 179 2057 σιν,
193 2026 232 2056 εἰς
243 2025 290 2060 τὴν
304 2025 387 2059 αὐτῆς
398 2025 658 2060 ἁνάμνησιν.¹Ἐνθεν
669 2026 757 2058 ὁθείοις
769 2026 908 2061 ἱεράρχης,

125 2071 174 2096 ἐπὶ
200 2070 246 2096 τοῦ
272 2071 343 2097 θείου
369 2071 559 2106 θυσιαστηρίου
582 2072 729 2103 καταστὰς,
755 2073 834 2107 ύμνεί
860 2072 910 2103 τὰς

125 2116 273 2152 εἰρημένας
285 2116 360 2152 ἱερὰς
375 2117 516 2152 θεουργίας
529 2117 614 2153 Ἰησοῦ
624 2117 673 2152 τῆς
686 2108 825 2153 θειοτάτης
833 2117 910 2153 ἡμῶν

125 2162 264 2196 προνοίας,
279 2162 311 2194 ἂς
329 2164 375 2190 ἐπὶ
391 2163 511 2199 σωτηρίᾳ
535 2164 581 2190 τοῦ
598 2164 691 2198 γένους
712 2164 788 2199 ἡμῶν
803 2164 909 2199 εὐδοκία

124 2207 175 2233 τοῦ
193 2209 394 2243 παναγεστάτου
408 2209 512 2245 Πατρὺς
535 2211 563 2235 ὲν
581 2209 716 2244 Πνεὺματι
740 2210 818 2245 ἁγίῳ,
839 2209 909 2236 κατὰ

125 2251 158 2277 τὸ
175 2252 274 2286 λόγιον,
291 2253 454 2280 ἐτελείωσεν.
481 2254 618 2289 Ὑμνήσας
641 2254 669 2281 δὲ
687 2254 733 2280 καὶ
756 2254 805 2290 τὴν
827 2255 909 2281 σεϐα-

127 2298 212 2333 σμίαν
226 2298 314 2325 αὐτῶν
326 2300 372 2325 καὶ
384 2300 480 2335 νοητὴν
493 2300 606 2336 θεωρίαν
621 2301 649 2326 ὲν
662 2301 761 2335 νοεροῐς
775 2300 796 2316 ⁸⁵
809 2300 909 2335 ὀφθαλ-

129 2346 191 2379 μοῖς
206 2345 384 2378 ὲποπτεύσας,
400 2347 445 2372 ἐπὶ
460 2347 510 2382 τὴν
525 2346 690 2382 συμϐολικὴν
705 2347 793 2374 αὐτῶν
806 2347 910 2383 ἱερουρ-

126 2389 192 2423 γίαν
205 2389 321 2426 ἔρχεται,
334 2392 380 2418 καὶ
392 2391 471 2418 τοῦτο
485 2391 688 2428 θεοπαραδὸτως
697 2401 703 2407 ’
716 2391 777 2418 ὅθεν
791 2392 910 2423 εὐλαϐῶς

126 2445 159 2462 τε
175 2437 232 2472 ἅμα
248 2438 294 2464 καὶ
307 2438 468 2473 ίεραρχικῶς
481 2439 549 2473 μετὰ
569 2439 632 2470 τοὺς
645 2439 732 2475 ἱεροὺς
746 2439 800 2465 τῶν
817 2439 911 2475 θεουρ-

126 2484 198 2517 γιῶν
213 2483 312 2518 ὕμνους
337 2485 407 2521 ὑπὲρ
423 2485 473 2520 τῆς
487 2485 556 2521 ὑπὲρ
574 2485 653 2512 αὑτὸν
678 2486 831 2521 ἱερουργίας
846 2486 914 2512 ἁπο-

127 2527 260 2562 λογεῖται,
283 2530 414 2565 πρότερον
441 2530 520 2566 ἱερῶς
541 2531 608 2566 πρὸς
631 2531 711 2557 αὑτὸν
733 2531 864 2560 ἀναϐοῶν,
876 2532 912 2558 Σὺ

128 2570 222 2605 εἶπας·
250 2574 339 2602 Τοῦτο
363 2575 471 2602 ποιεῖτε
492 2577 536 2608 εἰς
555 2576 612 2610 τὴν
635 2576 711 2611 ἐμὴν
733 2576 911 2611 ἀνάμνησιν.

195 2651 287 2679 'Helir
309 2661 347 2684 tv,
366 2653 408 2680 l5.
450 2655 462 2674 ε
475 2654 542 2681 an.
560 2662 627 2685 χχιι,
641 2654 683 2682 19.

993 1845 1139 1872 Enimvero
1162 1843 1298 1878 quomodo
1327 1842 1405 1869 nobis
1435 1841 1525 1869 divina
1548 1839 1599 1867 ista
1625 1838 1742 1866 imitatio

958 1891 1038 1918 aliter
1052 1889 1191 1920 obveniat,
1207 1888 1258 1915 nisi
1274 1892 1328 1915 tam
1343 1887 1529 1922 praestantium
1542 1884 1673 1912 memoria
1691 1884 1740 1910 be-

959 1936 1118 1963 neficiorum
1131 1934 1176 1962 Dei
1189 1933 1402 1961 sacerdotalibus
1413 1931 1740 1967 prtedicationibnsatque

959 1982 1095 2018 mysteriis
1113 1980 1215 2015 iugiter
1235 1978 1401 2007 innovetnr‘l
1427 1978 1483 2005 Hoc
1503 1978 1594 2011 itaque
1616 1976 1739 2006 facimus,

959 2034 988 2055 ut
1007 2027 1112 2062 eloquia
1129 2027 1241 2060 jnbcnt,
1267 2026 1292 2053 in
1320 2025 1377 2059 ejus
1397 2023 1683 2052 commemorationem
1716 2023 1740 2050 ⁸.

959 2074 1128 2108 Quapropter
1142 2073 1250 2099 divinus
1264 2079 1371 2106 quoque
1388 2070 1486 2106 pra-sul
1505 2069 1593 2096 sacris
1609 2068 1743 2108 altaribus

961 2119 1092 2148 assistens
1114 2123 1206 2146 sancta
1226 2118 1373 2152 divinaque
1391 2116 1454 2144 Jesu
1475 2123 1559 2150 opera
1583 2106 1742 2146 collaudat,

962 2175 1022 2202 qua:
1042 2175 1076 2194 ex
1090 2166 1261 2194 divinissima
1285 2164 1371 2192 nostri
1393 2163 1563 2198 providentia
1587 2163 1613 2189 in
1629 2161 1742 2189 salutem

963 2214 1070 2250 generis
1083 2212 1205 2243 ltumani,
1227 2210 1393 2238 sanctissimi
1411 2209 1501 2237 Patris
1519 2208 1699 2242 beneplacito,
1716 2207 1742 2233 in

963 2261 1064 2296 Spiritu
1080 2264 1186 2290 sancto,
1210 2257 1356 2292 uteloqnia
1370 2260 1516 2287 testantur,
1533 2253 1742 2282 consummavit.

963 2306 1048 2333 Porro
1060 2304 1215 2332 veneranda
1231 2303 1402 2338 spiritalique
1418 2301 1609 2335 mysteriorum
1622 2302 1744 2326 content-

964 2350 1093 2386 platione,
1108 2357 1187 2384 quam
1201 2348 1368 2383 spiritalibus
1380 2346 1465 2374 oculis
1477 2345 1629 2379 conspexit,
1641 2343 1745 2371 collau—

965 2397 1039 2429 data,
1053 2397 1085 2423 ad
1101 2395 1259 2423 eorumdcm
1283 2398 1485 2421 sacrosanctam
1501 2399 1534 2418 ex
1551 2391 1645 2418 divino
1667 2389 1744 2416 insti-

966 2447 1022 2470 tuto
1034 2443 1157 2477 procedit
1169 2440 1400 2468 consecrationem
1414 2447 1422 2471 ;
1442 2438 1570 2473 quocirca
1587 2440 1745 2463 reverenter

966 2487 1056 2520 simul,
1077 2492 1104 2514 et
1119 2492 1148 2514 ut
1161 2487 1314 2521 pontificem
1335 2485 1424 2516 decet,
1445 2489 1507 2519 post
1520 2489 1612 2510 sacras
1629 2481 1689 2508 illas
1705 2480 1745 2507 di-

967 2534 1092 2560 vinorum
1115 2539 1227 2568 opernm
1245 2531 1356 2564 laudes,
1375 2531 1408 2557 de
1429 2528 1563 2557 sacrificio
1586 2527 1744 2562 dignitatem

967 2585 1044 2605 suam
1059 2582 1204 2612 superante
1224 2584 1254 2605 se
1273 2580 1382 2612 purgat,
1400 2576 1433 2603 ad
1446 2574 1583 2602 Clu-istum
1602 2573 1677 2607 prius
1699 2578 1746 2616 es-

925 2247 947 2274 D

782 2763 896 2791 VARLE
914 2763 1114 2791 LECTIONES.

131 2875 165 2903 P.
182 2875 211 2903 Β.
257 2877 278 2893 ⁵⁵
292 2876 451 2911 θεολογίαις,
466 2877 495 2904 Ρ.
554 2877 631 2904 τοῦτο
645 2879 707 2913 γὰρ,
722 2878 771 2905 (Ili.
789 2876 818 2903 l).
833 2875 862 2903 Si
878 2876 906 2902 ll.

171 2840 192 2857 δ’
204 2840 397 2871 ἐνεπεπτώκει,
412 2841 460 2868 Ch.
473 2841 654 2873 ἐκπεπτώκει,
669 2841 702 2868 Μ.
717 2841 745 2868 S.
759 2842 788 2868 Ῐξ,
819 2842 840 2857 ¹⁶¹
857 2840 1078 2876 μετασκευάσασα
1092 2839 1187 2876 ,γὸκῐὶ
1205 2840 1233 2866 Ι).
1251 2839 1300 2867 Clu.
1318 2838 1370 2867 δάι-
1399 2845 1422 2868 (³1
1437 2839 1509 2867 Vicn.
1533 2839 1554 2855 ⁵³
1568 2837 1732 2869 ὑποδείξαςιι

929 2876 950 2892 ⁵⁵
963 2876 1080 2911 νοητοῖς,
1095 2875 1123 2901 S.
1143 2875 1172 2902 Ρ,
1189 2877 1251 2903 \‘ar.
