1931 3073
212 175 264 202 “5

822 173 848 202 S.
868 173 1017 202 DIONYSII
1035 172 1265 202 AREOPAGszE

1779 170 1834 198 ιιι

213 231 375 259 clamando:
393 232 433 260 Tu
447 231 538 259 dixisti
556 239 564 259 :
583 230 641 258 Hoc
655 232 734 265 facite
746 231 774 257 in
787 238 871 257 meum
883 239 995 258 comme-

1050 229 1110 257 Εἶτα
1124 231 1174 266 τῆς
1188 230 1350 266 θεομιμήτου
1363 229 1464 265 ταύτης
1476 229 1628 270 ἱερουργίας
1636 229 1708 262 ἄξιος
1718 229 1834 264 αἰτήσας

185 288 190 315 _'
213 279 385 305 morationem
407 278 434 305 ιι.
458 278 602 305 Postulans
622 277 784 305 deiudehoc
799 276 936 304 sacriﬁcio
949 276 993 303 Dei

184 318 188 340 ἶ
212 323 366 351 inuitatione
378 323 477 359 dignus
495 323 576 354 eﬂici,
592 330 641 349 nec
663 330 717 350 non
735 323 882 350 secundum
894 322 994 349 Christi

211 369 419 397 similitudinem
444 369 536 396 divina
560 368 716 400 celebrare,
739 368 905 402 omninoque
927 374 995 401 pure

211 415 388 448 distribuere,
406 422 509 449 eosque
529 414 575 449 qui
595 422 736 442 sacrorum
754 413 837 441 futuri
854 417 918 441 sunt
931 420 995 448 par-

211 462 309 495 ticipes
326 461 528 497 mysteriorum,
546 460 642 488 iisdem
658 460 740 495 digne
755 464 904 494 sancteque
919 466 995 486 com-

210 507 361 538 municare,
387 506 557 533 divinissima
586 506 629 532 illa
654 505 784 541 mysteria
812 504 942 536 celebrat,
968 509 995 532 et

209 553 263 588 iam
281 557 452 584 consecrata,
471 552 521 579 sub
540 552 670 588 symbolis
682 551 831 586 propositis
849 550 901 577 ritu
915 557 994 577 sacro

211 599 324 627 visenda
350 600 490 634 proponit;
514 598 648 632 siquidem
675 602 772 632 operto
798 596 994 631 individimque

211 653 280 680 pane
299 645 431 674 revelato.
445 644 511 671 etin
527 643 610 670 multa
629 643 728 674 diviso.
743 642 934 677 singularique
949 648 996 668 ca-

212 690 264 718 lice
283 691 409 718 omnibus
425 689 573 724 impertito,
591 689 721 716 unitatem
740 688 888 723 symbolice
905 687 996 713 multi-

211 736 297 771 plicat
325 735 542 768 distrilmitque,
570 739 774 762 sacrosanctum
803 733 829 760 in
857 733 889 760 iis
917 732 995 768 197

210 781 375 809 sacriﬁcium
396 781 624 808 consummando.
650 780 766 808 Unicum
788 780 861 807 enim
878 778 942 806 illud
963 785 996 805 ac

209 827 325 862 simplex
349 834 535 862 arcanumque
561 825 626 854 Iesu
650 826 769 853 Verbum
795 825 994 852 divinissimmn

209 879 258 906 per
272 871 486 905 assumptionem
512 871 690 898 humanitatis
710 875 821 901 noslrze,
838 871 864 897 in
886 877 995 903 compo-

210 917 339 944 sitionem
355 916 435 944 simul
450 920 479 943 et
494 921 648 951 aspectum,
666 916 725 943 sine
740 916 792 942 ulla
807 916 849 943 sui
869 917 994 943 immuta-

210 962 295 994 tione,
314 970 362 996 pro
385 970 432 989 sua
456 963 578 989 bonitate
602 962 825 997 benignitateque
848 962 992 996 processit,

209 1007 353 1041 nostrique
375 1015 469 1035 secum
491 1008 617 1035 uniilcam
636 1009 857 1035 communionem
874 1008 994 1035 beneﬁce

211 1053 390 1088 excogitavit,
406 1060 438 1079 ea
452 1060 511 1085 qua}
530 1053 556 1080 in
573 1053 651 1080 nobis
669 1053 782 1080 humilia
798 1058 861 1080 sunt
881 1053 995 1081 divinis-

209 1098 289 1125 simis
310 1099 367 1125 suis
383 1099 482 1126 unicus
496 1099 678 1130 excellenliis.
693 1104 723 1125 ut
739 1105 766 1126 et
784 1107 834 1126 nos
849 1099 910 1133 ipsi,
933 1104 992 1126 tau-

209 1151 291 1177 quam
307 1145 427 1171 membra
440 1145 561 1179 corpori,
574 1152 622 1179 per
635 1144 755 1178 ejusdem
771 1145 951 1172 immaculatze
963 1152 995 1172 ac.

211 1189 312 1216 divina:
326 1190 390 1216 vila:
404 1190 575 1218 identitatem
597 1198 790 1225 congruamus,
812 1198 845 1217 ne
861 1192 995 1225 corrupti-

211 1233 310 1261 bilibus
326 1235 416 1261 necati
433 1235 613 1269 passionibus,
629 1235 730 1262 divinis
745 1235 806 1262 istis
823 1236 993 1264 sanissimis-

212 1287 266 1314 que
280 1281 409 1308 membris
423 1283 566 1317 incongrui
584 1282 700 1316 vitaeque
727 1282 872 1318 incapaces
895 1283 995 1310 exista-

212 1335 288 1361 mns;
305 1332 413 1362 oporlet
428 1328 502 1355 enim
527 1335 586 1359 nos.
603 1328 625 1355 si
641 1328 674 1356 ad
694 1329 916 1356 communionem
937 1328 994 1362 ejus

213 1373 375 1407 «spiramus,
391 1373 591 1401 divinissimam
601 1373 660 1407 ejus
677 1374 703 1401 in
720 1381 804 1402 carne
822 1375 905 1402 vitam
928 1383 994 1403 con.

213 1419 350 1452 templsri,
364 1423 446 1453 atque
459 1422 581 1446 sanctam
603 1418 688 1453 ipsius
705 1419 917 1454 impeccantiam
934 1420 996 1448 imi-

1047 277 1184 311 γενέσθαι,
1201 277 1247 303 καὶ
1261 279 1293 312 τῇ
1309 277 1378 312 προς
1399 275 1479 303 αὑτὸν
1493 277 1515 292 ⁵⁷
1535 275 1651 312 Χριστὸν
1666 273 1834 310 ἀφομοιώσει

1046 321 1080 348 τὰ
1102 322 1160 348 θεῖα
1179 322 1298 353 τελέσαι,
1313 322 1359 348 xati.
1372 321 1506 348 διαδοῦναι
1525 321 1679 355 πανάγνως,
1702 321 1748 347 καὶ
1769 320 1834 351 τοὺς

1046 367 1100 393 τῶν
1114 367 1193 402 ἱερῶν
1207 366 1368 402 μεθέξοντας
1379 367 1549 402 ἱεροπρεπῶς
1561 368 1713 402 μετασχεῖν,
1728 365 1834 401 ἱερουρμ

1045 414 1090 447 γεῖ
1108 412 1141 438 τὰ
1153 412 1287 442 θειότατα,
1303 412 1352 438 καὶ
1370 411 1415 438 ὑπ’
1433 411 1492 446 ὄψιν
1508 411 1567 445 ἄγει
1581 411 1615 437 τὰ
1631 411 1772 446 ὑμνημένα
1788 409 1834 437 διὰ

1045 459 1099 485 τῶν
1121 459 1200 494 ἱερῶς
1226 457 1412 494 προκειμένων
1436 458 1592 493 συμϐόλων·
1613 458 1659 485 τὸν
1680 458 1734 494 γὰρ
1753 459 1834 492 ἐγκε-

1047 504 1223 539 καλυμμένον
1239 505 1285 531 καὶ
1310 504 1459 540 ἀδιαίρετον
1481 504 1562 540 ἄρτον
1578 504 1762 539 ἀνακαλύψας,
1785 504 1834 530 καὶ

1046 550 1085 581 εἰς
1101 549 1185 575 πολλὰ
1198 549 1301 581 διελὼν,
1317 549 1364 575 καὶ
1380 549 1410 576 τὸ
1433 550 1531 575 ἑνιαῖον
1544 549 1591 575 τοῦ
1615 549 1744 584 ποτηρίου
1765 550 1834 576 πᾶσι

1047 595 1243 630 καταμερίσας,
1262 594 1432 630 συμϐολικῶς
1452 595 1501 630 τήν
1514 594 1626 629 ἑνότητα
1647 595 1775 630 πληθύνει
1799 595 1832 627 ⁸³,

1046 641 1094 668 καὶ
1114 641 1244 676 διανέμει,
1269 641 1478 676 παναγεστάτην
1499 641 1527 666 ὲν
1547 639 1651 672 τούτοις
1677 640 1834 676 ἱερουργίαν

1046 687 1139 713 τελῶν.
1160 686 1196 713 Τὸ
1217 686 1271 722 γὰρ
1293 686 1322 713 ἓν
1341 687 1387 713 καὶ
1409 684 1511 712 ἁπλοῦν
1536 686 1583 712 καὶ
1604 685 1717 721 κρύφιον
1746 686 1833 720 Ἰησοῦ

1046 732 1093 759 τοῦ
1107 732 1323 768 θεαρχικωτάτου
1335 732 1415 766 λόγου
1428 733 1461 767 τῇ
1473 731 1534 758 καθ’
1545 733 1618 767 ἡμᾶς
1630 732 1834 767 ὲνανθρωπήσει

1047 778 1115 814 πρὸς
1130 778 1161 805 τὸ
1177 778 1301 804 σύνθετόν
1314 786 1346 804 τε
1359 778 1515 814 καὶῖὸρατὸν
1531 778 1716 809 ἀναλλοιώτως
1729 778 1750 793 δ’
1763 779 1833 812 ἀγα-

1048 824 1139 859 θότητι
1160 823 1207 850 καὶ
1229 823 1417 859 φιλανθρωπίᾳ
1434 823 1611 859 προελήλυθε,
1626 823 1672 850 καὶ
1693 823 1741 859 τήν
1765 823 1834 859 πρὸς

1049 870 1128 896 αὑτὸν
1139 869 1216 904 ἡμῶν
1225 869 1344 895 ἑνοποιὸν
1356 869 1496 896 κοινωνίαν
1510 868 1687 904 ἅγαθουργῶς
1699 869 1834 909 διεπραγ-

1051 915 1210 951 ματεύσατο,
1233 915 1267 942 τὰ
1289 915 1349 942 καθ’
1364 915 1437 952 ἡμᾶς
1458 916 1573 949 ταπεινὰ
1598 909 1654 955 τοῖς
1687 916 1834 947 θειοτάτοις

1049 961 1131 988 αὐτοῦ
1148 962 1207 988 κατ’
1222 961 1305 998 ἄκρον
1322 961 1433 994 ὲνώσας,
1455 962 1535 998 εἴπερ
1552 962 1597 989 καὶ
1616 963 1695 998 ἡμεῖς
1708 963 1746 994 ὠς
1764 961 1834 998 μέλη

1050 1006 1155 1042 σώματι
1177 1007 1199 1023 ¹⁹
1213 1007 1491 1044 συναρμολογηθῶμεν
1505 1007 1588 1043 αὐτῷ,
1601 1008 1672 1034 κατὰ
1688 1008 1718 1034 τὸ
1737 1008 1834 1035 ταύτὸν

1048 1052 1098 1087 τῆς
1111 1053 1249 1088 ἀλωῆήτου
1270 1054 1317 1079 καὶ
1338 1053 1412 1084 θείας
1434 1054 1516 1089 ζωῆς,
1540 1054 1586 1080 καὶ
1607 1053 1644 1088 μὴ
1660 1054 1715 1085 τοῖς
1736 1054 1834 1088 φθορο-

1049 1101 1136 1132 ποιοῖς
1158 1100 1256 1126 πάθεσι
1289 1099 1540 1135 κατανεκρωθέντες
1554 1119 1562 1131 ,
1596 1099 1762 1134 ἀνάρμοστοι
1786 1099 1835 1125 καὶ

1048 1146 1190 1181 ἀκόλλητοι
1205 1147 1252 1172 καὶ
1273 1145 1390 1178 ἀσύζωοι
1402 1146 1544 1182 γενώμεθα
1557 1147 1578 1162 ⁵¹
1602 1146 1670 1182 πρὸς
1684 1146 1742 1172 θεῖα
1765 1145 1834 1181 μέλη

1048 1192 1096 1218 καὶ
1113 1192 1261 1225 ὑγιέστατα
1281 1193 1319 1208 ³²’
1337 1192 1388 1228 χρὴ
1403 1192 1457 1228 γὰρ
1468 1193 1551 1227 ἡμᾶς,
1571 1193 1594 1219 εἰ
1606 1192 1655 1227 τῆς
1669 1192 1736 1227 πρὸς
1754 1191 1834 1225 av;sz

1047 1239 1181 1274 ἐφιέμεθα
1201 1239 1352 1271 κοινωνίας,
1373 1240 1413 1271 είς
1430 1239 1479 1274 τὴν
1499 1239 1638 1275 θειοτάτην
1660 1238 1741 1265 αὐτοῦ
1763 1239 1835 1272 κατὰ

1049 1284 1137 1319 σάρκα
1159 1283 1231 1319 ζωὴν
1253 1283 1468 1315 ἁποσκοπεῦσαι,
1490 1284 1536 1310 καὶ
1555 1285 1588 1319 τῇ
1611 1283 1679 1319 πρὸς
1704 1283 1789 1318 αὐτὴν
1811 1283 1835 1299 ⁵³

1049 1329 1215 1364 ἀφομοιώσει
1227 1330 1277 1364 τῆς
1294 1330 1368 1366 ἱερᾶς
1386 1329 1593 1365 ἀναμαρτησίας
1612 1331 1652 1362 εἰς
1664 1330 1712 1364 τὴν
1731 1328 1835 1364 θεοειδῆ

1050 1377 1098 1403 καὶ
1112 1376 1250 1411 ἀλὼϐητον
1260 1375 1316 1408 ἕξιν
1327 1375 1490 1411 ἀναδραμεῖν
1500 1384 1507 1390 ·
1522 1375 1592 1402 οὕτω
1603 1375 1656 1410 γὰρ
1669 1374 1836 1410 ἐναρμονίῳς

1050 1422 1115 1457 ἡμῖν
1125 1423 1174 1458 τὴν
1188 1423 1255 1458 πρὸς
1267 1422 1297 1449 τὸ
1310 1422 1400 1458 ὅμοιον
1411 1422 1552 1449 κοινωνίαν
1566 1422 1726 1458 δωρήσεται.

214 1466 307 1497 tando,
320 1466 353 1493 ad
371 1466 530 1494 deiformem
546 1471 574 1495 et
589 1466 794 1494 immaculatum
810 1471 911 1495 statum
933 1469 1117 1502 contendere;
1145 1469 1195 1497 hac
1219 1474 1336 1504 namque
1354 1469 1470 1501 ratione,
1502 1473 1583 1504 prout
1602 1468 1678 1497 nobis
1698 1467 1831 1504 congruit,

213 1512 420 1541 similitudinem
440 1520 516 1541 suam
530 1514 752 1542 communicabit.

975 1574 989 1611 ε
1003 1573 1089 1604 XIII.

250 1665 312 1693 Haec
334 1666 453 1700 pontifex
477 1666 556 1693 rebus
578 1667 611 1694 iis
631 1673 691 1701 quae
715 1666 902 1694 sacriﬁcantur
927 1668 997 1696 insi-

1086 1665 1178 1694 Τάῦτα
1188 1669 1244 1699 τοῖς
1253 1668 1338 1703 ’ἱερῶς
1345 1669 1368 1684 ⁵⁵
1379 1668 1526 1704 δρωμένοις
1534 1669 1548 1695 ὁ
1561 1668 1691 1704 ίεράρχης
1701 1668 1836 1704 ἐμφαίνει,

215 1716 290 1745 uuat,
307 1711 371 1738 ilum
387 1711 495 1738 obtecta
518 1719 633 1740 munera
659 1713 685 1740 in
710 1717 833 1747 apertum
862 1713 997 1748 producit,

215 1757 389 1792 ipsorumque
406 1758 537 1785 unitatem
552 1758 578 1785 in
595 1757 674 1793 plura
694 1759 800 1792 dividit,
822 1764 847 1786 et
865 1766 914 1793 per
926 1766 999 1786 sum-

216 1810 289 1830 mam
304 1809 394 1829 rernm
406 1802 612 1829 distributarum
628 1810 690 1830 cum
703 1804 913 1838 suscipientibus
926 1804 1000 1830 unio-

215 1856 291 1880 nem,
303 1848 461 1876 earumdem
477 1853 620 1876 consortes
640 1849 729 1876 reddit
743 1857 790 1878 eos
809 1850 855 1884 qui
875 1857 999 1877 commu-

217 1895 323 1922 nicant.
340 1894 478 1922 Dcscribit
492 1894 565 1922 enim
582 1895 625 1922 his
642 1895 810 1922 sensil-iliter
828 1895 891 1922 dum
909 1895 936 1922 in
958 1902 1000 1922 as-

216 1945 324 1975 pectum
342 1940 416 1967 ducit
430 1939 522 1967 Jesum
534 1940 684 1973 Christum,
710 1940 859 1975 spiritalem
879 1945 1000 1968 nostram

217 1984 300 2012 veluti
310 1985 463 2019 inimagine
478 1985 572 2018 vitam,
582 1992 615 2012 ex
631 1985 722 2012 abdito
731 1986 777 2012 illo
790 1986 941 2013 divinitatis
952 1993 1001 2020 per

217 2030 368 2058 absolutam
384 2036 411 2058 et
422 2030 590 2059 inconfusam
601 2031 779 2059 humanitatis
789 2036 888 2059 nostra:
897 2039 1003 2059 assum-

217 2077 349 2110 ptionem,
373 2077 490 2112 benigne
505 2082 626 2104 nostram
642 2074 761 2112 speciem
776 2077 944 2110 induentem,
959 2082 1002 2104 at-

217 2132 272 2159 que
285 2124 318 2150 ad
333 2123 520 2151 dividuitatem
536 2128 656 2151 nostram
679 2125 739 2152 sine
756 2125 798 2151 sui
816 2125 1004 2152 immutatione

217 2177 253 2196 ex
266 2169 368 2196 unitate
383 2169 497 2196 naturali
511 2169 700 2204 prodeuntem,
716 2178 818 2205 perque
834 2171 904 2198 hanc
919 2171 1003 2198 bene-

218 2216 299 2243 ilcam
313 2215 496 2249 clementiam,
511 2216 545 2242 ad
559 2216 600 2244 sui
616 2216 803 2251 honorumque
816 2224 927 2244 suorum
942 2224 1004 2251 par-

220 2261 402 2295 ticipatiOnem
416 2270 501 2297 genus
516 2263 661 2289 humanum
676 2263 845 2295 invitantem,
858 2262 1004 2290 dummodo

218 2306 393 2334 divinissima:
406 2308 489 2342 ipsius
499 2308 562 2335 vitae
575 2307 779 2342 conjungamur,
791 2315 840 2342 pro
851 2307 921 2334 virili
931 2306 1004 2334 illam

1049 1713 1086 1739 τὰ
1104 1713 1152 1748 μὲν
1164 1713 1393 1748 ὲγκεκαλυμμένα
1405 1713 1480 1749 δῶρα
1496 1714 1564 1749 πρὸς
1574 1713 1605 1740 τὸ
1616 1714 1734 1749 ἐμφανὲς
1751 1713 1836 1747 ἄγων,

1049 1758 1080 1784 οτδ
1092 1758 1121 1785 δὲ
1139 1759 1238 1784 ἑνιαῖον
1255 1758 1343 1785 αὐτῶν
1359 1759 1399 1790 είς
1417 1758 1502 1785 πολλὰ
1519 1758 1647 1791 διαιρῶν,
1667 1759 1713 1784 καὶ
1731 1759 1764 1793 τῇ
1783 1757 1837 1784 τῶν

1049 1802 1250 1839 διανεμομένων
1267 1804 1334 1840 πρὸς
1352 1804 1387 1830 τὰ
1399 1805 1426 1830 ἐν
1445 1802 1485 1836 οἷς
1501 1804 1622 1838 γίγνεται
1641 1804 1699 1830 κατ’
1717 1804 1802 1838 ἄκρον
1814 1803 1836 1819 ³⁵

1051 1849 1156 1881 ὲνώσει,
1171 1850 1315 1881 κοινωνοὺς
1329 1849 1417 1877 αὐτῶν
1431 1849 1570 1876 ἀποτελῶν
1589 1849 1651 1880 τοὺς
1665 1848 1836 1884 μετέχονταςρ

1051 1897 1202 1932 Διαγράφει
1215 1895 1269 1931 γὰρ
1287 1896 1316 1921 ἐν
1328 1895 1432 1928 τούτοις
1451 1895 1602 1930 αἰσθητῶς,
1620 1894 1665 1921 ὑπ’
1684 1894 1745 1929 ὄψιν
1764 1894 1838 1927 ἄγων

1058 1942 1162 1978 Ἰησοῦν
1173 1942 1218 1968 τὸν
1230 1941 1358 1977 Χριστὸν,
1374 1942 1423 1977 τὴν
1441 1942 1538 1977 νοητὴν
1556 1941 1633 1976 ήμῶν
1652 1940 1689 1972 ὡς
1708 1941 1736 1967 ὲν
1752 1940 1838 1967 εἰκόσι

1052 1986 1135 2023 ζωὴν,
1150 1987 1182 2014 ὲκ
1197 1986 1244 2013 τοῦ
1256 1986 1327 2013 κατὰ
1343 1986 1387 2012 τὸν
1399 1986 1474 2012 Θεῖον
1485 1986 1508 2001 ⁵⁸
1521 1985 1645 2020 κρυφίου,
1662 1985 1695 2019 τῇ
1713 1983 1839 2010 παντελεῖ

1052 2033 1099 2060 καὶ
1116 2032 1259 2068 ἀσυγχύτῳ
1270 2032 1329 2058 καθ’
1344 2032 1416 2067 ἡμᾶς
1428 2030 1629 2067 ἐνανθρωπήσει
1642 2028 1838 2064 φιλανθρώπως

1053 2079 1083 2113 ἐξ
1105 2079 1212 2114 ὴμῶν⁸⁷
1241 2078 1474 2113 είδοποιούμενον,
1498 2077 1543 2104 καὶ¹
1566 2076 1633 2112 πρὸς
1659 2076 1690 2102 τὸ
1712 2074 1838 2111 μεριστὸν

1053 2125 1132 2160 ἡμῶν
1143 2123 1328 2155 ἀναλλοιώτως
1340 2124 1371 2149 ὲκ
1387 2123 1434 2149 τοῦ
1446 2121 1517 2149 κατὰ
1532 2120 1611 2156 φύσιν
1623 2120 1681 2152 ἐνὸς
1699 2120 1836 2156 προϊόντα,

1054 2170 1155 2204 καὶςδιὰ
1165 2171 1214 2206 τῆς
1230 2169 1399 2205 ἀγαθουργοῦ
1411 2168 1512 2203 ταύτης
1525 2166 1729 2202 φιλανθρωπίας
1742 2166 1782 2197 εις
1794 2173 1838 2200 με-

1054 2216 1162 2243 τουσίαν
1173 2215 1269 2242 ἑαυτοῦ
1284 2216 1330 2242 καὶ
1345 2214 1399 2241 τῶν
1416 2214 1522 2240 οἰκείων
1541 2211 1650 2247 ἁγαθῶν
1662 2210 1795 2238 καλοῦντα
1807 2211 1838 2237 τδ

1055 2260 1221 2297 ἀνθρώπειον
1229 2260 1251 2276 ⁸⁸
1265 2259 1356 2295 φῦλον,
1371 2259 1450 2294 εἴπερ
1467 2258 1610 2293 ἑνωθῶμεν
1629 2256 1710 2283 αὐτοῦ
1723 2258 1756 2292 τῇ
1770 2256 1839 2283 θειο-

1055 2308 1124 2344 τάτῃ
1146 2307 1213 2342 ζωῇ,
1231 2307 1298 2343 πρὸς
1315 2306 1397 2341 αὐτὴν
1410 2306 1432 2321 ⁵⁹
1453 2304 1531 2340 ἡμῶν
1553 2303 1623 2331 κατὰ
1641 2303 1753 2338 δυνάμιν
1775 2303 1838 2337 ἀφο-

220 2352 352 2381 imitando
366 2362 374 2381 :
388 2361 449 2381 nam
464 2355 502 2381 sic
523 2361 588 2381 vere
606 2358 748 2382 consortes
763 2353 811 2381 Dei
829 2354 997 2381 divinarum-

1055 2352 1176 2389 μοιώσει,
1193 2353 1240 2378 καὶ
1255 2352 1341 2387 ταύτῃ
1352 2351 1420 2386 πρὸς
1436 2349 1563 2385 ἀλήθειαν
1581 2349 1702 2378 ttowuwol.
1712 2348 1779 2375 Θεοῦ
1792 2348 1838 2374 καὶ

219 2404 274 2434 que
289 2406 379 2427 rerum
392 2400 538 2435 participes
553 2399 707 2427 reddentur.

1053 2399 1108 2425 τῶν
1121 2399 1199 2426 θείων
1208 2397 1478 2433 ἀποτελεσθησόμεθα
1487 2397 1510 2412 ⁶⁰
1517 2413 1524 2420 ι

970 2468 985 2506 §
1000 2466 1085 2499 xw.

259 2561 371 2598 Sumpta
386 2563 503 2599 denique
520 2571 553 2591 ac
572 2563 670 2590 tradita
691 2562 858 2590 divinissima
881 2569 1004 2589 commu-

223 2611 314 2643 nione,
336 2618 388 2637 una
404 2618 465 2637 cum
487 2611 569 2637 totius
590 2609 718 2638 Ecl-lesiat
738 2616 814 2636 sacra
836 2607 1004 2643 plenitudine

266 2677 353 2705 ILIIc.
366 2684 434 2710 nn,
447 2677 490 2705 19.

1093 2560 1244 2596 Μετασχὼν
1259 2560 1287 2586 δὲ
1304 2560 1350 2586 καὶ
1368 2560 1497 2595 μεταδοὺς
1514 2561 1564 2596 τῆς
1584 2561 1730 2596 θεαρχικῆς
1747 2568 1840 2589 κοινωρ

1056 2606 1125 2639 νίας,
1142 2607 1181 2638 εἰς
1204 2605 1378 2642 εὐχαριστίαν
1396 2606 1470 2641 ἱερὰν
1488 2606 1635 2642 καταλήγει
1656 2606 1725 2642 μετὰ
1742 2605 1840 2637 παντὸς

911 2733 1029 2762 vanum
1049 2714 1250 2760 LECTlONES.

265 2803 287 2820 ⁸⁷
299 2803 344 2831 τόν
357 2803 387 2831 Ι).
419 2803 441 2821 ⁸³
453 2804 577 2836 πληθύει,
593 2804 643 2832 Ch.
660 2804 688 2831 S.
706 2804 735 2831 P.
751 2804 780 2831 Β.

831 2804 852 2820 ⁸⁵³
870 2802 1051 2837 ἀναλλοιὼτῳ,
1066 2799 1161 2837 Μ.βρ.

1209 2799 1232 2815 ⁸⁸
1247 2797 1381 2834 σώματος,
1395 2797 1425 2825 S.
1447 2797 1497 2834 B.”
1523 2796 1545 2834 fi
1555 2794 1729 2834 γενοίμεθα.-
1759 2795 1783 2834 1’
1796 2795 1842 2834 καὶ

227 2824 694 2891 {ipsa};'Iegefmii'aELX;‘Eékév',
707 2824 787 2866 λι.
820 2839 843 2855 δι
858 2824 1060 2874 ίζρξῖξζῖῐ.
1098 2835 1121 2850 ευ
1136 2834 1195 2861 κατ’
1210 2824 1332 2868 ἀκαιρον,
1349 2824 1382 2860 iii
1395 2834 1440 2861 Sc.
1476 2830 1540 2858 ιοτδ
1553 2824 1697 2861 σεῖονζοιι.
1713 2830 1742 2857 s.
1759 2829 1789 2856 P.
1811 2830 1840 2864 β.

227 2872 240 2891 ι
268 2876 306 2891 .i.
319 2875 399 2891 ...'......
413 2874 490 2891 aut...
515 2875 536 2891 υ
565 2876 599 2891 un
651 2876 673 2891 ss
686 2874 853 2891 ,ιιιηιυῖι-..ωη
879 2875 898 2891 ς
930 2873 948 2891 ι)
998 2873 1020 2889 so
1034 2873 1066 2891 ea
1081 2870 1147 2891 πηὸς
1160 2867 1254 2891 αὑτήν.
1269 2869 1318 2891 (ἶΙι.
1335 2869 1364 2891 n.
1404 2868 1426 2885 ⁸ο
1444 2866 1692 2891 ’Δποτελεσιιάτων.
1710 2864 1745 2891 Π.
1761 2864 1805 2891 Sc.

226 2864 258 2891 δν
266 2864 306 2907 ξιξ
319 2864 501 2911 ᾡῦἆιῖῆίὲῶν,
514 2864 632 2904 ἔεΪ
645 2864 910 2911 hippomans;
918 2864 958 2901 ii.
977 2873 1020 2910 3°
1034 2873 1067 2905 τῇ
1081 2870 1147 2905 πρὸς
1160 2867 1254 2904 αὑτήν,
1269 2864 1318 2898 Ch-
1333 2869 1364 2896 1)-
1404 2868 1426 2885 °°
1444 2866 1692 2900 Ἀποτελεσμάτων,
1710 2864 1745 2893 It.
1761 2864 1805 2895 Sc.
