1931 3073
215 161 265 188 M7
796 160 823 188 S.
842 160 989 188 DIONYSII
1009 160 1237 191 AREOPAGlTA‘I
1773 167 1827 195 “8

214 220 286 250 quod
305 224 346 247 cst
368 227 416 253 per
439 220 600 250 essentiam,
622 218 713 253 potius
740 222 782 246 est
802 226 835 245 eo
856 220 925 250 quod
947 224 989 246 est
1010 226 1057 252 per
1071 220 1317 253 participationem.
1343 219 1467 247 Secundo
1488 221 1540 248 hoc
1559 225 1669 255 apparet
1684 229 1716 249 ex
1733 225 1829 252 ordine

213 260 443 282 sacramentorum
459 257 492 282 ad
508 256 640 284 invicem;
655 262 716 280 nam
730 255 819 280 omnia
833 254 883 280 alia
899 259 1067 281 sacramenta
1084 255 1205 281 ordinari
1228 256 1353 282 videntur
1370 255 1402 282 ad
1424 255 1475 282 hoc
1493 254 1691 283 sacramentum
1708 258 1777 285 sicut
1793 260 1827 286 ad

215 293 312 321 linem;
331 290 501 317 manifestum
521 296 562 318 cst
572 290 657 320 enim,
671 289 741 323 qttod
754 295 951 316 sacranwntum
967 289 1070 315 ordinis
1084 290 1225 316 ordinetur
1238 291 1270 316 ad
1284 290 1457 317 eucharistim
1472 292 1716 323 consecrationem,
1733 301 1828 320 sacra-

214 331 333 352 mentum
347 333 412 353 vero
437 326 566 359 baptismi
576 323 728 352 "ordinatur
746 326 778 350 ad
788 325 967 361 euehat-istim
983 325 1220 361 receptionetn,_in
1233 333 1285 359 quo
1302 324 1382 361 etiam
1400 325 1539 360 perﬁcitur
1552 326 1650 360 aliquis
1671 335 1719 361 per
1731 329 1829 356 conﬁr-

214 361 369 392 mationem,
385 366 411 387 ut
430 369 482 387 non
499 368 623 390 vereatur
638 367 667 386 se
693 360 852 386 subtrahere
874 367 888 386 a
909 359 954 386 tali
974 364 1156 386 sacramento.
1176 359 1225 386 Per
1241 359 1425 392 paenitentiam
1442 361 1526 387 etiam
1550 365 1577 388 et
1598 359 1748 391 extremam
1777 372 1828 390 un-

214 396 331 433 nionem
348 402 517 433 pra‘paratur
531 397 611 424 Immo
630 396 662 421 ad
688 395 945 433 dignesnmcndum
968 401 1065 433 corpus
1083 394 1196 433 Christi.
1218 395 1514 433 Matrimoitium_etiam
1533 396 1692 433 salientem
1723 398 1828 433 signia-

213 430 320 467 ratione
344 432 453 464 attingit
469 431 519 458 hoc
534 435 747 467 sacramentum,
770 429 795 467 in
818 434 948 467 quantum
973 429 1348 467 signiﬁcatconjunctioueut
1371 431 1473 458 Christi
1500 435 1527 457 et
1540 430 1669 458 Ecclesia!
1696 436 1718 464 ὑ,
1750 429 1827 467 cuius

213 466 316 503 unitas_
334 475 379 497 per
406 471 604 503 sacramentum
632 465 971 503 etlcharislimrfiguratur.
996 463 1088 503 Tertio
1113 465 1163 503 hoc
1179 471 1303 503 _apparet
1332 473 1364 492 ex
1389 467 1441 492 ritu
1474 463 1722 503 sacramentornmi
1747 463 1828 503 199

212 508 273 526 nam
306 500 361 528 fere
390 502 479 528 omnia
508 505 688 531 sacramenta,
717 501 755 526 uti
784 500 925 535 Dionysius
948 500 994 530 ait.
1024 500 1050 526 in
1076 500 1239 528 ettcbaristia
1270 506 1502 528 consummantur.
1520 501 1587 528 Hinc
1603 509 1697 529 recens
1708 500 1826 531 ortﬁtiaii

213 537 462 568 communicaut,et
477 538 557 563 etiam
573 535 710 572 baptizati,
727 535 749 561 si
770 535 825 561 sint
837 535 931 572 adulti.
943 535 1071 572 ﬁliorum
1096 539 1186 561 atttem
1211 541 1444 572 sacramentorum
1467 536 1500 562 ad
1526 536 1640 563 invicem
1658 539 1826 572 comparatio

213 575 299 601 potest
314 578 373 597 esse
392 571 547 605 multiplex;
564 579 625 598 nam
643 571 670 597 in
687 571 729 595 via
751 570 922 596 necessitatis
943 570 1093 604 baptismus
1117 575 1157 596 est
1182 570 1354 604 potissimum
1370 575 1620 598 sacramentorum:
1638 571 1662 598 in
1678 570 1824 600 via'autem

213 605 385 637 perfectionis
397 612 596 633 sacramentum
616 605 729 633 ordinis.
745 605 834 631 medio
849 609 939 632 autem
953 605 1032 631 modo
1046 612 1074 631 se
1090 605 1171 631 habet
1188 610 1387 635 sacramentum
1412 606 1644 638 conﬁrmationis;
1666 614 1826 634 sacramen-

214 645 269 666 Inm
285 649 349 667 vero
360 641 525 674 ptenilentim
538 647 564 668 et
576 645 704 668 extrema:
718 640 855 666 unctionis
879 644 940 666 sunt
960 639 1097 667 inferioris
1115 641 1213 674 gradus
1228 649 1242 666 a
1267 641 1403 674 prmdictis
1424 642 1613 671 sacramentis,
1639 642 1701 675 quia
1722 643 1826 669 scilicet

211 675 246 701 ad
268 677 349 702 vitam
367 677 548 703 Christianam
566 684 617 703 non
636 682 684 708 per
704 682 744 706 se,
759 675 804 701 sed
820 683 867 708 per
889 675 1015 702 accidens
1027 675 1199 706 ordinantur,
1217 676 1321 702 scilicet
1337 675 1363 702 in
1381 675 1529 702 remedium
1546 676 1762 710 superreuieutis
1775 679 1825 704 de-

213 709 315 746 iectus;
334 712 403 737 inter
419 719 478 745 qum
498 717 585 738 tamen
603 715 722 746 extrema
738 709 828 746 unctio
847 715 1022 746 comparatur
1038 710 1070 736 ad
1088 710 1288 743 pmuitcntiam,
1311 710 1381 746 sicut
1403 709 1626 737 conlirmatio'ad
1648 712 1824 746 baptismum,

212 745 248 772 ita
265 747 378 774 scilicet.
396 744 599 777 tit'prenitentia
617 746 653 772 sit
672 744 783 777 majoris
800 745 983 776 necessitatis,
1003 746 1049 772 sed
1065 752 1185 771 extretua
1202 745 1293 771 unctio
1308 745 1419 778 majoris
1437 745 1620 779 perfectionis.

246 780 326 807 Parte
344 781 484 808 undecima
501 782 555 815 agit
568 781 600 808 de
619 781 671 806 ritu
685 780 764 812 hujus
777 780 953 815 sacramenti,
970 780 1026 806 sive
1039 780 1071 807 de
1085 787 1164 807 sacro
1180 780 1270 807 tuiSste
1284 780 1431 811 sacrilicio,
1452 780 1476 806 in
1492 788 1545 814 quo
1560 782 1715 809 venerabile
1728 789 1824 809 sacra-

211 821 330 842 mentum
345 813 618 849 consecratur‘alque
633 815 788 842 coniicitur.
803 813 859 850 Ubi
871 819 932 841 nota
950 815 1048 848 primo,
1063 816 1196 848 assignari
1209 816 1329 850 quinque
1345 813 1517 849 potissimum
1532 822 1622 849 partes
1640 816 1717 850 hujus
1738 820 1824 844 sacri-

212 850 264 877 ﬁcii
280 859 287 877 :
301 851 386 884 pritna
402 855 442 878 est
457 852 713 878 catechumenOrutn
731 857 815 883 usque
830 849 862 886 ad
884 849 1049 886 οΜειιίοιιιιιιι
1069 851 1145 886 panis
1161 855 1189 876 et
1203 849 1272 886 vini;
1289 850 1405 886 secunda
1422 854 1464 877 est
1478 850 1593 883 ipsemet
1616 849 1716 878 oblatio
1738 854 1820 886 panis

211 890 238 911 et
261 886 333 917 vini;
353 886 430 912 tertia
458 891 501 913 est
522 885 701 921 consecratio,
716 892 767 918 qua
783 885 860 918 panis
875 889 902 910 et
921 885 1011 921 vinum
1025 885 1056 921 vi
1069 885 1211 921 verborum
1233 885 1333 912 Christi
1359 885 1384 911 iu
1405 885 1463 918 ejus
1485 893 1583 921 corpus
1606 890 1634 912 et
1664 885 1824 921 sanguinem

210 922 518 954 convertuntur;quarta
526 924 568 946 est
579 920 680 947 oblatio
695 921 819 956 corporis
834 925 860 946 et
875 920 1142 956 sapguinisrChristi,
1160 921 1254 954 quinta
1270 920 1417 956 estpripsius
1431 927 1516 947 sacrae
1532 920 1626 956 hostiae
1640 920 1824 956 consumptio,

210 956 266 981 sive
284 956 448 984 communio.
465 956 521 983 Nou
536 956 600 982 facit
615 958 703 981 autem
726 955 888 981 metttinnettt
904 955 1045 981 l'ractiouis
1060 955 1155 982 hostiae
1174 963 1255 989 supra
1276 955 1400 986 calicem,
1428 962 1478 981 nec
1495 955 1634 989 utriusque
1652 955 1823 983 commistio-

210 991 262 1016 Itis.
278 990 404 1023 Quaenam
420 995 508 1017 autem
522 999 554 1018 ex
576 991 619 1017 his
634 989 754 1024 partibus
776 997 821 1015 seu
839 990 991 1016 at'liouibus
1005 995 1127 1023 spectent
1146 992 1178 1017 ad
1190 991 1337 1017 essentiam
1353 990 1492 1021 sacriﬁcii,
1507 990 1687 1018 tliversimode
1701 992 1824 1018 sentiunt

210 1025 332 1051 doctores
346 1026 369 1052 in
390 1027 420 1052 Ι).
438 1025 583 1059 Thomtep.
598 1033 640 1056 ut,
653 1029 748 1058 quaest.
765 1024 808 1060 85.
826 1025 1003 1051 Cotnmuuior
1017 1030 1044 1051 et
1055 1026 1146 1052 verior
1165 1026 1270 1052 videtur
1280 1033 1339 1059 quas
1358 1030 1441 1057 tenet,
1469 1025 1631 1051 sacrificium
1654 1026 1822 1060 potissimum

209 1060 360 1087 consistere
376 1061 400 1087 in
414 1062 628 1088 consecratione.
644 1060 743 1090 Primo,
763 1059 826 1093 quia
845 1059 1008 1086 sacrificium
1025 1064 1145 1086 nostrtnn
1160 1060 1272 1087 oli'ertur
1289 1061 1314 1086 in
1334 1067 1447 1094 persoaa
1462 1060 1577 1091 Christi;
1597 1061 1671 1094 atqui
1693 1061 1766 1087 utilia
1782 1068 1824 1088 est

209 1095 282 1122 actio
298 1095 323 1121 in
343 1100 394 1121 tota
413 1096 544 1129 Liturgia,
558 1103 618 1130 quze
634 1095 718 1128 magis
732 1094 777 1121 ﬁat
793 1095 818 1120 iu
834 1101 948 1130 persona
969 1095 1080 1127 Christi,
1095 1103 1175 1129 quam
1194 1096 1372 1126 consecratio,
1395 1102 1458 1129 ergo
1480 1095 1504 1121 iu
1520 1102 1551 1121 ea
1571 1096 1740 1128 potissimum
1756 1103 1822 1122 cou-

207 1131 290 1158 sislit.
307 1129 443 1163 Secundo,
459 1132 521 1165 quia
540 1129 703 1158 sacriﬁcium
721 1134 841 1156 nostrum
868 1129 949 1155 debet
972 1135 1168 1164 repraesentare
1188 1130 1351 1157 sacriﬁcium
1368 1131 1467 1161 crucis,
1488 1137 1549 1164 qum
1569 1131 1774 1162 repraesentatio
1792 1132 1822 1157 lit

208 1171 256 1198 per
270 1166 501 1193 consecrationem
518 1168 580 1192 dum
593 1172 690 1198 corpus
711 1168 738 1191 et
757 1165 878 1198 sanguis,
897 1169 1031 1198 quantum
1050 1169 1092 1191 est
1117 1173 1149 1192 ex
1176 1166 1200 1192 vi
1224 1166 1379 1195 verborum,
1393 1172 1515 1191 se0rsutn
1541 1170 1676 1198 ponuntur
1692 1170 1820 1199 tanquam

208 1207 306 1234 corpus
318 1205 344 1226 et
360 1201 470 1232 sanguis
487 1201 605 1227 victimae
617 1199 724 1227 occisae.
740 1199 816 1231 Quod
834 1200 970 1233 quomodo
985 1200 1042 1231 tiat,
1063 1200 1124 1226 vide
1143 1201 1222 1226 docte
1242 1207 1274 1227 ac
1291 1200 1364 1227 clare
1380 1199 1546 1233 explicatum
1562 1208 1576 1226 a
1593 1199 1688 1227 Lessio
1708 1200 1755 1227 lib.
1781 1208 1816 1226 xu

209 1235 246 1261 De
264 1235 465 1267 ρει-[ρειὶοηίὺιη
477 1236 652 1270 divinis,cap.
667 1234 711 1261 15.
731 1234 783 1267 Qui
804 1239 892 1261 autem
909 1234 985 1268 plura
1000 1236 1050 1262 hac
1071 1235 1103 1261 de
1123 1242 1153 1261 re
1175 1235 1320 1265 desiderat,
1334 1235 1406 1269 legat
1425 1234 1579 1262 Gabrieletn
1595 1235 1719 1269 Vasquez
1736 1235 1764 1262 in
1791 1243 1820 1262 III

207 1276 243 1302 p.,
253 1270 432 1304 disputatione
444 1271 506 1298 222.

243 1304 310 1331 Nota
324 1307 451 1337 secundo,
472 1306 705 1333 consecrationem
719 1312 771 1331 non
787 1304 844 1331 ﬁeri
857 1305 979 1338 precibus
994 1305 1165 1338 quibusdam,
1182 1310 1212 1332 ut
1233 1305 1341 1339 quidam
1362 1304 1449 1332 Graeci
1464 1304 1568 1337 volunt,
1588 1305 1634 1332 sed
1649 1305 1712 1332 solis
1731 1305 1822 1332 verbis

208 1339 313 1366 honuni
329 1341 400 1366 sicut
416 1341 554 1368 deﬁnitum
569 1346 611 1368 est
630 1341 655 1367 in
680 1340 836 1367 Florentino
861 1340 985 1370 concilio,
1007 1344 1035 1366 et
1063 1339 1232 1373 'l‘rideutino,
1253 1348 1321 1368 sess.
1346 1340 1389 1372 15,
1410 1348 1436 1367 ο.
1460 1341 1486 1366 5.
1501 1340 1602 1371 Primo,
1619 1341 1681 1373 quia
1696 1340 1822 1368 Christus

208 1382 256 1410 pec
270 1375 338 1401 dixit
354 1383 402 1402 uec
419 1377 469 1403 dici
486 1377 565 1410 jussit
588 1376 646 1403 illas
659 1383 763 1410 preces,
783 1375 880 1409 quibus
896 1375 944 1408 ipsi
961 1381 1057 1408 putant
1079 1376 1174 1410 conﬁci
1194 1381 1413 1407 sacramentum;
1431 1383 1491 1401 nam
1509 1382 1595 1408 neque
1618 1375 1758 1409 Scriptura
1774 1383 1821 1402 eas

207 1409 298 1441 habet,
317 1418 402 1443 tneque
416 1409 559 1437 traditione
571 1409 678 1438 constat
693 1418 752 1437 esse
766 1411 922 1437 necessario
941 1411 1079 1436 dicendas.
1097 1409 1163 1436 Nam
1180 1411 1204 1437 in
1219 1411 1329 1444 liturgia
1347 1411 1451 1441 Latina,
1468 1418 1546 1444 quain
1562 1411 1711 1436 communis
1727 1410 1821 1445 opinio

207 1448 281 1471 tenet
297 1444 379 1471 fuisse
396 1447 482 1473 sancti
504 1445 574 1472 Petri
597 1451 624 1473 et
637 1446 792 1476 Clementis,
810 1452 862 1471 non
891 1445 1023 1471 habentur
1042 1446 1093 1472 illa:
1115 1453 1218 1479 preces,
1245 1446 1294 1472 nisi
1322 1450 1384 1472 aute
1408 1446 1490 1472 verba
1515 1445 1632 1476 Domini,
1651 1452 1706 1472 non
1729 1444 1819 1472 autem

207 1485 284 1513 post:
300 1486 327 1507 et
338 1481 365 1516 in
380 1480 485 1516 liturgia
501 1480 659 1515 Ethiopum
676 1488 728 1507 non
742 1480 921 1516 reperiuntur.
940 1480 1025 1512 Adde,
1041 1481 1109 1507 alias
1125 1481 1182 1507 lore
1198 1480 1263 1507 falsa
1282 1481 1325 1507 illa
1340 1482 1420 1507 verba
1437 1480 1537 1507 Christi
1555 1489 1562 1505 :
1585 1479 1643 1506 Hoc
1663 1485 1700 1506 est
1725 1488 1820 1513 corpus

207 1522 302 1546 meum,
322 1515 343 1542 si
364 1521 427 1542 ante
447 1515 495 1549 per
516 1524 609 1550 preces
623 1517 682 1543 illas
697 1516 880 1549 prtecedentes
897 1515 965 1541 facta
984 1520 1054 1541 esset
1069 1516 1250 1542 consecratio.
1272 1515 1405 1547 Secundo,
1421 1516 1483 1548 quia
1502 1523 1561 1541 cum
1588 1515 1638 1550 hoc
1663 1522 1820 1542 sacramen-

208 1554 262 1575 tum
278 1551 312 1577 sit
324 1549 557 1583 sublitnissimnm,
574 1559 624 1578 non
640 1550 752 1578 decebat
766 1550 828 1576 illttd
842 1550 898 1577 lieri
917 1550 968 1576 nisi
985 1550 1073 1577 verbis
1089 1550 1146 1576 Dei.
1162 1551 1250 1583 Adde,
1270 1551 1340 1584 quod
1363 1550 1385 1576 si
1403 1551 1571 1577 consecratio
1589 1549 1665 1576 ﬁeret
1689 1551 1820 1584 precibus

206 1584 277 1620 igtis,
296 1585 408 1612 cﬁ'cctus
430 1587 488 1620 ejus
508 1592 580 1612 esset
598 1586 728 1617 incertus,
750 1593 810 1613 cuin
829 1592 922 1619 preces
945 1586 1002 1611 istae
1021 1593 1074 1612 non
1099 1593 1206 1618 semper
1227 1586 1415 1613 exaudiautur.
1440 1586 1515 1617 Quod
1541 1585 1562 1611 si
1581 1589 1702 1611 extrema
1727 1587 1820 1612 unctio

205 1619 252 1645 ﬁat
271 1621 361 1647 verbis
384 1621 588 1655 deprecatoriis,
617 1626 707 1648 exstat
726 1625 812 1655 tamen
828 1620 971 1653 promissio
987 1628 1040 1653 qua
1066 1620 1245 1654 promittitur,
1267 1622 1337 1647 hanc
1357 1620 1575 1654 deprecationem
1603 1620 1758 1647 exanditum
1787 1621 1818 1646 iri

205 1654 424 1691 saltemrquoad’
436 1656 559 1684 ell'ectum
584 1656 772 1691 principalem,
795 1654 887 1682 Jacobi
902 1663 931 1691 7v,
953 1655 1038 1691 nulli
1046 1661 1135 1681 autem
1154 1656 1213 1682 talis
1228 1660 1317 1683 exstat
1334 1655 1479 1688 promissio
1498 1655 1674 1691 deiprecibus
1693 1656 1753 1682 istis
1774 1664 1821 1683 eu-

205 1690 370 1723 charisticis,
387 1691 412 1717 in
428 1692 526 1726 quibus
551 1689 601 1726 ipsi
629 1689 731 1726 ponunt
755 1690 1000 1717 consucratiouem.
1017 1689 1120 1721 Tertio.
1146 1691 1208 1724 quia
1228 1691 1356 1718 sacerdos
1375 1695 1519 1726 consecrat
1535 1690 1560 1716 iu
1576 1697 1691 1726 persona
1707 1691 1818 1723 Christi,

205 1732 257 1750 nou
275 1731 364 1752 autem
382 1727 407 1752 in
433 1725 546 1760 persona
562 1725 703 1758 'tuinistri;
726 1733 791 1761 ergo
819 1725 844 1751 iu
864 1726 1073 1761 consecratione
1100 1733 1152 1752 non
1174 1725 1253 1753 debet
1272 1726 1308 1752 uti
1330 1725 1421 1752 verbis
1441 1725 1649 1759 deprecatoi'iis,
1671 1725 1723 1752 hoc
1746 1733 1818 1752 enim

205 1764 309 1795 tantum
333 1766 374 1788 est
399 1762 593 1795 ministrorum,
617 1762 663 1790 sed
685 1760 895 1791 auctoritativis,
913 1760 1016 1787 scilicet
1051 1765 1178 1794 tanquam
1202 1761 1337 1793 Christus,
1355 1760 1432 1794 cujus
1454 1768 1595 1793 personam
1611 1761 1736 1786 sustinet.
1751 1761 1819 1787 Hinc

205 1793 246 1826 ﬁt,
260 1799 288 1821 ut
310 1803 370 1822 eum
393 1796 419 1822 in
440 1797 567 1824 omnibus
586 1793 654 1824 aliis
673 1797 851 1824 sacramentis
877 1796 1005 1822 sacerdos
1026 1793 1155 1830 loquatur
1171 1800 1298 1830 tauquam
1314 1793 1438 1822 minister
1448 1795 1560 1827 Christi,
1577 1796 1635 1822 sive
1647 1803 1696 1830 per
1708 1797 1819 1822 modum

203 1831 355 1867 eaercentis
369 1836 470 1864 actum,
493 1837 521 1857 ut
537 1832 563 1858 in
578 1832 725 1867 baptismo,
739 1832 947 1858 conlirmatione
958 1835 985 1857 et
998 1831 1175 1865 pwnitentia;
1204 1832 1260 1858 sive
1276 1839 1323 1866 per
1338 1832 1447 1857 modum
1475 1830 1633 1864 imperantis
1645 1850 1652 1862 ,
1666 1835 1698 1867 ut_
1719 1831 1746 1857 iu
1772 1839 1818 1857 or-

203 1863 284 1898 diue;
301 1867 357 1893 sive
383 1875 430 1900 per
448 1863 555 1893 modum
580 1863 760 1901 deprecantis,
787 1870 816 1892 ut
840 1867 865 1892 in
889 1863 1011 1892 extrema
1034 1867 1177 1898 unctione;
1201 1866 1227 1892 in
1253 1863 1304 1893 hoc
1327 1872 1415 1893 tamen
1433 1863 1603 1892 sacramento
1624 1873 1675 1892 non
1692 1865 1818 1900 loquatur-

205 1903 330 1934 tauquam
347 1902 470 1928 minister
493 1902 604 1934 Christi,
629 1903 675 1929 sed
698 1901 775 1936 quasi
798 1902 912 1936 ipsemet
936 1907 1010 1936 esset
1036 1901 1177 1934 Christus;
1198 1909 1257 1933 sou,
1285 1906 1313 1928 ut
1337 1901 1545 1934 Cbrysostomus
1557 1902 1605 1929 ait.
1624 1902 1748 1927 Christus
1767 1909 1819 1935 per

203 1942 235 1962 os
245 1935 307 1971 ejus
322 1936 495 1964 invisibiliter
515 1937 643 1971 |0quitur,
658 1935 727 1971 quod
743 1935 823 1963 etiam
840 1936 904 1962 dicit
918 1935 1105 1963 Tridentiuuut
1121 1945 1189 1964 sess.
1205 1937 1250 1968 21,
1266 1945 1290 1964 c.
1306 1937 1334 1963 Ξ.

238 1969 420 2006 Coiilirmatur
435 1973 484 1999 hoc
505 1969 585 1999 etiam
604 1980 635 1999 ex
655 1969 706 1999 hoc
727 1974 786 1998 loco
810 1971 942 2005 Dionysii,
962 1972 1024 2006 quia
1043 1972 1098 2002 tibi,
1123 1973 1241 1998 dimissis
1266 1971 1479 2003 catechumenis,
1505 1975 1533 1998 et
1562 1971 1640 2005 panis
1664 1971 1818 2005 calicisque

201 2005 340 2042 oblatione
354 2007 434 2038 facta,
450 2007 517 2034 dixit
533 2008 687 2042 pontiﬁcem
702 2014 808 2035 sacram
821 2015 950 2041 peragere
967 2007 1160 2040 precationem,
1179 2012 1205 2033 et
1220 2012 1279 2041 post
1293 2007 1368 2041 pacis
1387 2006 1520 2038 osculum,
1534 2012 1561 2033 et
1574 2007 1719 2041 digitorum
1739 2008 1818 2034 ablu-

203 2039 313 2071 tionem,
328 2047 355 2068 et
378 2039 589 2076 Itynmologiam,
609 2047 665 2069 tum
681 2043 786 2069 detuutn
799 2042 837 2067 ait
853 2039 940 2075 ipsum
955 2042 1122 2068 divinissima
1140 2039 1300 2068 consecrare
1317 2042 1458 2077 mysteria.
1481 2039 1625 2068 manifeste
1640 2047 1701 2074 post
1723 2050 1819 2069 sacras

201 2081 297 2108 preces
310 2077 542 2104 consecrationem
559 2078 706 2109 collocatis,
723 2082 850 2110 tauquam
867 2086 880 2103 a
896 2077 1022 2110 precibus
1040 2077 1098 2103 istis
1110 2078 1276 2104 distinctam.

236 2110 276 2138 Ad
293 2112 426 2147 rationem
442 2119 522 2147 porro
540 2112 706 2144 Graecorum,
724 2113 950 2146 respoudcmlum,
972 2112 1022 2138 illis
1045 2113 1171 2145 precibus
1201 2113 1264 2146 peti,
1281 2120 1334 2139 non
1347 2118 1375 2139 ut
1390 2112 1509 2147 Spiritus
1522 2117 1634 2139 sanctus
1655 2111 1817 2146 simpliciter

202 2152 299 2179 panem
314 2146 412 2173 eiliciat
426 2146 524 2181 cbrpus
539 2148 652 2180 Christi,
668 2149 715 2174 sed
737 2152 765 2174 ut
789 2147 923 2174 sacerdoti
948 2147 1109 2180 cactct'isque
1127 2148 1391 2175 cotumuuicautibus
1411 2146 1508 2174 elliciat
1525 2155 1622 2181 corpus
1643 2148 1765 2180 Christi;
1791 2150 1818 2175 id

202 2185 245 2207 est
267 2181 331 2218 petit
358 2181 390 2208 iis
410 2183 456 2218 qui
480 2183 682 2210 communicant
697 2182 753 2209 dari
769 2182 886 2218 gratiam
903 2182 984 2216 digne
1008 2182 1237 2214 communicaudi,
1256 2187 1284 2208 ut
1305 2184 1433 2218 consequi
1457 2183 1561 2216 possint
1581 2182 1704 2209 ellectutu
1723 2190 1816 2210 Sacra-

202 2216 362 2252 r_nenti._Qni
379 2217 450 2243 enim
467 2219 610 2244 manducat
636 2218 757 2252 indigne,
784 2217 820 2244 illi
839 2225 891 2243 non
914 2223 955 2242 est
976 2224 1072 2251 corpus
1093 2217 1203 2252 Christi,
1220 2218 1265 2244 sed
1286 2216 1429 2250 venenum,
1446 2225 1507 2244 nam
1525 2218 1652 2251 judicium
1673 2218 1723 2245 sibi
1739 2226 1817 2244 tuan-

201 2249 283 2287 dugat
301 2250 322 2277 ι.
338 2251 365 2278 ln
382 2252 452 2280 hunc
464 2260 571 2279 sensum
587 2253 635 2287 ipsi
649 2249 736 2280 Graeci
753 2253 947 2286 responderunt
963 2252 989 2278 iu
1008 2249 1122 2278 concilio
1139 2251 1296 2279 Florentino
1310 2254 1430 2280 sessione
1445 2249 1550 2279 ultima.

199 2318 216 2346 Γ
238 2284 275 2312 De
287 2287 455 2347 cairemouiis
467 2289 556 2314 missa:
571 2284 630 2315 vide
645 2284 816 2315 Guilieimum
833 2287 989 2314 Duraudum
1011 2287 1057 2314 lib.
1076 2293 1102 2313 Iv
1132 2287 1278 2314 Rationalis
1291 2289 1438 2315 divinorum
1454 2288 1606 2322 o/ﬁczorum,
1620 2289 1664 2322 qui
1683 2288 1742 2316 illas
1755 2296 1817 2323 pro-

211 2326 253 2346 txe
265 2329 315 2347 em
328 2327 389 2347 tcat.

211 2326 253 2346 txe
265 2326 389 2354 explicat.

236 2354 316 2392 Parte
325 2364 354 2383 ut
367 2356 444 2390 hujus
456 2358 560 2392 capitis,
570 2365 630 2392 qua:
637 2358 893 2392 contemplationem
904 2357 1036 2389 continet,
1047 2356 1060 2392 ᾗ
1070 2357 1095 2389 l,
1106 2357 1180 2390 dicit,
1189 2366 1293 2384 sacram
1303 2358 1383 2392 200
1391 2359 1605 2385 communionem
1615 2359 1816 2392 essepaciﬁcum

198 2391 435 2428 participationem,
452 2391 517 2424 etc.,
530 2391 592 2427 quia
608 2394 735 2420 nimirum
748 2391 824 2427 pacis
839 2393 990 2428 symbolum
1002 2391 1056 2428 est,
1079 2400 1106 2421 et
1131 2395 1257 2422 Christus
1273 2413 1281 2426 ν
1295 2391 1347 2427 qui
1360 2391 1385 2420 tit
1399 2403 1429 2420 ea
1445 2395 1570 2424 sumitur,
1590 2400 1631 2419 est
1646 2391 1771 2428 princeps
1788 2400 1816 2419 rt

201 2425 271 2464 Deus
285 2425 414 2464 pacismac
422 2425 600 2464 dilectiotiis'}.
611 2429 697 2463 cujus,
710 2425 788 2462 juita
802 2425 982 2459 Psalmistatu,
997 2425 1143 2455 Facluseu
1158 2430 1185 2454 in
1199 2437 1260 2461 pace
1269 2425 1341 2455 locus
1353 2429 1408 2463 ejus
1420 2432 1447 2461 °;
1465 2430 1545 2460 unde,
1560 2425 1815 2463 ἰιιιιυίιύιοιιίδὶυδ,

195 2462 436 2498 ,Ῑιιζςηιει-ὶιιδδὶηιο
449 2470 563 2490 exortem
572 2463 633 2497 facit
643 2462 711 2495 eum,
723 2464 767 2498 qui
779 2471 859 2497 neque
870 2469 956 2489 sancte
973 2471 1052 2498 neque
1067 2464 1154 2489 (ntimo
1169 2465 1289 2490 concordi
1305 2462 1407 2490 sacram
1418 2471 1502 2490 secum
1515 2471 1612 2489 cunmm
1624 2462 1814 2497 frequentaret.

234 2494 305 2535 ﬂint:
328 2498 507 2535 conﬁrmatur
529 2494 662 2535 catholica
686 2494 821 2535 sententia
846 2494 1017 2535 quierdocct',
1041 2499 1160 2532 graviter
1176 2506 1289 2533 peccare
1311 2499 1384 2525 illum
1399 2500 1445 2532 qui
1462 2494 1646 2525 communicat
1669 2494 1730 2525 cum
1746 2506 1814 2525 cou-

199 2533 314 2569 scientia
330 2533 433 2569 peccati
456 2534 591 2564 mortalis,
607 2534 736 2567 quoniam
755 2534 831 2560 cibus
844 2538 884 2560 cst
898 2534 1033 2565 vivorum,
1050 2541 1102 2560 nou
1117 2539 1303 2566 mortuorum;
1327 2534 1389 2568 quia
1415 2535 1465 2560 hoc
1485 2539 1686 2560 sacramentum
1702 2541 1755 2560 non
1772 2539 1815 2560 est

200 2566 354 2603 institutum
373 2568 399 2593 in
416 2569 601 2595 remissionem
616 2566 806 2602 peccatorum,
823 2570 868 2595 sed
887 2569 919 2595 ad
941 2569 1097 2595 alimentum
1116 2569 1257 2603 spiritale;
1278 2570 1312 2596 ali
1335 2566 1424 2595 autem
1440 2573 1542 2595 tantum
1564 2574 1664 2603 potest,
1682 2569 1726 2603 qui
1748 2569 1814 2594 virtt

200 2600 369 2640 spiritaliter.
385 2602 469 2640 Adde,
489 2603 560 2640 quod
579 2600 628 2640 qui
641 2612 701 2631 cttttt
717 2604 882 2631 cous‘cieutia
907 2604 1010 2638 peccati
1025 2600 1146 2631 mortalis
1162 2604 1277 2637 accedit,
1291 2608 1422 2638 quantum
1434 2611 1467 2630 ex
1481 2611 1510 2640 se
1533 2600 1589 2640 est,
1607 2600 1702 2630 falsam
1725 2603 1814 2629 reddit

200 2634 281 2669 ltujus
296 2638 459 2674 sacramenti
473 2634 717 2673 signiﬁcationem;
735 2640 867 2674 signiﬁcat
885 2634 968 2670 enim,
985 2648 1045 2666 cum
1061 2640 1106 2673 qui
1121 2640 1204 2666 sumit
1229 2634 1342 2666 esse—de
1358 2646 1472 2674 corpore
1483 2634 1587 2674 Christi
1607 2640 1731 2672 mystico,
1753 2645 1814 2672 quae

199 2676 240 2696 est
251 2672 368 2698 societas
381 2672 538 2700 sanctorum
557 2674 609 2700 ﬁdc
623 2681 655 2700 ac
668 2672 802 2701 charitate
816 2675 925 2701 Christo
939 2672 1088 2701 adhaerens.
1109 2674 1176 2701 Hinc
1202 2681 1309 2708 quoque
1328 2672 1429 2709 infra§
1445 2674 1461 2700 6
1479 2679 1507 2700 et
1527 2673 1554 2706 7,
1577 2675 1665 2706 docet,
1684 2676 1812 2700 catechu-

199 2711 297 2743 menos
306 2712 332 2733 et
350 2715 545 2742 encrgumeuos
563 2716 623 2735 cum
639 2710 824 2743 peccatoribus
839 2710 872 2737 ab
886 2709 936 2736 hac
950 2717 1026 2736 sacra
1041 2709 1229 2736 communione
1249 2714 1375 2743 tanquam
1393 2709 1519 2742 indignos
1536 2710 1634 2736 arceri.

234 2740 262 2778 In
279 2741 380 2769 Grtccis
394 2740 465 2769 enim
481 2743 597 2778 liturgiis
610 2740 746 2771 clamabat
766 2745 917 2771 diaconus:
942 2743 982 2770 Τὰ
999 2744 1064 2778 ἆγια
1085 2744 1139 2775 τοῖς
1163 2743 1262 2778 ἁγίοις,
1290 2740 1316 2772 id
1336 2749 1377 2771 est
1390 2740 1480 2770 sancta
1496 2749 1602 2776 sanctis,
1619 2744 1705 2778 iisque
1722 2744 1813 2771 verbis

198 2776 320 2810 prolatis,
343 2776 742 2813 eatccbumeui,‘energumeni,
760 2785 785 2806 et
801 2780 900 2806 notorii
924 2776 1082 2814 peccatores
1099 2776 1280 2813 pellebantur,
1301 2780 1340 2806 uti
1362 2780 1450 2806 etiam-
1462 2783 1578 2806 testatur
1590 2776 1702 2806 saucius
1725 2779 1813 2814 Chry-

200 2816 349 2844 sostomns,
365 2813 459 2840 liomil.
476 2815 521 2847 (il,
536 2815 568 2840 ad
583 2815 710 2849 populqu
722 2815 932 2846 Antiochenum,
955 2819 982 2841 et
1003 2814 1126 2841 Justinus
1139 2815 1249 2851 Apolog.
1286 2823 1307 2843 ι.
1331 2815 1388 2842 lmo
1409 2821 1460 2841 nec
1476 2815 1567 2842 videre
1588 2814 1813 2850 permittebantur

255 2883 268 2902 ι
284 2884 381 2919 Eptics.
397 2893 421 2912 ν.
438 2885 481 2912 2‘).
526 2884 531 2903 ¹
551 2885 632 2913 lCor.
652 2895 688 2918 .\I,
702 2886 745 2914 "29.
768 2892 786 2904 ·
799 2887 848 2916 lsa.
866 2897 902 2923 is,
915 2889 939 2917 6.
982 2890 1015 2917 nl

733 2891 745 2913 '.
768 2892 786 2904 ·
799 2887 848 2916 lsa.
866 2897 902 2923 is,
915 2889 939 2917 6.
982 2895 994 2909 ιι
1007 2890 1028 2918 ll
1043 2892 1104 2919 Cor.
1119 2900 1179 2926 xm,
1200 2893 1240 2920 ll.
1263 2897 1275 2912 ο
1288 2893 1356 2922 Psal.
1372 2901 1452 2928 Lxxv,
1465 2894 1495 2931 5.,
