1931 3073
222 139 272 168 859

809 134 839 162 S.
861 132 1011 163 DlONYSll
1034 131 1265 160 AREOPAGITAB

1794 131 1850 161 ιω

219 204 293 231 nius,
308 203 391 232 quam
405 195 441 222 ob
454 196 564 222 causam
581 193 606 221 id
624 193 697 228 quod
716 192 777 219 aliis
792 199 900 227 quoque
915 199 1004 219 sacra-

1058 188 1179 219 τελεταῖς
1198 187 1267 224 αὕτη
1286 186 1485 224 ἰδιοποιήσατο,
1502 186 1549 213 καὶ
1560 186 1682 214 καλεῖται
1702 187 1776 220 ἰδίως
1798 197 1853 215 κοι-

222 242 324 269 mentis
344 247 488 269 commune
500 243 553 271 est,
577 238 642 266 huic
664 238 864 273 approprietur,
883 242 1010 265 vocetur-

219 295 274 323 que
301 287 412 322 proprie
436 285 592 314 communio
608 289 634 312 et
648 285 771 321 synaxis,
790 289 852 312 cum
872 284 1011 318 quodlibet

219 340 435 365 sacramentum,
450 332 508 359 sive
527 332 661 366 baptisma
682 331 740 359 sive
759 331 882 359 ordinem
898 330 1009 362 dixeris.

220 379 302 406 etiam
319 378 385 405 illud
407 378 500 412 utique
523 377 630 410 habeat,
658 383 688 404 ut
710 382 737 404 et
757 382 914 412 congreget,
932 381 960 403 et
977 378 1010 403 ad

220 423 442 450 communionem
457 422 640 457 unionemque
652 422 764 449 inducat
778 432 784 449 :
800 422 827 448 in
839 422 914 449 omni
926 426 1011 454 nam-

220 477 274 504 que
291 472 464 496 sacramento
479 468 535 495 hatc
551 468 663 495 initiatis
685 467 873 499 conferuntur,
891 474 919 493 ν.
939 474 966 501 με
983 466 1009 493 in

219 513 367 548 baptismo,
389 520 451 540 cum
476 512 528 541 hoc
551 520 659 547 quoque
675 517 874 540 sacramentum
894 511 1009 539 divisam

220 559 341 587 hominis
355 560 449 592 vitam,
465 559 492 586 id
508 564 550 586 est
563 560 734 591 saecularem,
751 563 779 585 et
802 558 828 584 iu
844 558 928 584 multa
951 557 1009 585 dis-

220 611 349 639 tractam,
373 606 407 633 ad
431 604 592 632 unil'ormem
617 605 721 639 colligit
739 604 951 636 deiﬁcatiOnem,
978 611 1009 631 ac

220 651 370 680 secundum
389 651 440 678 hoc
456 651 536 678 etiam
550 651 664 686 synaxis
682 650 734 677 dici
760 651 846 684 possit
867 657 875 676 :
898 656 925 677 et
948 658 1008 676 rur-

220 707 291 730 sum,
309 699 334 726 in
359 697 514 726 istiusmodi
539 698 701 725 collectione
723 697 872 724 divisorum
893 697 1009 725 srecula-

220 746 347 780 riumque
364 748 484 772 motudm
496 744 529 772 ad
551 752 648 777 unum,-
660 743 765 771 scilicet
775 744 872 777 Deum,
888 751 1010 771 commu-

219 792 330 819 nionem
344 791 486 826 elargitur,
497 797 579 825 atque
592 791 661 818 adeo
674 791 830 818 connuuuio
844 797 897 817 non
910 790 1007 817 imme-

218 838 272 865 rito
299 837 351 865 dici
381 838 478 872 possit.
503 837 558 864 Cur
586 837 687 871 itaque.
709 844 829 872 praesens
851 844 1008 864 sacramen-

1061 233 1144 261 νωνία
1157 234 1203 260 καὶ
1217 233 1324 266 σύναξις
1334 253 1341 265 ,
1356 233 1475 268 ἑκάστης
1486 231 1608 267 τελετῆς,
1623 232 1674 259 κᾶν
1684 229 1792 268 τὴντοῦ
1804 234 1852 269 βα-
1875 224 1882 238 ⁷

1062 280 1212 314 mitigato;
1223 279 1320 310 εἴποις,
1335 278 1388 305 κᾶν
1397 278 1446 313 τὴν
1456 277 1510 304 τῶν
1524 278 1668 313 ἰερατικῶν
1675 278 1850 312 τελειώσεων,

1061 329 1176 364 ἐχούσης
1191 328 1268 355 τοῦτο
1280 328 1312 364 δὴ
1324 327 1354 356 τὸ
1366 328 1491 362 συνάγειν
1508 329 1555 354 καὶ
1566 328 1606 359 εἰς
1619 328 1759 355 κοινωνίαν
1772 328 1852 363 ἄγειν

1062 376 1107 402 καὶ
1126 368 1233 410 ἕνωσιν·
1251 375 1345 402 ἅπασα
1364 374 1419 409 γὰρ
1435 374 1530 409 τελετὴ
1545 373 1632 400 ταῦτα
1646 373 1772 410 δωρεῖται
1792 377 1851 407 τοῖς

1060 422 1241 457 τελουμένοις,
1254 421 1291 453 ὡς
1304 421 1370 457 φέρε
1381 423 1468 448 εἰπεῖν
1476 421 1526 448 ἐπὶ·
1532 421 1579 448 τοῦ
1593 421 1789 457 βαπτίσματος·
1804 423 1855 448 καὶ·

1060 469 1115 505 γὰρ
1127 470 1143 505 ή
1155 469 1265 506 τοιαύτη
1281 468 1376 504 τελετὴ
1387 468 1435 506 τὴν
1455 468 1583 504 μεριστὴν
1602 468 1674 504 ζωὴν
1687 467 1732 495 τοῦ
1746 468 1851 504 ἀνθρὼ-

1061 524 1123 548 που,
1137 516 1256 551 δηλονότι
1272 515 1320 551 τὴν
1334 514 1479 550 κοσμικὴν,
1495 515 1542 541 καὶ
1557 515 1596 546 εἰς
1617 513 1702 541 πολλὰ
1722 514 1851 549 πληθυνθ-

1063 561 1156 596 μένην,
1177 562 1216 592 είς
1233 560 1335 595 ἐνοειδῆ
1355 560 1482 594 συνάγειν
1498 560 1605 593 θέωσιν,
1616 561 1664 586 καὶ
1683 560 1753 587 κατὰ
1770 560 1852 586 τοῦτο

1062 606 1170 640 σύναξις
1185 606 1217 633 ἂν
1230 606 1344 640 λέγοιτοο
1357 605 1406 636 καί
1421 605 1503 635 πάλιν
1515 606 1543 631 ὲν
1555 607 1587 641 τῇ
1601 605 1712 642 τοιαύτῃ
1724 606 1854 642 cupit-:04

1061 652 1100 685 εει
1114 653 1167 679 τῶν
1180 652 1322 688 διαιρετῶν
1339 652 1388 681 καὶ
1405 649 1545 687 κοσμικῶν
1562 652 1692 687 κινήσεων
1706 652 1756 687 τὴν
1780 651 1850 687 πρὸς

1059 699 1090 725 τὸ
1102 698 1140 730 ἓν,
1154 698 1199 725 τὸν
1213 698 1279 724 Θεὸν
1291 697 1399 733 δηλαδὴ,
1415 697 1554 724 κοινωνίαν
1570 697 1707 733 δωρεῖται,
1727 697 1781 724 ἰδοὺ
1802 699 1852 729 καὶ

1060 744 1187 772 κοινωνία
1207 744 1256 770 οὐκ
1276 744 1428 776 ἀπεικότως
1445 743 1549 778 λέγοιτο
1563 743 1606 771 ἄν.
1628 745 1686 770 Ἵνα
1705 744 1734 770 τί
1753 744 1818 778 γοῦν
1832 745 1849 779 ή

1060 790 1227 826 προκειμένη
1238 789 1332 826 τελετὴ
1341 790 1393 816 τῶν
1406 790 1534 817 τοιούτων
1544 790 1684 826 ὀνομάτων
1701 790 1773 822 ἰδίως
1789 799 1851 826 μετ.

1060 837 1168 873 είληχε;
1183 837 1238 864 Καὶ
1253 837 1353 872 φαμὲν,
1371 837 1411 865 ὅτι
1432 838 1448 873 ὴ
1469 837 1523 864 τῶν
1545 837 1660 864 τελετῶν
1674 837 1786 864 ἐκείνων
1809 846 1850 864 τε-

218 889 275 911 ιυιιι
292 884 444 911 istiusmodi
459 883 568 910 nomina
592 883 704 918 proprie
724 883 776 910 sibi
797 882 938 910 vindicat?
965 883 1004 910 Di-

1060 883 1168 914 λείωσις
1179 885 1211 909 ἐκ
1220 883 1274 910 τῶν
1291 882 1391 918 ταύτης
1404 883 1512 918 δωρεῶν
1524 883 1591 909 ἐστι·
1605 883 1652 910 καὶ
1664 882 1719 918 γὰρ
1728 883 1778 909 οὐκ
1789 882 1849 909 ἐστι

218 931 315 962 cimus,
345 931 458 957 istorum
482 935 718 957 sacramentorum
751 927 948 965 perfectionem
972 937 1005 958 ex

216 976 301 1010 hujus
318 975 476 1003 muneribus
491 977 608 1004 existere
625 987 631 1004 :
662 983 724 1003 nam
740 983 794 1003 non
813 975 877 1003 licet
896 975 1006 1010 aliquod

216 1027 419 1048 sacramentum
439 1022 641 1049 hierarchicum
655 1022 800 1056 perlicere,
814 1022 865 1049 nisi
880 1021 1007 1049 videlicet

216 1067 389 1094 divinissima
405 1067 573 1095 eucharistia
590 1075 652 1095 cum
670 1070 735 1101 uuo‘,
757 1068 784 1095 id
799 1072 843 1095 est
856 1068 937 1104 202
953 1068 1007 1095 Deo

216 1113 436 1148 coojunctionem
456 1118 596 1148 operetur;
621 1114 674 1142 hoc
690 1114 764 1141 enim
779 1119 822 1141 est
841 1114 1006 1149 praecipuum

216 1160 288 1194 quod
313 1160 339 1186 in
363 1159 480 1194 singulis
493 1160 659 1188 celebratur.
675 1159 705 1187 Si
728 1160 820 1194 itaque
833 1160 1006 1195 unumquod-

216 1213 270 1240 que
289 1209 502 1237 sacratnentum,
527 1205 603 1232 hisce
618 1205 757 1241 mysteriis
778 1204 951 1238 frustratum,
971 1205 1006 1232 sit

216 1251 416 1285 imperfectum,
431 1257 458 1278 et
473 1258 525 1278 nec
543 1250 652 1285 proprie
667 1255 872 1278 sacramentum
889 1250 1004 1283 dicatur,

216 1303 307 1330 neque
325 1303 386 1323 cum
408 1304 461 1323 uno
476 1296 523 1324 illo
543 1297 726 1324 communicet
739 1296 891 1331 copuletve,
908 1296 1006 1324 merito

215 1344 298 1370 etiam
313 1343 375 1370 huic
388 1343 438 1370 soli
456 1343 595 1378 propriutu
607 1343 658 1370 hoc
672 1349 769 1370 nomen
784 1349 916 1379 synaxeos
927 1343 1005 1369 attri-

216 1388 324 1416 buitur.
340 1388 458 1424 Synaxis
483 1395 565 1422 porro
586 1388 696 1415 minime
717 1387 891 1422 intelligenda
915 1387 1005 1422 populi

215 1435 403 1470 congregatio,
422 1439 502 1469 prout
519 1433 601 1468 aliqui
621 1441 693 1461 nunc
713 1434 842 1468 temporis
858 1440 951 1460 vocem
975 1432 1006 1462 il-

216 1481 270 1508 lam
284 1480 432 1514 accipiunt,
449 1479 496 1508 sed
517 1487 578 1507 cum
594 1479 648 1506 Deo
665 1479 822 1513 coujunctio
836 1479 1007 1506 communio-

217 1533 280 1560 que.
298 1525 369 1552 Idem
382 1532 492 1559 quoque
507 1524 569 1560 quis
581 1524 701 1551 inveniat
715 1524 740 1551 iu
757 1524 841 1551 divini
855 1524 1004 1558 baptisma-

1058 928 1118 956 τινὰ
1133 928 1292 963 τελεσθῆναι
1306 928 1463 967 ίεραρχικὴν
1482 927 1602 963 τελετὴν,
1625 927 1661 963 μὴ
1680 927 1729 963 τῆς
1748 927 1852 954 θειοτά-

1057 982 1107 1009 της
1119 974 1312 1010 Εὑχαριστίας,
1322 973 1372 1008 τῆς
1383 973 1436 1001 τῶν
1452 973 1608 1008 μυστηρίων
1621 972 1733 1008 δηλαδὴ,
1743 973 1850 1008 ίερουρς

1057 1019 1159 1055 γοὺοης
1174 1020 1223 1055 τὴν
1240 1020 1286 1046 ἐπὶ
1301 1020 1331 1046 τὸ
1346 1019 1384 1051 ἓν,
1403 1019 1448 1046 τὸν
1460 1019 1526 1045 Θεὸν
1545 1018 1655 1054 δηλαδὴ.
1675 1021 1847 1054 συναγωγήν·

1057 1066 1135 1093 τοῦτο
1151 1067 1205 1102 γάρ
1222 1067 1278 1095 ἐστι
1298 1066 1328 1092 τὸ
1350 1065 1613 1100 κεφαλαιωδέστερον
1635 1066 1681 1092 ἐπὶ
1701 1067 1758 1098 τοῖς
1784 1066 1848 1093 καθ’

1057 1112 1160 1139 ἕκαστα
1180 1111 1361 1147 τελουμένοις.
1374 1111 1404 1138 Εἰ
1424 1111 1513 1140 τοίνυν
1533 1110 1634 1146 ἑκάστη
1652 1110 1706 1137 τῶν
1717 1110 1834 1138 τελετῶν

1057 1158 1260 1194 ἀπολειπομένη
1276 1157 1325 1193 τὴν
1339 1160 1348 1169 '
1363 1157 1639 1193 μυστηρίων,ἀτελής
1655 1158 1722 1190 ἐστι,
1740 1158 1787 1184 καὶ
1797 1158 1849 1188 οὐκ

1057 1202 1114 1238 ἔχει
1125 1203 1227 1238 κυρίως
1245 1202 1307 1229 οὔτε
1325 1202 1356 1228 τὸ
1371 1201 1465 1238 τελετὴ
1480 1202 1622 1236 λέγεσθαι,
1641 1201 1703 1229 οὔτε
1726 1203 1780 1239 μὴν
1798 1202 1848 1238 τὴν

1058 1247 1125 1284 πρὸς
1142 1247 1172 1274 τὸ
1187 1247 1214 1274 ἓν
1230 1247 1371 1275 κοινωνίαν
1386 1247 1432 1273 καὶ
1446 1246 1563 1280 σύναξιν,
1579 1247 1691 1279 εἰκότως
1702 1247 1787 1284 ταύτῃ
1799 1249 1848 1279 καὶ

1059 1294 1128 1330 μόνῃ
1140 1294 1290 1322 ἐπιτίθεται
1302 1295 1318 1329 ἠ
1329 1294 1411 1330 κυρία
1419 1293 1560 1329 ἐπωνυμία
1571 1294 1619 1330 τῆς
1628 1294 1773 1328 συνάξεως.
1783 1294 1847 1321 Σύν-

1057 1339 1118 1372 αξιν
1129 1339 1157 1365 δὲ
1171 1340 1280 1375 νοητέον
1308 1339 1340 1367 οὐ
1353 1340 1402 1376 τὴν
1420 1339 1466 1366 τοῦ
1484 1338 1566 1372 λαοῦ,
1590 1339 1682 1372 καθὼς
1702 1339 1751 1375 τὴν
1773 1339 1847 1372 λέξιν

1056 1385 1128 1416 τινὲς
1136 1385 1255 1420 σήμερον
1263 1377 1486 1420 ἐκλαμϐάνειν-ται,
1496 1383 1564 1410 ἀλλὰ
1571 1385 1620 1420 τὴν
1629 1384 1695 1420 πρὸς
1709 1384 1774 1410 Θεὺν
1787 1392 1847 1409 συν-

1057 1432 1168 1467 αγωγὴν
1189 1432 1236 1458 καὶ
1261 1431 1411 1461 κοινωνίαν.
1432 1430 1524 1463 Οὕτως
1543 1430 1617 1466 εὖροι
1631 1439 1672 1462 τις
1685 1429 1718 1457 ἂν
1734 1430 1781 1456 καὶ
1799 1430 1848 1459 ἐπὶ

1056 1482 1107 1517 τῆς
1123 1481 1232 1517 τελετῆς
1251 1481 1298 1507 τοῦ
1319 1481 1391 1508 θείου
1412 1481 1607 1517 βαπτίσματος·
1625 1480 1739 1516 καὶγὰρ
1757 1480 1805 1507 καὶ¹
1817 1481 1846 1506 αἰ

1058 1528 1136 1554 ἄλλαι
1150 1527 1296 1562 φωτίζουσι
1307 1526 1423 1559 τελεταὶ,
1437 1525 1493 1553 ἀλλ’
1510 1527 1584 1562 ὅμως
1599 1526 1685 1563 ταύτῃ
1698 1526 1770 1557 ἰδίως
1782 1526 1848 1552 ἐπεε

217 1572 252 1598 tis
267 1576 439 1598 sacramento
458 1579 464 1597 :
481 1578 542 1597 nam
560 1570 624 1597 licet
637 1569 690 1596 alia
704 1577 811 1605 quoque
831 1575 1002 1597 sacratueuta

1056 1572 1118 1608 τέθη
1129 1572 1160 1599 τὺ
1176 1572 1261 1607 ὄνομα
1273 1571 1320 1598 τοῦ
1342 1571 1524 1607 φωτίσματος,
1539 1571 1583 1598 διὰ
1602 1571 1633 1597 τὸ
1653 1569 1722 1598 εἶναι
1743 1571 1847 1606 ταύτην

215 1616 381 1649 illuminent,
394 1615 458 1643 huic
474 1621 564 1642 tamen
582 1616 689 1650 proprie
702 1623 799 1643 nomen
812 1616 863 1642 hoc
882 1614 1002 1642 illustra-

217 1663 301 1689 tiouis
312 1662 469 1696 impositum
482 1666 532 1694 est,
552 1661 624 1698 quod
640 1661 760 1688 omniutu
775 1660 927 1688 divinarum
942 1660 1003 1687 illu-

216 1709 377 1735 stratiouum
402 1707 565 1742 principium
586 1707 698 1735 existat.
737 1705 804 1733 Nam
822 1705 872 1733 uisi
884 1706 946 1740 quis
960 1706 1002 1734 di-

215 1754 278 1781 vino
300 1753 465 1789 baptismate
489 1753 570 1781 fuerit
587 1753 721 1786 initiatus,
743 1752 918 1788 ejusdemque
939 1752 1001 1780 illuv

216 1800 347 1827 stratioue
371 1801 468 1836 dignus
489 1801 526 1827 sit
548 1800 667 1832 habitus,
685 1807 739 1827 non
772 1804 860 1834 potest
890 1799 1002 1826 alterius

216 1847 367 1881 cujuspiam
401 1846 594 1875 illustratiouis
625 1847 761 1881 particeps
794 1845 922 1874 existere.
955 1845 1002 1874 His

216 1892 317 1925 dictis,
350 1893 555 1920 consideremus
592 1893 680 1927 ipsam
719 1892 800 1927 hujus
838 1892 1000 1920 sacramenti

1054 1618 1150 1646 πασῶν
1165 1617 1219 1644 τῶν
1232 1618 1312 1644 θείων
1322 1617 1509 1656 φωταγωγιῶν
1525 1618 1623 1654 ἀρχήν.
1642 1617 1674 1644 Et
1685 1616 1739 1651 γὰρ
1755 1616 1792 1652 μὴ
1804 1625 1846 1643 τεο

1053 1663 1162 1698 λεσθείη
1171 1671 1214 1694 τις
1226 1662 1265 1698 τῷ
1276 1663 1339 1701 θείῳ
1354 1662 1531 1698 βαπτίσματι,
1544 1662 1647 1689 καὶτοῦ
1659 1661 1784 1689 ἐντεῦθεν
1793 1670 1842 1695 φω-

1052 1709 1151 1745 τισμοῦ
1163 1708 1353 1745 καταξιωθείη,
1364 1708 1514 1735 οὐ·δύναται
1526 1708 1606 1735 ἄλλον
1617 1709 1689 1740 τινὸς
1702 1707 1845 1744 φωτισμοῡ

1055 1755 1170 1791 μετοχὴν
1187 1755 1323 1788 δέξασθαι.
1341 1755 1433 1781 Ταῦτα
1455 1755 1578 1786 είπόντες
1589 1775 1596 1787 ,
1619 1755 1771 1789 κατίδωμεν
1790 1755 1840 1790 μὲν

1054 1802 1122 1833 τέως
1135 1802 1183 1839 τὴν
1203 1801 1250 1842 τῆς
1273 1801 1399 1837 τοιαύτης
1415 1801 1525 1836 τελετῆς
1540 1801 1703 1836 ίερουργίαν,
1721 1800 1845 1836 δηλονότι

1055 1847 1129 1879 ὅπως
1143 1847 1259 1874 τελεῖται
1270 1847 1300 1874 τὸ
1317 1849 1463 1883 μυστήριον
1474 1847 1524 1882 τῆς
1539 1846 1682 1879 συνάξεως,
1697 1846 1844 1882 μετέπειτα

1055 1892 1083 1923 δὲ
1100 1893 1134 1921 τὰ
1146 1893 1196 1928 τῆς
1214 1893 1329 1928 θεωρίας
1346 1893 1544 1929 ὲρευνήσωμεν.

215 1940 463 1974 consecrationem,
487 1940 624 1975 quomodo
645 1938 770 1966 videlicet
795 1939 954 1974 mysterium
982 1946 1118 1977 synaxeos
1156 1939 1325 1974 celebretur;
1359 1939 1456 1967 deinde
1494 1947 1559 1967 vero
1585 1937 1842 1972 contemplatioueii.

215 1986 273 2021 ejus
287 1987 456 2020 indagemus.

426 2033 458 2061 ll.
482 2033 637 2069 Mysterium
649 2041 789 2068 synaxeos.

252 2080 400 2107 Hierarcha
419 2086 526 2113 precem
543 2086 650 2105 sacram
672 2079 759 2113 (illum
777 2078 887 2113 inquam
904 2077 1002 2105 introi-

216 2128 287 2160 tum)
301 2127 335 2152 ad
353 2126 439 2152 altare
453 2125 606 2156 celebrans,
621 2130 648 2151 et
672 2125 705 2151 ab
727 2124 845 2158 ejusdem
868 2124 1002 2151 sullitioue

217 2173 324 2200 initium
351 2172 468 2203 iaciens,
492 2171 648 2197 universum
677 2171 767 2205 templi
791 2171 921 2197 ambitum
948 2171 1002 2197 cir-

1241 2034 1275 2060 Π.
1295 2033 1469 2068 Μυστήριον
1484 2033 1648 2066 συνάξεως.

1098 2080 1125 2106 '0
1142 2080 1190 2115 μὲν
1207 2080 1346 2116 ἱεράρχης,
1365 2080 1447 2115 εὐχὴν
1461 2080 1536 2115 ίερὰν
1551 2080 1625 2111 ἐντὸς
1640 2079 1686 2110 τοῦ
1699 2078 1845 2116 θυσιαστη-

1056 2126 1112 2162 ρίου
1130 2126 1321 2161 ποιησάμενος,
1346 2126 1439 2161 (αὑτὺν
1461 2125 1492 2161 δὴ
1511 2123 1587 2161 οἶμαι
1609 2126 1654 2152 τὸν
1674 2125 1841 2160 εὑλογητόν,)

1054 2173 1101 2199 καὶ
1115 2173 1144 2206 ἐξ
1154 2172 1237 2199 αὑτοῦ
1248 2172 1295 2198 τοῦ
1315 2172 1415 2207 θυμιᾷν
1425 2171 1585 2207 ἀρξάμενος,
1600 2171 1776 2207 περιέρχεται
1792 2172 1833 2199 πᾶ

216 2218 294 2245 cuit:
318 2217 416 2243 exinde
446 2224 553 2243 rursum
577 2216 609 2242 ad
631 2215 752 2242 divinum
770 2215 858 2242 altare
884 2214 1000 2246 rediens,

1056 2227 1105 2246 σαν
1116 2219 1166 2247 τὴν
1181 2218 1310 2254 περιοχὴν
1320 2217 1366 2244 τοῦ
1380 2217 1453 2244 ναοῦ·
1468 2215 1536 2248 εἶτα,
1551 2217 1686 2249 ἀναλύσας
1701 2217 1782 2244 πάλιν
1794 2218 1843 2246 ἐπὶ

217 2271 269 2290 una
285 2271 345 2289 cum
360 2262 421 2289 aliis
440 2261 501 2288 iniit
522 2261 686 2295 psalmorum
704 2260 808 2288 melos:
828 2265 920 2295 postea
939 2268 1001 2287 vero

218 2318 266 2344 per
281 2310 395 2336 lectores
420 2309 481 2343 (hos
509 2308 623 2341 litui-gos
643 2306 733 2341 vocat)
755 2306 905 2333 divitiarum
927 2306 1000 2334 Scri-

217 2361 367 2390 pturarum,
388 2358 417 2380 ut
433 2353 655 2388 Prophetiarum,
681 2352 794 2386 apostoli
813 2358 839 2379 et
863 2352 999 2386 Eraugelii

217 2400 303 2428 divini
322 2400 401 2427 lectio
416 2400 562 2427 recitatur:
578 2406 630 2432 qua
647 2398 733 2430 Iinita,
749 2399 935 2425 catechumeui
956 2406 1001 2424 ar-

216 2452 321 2477 centur,
348 2450 374 2471 et
401 2449 463 2471 ante
485 2444 533 2470 hos
557 2443 745 2476 energumeni,
769 2443 812 2476 qui
835 2444 962 2470 nimirum
986 2452 1000 2470 a

215 2492 384 2518 dauuouibus
406 2490 577 2520 iulestautur,
591 2494 617 2515 et
632 2489 813 2522 pteuiteutes;
830 2494 938 2516 manent
954 2498 1002 2515 att-

217 2544 269 2564 leni
286 2538 331 2570 qui
355 2537 426 2571 digni
450 2541 522 2563 sunt.
540 2535 625 2562 Porro
643 2543 658 2562 e
678 2536 794 2568 liturgis,
826 2535 999 2562 subdiacoui-

215 2583 265 2608 lius
280 2582 399 2615 inquam,
415 2581 458 2607 alii
474 2581 580 2615 quidem
599 2581 671 2607 fores
689 2581 853 2612 custodiunt,
875 2581 919 2607 alii
936 2589 1000 2608 vero

216 2629 288 2655 aliud
316 2628 454 2661 quidpiam
480 2631 579 2659 agunt;
602 2626 647 2659 qui
671 2631 758 2652 autem
783 2626 903 2660 primarii
927 2632 999 2658 stitit,

216 2675 320 2702 scilicet
334 2675 455 2705 diaconi,
470 2681 521 2699 una
544 2680 606 2699 cum
619 2673 805 2700 sacerdotibus
819 2673 910 2700 divino
922 2672 999 2700 altari

215 2730 312 2756 panem
328 2727 445 2752 sacrum,
461 2724 487 2746 et
503 2719 613 2745 calicem
632 2719 830 2747 benedictionis
847 2720 999 2754 imponunt,

215 2774 241 2794 et
254 2768 350 2793 deinde
373 2767 527 2793 communis
549 2765 721 2800 hyiunologia
739 2766 894 2801 profertur;
917 2765 1000 2792 liabe-

215 2813 280 2841 baut
300 2814 371 2840 enim
389 2815 470 2842 etiam
482 2819 536 2842 tum
555 2815 663 2850 aliquod
681 2815 872 2842 documentum
888 2819 918 2839 ac
937 2811 998 2839 ﬁdei

241 2863 253 2873 ³
269 2861 341 2894 ἴσως
354 2859 416 2887 τῶν,

1056 2266 1086 2291 τὸ
1097 2264 1166 2291 θεῖον
1176 2264 1306 2300 θυοιαστή
1313 2272 1378 2299 ριον,
1388 2263 1540 2298 ἁπάρχεται
1553 2263 1622 2298 μετὰ
1630 2263 1683 2289 τῶν
1691 2263 1777 2290 ἄλλων
1787 2264 1840 2298 τῆς

1052 2310 1219 2345 ψαλμῳόίας·
1242 2310 1304 2344 ἑξῆς
1323 2309 1351 2335 δὲ
1368 2308 1412 2335 διὰ
1438 2309 1492 2335 τῶν
1512 2308 1690 2342 ἀναγνωστῶν
1710 2307 1840 2343 (τούτους

1051 2356 1105 2392 γὰρ
1114 2356 1186 2390 λέγει
1198 2354 1379 2390 λειτουργοὺς)
1391 2355 1446 2381 τῶν
1465 2355 1544 2381 θείων
1564 2354 1691 2390 Γραφῶν,
1708 2354 1763 2381 τῶν
1775 2363 1842 2390 προ-

1053 2401 1181 2438 φητειὼν,
1194 2401 1240 2427 τοῦ
1264 2401 1435 2433 Ἀποστόλου,
1458 2400 1505 2429 τοῦ
1523 2400 1595 2426 θείου
1608 2400 1773 2434 Εὑαγγελίου
1784 2419 1791 2432 ,
1820 2401 1837 2435 ὴ

1052 2449 1202 2483 ἀνάγνωσις
1218 2447 1332 2481 γίνεται’
1349 2446 1417 2482 μετὰ
1428 2447 1515 2473 ταῦτα
1529 2446 1702 2472 ἐκϐάλλον-ται
1720 2446 1743 2471 οἱ
1755 2453 1838 2480 κατη-

1051 2493 1193 2529 χούμενοι,
1214 2493 1266 2528 πρὸ
1287 2494 1388 2521 τούτων
1403 2493 1426 2518 οἱ
1447 2491 1654 2528 ὲνεργούμενοι,
1671 2490 1795 2526 δηλονότι.
1810 2491 1836 2522 ni

1050 2538 1229 2574 δαιμονῶντες
1240 2558 1246 2566 ,
1260 2538 1306 2564 καὶ
1317 2538 1341 2563 οἱ
1361 2539 1388 2564 ἐν
1410 2539 1538 2573 μετανοίᾳ
1552 2538 1637 2569 ὄντες,
1651 2537 1758 2572 μένουσι
1770 2537 1798 2563 δὲ
1811 2537 1836 2566 oi

1051 2584 1131 2616 ἄξιοι.
1160 2583 1224 2609 Ἀπὸ
1235 2583 1263 2608 δὲ
1276 2582 1330 2609 τῶν
1341 2582 1516 2618 λειτουργῶν,
1531 2583 1602 2617 φημὶ
1623 2582 1676 2613 τῶν
1697 2581 1836 2613 ὑποδιακό-

1050 2640 1112 2662 νων,
1130 2631 1154 2656 οἱ
1173 2630 1221 2664 μὲν
1233 2629 1281 2660 τὰς
1298 2628 1384 2660 πύλας
1397 2628 1584 2663 φυλάσσουσιν,
1599 2629 1622 2658 oi
1633 2627 1660 2654 δὲ
1675 2627 1737 2654 ἄλλο
1749 2626 1836 2653 τιδια-

1051 2678 1224 2713 πράττονται·
1240 2676 1264 2702 oi
1277 2676 1304 2702 δὲ
1318 2675 1448 2711 ἔκκριτοι,
1460 2675 1579 2710 δηλονότι
1598 2675 1621 2701 οἱ
1637 2674 1765 2706 διάκονοι,
1786 2675 1834 2700 σὺν

1050 2724 1105 2754 τοῖς
1123 2721 1239 2757 ἱερεῦσιν
1258 2721 1303 2747 ἐπί¹
1320 2721 1366 2747 τοῦ
1384 2721 1455 2747 θείου
1479 2720 1670 2756 θυσιαστηριου
1686 2719 1731 2745 τὸν
1753 2719 1833 2754 ἄρτον

1050 2767 1216 2804 προτιθέασι,
1231 2767 1278 2793 καὶ
1289 2766 1319 2792 τὸ
1331 2767 1379 2802 τῆς
1395 2766 1516 2801 εὐλογίας
1525 2767 1662 2801 ποτήριον,
1679 2765 1726 2792 καὶ
1737 2765 1834 2791 ἔπειτα

1050 2813 1271 2850 προομολογεῐται
1282 2814 1298 2848 ὴ
1309 2812 1384 2848 κοινὴ
1396 2813 1410 2838 ὑ
1414 2812 1548 2847 μνολογία.
1563 2810 1641 2847 Εἶχον
1650 2819 1704 2847 γαρ
1714 2812 1762 2839 καὶ
1772 2811 1833 2840 τὸτι
