1931 3073
93 152 149 180 ἆῧῆ

357 153 402 181 DE
417 152 557 181 ECCLES.
575 151 774 183 ΙΙΙΕΚΛΜΗη
803 152 881 180 CAP.
901 152 945 180 Ill.
962 167 995 172 -—
1016 150 1191 180 PARAPIIR.
1210 149 1443 180 PACHYMERE.

1661 153 1716 184 651

61 198 67 234 ¹ῑ
95 209 212 246 μάθημα
224 219 250 236 τι
261 210 308 237 καὶ
316 210 485 246 συμμάθημα
495 210 620 241 πίστεως.
633 209 705 245 Πρὸς
716 207 756 241 οἷς
770 211 784 236 6
797 210 878 245 ἱεράρ

937 208 1145 237 institutionem.
1162 208 1202 236 Ad
1218 209 1276 236 haec
1299 209 1433 244 pontifex,
1456 216 1564 238 sacram
1585 213 1718 247 peragens

51 266 57 272 κ
94 264 156 292 χης,
170 256 252 291 εὐχὴν
269 256 460 291 ποιησάμενος,
472 256 521 291 τὴν
532 256 643 291 εἰρήνην
659 255 821 289 διαγγέλλει,
841 255 884 291 δη-

93 301 182 328 λονότι
192 301 348 336 τόἘὶρήγη
357 300 441 328 πᾶσι·
450 301 497 327 καὶ
511 301 590 333 εὐθὺς
603 301 813 337 ἀσπασαμένων,
822 301 887 328 ἀναν

93 346 271 380 γινώσκονται
287 346 321 373 τὰ
329 346 454 381 δίπτυχα.
466 347 521 373 Καὶ
536 346 700 382 νιψαμένων,
715 347 729 373 ό
740 347 880 382 ίεράρχης,

94 393 178 427 μέσον
195 393 348 428 ἱστάμενος,
361 392 418 427 ἔχει
430 393 656 428 περιισταμένους
667 393 810 424 κάκείνους
817 392 881 424 τοὺς

92 438 149 464 τῶν
158 437 322 473 λειτουργῶν
333 438 486 473 ἐκκρίτους,
498 439 545 464 καὶ⁵
557 438 689 474 ὑμνήσας,
702 439 837 474 ίερουργεῖ
846 437 881 464 τὰ

94 482 230 514 θειότατα,
244 484 290 510 καὶ
301 483 347 510 ὑπ’
359 483 420 516 ὄψιν
430 483 491 517 ἄγει
500 483 535 510 τὰ
550 483 702 519 ὺμνημένα,
715 482 878 519 σαφηνίζων,

92 529 132 561 ὼς
154 528 272 565 Χριστοῦ
291 530 344 556 εισι
360 528 394 556 τὰ
413 529 525 556 τοιαῦτα
542 529 673 564 σύμϐολα·
696 529 736 556 ὅτι
758 529 828 564 μετὰ
849 529 880 555 τὸ

91 575 200 602 δεῖπνον
222 575 311 602 λαϐὼν
329 575 420 611 ἄρτον,
443 575 489 602 καὶ
504 575 538 602 τὰ
559 575 635 611 ἐξῆςσ
659 575 706 602 καὶ
729 576 768 602 ὅτι
791 575 878 602 Τοῦτο

92 620 203 647 ποιεῖτε
217 622 260 654 είς
272 620 329 654 τὴν
343 620 421 655 ἐμὴν
432 619 610 655 ἀνάμνησιν.
633 620 818 647 ’Υποδείκνυσι
840 619 877 652 δὲ,

92 667 178 701 ήγουν
194 666 289 701 άνυψοῖ
302 666 374 698 τότε,
388 665 652 701 ἁποκαλυπτομένων
663 665 716 693 τῶν
738 665 877 699 παναγίων

92 711 187 748 δώρων
198 712 265 748 μετὰ
283 712 332 744 τὰς
346 712 438 748 εὐχὰς,
458 711 591 747 μενόντων
615 711 643 738 δὲ
663 711 878 747 κεκαλυμμένων

93 759 146 789 ἕως
158 758 255 794 καιροῦ
277 758 462 793 μεταλήψεως.
476 757 554 784 Μετὰ
563 757 649 784 ταῦτα
662 757 742 789 αὐτός
752 765 782 783 τε
796 765 878 792 μετα-

92 803 236 839 λαμϐάνει,
254 805 372 836 καὶτοὺς
385 803 479 836 ἄλλους
487 803 680 839 προτρέπεται.
690 802 840 838 Μετασχὼν
849 802 877 829 δὲ

94 851 143 876 καὶ
158 850 298 885 μεταδοὺς,
311 851 351 881 εἰς
365 850 538 886 εὐχαριστίαν
546 849 703 885 καταλήγει.
717 850 771 876 Καὶ
785 849 876 876 πολλοὶ

934 254 1130 288 precationem,
1141 261 1234 288 pacem
1257 257 1431 289 apprecatur,
1457 255 1572 284 dicendo
1595 250 1717 286 scilicet:

931 300 993 328 Pax
1004 301 1140 331 omnibus;
1180 300 1298 334 dumque
1324 299 1397 328 illico
1425 308 1455 328 se
1479 301 1607 333 salutant,
1634 310 1718 331 sacrae

934 339 1030 372 tabulae
1044 344 1203 373 recitantur.
1217 344 1250 371 Et
1266 349 1406 379 postquam
1419 346 1467 373 lotl
1482 352 1555 380 sunt,
1574 347 1716 376 Iticrarclta

931 398 1008 418 stans
1021 390 1046 417 in
1059 390 1148 417 medio
1160 390 1278 418 selectos
1290 389 1348 417 illos
1359 391 1486 418 diaconos
1498 392 1549 419 sibi
1565 392 1643 419 habet
1653 394 1718 421 assi—

931 440 1042 467 stentes.
1053 435 1207 470 Itymnoque
1220 435 1291 462 dicto
1305 435 1473 463 divinissima
1489 436 1568 472 203
1577 443 1718 466 consecrat

931 485 1110 512 sacramenta,
1138 486 1166 508 et
1182 480 1233 508 sub
1247 486 1386 515 aspectum
1410 477 1483 509 ducit
1510 490 1542 509 ea
1562 491 1622 519 quae
1645 484 1717 512 cele-

930 527 1005 555 brata
1031 531 1109 560 sunt,
1132 526 1277 554 declarans
1300 534 1331 554 ea
1354 527 1454 555 Christi
1485 535 1546 556 esse
1584 530 1718 564 symbola,

929 575 1056 609 quoniam
1085 578 1148 609 post
1175 581 1281 602 coenam
1314 572 1418 608 accepto
1453 583 1520 609 pane
1540 580 1574 608 Ρ,
1600 581 1627 603 et
1658 578 1720 612 quae

929 624 1086 653 sequuntur.
1116 619 1180 646 Item
1212 628 1219 646 :
1242 617 1300 646 Hoc
1326 617 1406 651 facile
1432 621 1460 648 in
1487 629 1571 649 meam
1605 630 1704 649 contine

928 666 1100 693 morationem
1116 671 1141 692 ει.
1154 665 1280 693 Ostendit
1302 670 1404 700 autem,
1428 667 1454 694 id
1474 672 1528 700 est,
1557 673 1621 695 tunc
1646 668 1720 696 dete-

928 716 970 739 cta
987 717 1080 739 sancta
1099 712 1168 740 d0na
1193 716 1253 746 post
1278 719 1372 747 preces
1400 713 1499 741 attollit
1533 722 1579 742 seu
1612 714 1718 748 elevat,

928 758 962 785 de
972 763 1072 785 caetero
1088 763 1157 785 tecta
1175 756 1286 786 manent
1310 766 1396 794 usque
1409 759 1442 786 ad
1464 764 1569 795 tempus
1585 761 1718 796 sumptio-

928 804 979 831 nis.
1001 803 1106 839 Exinde
1139 803 1323 833 communicat
1348 806 1406 841 ipse
1421 826 1429 838 ,
1458 806 1580 840 aliosque
1606 807 1716 836 invitat.

928 850 1047 884 Accepta
1061 851 1178 886 denique
1190 850 1307 886 dataque
1317 852 1517 886 communione,
1528 853 1556 880 in
1570 854 1718 889 gratiarum

96 896 146 930 μὲν
159 897 200 928 είς
210 897 277 931 μόνα
292 896 327 923 τὰ
342 896 401 923 θεῖα
415 896 622 932 παρακύπτουσι
638 895 768 931 σύμϐολα,
783 897 830 924 ἆτε
843 896 878 932 μὴ

932 895 1065 923 actionem
1089 895 1197 925 desinit.
1217 896 1338 932 Cumque
1361 897 1487 933 plerique
1503 898 1594 926 divina
1614 901 1720 928 tantum"

92 941 236 976 δυνάμενοι
251 941 413 977 ὑψηλότερόν
426 950 452 968 τι
471 941 605 976 ἐννοῆσαι·
618 941 698 973 αὐτὸς
714 941 741 968 δὲ
761 942 775 968 ό
792 942 881 977 ἰεράρ-

93 995 145 1022 χης
157 987 224 1022 πρὸς
243 987 334 1014 ἐκεῖνα
351 987 385 1014 τὰ
406 987 570 1023 πρωτότυπα
590 986 655 1013 αὐτὸ
672 987 702 1014 τὸ
713 987 759 1015 τοῦ
776 988 879 1023 Κυρίου

91 1033 184 1068 τίμιον
197 1033 276 1069 σῶμα
288 1034 334 1060 καὶ
344 1032 424 1068 αἷμα,
436 1033 576 1068 ἀνάγεται,
584 1032 728 1066 πιστεύων,
738 1033 777 1060 ὃτι
789 1033 836 1060 καὶ
846 1033 880 1060 τὰ

92 1079 262 1114 προκείμενα
285 1081 326 1111 εἰς
348 1080 439 1106 ἐκεῖνα
460 1079 664 1115 μετεϐλήθησαν
681 1078 720 1115 τῷ
737 1079 807 1115 ἁγίῳ
832 1080 879 1107 καὶ

92 1132 196 1150 παντου
199 1123 256 1160 ργῷ
265 1124 334 1150 Πνεύ
339 1133 412 1160 ματι.

397 1195 442 1221 ΠΙ.
461 1195 580 1230 Θεωρία.

130 1261 145 1298 §
162 1263 183 1289 Ι.
207 1262 267 1289 Ἐπὶ
283 1263 332 1299 τὴν
346 1263 461 1298 θεωρίαν
480 1263 530 1299 ήδη
552 1262 721 1298 μεταϐαίνων
737 1264 792 1291 τῶν
808 1264 878 1291 κατὰ

92 1308 203 1341 σύναξιν
214 1309 391 1344 τελουμένων,
405 1310 473 1345 ὅπερ
490 1310 535 1336 ἐπὶ
547 1308 593 1336 τοῦ
611 1310 760 1346 μυστηρίου
771 1310 818 1338 τοῦ
827 1319 880 1345 φω-

91 1354 223 1390 τίσματος
237 1355 370 1389 πεποίηκε
381 1375 388 1386 ,
401 1355 449 1381 καὶ
462 1355 524 1387 τοὺς
542 1355 719 1387 ἀτελειώτους
731 1355 770 1381 ἔτι
782 1354 880 1390 ἐψυχα-

91 1400 227 1435 γώγειδιὰ
234 1401 284 1436 τῆς
295 1401 425 1437 αἰσθητῆς
437 1401 490 1428 τῶν
503 1401 643 1437 συμϐόλων
651 1401 796 1433 ποικιλίας·
808 1401 878 1428 οὕτω

91 1446 141 1473 καὶ
154 1446 270 1473 ἐνταῦθα
287 1448 358 1473 ποιεί
367 1448 406 1478 εἰς
422 1446 598 1482 ψυχαγωγίαν
613 1446 667 1473 τῶν
678 1447 718 1473 ἔτι
729 1447 879 1482 τελειουμέ-

91 1499 146 1517 νων
158 1491 204 1517 καὶ
216 1492 245 1517 οὑ
259 1491 313 1517 τῶν
329 1491 440 1518 τελείων
454 1492 611 1528 ἐναρμόνιον
620 1512 627 1524 ,
644 1491 762 1528 δηλονότι
781 1494 879 1528 προσή-

91 1545 193 1564 κουσαν
206 1538 239 1573 τῇ
250 1537 361 1573 δυνάμει
377 1537 427 1572 τῆς
439 1538 528 1565 αὐτῶν
537 1538 627 1571 έξεως.
641 1539 780 1565 Ποικιλίαν
792 1539 820 1566 δὲ
832 1540 879 1566 καὶ

92 1580 217 1608 σύνθεσιν
233 1581 276 1608 διὰ
299 1581 438 1617 συμϐόλων
459 1582 541 1617 λέγει.
569 1584 644 1610 Ἐπεὶ
660 1583 714 1620 γὰρ
740 1584 756 1620 ή
779 1584 879 1620 θεωρία

91 1626 165 1661 ἁπλῆ
185 1627 232 1653 καὶ
246 1626 350 1659 ἑνιαία,
375 1626 487 1659 εἰκότως
505 1627 539 1654 τὰ
557 1627 678 1663 σύμϐολα
697 1627 815 1655 ποικιλία
832 1629 879 1655 καὶ

92 1670 229 1703 σύνθεσιςι
256 1673 280 1699 oi
305 1672 360 1708 γὰρ
382 1674 438 1704 τοῖς
463 1673 607 1708 συμϐόλοις
633 1674 811 1710 προσέχοντες
829 1676 878 1702 οὐκ

92 1718 184 1754 ἔχουσι
199 1719 249 1754 τὴν
268 1718 371 1745 ἑνιαίαν
387 1719 433 1746 καὶ
447 1719 535 1755 ἁπλῆν
547 1719 657 1754 γνῶσιν·
670 1720 727 1746 ἀλλ’
739 1720 826 1752 ἄλλως
837 1721 879 1748 ἆλ-

91 1763 139 1795 λος
145 1763 252 1798 ἀνάγει,
266 1764 352 1796 ἄλλως
366 1764 444 1796 ἄλλος
460 1764 494 1790 τά
506 1764 557 1799 τῆς
572 1764 734 1800 ἀλληγορίας
745 1765 828 1800 λέγει,
840 1766 878 1798 ὡς

92 1809 228 1844 βούλεται.
241 1809 302 1836 Εἰσὶ
311 1810 333 1836 δ’
345 1810 452 1842 οἵτινες,
465 1811 511 1837 καὶ
524 1811 579 1842 τοῖς
593 1810 735 1845 συμϐόλοις
746 1811 879 1837 ἐναπολει-

92 1854 217 1889 φθέντες,
227 1855 287 1882 καθ’
299 1855 383 1887 αὑτὰς
392 1857 400 1866 ⁶
412 1855 565 1891 ἐκδέχονται
577 1854 612 1882 τὰ
624 1855 692 1892 ὑπὲρ
707 1857 814 1888 αὐτοὺς,
832 1855 878 1883 καί

89 1900 197 1935 ψευδῶς
206 1900 357 1928 ὑπονοοῦσι·
370 1901 452 1928 καθ“ὂ
462 1901 493 1938 δὴ
505 1901 600 1937 ψεῦδος
608 1902 654 1929 καὶ
667 1901 821 1938 μερίζονται
832 1903 879 1929 καὶ

90 1947 285 1975 ποικίλλονται.
306 1947 436 1974 Ἐνταῦθα
457 1947 521 1982 γοῦν
534 1957 616 1983 φησιν
626 1948 752 1984 ὁΠατήρ·
772 1948 816 1980 Ὠς
824 1948 877 1975 οὐδ’

91 1993 162 2028 αὑτὴ
180 1994 196 2028 ἡ
209 1993 318 2028 ποικίλη
325 1992 369 2019 διὰ
377 1992 517 2028 συμϐόλων
531 1993 654 2025 σύνθεσις
667 1993 779 2029 ἀνόητος
791 1993 879 2029 ὑπάρα-

91 2048 136 2075 χει
149 2041 204 2071 τοῖς
215 2039 396 2074 τελουμένοις,
407 2040 456 2067 καὶ
471 2040 550 2076 μέχρι
568 2040 622 2067 τῶν
639 2040 775 2076 αἰσθητῶν
787 2048 879 2075 φαινοο

93 2085 164 2121 μένη
180 2085 268 2120 μόνον⁶
282 2087 309 2112 αἱ
327 2085 380 2122 γὰρ
390 2085 556 2120 ἀναγνώσεις
568 2086 621 2113 τῶν
632 2086 739 2120 λογίων,
752 2086 818 2113 ὅπου
831 2086 878 2113 καὶ

90 2130 235 2166 ἀναγωγὴν
247 2131 296 2157 οὐκ
309 2129 390 2166 εἶχον,
399 2131 570 2158 διδασκαλίαν
586 2132 712 2167 ἐναρέτου
726 2132 797 2167 ζωῆς
811 2132 879 2167 ὑφη-

90 2175 202 2209 γοῦνται
219 2175 265 2202 καὶ
281 2175 468 2212 ἀποκάθαρσιν
480 2176 530 2211 τῆς
542 2177 650 2207 κακίας.
666 2176 697 2203 Ἠ
708 2177 737 2203 δὲ
745 2177 819 2212 κοινὴ
831 2177 878 2203 καὶ

90 2221 148 2247 ἀπὸ
167 2220 212 2247 τοῦ
229 2221 308 2248 αὐτοῦ
329 2221 410 2256 ἄρτου
433 2222 478 2248 καὶ
502 2222 630 2258 ποτηρίου
649 2223 788 2258 μετάδοσις
811 2224 876 2259 ὁμο-
891 2239 915 2268 D

90 2266 206 2302 τροπίαν
223 2266 369 2301 νομοθετεῖ·
386 2267 417 2293 τὸ
433 2266 486 2302 γὰρ
504 2268 653 2302 ὁμοδίαιτον
666 2269 712 2295 καὶ
727 2269 876 2304 ὁμότροπον

90 2312 141 2338 καὶ
153 2312 192 2338 ἑτι
207 2313 247 2343 είς
257 2312 370 2347 μνήμην
384 2312 443 2346 ἄγει
456 2312 503 2338 τοῦ
517 2313 654 2348 Κυριακοῦ
668 2313 785 2345 δείπνου,
803 2314 817 2340 ὃ
830 2314 877 2342 καὶ

89 2360 317 2395 ἀρχισιηιϐολον
323 2359 493 2394 λέγει,οίονεὶ
502 2360 732 2395 άρχικοινωνικόν.
742 2361 877 2397 Σύμϐολον

90 2407 148 2442 γὰρ
165 2406 179 2432 ὁ
194 2406 298 2442 ἔρανος,
316 2406 362 2434 καὶ¹
374 2407 388 2432 ὁ
406 2406 530 2433 ἐντεῦθεν
548 2407 636 2439 κοινὸς
653 2408 877 2443 οὶκονομούμενος

88 2453 199 2481 δεῖπνον
214 2452 330 2486 λέγεται·
356 2451 385 2484 ἐξ
407 2449 438 2479 οῦ
460 2453 506 2479 καὶ
532 2453 664 2488 σύμϐολον
679 2453 709 2479 τὸ
730 2453 877 2489 διδόμενον,

88 2498 141 2525 καὶ
156 2497 308 2533 ἀσύμϐολος
323 2498 337 2523 6
354 2497 512 2533 ἀσυντελήςο
530 2498 590 2524 καθ’
611 2498 625 2524 ὃ
638 2499 685 2525 καὶ
698 2498 777 2530 αὐτὸς
793 2499 807 2525 ὀ
822 2499 876 2526 τῶν

88 2543 233 2579 συμϐόλων
249 2543 412 2579 δημιουργὸς
457 2543 555 2579 δηλαδὴ
565 2544 615 2579 τῆς
629 2544 781 2576 κοινωνίας,
798 2543 876 2580 ἥτῶν

89 2590 318 2626 συμϐαλλομένων
335 2590 374 2621 είς
382 2590 412 2615 τὸ
425 2590 523 2617 κοινόν·
533 2590 585 2616 εἴτι
601 2590 654 2627 γὰρ
662 2590 695 2617 ἂν
707 2591 749 2626 εἴη
763 2591 793 2617 τὸ
807 2599 877 2626 συμ-

88 2636 263 2671 ϐαλλόμενον,
281 2636 348 2662 Θεοῦ
365 2637 422 2663 ἐστι
434 2637 648 2673 δημιούργημα·)
665 2636 815 2672 ἀποκληροῖ
830 2637 877 2663 καὶ

87 2682 292 2710 ἀποδιαστέλλει
314 2682 467 2709 δικαιότατα
488 2683 534 2710 τὸν
551 2683 600 2718 οὐχ
616 2683 697 2715 ὁσίως
721 2683 877 2720 συνδειπνή-

88 2738 175 2757 σαντα
195 2729 302 2756 Ἰούδαν.
316 2730 371 2756 Καὶ
383 2729 457 2765 αὐτῷ
470 2729 523 2766 γὰρ
530 2730 577 2757 τοῦ
592 2729 722 2764 μυστικοῦ
734 2730 816 2766 ἄρτου
827 2731 874 2758 καὶ

86 2775 137 2803 τοῦ
154 2776 283 2812 ποτηρίου
301 2777 439 2811 μεταδοὺς,
454 2776 488 2803 τὰ
499 2777 634 2812 μυστήρια
652 2777 740 2812 μόνοις
752 2778 808 2809 τοῖς
821 2785 873 2812 μα-

87 2823 196 2858 θηταῖς,
207 2822 275 2857 μετὰ
287 2823 316 2849 τὸ
326 2822 442 2856 ἐξελθεῖν
452 2823 554 2850 ἐκεῖνον
565 2823 597 2849 ὲκ
608 2822 654 2848 τοῦ
662 2822 780 2855 δείπνου,
797 2831 870 2858 παρ-

128 2901 216 2929 PLuc.
237 2908 303 2936 nn,
323 2901 366 2930 l9.
405 2901 499 2930 qlbid.
544 2901 641 2939 Ἴσως
657 2902 717 2928 κατ’
734 2900 806 2928 αὐτὰ
841 2887 844 2895 ’

930 940 1051 976 sytnbola
1066 946 1259 974 contueantur,
1274 950 1306 969 eo
1321 943 1391 977 quod
1412 944 1554 972 sublimius
1573 945 1637 980 quid
1653 952 1718 973 con-

930 985 1051 1013 siderare
1075 991 1233 1020 nequeant;
1258 988 1316 1022 ipse
1336 992 1427 1015 tamen
1450 989 1597 1017 ltierarclta
1624 991 1657 1018 ad
1677 991 1720 1026 ip;

929 1036 1016 1059 samct.
1031 1037 1186 1068 prototypa,
1204 1040 1311 1060 sacrum
1336 1034 1462 1062 videlicet
1481 1042 1582 1070 corpus
1602 1044 1634 1064 ac
1652 1045 1718 1065 san-

929 1077 1038 1112 guinem
1054 1071 1170 1112 Domini,
1186 1079 1343 1112 adducitur,
1361 1081 1486 1114 credens,
1501 1088 1544 1108 res
1564 1083 1718 1117 propositas

929 1123 957 1150 in
969 1122 1016 1151 illa
1030 1128 1126 1152 sancto
1145 1132 1176 1153 ac
1191 1125 1318 1153 ontnifico
1334 1124 1439 1160 Spiritu
1454 1129 1558 1156 mutata
1575 1131 1647 1157 esse.

1191 1190 1237 1219 ill.
1257 1191 1460 1227 Contemplatio;

964 1250 1013 1287 ξι.
1030 1251 1070 1278 Ad
1089 1251 1346 1287 cantemplationem
1366 1252 1449 1281 modo
1461 1254 1606 1287 ,transiens
1623 1262 1715 1284 eorum

928 1306 987 1334 qua:
1005 1298 1031 1325 in
1044 1298 1139 1334 synaxi
1153 1298 1334 1331 celebrantur,
1349 1299 1388 1326 uti
1399 1300 1425 1327 in
1439 1299 1610 1335 baptismatis
1623 1310 1718 1330 sacra-

930 1348 1021 1371 mento
1042 1345 1168 1372 rudiores
1189 1344 1277 1371 adhuc
1299 1345 1404 1372 animas
1419 1353 1466 1380 per
1482 1347 1609 1374 sensilcm
1624 1348 1718 1383 signo-

929 1397 988 1416 rum
1003 1390 1163 1418 varietatem
1175 1391 1305 1423 instituit,
1317 1391 1356 1418 sic
1372 1396 1399 1418 ct
1414 1391 1469 1425 ltic,
1492 1392 1526 1420 ad
1546 1395 1716 1422 commodam

928 1443 1022 1463 eorum
1041 1436 1086 1470 qui
1106 1435 1196 1463 adhuc
1210 1436 1389 1470 perficiuntur
1408 1440 1436 1464 ct
1461 1438 1577 1465 necdum
1603 1438 1717 1474 perfecti

928 1486 992 1508 sunt
1018 1481 1238 1514 instructionem,
1261 1481 1388 1509 sitnilitcr
1411 1482 1483 1515 facit,
1510 1484 1536 1511 id
1559 1489 1601 1511 est
1623 1484 1718 1512 virtuti

929 1526 1039 1554 habitus
1054 1526 1173 1561 ipsorutn
1191 1527 1409 1554 convenientem.
1435 1526 1543 1555 Variam
1560 1534 1650 1556 autent
1671 1537 1718 1557 vo-

930 1577 974 1600 cat
997 1577 1025 1600 et
1048 1573 1236 1607 compositam,
1262 1576 1373 1608 propter
1398 1573 1531 1608 symbola.
1557 1574 1624 1602 Cum
1644 1576 1716 1603 enim

930 1618 1123 1653 contemplatio
1139 1619 1255 1653 simplex
1276 1619 1313 1646 sit
1329 1624 1355 1646 et
1376 1620 1516 1652 unimoda,
1534 1620 1629 1648 merito
1643 1629 1717 1657 sym-

928 1665 990 1692 bola
1012 1665 1132 1692 varietas
1147 1670 1211 1693 sunt
1230 1670 1258 1693 et
1281 1666 1468 1700 compositio:
1490 1667 1535 1701 qui
1551 1667 1624 1694 enim
1643 1675 1717 1703 sym-

930 1710 999 1738 bolis
1020 1710 1175 1744 intendunt,
1200 1719 1253 1739 non
1271 1709 1373 1739 [tabent
1399 1712 1500 1739 unitam
1520 1717 1547 1739 et
1566 1713 1716 1748 simplicem

928 1757 1123 1791 cognitionem,
1150 1759 1197 1785 sed
1213 1757 1283 1785 alius
1298 1758 1380 1785 aliter
1401 1758 1520 1791 adducit,
1546 1764 1628 1794 atque
1647 1759 1717 1788 alius

928 1803 1008 1830 aliter
1028 1803 1171 1838 allegorias
1199 1803 1293 1836 tradit,
1320 1809 1401 1839 prout
1416 1804 1484 1831 vult.
1507 1804 1633 1838 Quinitno
1652 1811 1715 1833 sun'

928 1850 1060 1883 nonnulli,
1083 1851 1129 1886 qui
1153 1849 1284 1886 symbolis
1309 1851 1482 1884 inluerentcs,
1508 1852 1656 1880 secundum
1671 1852 1715 1880 illa

929 1897 1066 1932 accipiunt
1090 1904 1122 1925 ea
1144 1905 1205 1933 quae
1227 1904 1308 1932 supra
1331 1898 1390 1933 ipsa
1405 1903 1480 1931 sunt,
1502 1903 1530 1926 ct
1543 1897 1640 1926 falsum
1657 1899 1717 1936 upi-

929 1948 1046 1977 nantur;
1065 1944 1211 1971 secundum
1228 1952 1311 1978 quam
1325 1944 1471 1972 falsitatem
1492 1944 1574 1972 etiam
1589 1945 1717 1973 dividun-

929 1993 974 2015 tur
987 1993 1015 2016 et
1031 1989 1256 2024 multiplicantur.
1270 1990 1320 2017 Hic
1342 1991 1434 2025 itaque
1449 1991 1529 2018 Pater
1546 1992 1584 2018 ait
1601 1990 1658 2019 :Ne
1671 1992 1713 2020 tli-

928 2041 1007 2062 versa
1024 2035 1069 2062 illa
1084 2035 1269 2070 symbolorum
1298 2035 1459 2071 compositio
1478 2036 1595 2071 insipida
1615 2037 1716 2065 existat

929 2079 963 2107 iis
979 2081 1024 2115 qui
1048 2081 1201 2113 initiantur,
1225 2082 1248 2108 si
1274 2089 1365 2109 rerum
1379 2082 1520 2110 sensilinm
1536 2086 1640 2110 tantum
1653 2090 1715 2112 esse

929 2127 1052 2154 videatur
1075 2137 1082 2155 :
1106 2127 1310 2164 Scripturarum
1332 2129 1404 2155 enirn
1427 2128 1557 2156 lectiones
1583 2133 1613 2156 ut
1631 2128 1714 2156 etiam

929 2181 1070 2210 anagogen
1094 2168 1147 2201 non
1167 2175 1309 2205 haberent,
1326 2175 1419 2209 proba:
1442 2179 1530 2202 tamen
1547 2175 1609 2202 vita:
1630 2175 1712 2203 disci-

930 2219 1030 2254 plinam
1047 2225 1073 2247 et
1087 2221 1227 2253 pravitatis
1242 2221 1358 2248 innuunt
1373 2221 1569 2256 expiationem.
1586 2220 1714 2249 Conmm-

931 2266 974 2293 nis
988 2271 1077 2293 autem
1094 2267 1174 2294 unius
1196 2267 1372 2302 ejusdemque
1391 2267 1468 2301 panis
1491 2275 1522 2295 ac
1542 2267 1635 2294 calicis
1651 2275 1714 2303 par-

930 2312 1055 2347 tictpatio
1085 2320 1191 2341 morum
1219 2313 1440 2341 conformitatem
1465 2313 1588 2349 praecipit
1614 2322 1621 2340 :
1649 2321 1712 2341 nam

928 2359 1009 2385 etiam
1037 2357 1183 2387 Dominica:
1204 2366 1289 2387 omna:
1313 2360 1465 2388 convivium
1482 2367 1514 2387 ac
1536 2360 1713 2388 contorruita-

930 2408 984 2430 tem
997 2403 1024 2431 ill
1038 2406 1195 2432 ntemoriam
1211 2405 1327 2438 reducit,
1340 2413 1421 2442 quam
1435 2410 1462 2433 et
1493 2403 1714 2439 archirymbolam

930 2455 1020 2483 vocat,
1035 2450 1114 2485 quasi
1130 2450 1258 2485 primitus
1280 2451 1520 2480 communicatam.
1551 2451 1710 2486 Symbolum

929 2496 1002 2522 enint
1018 2496 1172 2524 convivium
1199 2498 1309 2530 dicitur,
1338 2502 1365 2525 et
1390 2504 1480 2529 coma,
1507 2497 1631 2532 quodque
1656 2496 1713 2524 illic

930 2542 956 2569 in
972 2550 1118 2571 commune
1140 2543 1293 2577 confertur,
1309 2544 1382 2571 unde
1402 2544 1485 2571 etiam
1505 2542 1655 2579 symbolum
1669 2547 1713 2570 est

928 2587 955 2616 id
970 2591 1042 2624 quod
1058 2591 1149 2624 datur,
1171 2596 1198 2618 et
1213 2590 1370 2627 asymbolns
1387 2589 1468 2625 204
1481 2595 1523 2617 est
1537 2589 1712 2624 imperfectus

929 2642 976 2662 seu
988 2637 1107 2671 inutilis;
1120 2637 1196 2672 juxta
1210 2637 1281 2673 quod
1296 2637 1378 2664 etiam
1398 2637 1511 2671 ipsemet
1527 2635 1710 2671 symbolorum

929 2690 1026 2712 auctor
1043 2684 1111 2720 (sive
1124 2683 1324 2711 communionis
1341 2682 1457 2715 scilicet,
1472 2682 1529 2709 sive
1543 2688 1636 2709 eorum
1650 2687 1711 2715 quae

928 2731 955 2758 in
972 2737 1115 2758 commune
1137 2728 1328 2762 conferuntur;
1344 2727 1473 2763 quidquid
1490 2727 1563 2754 enim
1583 2727 1609 2753 in
1632 2733 1710 2753 Com-

926 2784 1009 2804 mttne
1025 2775 1176 2807 confertur,
1190 2775 1236 2802 Dei
1253 2780 1377 2802 creatura
1393 2774 1443 2808 est)
1452 2773 1513 2808 jure
1532 2772 1711 2799 meritissimo

926 2827 1062 2851 exsortem
1075 2821 1140 2850 facit
1161 2827 1188 2850 et
1207 2821 1327 2849 excludit
1345 2819 1454 2854 ludam,
1479 2819 1526 2855 qui
1542 2827 1594 2847 non
1613 2821 1710 2845 sancte
