1931 3073
229 154 284 182 ιωὶ

815 149 843 176 S.
860 147 1010 176 DIONYSli
1029 148 1260 176 AREOPAGITE

1803 154 1860 182 456

230 219 335 240 coenam
351 208 554 245 frequentabat.
566 207 634 235 Cum
649 206 721 234 enim
738 205 790 240 ipsi
808 205 953 241 mysticum
969 213 1007 240 pa-

1069 204 1178 235 έδωκεν,
1195 205 1233 236 ὡς
1251 203 1360 237 dimi-Coo
1381 206 1482 232 τούτων
1495 206 1571 238 ὄντος
1583 206 1631 233 τοῦ
1657 207 1751 235 Ἰούδα.
1766 210 1816 237 Διά
1831 212 1859 238 τί

229 253 472 290 nemcalicemque
502 254 671 283 tradidisset,
690 251 818 287 mysteria
844 251 910 278 solis
935 251 1016 278 disci-

229 303 300 338 pulis
317 301 438 332 tradidit,
457 305 602 336 postquam
617 298 711 327 Judas.
734 298 806 332 quod
832 298 866 324 iis
891 296 1018 332 indignus

229 353 311 380 esset,
338 356 352 374 a
378 354 456 375 omna
481 345 656 373 surrexisset.
692 343 792 378 thuid
811 343 902 377 itaque
920 341 1016 369 Judam

228 399 363 420 exsortem
381 393 445 419 facit
462 392 614 418 divinorum
633 389 836 424 mysteriorum,
851 395 912 414 cum
928 391 1016 413 tamen

229 447 281 466 una
296 437 430 466 ctenarit?
452 437 486 464 Ut.
504 436 669 467 ostenderet,
695 442 747 462 non
763 434 830 461 satis
851 441 911 461 esse
922 440 1017 467 corpo-

231 485 326 512 raliter
343 488 445 511 tantum
461 484 557 510 adesse
578 489 610 509 ac
632 488 798 508 contemnere
817 481 919 514 (neque
944 479 1015 506 enim

229 531 280 558 hoc
294 529 405 564 perinde
419 533 461 556 est
476 529 510 555 ad
533 527 774 560 comnmnimiem).
799 527 847 553 sed
868 526 1014 553 secundum

229 580 346 602 mentem
359 573 453 601 adesse
468 578 585 608 oportet.
603 573 734 606 Quoniam
751 571 808 604 illa,
833 579 892 605 quae
918 579 1016 598 secun-

229 622 292 648 dum
318 621 439 648 habitum
465 619 542 654 quasi
561 626 595 646 ex
611 617 726 646 scientia
752 617 782 644 tit
802 616 935 648 accessio,
951 624 1013 642 vera

228 672 278 697 est,
296 667 321 693 id
333 671 374 694 est
387 666 488 700 utquis
509 666 600 692 animo
620 665 658 692 sic
675 663 841 691 constitutus
855 663 901 694 sit,
920 667 950 689 ut
967 670 1015 697 pcr

229 712 308 739 ﬁdem
324 720 356 739 ex
377 712 475 739 atfcctu
494 712 618 744 accedat,
636 712 709 745 quod
725 717 819 737 veram
849 709 913 736 facit
931 709 1148 736 communionem
1175 718 1182 736 :

228 754 292 794 pore
307 767 424 793 prmsens
440 763 508 792 erat,
522 764 602 793 atque
619 767 672 786 una
689 758 826 786 ctenahat.

266 804 279 840 §
299 805 329 831 ll.
350 804 483 831 Cancrum
506 805 574 836 hazc,
591 809 620 830 ut
635 804 702 836 dixi,
717 807 825 838 propter
842 809 890 829 eos
906 801 951 836 qui
968 801 1014 828 ad-

1066 251 1156 277 τοίνυν
1171 251 1216 278 τὸν
1240 251 1338 279 Ἰούδαν
1355 252 1505 288 ἀποκληροί
1519 253 1573 279 τῶν
1590 254 1670 280 θείων
1690 257 1858 293 μυστηρίων,

1067 297 1154 323 καίτοι
1167 305 1198 331 γε
1216 297 1458 332 συνδειπιήσαντα;
1473 299 1583 330 Πάντως
1594 299 1737 333 διδάσκων,
1755 302 1793 334 ὠς
1807 303 1859 329 οὐκ

1067 343 1201 379 αὔταρκες
1217 344 1248 370 τὺ
1262 344 1425 379 σωματικῶς
1444 344 1522 380 μόνον
1535 348 1718 381 συμπαρεῖναι
1731 349 1779 374 καὶ
1792 357 1859 375 συν-

1067 389 1193 421 δειπνεῖν,
1213 389 1282 425 (οὺδὲ
1300 391 1354 425 γάρ
1372 391 1429 416 ἐστι
1453 391 1531 417 τοῦτο
1552 392 1619 426 πρὸς
1640 393 1689 428 τὴν
1714 395 1858 422 κοινωνίαν

1068 435 1181 471 ὅμοιον,)
1198 434 1266 461 ἀλλὰ
1285 435 1314 461 τὸ
1333 435 1402 461 κατὰ
1418 436 1536 463 διάνοιαν
1553 438 1679 464 συνεῖναι·
1698 440 1714 474 ἡ
1731 440 1785 476 γὰρ
1795 441 1857 467 καθ’

1068 481 1124 514 ἕξιν
1137 481 1216 507 οἱονεὶ
1225 482 1284 507 κατ’
1297 481 1443 515 ἐπίγνωσιν
1460 482 1562 519 ἀληθὴς
1575 485 1760 520 προσέλευσις,
1774 496 1852 514 τουτ-

1065 526 1123 552 έστι
1155 527 1186 552 τὸ
1204 526 1373 559 ὲνδιαθέτως,
1388 527 1474 560 οὕτως
1488 529 1569 564 ἔχειν,
1588 530 1634 556 καὶ
1650 532 1720 558 κατὰ
1735 533 1784 568 τὴν
1796 533 1858 560 διά-

1067 580 1140 598 νοιαν
1152 571 1196 598 διὰ
1216 573 1334 604 πίστεως
1348 574 1471 606 εἰσιέναι,
1488 577 1521 610 τῇ
1540 575 1652 611 ἀληθινῇ
1667 578 1792 613 κοινωνία
1805 579 1858 613 ἒμ-

1067 619 1156 643 ποιεῖ·
1172 617 1240 653 ὅπερ
1259 619 1308 644 οὐκ
1326 617 1360 654 ἦν
1380 620 1439 646 τότε
1463 619 1502 655 τῷ
1517 621 1602 658 Ἰούδᾳ
1620 623 1665 648 καὶ
1686 625 1856 660 συμπαρόντι

1067 663 1228 698 σωματικῶς
1245 665 1292 690 καὶ
1305 665 1516 693 συνδειπνοῦντι.

1216 711 1286 744 quod
1309 711 1402 745 utique
1428 711 1503 739 Judm
1529 712 1632 746 deerat,
1660 715 1766 742 tametsi
1794 722 1858 743 tor-

1104 798 1117 834 §
1135 799 1168 825 II.
1193 798 1271 825 Ἀλλὰ
1283 799 1368 826 ταῦτα
1387 799 1435 835 μὲν
1447 798 1503 832 οὖν,
1515 801 1552 833 ὼς
1565 801 1641 838 ἔφην,
1655 802 1805 838 ἐρρέθησαν
1814 803 1858 830 αἰ-

228 850 281 877 huc
295 850 445 884 imperfecti
463 855 536 883 sunt,
556 854 583 877 et
598 850 663 877 hinc
682 850 715 876 ad
739 848 934 876 sublimitatem
950 855 1007 874 con-

1067 845 1272 881 σθητικωτέρως
1289 845 1333 871 διὰ
1348 847 1411 877 τοὺς
1425 846 1464 872 ἔτι
1485 847 1672 880 ἁτελειὼτους,
1691 849 1736 875 καὶ
1751 849 1788 885 μὴ
1805 849 1851 876 δυ-

231 895 414 930 tcmplatiouis
428 896 576 923 ascendere
592 904 645 924 non
657 895 761 927 valent,
773 894 929 921 sensibilius
943 893 1015 919 dicta

226 940 291 972 sint,
319 942 354 968 ad
377 942 583 968 convenientem
611 941 731 975 ipsorum
747 940 845 967 animis
860 939 1015 967 erudiendis

226 987 436 1014 institutionem.
454 986 508 1013 Nos
524 992 612 1014 autem
634 987 667 1014 iis
682 994 741 1021 qua:
754 994 808 1021 pra:
824 985 929 1013 foribus
951 988 1015 1011 sunt

225 1033 339 1063 relictis,
355 1033 387 1058 ad
417 1033 560 1066 ipsammet
587 1031 843 1066 contemplationem
880 1029 1014 1064 ingredia-

226 1087 296 1110 mur,
313 1079 346 1105 ab
361 1077 466 1105 effectis
479 1079 511 1104 ad
531 1086 638 1111 causas,
657 1078 681 1104 id
697 1083 750 1110 est,
767 1078 800 1104 ab
823 1077 855 1104 iis
872 1084 932 1111 qua:
949 1075 1014 1102 visi—

224 1123 315 1151 bititer
340 1129 473 1158 geruntur
499 1124 531 1149 ad
561 1123 706 1150 invisibilia
740 1123 929 1158 mysticaque,
955 1128 1014 1155 quae

225 1178 314 1197 causae
338 1175 402 1197 sunt
419 1176 446 1197 et
466 1170 630 1205 exemplaria
650 1177 743 1197 eorum
760 1177 819 1204 quae
838 1169 888 1197 sub
902 1176 1011 1196 sensum

224 1218 335 1243 cadunt.
361 1215 446 1242 Porro
471 1215 583 1243 eﬂ‘ectus
601 1215 740 1247 dicuntur,
766 1222 798 1242 ea
821 1215 881 1249 quai
901 1213 1012 1241 aliunde

224 1268 335 1288 causam
360 1261 463 1288 habent
486 1267 514 1287 ut
534 1268 646 1295 quoquo
665 1260 742 1287 modo
762 1260 826 1287 sint.
849 1258 898 1287 Vel
913 1266 1012 1286 causas

224 1307 290 1333 dicit
308 1314 372 1338 eas,
398 1314 457 1340 quae
477 1307 675 1341 quodanunodo
701 1306 735 1332 ad
760 1306 893 1332 ultimuur
910 1305 1010 1332 bonum

223 1356 358 1385 spectant,
372 1356 399 1378 et
413 1359 528 1385 quarum
554 1352 641 1385 gratia
662 1359 695 1378 ac
719 1351 817 1377 intuitu
835 1351 884 1379 hos
900 1350 1011 1378 eﬂ‘ectus

224 1396 305 1430 idque
318 1402 428 1431 propter
450 1397 523 1431 ipsas
540 1396 703 1430 perlicimus.
726 1394 1010 1423 Sedodivinissimum

220 1449 255 1468 ac
267 1445 471 1468 sacrosanctum
487 1441 702 1468 sacramentum!
744 1441 833 1476 ipsum
860 1441 932 1468 enim
953 1446 1010 1468 tan-

222 1492 304 1518 quam
337 1486 487 1512 animatum
518 1486 677 1521 alloquitur,
716 1486 795 1521 idque
820 1487 928 1518 merito,
949 1495 1009 1514 cum

221 1531 303 1558 etiam
320 1532 459 1567 theologus
482 1532 525 1559 ille
548 1539 660 1566 magnus
676 1532 825 1566 Gregorius
845 1533 937 1559 dicat:
955 1532 1007 1560 Sed

221 1584 238 1603 0
259 1578 359 1610 pascha
390 1586 517 1612 maguum
551 1586 583 1606 ac
617 1579 758 1605 sancttnul
784 1584 906 1605 nostrum
932 1580 1004 1605 enim

221 1623 335 1656 pascha,
350 1629 388 1655 ut,
415 1629 442 1650 et
460 1625 510 1650 hoc
526 1629 648 1650 sanctum
665 1629 876 1656 sacramentum,
892 1624 1005 1658 ipsemet

221 1669 351 1696 Dominus
374 1673 467 1696 noster
488 1669 568 1696 Jesus
591 1669 717 1697 Christus
738 1674 791 1702 est,
806 1670 839 1696 ad
862 1677 941 1704 quem
960 1670 1003 1697 hic

219 1723 305 1751 coque
318 1715 419 1742 lumine
434 1721 550 1742 utentem
565 1715 688 1750 ilnpieat.

257 1760 331 1796 §l||.
353 1760 473 1787 Primum
504 1761 616 1795 itaque,
645 1760 864 1796 quandoquidem
892 1761 1006 1795 ingressi

219 1815 331 1838 smnus,
357 1807 535 1833 simulacrum
562 1807 741 1841 detegendum
772 1811 823 1834 est.
853 1807 1004 1833 Simulacra

218 1857 310 1879 autem
338 1857 417 1879 vocat
445 1852 579 1885 imagines
614 1860 704 1878 rerum
729 1853 905 1887 mysticarum
936 1852 1006 1879 sicut

218 1899 299 1926 etiam
315 1899 341 1926 in
354 1899 424 1926 libro
440 1898 478 1926 De
496 1899 592 1925 divinis
604 1899 752 1926 norninibus
772 1900 796 1926 id
812 1899 917 1934 planius
930 1907 1007 1926 acc-c-

219 1947 317 1980 pimus.
334 1945 456 1972 Primum
481 1952 563 1979 porro
579 1945 676 1972 horum
696 1952 830 1980 synaxeos
845 1952 1003 1971 sacrann-n-

220 1995 276 2016 tum
291 1990 448 2025 appellavit,
475 1990 552 2024 cujus
572 1998 694 2022 sensum,
720 1991 777 2017 sive
805 1990 831 2016 id
860 1990 931 2024 quod
959 1998 1006 2023 per

217 2037 474 2070 contemplationem
487 2037 666 2070 signiﬁcatur,
683 2036 801 2070 postulat
815 2035 895 2071 205
913 2039 1005 2070 expla-

218 2083 289 2109 nari.
306 2083 374 2110 Cum
396 2083 477 2117 igitur
494 2083 638 2118 episcopus
652 2083 687 2110 sit
699 2087 777 2117 typus
796 2082 852 2114 Dei,
867 2083 1006 2110 videmnus

217 2129 352 2163 quomodo
367 2129 477 2163 incipiat
495 2129 635 2156 incensum
651 2129 760 2155 adolere
776 2128 809 2154 ab
821 2128 901 2154 altari
919 2136 1004 2161 usque

218 2175 251 2201 ad
265 2175 451 2201 extremitates
470 2174 575 2208 templi,
596 2175 750 2208 iterumque
773 2175 807 2200 ad
822 2174 944 2200 divimnn
963 2173 1003 2199 al-

1066 891 1195 926 ναμένους
1208 892 1247 922 εἰς
1262 891 1292 917 τὺ
1308 891 1374 926 ὕψος
1392 892 1556 920 ἀπεντεῦθεν
1566 894 1614 929 τῆς
1627 893 1742 930 θεωρίας
1755 896 1855 929 ἀνάγε-

1067 936 1127 962 σθαι
1145 937 1184 967 εἰς
1194 936 1369 971 ψυχαγωγίαν
1387 937 1475 965 αὐτῶν
1492 939 1538 965 καὶ
1555 940 1745 975 προσήκουσαν
1762 941 1856 973 αὐτοῖς

1067 981 1194 1017 μάθησιν.
1216 982 1309 1017 Ἡμεῖς
1321 983 1349 1008 δὲ
1359 1003 1366 1014 ,
1382 983 1416 1010 τὰ
1433 984 1585 1020 προπύλαια
1597 985 1801 1018 καταλιπόντες,
1810 987 1856 1013 ἐν-

1065 1028 1109 1059 τὸς
1122 1028 1172 1063 τῆς
1187 1028 1303 1064 θεωρίας
1316 1028 1479 1064 εἰσέλθωμεν
1496 1030 1549 1057 ἀπὸ
1559 1030 1613 1057 τῶν
1625 1032 1751 1058 αἰτιατῶν
1764 1034 1804 1064 εἰς
1820 1033 1856 1059 τὰ

1065 1072 1149 1104 αἴτια,
1166 1072 1303 1098 τουτέστιν
1320 1073 1373 1099 ἀπὸ
1395 1073 1449 1100 τῶν
1461 1075 1566 1110 ὁρατῶς
1577 1076 1744 1111 τελουμένων
1762 1078 1807 1104 ἐπὶ
1820 1079 1855 1104 τά

1064 1119 1167 1154 ἀόρατα
1179 1120 1225 1146 καὶ
1243 1120 1370 1154 μυστικὰ,
1388 1121 1459 1157 ἆπερ
1472 1122 1525 1148 τῶν
1536 1122 1564 1149 ἐν
1578 1123 1700 1159 αἰσθήσει
1713 1125 1786 1151 αἱτιά
1799 1126 1855 1151 εἱσι

1064 1166 1111 1192 καὶ
1124 1165 1274 1201 ἀρχέτυπα.
1291 1167 1405 1194 Αἰτιατὰ
1423 1168 1450 1194 δὲ
1467 1168 1589 1203 λέγονται
1605 1170 1638 1196 τὰ
1654 1171 1786 1198 ἑτέρωθεν
1802 1172 1853 1206 τὴν

1063 1212 1152 1239 αἰτίαν
1168 1211 1215 1238 τοῦ
1232 1212 1355 1239 ὁπωσοῦν
1372 1211 1439 1240 εἶναι
1456 1214 1559 1249 ἔχοντα.
1584 1217 1618 1242 Ἦ
1638 1217 1710 1243 αἴτια
1726 1217 1798 1250 λέγει
1819 1218 1855 1243 τὰ.

1063 1257 1161 1283 ὡσανεὶ
1177 1257 1291 1289 τελικὰ,
1318 1258 1366 1284 καὶ
1387 1255 1424 1285 ὧν
1450 1259 1541 1291 ἕνεκα,
1561 1260 1629 1295 πρὸς
1647 1260 1663 1287 ἃ
1684 1261 1852 1296 ἀφορῶντες,

1062 1302 1147 1329 ταῦτα
1160 1303 1191 1339 δὴ
1204 1303 1238 1329 τὰ
1246 1304 1362 1335 αἰτιατὰ,
1381 1305 1426 1330 καὶ
1440 1305 1472 1332 τὰ
1485 1306 1565 1332 ἕνεκα
1574 1307 1695 1337 ἐκείνων,
1709 1306 1849 1342 τελοῦμεν.

1069 1348 1138 1374 Ἀλλ’
1153 1345 1176 1374 ὦ
1193 1348 1319 1384 θειοτάτη
1334 1349 1380 1375 καὶ
1398 1349 1457 1385 ἱερὰ
1479 1351 1589 1386 τελετήέ
1612 1351 1649 1382 ὡς
1666 1351 1779 1386 ἐμψύχῳ
1796 1351 1852 1387 γὰρ

1062 1396 1129 1431 αὐτῇ
1148 1395 1317 1430 διαλέγεται·
1340 1397 1386 1422 καὶ
1402 1397 1524 1429 εἰκότως,
1543 1397 1613 1424 καθὰ
1632 1399 1676 1424 καὶ
1693 1399 1706 1424 ὁ
1726 1398 1852 1430 θεολόγος

1064 1441 1148 1476 μέγας
1161 1442 1319 1477 Γρηγόριος·
1335 1442 1414 1475 Ἀλλ’,
1427 1440 1448 1468 ὧ
1461 1443 1551 1478 πάσχα
1567 1443 1597 1469 τὸ
1615 1443 1685 1478 μέγα
1701 1443 1747 1470 καὶ
1760 1444 1832 1478 ἱερόν
1844 1448 1850 1470 !

1023 1509 1044 1536 ϐ
1063 1487 1100 1513 Τὸ
1116 1487 1250 1523 ἡμέτερον
1267 1488 1321 1523 γὰρ
1335 1488 1436 1524 πάσχα,
1455 1490 1528 1525 καὶὴ
1542 1489 1652 1525 τοιαύτη
1671 1489 1730 1525 ἱερὰ
1742 1490 1848 1525 τελετῆς

1061 1533 1142 1565 αὐτὸς
1165 1535 1238 1560 ἐστιν
1255 1535 1268 1560 ὁ
1285 1535 1384 1570 Κύριος
1408 1535 1485 1570 ἡμῶν
1510 1536 1611 1571 Ἰησοῦς
1635 1536 1761 1572 Χριστὸς,
1781 1535 1851 1570 πρὸς

1058 1579 1087 1606 ὃν
1101 1581 1215 1606 ποιεῖται
1231 1580 1277 1606 τὸν
1296 1580 1373 1614 λόγον
1385 1582 1398 1607 ὁ
1415 1581 1501 1615 ἅγιος,
1515 1582 1557 1608 ἵνα
1569 1582 1730 1618 ἀποκαλύψῃ
1746 1580 1781 1607 τὰ
1793 1581 1850 1616 ἀμ-

1059 1625 1206 1660 φιέσματα,
1219 1626 1265 1651 καὶ
1277 1626 1462 1663 ἀποπληρώσῃ
1474 1627 1520 1653 τοῦ
1537 1628 1634 1654 ἑνιαίου
1648 1627 1746 1662 φωτός.

1024 1677 1134 1698 sanctus
1154 1679 1305 1698 sermonem
1323 1672 1413 1705 habet,
1439 1678 1467 1699 ut
1494 1673 1595 1701 revelet
1609 1673 1757 1705 involucra,
1787 1660 1851 1699 uni-

1095 1758 1109 1794 §
1127 1759 1173 1785 ΠΙ.
1187 1759 1233 1785 Δεῖ
1244 1759 1275 1794 δὴ
1292 1757 1348 1791 οὖν,
1361 1761 1454 1796 ἐπειδὴ
1465 1761 1540 1793 ἐντὸς
1556 1762 1714 1797 ἐγενόμεθα,
1727 1762 1757 1789 τὸ
1771 1764 1849 1799 πρῶ-

1057 1814 1102 1832 τον
1115 1805 1169 1831 τῶν
1178 1805 1341 1840 ἀγαλμάτων
1351 1806 1555 1842 ἁπογυμνῶσαι.
1575 1808 1728 1844 ’Λγάλματα
1738 1809 1765 1835 δέ
1779 1819 1848 1846 φησι

1056 1850 1107 1882 τὰς
1122 1851 1229 1882 εἰκόνας
1245 1851 1298 1877 τῶν
1326 1852 1464 1886 μυστικῶν
1474 1873 1481 1884 ,
1499 1853 1588 1885 καθὼς
1612 1855 1659 1880 καὶ
1675 1855 1703 1881 ὲν
1719 1855 1757 1890 τῷ
1775 1857 1848 1891 Περί

1058 1896 1144 1922 θείων
1162 1895 1313 1929 ὀνομάτων
1330 1896 1494 1932 πλατύτερον
1507 1897 1673 1933 διελάϐομεν.
1692 1900 1802 1935 Πρῶτον
1816 1902 1847 1928 δὲ

1056 1941 1158 1967 τούτων
1174 1941 1204 1967 τὸ
1220 1941 1270 1975 τῆς
1285 1942 1419 1974 συνάξεως
1438 1945 1584 1979 μυστήριον
1601 1945 1778 1977 ἁπεκὰλεσεν,
1798 1945 1846 1974 οὖ-

1052 1995 1124 2018 τινος
1137 1987 1168 2013 τὸ
1187 1988 1289 2021 νοητὸν,
1307 1988 1389 2022 ἤγουν
1408 1989 1437 2014 τὸ
1454 1989 1524 2015 κατὰ
1540 1989 1653 2025 Θεωρίαν
1669 1991 1844 2027 δηλούμενον,

1054 2032 1227 2067 ἀπογυμνοῦν
1244 2033 1448 2066 ἐπαγγέλλεται.
1474 2034 1580 2071 Ἐπειδὴ
1594 2036 1682 2062 τοίνυν
1692 2037 1775 2069 τύπος
1784 2039 1846 2066 ἐστὶ

1053 2078 1100 2105 τοῦ
1119 2078 1187 2104 Θεοῦ
1204 2079 1217 2104 ὁ
1236 2078 1394 2110 ἐπίσκοπος,
1414 2079 1511 2114 ἴδωμεν
1531 2080 1589 2112 πῶς
1612 2081 1723 2116 ἄρχεται
1742 2082 1845 2119 θυμιᾷν

1054 2125 1108 2151 ἀπὸ
1132 2123 1179 2150 τοῦ
1200 2124 1391 2160 θυσιαστηρίου
1408 2126 1459 2156 ἓως
1476 2125 1529 2152 τῶν
1546 2127 1676 2161 ἐσχάτων,
1698 2129 1745 2154 καὶ
1762 2130 1845 2156 πάλιν

1057 2169 1255 2205 ὲπαναστρέφει
1276 2171 1315 2201 εἰς
1338 2171 1367 2196 τὸ
1385 2170 1452 2197 Θεοῦ
1477 2171 1675 2207 θυσιαστήριον.
1700 2173 1731 2199 ἸΙ
1752 2175 1843 2202 τοίνυν

217 2226 275 2248 tare
301 2225 463 2247 revertatur.
495 2220 586 2254 itaque
615 2219 660 2246 Dei
687 2220 794 2246 bonitas
819 2227 834 2245 a
860 2219 1001 2253 semetipsa

1060 2215 1190 2251 ἠγαθότης
1198 2216 1244 2242 τοῦ
1259 2216 1325 2242 Θεοῦ
1340 2217 1385 2251 ἀφ’
1399 2216 1497 2251 ἑαυτῆς
1509 2217 1554 2243 ἐπὶ
1568 2219 1654 2244 πάντα
1666 2219 1699 2245 τὰ
1712 2221 1843 2255 προνοού-

216 2267 249 2293 ad
265 2267 355 2292 omnia
381 2273 440 2299 qua)
456 2265 628 2299 providentia
651 2269 780 2298 reguntur
798 2265 937 2298 procedit;
955 2265 1001 2290 sed

216 2316 327 2347 propter
343 2312 410 2344 iliBC,
428 2312 575 2338 secundum
593 2312 738 2337 essentiam
754 2319 843 2342 suam,
862 2319 1000 2344 nunquam

217 2365 233 2385 a
250 2358 359 2392 propria
379 2357 496 2384 statione
522 2357 634 2389 recedit,
660 2356 735 2390 cujus
758 2356 851 2390 utique
877 2357 1000 2383 essentne

217 2410 345 2430 arcanum
360 2402 494 2436 significat
509 2402 593 2428 altare
608 2401 672 2427 illud
690 2402 869 2430 inaccessum,
882 2401 915 2426 ad
930 2400 999 2434 quod

216 2449 361 2483 episcopus
376 2448 532 2474 revertitur.
557 2447 596 2473 Ad
619 2448 689 2473 hunc
712 2447 803 2480 itaque
817 2446 924 2473 modum
940 2453 999 2472 sese

217 2495 295 2521 habet
312 2501 446 2528 synaxeos
461 2497 671 2523 sacramentquI
691 2493 818 2526 quoniam
836 2491 880 2518 hic
900 2491 996 2525 duplex

215 2547 257 2568 est
272 2541 342 2566 ratio
356 2547 502 2574 auagoges.
519 2539 619 2573 Estque
636 2539 694 2565 haec
710 2539 808 2573 prima.
823 2537 911 2571 Quod,
935 2539 997 2565 licet

215 2587 336 2612 divinum
355 2593 490 2620 synaxeos
514 2590 716 2612 sacramentum
754 2589 782 2612 et
815 2584 942 2616 unicum,
971 2589 998 2611 ct

214 2631 340 2666 simplex,
362 2635 389 2657 et
404 2635 573 2665 compactum
598 2630 696 2656 habeat
713 2629 887 2664 principium,
906 2630 998 2656 multi-

214 2678 330 2713 plicetur
357 2682 447 2703 tauieu
475 2683 524 2711 pro
545 2675 730 2711 symbolarum
746 2676 892 2707 varietate;
914 2682 997 2710 atque

215 2725 388 2752 unit'ormiter
411 2725 508 2750 iterant
526 2731 559 2750 ex
581 2722 623 2750 his
647 2723 680 2749 ad
700 2722 837 2757 propriam
853 2722 996 2757 colligatur

214 2771 359 2802 unitatem,
377 2770 542 2803 uuilicctqne
566 2768 626 2795 illos
648 2768 694 2803 qui
712 2769 745 2795 ad
761 2775 790 2795 se
809 2774 903 2795 sancte
918 2776 994 2794 acce—

214 2817 292 2844 dunt.
308 2816 431 2843 Secunda
454 2822 516 2842 vero
538 2814 609 2841 ratio
629 2819 680 2846 est,
696 2814 769 2848 quod
784 2814 889 2840 divinus
904 2813 1000 2847 ponti-‘

214 2863 271 2897 fex,
287 2862 396 2891 tametsi
415 2862 545 2898 symbolis
557 2866 659 2895 utatur,
673 2866 700 2888 et
722 2860 755 2889 ab
771 2860 850 2889 unica
864 2860 991 2893 scicntia,

1055 2269 1121 2296 μενοι
1139 2261 1275 2296 πρόεισιν,
1293 2261 1350 2287 ἀλλ’
1375 2262 1424 2287 οὐκ
1446 2262 1506 2294 ἔξω.
1527 2262 1570 2288 διὰ
1587 2263 1697 2296 τούτων,
1715 2265 1763 2300 τῆς
1780 2268 1843 2293 κατ’

1052 2307 1143 2333 οὐσίαν
1162 2307 1281 2339 στάσεως
1300 2308 1412 2342 γίνεται,
1429 2306 1462 2343 ἧς
1478 2309 1508 2344 δὴ
1522 2309 1612 2341 οὐσίας
1623 2311 1652 2336 τὸ
1666 2312 1779 2347 κρύφιον
1793 2313 1843 2347 δη-

1051 2353 1101 2383 λοῖ,
1120 2354 1150 2379 τὸ
1168 2354 1262 2380 ἄδυτον
1285 2354 1474 2389 θυσιαστήριον
1486 2375 1493 2387 ,
1518 2356 1557 2387 εἰς
1576 2355 1590 2382 ὃ
1610 2357 1808 2394 ὲπαναστρέφει
1826 2362 1842 2387 ὁ

1051 2402 1207 2433 ἐπίσκοπος.
1220 2401 1319 2428 Τοῦτον
1330 2400 1375 2428 οὖν
1388 2402 1433 2428 τὸν
1446 2402 1543 2438 τρόπον
1555 2403 1609 2438 ἔχει
1622 2405 1667 2430 καὶ
1680 2406 1695 2440 ἡ
1712 2405 1761 2440 τῆς
1775 2415 1840 2432 συν-

1051 2447 1136 2478 άξεως
1153 2447 1247 2481 τελετή
1261 2455 1267 2460 ·
1281 2447 1369 2478 διττὸς
1386 2446 1439 2482 γὰρ
1454 2448 1503 2483 τῆς
1525 2448 1639 2474 ἐνταῦθα
1653 2449 1797 2484 ἀναγωγῆς
1823 2451 1840 2476 ἧ

1049 2493 1158 2528 τρόπος,
1174 2493 1227 2519 Καὶ
1244 2493 1316 2518 ἔστιν
1332 2490 1407 2524 οὗτος
1425 2493 1549 2528 πρῶτος,
1562 2494 1603 2520 ὅτι
1623 2495 1673 2521 κᾶν
1687 2496 1703 2530 ἡ
1720 2495 1778 2522 θεία
1786 2497 1837 2532 τῆς

1050 2538 1185 2571 σδνόιξεως
1201 2538 1294 2574 τελετὴ
1319 2539 1364 2564 καί
1384 2539 1485 2565 ἑνιαίαν
1503 2540 1547 2566 καὶ
1575 2540 1664 2575 ἁπλῆν
1688 2541 1734 2567 καὶ
1756 2549 1834 2567 συνε-

1049 2585 1204 2620 πτυγμὲνην
1218 2584 1267 2620 ἔχῃ
1278 2584 1373 2620 ἀρχὴν,
1388 2584 1550 2620 πληθύνεται
1567 2587 1606 2617 εἰς
1622 2586 1671 2621 τὴν
1689 2586 1762 2620 ἱερὰν
1776 2596 1834 2613 ποι-

1048 2632 1135 2658 χιλίαν
1151 2631 1205 2657 τῶν
1227 2630 1365 2665 συμϐόλων
1375 2650 1381 2662 ,
1396 2632 1442 2657 καὶ
1459 2631 1581 2663 ἐνοειδῶς
1597 2630 1673 2664 αὖθις
1685 2633 1716 2658 ὲκ
1731 2632 1832 2659 τούτων

1047 2677 1086 2707 εἰς
1106 2676 1155 2712 τὴν
1166 2675 1267 2702 οἰκείαν
1287 2675 1387 2710 μονάδα
1406 2677 1559 2710 συνάγεται.
1573 2678 1619 2703 καὶ
1638 2679 1752 2704 ἐνοποιεῐ
1769 2677 1832 2709 τοὺς

1046 2723 1089 2749 ἐπ’
1110 2723 1193 2757 αὐτὴν
1218 2722 1297 2757 ἰερῶς
1319 2722 1509 2758 ἀναγομένους.
1523 2723 1652 2759 Δεύτερος
1670 2723 1698 2750 δὲ
1715 2723 1829 2758 τρόπος”

1045 2769 1086 2795 ὅτι
1101 2769 1115 2794 ὁ
1131 2768 1201 2799 θεῖος
1220 2769 1359 2804 ἱεράρχης,
1375 2770 1399 2795 εἰ
1425 2770 1523 2804 χρᾶται
1541 2771 1596 2801 τοῖς
1615 2770 1767 2805 συμϐόλοις,
1784 2770 1830 2796 καὶ

1045 2815 1099 2841 ἀπὸ
1113 2815 1163 2850 τῆς
1175 2814 1278 2847 ὲνιαὶας
1291 2815 1445 2850 ἐπιστήμης
1467 2815 1630 2851 πληθύνεται
1647 2816 1692 2842 διὰ
1710 2817 1760 2851 τὴν
1775 2815 1830 2842 τῶν

1046 2859 1252 2895 ὑποϐεϐηκότων
1269 2859 1406 2894 πρόνοιαν,
1415 2859 1470 2886 ἀλλ’
1484 2857 1530 2886 οὖν
1542 2860 1579 2891 ὡς
1595 2860 1726 2892 ἀπόλυτιις
1740 2859 1828 2895 πάντη
