1931 3073
47 167 102 196 457

332 158 375 193 DE
391 165 529 193 ECCLES.
555 163 753 198 lilERARCH.,
772 164 849 194 CAP.
871 165 915 194 Πῐ.
931 180 965 185 -
981 163 1155 193 PARAPHR.
1175 162 1410 193 PACIlYMER/E.

1627 165 1681 195 458

46 226 96 252 τοῦ
112 224 168 252 τῶν
181 223 321 259 ωμὸόλων
339 223 456 258 πλήθους
469 223 515 250 καὶ
537 222 574 259 μὴ
590 222 772 250 ὲπικοινωνῶν
785 224 832 249 τοῖς

893 226 1004 257 propter
1029 221 1199 249 subditorum
1220 222 1437 257 providentiam.
1464 220 1679 259 multiplicetur,

45 273 182 308 χείροσιν,
200 271 240 302 εὶς
252 270 302 306 τὴν
314 270 416 297 οἰκείαν
427 270 513 306 ἀρχὴν
530 270 664 302 ἐπάνεισι,
682 270 729 297 καὶ
741 269 791 306 τὴν
802 271 843 301 εἰς

44 320 80 346 τὸ
97 319 128 346 ἓν
144 317 240 354 νοερὰν
263 317 364 343 εἴσοδον
384 316 579 352 ποιησάμενος,
597 317 649 352 ὁρᾷ
665 316 768 352 νοητῶς
784 316 848 347 τοὺς

43 366 104 392 τῶν
116 364 284 400 τελουμένων
304 363 428 394 ἑνοειδεῗς
448 363 553 397 λόγους,
575 363 661 398 πέρας
681 362 732 398 τῆς
755 363 795 394 εἰς
812 362 847 389 τὰ

43 411 164 448 δεύτερα
175 411 300 447 προόδου,
309 411 358 446 τὴν
371 411 410 442 είς
419 409 454 436 τὰ
466 409 563 446 πρῶτα
575 410 742 445 ἐπιστροφὴν
755 409 847 436 ποιού-

46 467 132 493 μένος

92 595 164 629 5W.
187 596 319 624 Ἐνταῦθα
336 595 422 630 λέγει,
438 596 465 623 τί
486 595 561 632 δηλοῖ
578 597 593 632 ὴ
609 595 752 632 σύμφωνος
771 596 841 631 ψαλ-

45 643 148 679 μῳδία.
168 643 238 680 Ὅρα
255 644 282 670 δὲ
302 642 333 669 τὺ
351 643 562 678 συνουσιωμένη,
578 643 619 669 ὁτι
639 643 686 669 καὶ
703 643 733 670 τὸ
748 643 841 678 σχεδὸν

45 690 237 725 προσέθηκεν·
260 690 290 715 οὐ
316 689 370 725 γὰρ
389 689 513 725 ἀλλήλοις
535 690 651 724 ἦνωνται
670 689 756 716 ταῦτα
779 690 841 716 κατ’

43 734 154 767 οὺσίαν”,
175 735 242 762 ἀλλὰ
264 735 303 770 τῷ
323 736 391 771 πρὸς
408 735 456 761 ἕνα
474 735 575 761 σκοπὸν
595 735 628 761 τὰ
641 734 729 761 πάντα
747 744 839 761 συντε-

44 782 113 814 λεῖν,
128 781 268 808 τουτέστιν
280 781 320 813 είς
328 781 378 816 τὴν
396 780 450 807 τῶν
467 779 616 816 ἀνθρώπων
630 781 838 817 σωτηρίαν,ἓφη

44 828 75 854 τὸ
87 827 305 863 συνουσιωμένη,
318 827 377 854 ὅθεν
391 826 470 858 εὐθὺς
489 826 611 861 ἐπήγαγε
628 826 658 852 τὸ
675 826 777 861 σχεδὸν,
791 835 838 853 κο-

45 873 136 905 λάζων
147 874 196 910 τὴν
207 873 261 900 ἀπὺ
278 874 328 908 τῆς
347 864 445 905 λέξεως
461 872 625 899 ἐναντίωσιν.
639 873 794 908 Κατωτέρω
809 873 837 900 δὲ

47 920 114 954 μίαν
139 919 289 955 ἐμπνευσίν
311 928 388 955 φησι,
406 918 528 945 τουτέστι
554 918 618 954 μίαν
642 918 802 954 σύμπνοιαν,
822 920 837 946 ὃ

44 965 123 1001 δηλοῖ
142 966 188 992 τὸν
209 965 259 992 ἕνα
279 965 387 992 πάντων
414 965 524 992 σκοπόν.
549 966 612 997 Πῶς
635 965 724 992 τοίνυν
741 965 836 1001 ἔμελλε

44 1010 256 1047 διαχωρίζεσθαι
273 1011 289 1047 ἡ
308 1011 370 1046 ἱερὰ
385 1010 529 1046 ψαλμῳδία
539 1011 594 1037 τῶν
613 1011 779 1047 μυστηρίων,
790 1011 837 1038 καὶ

46 1058 84 1093 μὴ
106 1057 247 1093 παρευθὺς
277 1057 469 1093 συναρτᾶσθαι,
493 1057 554 1084 ἐπεὶ
577 1056 645 1093 πρὸς
666 1057 713 1084 ἕνα
737 1057 836 1084 σκοπὸν

45 1103 172 1141 ἀφορῶσι
189 1105 287 1136 πάντα,
306 1104 353 1130 καὶ
376 1104 406 1131 ἓν
429 1112 455 1131 τι
475 1104 529 1130 τῶν
545 1105 585 1135 είς
606 1104 741 1140 σωτηρίαν
758 1105 837 1140 ἀγόν-

47 1160 104 1178 των
122 1150 307 1187 ὑφηγοῦνταις
326 1151 395 1186 Ὅρα
413 1150 442 1178 δὲ
460 1150 516 1177 τῶν
525 1151 574 1186 τῆς
586 1152 708 1183 Παλαιᾶς
726 1151 836 1187 βιϐλίων

43 1197 82 1230 ὡς
95 1198 124 1224 ἐν
144 1196 267 1232 συντόμῳ
283 1197 439 1233 ἐπίμνησιν.
463 1197 495 1224 Ἠ
510 1197 576 1231 γοῦν
595 1197 646 1233 τῆς
662 1197 714 1224 ὑπὸ
730 1198 836 1232 γένεσιν

45 1243 193 1279 ὑπάρξεως
216 1243 307 1274 δέλτος
329 1244 345 1279 ἡ
375 1243 483 1276 Γένεσίς
503 1245 592 1271 ἐστιν·
611 1246 626 1280 ή
649 1245 698 1280 τῆς
720 1244 836 1280 νομικῆς

45 1288 200 1324 ίεραρχίας,
218 1288 248 1314 τὺ
264 1288 405 1315 Λευιτικύν
417 1289 474 1315 ἐστι
493 1290 539 1315 καὶ
559 1289 588 1315 τὸ
611 1289 834 1325 Δευτερονόμιον·

44 1335 62 1369 ή
79 1334 132 1368 τῆς
145 1333 331 1369 κληροδοσίας,
349 1335 380 1360 τὸ
396 1334 450 1361 τῶν
472 1334 609 1370 Ἀριθμῶν
624 1335 733 1370 βιϐλίον’
753 1334 835 1371 ήτῶν

44 1379 197 1411 Βασιλέων,
210 1380 227 1414 ἡ
243 1379 298 1406 τῶν
319 1379 429 1416 Κριτῶν
454 1381 512 1406 ἐστι
535 1379 634 1415 βίϐλος.
660 1380 792 1412 Παλαιοὺς
806 1380 834 1407 δὲ

43 1426 147 1462 ἄνδρας
167 1425 240 1459 λέγει
255 1425 301 1452 τὸν
320 1426 450 1461 Μωῡσῆν,
466 1427 511 1453 τὸν
534 1426 646 1462 Ἰησοῦν,
663 1427 708 1453 τὸν
732 1426 833 1458 Ἠλίαν,

43 1472 91 1499 καὶ
104 1472 168 1503 τοὺς
180 1471 310 1507 καθεξῆς·
322 1472 380 1498 θεῖα
395 1472 423 1498 δὲ
435 1472 544 1508 ᾄσματα
552 1480 597 1499 τον
611 1473 742 1508 Ψαλτῆρά
751 1482 816 1509 φησι
825 1481 832 1489 ’

43 1519 93 1545 καὶ
102 1518 220 1550 εἰκόνας,
231 1518 261 1545 τὸ
278 1517 373 1554 ⁷ᾼσμα
380 1518 434 1545 τῶν
452 1520 591 1555 ᾀσμάτων,
607 1519 674 1546 καθὸ
689 1521 704 1546 ὁ
717 1520 833 1556 Χριστος

900 267 1085 299 nihilominus,
1101 274 1151 294 ceu
1177 267 1315 294 absolutus
1334 268 1445 294 omnino
1464 276 1478 295 a
1494 270 1679 304 symbolarum

899 312 1080 345 multitudine,
1108 319 1194 346 neque
1221 312 1304 339 rebus
1328 312 1502 346 sequioribus
1527 317 1681 342 communi-

898 364 975 389 cans,
1004 358 1036 385 ad
1061 358 1200 393 proprium
1226 357 1391 391 principium
1417 363 1582 392 revertatur,
1604 367 1631 388 et
1647 361 1680 388 ad

897 410 980 429 unum
1002 403 1151 436 spiritalem
1168 402 1272 430 faciens
1295 403 1446 436 introitttm,
1461 410 1554 432 cernat
1575 406 1681 440 spirita-

898 448 958 476 liter
971 449 1121 477 uniformes
1141 454 1379 477 sacramentorum
1404 451 1533 481 rationes.
1549 452 1612 479 dum
1635 453 1678 481 sui

896 495 928 521 ad
941 495 1066 523 inferiora
1082 503 1243 531 progressus
1256 496 1348 529 linem,
1367 496 1527 524 diviniorem
1544 500 1577 526 ad
1591 500 1679 534 prima

895 540 960 569 facit
975 543 1168 570 reversionem.

930 587 1002 623 §iV.
1020 588 1090 616 Dicit
1115 589 1159 616 hic
1184 588 1278 620 etiam,
1296 588 1360 623 quid
1389 595 1507 616 consona
1527 590 1678 624 psalmodia

893 633 1036 668 signiticet.
1067 635 1185 662 Observa
1210 643 1274 662 vero
1298 635 1362 661 illud
1387 636 1679 671 συνουσιωμένη(ςοη-

893 679 1106 714 substantiata),
1125 680 1167 707 cui
1194 681 1274 707 etiam
1302 680 1356 714 fere
1385 681 1477 707 addit:
1493 689 1580 716 neque
1606 683 1677 710 enim

892 724 949 752 hate
965 725 1037 753 ittter
1054 733 1084 753 se
1103 733 1150 760 per
1164 725 1341 753 substantiam
1360 726 1506 760 conjuncta
1528 731 1601 760 sunt,
1630 728 1678 756 sed

890 776 922 795 eo
937 770 1007 803 quod
1027 770 1060 798 ad
1075 779 1158 798 unum
1175 771 1264 798 onmia
1282 778 1394 805 scopum
1408 772 1573 806 pertineant,
1587 774 1612 800 id
1624 779 1676 807 est,

889 814 923 841 ad
942 815 1080 843 hominum
1097 817 1209 844 salutem
1223 837 1230 850 ,
1265 817 1333 844 dixit
1364 817 1429 845 illud
1455 820 1675 855 συνουσιωμένη,

892 866 938 887 sou
971 861 1206 894 cottsubatumiata,
1233 862 1306 889 unde
1328 863 1419 889 statim
1445 863 1585 898 subjunxit
1608 865 1674 899 fere,

854 896 874 925 Β
888 905 1014 933 dictionis
1039 908 1246 942 repugnantiam
1273 909 1444 943 corrigendo.
1476 896 1561 938 Paulo
1583 896 1674 938 autem

890 951 960 979 inl'ra
973 953 1011 980 ait
1031 961 1113 980 unam
1128 954 1347 988 iuspirationem,
1361 955 1386 982 id
1398 959 1451 988 est,
1467 963 1548 983 unam
1565 957 1675 991 conspi-

888 999 1034 1030 rationem,
1050 1000 1123 1035 quod
1139 1000 1260 1028 declarat
1273 1009 1354 1028 unum
1368 1001 1448 1029 linem
1463 1010 1523 1030 esse
1540 1004 1672 1031 omnium.

888 1044 1028 1077 Quomodo
1052 1045 1144 1080 itaque
1157 1053 1234 1073 sacra
1250 1046 1399 1081 psalmodia
1413 1053 1525 1082 propter
1542 1050 1673 1084 mysteria

887 1089 1043 1123 dissideret,
1060 1095 1087 1117 et
1111 1098 1163 1118 non
1188 1092 1279 1118 statim
1301 1093 1471 1126 conveniret,
1502 1096 1673 1130 quandoqui-

888 1136 948 1163 dem
974 1137 1064 1164 omnia
1092 1141 1216 1172 spectent
1231 1138 1265 1165 ad
1290 1146 1373 1166 unum
1395 1147 1517 1174 scopum,
1537 1149 1673 1176 unumque

888 1183 953 1217 quid
970 1190 1060 1210 rerum
1085 1184 1118 1210 ad
1133 1183 1248 1212 salutem
1273 1186 1483 1213 conducentium
1510 1188 1671 1221 explauent?

887 1228 1005 1256 Observa
1026 1234 1118 1256 autem
1141 1230 1273 1258 librorum
1296 1232 1417 1258 omnium
1442 1234 1552 1268 Antiqui
1574 1235 1670 1262 Testa-

887 1278 969 1303 ntcuti
985 1276 1062 1310 quasi
1079 1276 1240 1311 compendio
1251 1280 1550 1308 commemorationem.
1569 1279 1672 1308 Textus

887 1322 976 1356 itaque
1007 1323 1052 1358 qui
1080 1324 1215 1350 conditam
1242 1324 1372 1352 describit
1400 1326 1594 1359 substantiam,
1629 1333 1671 1355 est

886 1368 1016 1400 Genesis;
1030 1369 1076 1404 qui
1094 1369 1207 1404 legalem
1229 1370 1424 1404 hierarchiam,
1439 1376 1480 1399 est
1494 1371 1628 1401 Leviticus
1644 1379 1672 1402 et

888 1415 1141 1448 Deuteronomium;
1166 1415 1215 1450 qui
1239 1416 1429 1444 haereditatum
1455 1418 1669 1450 distributiones.

885 1464 927 1487 est
951 1460 1019 1488 liber
1040 1460 1239 1495 Numerorum;
1257 1467 1298 1489 est
1322 1467 1350 1489 et
1374 1463 1478 1498 Regum
1491 1464 1671 1500 Judicumque

887 1507 965 1533 liber.
988 1506 1095 1534 Priscus
1111 1513 1201 1534 autem
1229 1507 1302 1535 virus
1328 1515 1409 1536 vocat
1431 1509 1552 1544 Moysen,
1576 1510 1669 1545 Iosue,

41 1564 172 1600 νυμφίος,
183 1565 229 1590 καὶ
245 1552 341 1600 νύμξρη-
356 1566 372 1600 ἠ
393 1552 538 1600 Ἐκκλησία
555 1565 713 1598 εἰκονίζεται
724 1574 731 1581 ·
743 1552 832 1601 ’προα-

888 1552 984 1585 Ellam,
1000 1557 1027 1580 ct
1045 1553 1090 1588 qui
1116 1558 1281 1587 sequuntur;
1300 1554 1391 1581 divina
1412 1563 1477 1583 vero
1493 1556 1604 1585 Cantica
1623 1567 1671 1593 ap-

42 1611 193 1647 ναρῤήσεις
203 1611 256 1637 τῶν
273 1612 417 1646 ἐσομένων,
435 1613 484 1643 τὰς
500 1612 675 1648 προφητείας.
694 1612 832 1640 Ἐντεῦθεν

41 1658 77 1684 τὰ
97 1659 150 1694 τῆς
170 1657 242 1689 Νέας
259 1659 374 1693 εἰσάγει,
396 1658 443 1685 τοῦ
467 1658 553 1695 Ἰησοῦ
582 1659 631 1690 τὰς
657 1659 832 1695 ἀνθρωπικὰς

42 1704 201 1740 θεουργίας,
217 1704 250 1736 ἃς
268 1704 333 1736 Θεὸς
348 1704 396 1737 ὢν,
408 1705 582 1741 διεπράττετο
598 1705 831 1741 ἀναστρεφόμενος

42 1749 115 1785 μετὰ
133 1748 273 1784 σώματος·
290 1749 340 1781 τὰς
355 1749 410 1776 τῶν
426 1750 555 1786 μαθητῶν
565 1750 682 1786 Πράξεις
703 1751 749 1777 καὶ
759 1751 832 1778 διδα-

41 1794 170 1826 σκαλίας,
188 1795 237 1821 ὅσα
253 1794 306 1830 γὰρ
322 1795 463 1831 ἐποίησαν,
485 1796 532 1823 καὶ
544 1797 593 1822 ὅσα
610 1797 741 1829 ἐδίδαξαν,
754 1797 829 1832 φησί.

40 1841 100 1876 Τὴν
119 1840 253 1876 μυστικὴν
272 1841 300 1868 δὲ
319 1841 434 1877 ὲποψίαν
446 1842 521 1877 οἶμαι
538 1842 628 1877 λέγειν
646 1842 694 1878 τὴν
714 1843 830 1870 Ἀποκά-

39 1886 124 1921 λυψιν
145 1885 191 1912 τοῦ
210 1886 281 1913 θείου
305 1887 427 1914 Ἰωάννου
453 1888 500 1914 καὶ
520 1888 727 1923 εὐαγγελιστοῦ·
746 1889 831 1925 ὑπερ-

40 1932 158 1967 κόσμιον
175 1931 202 1958 δὲ
227 1931 376 1967 θεολογίαν,
392 1933 423 1959 τὸ
439 1935 499 1960 κατ’
510 1934 590 1961 αὑτὸν
604 1934 776 1969 Εὐαγγέλιον.

77 2062 93 2099 §
110 2061 144 2089 V.
164 2063 197 2088 Ἃ
208 2063 239 2098 δὴ
263 2062 348 2089 ταῦτα
365 2063 452 2090 πάντα
469 2065 484 2100 ἡ
503 2063 636 2099 ίερολογία
659 2066 719 2096 ταῖς
741 2065 831 2098 ἁγίαις

39 2109 167 2140 τελεταῖς
185 2109 398 2145 συνερρίζωσεν·
416 2110 491 2136 οὐδὲν
513 2110 567 2146 γὰρ
583 2111 699 2137 τελεῖται
726 2120 831 2148 σιωπη-

39 2157 98 2188 λῶς
116 2156 216 2190 πάντη,
233 2156 258 2182 εί
279 2156 314 2191 μὴ
333 2155 366 2182 δι’
379 2155 470 2191 ὕμνων
491 2156 570 2182 θείων
591 2158 637 2183 καὶ
658 2157 781 2192 ψαλμῶν.
803 2159 831 2185 Ὀ

40 2203 109 2238 γοῦν
131 2202 185 2228 τῶν
200 2202 314 2237 ψαλμῶν
331 2203 388 2229 ἐστι
406 2202 505 2234 σκοπὸς
525 2203 556 2229 τὸ
572 2202 691 2238 ὑμνῆσαι
710 2204 774 2230 Θεόν
790 2213 830 2235 τε,

887 1599 968 1634 pellat
982 1599 1064 1635 206
1084 1599 1214 1632 Psaltem;
1233 1605 1261 1628 ct
1275 1601 1414 1636 imagines,
1433 1601 1573 1630 Canticum
1584 1606 1670 1632 canti-

885 1653 992 1679 corum,
1021 1646 1065 1673 ubi
1090 1646 1214 1674 Christus
1232 1654 1347 1681 sponsus
1369 1652 1396 1675 et
1418 1648 1539 1676 Ecclesia
1568 1658 1668 1684 sponsa

886 1690 1195 1726 ﬁguralur;futurorum
1208 1693 1397 1726 praedictiones
1409 1700 1487 1721 vocat
1500 1696 1668 1730 prupbetias.

884 1736 985 1764 Deinde
996 1738 1144 1765 introducit
1161 1746 1192 1765 ea
1213 1746 1272 1773 qua:
1281 1744 1344 1766 sunt
1356 1740 1420 1768 Novi
1445 1740 1622 1774 Testamenti,
1639 1748 1670 1770 ut

885 1783 1087 1811 humanasJesu
1099 1785 1228 1819 actiones,
1246 1793 1313 1820 quas
1326 1786 1395 1814 Deus
1408 1787 1556 1820 exsistens,
1570 1795 1630 1816 cum
1642 1790 1668 1816 in

882 1837 997 1864 corpore
1024 1836 1190 1864 versaretur,
1208 1833 1350 1865 exercuit;
1368 1834 1559 1868 discipulorum
1585 1835 1669 1863 Actus

882 1880 965 1910 atque
976 1876 1112 1903 doctrinas
1125 1885 1132 1903 :
1146 1882 1267 1905 recenset
1280 1879 1352 1905 enim
1363 1887 1422 1913 quae
1433 1887 1574 1914 gesserunt
1586 1887 1669 1916 atque

883 1922 1044 1951 docuerunt.
1056 1922 1196 1957 Mysticant
1207 1931 1272 1951 vero
1283 1924 1413 1952 visionem
1431 1925 1559 1953 existimo
1573 1934 1669 1953 vocare

882 1967 1061 2007 Apocalypsin
1074 1969 1126 1996 divi
1141 1968 1252 1996 Joannis
1263 1970 1438 2002 evangelista:
1452 1979 1551 2006 :porro
1569 1980 1667 2007 supra-

885 2015 1048 2042 mundialem
1077 2015 1249 2050 theologiam,
1271 2016 1392 2051 ejusdem
1407 2017 1593 2052 Evangelium.

917 2059 931 2095 §
947 2060 974 2087 V.
991 2060 1055 2088 Htec
1074 2062 1166 2096 utiqtte
1187 2062 1276 2089 omnia
1293 2069 1378 2090 sacra:
1401 2064 1505 2099 paginae
1521 2072 1580 2092 cum
1604 2073 1668 2093 san-

883 2105 935 2132 ctis
956 2107 1136 2134 sacramentis
1150 2107 1353 2141 conjunxerunt
1367 2117 1373 2134 :
1390 2108 1457 2135 nihil
1471 2109 1543 2135 enim
1556 2111 1667 2137 omnino

885 2151 966 2178 tacite
983 2151 1146 2186 celebratur,
1165 2161 1253 2187 neque
1281 2154 1360 2182 aliter
1384 2162 1466 2188 quant
1491 2162 1539 2190 per
1562 2157 1667 2186 divinos

884 2199 998 2236 hymnos
1022 2205 1047 2227 ct
1063 2201 1190 2236 psalmos.
1217 2201 1310 2236 Itaque
1332 2202 1496 2236 psalmorum
1515 2211 1612 2238 scopus
1625 2210 1665 2232 est

39 2251 91 2277 καὶ
118 2249 182 2280 τοὺς
207 2248 247 2284 τῷ
263 2249 322 2284 Θεῷ
347 2249 475 2284 γνησίους
489 2249 598 2285 ἄνδρας,
615 2250 831 2286 ὑπαγορευτικὴν

888 2246 998 2273 laudare
1022 2247 1117 2278 Deum,
1137 2247 1264 2281 virosque
1288 2248 1343 2274 Deo
1370 2252 1462 2282 gratos
1490 2249 1522 2276 ad
1545 2250 1665 2285 ejusdem

38 2295 98 2321 τῶν
110 2293 238 2320 τοιούτων
247 2295 294 2320 καὶ
303 2293 479 2330 περιεκτικὴν
491 2294 607 2329 ἐχόντων
618 2294 731 2330 δύναμιν
744 2295 831 2328 ,ἥτις,

40 2341 138 2377 φησὶν,
157 2340 311 2374 ἀναγκαίως
326 2341 356 2366 ὲν
373 2341 440 2367 πᾶσι
452 2342 508 2372 τοῖς
526 2340 688 2376 ίεραρχικῶς
704 2341 832 2377 τελουμέ-

40 2396 101 2419 νοις
119 2385 370 2422 παραλαμϐάνεται,
388 2385 504 2421 ἔμμονον
520 2386 569 2422 τὴν
586 2386 641 2413 τῶν
656 2386 831 2422 ψαλλομένων

42 2434 157 2469 μνήμην
178 2431 329 2467 ἐμποιοῦσα
345 2433 402 2463 τοῖς
423 2432 565 2468 ψάλλουσι,
585 2433 631 2459 καὶ
650 2433 698 2464 τὰς
714 2433 831 2468 ψυχικὰς

41 2479 124 2515 ἡμῶν
148 2478 219 2512 ἕξεις
240 2478 407 2514 ἐναρμονίως
430 2478 579 2506 διατιθεῖσα
601 2479 669 2514 πρὸς
685 2479 719 2506 τὰ
736 2478 832 2515 μικρὸν

41 2526 159 2560 ὕστερον
186 2524 402 2560 τελεσθησὸμενα
424 2526 569 2561 μυστήρια.
592 2525 664 2552 Λάϐε
687 2525 715 2552 δὲ
737 2525 783 2551 καὶ
802 2525 832 2551 τὸ

40 2573 93 2607 τῆς
126 2569 286 2606 ψαλμῳδίας
320 2570 479 2606 σύμφωνον,
511 2572 551 2603 είς
578 2570 751 2597 διδασκαλίαν
781 2572 830 2607 τῆς

42 2618 114 2654 πρὸς
126 2617 193 2644 Θεὸν
212 2617 257 2644 καὶ
279 2617 346 2652 πρὸς
363 2616 493 2652 ἀλλήλους
509 2617 636 2653 καὶπρὸς
655 2618 755 2653 ἑαυτὴν
771 2618 832 2653 ὁμο

42 2664 192 2702 φροσύνης.
213 2664 296 2691 Ὅταν
308 2663 373 2698 γοῦν
389 2664 475 2691 ταῦτα
493 2665 615 2700 γένηται,
629 2664 703 2700 καὶὴ
719 2663 832 2699 ὑμνολο-

41 2712 91 2746 γία
103 2710 194 2742 καλῶς
206 2709 321 2747 διαϐήσῃ
332 2710 381 2743 τὰς
393 2711 528 2746 ἡμετέρας
545 2710 643 2746 ψυχὰς,
657 2711 703 2738 καὶ
716 2711 755 2742 εἰς
768 2711 831 2746 ὁμο-

42 2756 182 2793 φροσύνην
202 2755 314 2792 συνάξῃ,
330 2755 368 2787 ὡς
380 2755 412 2782 ἂν
433 2754 477 2782 διὰ
494 2755 558 2790 μιᾶς
578 2756 625 2782 καὶ
637 2755 767 2791 ὁμολόγου
784 2765 830 2791 χο-

42 2803 119 2840 ρείας
136 2802 186 2838 τὴν
203 2801 383 2836 ὰνεκλάλητον
403 2803 418 2837 ἡ
424 2801 481 2836 μῶν
501 2801 596 2837 νοερὰν
612 2801 770 2837 ψαλμῳδίαν
787 2803 830 2838 (ἣν

43 2849 90 2875 καὶ
102 2847 324 2883 συντετμημένην
337 2847 383 2874 καὶ
396 2847 627 2882 συνεσκιασμένην
635 2847 718 2881 λέγει’
727 2848 757 2874 τὸ
769 2848 828 2883 μὲν¹

42 2895 80 2927 ὡς
97 2893 193 2930 νοερὰν
222 2894 268 2919 καὶ
293 2893 407 2925 ἑνιαίαν,
424 2893 455 2919 τὸ
471 2893 509 2925 δὲ,
529 2893 566 2925 ὡς
583 2893 673 2928 ἀφανῆ
695 2895 742 2921 καὶ
759 2894 830 2920 κατὰ

183 2942 319 2972 ΡΑτιιοι..
338 2942 394 2972 Gn.
414 2941 468 2972 Ill.

884 2293 975 2321 laudes
991 2294 1139 2325 excitandi,
1154 2299 1182 2320 et
1196 2295 1222 2321 in
1248 2294 1281 2321 iis
1296 2295 1476 2322 conveniendi
1487 2296 1540 2323 vim
1554 2297 1664 2329 habent,

883 2347 951 2374 quae,
970 2340 1066 2374 inquit,
1083 2340 1239 2368 necessario
1260 2341 1404 2367 adhibetur
1417 2341 1544 2369 omnibus
1559 2343 1591 2369 iis
1605 2351 1667 2378 qua:

883 2387 1054 2414 hierarchice
1067 2391 1209 2422 geruntur,
1222 2393 1254 2413 eo
1267 2387 1339 2421 quod
1350 2385 1527 2421 psallentibtts
1538 2393 1666 2416 constan-

884 2437 936 2459 tem
953 2439 1047 2458 eorum
1065 2440 1124 2466 qua:
1150 2433 1302 2467 psalluntur
1328 2433 1486 2459 memoriam
1515 2433 1665 2468 ingencret,

883 2483 910 2504 et
931 2478 1063 2505 animales
1085 2484 1193 2506 nostras
1224 2478 1383 2506 aliectiones
1403 2487 1521 2514 congrue.
1542 2481 1666 2515 disponat

884 2524 916 2550 :td
944 2525 1086 2560 mysteria,
1112 2532 1171 2559 qua:
1199 2525 1278 2559 paulo
1310 2529 1371 2559 post
1396 2530 1459 2552 sunt
1486 2526 1661 2554 celebranda.

884 2570 1037 2603 Quinetiam
1055 2570 1211 2605 psalmodia
1222 2576 1384 2598 concentum
1410 2572 1515 2606 accipe,
1542 2573 1576 2599 ad
1604 2581 1665 2601 eam

883 2624 942 2651 qua
957 2624 1017 2644 cum
1035 2617 1089 2644 Deo
1102 2622 1129 2644 et
1142 2617 1175 2644 ad
1191 2618 1320 2650 invicem,
1336 2623 1364 2644 et
1382 2626 1443 2645 cum
1463 2620 1608 2655 semetipso
1624 2626 1666 2649 est

882 2663 1056 2690 concordiam
1083 2663 1260 2691 edocendam.
1278 2663 1341 2691 Haec
1356 2665 1400 2691 ubi
1418 2670 1526 2698 peracta
1547 2672 1620 2701 sunt,
1639 2674 1667 2695 et.

883 2710 1057 2746 bymnologia
1073 2714 1146 2737 recte
1160 2715 1268 2738 nostras
1275 2711 1380 2738 animas
1389 2714 1552 2746 composuit.
1566 2719 1594 2742 et
1607 2716 1665 2743 velo

883 2756 921 2782 uti
938 2756 1015 2782 unica
1032 2757 1214 2790 concordique
1230 2759 1329 2785 chorea
1345 2759 1524 2786 concordavit
1541 2759 1666 2789 inett‘abi-

881 2803 935 2829 lem
953 2801 1025 2828 illam
1053 2807 1175 2829 nostram
1201 2802 1353 2837 spiritalem
1375 2804 1552 2838 psalmodiam
1570 2805 1663 2841 (quam

881 2854 907 2876 et
935 2849 1075 2876 concisam
1103 2853 1131 2875 et
1153 2849 1343 2876 nbumbratam
1358 2850 1424 2877 dicit
1438 2862 1443 2877 ι
1459 2850 1524 2878 illud
1543 2853 1665 2886 quidem,

884 2899 1010 2929 tanquam
1033 2894 1184 2929 spiritalem
1214 2896 1388 2930 unicamque,
1412 2897 1464 2924 hoc
1495 2905 1572 2929 vero.
1602 2903 1661 2926 tan-

1511 2945 1548 2974 15
