1931 3073
246 164 298 194 ιω

835 161 865 190 S.
882 160 1033 188 DIONYSII
1048 160 1279 188 AREOPAGITE

1811 166 1862 192 460

246 221 327 247 quam
357 212 501 240 obscuram
526 215 554 238 et
579 210 729 238 secundum
755 207 889 244 animam)
908 208 1026 242 pluribus

1081 207 1181 244 ψυχὴν)
1198 208 1242 235 διὰ
1260 209 1390 236 πλειόνων
1413 209 1557 247 ὲξαπλώσῃ
1573 210 1696 244 είκόνων,
1713 212 1792 248 (ἄλλη
1810 213 1866 250 γὰρ

245 259 411 294 imaginibus
434 257 579 293 explicavit
601 256 663 291 (alia
685 261 728 283 est
748 255 824 282 enim
846 254 930 289 ﬁgura
956 254 1029 288 psal-

246 306 352 339 modim,
363 304 454 331 et‘alia
473 302 612 337 lectionis)
625 308 728 335 :quare
736 300 820 328 etiam
837 308 885 335 per
899 300 1030 327 lectiones

246 350 398 378 istiusmodi
415 342 588 384 hymnologi'a
609 346 754 374 dilatatur.
780 345 885 372 Rursus
907 345 932 371 in
955 345 1028 371 hisce

246 396 406 424 lectionibus
424 396 471 430 qui
493 395 527 421 ad
553 399 661 420 sensum
690 392 814 422 attendit,
837 391 939 418 videbit
962 397 1029 424 quo-

246 442 326 470 modo
340 442 393 469 rite
407 441 498 468 omnia
519 446 547 468 et
568 444 598 466 ut
614 443 721 474 oportet
732 438 858 465 ordinata
870 437 935 469 sint,
949 436 1029 470 idque

246 489 394 516 secundum
413 487 618 522 inspirationem
640 489 667 513 et
689 484 846 512 instinctum
863 482 946 510 divini
959 481 1029 509 vivi-

246 534 345 569 ﬁcique
369 533 497 568 Spiritus.
525 531 664 567 chuutur
679 530 753 558 enim
779 529 896 565 primum
922 535 953 556 ea
969 535 1029 563 quae

245 585 310 607 sunt
326 579 430 606 Veteris
443 577 618 607 Testamenti.
631 576 728 604 deinde
743 583 803 610 quae
823 577 885 602 sunt
907 573 974 601 Novi
991 573 1029 601 si-

247 627 348 653 militer
365 635 371 652 :
389 624 517 660 quoniam
551 624 616 650 illud
645 623 754 657 quidem
768 621 802 649 de
819 619 927 648 Christo
942 620 1030 646 disse-

246 672 311 704 ruit,
329 672 380 699 hoc
397 678 460 698 vero
476 670 562 705 ipsum
583 668 725 702 exhibuit;
743 672 825 702 atque
837 667 902 694 illud
918 665 1027 702 quidem

246 717 347 752 figuras
374 716 530 757 descripsit,
546 715 602 743 ‘hoc
630 721 694 742 vero
719 713 862 741 manifeste
885 713 1026 740 veritatem

1079 254 1161 280 εἰκὼν
1182 254 1232 290 τῆς
1253 254 1420 289 ψαλμῳδίας,
1439 256 1486 281 καὶ
1506 256 1573 291 ἄλλη
1592 257 1641 292 τῆς
1664 258 1865 295 ἀναγνώσεως)

1079 300 1220 336 εὐρύνεται
1237 301 1344 331 πάντως
1361 301 1376 335 ἡ
1396 300 1506 336 τοιαύτη
1524 302 1670 336 ὑμνολογία
1690 304 1737 329 xui
1756 303 1800 330 διὰ
1811 305 1865 331 τῶν

1079 345 1266 380 ἀναγνώσεων.
1284 346 1368 372 Πάλιν
1390 346 1419 372 ὲν
1436 346 1550 378 ταύταις
1575 348 1635 378 ταῖς
1651 347 1835 382 ἀναγνώσεσιν
1850 349 1866 375 ὁ

1079 391 1150 418 κατὰ
1165 391 1226 418 νοῦν
1244 391 1358 426 βλέπων,
1371 391 1464 426 ὄψεται
1487 392 1545 423 πῶς
1558 391 1594 418 τὰ
1608 392 1695 419 πάντα
1714 393 1804 425 καλῶς
1818 394 1867 421 xui

1079 436 1116 468 ὡς
1131 436 1172 463 δεῖ
1187 436 1348 472 ἐτάχθησαν,
1366 438 1412 463 xui
1433 437 1502 464 κατὰ
1523 438 1669 473 ἔμπνευσιν
1685 440 1733 465 xui
1758 439 1866 474 κίνησιν

1081 481 1127 508 τοῦ
1142 481 1213 508 θείου
1230 481 1276 508 xui
1295 481 1449 517 ζωαρχικοῦ
1465 482 1632 518 Πνεὺματος.
1656 484 1866 518 Ἀναγινώσκον-

1081 536 1127 554 ται
1147 527 1202 563 γὰρ
1217 527 1252 554 τά
1272 527 1321 563 τῆς
1340 527 1459 560 Παλαιᾶς
1479 528 1617 565 Διαθήκης
1643 530 1785 566 πρότερον,
1813 528 1864 557 εἷθ’

1081 573 1166 606 οὕτως
1181 574 1231 609 τῆς
1241 574 1326 606 Νέας’
1341 575 1382 601 ὃτι
1401 575 1417 610 ἡ
1437 574 1486 610 μὲν
1499 573 1557 602 εἷπε
1573 576 1609 602 τὰ
1624 577 1687 612 περὶ
1705 577 1833 612 Χριστοῦ,
1847 578 1865 613 ἠ

1081 619 1108 645 δὲ
1120 619 1242 646 ἐτέλεσε·
1261 621 1307 646 xui.
1323 621 1340 656 ἡ
1359 620 1408 656 μὲν
1419 621 1526 654 εἰκόνας
1539 622 1667 658 ἔγραψεν,
1682 623 1698 658 ἡ
1714 623 1743 649 δὲ
1758 623 1865 659 τρανῶς

1081 666 1203 699 ὑπέδειξε
1223 666 1271 702 τὴν
1288 666 1431 702 ἀλήθειαν·
1451 668 1497 694 καὶ
1513 669 1530 703 ἡ
1549 669 1598 703 μὲν
1615 668 1737 706 θεολογία
1757 669 1866 696 καλοῖτο

1079 711 1121 745 ἃν,
1129 713 1145 747 ἡ
1154 712 1182 738 δὲ
1190 712 1246 738 Νέα
1255 711 1391 748 θεουργία.
1400 713 1512 739 ἂτιΘεὸν
1522 714 1643 747 ὑπέδειξε
1654 715 1721 750 μετὰ
1729 715 1865 750 σώματος.

246 763 452 795 demonstravit;
478 766 559 796 atque
591 761 655 788 illud
683 761 746 787 item
784 759 916 794 theologia
944 758 1034 785 vocari
1052 759 1136 793 possit
1149 765 1196 786 seu
1208 766 1298 785 sermo
1314 759 1346 786 de
1362 759 1427 792 Deo,
1440 759 1490 787 hoc
1504 767 1569 787 vero
1588 760 1715 796 θεουργία
1736 770 1784 789 seu
1796 771 1866 798 opus

245 810 304 841 Dei,
316 810 442 845 quoniam
454 809 597 844 ipsummet
617 807 698 835 Deum
729 807 755 835 in
771 814 886 842 corpore
900 805 1034 834 exhibuit.

281 854 355 891 §V‘l.
372 854 422 887 Qui
443 854 551 888 quidem
582 861 722 881 sacrarum
753 853 850 880 harum
879 851 1026 879 lectionum

1113 851 1179 888 §VL
1191 852 1298 880 Τούτων
1314 853 1369 880 τῶν
1381 854 1461 890 ἱερῶν
1474 854 1652 890 ἀναγνώσεων
1663 857 1687 883 σί
1703 856 1753 892 μὲν
1764 858 1866 890 τελέως

245 902 426 935 tubarumque
435 899 596 934 spiritalium
610 899 718 934 penitus
725 898 807 933 207
814 901 939 926 exsortes
952 901 1026 929 sunt,

245 956 280 974 ne
297 947 370 982 ipsas
386 947 495 981 quidem
521 945 655 981 imagines
665 948 845 972 contuentur:
861 951 922 971 nam
935 943 1027 970 oculos

245 992 327 1019 semel
348 992 382 1019 ad
395 991 485 1018 lumen
507 991 604 1018 salutis
622 986 807 1024 occluserunt,
825 990 937 1025 Deoque
954 990 1027 1024 ipsos

244 1039 354 1065 vocanti
382 1037 544 1072 obstrepunt
559 1044 567 1064 :
582 1036 647 1064 Vias
669 1041 729 1064 tuas
750 1037 821 1064 seire
838 1035 910 1063 nolo.
936 1035 1028 1063 Tubas

245 1091 335 1111 autent
348 1083 458 1118 accipit,
472 1083 515 1110 Vel
530 1088 641 1118 propter
659 1082 781 1117 spiritale
793 1082 892 1109 bellum
908 1081 1026 1109 fidelium

244 1131 315 1166 quod
330 1130 430 1157 habent
445 1137 506 1157 cum
521 1129 689 1162 adversario,
703 1128 743 1155 vel
757 1133 868 1163 propter
888 1128 960 1155 illam
977 1135 1024 1163 po-

244 1177 300 1212 puli
321 1177 346 1202 in
372 1176 438 1202 Sina
461 1175 699 1210 congregationem
729 1174 878 1202 secundum
903 1174 1025 1201 ordinem

243 1222 401 1257 dignitatis;
425 1228 487 1248 nam
513 1220 599 1247 ultimi
621 1219 727 1247 illortnn
746 1226 826 1247 voces
841 1227 872 1246 ac
887 1219 967 1246 tubas
980 1227 1026 1245 au-

243 1269 364 1296 diebant.
382 1265 467 1295 Porro
484 1271 540 1294 tres
553 1267 662 1294 ordines
678 1266 736 1298 hos,
757 1265 1024 1297 catechumenorum,

244 1320 272 1342 et
289 1323 304 1342 a
320 1314 460 1349 spiritibus
481 1315 667 1346 obsessorum,
678 1313 933 1348 poenitentiumque,
949 1319 1024 1339 sacra

245 1362 354 1396 quidem
378 1361 484 1389 sanctio
505 1360 640 1396 permittit
662 1359 757 1386 audire
770 1359 1025 1393 lectiones,verum

245 1412 322 1434 arcet
341 1415 355 1434 ιι
373 1407 551 1442 sequentibus
562 1405 712 1441 mysteriis.
730 1405 799 1439 Quin
812 1410 837 1432 et
855 1406 921 1433 ordo
937 1410 1025 1432 status

244 1461 338 1480 eorum
354 1453 503 1480 secundum
517 1452 652 1487 justitiam
670 1451 798 1479 definitus
813 1456 856 1479 est
870 1460 878 1484 ;
894 1457 974 1486 atque
987 1452 1026 1479 ul-

246 1500 328 1526 timus
350 1499 460 1533 quidem
483 1499 549 1526 ordo
567 1498 715 1526 attributus
737 1501 779 1525 est
811 1497 1025 1530 catechumeuis,

245 1550 338 1580 ulpote
352 1545 424 1573 nullo
440 1546 529 1573 adhuc
549 1548 718 1573 sacramento
745 1543 870 1575 initiatis,
885 1548 911 1571 et
930 1550 1027 1571 secun—

244 1593 307 1619 dum
321 1592 406 1619 Deum
424 1592 537 1619 necdum
556 1591 676 1626 perfecte
692 1591 772 1618 natis.
793 1589 1026 1623 Quemadmodum

244 1637 315 1664 enim
342 1637 368 1664 in
394 1638 475 1664 rebus
494 1637 636 1671 corporeis
654 1636 767 1668 accidit,
792 1640 822 1662 ut
848 1634 1027 1670 imperfectos

1040 1528 1061 1556 C

245 1683 315 1710 ictus
331 1687 357 1709 et
380 1683 492 1710 abortus
505 1690 585 1710 nemo
597 1682 698 1711 dixerit
712 1682 737 1708 in
754 1681 841 1708 lucem
851 1689 913 1709 esse
927 1682 1025 1715 editos,

244 1736 277 1756 eo
291 1729 361 1763 quod
376 1728 530 1763 imperfecti
548 1734 669 1756 materno
688 1733 766 1756 utero
783 1728 936 1756 exciderint
952 1728 1024 1763 (nam

244 1775 373 1810 physicus
401 1776 577 1810 medicusque
596 1776 699 1808 dicent,
725 1775 812 1804 lucem
839 1777 865 1804 in
895 1777 928 1805 iis
957 1776 1026 1804 nihil

246 1822 366 1856 operari,
384 1829 445 1849 cum
470 1829 484 1848 a
508 1825 604 1848 natura
624 1821 737 1854 habeat,
753 1827 781 1850 ut
806 1828 935 1858 operetur
950 1824 975 1850 in
992 1823 1025 1850 iis

246 1876 306 1902 quae
323 1867 390 1895 lueis
404 1872 468 1894 sunt
479 1867 613 1902 capacia);
623 1867 718 1895 eodem
732 1870 811 1896 modo
824 1869 848 1896 in
861 1869 1026 1904 spiritalibus

245 1922 275 1941 se
302 1922 344 1941 n-s
369 1914 471 1941 habet:
488 1913 676 1941 catechumeni
700 1914 771 1941 ειιὶιιι
791 1915 880 1942 adhuc
905 1915 1026 1950 Eloquiis

246 1959 437 1992 informantur,
455 1967 543 1994 neque
561 1960 626 1986 dum
647 1959 794 1994 perfectam
818 1961 932 1989 fortnam
951 1969 1027 1989 acce-

245 2011 352 2040 perunt,
361 2007 407 2033 sed
418 2006 530 2040 perfecti
542 2010 633 2038 erunt,
645 2006 753 2040 quando
761 2008 853 2035 divino
865 2009 1027 2043 baptismate

245 2053 344 2079 fuerint
360 2053 529 2087 regenerati;
548 2057 611 2081 tunc
630 2059 720 2081 autem
748 2054 791 2086 iis,
814 2059 941 2089 tanquam
959 2055 1026 2083 lucis

245 2099 411 2132 excipiendae
426 2099 582 2132 capacibus,
607 2099 762 2126 divinorum
778 2100 968 2135 mysteriorum
987 2101 1027 2128 lu-

245 2145 318 2170 mina
330 2144 522 2178 cellucebunt;
544 2153 615 2172 nunc
630 2152 696 2173 vero
711 2150 852 2179 arcentur,
872 2147 1026 2174 hierarchia

245 2199 439 2226 sacrorumque
455 2191 550 2218 ordine
565 2191 604 2218 sic
617 2192 789 2226 providente,
807 2200 839 2219 ne
857 2192 1027 2228 quibuslibet

247 2236 413 2271 propaletur,
428 2236 509 2263 etiam
533 2238 750 2270 catechumenis,
772 2238 817 2272 qui
835 2242 955 2272 tempore
979 2245 1027 2272 op-

247 2287 374 2317 portuno,
390 2283 435 2310 ubi
450 2290 498 2317 per
514 2283 647 2317 baptisma
662 2288 852 2315 renascuntur,
867 2284 949 2310 vitam
971 2284 1028 2318 spi-

249 2328 356 2355 ritalem
383 2328 527 2362 divinaque
547 2329 649 2355 lumina
676 2328 820 2363 recipiunt.
843 2329 932 2363 Quare
953 2334 1028 2356 cate-

249 2375 443 2401 cbumenorum
457 2375 526 2402 ordo
543 2379 584 2402 est
597 2378 764 2410 postremus.

312 2510 367 2537 VII.
382 2510 432 2544 Qui
447 2517 511 2537 vero
532 2518 548 2537 a
559 2511 702 2546 spiritibus
722 2497 866 2538 immundis
879 2511 1025 2546 agitantur,

249 2556 353 2583 ordinis
365 2561 426 2583 sunt
438 2556 550 2583 secundi
566 2560 593 2583 et
603 2555 761 2587 anterioris.
771 2556 796 2582 id
813 2561 853 2583 est
868 2557 1025 2591 superioris.

250 2603 389 2637 Siquidem
415 2602 459 2629 hic
485 2602 551 2629 ordo
573 2603 708 2630 secundus
727 2607 770 2630 est
784 2611 798 2629 a
815 2604 1026 2636 catechumeuis,

249 2649 298 2676 sed
315 2648 449 2683 superior,
464 2648 591 2683 quoniam
607 2648 634 2675 hi
660 2648 757 2677 initiati
778 2655 841 2677 sunt
868 2655 895 2677 et
917 2650 1028 2676 minime

248 2699 373 2723 exsortes
387 2694 564 2727 sacramenti,
577 2699 605 2721 ut
617 2694 667 2726 illi,
684 2695 789 2723 tametsi
802 2700 830 2723 et
845 2695 898 2722 illis
910 2702 1027 2730 quoque,

249 2741 295 2777 qui
314 2740 454 2776 corporeis
472 2740 609 2768 illecebris
629 2745 676 2767 aut
696 2741 865 2775 passionibus
887 2741 1030 2775 perturba-

250 2786 425 2821 tionibusque
442 2786 542 2813 irretiti
560 2790 632 2818 sunt,
650 2785 741 2813 divina
753 2787 908 2813 communio
919 2787 1028 2814 subtra-

250 2833 340 2865 bitur;
353 2839 470 2867 eumque
481 2832 602 2860 ordinem
616 2838 690 2859 recte
704 2839 733 2859 se
748 2831 848 2860 habere
862 2839 875 2858 a
892 2833 1028 2861 contrario

249 2884 402 2911 coullrmat.
419 2881 486 2910 Nam
499 2882 522 2910 si
537 2888 628 2909 verum
643 2884 694 2915 cst,
711 2881 806 2916 inquit,
817 2882 936 2909 divinum
953 2889 1029 2916 pror-

1041 2221 1065 2250 Ι)

1078 896 1131 929 ἔξω
1159 906 1209 923 που
1236 898 1291 924 τῶν
1314 900 1503 934 πνευματικῶν
1529 901 1685 936 σαλπίγγων
1714 903 1865 939 ἱστάμενοι,

1077 943 1136 969 οὐδὲ
1155 943 1205 975 τὰς
1221 944 1328 976 εἰκόνας
1348 945 1447 981 ὁρῶσιν
1458 955 1464 961 ·
1484 946 1628 982 ἀπὲμυσαν
1640 948 1694 983 γὰρ
1708 948 1780 981 ἅπαξ
1796 949 1866 985 πρὸς

1076 989 1107 1015 τὸ
1119 989 1176 1024 φῶς
1192 990 1242 1025 τῆς
1255 991 1401 1027 σωτηρίας,
1418 993 1465 1018 xui
1481 993 1644 1027 ἀπολέγουσι
1655 995 1701 1021 καί
1718 995 1866 1030 ἀντιφθέγ-

1076 1043 1170 1069 γονται
1181 1036 1248 1072 πρὸς
1268 1036 1313 1064 τὸν
1330 1037 1462 1065 καλοῦντα
1478 1039 1553 1066 Θεόν·
1572 1040 1626 1072 Τὰς
1639 1040 1714 1072 ὁδούς
1732 1050 1779 1068 σου
1797 1042 1867 1069 είδε-

1076 1088 1120 1106 ναι
1136 1081 1165 1107 οὺ
1186 1080 1324 1116 βούλομαι.
1342 1083 1497 1117 Σάλπιγγας
1514 1084 1542 1110 δὲ
1564 1085 1770 1121 παραλαμϐάνει
1787 1086 1804 1122 ἤ
1820 1086 1868 1113 διὰ

1075 1126 1121 1153 τὸν
1149 1129 1331 1163 πνευματικὸν
1358 1129 1412 1156 τῶν
1442 1130 1545 1157 πιστῶν
1569 1131 1695 1167 πόλεμον,
1713 1132 1742 1159 ὃν
1770 1133 1865 1168 ἔχουσι

1077 1171 1144 1207 πρὸς
1160 1173 1206 1199 τὸν
1222 1174 1418 1210 ἀντικείμενον,
1435 1175 1453 1210 ἢ
1471 1175 1515 1202 διὰ
1525 1176 1574 1211 τὴν
1586 1176 1633 1202 ἐπὶ
1645 1177 1692 1203 τοῦ
1704 1177 1768 1204 Σινᾶ
1786 1186 1869 1203 συνα-

1076 1219 1168 1254 γωγὴν
1184 1219 1231 1246 τοῦ
1248 1219 1311 1246 λαοῦ
1328 1222 1374 1248 xui
1391 1221 1439 1257 τὴν
1455 1223 1543 1249 ἐκεῖσε
1561 1223 1621 1249 κατ’
1632 1222 1709 1256 ἀξίαν
1732 1223 1825 1256 τάξιν·
1839 1226 1867 1251 οἱ

1076 1264 1130 1300 γὰρ
1146 1265 1252 1300 ἔσχατοι
1271 1267 1383 1294 ἐκείνων
1399 1268 1453 1294 τῶν
1471 1268 1566 1303 φωνῶν
1579 1269 1624 1296 καὶ
1639 1268 1693 1296 τῶν
1707 1269 1868 1304 σαλπίγγων

1076 1312 1238 1348 κατήκουον.
1257 1313 1364 1345 Ταύτας
1379 1314 1406 1340 δὲ
1429 1314 1478 1346 τὰς
1498 1316 1573 1350 τρεῖς
1588 1315 1689 1348 τάξεις,
1706 1316 1761 1343 τῶν
1778 1325 1868 1351 κατη-

1076 1357 1225 1393 χουμένων,
1240 1359 1295 1385 τῶν
1319 1360 1372 1386 ὑπὸ
1395 1361 1557 1396 πνευμάτων
1585 1362 1798 1397 ἐνεργουμένων,
1815 1364 1869 1389 xui

1076 1403 1130 1430 τῶν
1146 1405 1175 1430 ὲν
1198 1405 1326 1441 μετανοίᾳ
1341 1405 1436 1438 ὄντων,
1459 1406 1552 1442 ἐφίησι
1572 1407 1621 1442 μὲν
1637 1409 1651 1434 ὁ
1669 1407 1740 1443 ίερὺς
1762 1407 1867 1443 θεσμὸς

1076 1450 1220 1477 ἐπακούειν
1241 1451 1292 1486 τῆς
1311 1452 1498 1486 ἀναγνώσεως,
1517 1453 1643 1489 ἀπείργει
1669 1454 1697 1480 δὲ
1719 1454 1777 1481 τῶν
1798 1453 1867 1489 ἑξῆς

1079 1496 1242 1531 μυστηρίων.
1262 1497 1336 1532 Πλὴν
1352 1498 1399 1524 καὶ
1415 1499 1431 1533 ἡ
1451 1498 1527 1531 τάξις
1546 1499 1595 1534 τῆς
1616 1499 1735 1532 στάσεως
1759 1500 1866 1527 τούτων

1078 1540 1148 1567 κατά
1158 1541 1328 1576 δικαιοσύνην
1341 1541 1442 1577 ἐτάχθη
1451 1550 1457 1557 ·
1477 1543 1523 1569 καὶ
1539 1543 1640 1578 ὲσχάτη
1654 1544 1702 1579 μὲν
1717 1544 1793 1577 τάξις
1805 1548 1866 1578 τοῖς

1078 1587 1290 1622 κατηχουμένοις
1307 1587 1514 1623 ἀπονενέμηται,
1531 1588 1568 1620 ὡς
1584 1589 1715 1625 ἀμυήτοις
1740 1590 1790 1622 ἔτι,
1815 1592 1866 1618 xui.

1078 1637 1116 1673 μὴ
1129 1636 1234 1663 τελείαν
1246 1636 1295 1672 τὴν
1313 1636 1383 1664 κατά
1394 1637 1459 1664 Θεὸν
1473 1638 1597 1672 ἀπότεξιν
1615 1639 1735 1674 ἔχουσιν·
1752 1641 1790 1673 ὡς
1807 1641 1866 1677 γὰρ

1077 1681 1123 1708 ἐπὶ
1146 1681 1201 1708 τῶν
1224 1682 1387 1718 σωματικῶν
1413 1682 1479 1718 ἔχει,
1497 1684 1538 1710 ὅτι
1562 1683 1597 1710 τά
1629 1685 1779 1721 ἠλιτόμηνα
1812 1688 1864 1713 καὶ

1077 1727 1241 1764 ὲκτρὼματα
1256 1729 1307 1755 οὐκ
1318 1729 1351 1756 ἀν
1366 1737 1408 1760 τις
1421 1729 1487 1764 πρὸς
1499 1729 1529 1756 τὸ
1546 1731 1602 1764 φῶς
1619 1731 1766 1767 ἀναχθῆναι
1777 1732 1863 1765 εἴποι,

1076 1773 1142 1800 διότι
1158 1773 1206 1809 τῆς
1228 1775 1361 1810 μητρικῆς
1384 1776 1502 1811 γαστρὸς
1519 1776 1651 1803 ἀτέλεστα
1667 1777 1862 1804 ἐκπεπτώκασι

1078 1817 1155 1854 (φαίη
1171 1818 1225 1855 γὰρ
1241 1821 1255 1846 ὁ
1272 1820 1393 1854 φυσικῶς
1409 1822 1455 1847 xui
1473 1821 1601 1858 ἰατρικῶς
1617 1822 1696 1858 ἔχων,
1713 1823 1751 1855 ῶς
1760 1824 1810 1850 οὐκ
1827 1823 1862 1850 ἂν

1076 1865 1116 1896 είς
1139 1864 1209 1891 αὑτά
1223 1866 1253 1892 τὸ
1267 1865 1325 1900 φῶς
1341 1867 1507 1902 ἑνεργήσειε,
1526 1867 1605 1902 φύσιν
1622 1868 1683 1903 ἕχον
1707 1870 1747 1900 είς
1769 1869 1862 1895 ἐκεῖνα

1077 1910 1206 1946 ἐνεργεῖν,
1219 1911 1237 1938 ἃ
1252 1911 1283 1947 δὴ
1299 1912 1345 1938 xui
1362 1913 1449 1946 φωτὸς
1473 1913 1584 1941 δεκτικά
1609 1915 1676 1941 εἰσιν
1685 1914 1703 1950 ⁵)
1721 1914 1792 1941 οὕτω
1814 1916 1863 1942 xui

1076 1957 1123 1983 ἐπὶ
1138 1956 1192 1983 τῶν
1209 1958 1399 1994 πνευματικῶν
1415 1958 1487 1994 ἔχει’
1502 1959 1542 1985 ἔτι
1562 1959 1616 1995 γὰρ
1635 1961 1659 1986 οί
1685 1961 1859 1996 κατηχούμε-

1076 2011 1116 2029 νοι
1146 2003 1198 2030 ὑπὸ
1216 2004 1270 2031 τῶν
1292 2005 1397 2039 Λογίων
1422 2005 1603 2040 μορφοῦνται,
1624 2007 1670 2032 xui
1693 2007 1722 2032 οὺ
1752 2007 1861 2034 τελείαν

1077 2050 1211 2077 ἀπέλαϐον
1222 2051 1369 2087 μόρφωσιν,
1382 2052 1659 2089 τελεσφορηθήσονται
1667 2054 1704 2086 δὲ,
1716 2055 1780 2081 ὅταν
1794 2055 1862 2093 Θείῳ

1078 2101 1279 2137 ἀναγεννηθῶσι
1301 2102 1481 2138 βαπτίσματι*
1506 2104 1566 2131 τότε
1590 2104 1638 2130 xui.
1661 2105 1698 2137 ὼς
1725 2105 1864 2139 δεκτικοῖς

1077 2148 1167 2180 αὐτοῖς
1181 2148 1227 2175 τοῦ
1243 2149 1332 2183 φωτὸς
1350 2146 1435 2180 οὖσιν,
1449 2149 1597 2184 ὲπιλάμποι
1609 2149 1643 2176 ἂν
1662 2150 1695 2177 τὰ
1712 2151 1766 2177 τῶν
1781 2152 1864 2179 θείων

1079 2194 1235 2230 μυστηρίων
1251 2194 1327 2229 φῶτα
1337 2202 1344 2209 ⁸
1357 2194 1404 2221 νῦν
1416 2195 1443 2221 δὲ
1455 2195 1714 2228 ἀποδιαστέλλονται,
1729 2205 1862 2232 προνοου-

1080 2239 1163 2275 μένης
1177 2240 1227 2276 τῆς
1251 2241 1390 2278 ἱεραρχίας
1408 2241 1454 2267 καὶ
1467 2242 1516 2276 τῆς
1528 2242 1676 2276 εὐκοσμίας
1692 2242 1746 2268 τῶν
1767 2243 1864 2278 ἱερῶν,

1077 2285 1121 2311 ἵνα
1143 2285 1180 2322 μὴ
1206 2286 1253 2313 xui
1265 2288 1321 2319 τοῖς
1332 2286 1443 2322 τυχοῦσι
1459 2287 1596 2322 κατάδηλα
1654 2288 1701 2314 καὶ
1721 2289 1810 2314 αὐτῶν
1829 2289 1866 2325 δὴ

1077 2331 1130 2357 τῶν
1149 2332 1369 2367 κατηχουμένων,
1393 2333 1442 2368 τῆς
1464 2333 1535 2360 κατὰ
1554 2333 1662 2369 πνεῦμα
1689 2334 1771 2369 ζωῆς,
1789 2335 1867 2362 κατὰ

1078 2377 1172 2412 καιρὸν
1187 2378 1232 2404 τὸν
1244 2381 1417 2415 προσήκοντα
1432 2380 1582 2414 μελλόντων
1594 2381 1622 2406 ἐν
1643 2380 1683 2415 τῷ
1697 2380 1867 2416 γεννηθῆναι

1077 2423 1122 2450 διὰ
1136 2424 1330 2460 βαπτίσματος,
1347 2426 1393 2452 καὶ
1416 2426 1451 2452 τὰ
1477 2426 1534 2453 θεῖα
1561 2427 1706 2454 ἀπολαϐεῖν
1721 2427 1808 2461 φῶτα.
1830 2428 1865 2454 Ἠ

1079 2469 1142 2503 γοῦν
1155 2470 1209 2497 τῶν
1225 2471 1434 2506 κατηχουμένων
1447 2471 1521 2504 τάξις
1533 2473 1632 2509 ἐσχάτη
1649 2473 1730 2500 ἐστίν.

1115 2515 1199 2551 ἕνη.
1221 2516 1294 2543 Ἡδὲ
1319 2516 1363 2543 διὰ
1385 2517 1439 2544 τῶν
1466 2519 1626 2554 πνευμάτων
1657 2519 1869 2554 ἐνεργουμένων

1078 2561 1190 2597 δευτέρα
1210 2562 1257 2590 καὶ
1270 2562 1422 2598 ὲμπροσθία
1433 2571 1439 2577 '
1451 2562 1530 2590 τοῦτο
1544 2565 1598 2600 γάρ
1619 2565 1677 2591 ὲστι
1698 2564 1729 2591 τὸ
1749 2565 1820 2599 πρὸς
1833 2565 1870 2592 τὸ

1079 2608 1149 2635 ἄνω·
1166 2609 1190 2635 εί
1205 2607 1258 2644 γάρ
1279 2608 1326 2634 xui
1341 2609 1455 2644 δευτέρα
1479 2610 1539 2636 ἐστὶ
1562 2610 1629 2646 πρὸς
1645 2610 1707 2642 τοὺς
1727 2618 1870 2646 κατηχου-

1081 2654 1187 2689 μένους,
1202 2653 1270 2680 ἀλλὰ
1278 2653 1345 2689 πρὸς
1356 2653 1386 2680 τὸ
1399 2653 1465 2685 ἀνω,
1477 2654 1518 2680 ὅτι
1526 2649 1598 2680 οὗτοι
1609 2653 1799 2689 ὲτελέσθησαν,
1813 2655 1869 2682 xui.

1078 2700 1128 2726 οὐκ
1146 2699 1262 2735 ἀμύητοι
1286 2701 1363 2732 εἰσιν,
1378 2700 1415 2732 ὡς
1431 2701 1538 2732 ἐκεῖνοι,
1552 2700 1616 2727 εἴτι
1631 2700 1719 2736 ήθεία
1732 2703 1867 2728 κοινωνία

1080 2746 1261 2779 συστέλλεται,
1276 2748 1322 2774 xui
1337 2748 1390 2774 ἀπὸ
1411 2748 1465 2774 τῶν
1491 2748 1674 2784 ὲνισχημένων
1696 2751 1866 2784 σωματικοῖς

1079 2792 1259 2828 θελκτηρίοις,
1273 2793 1356 2828 ἦγουν
1368 2793 1465 2820 πάθεσι
1478 2793 1525 2820 xui
1543 2795 1674 2830 ταραχαῖς
1689 2794 1799 2829 ἡδονῶν·
1815 2796 1867 2822 καὶ

1080 2838 1213 2874 ἐπικρίνει
1239 2838 1329 2870 καλῶς
1345 2838 1416 2871 ἔχειν
1442 2838 1491 2872 τὴν
1515 2838 1590 2871 τάξιν
1613 2839 1645 2864 ὲκ
1669 2838 1715 2865 τοῦ
1739 2840 1866 2867 ἐναντίου

1081 2882 1234 2917 ἐπιχειρῶν.
1245 2882 1276 2908 Ei
1284 2883 1337 2918 γάρ
1350 2883 1418 2913 ἐστι,
1427 2883 1519 2918 φησιν,
1528 2883 1679 2919 ἀληθὲς,ὡς
1687 2885 1700 2910 ὁ
1714 2885 1785 2911 κατὰ
1796 2884 1865 2912 ωεὺν
