1931 3073
66 171 108 200 461

324 170 367 198 DE
383 169 522 198 ECCLES.
542 169 742 202 HIERARCH..
763 169 840 198 CAP.
858 169 902 198 111.
922 185 958 191 -
971 169 1145 199 PARAPHR.
1164 170 1398 200 PACHYMERE.

1621 172 1675 200 ΜΞ

66 231 206 266 ἄνθρωπος,
216 228 290 256 οὐδὲν
299 229 354 256 τῶν
368 229 466 266 σαρκὸς
477 230 616 265 ἐνεργήσει
631 228 706 265 παρά
721 228 756 255 τὰ
769 228 839 255 κατά

893 236 939 256 sus
954 229 1042 256 virum
1057 236 1088 257 ea
1112 237 1172 264 quae
1189 229 1280 257 carnis
1296 234 1359 258 sunt
1381 229 1492 257 minime
1513 235 1673 257 curaturum

67 277 139 312 φύσιν
149 275 356 310 ἀναγκαιότατα,
370 275 401 302 τδ
410 276 554 310 φαγεῖν,τδ
568 276 650 306 πιεῖν,
663 274 694 301 τὸ
706 273 839 305 ὑπνῶσαι,

66 321 201 351 καὶταῦτα
223 321 379 358 παρέργως,
394 321 456 354 ναὸς
468 321 495 348 δὲ
512 321 588 348 ἔσται
601 321 648 347 καὶ
658 319 756 351 ὀπαδδς
770 319 840 346 κατά

67 369 147 396 πάντα
170 367 216 394 τοῦ
242 366 411 402 πνεύματος·
427 367 538 402 εὔδηλον
552 366 590 399 ὡς
613 367 627 393 ό
646 365 765 397 τοιοῦτος
792 364 840 392 ἆτε

66 415 119 451 Θεῷ
133 414 278 450 ἡνωμένος,
300 414 350 441 οὐκ
364 414 583 450 ’ἐνεργηθήσεται
612 413 664 440 ὑπὸ
684 412 840 448 ἀκαθάρτου

67 461 225 496 πνεύματος·
242 461 385 495 γελάσεται
406 460 434 486 δὲ
458 459 557 495 μᾶλλον
578 459 644 486 αὐτὸ
659 459 705 485 καὶ
718 466 841 486 καταπα-

66 507 157 539 λαίσει,
178 507 225 534 καὶ
246 506 404 540 ὲκδιώξεται
422 505 470 532 καὶ
491 505 584 542 δράσει
605 504 704 540 μᾶλλον
723 504 762 536 είς
775 503 842 530 αὐτὸ

64 554 122 589 παρ’
136 553 149 580 δ
160 553 282 580 πείσεται
298 551 471 589 παράὐτοῦ·
494 551 593 587 μᾶλλον
613 551 642 577 δὲ
664 550 711 578 καὶ
737 550 841 586 ἑτέροις

66 600 148 636 ίατρὺς
159 599 340 635 πνευματικὸς
354 599 510 635 ὀφθήσεται.
526 598 586 625 Ἔτι
602 598 702 634 μᾶλλον
721 597 749 624 δὲ
763 598 842 633 ἀκρι-

63 646 112 678 ϐῶς
123 643 190 677 οἶδα,
204 645 242 677 ὡς
253 646 269 681 ὴ
286 645 341 672 τῶν
356 644 520 681 ίεραρχικῶν
531 643 633 680 ἀμιγὴς
650 643 704 671 τῶν
713 643 842 680 χειρόνων

64 691 182 717 ἁπάντων
206 689 342 726 διάκρισις
372 690 469 726 μᾶλλον
491 689 547 724 ἔχει
575 688 758 724 δαιμονῶντας
778 688 842 720 τοὺς

62 737 188 771 ἀσελγεῖς,
206 737 223 772 ἦ
234 737 297 768 τοὺς
312 737 364 763 ὑπὸ
373 736 535 772 πνευμάτων
548 735 782 767 καταπίπτοντας·
795 735 843 762 καὶ

62 782 110 818 γάρ
118 784 141 808 οἰ
150 781 265 808 τοιοῦτοι
275 781 398 813 τὰδντως
408 781 471 807 ὄντα
480 781 634 816 προήκαντο
647 779 691 807 διὰ
700 780 749 815 τὴν
759 779 843 815 αἰσχί-

62 835 121 863 στην
139 826 247 862 ἡδονὴν,
259 827 306 853 καὶ⁸
322 826 370 862 τὴν
384 826 510 853 ἀϐέϐαιον
525 826 554 851 ὲν
567 826 624 857 τοῖς
633 824 783 861 ἀλλοτρίοις
793 825 843 851 οὐκ

60 870 145 905 οὖσαν,
154 872 222 899 ἀλλὰ
229 871 359 899 δοκοῦσαν
369 871 526 898 εὐπάθειαν.
540 870 680 907 Ἀλλότρια
689 870 717 897 δὲ
725 870 798 904 λέγει
808 869 843 896 τὰ

890 275 958 303 citra
986 280 1091 303 natura:
1117 275 1320 308 necessitatem,
1335 280 1365 302 nt
1391 275 1418 302 in
1435 275 1672 307 comedendo.bi-

890 320 990 354 bendo,
1004 321 1177 353 dormienda.
1187 326 1216 349 et
1229 322 1286 349 haec
1309 323 1410 356 obiter,
1426 323 1473 350 sed
1488 323 1616 357 templum
1631 329 1674 350 se—

891 371 1080 402 clatoremque
1107 367 1221 403 spiritus
1236 368 1318 404 208
1339 375 1388 402 per
1414 367 1506 395 omnia
1532 368 1672 399 futurum;

891 416 1064 444 manifestum
1086 421 1147 450 est,
1173 417 1262 444 virum
1286 415 1471 450 ejuscemodi.
1499 420 1593 451 tttpote
1619 416 1676 444 Deo

891 460 1009 492 unitum.
1029 468 1201 496 nequaquam
1226 461 1260 488 ab
1285 460 1425 488 immundo
1442 460 1540 496 spiritu
1566 461 1675 496 agitan-

892 506 971 539 dum;
989 507 1035 534 sed
1059 507 1149 543 potius
1173 507 1261 542 ipsum
1287 507 1432 534 irrisurum
1446 507 1673 538 etsubacturum,

891 552 1152 588 insectaturumque,
1170 552 1364 588 illaturumque
1376 553 1468 588 potius
1479 552 1581 587 aliquid
1593 560 1675 587 quam

891 600 925 627 ab
939 607 972 626 eo
986 606 1146 634 passurum;
1163 599 1285 634 quinimo
1299 606 1407 634 quoque
1420 598 1482 626 aliis
1494 605 1524 626 se
1540 598 1675 626 medicum

891 643 1042 679 spiritalem
1065 643 1215 672 exhibebit.
1239 643 1374 671 Praeterea
1400 648 1567 679 compertum
1587 644 1678 671 habeo

891 690 1111 718 sincerissimum
1136 697 1277 718 sacrorum
1301 690 1428 718 ordinum
1441 690 1573 726 judicium
1589 691 1676 725 magis

892 736 1073 764 daemoniacos
1089 736 1247 765 existimare
1271 736 1333 764 illos
1357 736 1403 771 qui
1421 736 1521 764 inertia
1540 736 1674 768 dillluunt.

892 789 974 816 quam
1007 782 1053 817 qui
1080 783 1222 818 spiritibus
1242 783 1439 817 succumbunt;
1465 783 1598 818 siquidem
1630 783 1676 818 qui

894 827 961 856 tales
982 833 1058 861 sunt,
1082 833 1193 864 propter
1218 829 1408 864 turpissimam
1438 829 1620 864 voluptatem,
1648 834 1677 856 et

893 880 953 900 eam
967 881 1027 909 qua:
1040 874 1066 901 in
1080 875 1176 902 alienis
1187 874 1299 902 minime
1313 879 1364 908 est,
1378 875 1425 902 sed
1440 882 1500 902 esse
1512 874 1628 910 videtur,
1638 875 1678 902 {e-

60 918 122 955 πρὸς
132 917 283 952 ἁμαρτίαν·
291 916 321 943 οὑ
329 916 384 952 γὰρ
393 915 494 951 φυσικὴ
505 916 521 951 ή
532 915 662 951 ἁμαρτία.
673 914 709 941 ’Ἡ
719 913 842 949 ἀλλότριά

896 919 1040 954 licitalem,
1053 927 1116 947 vera
1126 920 1195 948 bona
1212 921 1406 956 prodegcrunt.
1420 920 1516 949 Aliena
1529 926 1617 949 autem
1634 929 1679 948 vo-

60 971 120 998 φησι
136 963 170 989 τὰ
191 962 265 990 κατὰ
286 962 398 998 κόσμον,
410 962 448 994 ὡς
461 961 492 988 οὕ
507 970 579 994 τινος
597 960 669 988 ίδικὰ
688 961 770 993 ίδίως,
783 959 840 987 ἀλλ’

58 1008 86 1040 ἐξ
101 1007 185 1035 ἀλλων
206 1009 248 1040 είς
269 1007 365 1040 ἀλλους
391 1007 610 1043 μελιταϊιίπτοντα⁸
627 1006 644 1041 ἢ
667 1006 714 1032 καὶ
733 1005 772 1038 ὡς
791 1005 841 1032 οὐκ

58 1052 136 1088 οὕσης
150 1053 179 1079 δν
191 1052 298 1085 τούτοις
307 1052 353 1079 διὰ
367 1052 466 1084 παντὸς
482 1052 532 1087 τῆς
543 1051 679 1087 ἡμετέρας
694 1050 841 1086 διαγωγῆς,

58 1098 122 1125 ἀλλά
134 1099 203 1135 πρὸς
213 1099 257 1125 Ere
263 1107 306 1134 ρον
325 1098 382 1134 βίον
393 1097 510 1135 ὁρώσης,
527 1097 570 1132 ἐφ’
578 1094 600 1131 ᾧ
612 1097 660 1124 καὶ
678 1096 838 1132 γεγόναμεν.

57 1148 104 1175 Διά
117 1148 181 1183 γοῦν
194 1148 274 1176 τοῦτο
289 1148 461 1184 κυριωτέρως
472 1145 544 1175 οὗτοι
554 1147 608 1175 τῶν
618 1147 671 1174 ὑπὸ
681 1146 842 1182 πνευμάτων

58 1195 279 1222 καταπιπτὸντων
288 1194 338 1230 τῆς
346 1193 487 1225 κοινωνίας
496 1193 724 1230 ἀφορισθήσονται
733 1201 740 1208 ·
749 1192 779 1218 οὐ
787 1191 842 1228 γὰρ

59 1239 164 1275 θεμιτὸν
174 1241 267 1272 αὐτοῖς
275 1241 369 1276 ἐτέρου
383 1239 455 1272 τινος
464 1239 538 1276 ἱεροῦ
548 1238 718 1275 μετασχεῖνῆ
728 1238 778 1273 τῆς
788 1237 843 1264 τῶν

57 1286 158 1320 Λογίων
171 1286 362 1322 ἀναγνώσεως,
378 1285 416 1318 ὼς
429 1286 463 1313 ἂν
486 1286 519 1313 δι’
531 1285 620 1312 αὐτῶν
637 1284 843 1320 ὲπιστρέφοιντο

59 1332 103 1360 ἐπὶ
117 1333 152 1360 τὰ
167 1334 198 1368 ἐξ
217 1331 256 1361 ὧν
272 1333 410 1367 ἐξέπεσον.
428 1332 520 1360 Ταῦτα
532 1333 561 1360 δὲ
582 1333 670 1360 πάντα
683 1331 790 1367 εἴρηται
804 1330 843 1366 τῷ

55 1379 123 1415 ἁγίῳ
133 1379 263 1416 περὶτῶν
273 1378 414 1415 ὲμπαθῶν,
428 1379 476 1406 κα)⁸
491 1378 531 1406 ἔτι
547 1378 680 1414 μενόντων
692 1378 844 1413 ἀμετανοή-

54 1425 161 1458 των,ὡς
170 1425 228 1461 εχει
240 1425 272 1452 τὸ
285 1426 339 1453 ἀπὸ
351 1425 398 1452 τοῦ
412 1425 533 1461 μείζονος
542 1424 738 1460 ἐπιφερόμενον
745 1424 846 1459 ἐπιχεί-

57 1479 139 1507 ρημα.
148 1472 220 1507 hic).
233 1471 298 1507 γάρ·
312 1471 344 1498 El
353 1471 408 1507 γὰρ
419 1471 466 1498 καὶ
480 1470 544 1502 τοὺς
557 1470 625 1505 πρὸς
639 1470 707 1505 αὐτῇ
722 1471 755 1505 τῇ
766 1478 845 1505 μεταο

55 1516 110 1552 νοίᾳ
123 1516 204 1548 ὄντας
213 1517 231 1552 ἡ
240 1515 294 1543 τῶν
306 1515 386 1543 θείων
396 1515 536 1552 ἱερουργία
545 1514 704 1546 ἀπωθεῖται,
713 1514 743 1541 οὺ
754 1521 839 1550 προσ·

55 1563 147 1599 ιεμένη
159 1563 274 1594 τούτους
288 1562 332 1589 διὰ
348 1562 378 1589 τὸ
394 1562 430 1598 μὴ
441 1560 508 1588 εἶναι
518 1561 656 1593 παντελῶς
668 1561 840 1597 ἱερωτάτους,

52 1607 263 1644 προσφωνοῦσα,
274 1605 341 1640 οἷον,
354 1607 392 1638 ὡς
405 1606 518 1638 ἀθέατός
531 1606 588 1641 είμι
602 1605 649 1632 καὶ
662 1604 840 1640 ἀκοινώνητος

53 1656 117 1682 πᾶσι
131 1657 189 1687 τοῖς
204 1655 243 1691 μὴ
257 1654 342 1687 ἀξίοις
361 1653 401 1685 εἰς
417 1652 569 1684 κοινωνίαν,
585 1651 675 1686 πολλῷ
689 1659 721 1685 γε
741 1650 840 1686 μᾶλλον

51 1701 284 1738 ἀπειρχθήσονται
298 1700 400 1736 ταύτης
416 1700 441 1726 οἱ
454 1699 493 1726 ἔτι
508 1698 695 1735 ἀμετανόητοι.
717 1697 794 1724 Ἐπεὶ
811 1696 841 1723 δὲ

51 1747 98 1774 τοῦ
114 1748 189 1775 θείου
208 1747 275 1775 ναοῦ
296 1747 439 1782 γεγόνασιν
453 1745 515 1778 ἔξω,
530 1745 577 1772 καὶ
590 1745 615 1771 oi.
627 1744 745 1779 ἀμύητοι
757 1751 842 1778 κατη-

49 1795 190 1830 χούμενοι,
209 1795 259 1822 καὶ
272 1795 297 1822 oi.
310 1794 453 1830 ἐμπαθεῖς,
478 1792 516 1824 ὼς
532 1791 683 1819 ἀποστάται
701 1790 751 1826 τῆς
766 1790 841 1822 θείας

49 1841 138 1878 ζωῆς·
158 1842 274 1878 προσέτι
288 1841 317 1868 δὲ
342 1841 389 1867 καὶ
399 1841 423 1866 οἱ
436 1839 488 1866 ὑπὸ
505 1838 666 1873 πνευμάτων
680 1835 841 1871 ἐνοχλούμε-

48 1895 100 1918 νοι,
116 1887 273 1924 πρόστιμον
296 1886 403 1922 ἔχοντες
426 1884 476 1911 καὶ
499 1880 581 1915 οῦτοι,
592 1883 639 1910 καὶ
661 1882 711 1909 οὐκ
734 1882 842 1917 ἔχοντες

49 1934 201 1968 ἀπολογίαν
225 1933 257 1960 τὸ
285 1932 419 1963 ἀκουσίως
435 1931 559 1966 πάσχειν,
572 1930 649 1957 αὐτοὶ⁸
668 1929 722 1965 γάρ
740 1928 842 1955 ἔδωκαν

48 1979 164 2011 ἑαυτοὺς
189 1980 250 2010 τοῖς
275 1977 441 2014 ἀκαθάρτοις
466 1976 612 2012 πνεύμασι,
642 1975 679 2011 μὴ
704 1974 841 2002 συντονίαν

48 2026 117 2062 πρὸς
131 2026 166 2053 τὰ
184 2025 246 2052 Θεῖα
274 2025 321 2052 καὶ
336 2024 502 2060 στερρότητα
526 2022 703 2058 κεκτημένου
718 2019 778 2048 εἷτα
794 2021 842 2048 σὺν

46 2072 159 2105 τούτοις
183 2071 235 2099 καὶ
264 2071 288 2098 οί
318 2071 533 2106 μετανοήσαντες
557 2069 606 2105 μὲν
622 2069 669 2096 ἐπὶ
687 2070 744 2100 τοῖς
768 2067 843 2100 ἰδίοις

48 2119 203 2154 σφάλμασι,
217 2117 267 2144 καὶ
281 2117 331 2152 τῆς
347 2116 471 2148 ἐναντίας
483 2115 652 2146 ἀποστάντες
671 2113 756 2148 ζωῆς,
766 2112 843 2139 οῠπω

46 2166 73 2193 δὲ
94 2166 197 2197 τελέως
212 2163 412 2200 καθαρθέντες
427 2163 474 2190 καὶ
487 2161 545 2198 μετ’
565 2161 662 2192 αὐτοὺς
676 2161 700 2187 οἰ
716 2160 752 2196 μὴ
767 2159 844 2194 ἀμω-

49 2220 93 2246 μοι
107 2211 198 2245 πάντη
211 2210 262 2236 καὶ
275 2209 418 2245 ἁλώδητοι,
431 2207 523 2239 καθὼς
535 2207 582 2233 καὶ
592 2206 620 2233 ὲν
631 2205 669 2240 τῷ
679 2205 753 2241 νόμῳ
763 2204 794 2231 τὸ
803 2204 844 2236 είς

891 970 935 993 cat
947 973 1006 1001 qua:
1021 966 1054 993 ad
1065 971 1205 1001 peccatum
1219 967 1374 1001 pertinent;
1387 975 1438 995 non
1453 967 1525 994 enim
1537 973 1677 1002 peccatum

891 1012 1004 1047 estqui'd
1019 1012 1203 1040 naturale.Vel
1213 1012 1301 1040 aliena
1310 1013 1375 1040 dicit
1384 1020 1415 1040 ea
1425 1021 1485 1048 qua:
1498 1014 1589 1041 mundi
1601 1018 1676 1046 sunt,

891 1058 962 1093 quod
971 1057 1068 1086 nullius
1076 1058 1184 1093 proprie
1197 1059 1251 1086 sint
1260 1059 1378 1094 propria,
1391 1059 1438 1087 sed
1449 1060 1482 1087 ab
1494 1059 1553 1087 aliis
1562 1059 1594 1087 ad
1609 1060 1678 1087 alios

892 1105 1046 1136 tran’scant;
1056 1108 1101 1130 aut
1113 1104 1195 1131 etiam
1205 1104 1277 1139 quod
1292 1104 1318 1131 in
1332 1104 1375 1131 his
1387 1111 1556 1139 nequaquam
1568 1105 1678 1132 onmino

890 1150 979 1185 posita
994 1149 1130 1177 sitnostra
1141 1149 1247 1177 vivendi
1263 1150 1345 1183 ratio,
1357 1150 1404 1177 sed
1418 1150 1499 1177 aliam
1515 1151 1598 1178 vitam
1615 1158 1678 1186 spe-

892 1191 1139 1229 ctet,cujusetiam
1157 1195 1312 1231 gratia‘nati
1332 1202 1436 1223 sumus.
1453 1195 1520 1223 Cum
1539 1196 1630 1231 itaque
1649 1197 1676 1224 lii

892 1241 980 1276 magis
993 1241 1102 1276 proprie
1116 1241 1258 1276 spiritibus
1276 1241 1443 1276 subjaceant,
1463 1242 1560 1269 merito
1573 1250 1587 1269 a
1601 1249 1677 1269 com-

892 1287 1020 1315 munione
1036 1287 1219 1315 excluduntur
1238 1299 1244 1315 ;
1261 1295 1350 1322 neque
1371 1288 1445 1315 enim
1467 1288 1508 1315 eis
1534 1287 1598 1315 licet
1613 1287 1680 1315 alte-

893 1333 952 1360 rius
960 1332 1120 1368 cujusquam
1137 1333 1286 1369 participes
1301 1341 1371 1366 esse,
1388 1338 1567 1369 prmerquam
1584 1334 1678 1361 lectio-

893 1378 936 1406 nis
963 1378 1178 1413 Scripturarum,
1202 1384 1231 1406 ut
1253 1386 1302 1414 per
1328 1387 1375 1407 eas
1402 1384 1574 1407 revertantur
1588 1380 1621 1406 ad
1645 1387 1677 1407 ea

893 1424 992 1459 quibus
1013 1425 1187 1452 exciderunt.
1201 1424 1264 1452 Haec
1282 1431 1373 1452 atttem
1388 1426 1479 1452 omnia
1500 1425 1572 1452 dicta
1587 1429 1677 1452 suuta

894 1469 953 1498 viro
964 1476 1059 1498 sancto
1081 1469 1115 1498 de
1132 1470 1165 1498 iis
1180 1471 1226 1505 qui
1245 1471 1421 1505 passionibus
1434 1471 1544 1498 obnoxii
1559 1475 1633 1503 sunt,
1651 1475 1677 1498 et

894 1515 983 1543 atlmc
1000 1521 1111 1543 manent
1125 1515 1343 1551 impoenitentes,
1360 1520 1490 1551 tanquam
1506 1516 1528 1543 si
1546 1523 1561 1543 a
1578 1515 1677 1550 majori

895 1561 1015 1590 inferens
1029 1567 1277 1597 argumentaretur.
1294 1562 1323 1589 Si
1337 1563 1420 1597 enim,
1437 1563 1538 1598 inquit,
1555 1562 1615 1590 illos
1631 1563 1677 1597 qui

895 1609 921 1635 in
937 1608 993 1643 ipsa
1010 1609 1098 1636 adhuc
1125 1608 1288 1643 poenitentia
1304 1614 1449 1636 versantur
1481 1616 1620 1637 sacrorum
1636 1609 1679 1636 di-

897 1653 1024 1680 vinorum
1048 1653 1197 1681 celebratio
1219 1653 1343 1689 repellat,
1357 1661 1390 1681 eo
1403 1654 1474 1688 quod
1497 1662 1549 1681 non
1569 1653 1680 1681 omnino

894 1700 1058 1728 sanctissimi
1073 1700 1138 1732 sint.
1154 1708 1324 1735 nequaquam
1340 1707 1388 1728 eos
1400 1700 1558 1733 admittens,
1572 1700 1679 1736 precia-

893 1747 992 1773 mando
1009 1747 1212 1780 quodammodo
1227 1754 1257 1774 se
1271 1747 1400 1774 omnibus
1427 1755 1475 1774 sua
1490 1747 1678 1774 communica—

893 1794 966 1821 tione
991 1793 1111 1828 indignis
1140 1793 1306 1820 invisibilem
1338 1793 1680 1828 incommunicabilemque

897 1840 1042 1872 exsistere,
1053 1839 1138 1867 multo
1149 1839 1236 1875 magis
1250 1840 1285 1867 ab
1293 1847 1324 1867 ea
1341 1840 1506 1867 aracbuntttr
1521 1840 1568 1875 qui
1588 1840 1679 1867 adhuc

893 1886 1097 1921 impmnitentes
1122 1889 1198 1912 sunt.
1225 1884 1275 1913 Ubi
1306 1891 1396 1913 autem
1424 1894 1439 1913 a
1461 1886 1552 1913 divino
1580 1886 1679 1921 templo

893 1931 996 1958 exelusi
1017 1935 1081 1958 sunt
1109 1931 1312 1964 catechumeni.
1329 1932 1375 1967 qui
1390 1932 1503 1960 necdum
1519 1932 1607 1960 sacris
1625 1932 1679 1959 ini-

895 1977 955 2005 tiati
983 1981 1058 2010 sunt,
1083 1978 1184 2012 quique
1212 1978 1387 2013 passionibus
1402 1979 1513 2006 obnoxii
1530 1983 1603 2010 sunt,
1619 1983 1647 2005 et
1663 1986 1678 2004 a

895 2023 984 2051 divina
1008 2023 1064 2051 vita
1088 2024 1269 2057 defecerunt;
1283 2030 1365 2059 atque
1384 2024 1497 2059 insuper
1508 2025 1591 2052 etiam
1606 2026 1679 2061 quia

893 2070 1035 2104 spiritibus
1051 2075 1193 2101 vexantur.
1208 2074 1235 2097 et
1250 2071 1322 2097 hanc
1350 2078 1461 2105 ptenam
1486 2072 1615 2105 subeunt,
1629 2080 1679 2100 nec

893 2116 1099 2142 excusationem
1116 2115 1235 2148 habent,
1249 2116 1320 2150 quod
1339 2115 1397 2143 haec
1413 2116 1489 2144 inviti
1507 2117 1678 2151 sustineant,

894 2159 1023 2194 quoniam
1049 2160 1210 2195 semetipsos
1230 2161 1373 2196 spiritibus
1392 2162 1542 2190 immundis
1563 2164 1682 2191 tradide-

894 2210 972 2239 runt,
985 2214 1046 2234 cum
1072 2214 1122 2234 nec
1144 2207 1326 2235 intentionem
1351 2215 1438 2244 neque
1466 2209 1625 2237 ﬁrmitatem
1651 2210 1678 2237 in

47 2254 144 2281 θυσίαν
158 2252 288 2289 ἐζητεῖτο
309 2252 459 2288 πρόὸατον·
473 2249 550 2287 οἶμαι
566 2250 595 2277 δὲ
615 2250 703 2284 λέγειν
720 2249 841 2282 τούτους,

895 2253 995 2280 divinis
1010 2254 1163 2281 obtineant.
1180 2253 1283 2282 Deinde
1297 2262 1359 2282 cum
1373 2255 1415 2282 his
1428 2263 1535 2291 quoque
1548 2256 1597 2290 illi,
1611 2265 1681 2292 quos

46 2301 110 2332 τοὺς
124 2299 163 2335 μὴ
181 2298 321 2335 ἱερωσύνῃ
344 2297 558 2333 διαπρέποντας·
575 2295 605 2322 οὐ
624 2295 678 2331 γὰρ
700 2295 746 2321 καὶ
772 2291 845 2321 οὗτοι

47 2347 101 2380 ἔξω
114 2355 168 2374 που
182 2346 322 2375 ἵστανται,
338 2343 394 2370 ἀλλ’
410 2343 462 2375 ἔξω
484 2342 564 2378 μόνον
579 2341 626 2368 τοῦ
650 2340 844 2376 θυσιαστηρίου

48 2391 202 2425 ἱστάμενοι,
228 2388 410 2424 ἀπείργονται
429 2387 479 2423 τῆς
502 2387 578 2422 ἱερᾶς
597 2386 711 2421 ὲποψίας
730 2384 775 2411 διὰ
790 2384 846 2412 τῶν

46 2435 187 2471 ἀναμέσον
223 2433 441 2469 ὲφαπλουμένων
476 2431 754 2468 παραπετασμάτων
786 2431 846 2457 τότε

47 2483 70 2508 οί
91 2481 223 2517 πανίεροι
252 2479 463 2516 φιλοθεάμονες,
489 2477 696 2510 ἐποπτεύοντες,
717 2475 846 2512 ὑμνοῦσιν

47 2527 216 2564 ὐμνολογίαν
234 2525 395 2561 καθολικὴν,
409 2525 426 2561 ἢ
438 2525 476 2556 ὡς
487 2524 540 2551 ὑπὸ
550 2523 658 2551 πάντων
673 2522 815 2559 ᾁδομένην,
828 2521 845 2558 ἢ

46 2574 85 2606 ὡς
105 2574 180 2610 ὑπὲρ
203 2571 357 2607 καθολικῆς
374 2571 485 2607 χάριτος
505 2569 660 2606 γινομένην.
682 2568 783 2595 Τοῦτον
800 2567 846 2594 τὸν

46 2624 132 2661 ὕμνον
147 2625 175 2651 οἱ
188 2624 240 2660 μὲν
255 2622 428 2658 ὑμνολογίαν,
437 2621 461 2648 οἱ
476 2620 504 2647 δὲ
518 2620 567 2655 τῆς
580 2619 728 2656 θρησκείας
737 2618 767 2645 τὸ
778 2618 846 2653 σύμ-

46 2672 126 2699 6ολον
138 2671 289 2706 λέγουσιν’
308 2668 383 2695 ἄλλοι
393 2667 422 2694 δὲ
437 2666 581 2702 θειοτέρως
597 2664 757 2701 ἱεραρχικὴν
771 2665 848 2700 εὐχα-

47 2717 156 2753 ριστίαν
176 2716 278 2753 φασὶν,
296 2714 334 2746 ὡς
348 2713 523 2749 περιεκτικὴν
537 2711 645 2747 ἀπάσης
656 2710 727 2746 ὑπὲρ
739 2709 847 2737 πάντων

46 2765 86 2796 ιίς
102 2764 180 2800 ἡμᾶς
197 2759 315 2796 ἀγαθῶν
335 2758 523 2795 εὐχαριστίας·
547 2757 668 2793 περιέχει
692 2755 747 2791 γὰρ
763 2755 798 2782 τὰ
807 2756 848 2787 είς

47 2814 121 2849 ἡμᾶς
139 2811 239 2840 θεόθεν
258 2807 447 2844 ἀφικνούμενα
472 2807 534 2843 ιερὰ
556 2806 639 2842 δῶρα,
660 2804 708 2832 καὶ
727 2803 818 2836 καλῶς
833 2804 849 2831 ὀ

48 2862 118 2898 ὑπὲρ
134 2862 251 2889 πάντων
269 2858 350 2893 λόγος
362 2856 521 2893 εὐχαριστία
533 2856 644 2892 ἐκλήθη,
658 2855 700 2882 ὃτι
715 2855 769 2882 πᾶν
778 2853 848 2890 ὑπὲρ

47 2909 96 2944 τῆς
109 2908 258 2946 ἡμετέρας
271 2904 410 2940 σωτηρίας
425 2901 647 2939 έπραγματεύθη.
660 2901 714 2929 Καὶ
728 2900 783 2940 γὰρ
801 2900 848 2927 καὶ

895 2304 1048 2327 erratorum
1060 2300 1169 2334 quidem
1195 2307 1307 2327 suorum
1336 2301 1463 2336 paenitet,
1485 2308 1513 2329 et
1534 2303 1681 2331 contrariae

895 2346 958 2372 vitae
981 2346 1106 2373 nuntium
1133 2345 1279 2379 miserunt,
1305 2348 1426 2375 nondum
1447 2346 1538 2376 tamen
1554 2349 1676 2384 perfecte

895 2392 955 2427 puri
968 2397 1044 2426 sunt,
1061 2397 1088 2419 et
1103 2393 1252 2420 secundum
1266 2393 1316 2421 hos
1330 2393 1403 2428 iiqui
1420 2401 1474 2421 non
1499 2395 1612 2421 omnino
1628 2396 1680 2421 lm-

897 2439 1026 2466 macnlati
1040 2444 1105 2466 sunt
1119 2445 1147 2467 et
1167 2439 1333 2473 intemerati,
1350 2445 1430 2475 prout
1440 2440 1465 2468 in
1484 2440 1544 2476 lege
1559 2447 1679 2475 quoque.

897 2486 930 2513 ad
945 2486 1117 2513 sacriﬁcium
1143 2493 1229 2521 agnus
1244 2487 1433 2521 requirebatur
1449 2487 1566 2521 :opinor
1588 2490 1679 2514 autem

896 2529 1046 2566 signiﬁcari
1061 2530 1123 2558 illos
1136 2531 1182 2566 qni
1200 2539 1253 2558 non
1267 2537 1330 2559 sunt
1340 2531 1423 2568 209
1435 2532 1489 2566 apti
1504 2531 1680 2563 sacerdotio;

897 2576 1029 2611 siquidem
1045 2576 1072 2603 lii
1089 2583 1142 2603 non
1169 2581 1242 2604 stant
1263 2577 1342 2610 foris.
1358 2578 1405 2605 sed
1431 2577 1529 2610 solum,
1546 2584 1608 2605 cum
1626 2584 1680 2604 non

896 2627 986 2650 astent
1001 2621 1090 2654 altari,
1107 2629 1123 2649 a
1140 2622 1232 2650 divino
1255 2628 1366 2658 aspectu
1389 2628 1523 2650 arcentur
1545 2629 1594 2658 per
1611 2622 1682 2650 vela-

898 2669 970 2696 mina
983 2676 1044 2703 ουκ
1059 2668 1085 2695 in
1102 2669 1191 2696 medio
1206 2669 1407 2704 expanduntur.
1432 2669 1500 2696 Tum
1515 2669 1624 2696 demum
1636 2676 1681 2696 sa-

897 2713 1044 2742 cratissimi
1067 2718 1236 2749 spectatores
1252 2715 1369 2742 hostiam
1389 2713 1605 2749 contemplantes
1619 2713 1682 2740 uni.

897 2760 1003 2787 versale
1016 2759 1155 2795 quoddam
1172 2760 1262 2787 laudis
1277 2760 1417 2788 canticum
1432 2760 1591 2792 concinunt,
1607 2758 1680 2794 quod

897 2808 940 2834 vel
963 2807 997 2835 ab
1023 2807 1155 2835 universis
1180 2807 1298 2840 canitur,
1313 2807 1355 2835 vel
1371 2814 1420 2842 pro
1436 2805 1583 2835 universali
1602 2805 1680 2840 quasi

898 2854 985 2890 gratia
999 2852 1122 2882 oﬁ'ertur.
1137 2853 1214 2881 Hunc
1231 2853 1361 2889 hymnum
1385 2858 1487 2886 autem,
1511 2851 1555 2879 alii
1569 2850 1680 2886 quideu.

899 2898 1111 2934 hymuologiam,
1131 2898 1175 2925 alii
1194 2898 1332 2933 religionis
1351 2897 1502 2934 symbolum
1518 2895 1678 2931 appellant:
