1931 3073
263 169 316 198 ζῶ

844 167 871 196 S.
891 167 1038 196 DIONYSll
1055 167 1286 196 ABEOPAGITIE
1833 169 1872 197 ιιι

265 227 310 254 alii
323 232 387 253 vero
407 223 538 256 divinius.
553 223 754 251 hierarchicam
771 224 970 253 eucharistiam
996 232 1044 253 vo-

1097 225 1211 262 πρώτως
1230 225 1306 261 παρὰ
1318 225 1366 253 τοῦ
1383 226 1484 260 ἀγαθοῦ
1499 221 1566 253 Θεοῦ
1587 226 1753 263 ὑπέστημεν,
1769 228 1874 259 καὶτοῖς

264 276 339 304 cant,
355 276 385 298 ut
402 279 463 306 qua).
482 277 591 298 omnem
606 277 658 305 pro
672 271 799 298 omnibus
814 278 878 306 erga
903 279 953 298 nos
968 272 1046 300 bonis

265 318 416 352 gratiarum
445 317 581 344 actionem
600 316 813 350 complectatur;
834 317 954 344 continet
973 317 1045 344 enim

264 363 309 390 illa
325 370 402 390 sacra
416 369 529 389 munera
552 369 613 396 qua:
632 361 763 389 divinitus
782 362 815 389 ad
832 369 881 390 nos
897 362 1045 396 dimanant,

264 413 391 443 recteque
411 415 461 442 pro
488 407 616 434 omnibus
630 406 779 441 gratiarum
797 407 868 435 actio
888 413 1045 443 nuncupata

264 459 316 486 est,
336 454 400 489 quia
425 452 558 487 quidquid
582 453 615 480 ad
640 452 755 480 salutem
781 458 904 481 nostram
930 458 1046 488 spectat,

263 504 374 532 operata
390 502 441 525 est.
458 497 567 525 Etenim
577 498 694 532 primum
708 505 722 524 a
742 499 813 526 bono
823 499 878 527 Deo
893 500 1006 533 conditi,
1019 505 1048 528 et

264 544 438 580 primigeniis
463 543 713 577 pulchritudinibus
733 544 766 570 ad
783 544 993 573 deil‘ormitalem
1006 546 1048 574 ef-

263 590 373 618 formati
388 596 491 616 sumus.
519 588 684 624 Primigenia
709 597 774 617 vero
791 594 872 618 vocat
897 598 928 619 ea
942 599 1002 626 quae
1018 593 1045 621 in

263 636 353 664 divina
391 640 489 663 natura
524 635 743 669 conspiciuntur,
768 643 884 670 quorum
920 637 1045 667 homines

263 689 312 717 pro
338 686 420 716 captu
445 681 579 715 modoque
609 688 658 708 suo
686 681 759 709 Deus
773 682 918 717 participes
944 683 1045 717 elTecit,

263 732 291 754 et
305 728 331 755 in
347 727 476 762 paradiso
491 727 619 754 diviniori
643 727 679 755 ad
697 734 813 762 superna
829 728 910 755 modo
925 727 1045 765 subrige-

263 775 360 802 bamur
375 785 382 802 :
399 781 525 802 ueterum
551 782 612 802 cum
638 774 820 808 imprudentia
849 780 941 802 nostra
964 776 1043 804 bonis

263 822 317 849 illis
332 821 537 853 excidissemos,
556 820 719 854 praeparatis
742 820 818 847 hisce
845 821 923 848 bonis
938 822 970 849 ad
987 822 1041 856 pri—

1098 270 1260 306 ἀρχετύποις
1274 271 1383 299 κάλλεσι
1401 272 1468 308 πρὸς
1486 272 1517 300 τὸ
1541 272 1655 304 θεοειδες
1670 273 1875 309 ὲμορφώθημεν.

1105 317 1256 352 Ἀρχέτυπα
1267 318 1296 345 δέ
1314 327 1381 354 φησι
1395 318 1430 345 τὰ
1441 320 1473 354 τῇ
1484 319 1543 354 θείᾳ
1556 319 1635 354 φύσει
1651 319 1874 355 ἐπιθεωρούμενα,

1097 358 1134 388 ὧν
1147 363 1196 399 τὴν
1213 363 1284 390 κατὰ
1307 363 1338 390 τὸ
1362 363 1534 399 ἐνδεχόμενον
1549 365 1692 400 μετουσίαν
1704 366 1762 396 τοῖς
1778 363 1876 400 ἀνθρώ-

1098 417 1159 440 ποις
1178 408 1244 440 Θεὸς
1258 409 1423 445 ἐδωρήσατο,
1439 410 1487 437 καὶ
1502 410 1640 446 θειοτέρας
1652 411 1799 446 ἀναγωγῆς
1807 411 1835 437 ἐν
1845 409 1877 444 τῷ

1099 453 1253 489 παραδείσῳ
1273 454 1489 492 κατηξιώθημεν.
1507 454 1584 489 Εἶτα,
1601 456 1661 484 ἐπεὶ
1673 455 1703 490 ἐξ
1718 455 1878 492 ὰπροσεξίας

1098 499 1155 526 τῶν
1167 499 1276 533 ἀγαθῶν
1293 500 1403 528 ἐκείνων
1414 500 1583 537 ὲξώσθημεν,
1592 502 1800 533 ὲπισκευαστοῖς
1816 501 1879 534 ἁγα-

1099 543 1156 576 θοῖς
1175 545 1218 577 είς
1230 546 1263 572 τὸ
1283 547 1397 582 ἀρχαῖον
1416 546 1487 580 ἔγνω
1499 547 1728 580 ἀνακαλέσασθαι,
1746 547 1881 582 (ἐπισκευ-

1097 592 1166 619 αστὰ
1179 592 1206 620 δὲ
1220 592 1293 626 λέγει
1315 592 1350 619 τὰ
1370 593 1468 627 ἀγαθὰ,
1485 593 1535 625 ὃτι,
1551 594 1708 630 ἁμαρτωλοὶ
1724 595 1810 626 ὄντες,
1836 594 1882 629 χά-

1097 647 1150 675 ριτι
1164 638 1402 674 ὲκαλλωπίσθημεν
1411 639 1628 675 καὶὲσώθημεν·)
1640 641 1686 667 καὶ
1701 641 1745 668 διὰ
1755 642 1805 677 τῆς
1816 649 1882 668 παν-

1096 684 1190 716 τελοῦς
1198 683 1383 720 προσλήψεως,
1389 684 1438 719 τῆς
1445 685 1551 717 τελείας
1560 685 1630 719 λέγω
1638 687 1883 722 ἐνανθρωπήσεως,

1096 731 1146 766 τὴν
1172 731 1227 758 τῶν
1250 730 1356 757 οἰκείων
1385 731 1526 765 μετάδοσιν
1551 732 1770 768 ἀγαθουργῆσαι.
1799 733 1886 759 Τοῦτο

1099 777 1171 812 λέγει
1185 777 1231 804 και⁵
1241 777 1255 803 ὁ
1268 777 1352 812 μέγας
1369 777 1526 813 Γρηγόριος·
1539 778 1710 812 Προσέλαϐε
1723 779 1761 806 τὸ
1777 779 1887 814 χεῖρον,

1095 825 1145 851 ἵνα
1159 824 1200 857 δῷ
1213 823 1385 856 τὸβέλτιον.

263 869 364 896 stinum
393 875 443 895 nos
471 872 572 895 statum
596 874 725 894 revocare
748 867 859 895 minime
886 868 1020 897 dubitavit
1038 869 1207 905 (prmparata
1239 879 1319 905 porro
1354 877 1431 899 vocat
1457 872 1526 899 bona
1565 872 1629 906 illa;
1655 874 1791 907 quoniam
1827 882 1890 900 cum

261 921 385 941 essemus
398 917 567 948 peccatores,
579 913 667 948 gratia
678 913 776 941 salvati
807 919 836 942 et
866 914 956 942 ornati
973 916 1088 951 sumus),
1103 923 1130 944 et
1159 919 1315 946 omnimmla
1336 920 1534 953 assumptione,
1546 919 1675 954 perfecta:
1700 920 1814 954 inquam
1835 919 1887 946 hu-

262 960 416 993 manitatis,
441 959 613 995 propriorum
649 967 699 987 nos
730 959 862 987 bonorum
890 962 1036 997 participes
1054 962 1154 992 eﬂccit.
1179 963 1237 991 Hoc
1264 970 1304 992 est
1333 965 1404 1000 quod
1448 971 1475 993 et
1509 973 1624 1000 magnus
1650 964 1804 1000 Gregorius
1826 966 1884 992 ait:

261 1006 408 1040 Auumpsit
420 1006 544 1038 deterius,
562 1011 588 1032 ut
602 1005 676 1032 daret
692 1005 720 1032 id
734 1006 804 1040 quod
818 1011 855 1034 est
874 1007 976 1034 melius.

299 1051 314 1088 ξ
332 1051 399 1080 Vlll.
414 1050 482 1079 Nota
497 1059 560 1078 vero
572 1056 601 1078 ut
615 1052 769 1079 summatim
786 1052 828 1080 his
841 1053 999 1088 complexus
1010 1054 1044 1082 sit

1132 1054 1146 1091 ς
1166 1054 1233 1081 Vlll.
1253 1055 1409 1090 Σημείωσαι
1425 1054 1467 1086 δὲ,
1485 1055 1524 1081 ὅτι
1540 1055 1733 1089 κεφαλαιωδῶς
1746 1055 1798 1091 τὴν
1812 1056 1885 1091 ἱερὰν

262 1106 366 1126 sacram
378 1105 485 1125 onmem
502 1098 700 1132 hymnologiam
714 1098 861 1125 secundum
877 1106 957 1133 quam
969 1099 1045 1127 beni-

262 1145 364 1180 gnitate
388 1144 434 1172 Dei
457 1144 626 1176 collaudata,
651 1143 800 1178 propositis
822 1145 978 1173 muneribus
1003 1152 1046 1172 co-

262 1191 376 1225 opertis,
396 1189 524 1217 salutatio
540 1197 572 1217 ac
589 1190 739 1217 tabularum
754 1190 878 1219 recitatio
895 1190 996 1217 ﬁnitur.
1008 1191 1047 1218 Ac

261 1237 388 1265 salutatio
408 1236 518 1270 quidem
543 1235 675 1270 designat,
696 1236 830 1270 quomodo
849 1237 882 1263 ad
898 1244 980 1264 unum
998 1236 1046 1263 ali-

261 1291 340 1319 quem
362 1287 461 1310 statum
482 1289 530 1316 per
547 1290 652 1309 sacram
665 1283 882 1311 communionem
898 1283 1045 1311 adducendi

260 1330 317 1356 sint.
333 1328 373 1356 illi
390 1328 435 1362 qui
451 1327 493 1354 vel
510 1335 601 1355 secum
618 1328 679 1361 ipsi,
701 1327 742 1354 vel
763 1335 822 1354 cum
842 1328 902 1355 aliis
916 1328 942 1355 in
958 1328 1047 1362 aliquo

261 1374 437 1402 dissidebant.
458 1373 513 1402 Nos
528 1374 618 1408 itaque
638 1374 764 1401 salutatio
778 1373 830 1401 sibi
839 1373 963 1408 .invicem
984 1382 1048 1401 con-

259 1420 336 1457 jungi
350 1420 495 1455 signiﬁcat.
506 1420 647 1453 Quomodo
658 1425 748 1447 autem
764 1419 871 1448 secum?
885 1419 952 1452 Quia
967 1421 1048 1446 nimi-

260 1476 319 1495 rum
335 1467 392 1502 ipse
409 1474 501 1494 secum
516 1466 630 1500 quilibet
645 1467 752 1499 unitnr,
772 1470 800 1493 et
812 1465 847 1493 ad
864 1473 945 1493 unum
981 1467 1047 1495 aﬂ‘c-

253 1514 430 1546 ctumfertur,
443 1514 519 1541 verbi
530 1513 628 1548 gratia,
641 1513 790 1540 fraternam
806 1513 1045 1548 conspirationem.

259 1560 317 1586 Nisi
336 1559 407 1587 enim
423 1559 456 1586 ad
473 1567 553 1586 unum
568 1559 631 1593 quis
644 1565 705 1585 sese
721 1559 840 1593 colligat,
857 1563 886 1586 ut
904 1557 983 1586 talem
996 1558 1046 1584 ali-

259 1613 339 1640 quem
351 1604 477 1633 aﬂ'ectum
494 1605 640 1639 concipiat,
650 1612 786 1639 nunquam
801 1605 888 1639 ipsum
902 1604 1047 1639 exprimet.

261 1652 325 1679 Haec
347 1657 438 1678 autem
461 1655 604 1686 geruntur,
628 1651 704 1686 quasi
730 1651 841 1678 minime
856 1651 983 1679 decorum
1000 1651 1045 1683 sit,

260 1706 307 1725 eos
323 1697 368 1732 qui
391 1698 417 1724 in
443 1697 520 1724 altari
542 1698 697 1732 congregati
716 1697 926 1733 coniunguntur,
949 1697 1045 1724 iterum

1097 1101 1256 1137 ὑμνολογίαν
1277 1102 1365 1127 πᾶσαν
1394 1101 1423 1128 ὲν
1439 1100 1542 1131 τούτοις
1560 1100 1676 1132 διέλαϐε,
1699 1100 1762 1127 καθ’
1783 1102 1816 1136 ἢν
1836 1101 1884 1136 τῆς

1100 1147 1304 1184 φιλανθρωπίας
1327 1147 1374 1174 τοῦ
1397 1146 1465 1173 Θεοῦ
1485 1145 1661 1181 ὑμνηθείσης,
1684 1146 1883 1182 περικεκαλυμ-

1098 1193 1184 1228 μένων
1210 1193 1343 1228 κειμένων
1360 1192 1414 1219 τῶν
1426 1192 1530 1227 δώρων,
1552 1193 1567 1218 ὁ
1587 1192 1732 1227 ἀσπασμὸς
1757 1191 1880 1223 τελεῖται,

1097 1238 1210 1266 καὶτῶν
1226 1238 1363 1273 πτυχῶνὴ
1377 1238 1536 1273 ἀνάρῤησις.
1552 1237 1606 1263 Καὶ
1623 1237 1637 1263 ὁ
1659 1237 1709 1272 μὲν
1728 1237 1880 1273 ἀσπασμὸς,

1096 1285 1136 1311 ὅτι
1154 1293 1212 1316 πως
1231 1284 1440 1319 συναχθήσονται
1463 1283 1508 1308 ἐπὶ
1528 1282 1576 1318 τὴν
1593 1282 1697 1310 ἑνιαίαν
1712 1284 1822 1320 ἐκείνην
1842 1284 1880 1310 διὰ

1096 1330 1146 1365 τῆς
1163 1331 1242 1364 ἁγίας
1262 1330 1436 1366 μεταλήώεως
1452 1329 1617 1357 κατάστασιν
1630 1330 1654 1356 οἰ
1667 1329 1828 1366 διῃρημένοι
1840 1340 1879 1357 κα-

1095 1377 1129 1404 τά
1142 1385 1168 1403 τι
1181 1377 1198 1412 ἢ
1211 1376 1278 1411 πρὸς
1290 1376 1401 1408 ἑαυτοὺς
1412 1375 1428 1410 ἢ
1447 1375 1514 1411 πρὸς
1527 1374 1666 1410 ἀλλήλους.
1685 1376 1722 1403 Τὸ
1739 1376 1805 1410 γοῦν
1818 1378 1878 1413 πρὸς

1096 1421 1224 1456 ἀλλήλους
1240 1420 1359 1458 ἡνῶσθαι
1376 1421 1389 1447 ὁ
1405 1419 1548 1455 ἀσπασμὸς
1558 1420 1642 1456 δηλοῖ.
1655 1421 1692 1447 Τὸ
1703 1421 1732 1448 δὲ
1742 1422 1811 1458 πρὸς
1824 1423 1878 1449 ἑαυ-

1095 1468 1158 1500 τοὺς
1180 1467 1253 1501 πῶς;
1280 1468 1315 1494 Ἢ
1332 1467 1451 1503 δηλονότι
1474 1467 1522 1493 καὶ¹
1545 1466 1658 1498 ἕκαστος
1681 1467 1799 1499 ὲνίζεται
1818 1470 1876 1504 πρὸς

1096 1514 1201 1547 ἑαυτὸν,
1223 1514 1269 1541 καὶ
1285 1515 1324 1546 εἰς
1345 1513 1407 1549 μίαν
1429 1513 1517 1549 ὁρμὴν
1537 1512 1667 1548 φέρεται,
1685 1513 1735 1548 τὴν
1755 1515 1822 1550 πρὸς
1838 1515 1876 1541 τὸν

1096 1561 1208 1596 ἀδελφὸν
1224 1560 1342 1596 δηλονότι
1364 1559 1522 1595 σύμπνοιαν.
1542 1560 1572 1586 Et
1595 1559 1650 1594 γὰρ
1676 1559 1714 1595 μὴ
1732 1561 1827 1587 ἑαυτὸν
1842 1569 1876 1591 τις

1097 1607 1135 1638 εἰς
1153 1606 1183 1633 τὸ
1204 1606 1232 1633 ἓν
1252 1605 1357 1639 συνάξει
1373 1605 1497 1638 γενέσθαι
1514 1605 1619 1631 τοιᾶσδέ
1633 1613 1705 1637 τινος
1717 1606 1817 1641 ὁρμῆς,
1834 1607 1876 1633 ούκ

1097 1651 1129 1678 ἂν
1141 1652 1181 1683 είς
1191 1651 1269 1678 τοῦτο
1281 1651 1410 1686 ὁρμήσειε
1423 1649 1542 1676 πώποτε.
1561 1649 1654 1676 Ταῦτα
1666 1650 1695 1676 δὲ
1708 1651 1875 1686 πράττονται,

1097 1697 1134 1729 ὼς
1155 1697 1185 1723 οὐ
1206 1696 1286 1723 καλὸν
1304 1696 1333 1723 ὃν
1354 1696 1558 1731 ἑνοποιηθέντας
1579 1695 1678 1728 αὐτοὺς
1695 1698 1729 1732 τῇ
1743 1697 1818 1729 ἐντὸς
1836 1696 1875 1723 τοῦ

260 1743 341 1770 dilabi
359 1743 385 1770 in
403 1742 504 1770 divisas
520 1743 682 1778 cupiditates
693 1763 701 1775 ,
721 1751 736 1770 e
754 1743 851 1777 quibus
865 1743 975 1770 omnino
985 1751 1045 1778 per-

1098 1743 1171 1779 ίεροῦ
1185 1743 1376 1779 θυσιαστηρίου
1394 1743 1550 1778 συναγωγῇ,
1562 1742 1607 1768 ἐπὶ
1622 1741 1673 1774 τὰς
1688 1743 1820 1779 μεριοτὰς
1836 1744 1875 1770 καὶ

259 1790 377 1816 turbata:
406 1793 503 1816 contra
532 1792 655 1816 naturam
691 1788 838 1816 inimicitiae
867 1789 1045 1817 suscitantur.

259 1837 398 1864 Adversus
411 1841 502 1863 autem
523 1836 641 1871 aequales
655 1836 730 1870 dicit,
743 1836 768 1864 id
783 1841 824 1863 est
843 1836 981 1864 hominum
998 1837 1046 1864 ad-

261 1890 353 1910 versus
376 1882 510 1910 homines.
540 1883 608 1910 Illud
627 1886 716 1909 autem
735 1882 817 1917 210
832 1882 866 1910 ad
878 1882 903 1909 id
918 1884 988 1917 quod
1002 1890 1045 1910 se-

260 1929 378 1957 cundum
400 1934 526 1957 naturam
546 1933 600 1962 est,
615 1928 640 1956 id
656 1933 697 1956 est
712 1928 745 1955 ad
761 1929 879 1961 bonum;
896 1928 1045 1955 humanum

259 1976 331 2003 enim
358 1975 458 2003 bonum
483 1981 563 2002 omne
588 1978 631 2002 est
650 1973 799 2002 secundum
815 1978 957 2006 naturam,
976 1973 1046 2001 sicut

260 2022 359 2049 malum
381 2025 475 2049 contra
497 2025 635 2048 naturam.
657 2020 704 2048 Vel
722 2020 803 2047 etiam
823 2020 952 2054 aequalem
968 2024 1046 2047 vocat

259 2068 378 2103 ejusdem
398 2073 503 2094 natura:
523 2065 671 2098 hominem,
690 2066 746 2093 sive
765 2066 928 2100 proximum.

296 2113 311 2150 §
332 2113 379 2142 1X.
410 2113 485 2140 Hanc
508 2114 598 2147 itaque
618 2111 788 2145 conjunctam
811 2110 893 2138 vitam
919 2110 1046 2138 salutatio

260 2160 365 2191 sancit,
393 2160 456 2187 dum
479 2159 567 2186 simile
591 2157 728 2185 in'simili
746 2157 875 2189 collocat,
907 2162 934 2183 et
956 2156 1046 2184 divina

259 2205 453 2239 induvitluaqne
488 2211 503 2231 ιι
544 2203 661 2230 divitluis
704 2202 883 2237 humanisque
919 2203 1045 2229 secernit.

263 2250 295 2277 ιιι
329 2251 369 2277 sic
397 2249 506 2284 quidem
535 2249 639 2282 hasque
666 2247 701 2275 ob
726 2254 822 2275 causas
848 2248 878 2275 ﬁt
902 2247 1044 2282 salutatio;

262 2296 413 2323 tabularmn
432 2303 497 2323 vero
522 2295 644 2322 recitatio
670 2295 830 2328 deprtedicat
847 2302 894 2322 eos
921 2295 965 2328 qui
985 2303 1047 2323 san-

1097 1788 1177 1815 πάλιν
1190 1789 1368 1815 καταπίπτειν
1379 1788 1536 1823 ἐπιθυμίας,
1549 1787 1578 1820 ἐξ
1586 1783 1624 1813 ὧν
1634 1788 1744 1821 πάντως
1755 1789 1786 1825 δη
1792 1797 1875 1824 μιουρ⁴

1096 1834 1205 1869 γοῦνται
1224 1835 1251 1860 αἱ
1270 1834 1401 1869 ἐμπαθεῖς
1417 1833 1559 1868 ἀπέχθειαι
1576 1832 1645 1868 πρὸς
1658 1833 1689 1860 τὸ
1706 1834 1777 1861 κατὰ
1794 1835 1873 1870 φύσιν.

1102 1882 1247 1918 Ὀμοειδεῐς
1266 1882 1294 1908 δὲ
1313 1881 1386 1916 λέγει
1404 1880 1504 1912 ταύτας
1521 1880 1559 1912 ὡς
1579 1879 1732 1916 ἀνθρώπων
1754 1882 1820 1917 πρὸς
1835 1882 1874 1908 ἀν-

1097 1929 1230 1966 θρώπους.
1261 1929 1297 1955 Τὸ
1324 1929 1352 1955 δὲ
1374 1929 1442 1964 πρὸς
1461 1928 1491 1955 τὸ
1514 1927 1585 1955 κατὰ
1605 1927 1704 1962 φύσιν,
1728 1928 1759 1955 τὸ
1784 1928 1874 1963 ἀγαθὸν

1096 1975 1230 2012 δηλονότιο
1251 1976 1304 2002 πᾶν
1326 1974 1379 2010 γὰρ
1400 1973 1566 2009 ἀνθρώπινον
1584 1974 1686 2008 ἀγαθὸν
1706 1975 1776 2002 κατὰ
1793 1974 1873 2010 φύσιν,

1096 2022 1132 2054 ὡς
1149 2022 1179 2048 τὸ
1191 2021 1275 2048 κακδν
1286 2020 1360 2056 παρὰ
1373 2021 1462 2055 φύσιν.
1473 2020 1508 2046 ’Ἡ
1521 2019 1574 2055 μὴν
1591 2020 1637 2046 τὸν
1650 2021 1761 2057 ὁμοειδῆ
1773 2022 1818 2049 καὶ
1833 2020 1874 2055 τῆς

1098 2068 1178 2104 αὐτῆς
1196 2067 1301 2103 φύσεως
1314 2067 1463 2102 ἄνθρωπον,
1478 2065 1565 2092 εἴτουν
1577 2066 1624 2092 τὸν
1638 2067 1761 2103 πλησίον.

1133 2114 1146 2150 §
1170 2114 1213 2140 IX.
1239 2113 1344 2149 Ταύτην
1363 2111 1408 2139 οὖν
1426 2113 1475 2147 τὴν
1494 2111 1596 2138 ἑνιαίαν
1617 2111 1695 2148 ζωὴν·
1708 2115 1722 2140 ὁ
1740 2112 1874 2148 ἀσπασμὸς

1096 2160 1251 2196 νομοθετεῖ,
1270 2159 1398 2194 ἐνιδρύων
1416 2158 1454 2194 τῷ
1466 2158 1550 2193 ὁμοίῳ
1573 2158 1603 2184 τὸ
1624 2159 1728 2194 ὅμοιον,
1752 2161 1798 2187 καὶ
1817 2161 1875 2186 ἀπο-

1095 2205 1255 2232 διαστέλλων
1272 2204 1307 2231 τὰ
1319 2204 1377 2231 θεῖα
1394 2204 1441 2231 καὶ
1461 2205 1547 2231 ἐνιαῖα
1565 2203 1621 2230 τῶν
1640 2206 1760 2241 μερικῶν
1774 2206 1819 2232 καὶ
1834 2206 1873 2231 ἀν-

1095 2251 1248 2287 θρωπίνων.
1283 2251 1338 2277 Καὶ
1369 2250 1383 2276 ὁ
1418 2249 1465 2284 μὲν
1498 2249 1644 2284 ἀσπασμὸς
1670 2250 1742 2278 οὓτω
1767 2251 1813 2278 καὶ
1837 2249 1874 2276 διὰ

1095 2296 1194 2323 ταῦτα·
1213 2297 1229 2331 ἡ
1241 2296 1269 2322 δὲ
1281 2296 1334 2322 τῶν
1346 2294 1456 2330 πτυχῶν
1467 2294 1617 2330 ἁνάρῤησις
1629 2296 1809 2332 ἀνακηρύττει
1819 2295 1873 2325 τοὺς

261 2347 305 2370 cte
325 2342 460 2374 vixerunt,
482 2341 602 2375 quinimo
626 2342 708 2369 etiam
732 2341 854 2368 viventes
881 2341 982 2368 excitat
1013 2341 1045 2368 ad

1097 2341 1260 2377 βεϐιωκότας
1275 2341 1364 2372 ὁσίως,
1377 2341 1406 2366 ού
1426 2340 1478 2375 μὴν
1493 2339 1533 2371 δὲ,
1554 2340 1622 2367 ἀλλὰ
1633 2342 1680 2368 καὶ
1698 2343 1761 2374 τοὺς
1779 2341 1872 2373 ζῶντας

261 2389 424 2422 t-juscemodi
448 2387 662 2420 aemulationem;
686 2395 738 2414 non
755 2388 827 2414 enim
846 2392 954 2415 sanctos
968 2389 1044 2423 quasi

1097 2388 1223 2423 διεγείρει
1244 2388 1283 2419 εἰς
1294 2387 1339 2414 τὸν
1358 2386 1405 2412 τοῦ
1423 2385 1515 2420 ὁμοίου
1533 2385 1614 2420 ζῆλον
1626 2395 1632 2402 ·
1648 2388 1708 2414 οὐδὲ
1725 2387 1778 2424 γὰρ
1790 2388 1825 2418 ὡς
1836 2394 1872 2412 τε-

263 2439 383 2460 mortuos
401 2434 540 2465 habemus,
562 2435 607 2460 sed
624 2438 651 2460 ut
668 2434 786 2462 viventes
808 2434 889 2460 vilam
905 2434 1043 2461 meliorem

1097 2433 1276 2468 λευτήσαντας
1301 2432 1397 2466 ἔχομεν
1426 2431 1488 2462 τοὺς
1509 2431 1619 2465 ἁγίους,
1650 2431 1707 2459 ἀλλ’
1723 2433 1760 2464 ὡς
1780 2430 1872 2463 ζῶντας

262 2485 344 2514 atque
370 2480 572 2514 sempiternam.
602 2479 706 2514 Accipit
730 2484 819 2507 autem
843 2479 893 2506 hoc
911 2488 944 2507 ex
967 2479 1044 2507 Salo-

1097 2479 1237 2515 κρείττονα
1264 2478 1335 2513 ζωὴν
1358 2478 1405 2503 καὶ
1426 2477 1519 2503 ἀΐδιον.
1546 2477 1688 2513 Λαμϐάνει
1705 2479 1733 2505 δὲ
1748 2478 1823 2504 τοῦτο
1844 2478 1871 2502 ἐκ

264 2533 343 2553 tnone
365 2526 470 2552 dicente
496 2534 503 2553 :
526 2524 598 2552 Jum’
618 2526 644 2552 in
671 2531 821 2560 perpetuum
843 2527 928 2553 vivunt
954 2531 982 2559 r;
1010 2534 1044 2553 cx

1098 2524 1267 2560 Σολομῶντος
1278 2532 1284 2538 ·
1299 2523 1419 2553 Δίκαιοι,
1433 2522 1567 2556 λέγοντος,
1579 2525 1622 2556 είς
1633 2523 1687 2551 τὸν
1699 2524 1789 2551 αἰῶνα
1799 2522 1869 2553 ζῶσι,

1097 2571 1144 2597 καὶ
1164 2570 1218 2597 ἀπὸ
1233 2569 1288 2596 τῶν
1307 2568 1387 2604 ιερῶν
1402 2567 1589 2602 Εὐαγγελίων·
1615 2571 1645 2596 '0
1670 2571 1814 2597 πιστεύων
1832 2569 1869 2599 εἰς

1095 2617 1157 2651 ἐμὲ,
1180 2615 1238 2643 κᾶν
1251 2614 1396 2648 ἀποθάνῃ,
1415 2613 1542 2647 (ﬁderat.
1565 2615 1610 2650 Μὴ
1631 2615 1709 2650 μόνον
1720 2615 1783 2650 γοῦν
1797 2614 1867 2650 ἡμεῖς

263 2571 348 2599 sacris
376 2571 525 2606 Evangeliis
551 2580 558 2599 :
587 2571 640 2603 Qui
665 2571 744 2598 credit
771 2573 797 2598 in
825 2580 865 2599 me
881 2592 888 2604 ,
915 2572 991 2599 etiam
1021 2572 1044 2599 si

263 2624 382 2645 mortuus
420 2617 511 2652 fuerit,
546 2617 645 2646 vit'et'.
675 2617 732 2644 Non
763 2618 849 2646 solum
881 2619 970 2652 itaque
995 2626 1045 2646 nos

263 2669 418 2691 sanctorum
444 2663 608 2690 mentionem
634 2663 756 2696 facimus,
785 2672 876 2691 verum
901 2665 981 2691 etiam
995 2664 1045 2691 hos

263 2708 360 2736 divina:
392 2709 528 2736 memoriae
563 2708 731 2736 exhibemus.
764 2709 828 2737 Post
853 2710 910 2737 haec
938 2717 1044 2744 quoque

262 2754 329 2782 dicit
355 2756 490 2789 quomodo
516 2754 606 2782 divina
630 2755 677 2782 liat
697 2756 916 2783 commemoratio
941 2764 947 2782 :
969 2757 1042 2791 quod

262 2800 334 2827 enim
353 2800 380 2827 in
401 2801 539 2836 prophetis
554 2801 652 2829 dicitur
670 2810 678 2828 :
700 2801 854 2830 Meminisse
874 2810 966 2831 coram
990 2802 1043 2830 Do-

300 2884 312 2900 ι’
324 2879 392 2914 Sap.
408 2886 437 2912 v,
455 2880 495 2910 l6,
518 2885 527 2899 ι
541 2878 619 2907 Joan.
637 2887 674 2914 χι,
691 2878 733 2907 25.

1096 2662 1149 2689 τῶν
1160 2662 1241 2689 ὁσίων
1257 2660 1470 2697 μνημονεύομεν,
1484 2659 1551 2686 ἀλλὰ
1566 2661 1613 2687 καὶ
1628 2663 1660 2697 τῇ
1673 2661 1718 2688 τοῦ
1731 2660 1795 2688 Θεοῦ
1809 2667 1866 2695 μνη-

1098 2708 1199 2744 μοσύνῃ
1211 2707 1322 2739 τούτους
1335 2706 1504 2742 ἁνατίθεμεν.
1521 2706 1599 2734 Μετὰ
1614 2707 1708 2740 ταῦτα,
1729 2707 1774 2735 καὶ
1786 2706 1839 2737 πῶς
1851 2704 1864 2739 ή

1096 2754 1154 2780 θεία
1167 2754 1259 2789 μνήμη
1272 2753 1386 2787 γίνεται,
1399 2752 1488 2786 λέγει·
1501 2750 1532 2778 τὸ
1546 2751 1600 2789 γὰρ
1611 2753 1752 2789 λεγόμενον
1763 2755 1790 2780 ὲν
1804 2760 1862 2787 τιρο-

1096 2802 1206 2836 φήταις,
1228 2799 1396 2835 ’Δναμνῆσαι
1411 2797 1526 2826 ἐνώπιον
1543 2799 1655 2835 Κυρίου,
1677 2801 1724 2836 οὺχ
1745 2799 1825 2830 οὕτως
1836 2797 1859 2822 δὲ
