1931 3073
80 182 140 210 465

369 179 412 207 ne
429 179 568 207 ECCLES.
587 178 784 211 HIERARCH.,
801 179 876 207 CAP.
895 179 938 208 ιιι.
949 196 985 200 -
1001 172 1425 210 “munimentum:

1663 184 1712 212 466

74 241 163 272 νοεῖν,
181 239 218 271 ὡς
236 239 285 274 τῆς
305 239 413 273 μνήμης
430 237 476 263 τοῦ
497 236 564 264 Θεοῦ
588 237 787 273 ἁνανεουμένης
799 238 827 263 ὲν
841 238 866 272 τῇ

927 228 1011 270 mino,
1035 246 1087 266 non
1116 238 1152 265 ita
1173 237 1393 273 intelligendum,
1413 239 1491 274 quasi
1513 240 1558 268 Dei
1580 243 1711 269 memoria

76 286 219 321 φαντασίᾳ
237 284 284 311 τοῦ
308 283 481 320 ἡγεμονικοῦ,
500 284 568 318 ὅπερ
579 282 687 310 ἐπὶτῶν
700 284 782 319 σαρκὶ
792 291 874 319 προσ-

73 331 231 366 δεδεμένων
250 329 368 366 νοερῶν,
391 329 463 356 τοῦτ’
495 329 568 356 ἐστιν
591 328 687 364 ἡμῶν,
712 329 871 364 ωμὸαίνει·

75 378 152 404 ἀλλὰ
170 378 262 413 μνήμη
285 376 353 403 Θεοῦ
366 376 470 410 λέγοιτο
487 376 520 403 ἂν
538 376 650 408 εἰκότως
668 377 684 412 ἡ
706 376 805 410 γνῶσις
825 375 871 402 τοῦ

74 423 162 456 Θεοῦ,
181 423 241 450 καθ’
259 425 293 460 ἢν
316 422 443 457 γινώσκει
461 422 523 454 τοὺς
541 422 675 453 τελείους,
700 421 825 453 θεοειδεῖς
843 422 872 448 ὲν

75 469 158 505 αὐτῷ
175 469 350 505 γιγνομένους
363 469 396 495 δι’
408 468 535 503 ἐναρέτου
555 467 624 502 βίου,
643 467 690 494 καὶ
709 467 872 500 ἀξιωθέντας

73 515 132 550 τῆς
152 515 330 550 ἀνεπιλήστου
351 514 413 549 περὶ
426 513 514 540 αὐτῶν
529 513 666 547 γνώσεως,
685 512 776 544 καθὼς
802 521 872 549 παρα

76 561 178 588 ιστῶσι
202 562 248 588 καὶ
272 560 306 588 τὰ
324 560 508 596 παρατεθέντα
532 560 590 587 θεῖα
613 559 699 595 ῥητά*
722 559 817 594 Τίμιος
837 559 872 586 δὲ

74 606 223 633 ἐναντίον
240 606 352 639 Κυρίου
372 606 388 632 ὀ
403 604 462 631 τῶν
482 605 576 632 ὁσίων
594 604 731 637 θάνατος,
755 604 785 630 οὐ
809 604 870 631 καθ’

74 652 90 678 ὃ
109 651 205 683 ἁπλῶς
221 651 334 682 θάνατος
350 651 397 677 καὶ
417 650 551 683 διάζευξις
562 649 651 684 ψυχῆς
664 649 719 676 ἀπὸ
733 648 868 684 σώματος,

74 700 151 727 ἀλλὰ
167 701 260 727 καθότι
273 702 296 727 οι
317 700 383 727 θεῖοι
395 700 491 736 ἄνδρες
503 699 668 726 τελειοῦνται
681 700 709 725 ὲν
729 699 848 735 ὁσιότητι
861 709 868 715 ·

74 747 176 783 ὥσπερ
197 747 310 782 λέγομεν
328 748 374 773 καὶ
394 746 487 782 τιμίαν
500 745 603 778 ἅλυσιν,
623 746 653 773 οὺ
671 745 730 773 καθ’
747 746 829 782 αὐτὴν
840 746 870 772 τὸ

73 793 172 828 τίμιον
186 793 308 828 ἔχουσαν,
324 792 391 819 ἀλλὰ
402 792 468 819 διότι
481 791 623 828 περιετέθη
641 792 711 828 ὑπὲρ
726 793 809 827 αὐτῆς
820 792 869 826 τῆς

75 838 222 870 εὐσεϐείας
241 837 279 873 τῷ
296 847 329 874 κη
336 837 456 874 ρύττοντι
472 838 521 874 τὴν
538 838 686 865 εὐσέϐειαν.
706 838 824 864 Κάκεῖνο
840 837 868 866 δὲ

74 883 108 910 τὸ
125 884 176 920 τῆς
199 884 267 920 πρὸς
290 883 335 910 τον
361 884 477 920 Χριστὸν
503 884 624 916 ένώσεως
643 883 794 919 ἀδιαίρετον
815 882 868 910 τῶν

75 930 166 964 ἁγίων
189 930 362 966 παρίστησιν,
375 930 415 957 ὅτι
431 929 484 957 τῶν
496 931 593 966 τιμίων
611 929 718 966 δωρεῶν
732 930 864 957 ἐπιτεθει-

75 976 145 1008 σῶν,
156 977 321 1009 ἀδιαστάτως
329 978 344 1012 ἡ
353 977 407 1004 τῶν
421 977 558 1012 ὀνομάτων
575 976 739 1012 άνακήρυξις
751 977 863 1011 γίνεται.

113 1022 128 1057 §
152 1021 186 1049 Χ.
206 1022 314 1048 Τούτων
333 1020 377 1049 οὖν
389 1022 549 1056 γεγονότων,
571 1022 691 1048 νίπτεται
707 1022 756 1054 τὰς
774 1023 866 1057 χεῖρας

74 1067 89 1094 ὁ
101 1069 234 1104 ἰεράρχης
245 1068 396 1104 ἔμπροσθεν
407 1068 460 1094 τῶν
469 1068 548 1104 ῑερῶν
562 1068 701 1104 συμϐόλων
713 1067 807 1100 ἑστὼς,
821 1068 867 1095 καὶ

76 1113 138 1149 μετ’
161 1113 243 1140 αὐτοῦ
263 1114 382 1146 ἅπαντες
401 1115 425 1140 οἱ
445 1115 536 1150 ἱερεῖς.
554 1113 588 1140 Ἦ
607 1113 635 1140 δὲ
648 1114 697 1150 τῆς
716 1113 867 1147 συντάξεως

73 1160 231 1194 ἀνάγνωσις
255 1159 315 1186 καθ’
341 1160 493 1196 ὑπερϐατόν
514 1160 596 1191 ἐστιν,
615 1160 656 1186 ὅτι
680 1157 785 1195 μὲνοῦν
797 1160 811 1185 ὁ
825 1159 868 1185 λε-

74 1205 208 1241 λουμένος
225 1206 254 1232 οὐ
269 1205 363 1242 χρῄζει
383 1206 578 1233 ἀπονίπτεσθαι
593 1206 673 1241 ἕτερα
692 1206 772 1242 μέρη,
790 1206 814 1232 εί
830 1206 867 1243 μὴ

74 1251 110 1278 τὰ
128 1251 203 1287 ἄκρα
220 1253 267 1278 καὶ
288 1252 322 1278 τὰ
341 1252 452 1288 ἔσχατα·
468 1253 513 1287 ἀφ’
531 1250 564 1288 ἦς
576 1253 608 1288 δὴ
621 1252 773 1287 ἀπονίψεως
781 1253 811 1279 ὲν
819 1261 869 1279 κα-

74 1297 149 1332 θαρᾷ
166 1297 222 1329 ἕξει
241 1298 394 1334 γενόμενος,
414 1299 548 1335 ἄχραντον
570 1299 711 1334 ποιήσεται
730 1298 779 1334 τὴν
800 1298 868 1334 πρὸς

74 1343 120 1369 τὸν
141 1343 210 1370 Θεὸν
221 1345 387 1380 ἐπιστροφὴν
399 1364 405 1376 ,
420 1347 430 1356 ·
447 1345 460 1370 ό
475 1345 546 1380 ἱερὸς
557 1345 656 1380 λουτὴρ
667 1346 681 1371 ὁ
700 1345 728 1371 ἐν
741 1343 779 1379 τῷ
795 1344 869 1380 νόμῳ

74 1390 232 1425 εἰρημένος,
258 1390 304 1416 καὶ
328 1391 343 1426 ἡ
364 1390 411 1417 νῦν
433 1391 558 1427 ἀπόνιψις
578 1391 632 1418 τῶν
651 1390 760 1426 χειρῶν,
777 1390 867 1426 δηλοῖ·

76 1433 156 1460 τοῦτο
178 1435 232 1470 γάρ
255 1435 312 1461 ἐστι
337 1435 367 1462 τὺ
387 1436 585 1463 ὑπαινίσσεται.
609 1436 652 1467 Ὠς
678 1435 732 1471 γὰρ
754 1437 768 1462 ὁ
789 1434 870 1470 νόμος

77 1477 133 1514 εἶχε
145 1479 276 1516 λουτῆρα,
293 1481 379 1513 οὕτως
393 1481 509 1508 ἐνταῦθα
523 1483 538 1518 ἠ
553 1482 679 1516 ἁπόνιψις
697 1481 800 1515 γίνεται
815 1481 869 1507 τῶν

78 1524 188 1559 χειρῶν.
215 1525 243 1552 '0
263 1525 291 1552 δὲ
315 1526 391 1560 ἆγιος
421 1527 467 1553 καὶ
490 1527 520 1553 τὸ
540 1527 589 1559 τὰς
611 1529 705 1562 χεῖρας
730 1526 870 1553 νίπτεσθαι

76 1569 171 1604 ἀνάγει
182 1579 188 1585 ·
205 1570 329 1606 δηλοῦται
350 1571 403 1608 γὰρ
416 1572 540 1598 ἐντεῦθεν
553 1573 568 1607 ὴ
583 1572 664 1607 μέχρι
676 1571 729 1598 τῶν
748 1571 868 1606 ἐσχάτων

76 1615 213 1652 ἀκροτάτη
227 1617 359 1652 κάθαρσις
368 1626 375 1632 ·
384 1618 484 1653 ἔσχατα
497 1617 551 1653 γὰρ
568 1618 616 1644 καὶ
629 1618 700 1653 ἄκρα
711 1617 757 1643 τοῦ
771 1616 865 1652 σώμα-

75 1669 120 1693 τος
133 1663 161 1689 αἱ
174 1662 265 1698 χεῖρές
279 1664 342 1690 εἰσι.
356 1663 405 1690 Διὰ
416 1663 494 1690 τοῦτο
505 1664 559 1699 γὰρ
570 1663 643 1698 λέγει
661 1664 707 1690 καὶ
723 1663 754 1690 τὸ
772 1663 866 1698 ’Λοχε-

76 1714 120 1739 τος
133 1707 221 1740 ἔσται,
232 1708 353 1744 δηλονότι
365 1709 506 1742 ὰπόλυτος,
523 1710 561 1741 ὡς
573 1710 609 1746 μὴ
622 1711 655 1745 τῇ
667 1710 758 1744 ἥττονι
770 1709 864 1744 ἀγωγῇ

77 1753 123 1780 καὶ
133 1753 252 1780 διαθέσει
265 1754 450 1789 συνεχόμενος.
461 1755 492 1782 Ei
501 1755 554 1791 γὰρ
565 1756 612 1782 καὶ
625 1754 674 1787 τὰς
687 1756 802 1790 ἐσχάτας
815 1755 865 1789 τῆς

76 1797 164 1833 ψυχῆς
176 1799 326 1833 φαντασίας
334 1799 560 1836 καθαρθὴσονται,
572 1800 762 1836 φανερωτέρας
776 1799 865 1832 ἕξουσι

77 1842 125 1875 τὰς
138 1844 306 1878 θεοφανείας,
323 1845 377 1872 τῶν
394 1846 586 1882 ὑπερχοσμίων
604 1847 650 1873 καὶ
664 1845 743 1872 θείων
758 1854 865 1881 μαρμα-

79 1889 166 1925 ρυγῶν
191 1890 321 1924 ἐφιέντων
351 1890 421 1926 (ἀντὶ
447 1891 493 1918 τοῦ
507 1892 658 1927 ἐφιεισῶν)
691 1891 740 1928 τὴν
763 1892 865 1919 οἰκείαν

78 1935 173 1971 αἴγλην
196 1938 236 1968 είς
253 1936 301 1972 τὴν
314 1936 367 1964 τῶν
389 1937 519 1972 ὁμοειδῶν
532 1937 604 1964 κατὰ
624 1939 704 1974 χάριν
725 1938 864 1974 ἐσόπτρων

78 1982 200 2015 ἀγλαΐαν.
224 1983 362 2018 Ἔσοπτρα
379 1983 408 2009 δὲ
428 1983 500 2018 λέγει
527 1984 577 2017 τὰς
593 1983 646 2011 τῶν
667 1984 751 2019 ἁγίων
765 1984 862 2020 ψυχὰς,

78 2028 114 2059 ὡς
125 2028 171 2055 τοῦ
185 2029 257 2055 θείου
275 2028 363 2062 φωτὸς
381 2029 517 2061 δεκτικὰς,
532 2030 580 2055 καὶ
591 2029 640 2064 τῆς
653 2030 805 2065 κρείττονος
815 2030 863 2067 λή-

80 2072 143 2106 ξεως
156 2074 405 2110 άφομοιωματικάς.
427 2074 582 2107 Ἀττικζζων
594 2074 632 2107 δὲ,
651 2075 688 2106 ὡς
711 2075 861 2111 Ἀθηναῖος,

81 2120 206 2153 συνέταξε
216 2120 246 2146 τὸ
259 2120 349 2156 ῥητὸν,
367 2122 488 2155 φάσκων,
502 2120 556 2147 τῶν
574 2121 760 2156 μαρμαρυγῶν
773 2122 861 2156 ἐφιέν-

80 2172 131 2190 των
141 2165 189 2200 τὴν
200 2166 301 2192 οἰκείαν
313 2166 408 2201 αἴγλην
420 2175 426 2181 ·
440 2166 511 2193 οὕτω
521 2166 575 2201 γὰρ
587 2166 634 2193 καὶ
650 2167 678 2193 ἐν
690 2166 728 2202 τῷ
742 2167 763 2198 ζ’
780 2175 864 2201 κεφα-

80 2210 144 2246 λαίῳ
165 2213 216 2247 τῆς
232 2213 377 2246 Οὐρανίου
406 2213 556 2247 ἱεραρχιας
575 2213 717 2248 πεποίηκε,
731 2212 801 2239 κατὰ
822 2213 861 2245 τὸ,

927 287 1072 310 renovetur
1088 284 1114 311 in
1127 284 1270 319 phantasia
1286 285 1474 317 memorativa,
1490 286 1560 320 quod
1575 289 1711 316 mentibus

925 329 1000 355 carni
1023 329 1158 364 alligatis,
1179 330 1203 357 id
1227 333 1269 357 est
1294 329 1382 361 nobis.
1403 337 1452 357 usu
1473 331 1560 363 venit;
1576 332 1624 359 scd
1639 333 1711 366 quod

925 375 1056 402 memoria
1072 375 1120 403 Dei
1136 379 1210 402 recte
1228 375 1335 402 dicatur
1346 375 1392 402 Dei
1408 375 1535 409 scientia,
1546 384 1598 412 qua
1612 385 1711 414 cngno-

924 420 976 447 scil
991 427 1037 447 eos
1051 421 1095 456 qui
1110 420 1221 455 perfecti
1236 423 1309 451 sctit,
1325 419 1469 447 deiformes
1487 421 1513 448 in
1525 428 1554 448 se
1566 421 1652 450 factus
1665 431 1711 458 per

923 466 1008 493 vitam
1032 466 1178 494 virtutibus
1201 465 1343 498 illustrem,
1367 466 1517 501 dignosque
1541 467 1659 501 habitos,
1681 473 1711 496 ut

923 512 1050 546 perennis
1072 519 1164 540 eorum
1193 511 1321 539 memoria
1351 518 1397 539 seu
1431 513 1526 541 notitia
1555 513 1709 548 habeatur,

922 558 1146 592 quemadmodum
1171 557 1261 586 divina
1289 566 1396 594 quoque
1422 559 1532 587 oracula
1557 564 1708 588 testantur:

922 605 1045 633 Pretiosa
1066 606 1094 632 in
1123 611 1258 640 conspectu
1288 606 1393 633 Domini
1416 614 1486 634 mors
1507 612 1658 635 sanctorum
1684 609 1708 641 ί,

922 658 974 678 non
1004 651 1031 678 in
1057 657 1186 686 quantum
1202 652 1362 686 simpliciter
1380 660 1453 680 mors
1471 657 1532 686 est,
1559 658 1587 680 et
1612 653 1710 681 animas

923 704 936 723 a
965 703 1080 731 corpore
1113 696 1248 730 separatio
1266 717 1273 730 .
1307 697 1354 724 sed
1386 700 1519 732 quatenus
1547 697 1632 724 divini
1658 698 1709 726 viri

921 743 948 769 in
961 742 1105 769 sanctitate
1115 746 1356 775 consummantur;
1370 742 1527 770 sicutetiam
1544 743 1709 770 vinctioncm

921 788 1067 822 pretiosam
1096 788 1220 819 dicimus,
1245 796 1297 815 non
1321 788 1392 823 quod
1407 796 1456 823 per
1476 796 1505 816 se
1520 789 1637 823 pretiosa
1662 789 1708 822 sil,

920 834 966 860 sed
995 833 1066 867 quod
1098 840 1148 868 pro
1176 834 1304 869 religione
1337 834 1470 868 applicata
1492 834 1527 861 sit
1552 834 1709 869 religionem

921 879 1086 914 prmdicanti.
1110 879 1179 913 Quin
1201 884 1230 907 et
1258 880 1309 907 hoc
1342 887 1450 914 quoque
1474 886 1628 907 sanctorum
1647 888 1708 907 cum

886 913 904 939 Β
919 913 1026 952 Christo
1046 926 1173 953 unionem
1204 913 1357 961 significat,
1371 913 1442 961 quod
1460 927 1590 962 appositis
1612 935 1708 954 mune-

918 972 992 999 ribus
1013 972 1141 1006 pretiosis
1161 972 1284 1006 protinus
1297 979 1403 1007 quoque
1426 974 1535 1001 nomina
1550 974 1707 1001 recitentur.

954 1016 967 1052 §
988 1016 1020 1043 Χ.
1037 1016 1087 1044 His
1104 1017 1194 1051 itaque
1210 1017 1339 1051 peractis,
1361 1023 1455 1045 astans
1469 1026 1560 1046 coram
1576 1019 1708 1054 symbolis

916 1062 1061 1090 hierarcha
1076 1070 1171 1089 manus
1181 1063 1275 1094 abluit,
1291 1068 1319 1090 et
1333 1071 1385 1090 una
1397 1072 1458 1090 cum
1479 1065 1535 1099 ipso
1552 1073 1647 1092 omnes
1661 1073 1707 1092 sa-

918 1109 1051 1138 cerdotes.
1065 1108 1161 1136 Lectio
1173 1110 1386 1138 constructiouis
1400 1110 1477 1146 hujus
1491 1112 1640 1147 hyperbato
1652 1119 1698 1140 seu

919 1155 1134 1189 transgressione
1161 1159 1278 1187 constat,
1309 1156 1380 1189 quod
1408 1156 1534 1184 nimirum
1563 1158 1608 1192 qui
1631 1158 1704 1186 lotus

919 1205 981 1233 est,
1012 1208 1065 1228 non
1093 1208 1161 1236 opus
1188 1200 1286 1227 habeat
1315 1201 1428 1229 aliorqu
1454 1204 1636 1231 membrorum
1663 1207 1705 1232 lo-

920 1246 992 1274 lionc
1009 1268 1016 1280 ,
1052 1254 1132 1281 quam
1162 1248 1346 1275 summitatum
1374 1255 1422 1275 seu
1458 1251 1659 1278 extretnilatum
1675 1257 1703 1285 υ,

920 1300 934 1319 a
958 1300 1011 1326 qua
1032 1294 1127 1327 utique
1160 1294 1260 1322 lotione
1289 1302 1385 1330 purum
1421 1294 1542 1321 habitum
1575 1303 1705 1323 consecu-

921 1343 973 1370 tus,
994 1338 1195 1366 immaculatam
1216 1339 1300 1368 faciet
1319 1341 1351 1366 ad
1374 1339 1458 1367 Deum
1482 1341 1702 1373 conversionem,

921 1384 960 1410 uti
975 1391 1083 1412 sacrum
1104 1384 1241 1412 lavacrum
1255 1405 1263 1417 ,
1289 1385 1322 1412 de
1337 1393 1390 1420 quo
1410 1385 1436 1413 in
1461 1385 1519 1421 lege
1534 1387 1633 1413 dictum
1650 1391 1704 1419 est,

921 1435 948 1458 et
964 1430 1022 1458 hate
1034 1437 1164 1458 manuum
1183 1431 1248 1458 lotio
1263 1431 1394 1458 declarat.
1416 1430 1472 1459 Hoc
1489 1432 1560 1459 enim
1578 1437 1619 1459 est
1633 1433 1706 1468 quod

921 1477 1082 1504 insinuatur.
1099 1476 1329 1510 Quemadmodum
1340 1477 1421 1512 211
1439 1478 1510 1505 enim
1531 1478 1572 1505 lex
1589 1479 1706 1507 habebat

922 1521 1073 1555 lavacrum,
1084 1521 1123 1549 sic
1136 1527 1162 1549 et
1177 1521 1256 1548 hicﬁt
1266 1514 1391 1548 manuum
1405 1523 1516 1550 ablutio.
1535 1523 1585 1550 Hic
1594 1531 1705 1552 sanctus

923 1573 1012 1595 autem
1026 1575 1155 1596 manuum
1169 1568 1297 1596 lotionem
1310 1570 1428 1603 adducit,
1446 1571 1508 1605 quia
1523 1570 1586 1598 hinc
1596 1579 1704 1606 quoque

918 1621 1022 1641 summa
1036 1615 1237 1642 extremitatum
1247 1615 1366 1650 expiatio
1380 1616 1553 1651 designatur;
1567 1618 1699 1652 siquidem

917 1668 1012 1688 manus
1027 1665 1089 1688 sunt
1107 1662 1230 1696 corporis
1248 1663 1419 1690 summitates
1433 1670 1480 1691 seu
1504 1665 1700 1693 extremitates.

916 1707 1018 1735 Idcirco
1036 1709 1117 1735 etiam
1137 1708 1201 1735 dicit
1219 1708 1305 1741 ipsum
1331 1708 1445 1736 liberum
1461 1709 1592 1742 futurum,
1619 1711 1644 1737 id
1661 1715 1704 1738 est

916 1753 1084 1787 expeditum,
1110 1758 1138 1780 ut
1157 1753 1203 1787 qui
1224 1753 1296 1780 nulla
1314 1753 1436 1781 inferiori
1453 1755 1657 1782 conversatione
1673 1760 1701 1783 et

916 1798 1087 1826 all‘ectatione
1098 1799 1258 1828 detineatur.
1276 1800 1411 1828 Extremis
1419 1800 1491 1827 enim
1503 1801 1600 1827 animae
1615 1801 1700 1835 phan-

917 1845 991 1872 tasiis
1007 1845 1106 1880 expiati
1121 1844 1285 1873 Clario-ibus
1301 1853 1408 1880 quoque
1423 1846 1470 1874 Dei
1485 1847 1699 1881 apparitionibus

916 1891 1080 1924 gaudebunt,
1098 1891 1363 1924 supermundialibus
1378 1892 1436 1919 istis
1454 1892 1605 1926 divinisque
1620 1901 1700 1921 coru—

915 1936 1081 1964 scatiouibus
1095 1936 1121 1963 in
1138 1937 1288 1964 consimilis
1303 1938 1401 1971 speciei
1420 1938 1538 1973 specula,
1552 1939 1698 1966 secundum

915 1983 1037 2018 gratiam,
1052 1982 1141 2009 lumen
1158 1989 1236 2009 suum
1252 1983 1437 2010 evibranlibus
1453 1983 1593 2018 (ἐφιέντων
1606 1985 1699 2011 dicens

916 2035 963 2062 pro
985 2028 1123 2062 ἐφιεισῶν,
1146 2027 1325 2055 masculinum
1352 2036 1400 2064 pro
1414 2028 1566 2064 feminino).
1584 2029 1698 2063 Specula

915 2078 1003 2100 autem
1023 2073 1139 2108 appellat
1165 2078 1320 2103 sanctorum
1348 2075 1464 2108 animas,
1487 2079 1580 2110 utpote
1600 2075 1697 2104 divina:

915 2118 982 2145 lucis
999 2125 1124 2153 capaces,
1138 2124 1164 2146 et
1174 2119 1207 2146 ad
1226 2119 1364 2147 meliorem
1383 2120 1455 2147 illam
1470 2125 1571 2148 sortem
1589 2128 1699 2155 compa-

915 2170 996 2192 ratas.
1012 2165 1136 2200 Loquens
1158 2170 1248 2194 autem
1263 2166 1360 2197 Attice,
1382 2171 1411 2193 ιιι
1433 2167 1619 2200 Atheniensis,
1634 2175 1696 2195 ver-

913 2211 976 2238 bum
992 2211 1042 2238 hoc
1054 2211 1218 2244 construxit,
1235 2212 1338 2244 dicens,
1355 2212 1589 2240 coruscationibus
1604 2212 1696 2247 splen-

80 2257 180 2290 Κλυτδς
198 2259 383 2294 Ἱπποδάμεια,
404 2260 449 2286 καὶ
469 2259 616 2290 Ψολόεντος
637 2259 750 2294 ἐχίδνης.
773 2259 822 2286 Διὰ
837 2261 863 2287 τί

919 2258 1007 2284 dorem
1022 2265 1101 2285 suutn
1122 2257 1327 2291 evibrantibus;
1351 2258 1446 2285 eodem
1465 2259 1544 2286 modo
1563 2259 1627 2286 fecit
1650 2267 1697 2286 ca-

79 2300 106 2327 δὲ
128 2303 290 2338 ἐπίπροσθεν
309 2303 363 2331 τῶν
385 2303 465 2340 ιερῶν
490 2304 629 2339 συμϐόλων
653 2305 669 2340 ἡ
690 2305 743 2331 τῶν
767 2305 863 2340 ἱερέων

80 2346 202 2383 ἀπόνιψις
217 2350 339 2383 γίνεται;
365 2350 407 2381 Ὠς
425 2350 471 2376 ἐπὶ
489 2349 608 2386 Χριστοῦ
623 2349 670 2376 τοῦ
691 2350 781 2382 πάσας
799 2351 862 2385 ὲφο-

82 2393 176 2427 ρῶγιος
188 2396 236 2428 τὰς
250 2397 421 2433 ἀνθρωπίνας
436 2397 548 2428 ἑννοίας,
569 2396 618 2432 τῆς
637 2397 790 2433 ἀκροτάτης
806 2398 862 2433 ὁρι-

81 2438 192 2477 ζομένης
213 2443 372 2478 καθάρσεως
389 2444 418 2469 ὲν
434 2444 490 2474 τοῖς
512 2443 726 2474 πανεπισκόποις
747 2443 861 2479 ἀκριὸα-

83 2488 173 2520 σμοῖς,
195 2490 242 2515 καὶ
263 2491 322 2521 ταῖς
340 2489 498 2521 ἀδεκάστοις
518 2489 614 2516 τούτου
634 2489 770 2525 κρίσεσιν·
790 2489 860 2517 οὕτω

914 2304 968 2338 pite
989 2304 1104 2338 septimo
1115 2303 1234 2331 Caleni:
1245 2303 1412 2336 hierarcltiw,
1426 2303 1501 2337 juxta
1513 2304 1577 2332 illud
1591 2305 1696 2338 Κλυτὺς

919 2349 1093 2385 Ἱπποδάμεια
1100 2350 1137 2382 π’,
1163 2353 1190 2376 et
1204 2349 1351 2381 Ψολόεντος
1368 2349 1483 2386 ἐχίδνης.
1498 2350 1630 2378 Czeterum
1646 2359 1696 2378 cur

913 2403 1004 2422 coram
1018 2396 1104 2423 sacris
1115 2395 1298 2430 symbolisilla
1312 2396 1482 2423 sacerdotum
1500 2395 1602 2423 ablutio
1617 2396 1694 2423 iusti-

913 2440 1018 2467 luiturl
1035 2441 1098 2475 quia
1117 2440 1246 2467 nimirum
1263 2447 1356 2467 coram
1370 2440 1489 2472 Christo,
1503 2441 1547 2476 qui
1566 2441 1697 2469 occultis-

911 2487 996 2514 simas
1010 2493 1131 2521 quasque
1144 2487 1277 2514 humanas
1297 2487 1477 2522 cogitationes
1497 2487 1627 2519 intuetur,
1649 2495 1697 2515 su-

80 2534 217 2568 τοιγαροῦν
234 2535 342 2567 ὲνωθεὶς
360 2536 374 2562 ό
396 2536 526 2571 ίεράρχης
542 2537 601 2567 τοῖς
614 2535 705 2568 θείοις,
727 2537 863 2572 ἱερουργεϊ

919 2541 1003 2561 )rema
1016 2533 1061 2560 illa
1075 2534 1194 2568 expiatio
1208 2534 1453 2569 perspicacissimis
1467 2535 1693 2567 serutationihus.

81 2575 112 2601 τὰ
130 2576 262 2606 θειότατα.
281 2580 362 2612 Τίνας
380 2580 428 2616 μὲν
447 2579 493 2608 οὖν
510 2580 559 2613 τὰς
577 2582 617 2614 εἰς
630 2582 704 2616 ἡμᾶς
720 2581 864 2618 θεουργίας

83 2623 168 2657 φαμὲν
191 2625 326 2661 (δηλονότι
343 2626 393 2658 τὰς
415 2626 462 2653 τοῦ
492 2626 579 2663 Ἰησοῦ
603 2627 649 2654 τοῦ
667 2627 768 2663 Κυρίου
785 2627 863 2663 ἡμῶν

82 2667 193 2702 Χριστοῦ
217 2673 281 2708 περὶ
301 2673 375 2708 ἡμᾶς
398 2673 533 2709 προνοίας,
559 2674 592 2705 ἃς
612 2673 660 2701 ἐπὶ
681 2674 801 2710 σωτηρίᾳ
812 2674 859 2701 τοῦ

82 2713 171 2747 γένους
187 2718 274 2754 ἡμῶν,
292 2718 401 2755 εὐδοκία
412 2719 458 2745 τοῦ
471 2719 575 2755 Πατρὺς
593 2719 622 2746 ὲν
636 2720 772 2756 Πνεύματι
791 2721 860 2756 ἁγίῳ

84 2757 252 2799 ιετελειίωσεν),
267 2764 330 2799 ἑξῆς
342 2763 411 2791 κατὰ
427 2764 540 2799 δύναμιν
560 2763 682 2800 εἴπωμεν
697 2765 763 2800 περὶ
777 2762 815 2793 ὧν
828 2765 860 2792 ἂν

119 2838 128 2854 ‘
143 2838 210 2867 Psal.
222 2850 283 2875 cxv,
294 2842 336 2870 15.
389 2846 403 2861 ’³
415 2842 492 2870 Joan.
505 2851 564 2874 xut,
578 2842 620 2870 ιι).
659 2841 718 2870 ινΙί.
734 2851 765 2876 ιι,
781 2843 842 2870 7η.

912 2579 1149 2615 exactissimisque
1161 2584 1189 2607 et
1201 2580 1382 2615 integerrimis
1393 2579 1506 2614 judiciis
1523 2581 1672 2608 absolvitur
1686 2590 1694 2609 :

912 2625 963 2653 hoc
985 2626 1056 2653 enim
1079 2626 1158 2653 modo
1173 2626 1318 2653 hierarcha
1340 2625 1438 2653 divinis
1456 2627 1536 2654 rebus
1547 2626 1640 2654 unitus
1654 2627 1695 2654 di-

914 2673 1052 2700 vinissima
1075 2677 1216 2701 consecrat
1228 2674 1369 2708 mysteria.
1385 2673 1523 2707 Quasnam
1544 2677 1632 2700 autem
1652 2674 1694 2700 di-

914 2718 991 2746 vinas
1019 2719 1046 2745 in
1073 2727 1122 2746 nos
1150 2719 1320 2753 operationes
1342 2719 1457 2747 dicimus
1488 2718 1603 2756 (scilicet
1629 2718 1692 2745 Jesu

914 2764 1015 2792 Christi
1031 2765 1136 2793 Domini
1152 2766 1237 2793 nostri
1253 2765 1326 2793 circa
1345 2773 1394 2794 nos
1408 2766 1604 2801 providentiae,
1625 2772 1695 2799 quas

119 2893 125 2901 ‘
145 2892 240 2924 Deesse
251 2897 359 2926 videtur
375 2898 509 2933 particula
528 2897 707 2933 coniunctiva,
722 2906 801 2934 quam
819 2898 883 2935 legit
897 2899 1037 2935 interpres.
1059 2898 1105 2926 En.
1123 2898 1244 2927 PATROL.
