1931 3073
83 170 139 199 469

79 226 266 262 ἀνάμνησιν.
281 228 351 262 Ὅρα
363 227 402 259 δὲ,
417 228 458 254 ὃτι
473 228 502 254 ὲν
514 227 618 259 τούτοις
633 227 721 254 πάντα
742 227 787 253 τὸν
809 226 870 254 νοῦν

925 225 1192 252 commemorationem
1214 231 1238 252 ι.

79 273 134 308 τῆς
159 274 290 309 μυστικῆς
306 274 388 308 εὐχῆς
406 273 602 309 περιλαμϐάνει
622 274 636 299 6
658 274 743 308 ἅγιος.
774 273 869 300 Ἔνθεν

79 319 96 345 ὁ
108 318 179 350 θεῖος
200 319 328 354 ίεράρχης
342 318 391 350 τὰς
402 318 449 344 τοῦ
465 319 588 354 Σωτῆρος
601 318 680 354 ἡμῶν
702 318 788 354 Ἰησοῦ
803 319 870 354 Χρι-

82 362 150 389 στοῦ
162 363 289 398 προνοίας
309 363 441 399 ὑμνήσας,
459 362 492 395 ἃς
507 363 614 399 εὐδοκία
630 364 734 398 Πατρὺς
748 364 776 389 ὲν
785 364 871 390 Πνεύ-

85 416 153 444 ματι
165 408 235 443 ἁγίῳ
256 408 406 440 ἐτελείωσε,
423 409 469 436 καὶ
479 409 649 441 ἀνατατικοίς
662 409 810 444 ὀφθαλμοῖς
822 409 872 445 τὴν

82 453 184 488 νοητὴν
200 452 314 488 θεωρίαν
325 454 505 487 ἐποπτεύσας,
521 454 567 482 ἐπὶ
584 454 632 490 τὴν
658 454 822 490 συμϐολικὴν
839 456 872 482 ίε-

84 499 226 534 ρουργίαν,
247 498 367 528 τουτέστι
381 500 426 526 τὸν
438 500 519 536 ἄρτον
535 501 582 527 καὶ
595 500 626 526 τὸ
644 501 782 536 ποτήριον,
794 501 871 536 ἔρχε-

82 551 140 572 ut.
160 543 356 579 Ἑξηγούμενος
377 543 409 574 δὲ,
419 544 478 576 πῶς
501 545 546 571 καὶ
568 544 646 571 τοῦτο
667 544 872 581 θεοπαραδότως

84 589 168 619 ποιεῖ,
186 588 266 624 φησὶν
282 588 497 624 ἀπολογούμενος
512 591 557 617 καὶ
571 590 691 617 ἀναὸοῶν
702 591 769 626 πρὸς
782 590 873 622 αὑτὸν,

83 633 132 664 τὸ,
157 633 200 660 Σὺ
223 633 277 669 γὰρ
294 633 381 666 εἶπας
395 642 401 648 ·
429 634 517 661 Τοῦτο
533 635 641 662 ποιεῖτε
659 637 702 668 εἰς
723 636 779 670 τὴν
798 636 874 670 ἐμὴν

83 677 268 712 ἀνάμνησιν,
293 678 369 712 Εῐτα,
392 681 505 716 αἰτήσας
528 681 735 716 ἇξιοςγενέσθαι
757 683 805 709 καλ⁸
825 683 874 718 τῆς

84 725 229 758 κοινωνίας
252 727 299 755 καὶ
323 727 373 762 τῆς
405 727 584 762 μεταδόσεως,
610 728 656 754 ὑπ’
680 728 741 763 ὄψιν
760 728 820 762 ἄγει
841 728 875 754 τὰ

84 771 244 807 ὺμνημένα,
262 772 456 800 ἀνακαλύπτων
478 773 523 800 τὸν
547 774 697 810 ἀδιαίρετον
714 774 805 810 ἄρτον,
829 775 876 801 καὶ

84 817 125 848 είς
139 816 224 844 πολλὰ
238 817 358 854 διαιρῶν.
380 818 518 846 Ἐντεῦθεν
535 820 581 846 καὶ⁸
602 820 632 846 τὺ
648 820 746 847 ἐνιαῖον
764 820 810 846 τοῦ
829 829 876 851 ποτ

83 862 194 898 τηρίου,
221 864 286 890 πᾶσι
308 864 484 900 καταμερίζει
504 865 575 892 κατά
585 874 644 897 τινα
655 866 732 900 λόγον
747 866 876 902 μυστικὸν

365 161 412 198 'nE
427 170 568 199 ECCLES.
586 169 784 201 mansuem
802 168 872 196 CAP

925 168 942 196 l.
954 183 988 188 —
997 167 1170 196 PARAPHR.
1188 166 1421 197 PACHYMEBA‘L

1654 171 1705 199 ne

1286 224 1404 253 Observa
1448 233 1513 254 vero
1552 228 1623 261 quod
1662 227 1706 255 hic

922 275 1033 297 sanctus
1063 274 1180 297 utentem
1203 277 1311 298 omnem
1341 273 1453 306 mystica
1479 280 1559 307 prece
1585 280 1706 307 compre-

921 315 1033 343 hendat.
1068 316 1169 343 Deinde
1186 316 1292 344 divinus
1315 317 1456 344 hicrarcha
1482 318 1631 346 Salvatoris
1662 326 1707 345 nos

922 361 970 388 eri
996 360 1059 388 Jesn
1085 361 1184 388 Christi
1213 361 1396 396 providentius
1421 363 1577 391 collaudans
1601 383 1610 397 ,
1634 371 1704 398 quas

921 408 1012 435 Patris
1024 407 1195 441 bcueplacito
1211 407 1237 434 in
1257 407 1359 442 Spiritu
1375 414 1470 436 sancto
1492 411 1702 443 consummavit,

923 453 1003 491 213
1022 458 1051 481 et.
1077 453 1188 481 intentis
1210 453 1295 481 oculis
1318 453 1467 488 spiritalem
1491 454 1625 482 contuitus
1641 462 1710 482 cons

924 500 1138 534 templationem,
1158 499 1192 526 ad
1222 506 1362 527 sacrorum
1391 499 1574 536 symbolorum
1591 521 1598 532 ,
1629 501 1707 535 panis

923 546 1029 574 scilicet
1042 550 1069 573 et.
1088 545 1195 579 calicis,
1216 547 1450 574 consecrationem
1469 546 1600 580 procedit.
1618 546 1708 580 Expli-

924 602 991 621 cans
1017 601 1080 621 vero
1107 594 1243 628 quomodo
1271 599 1299 621 et
1323 594 1374 621 hoc
1397 602 1429 621 ex
1451 594 1541 621 divina
1562 593 1710 621 traditione

925 639 1018 671 faciat,
1033 646 1063 666 se
1079 640 1218 673 purgando
1236 644 1263 666 et
1278 639 1312 666 ad
1330 639 1416 674 ipsum
1432 640 1608 667 exclamando
1619 660 1626 672 ,
1640 639 1678 667 ait
1698 649 1705 666 :

925 684 965 711 Tu
980 685 1052 711 enim
1067 684 1162 712 dixisti
1174 692 1184 712 :
1204 684 1262 711 Hoc
1282 685 1361 719 facile
1376 686 1403 713 in
1416 694 1500 712 meam
1518 694 1708 713 commemora-

926 732 1032 758 tionem.
1059 730 1200 759 Postulans
1224 732 1325 760 deinde
1336 739 1396 759 cum
1428 735 1622 760 communione
1652 738 1707 760 tum

926 778 985 812 ejus
1014 776 1206 804 distributione
1236 777 1332 812 dignus
1365 779 1454 812 etiici,
1489 779 1539 806 sub
1569 784 1707 814 aspectum

927 823 1007 852 ducit
1017 830 1048 850 ea
1069 831 1129 858 quae
1144 823 1307 856 celebravit,
1323 824 1447 852 revelatis
1467 824 1540 851 illum
1558 831 1652 857 panem
1667 825 1709 852 in-

928 869 1043 896 divisum
1056 889 1064 902 ,
1085 874 1112 897 et
1130 870 1155 896 in
1178 870 1263 897 multa
1278 870 1457 899 distribuens.
1482 870 1587 898 Exinde
1602 877 1710 904 quoque

85 908 133 934 καὶ
146 908 211 938 αὐτὸ
223 908 395 944 ποιούμενος·
413 910 443 936 τὺ
453 910 507 946 γὰρ
523 910 551 937 ἓν
568 910 615 937 καὶ
627 911 729 938 ἁπλοῦν
740 911 785 938 τοῦ
799 911 872 947 θεαρ-

925 915 1090 951 singularem
1111 915 1187 944 illum
1215 916 1329 944 calicem
1346 917 1472 944 omnibus
1493 917 1640 949 distribuit.
1662 924 1707 944 se-

84 955 236 991 χικωτάτου
253 955 341 990 Λόγου
355 955 422 991 πρὸς
436 956 466 983 τὸ
484 957 610 984 σύνθετον
625 958 672 984 καὶ
687 957 783 993 ὁρατὸν
796 957 875 988 ἀναλτ

84 1000 203 1033 λοιώτως
230 1001 300 1028 κατὰ
327 1002 375 1038 τὴν
404 1003 607 1040 ἔνανθρώπησιν
634 1004 814 1040 προελήλυθε,
840 1005 875 1032 τὰ

85 1047 147 1075 καθ’
174 1048 246 1083 ἡμᾶς
265 1048 381 1075 ταπεινὰ
402 1050 458 1081 τοῖς
484 1049 631 1082 θειοτάτοις
655 1051 737 1078 αὑτοῦ
760 1050 872 1084 ὲνώσας.

85 1092 165 1119 Οὕτω
185 1093 239 1129 γὰρ
252 1094 383 1130 ὲνούμεθα
397 1095 445 1122 καὶ
462 1097 541 1132 ἡμεῖς
557 1097 641 1133 αὐτῷ,
655 1098 734 1134 εἴπερ
751 1098 788 1130 ὡς
805 1099 872 1135 μέλη

86 1140 286 1175 συναρμολογού
292 1141 359 1176 μεῦα
372 1142 441 1168 κατὰ
452 1143 483 1169 τὸ
495 1143 592 1173 ταύτὸν
607 1144 657 1179 τῆς
668 1145 807 1181 ἀλωῦήτου
828 1147 874 1173 καὶ

87 1187 228 1223 μακαρίας
244 1186 317 1222 ζωῆς
326 1196 333 1202 ·
348 1188 393 1214 καὶ
413 1188 450 1223 μὴ
460 1188 592 1225 πάθοιμεν
603 1190 672 1226 ὅπερ
686 1191 780 1227 νεκρὸν
792 1192 874 1227 μέρος

86 1231 222 1267 σώματος,
233 1233 300 1269 πρὸς
305 1233 360 1265 ζῶν
368 1235 565 1271 συντιθέμενον.
580 1237 623 1268 Ὠς
632 1237 686 1273 γὰρ
694 1238 780 1268 ἐκεῖνο
790 1238 874 1274 ἀνάρ-

87 1287 186 1313 μοστον
201 1279 288 1315 πάντη
312 1281 359 1307 καὶ
385 1281 529 1318 ἀκόλλητω
545 1283 592 1309 καὶ
617 1283 739 1315 ἀσύζωον
757 1285 871 1319 γίνεται,

85 1323 158 1351 οὕτω
170 1325 217 1351 καὶ
234 1326 326 1363 ἡμεῖς,
343 1326 422 1363 εἴπερ
438 1328 508 1355 οὕτω
527 1328 631 1364 νεκρῶς
643 1329 750 1365 ἔχομεν,
768 1331 798 1358 ού
816 1339 874 1358 συν-

85 1370 367 1407 αρμολογηθησόμεθα
383 1372 422 1408 τῷ
442 1373 522 1405 ζῶντι
542 1374 652 1410 Χριστῷ
673 1375 799 1403 πώποτε·
821 1377 873 1413 χρὴ

86 1415 151 1451 γὰρ,
166 1418 190 1443 εί
210 1417 259 1453 τῆς
278 1418 419 1450 κοινωνίας
435 1419 575 1455 ἐφιέμεθα,
588 1421 628 1452 είς
640 1421 689 1456 τὴν
704 1421 785 1452 αὐτοῦ
802 1422 872 1449 θειο-

85 1463 172 1499 τάτην
190 1463 262 1500 ζωὴν
280 1465 493 1498 ἀποσκοπεῦσαι,
515 1466 562 1493 καὶ
577 1467 647 1494 οὕτω
656 1469 688 1503 τῇ
708 1469 777 1504 πρὸς
790 1469 872 1505 αὐτὴν

86 1509 252 1543 ἀφομοιώσει
264 1511 304 1542 εἰς
316 1510 366 1546 τὴν
385 1510 488 1546 θεοειδῆ
498 1511 555 1544 ἕξιν
569 1512 742 1548 ἀναδραμεῖν,
759 1514 873 1549 ἐναρμο-

86 1555 150 1586 vim;
167 1554 333 1592 δωρηθείσης
351 1558 417 1592 ἡμῖν
432 1557 482 1592 τῆς
495 1557 562 1593 πρὸς
570 1557 600 1584 τὸ
616 1558 706 1593 ὅμοιον
720 1559 870 1592 κοινωνίας.

925 960 1043 991 cundum
1067 961 1178 988 modum
1193 962 1338 996 quemdam
1359 962 1503 997 mysticum
1517 961 1570 989 hoc
1585 961 1705 995 iaciens;

925 1015 986 1035 nam
1007 1015 1088 1035 unum
1109 1012 1136 1035 et
1152 1007 1267 1042 simplex
1284 1007 1331 1035 Dei
1346 1007 1463 1036 Verbum
1476 1014 1524 1042 per
1545 1007 1707 1034 incarnatio-

924 1060 1005 1087 nem,
1029 1053 1057 1080 in
1081 1053 1308 1088 compositionem
1330 1053 1410 1080 simul
1433 1058 1460 1080 et
1486 1057 1626 1088 aspectum
1649 1053 1708 1080 sine

925 1099 978 1127 ulla
996 1100 1039 1128 sui
1064 1100 1254 1128 immutatione
1278 1100 1423 1134 processit,
1448 1099 1560 1127 humilia
1583 1100 1641 1127 haec
1658 1106 1706 1126 no-

925 1150 982 1173 stra
997 1153 1057 1173 cum
1073 1146 1254 1174 divinissimis
1276 1146 1333 1173 suis
1349 1145 1446 1173 unicus
1461 1145 1644 1173 excellentiis.
1661 1144 1708 1172 Sic

924 1193 996 1221 enim
1013 1198 1042 1221 et
1058 1201 1115 1220 nos.
1126 1193 1176 1228 ipsi
1193 1194 1314 1227 unimur,
1335 1195 1357 1221 si
1381 1198 1510 1229 tanquam
1526 1193 1645 1220 membra
1669 1192 1711 1219 illi—

924 1241 1075 1269 secundum
1093 1241 1276 1269 immaculata:
1297 1248 1330 1270 ac
1351 1240 1437 1268 beata:
1452 1239 1514 1267 vitae
1537 1238 1708 1266 idemitstem

925 1293 1104 1322 congruamus
1117 1295 1175 1315 :~ne
1190 1287 1260 1315 idem
1273 1287 1352 1315 nobis
1366 1287 1482 1319 accidat,
1497 1286 1569 1320 quod
1585 1284 1709 1312 membro

924 1337 1031 1359 mortuo
1043 1333 1105 1360 vivo
1119 1333 1226 1366 corpori
1242 1333 1376 1368 apposito.
1389 1332 1623 1368 Quemadmodum
1635 1331 1709 1358 enim

925 1376 989 1404 illud
1017 1378 1196 1413 incongruum
1219 1377 1332 1406 omnino
1358 1378 1524 1412 minimeque
1555 1377 1706 1406 cohazreus.

923 1423 1038 1457 vitaeque
1058 1431 1155 1458 expers
1169 1423 1293 1457 exsistit;
1308 1424 1349 1452 sic
1361 1429 1390 1451 et
1412 1431 1472 1458 nos,
1500 1423 1525 1450 si
1544 1423 1582 1450 ita
1606 1419 1708 1449 mortui

924 1469 1065 1502 fuerimus,
1094 1477 1232 1504 nunquam
1258 1470 1320 1497 vivo
1346 1469 1457 1497 Christo
1484 1475 1670 1504 congruentius
1697 1474 1708 1495 :

922 1518 1032 1551 oportet
1045 1515 1117 1543 enim
1130 1516 1220 1548 nos.si
1235 1516 1454 1544 communionem
1466 1515 1525 1550 ejus
1536 1518 1708 1550 appetamus,

924 1561 956 1587 ad
979 1560 1174 1589 divinissimam
1198 1561 1258 1596 ejus
1278 1563 1361 1589 vitam
1384 1558 1536 1594 collima're,
1560 1566 1588 1588 et
1607 1560 1647 1587 sic
1660 1566 1708 1593 per

86 1601 145 1635 ejus
174 1603 396 1632 assimilationem
422 1604 455 1632 ad
475 1604 633 1632 deiformem
660 1610 760 1633 statum
780 1609 953 1640 contendere,
985 1612 1065 1641 prout
1086 1608 1164 1636 nobis
1194 1609 1330 1644 congruit,
1350 1608 1530 1636 similitudine
1545 1607 1605 1642 ejus
1631 1604 1711 1632 nobis

87 1650 300 1679 communicata.

122 1694 219 1730 §Xlll.
237 1696 330 1723 Ταῦτα
356 1697 400 1724 διὰ
427 1697 482 1726 τῶν
507 1698 676 1734 τελουμένων
698 1700 713 1726 ό
740 1700 869 1736 ἱεράρχης

955 1697 1054 1733 §Xlll.
1083 1696 1144 1725 llaec
1170 1696 1291 1731 pantifex
1318 1703 1369 1730 per.
1391 1702 1423 1723 ca
1446 1703 1506 1730 quae
1528 1695 1700 1724 celebrantur

85 1741 224 1776 ἐμφαίνει,
238 1742 434 1774 ἀνακαλύπτων
450 1745 497 1771 καὶ
513 1745 634 1781 διαιρῶν,
647 1746 694 1775 καὶ
710 1746 759 1781 τῆς
776 1754 871 1773 κοινω-

86 1786 145 1818 νίας
169 1787 324 1822 μεταδιδούς
336 1796 342 1803 ³
360 1789 551 1825 ἀναζωγραφεῖ
572 1790 626 1827 γὰρ
649 1791 678 1818 ὲν
699 1791 755 1823 τοῖς
772 1791 872 1826 συμϐό-

86 1832 142 1864 λοις
161 1832 295 1868 αἰσθητῶς
314 1833 364 1869 τὴν
380 1834 477 1870 νοητὴν
499 1835 576 1871 ἡμῶν
599 1835 680 1872 ζωὴν,
706 1836 750 1862 τὸν
772 1837 872 1873 Κύριον

86 1878 165 1913 ἡμῶν
189 1878 291 1914 Ἰησοῦν
308 1880 434 1915 Χριστὸν,
456 1882 489 1908 ἐκ
502 1872 550 1908 τοῦ
576 1882 646 1909 κατά
659 1872 701 1909 ”τὸ
715 1882 785 1909 θεῖον
807 1891 873 1919 κρυ-

87 1924 161 1959 φίου,
184 1925 303 1961 δηλονότι
329 1927 379 1962 τῆς
404 1927 591 1964 ἀμεταϐλήτου
618 1929 755 1965 θεότητος,
779 1931 809 1956 ὲν
837 1931 872 1965 τῇ

87 1970 215 2001 παντελεῖ
230 1971 278 1999 καὶ
297 1972 409 2008 ἀληθινῇ
434 1974 482 2000 καὶ
499 1974 590 2010 τελείᾳ
613 1974 760 2011 σαρκώσει,
774 1976 807 2002 ὲκ
821 1975 872 2011 τῆς

87 2018 224 2054 ἡμετέρας
241 2018 347 2053 φύσεως
374 2020 585 2056 είδοποιηθέντα,
602 2022 649 2048 καὶ
666 2022 734 2058 πρὸς
757 2021 806 2058 τὴν
825 2031 873 2058 με-

89 2062 182 2098 ριστὴν
203 2063 241 2096 ὡς
263 2064 358 2100 ὑλικὴν
377 2065 456 2100 ἡμῶν
472 2065 552 2100 φύσιν
574 2066 760 2099 ἀναλλοιὼτως
775 2068 809 2095 ὲκ
824 2067 871 2094 τοῦ

87 2108 165 2141 κατὰ,
180 2109 259 2147 φύσιν
283 2110 351 2142 ἐνὸς,
376 2110 448 2137 τοῦτ’
474 2111 531 2138 ἐστι
552 2112 602 2147 τῆς
627 2112 708 2139 αὑτοῦ
736 2113 871 2147 θεότητος,

87 2154 261 2190 προελθόντα,
278 2157 325 2183 καὶ
335 2157 375 2188 είς
391 2157 533 2192 μετουσίαν
544 2158 598 2184 τῶν
611 2158 719 2192 ἀγαθῶν
728 2159 810 2185 αὑτοῦ
820 2159 872 2194 τὴν

87 2202 258 2239 ἀνθρωπίνην
276 2204 410 2231 καλοῦντα
425 2205 615 2240 ταπεινότητα,
633 2206 711 2241 εἴπερ
727 2206 773 2232 καὶ
793 2207 872 2242 ἡμεῖς

86 2250 233 2285 ἐπιτήδειοι
252 2251 413 2287 φαινοίμεθα
437 2251 505 2287 πρὸς
523 2251 572 2287 τὴν
586 2251 656 2278 κατὰ
671 2252 784 2287 δύναμιν
807 2253 872 2287 ἀφο-

89 2294 209 2329 μοίωσιν.

122 2340 136 2376 §
154 2340 222 2370 XIV.
250 2341 387 2369 Ἐντεῦθεν
406 2342 546 2377 μετασχὼν
562 2343 575 2369 ὁ
594 2343 732 2379 ίεράρχης,
753 2344 800 2370 καὶ
825 2352 872 2383 με-

923 1744 1052 1776 insinuat,
1073 1743 1145 1771 dum
1161 1743 1255 1770 eadem
1280 1742 1394 1774 revelat,
1415 1746 1443 1769 et
1457 1742 1564 1775 dividit,
1580 1746 1608 1769 et
1629 1750 1707 1770 com-

924 1789 1078 1816 munionem
1092 1788 1244 1821 distribuit;
1262 1788 1426 1816 scnsihiliter
1441 1788 1512 1816 enim
1527 1788 1555 1815 in
1574 1788 1705 1823 symbolis

924 1835 955 1862 ad
969 1835 1059 1862 vivum
1080 1834 1208 1869 exprimit
1222 1834 1303 1860 vitam
1325 1838 1445 1861 nostram
1470 1833 1635 1869 spiritalem,
1656 1834 1708 1861 Do-

924 1882 1026 1908 minum
1049 1885 1172 1908 nostrum
1197 1880 1289 1908 Jesum
1312 1879 1468 1913 Christum,
1492 1887 1525 1908 ex
1554 1880 1644 1907 abdito
1661 1880 1707 1908 illo

924 1927 1024 1958 divino.
1036 1927 1140 1955 scilicet
1164 1926 1339 1954 immutabilis
1355 1925 1513 1958 divinitatis,
1538 1927 1706 1959 omnimodo,

923 1980 1041 2008 veraque
1057 1978 1084 2000 et
1100 1972 1219 2008 perfecta
1234 1973 1421 2000 incarnatione
1440 1979 1474 1999 ex
1494 1977 1587 2000 nostra
1607 1977 1704 2000 natura

924 2019 1111 2053 eﬂ'ormatum,
1131 2024 1160 2047 et
1183 2019 1216 2046 ad
1235 2019 1382 2051 dividuum,
1399 2019 1504 2047 scilicet
1531 2019 1706 2046 materiatam

925 2069 1047 2092 nostrum
1064 2069 1188 2092 naturam
1200 2084 1209 2098 ,
1232 2065 1392 2095 immutabili
1409 2064 1515 2093 ratione
1532 2071 1574 2094 ex,
1585 2071 1618 2091 eo
1635 2065 1708 2098 quod

924 2118 967 2140 eSt
982 2117 1080 2140 natura
1090 2119 1140 2140 sua
1151 2119 1246 2145 unum,
1261 2111 1287 2138 id
1302 2116 1344 2139 est
1357 2111 1473 2146 ipsumet
1488 2111 1630 2138 divinitate
1644 2117 1708 2144 pro-

925 2158 1064 2192 deuntem,
1075 2162 1104 2186 et
1124 2157 1268 2187 humanam
1281 2160 1401 2187 nostram
1416 2156 1595 2183 humilitatem
1609 2156 1643 2182 ad
1659 2155 1709 2183 but

923 2211 1020 2231 norum
1041 2211 1152 2231 suorum
1166 2202 1401 2237 participationem
1423 2201 1602 2233 invitantem,
1626 2201 1703 2228 dum-

923 2249 1004 2277 modo
1023 2253 1051 2277 et
1072 2255 1122 2276 nos
1147 2255 1200 2275 non
1215 2247 1298 2282 inepti
1313 2247 1455 2275 videamur
1474 2246 1507 2273 ad
1522 2246 1582 2281 ejus
1595 2266 1602 2278 ,
1616 2245 1707 2280 quoad

923 2297 982 2325 ﬁeri
997 2300 1095 2331 potest,
1111 2294 1327 2326 similitudinem.

959 2342 973 2378 §
991 2341 1058 2369 XIV.
1074 2341 1222 2369 Hierarcha
1235 2341 1332 2368 deinde
1350 2340 1564 2374 communicaris,
1586 2347 1708 2369 commu-

87 2386 193 2418 ταδοὺς,
210 2387 250 2419 εἰς
267 2387 441 2423 εὐχαριστίαν
461 2388 619 2424 καταλήγει.
643 2389 755 2425 Πρῶτον
770 2390 798 2419 δὲ
825 2398 872 2425 με·

925 2390 1089 2427 nionemque
1106 2388 1282 2419 distribuens,
1297 2387 1398 2414 desinit
1416 2388 1442 2414 iu
1457 2387 1611 2422 gratiarum.
1621 2386 1708 2414 actio-

87 2432 262 2468 ταλαμϐάνει,
282 2435 328 2460 καὶ
344 2434 414 2461 οὕτω
437 2435 610 2470 μεταδίδωσιν
621 2444 628 2450 ·
646 2436 686 2462 ὅτι
702 2436 742 2462 δεῖ
765 2436 872 2471 πρῶτον

87 2482 116 2507 ὲν
130 2481 259 2517 μετουσίᾳ
275 2482 400 2516 γενέσθαι
423 2484 468 2510 καὶ
480 2482 672 2519 ἀποπληρώσει
684 2483 739 2510 τῶν
751 2483 870 2518 ἀγαθῶν,

87 2527 133 2554 καὶ
150 2525 200 2554 εἶθ’
215 2527 285 2554 οὕτω
303 2528 470 2563 μεταδιδόναι
481 2538 488 2544 ·
505 2530 610 2564 πρῶτον
631 2530 806 2565 φωισθῆναι,
826 2531 873 2557 καὶ

86 2571 156 2598 οὕτω
169 2571 295 2607 φωτίσαι.
304 2573 349 2600 Διὺ
360 2575 406 2601 καὶ
413 2574 530 2609 τοῦτοδὴ
542 2574 719 2610 ποριζόμεθα,
727 2576 768 2602 ὅτι
780 2575 872 2608 κακῶς

87 2620 210 2647 ποιοῦσιν
231 2621 338 2652 οἵτινες,
353 2621 473 2648 διδακτοὶ
493 2622 530 2656 μὴ
547 2621 621 2652 ὄντες
638 2621 715 2654 Θεοῦ,
737 2621 872 2649 διδάσκειν

85 2666 279 2701 ἐπιχειροῦσιν.
299 2668 343 2700 Ὠς
359 2667 413 2703 γὰρ
425 2668 472 2693 ἐπὶ
488 2667 543 2694 τῶν
559 2667 677 2703 ἡλιακῶν
693 2667 809 2695 ἀκτίνων
826 2668 873 2694 καὶ

85 2713 140 2739 τῶν
154 2713 238 2740 ὑὲλων
250 2714 317 2749 ἔχει,
329 2715 370 2741 ὅτι
387 2715 493 2749 πρῶτον
509 2715 539 2741 τὺ
551 2715 608 2750 φῶς
618 2715 739 2750 δέχονται
750 2716 774 2741 oi
789 2714 880 2747 ὖελοι,·

86 2760 103 2794 ἢ
116 2759 146 2786 τὺ
163 2760 257 2795 κέρας,
270 2760 286 2796 ἢ
298 2760 361 2788 ἄλλο
376 2770 402 2788 τι
414 2761 468 2788 τῶν
483 2762 630 2796 διαφανῶν,
643 2763 688 2789 καὶ
700 2760 748 2789 εἷθ’
761 2761 831 2789 οὕτω
842 2762 873 2788 τὸ

88 2806 145 2840 φῶς
162 2806 229 2842 πρὸς
246 2806 280 2834 τὰ
296 2807 362 2835 ἀλλα
381 2808 584 2844 ὲποχετεύουσιν
594 2817 600 2823 ·
616 2808 687 2836 οὕτω
705 2808 751 2836 καὶ
767 2809 811 2835 ἐπὶ
825 2808 871 2835 τοῦ

127 2894 140 2908 ι
154 2886 219 2915 Luc.
238 2895 305 2921 nn,
324 2888 371 2917 i9.

926 2442 1000 2462 nem.
1017 2434 1136 2461 Primum
1155 2439 1243 2461 autem
1263 2433 1321 2466 ipse
1343 2433 1535 2467 communicat,
1550 2438 1578 2460 et
1595 2434 1635 2460 sic
1650 2434 1709 2460 dis-

927 2481 1035 2513 tribuit;
1057 2485 1166 2515 oportet
1183 2480 1255 2507 enim
1274 2480 1390 2515 primum
1411 2486 1472 2507 esse
1495 2479 1651 2514 participem
1675 2486 1708 2507 ac

926 2529 1035 2563 plenum
1051 2528 1195 2561 bonorum,
1214 2534 1247 2555 ac
1270 2527 1368 2555 deinde
1383 2527 1424 2558 sic
1447 2526 1626 2558 distribuere;
1651 2527 1705 2560 pri-

926 2583 998 2602 mum
1027 2575 1192 2607 illuminari,
1217 2582 1249 2602 ac
1270 2575 1367 2602 deinde
1386 2574 1551 2601 illuminare.
1574 2572 1707 2606 Quocirca

927 2620 1010 2656 215.
1024 2627 1166 2648 censemus
1183 2619 1242 2647 illos
1257 2619 1327 2647 male
1339 2626 1431 2653 agere,
1447 2618 1493 2652 qui
1507 2625 1567 2645 cum
1585 2625 1637 2645 non
1652 2618 1709 2644 sint

927 2667 998 2695 docti
1018 2674 1033 2693 a
1059 2666 1129 2700 Deo,
1155 2667 1254 2694 docere
1275 2670 1450 2700 pmsumuut.
1476 2663 1707 2698 Quemadmodum

926 2714 998 2742 enim
1014 2714 1041 2741 in
1058 2714 1191 2741 solarihus
1212 2713 1295 2741 radiis
1311 2721 1343 2740 ac
1361 2712 1438 2739 vitris
1458 2719 1487 2739 se
1502 2719 1546 2739 res
1565 2712 1655 2742 habet,
1678 2715 1710 2742 ut,

926 2763 995 2789 vitra
1011 2769 1157 2794 cornuave,
1173 2761 1215 2790 vel
1229 2760 1288 2787 alia:
1304 2767 1347 2787 res
1370 2765 1574 2793 trauspurentes
1590 2758 1706 2791 primum

926 2809 1017 2837 lumen
1032 2808 1173 2845 recipiant,
1187 2815 1218 2836 ac
1231 2807 1326 2836 deinde
1341 2807 1379 2834 sic
1398 2806 1487 2834 lumen
1504 2807 1536 2833 ad
1553 2805 1604 2832 alia
1623 2809 1713 2831 [rank
