  <div class='ocr_page' id='page_1' title='image "/cluster/home/n/w/nwhite01/storage/ocr_20150623/3/njp.32101077772356/304.png"; bbox 0 0 1931 3073; ppageno 0'>
   <div class='ocr_carea' id='block_1_1' title="bbox 113 181 168 211">
    <p class='ocr_par' dir='ltr' id='par_1_1' title="bbox 113 181 168 211">
     <span class='ocr_line' id='line_1_1' title="bbox 113 181 168 211; baseline 0.018 -1"><span class='ocrx_word' id='word_1_1' title='bbox 113 181 168 211; x_wconf 67' lang='lat'><strong>‘73</strong></span> 
     </span>
    </p>
   </div>
   <div class='ocr_carea' id='block_1_2' title="bbox 267 239 752 274">
    <p class='ocr_par' dir='ltr' id='par_1_2' title="bbox 267 239 752 274">
     <span class='ocr_line' id='line_1_2' title="bbox 267 239 752 274; baseline -0.002 -7"><span class='ocrx_word' id='word_1_2' title='bbox 267 241 297 268; x_wconf 93' lang='lat' dir='ltr'><strong>Il.</strong></span> <span class='ocrx_word' id='word_1_3' title='bbox 317 239 491 273; x_wconf 78' lang='grc' dir='ltr'>Μυατήριον</span> <span class='ocrx_word' id='word_1_4' title='bbox 505 239 629 273; x_wconf 77' lang='grc' dir='ltr'>τελετῆς</span> <span class='ocrx_word' id='word_1_5' title='bbox 643 240 752 274; x_wconf 82' lang='grc' dir='ltr'>μύρου.</span> 
     </span>
    </p>
   </div>
   <div class='ocr_carea' id='block_1_3' title="bbox 149 296 903 333">
    <p class='ocr_par' dir='ltr' id='par_1_3' title="bbox 149 296 903 333">
     <span class='ocr_line' id='line_1_3' title="bbox 149 296 903 333; baseline -0.005 -6"><span class='ocrx_word' id='word_1_6' title='bbox 149 299 226 328; x_wconf 84' lang='grc' dir='ltr'>Κατά</span> <span class='ocrx_word' id='word_1_7' title='bbox 239 299 284 325; x_wconf 72' lang='grc' dir='ltr'>τὸν</span> <span class='ocrx_word' id='word_1_8' title='bbox 302 298 382 325; x_wconf 76' lang='grc' dir='ltr'>αὑτὸν</span> <span class='ocrx_word' id='word_1_9' title='bbox 395 297 446 332; x_wconf 81' lang='grc' dir='ltr'>τῆς</span> <span class='ocrx_word' id='word_1_10' title='bbox 460 297 594 330; x_wconf 78' lang='grc' dir='ltr'>συνάξεως</span> <span class='ocrx_word' id='word_1_11' title='bbox 605 297 714 333; x_wconf 79' lang='grc' dir='ltr'><strong>τρόπον,</strong></span> <span class='ocrx_word' id='word_1_12' title='bbox 734 298 762 323; x_wconf 81' lang='grc' dir='ltr'>αἱ</span> <span class='ocrx_word' id='word_1_13' title='bbox 774 296 828 323; x_wconf 85' lang='grc' dir='ltr'>τῶν</span> <span class='ocrx_word' id='word_1_14' title='bbox 841 297 903 324; x_wconf 84' lang='grc' dir='ltr'>ἀτε-</span> 
     </span>
    </p>
   </div>
   <div class='ocr_carea' id='block_1_4' title="bbox 113 342 902 378">
    <p class='ocr_par' dir='ltr' id='par_1_4' title="bbox 113 342 902 378">
     <span class='ocr_line' id='line_1_4' title="bbox 113 342 902 378; baseline -0.005 -6"><span class='ocrx_word' id='word_1_15' title='bbox 113 345 234 372; x_wconf 81' lang='grc' dir='ltr'>λειώτυν</span> <span class='ocrx_word' id='word_1_16' title='bbox 258 343 418 371; x_wconf 76' lang='grc' dir='ltr'><strong>ἀπολύονται</strong></span> <span class='ocrx_word' id='word_1_17' title='bbox 442 342 542 376; x_wconf 78' lang='grc' dir='ltr'>τάξεις,</span> <span class='ocrx_word' id='word_1_18' title='bbox 565 342 801 378; x_wconf 83' lang='grc' dir='ltr'>προηγησαμένων</span> <span class='ocrx_word' id='word_1_19' title='bbox 812 342 833 358; x_wconf 84' lang='grc'><strong>⁷¹</strong></span> <span class='ocrx_word' id='word_1_20' title='bbox 853 342 902 378; x_wconf 87' lang='grc' dir='ltr'>δη-</span> 
     </span>
    </p>
   </div>
   <div class='ocr_carea' id='block_1_5' title="bbox 114 388 901 427">
    <p class='ocr_par' dir='ltr' id='par_1_5' title="bbox 114 388 901 427">
     <span class='ocr_line' id='line_1_5' title="bbox 114 388 901 427; baseline -0.005 -9"><span class='ocrx_word' id='word_1_21' title='bbox 114 392 180 427; x_wconf 83' lang='grc' dir='ltr'>λαδὴ</span> <span class='ocrx_word' id='word_1_22' title='bbox 202 391 252 426; x_wconf 74' lang='grc' dir='ltr'>τῆς</span> <span class='ocrx_word' id='word_1_23' title='bbox 271 399 300 416; x_wconf 76' lang='grc' dir='ltr'><strong>ἰε</strong></span> <span class='ocrx_word' id='word_1_24' title='bbox 324 389 483 425; x_wconf 73' lang='grc' dir='ltr'>ἱεραρχικῆς</span> <span class='ocrx_word' id='word_1_25' title='bbox 502 389 547 415; x_wconf 67' lang='grc' dir='ltr'><strong>ἐπὶ</strong></span> <span class='ocrx_word' id='word_1_26' title='bbox 567 389 621 415; x_wconf 82' lang='grc' dir='ltr'>πᾶν</span> <span class='ocrx_word' id='word_1_27' title='bbox 644 389 674 415; x_wconf 75' lang='grc' dir='ltr'>τὸ</span> <span class='ocrx_word' id='word_1_28' title='bbox 692 388 763 424; x_wconf 83' lang='grc' dir='ltr'>ἱερὸν</span> <span class='ocrx_word' id='word_1_29' title='bbox 786 389 901 423; x_wconf 81' lang='grc' dir='ltr'>εὐόσμου</span> 
     </span>
    </p>
   </div>
   <div class='ocr_carea' id='block_1_6' title="bbox 113 434 902 473">
    <p class='ocr_par' dir='ltr' id='par_1_6' title="bbox 113 434 902 473">
     <span class='ocr_line' id='line_1_6' title="bbox 113 434 902 473; baseline -0.005 -9"><span class='ocrx_word' id='word_1_30' title='bbox 113 436 298 473; x_wconf 76' lang='grc' dir='ltr'><strong>περιαγωγῆς,</strong></span> <span class='ocrx_word' id='word_1_31' title='bbox 316 436 363 462; x_wconf 77' lang='grc' dir='ltr'><strong>καὶ</strong></span> <span class='ocrx_word' id='word_1_32' title='bbox 384 435 434 470; x_wconf 75' lang='grc' dir='ltr'><strong>τῆς</strong></span> <span class='ocrx_word' id='word_1_33' title='bbox 450 434 590 470; x_wconf 74' lang='grc' dir='ltr'>ψαλμικῆς</span> <span class='ocrx_word' id='word_1_34' title='bbox 611 434 770 470; x_wconf 81' lang='grc' dir='ltr'>ἱερολογίας,</span> <span class='ocrx_word' id='word_1_35' title='bbox 788 435 835 460; x_wconf 76' lang='grc' dir='ltr'><strong>καὶ</strong></span> <span class='ocrx_word' id='word_1_36' title='bbox 852 434 902 470; x_wconf 82' lang='grc' dir='ltr'>τῆς</span> 
     </span>
    </p>
   </div>
   <div class='ocr_carea' id='block_1_7' title="bbox 110 478 902 517">
    <p class='ocr_par' dir='ltr' id='par_1_7' title="bbox 110 478 902 517">
     <span class='ocr_line' id='line_1_7' title="bbox 110 478 902 517; baseline -0.006 -6"><span class='ocrx_word' id='word_1_37' title='bbox 110 484 166 511; x_wconf 78' lang='grc' dir='ltr'><strong>τῶν</strong></span> <span class='ocrx_word' id='word_1_38' title='bbox 183 483 327 510; x_wconf 78' lang='grc' dir='ltr'><strong>θειοτάτων</strong></span> <span class='ocrx_word' id='word_1_39' title='bbox 343 483 447 517; x_wconf 81' lang='grc' dir='ltr'>Λογίων</span> <span class='ocrx_word' id='word_1_40' title='bbox 467 480 655 516; x_wconf 82' lang='grc' dir='ltr'>ἀναγνώσεως.</span> <span class='ocrx_word' id='word_1_41' title='bbox 674 478 738 507; x_wconf 81' lang='grc' dir='ltr'>Εἶτα</span> <span class='ocrx_word' id='word_1_42' title='bbox 760 480 790 507; x_wconf 73' lang='grc' dir='ltr'>τὸ</span> <span class='ocrx_word' id='word_1_43' title='bbox 816 480 902 516; x_wconf 84' lang='grc' dir='ltr'>μύρον</span> 
     </span>
    </p>
   </div>
   <div class='ocr_carea' id='block_1_8' title="bbox 109 526 899 566">
    <p class='ocr_par' dir='ltr' id='par_1_8' title="bbox 109 526 899 566">
     <span class='ocr_line' id='line_1_8' title="bbox 109 526 899 566; baseline -0.006 -9"><span class='ocrx_word' id='word_1_44' title='bbox 109 532 125 557; x_wconf 85' lang='grc' dir='ltr'>ὁ</span> <span class='ocrx_word' id='word_1_45' title='bbox 147 531 275 566; x_wconf 79' lang='grc' dir='ltr'>ἱεράρχης</span> <span class='ocrx_word' id='word_1_46' title='bbox 294 528 384 556; x_wconf 77' lang='grc' dir='ltr'>λαϐὼν</span> <span class='ocrx_word' id='word_1_47' title='bbox 403 528 538 564; x_wconf 73' lang='grc' dir='ltr'>ἐπιτίθησι</span> <span class='ocrx_word' id='word_1_48' title='bbox 557 527 596 562; x_wconf 85' lang='grc' dir='ltr'>τῷ</span> <span class='ocrx_word' id='word_1_49' title='bbox 620 527 684 563; x_wconf 80' lang='grc' dir='ltr'>θείῳ</span> <span class='ocrx_word' id='word_1_50' title='bbox 706 526 899 562; x_wconf 75' lang='grc' dir='ltr'><strong>θυσιαστηρίῳ,</strong></span> 
     </span>
    </p>
   </div>
   <div class='ocr_carea' id='block_1_9' title="bbox 110 574 899 612">
    <p class='ocr_par' dir='ltr' id='par_1_9' title="bbox 110 574 899 612">
     <span class='ocr_line' id='line_1_9' title="bbox 110 574 899 612; baseline -0.003 -10"><span class='ocrx_word' id='word_1_51' title='bbox 110 576 381 612; x_wconf 78' lang='grc' dir='ltr'>περικεκαλυμμένον</span> <span class='ocrx_word' id='word_1_52' title='bbox 405 576 456 602; x_wconf 83' lang='grc' dir='ltr'>ὑπὸ</span> <span class='ocrx_word' id='word_1_53' title='bbox 480 575 639 601; x_wconf 76' lang='grc' dir='ltr'>δυοκαίδεκα</span> <span class='ocrx_word' id='word_1_54' title='bbox 656 574 784 610; x_wconf 81' lang='grc' dir='ltr'>πτέρυξιν</span> <span class='ocrx_word' id='word_1_55' title='bbox 803 575 899 610; x_wconf 82' lang='grc' dir='ltr'><strong>ἱεραῖς,</strong></span> 
     </span>
    </p>
   </div>
   <div class='ocr_carea' id='block_1_10' title="bbox 109 619 900 657">
    <p class='ocr_par' dir='ltr' id='par_1_10' title="bbox 109 619 900 657">
     <span class='ocr_line' id='line_1_10' title="bbox 109 619 900 657; baseline -0.004 -9"><span class='ocrx_word' id='word_1_56' title='bbox 109 620 286 648; x_wconf 77' lang='grc' dir='ltr'>ἀναϐοώντων</span> <span class='ocrx_word' id='word_1_57' title='bbox 310 621 436 648; x_wconf 76' lang='grc' dir='ltr'>ἁπάντων</span> <span class='ocrx_word' id='word_1_58' title='bbox 446 621 469 636; x_wconf 87' lang='grc'><strong>⁷²</strong></span> <span class='ocrx_word' id='word_1_59' title='bbox 484 620 621 657; x_wconf 80' lang='grc' dir='ltr'><strong>ἁγιωτάτῃ</strong></span> <span class='ocrx_word' id='word_1_60' title='bbox 636 621 710 655; x_wconf 86' lang='grc' dir='ltr'>φωνῇ</span> <span class='ocrx_word' id='word_1_61' title='bbox 724 619 755 645; x_wconf 81' lang='grc' dir='ltr'>τὸ</span> <span class='ocrx_word' id='word_1_62' title='bbox 767 619 838 655; x_wconf 76' lang='grc' dir='ltr'>ἱερὸν</span> <span class='ocrx_word' id='word_1_63' title='bbox 850 619 900 654; x_wconf 78' lang='grc' dir='ltr'>τῆς</span> 
     </span>
    </p>
   </div>
   <div class='ocr_carea' id='block_1_11' title="bbox 108 665 900 703">
    <p class='ocr_par' dir='ltr' id='par_1_11' title="bbox 108 665 900 703">
     <span class='ocr_line' id='line_1_11' title="bbox 108 665 900 703; baseline -0.004 -9"><span class='ocrx_word' id='word_1_64' title='bbox 108 668 163 694; x_wconf 78' lang='grc' dir='ltr'>τῶν</span> <span class='ocrx_word' id='word_1_65' title='bbox 183 667 337 703; x_wconf 81' lang='grc' dir='ltr'>θεολήπτων</span> <span class='ocrx_word' id='word_1_66' title='bbox 357 667 503 703; x_wconf 77' lang='grc' dir='ltr'>προφητῶν</span> <span class='ocrx_word' id='word_1_67' title='bbox 516 667 657 698; x_wconf 77' lang='grc' dir='ltr'>ἐπιπνοίας</span> <span class='ocrx_word' id='word_1_68' title='bbox 677 665 838 702; x_wconf 77' lang='grc' dir='ltr'>μελῴδημα·</span> <span class='ocrx_word' id='word_1_69' title='bbox 853 665 900 692; x_wconf 76' lang='grc' dir='ltr'><strong>καὶ</strong></span> 
     </span>
    </p>
   </div>
   <div class='ocr_carea' id='block_1_12' title="bbox 107 710 900 749">
    <p class='ocr_par' dir='ltr' id='par_1_12' title="bbox 107 710 900 749">
     <span class='ocr_line' id='line_1_12' title="bbox 107 710 900 749; baseline -0.003 -10"><span class='ocrx_word' id='word_1_70' title='bbox 107 714 158 749; x_wconf 80' lang='grc' dir='ltr'><strong>τὴν</strong></span> <span class='ocrx_word' id='word_1_71' title='bbox 178 714 222 740; x_wconf 71' lang='grc' dir='ltr'><strong>ἐπ’</strong></span> <span class='ocrx_word' id='word_1_72' title='bbox 242 713 315 748; x_wconf 81' lang='grc' dir='ltr'><strong>αὑτῴ</strong></span> <span class='ocrx_word' id='word_1_73' title='bbox 338 713 501 749; x_wconf 77' lang='grc' dir='ltr'>τελουμένην</span> <span class='ocrx_word' id='word_1_74' title='bbox 525 712 607 748; x_wconf 73' lang='grc' dir='ltr'>εὐχὴν</span> <span class='ocrx_word' id='word_1_75' title='bbox 633 710 844 747; x_wconf 72' lang='grc' dir='ltr'><strong>ἀποπληρώσας,</strong></span> <span class='ocrx_word' id='word_1_76' title='bbox 871 712 900 737; x_wconf 84' lang='grc' dir='ltr'>ἐν</span> 
     </span>
    </p>
   </div>
   <div class='ocr_carea' id='block_1_13' title="bbox 106 756 899 794">
    <p class='ocr_par' dir='ltr' id='par_1_13' title="bbox 106 756 899 794">
     <span class='ocr_line' id='line_1_13' title="bbox 106 756 899 794; baseline -0.003 -9"><span class='ocrx_word' id='word_1_77' title='bbox 106 761 170 791; x_wconf 77' lang='grc' dir='ltr'>ταῖς</span> <span class='ocrx_word' id='word_1_78' title='bbox 192 760 360 793; x_wconf 79' lang='grc' dir='ltr'>ἁγιωτάταις</span> <span class='ocrx_word' id='word_1_79' title='bbox 377 758 431 785; x_wconf 84' lang='grc' dir='ltr'><strong>τῶν</strong></span> <span class='ocrx_word' id='word_1_80' title='bbox 453 758 659 794; x_wconf 71' lang='grc' dir='ltr'>ἀφιερωμένων</span> <span class='ocrx_word' id='word_1_81' title='bbox 681 758 802 789; x_wconf 84' lang='grc' dir='ltr'>τελεταῖς</span> <span class='ocrx_word' id='word_1_82' title='bbox 825 756 899 791; x_wconf 82' lang='grc' dir='ltr'>αὐτῷ</span> 
     </span>
    </p>
   </div>
   <div class='ocr_carea' id='block_1_14' title="bbox 107 805 898 842">
    <p class='ocr_par' dir='ltr' id='par_1_14' title="bbox 107 805 898 842">
     <span class='ocr_line' id='line_1_14' title="bbox 107 805 898 842; baseline -0.001 -10"><span class='ocrx_word' id='word_1_83' title='bbox 107 807 208 842; x_wconf 76' lang='grc' dir='ltr'>χρῆται</span> <span class='ocrx_word' id='word_1_84' title='bbox 233 807 301 841; x_wconf 82' lang='grc' dir='ltr'>πρὸς</span> <span class='ocrx_word' id='word_1_85' title='bbox 326 807 415 837; x_wconf 75' lang='grc' dir='ltr'>πᾶσαν</span> <span class='ocrx_word' id='word_1_86' title='bbox 440 807 530 841; x_wconf 79' lang='grc' dir='ltr'>σχεδὸν</span> <span class='ocrx_word' id='word_1_87' title='bbox 554 805 714 842; x_wconf 77' lang='grc' dir='ltr'>ἱεραρχικὴν</span> <span class='ocrx_word' id='word_1_88' title='bbox 742 805 898 841; x_wconf 68' lang='grc' dir='ltr'>τελεσιουρ-</span> 
     </span>
    </p>
   </div>
   <div class='ocr_carea' id='block_1_15' title="bbox 106 854 180 889">
    <p class='ocr_par' dir='ltr' id='par_1_15' title="bbox 106 854 180 889">
     <span class='ocr_line' id='line_1_15' title="bbox 106 854 180 889; baseline 0.014 -9"><span class='ocrx_word' id='word_1_89' title='bbox 106 854 180 889; x_wconf 77' lang='grc' dir='ltr'>γῐαν.</span> 
     </span>
    </p>
   </div>
   <div class='ocr_carea' id='block_1_16' title="bbox 413 911 593 946">
    <p class='ocr_par' dir='ltr' id='par_1_16' title="bbox 413 911 593 946">
     <span class='ocr_line' id='line_1_16' title="bbox 413 911 593 946; baseline 0 -8"><span class='ocrx_word' id='word_1_90' title='bbox 413 911 458 938; x_wconf 84' lang='grc' dir='ltr'><strong>ΙΙΙ.</strong></span> <span class='ocrx_word' id='word_1_91' title='bbox 476 913 593 946; x_wconf 83' lang='grc' dir='ltr'>Θεωρία.</span> 
     </span>
    </p>
   </div>
   <div class='ocr_carea' id='block_1_17' title="bbox 645 180 1212 215">
    <p class='ocr_par' dir='ltr' id='par_1_17' title="bbox 645 180 1212 215">
     <span class='ocr_line' id='line_1_17' title="bbox 645 180 1212 215; baseline 0.004 -6"><span class='ocrx_word' id='word_1_92' title='bbox 645 181 687 209; x_wconf 76' lang='grc' dir='ltr'><strong>ΒΞ</strong></span> <span class='ocrx_word' id='word_1_93' title='bbox 703 181 844 215; x_wconf 72' lang='grc' dir='ltr'>Εαοιιιε,</span> <span class='ocrx_word' id='word_1_94' title='bbox 862 180 1062 214; x_wconf 70' lang='grc' dir='ltr'><strong>ΗῙΕΗΛΒΟΗη</strong></span> <span class='ocrx_word' id='word_1_95' title='bbox 1073 182 1150 211; x_wconf 84' lang='lat' dir='ltr'><strong>CAP.</strong></span> <span class='ocrx_word' id='word_1_96' title='bbox 1171 183 1212 211; x_wconf 76' lang='lat' dir='ltr'><strong>lV&#39;.</strong></span> 
     </span>
    </p>
   </div>
   <div class='ocr_carea' id='block_1_18' title="bbox 1689 185 1740 213">
    <p class='ocr_par' dir='ltr' id='par_1_18' title="bbox 1689 185 1740 213">
     <span class='ocr_line' id='line_1_18' title="bbox 1689 185 1740 213; baseline -0.02 0"><span class='ocrx_word' id='word_1_97' title='bbox 1689 185 1740 213; x_wconf 61' lang='grc'><strong>474</strong></span> 
     </span>
    </p>
   </div>
   <div class='ocr_carea' id='block_1_19' title="bbox 1059 239 1633 276">
    <p class='ocr_par' dir='ltr' id='par_1_19' title="bbox 1059 239 1633 276">
     <span class='ocr_line' id='line_1_19' title="bbox 1059 239 1633 276; baseline 0.009 -10"><span class='ocrx_word' id='word_1_98' title='bbox 1059 239 1091 267; x_wconf 84' lang='grc' dir='ltr'><strong>ΙΙ.</strong></span> <span class='ocrx_word' id='word_1_99' title='bbox 1108 239 1265 274; x_wconf 74' lang='lat' dir='ltr'><strong>Mysterium</strong></span> <span class='ocrx_word' id='word_1_100' title='bbox 1278 241 1480 268; x_wconf 65' lang='lat' dir='ltr'><strong>consecrationis</strong></span> <span class='ocrx_word' id='word_1_101' title='bbox 1498 244 1633 276; x_wconf 77' lang='lat' dir='ltr'><strong>unguenti.</strong></span> 
     </span>
    </p>
   </div>
   <div class='ocr_carea' id='block_1_20' title="bbox 989 297 1739 335">
    <p class='ocr_par' dir='ltr' id='par_1_20' title="bbox 989 297 1739 335">
     <span class='ocr_line' id='line_1_20' title="bbox 989 297 1739 335; baseline 0.004 -11"><span class='ocrx_word' id='word_1_102' title='bbox 989 297 1088 324; x_wconf 82' lang='lat' dir='ltr'><strong>Eodem</strong></span> <span class='ocrx_word' id='word_1_103' title='bbox 1105 297 1185 324; x_wconf 89' lang='lat' dir='ltr'><strong>modo</strong></span> <span class='ocrx_word' id='word_1_104' title='bbox 1199 305 1253 332; x_wconf 85' lang='lat' dir='ltr'><strong>quo</strong></span> <span class='ocrx_word' id='word_1_105' title='bbox 1276 297 1302 324; x_wconf 94' lang='lat' dir='ltr'><strong>in</strong></span> <span class='ocrx_word' id='word_1_106' title='bbox 1323 298 1431 332; x_wconf 78' lang='lat' dir='ltr'><strong>synaxi,</strong></span> <span class='ocrx_word' id='word_1_107' title='bbox 1450 298 1568 326; x_wconf 84' lang='lat' dir='ltr'><strong>&#39;ordines</strong></span> <span class='ocrx_word' id='word_1_108' title='bbox 1583 307 1676 327; x_wconf 78' lang='lat' dir='ltr'><strong>eorum</strong></span> <span class='ocrx_word' id='word_1_109' title='bbox 1693 301 1739 335; x_wconf 79' lang='lat' dir='ltr'><strong>qui</strong></span> 
     </span>
    </p>
   </div>
   <div class='ocr_carea' id='block_1_21' title="bbox 953 343 1737 379">
    <p class='ocr_par' dir='ltr' id='par_1_21' title="bbox 953 343 1737 379">
     <span class='ocr_line' id='line_1_21' title="bbox 953 343 1737 379; baseline 0.006 -10"><span class='ocrx_word' id='word_1_110' title='bbox 953 343 1043 371; x_wconf 89' lang='lat' dir='ltr'><strong>minus</strong></span> <span class='ocrx_word' id='word_1_111' title='bbox 1059 343 1172 378; x_wconf 92' lang='lat' dir='ltr'><strong>perfecti</strong></span> <span class='ocrx_word' id='word_1_112' title='bbox 1197 347 1270 377; x_wconf 85' lang='lat' dir='ltr'><strong>sunt,</strong></span> <span class='ocrx_word' id='word_1_113' title='bbox 1283 344 1476 377; x_wconf 84' lang='lat' dir='ltr'><strong>excluduntur,</strong></span> <span class='ocrx_word' id='word_1_114' title='bbox 1493 346 1642 379; x_wconf 67' lang='lat' dir='ltr'><strong>prremissis</strong></span> <span class='ocrx_word' id='word_1_115' title='bbox 1660 348 1737 374; x_wconf 83' lang='lat' dir='ltr'><strong>vide-</strong></span> 
     </span>
    </p>
   </div>
   <div class='ocr_carea' id='block_1_22' title="bbox 954 388 1741 424">
    <p class='ocr_par' dir='ltr' id='par_1_22' title="bbox 954 388 1741 424">
     <span class='ocr_line' id='line_1_22' title="bbox 954 388 1741 424; baseline 0.005 -9"><span class='ocrx_word' id='word_1_116' title='bbox 954 388 1027 420; x_wconf 80' lang='lat' dir='ltr'><strong>licet,</strong></span> <span class='ocrx_word' id='word_1_117' title='bbox 1051 396 1129 417; x_wconf 83' lang='lat' dir='ltr'><strong>sacra</strong></span> <span class='ocrx_word' id='word_1_118' title='bbox 1149 397 1197 424; x_wconf 83' lang='lat' dir='ltr'><strong>per</strong></span> <span class='ocrx_word' id='word_1_119' title='bbox 1221 394 1306 416; x_wconf 92' lang='lat' dir='ltr'><strong>totum</strong></span> <span class='ocrx_word' id='word_1_120' title='bbox 1329 390 1458 424; x_wconf 87' lang='lat' dir='ltr'><strong>templum</strong></span> <span class='ocrx_word' id='word_1_121' title='bbox 1483 398 1544 418; x_wconf 87' lang='lat' dir='ltr'><strong>cum</strong></span> <span class='ocrx_word' id='word_1_122' title='bbox 1569 393 1661 419; x_wconf 83' lang='lat' dir='ltr'><strong>odoris</strong></span> <span class='ocrx_word' id='word_1_123' title='bbox 1685 393 1741 419; x_wconf 86' lang='lat' dir='ltr'><strong>fra-</strong></span> 
     </span>
    </p>
   </div>
   <div class='ocr_carea' id='block_1_23' title="bbox 952 436 1739 471">
    <p class='ocr_par' dir='ltr' id='par_1_23' title="bbox 952 436 1739 471">
     <span class='ocr_line' id='line_1_23' title="bbox 952 436 1739 471; baseline 0.004 -9"><span class='ocrx_word' id='word_1_124' title='bbox 952 436 1057 470; x_wconf 71' lang='lat' dir='ltr'><strong>grantia</strong></span> <span class='ocrx_word' id='word_1_125' title='bbox 1074 437 1257 471; x_wconf 80' lang='lat' dir='ltr'><strong>processione,</strong></span> <span class='ocrx_word' id='word_1_126' title='bbox 1274 437 1497 471; x_wconf 72' lang='lat' dir='ltr'><strong>psalntorumquc</strong></span> <span class='ocrx_word' id='word_1_127' title='bbox 1512 445 1589 465; x_wconf 85' lang='lat' dir='ltr'><strong>sacra</strong></span> <span class='ocrx_word' id='word_1_128' title='bbox 1617 439 1739 465; x_wconf 89' lang='lat' dir='ltr'><strong>modula-</strong></span> 
     </span>
    </p>
   </div>
   <div class='ocr_carea' id='block_1_24' title="bbox 953 479 1737 519">
    <p class='ocr_par' dir='ltr' id='par_1_24' title="bbox 953 479 1737 519">
     <span class='ocr_line' id='line_1_24' title="bbox 953 479 1737 519; baseline 0.004 -12"><span class='ocrx_word' id='word_1_129' title='bbox 953 479 1040 511; x_wconf 79' lang='lat' dir='ltr'><strong>tione,</strong></span> <span class='ocrx_word' id='word_1_130' title='bbox 1066 485 1093 508; x_wconf 82' lang='lat' dir='ltr'><strong>et</strong></span> <span class='ocrx_word' id='word_1_131' title='bbox 1116 481 1348 508; x_wconf 89' lang='lat' dir='ltr'><strong>divinissimorum</strong></span> <span class='ocrx_word' id='word_1_132' title='bbox 1375 483 1552 517; x_wconf 85' lang='lat' dir='ltr'><strong>Eloquiorum</strong></span> <span class='ocrx_word' id='word_1_133' title='bbox 1579 484 1737 519; x_wconf 72' lang='lat' dir='ltr'><strong>promulga-</strong></span> 
     </span>
    </p>
   </div>
   <div class='ocr_carea' id='block_1_25' title="bbox 953 526 1736 564">
    <p class='ocr_par' dir='ltr' id='par_1_25' title="bbox 953 526 1736 564">
     <span class='ocr_line' id='line_1_25' title="bbox 953 526 1736 564; baseline 0.005 -12"><span class='ocrx_word' id='word_1_134' title='bbox 953 526 1035 553; x_wconf 85' lang='lat' dir='ltr'><strong>tione.</strong></span> <span class='ocrx_word' id='word_1_135' title='bbox 1051 526 1154 554; x_wconf 71' lang='lat' dir='ltr'><strong>Deinde</strong></span> <span class='ocrx_word' id='word_1_136' title='bbox 1168 527 1288 560; x_wconf 78' lang='lat' dir='ltr'><strong>pontifex</strong></span> <span class='ocrx_word' id='word_1_137' title='bbox 1302 532 1413 562; x_wconf 87' lang='lat' dir='ltr'><strong>accepto</strong></span> <span class='ocrx_word' id='word_1_138' title='bbox 1427 533 1564 562; x_wconf 59' lang='lat' dir='ltr'><strong>unguento</strong></span> <span class='ocrx_word' id='word_1_139' title='bbox 1579 531 1656 564; x_wconf 88' lang='lat' dir='ltr'><strong>ponit</strong></span> <span class='ocrx_word' id='word_1_140' title='bbox 1672 530 1736 556; x_wconf 91' lang='lat' dir='ltr'><strong>illud</strong></span> 
     </span>
    </p>
   </div>
   <div class='ocr_carea' id='block_1_26' title="bbox 951 571 1739 605">
    <p class='ocr_par' dir='ltr' id='par_1_26' title="bbox 951 571 1739 605">
     <span class='ocr_line' id='line_1_26' title="bbox 951 571 1739 605; baseline 0.005 -7"><span class='ocrx_word' id='word_1_141' title='bbox 951 578 1032 605; x_wconf 85' lang='lat' dir='ltr'><strong>supra</strong></span> <span class='ocrx_word' id='word_1_142' title='bbox 1056 571 1174 598; x_wconf 85' lang='lat' dir='ltr'><strong>divinum</strong></span> <span class='ocrx_word' id='word_1_143' title='bbox 1199 572 1296 604; x_wconf 87' lang='lat' dir='ltr'><strong>altare,</strong></span> <span class='ocrx_word' id='word_1_144' title='bbox 1321 573 1464 600; x_wconf 81' lang='lat' dir='ltr'><strong>duodecim</strong></span> <span class='ocrx_word' id='word_1_145' title='bbox 1482 575 1569 601; x_wconf 82' lang='lat' dir='ltr'><strong>sacris</strong></span> <span class='ocrx_word' id='word_1_146' title='bbox 1584 575 1634 602; x_wconf 81' lang='lat' dir='ltr'><strong>alis</strong></span> <span class='ocrx_word' id='word_1_147' title='bbox 1656 575 1739 602; x_wconf 80' lang='lat' dir='ltr'><strong>obve-</strong></span> 
     </span>
    </p>
   </div>
   <div class='ocr_carea' id='block_1_27' title="bbox 952 617 1737 652">
    <p class='ocr_par' dir='ltr' id='par_1_27' title="bbox 952 617 1737 652">
     <span class='ocr_line' id='line_1_27' title="bbox 952 617 1737 652; baseline 0.005 -8"><span class='ocrx_word' id='word_1_148' title='bbox 952 617 1045 652; x_wconf 88' lang='lat' dir='ltr'><strong>latnm,</strong></span> <span class='ocrx_word' id='word_1_149' title='bbox 1062 619 1167 646; x_wconf 88' lang='lat' dir='ltr'><strong>cunctis</strong></span> <span class='ocrx_word' id='word_1_150' title='bbox 1182 620 1353 647; x_wconf 87' lang='lat' dir='ltr'><strong>sanctissima</strong></span> <span class='ocrx_word' id='word_1_151' title='bbox 1370 627 1435 647; x_wconf 87' lang='lat' dir='ltr'><strong>voce</strong></span> <span class='ocrx_word' id='word_1_152' title='bbox 1450 621 1658 648; x_wconf 90' lang='lat' dir='ltr'><strong>concinentibus</strong></span> <span class='ocrx_word' id='word_1_153' title='bbox 1674 622 1737 648; x_wconf 85' lang='lat' dir='ltr'><strong>illud</strong></span> 
     </span>
    </p>
   </div>
   <div class='ocr_carea' id='block_1_28' title="bbox 951 664 1739 701">
    <p class='ocr_par' dir='ltr' id='par_1_28' title="bbox 951 664 1739 701">
     <span class='ocr_line' id='line_1_28' title="bbox 951 664 1739 701; baseline 0.005 -10"><span class='ocrx_word' id='word_1_154' title='bbox 951 664 1080 691; x_wconf 82' lang='lat' dir='ltr'><strong>divinitus</strong></span> <span class='ocrx_word' id='word_1_155' title='bbox 1103 665 1256 693; x_wconf 85' lang='lat' dir='ltr'><strong>atllatormn</strong></span> <span class='ocrx_word' id='word_1_156' title='bbox 1286 666 1479 701; x_wconf 83' lang='lat' dir='ltr'><strong>prophetarum</strong></span> <span class='ocrx_word' id='word_1_157' title='bbox 1499 669 1637 695; x_wconf 81' lang='lat' dir='ltr'><strong>camicum</strong></span> <span class='ocrx_word' id='word_1_158' title='bbox 1664 667 1739 695; x_wconf 82' lang='lat' dir='ltr'><strong>allia-</strong></span> 
     </span>
    </p>
   </div>
   <div class='ocr_carea' id='block_1_29' title="bbox 951 711 1738 749">
    <p class='ocr_par' dir='ltr' id='par_1_29' title="bbox 951 711 1738 749">
     <span class='ocr_line' id='line_1_29' title="bbox 951 711 1738 749; baseline 0.004 -11"><span class='ocrx_word' id='word_1_159' title='bbox 951 711 1041 744; x_wconf 81' lang='lat' dir='ltr'><strong>tionis,</strong></span> <span class='ocrx_word' id='word_1_160' title='bbox 1058 712 1250 746; x_wconf 88' lang='lat' dir='ltr'><strong>completaque</strong></span> <span class='ocrx_word' id='word_1_161' title='bbox 1266 719 1350 747; x_wconf 85' lang='lat' dir='ltr'><strong>super</strong></span> <span class='ocrx_word' id='word_1_162' title='bbox 1368 721 1401 740; x_wconf 88' lang='lat' dir='ltr'><strong>eo</strong></span> <span class='ocrx_word' id='word_1_163' title='bbox 1417 715 1619 742; x_wconf 84' lang='lat' dir='ltr'><strong>cansecratoria</strong></span> <span class='ocrx_word' id='word_1_164' title='bbox 1643 723 1738 749; x_wconf 80' lang='lat' dir='ltr'><strong>preca-</strong></span> 
     </span>
    </p>
   </div>
   <div class='ocr_carea' id='block_1_30' title="bbox 951 759 1737 796">
    <p class='ocr_par' dir='ltr' id='par_1_30' title="bbox 951 759 1737 796">
     <span class='ocr_line' id='line_1_30' title="bbox 951 759 1737 796; baseline 0.004 -11"><span class='ocrx_word' id='word_1_165' title='bbox 951 759 1034 790; x_wconf 88' lang='lat' dir='ltr'><strong>tione,</strong></span> <span class='ocrx_word' id='word_1_166' title='bbox 1053 759 1078 786; x_wconf 93' lang='lat' dir='ltr'><strong>in</strong></span> <span class='ocrx_word' id='word_1_167' title='bbox 1094 759 1280 787; x_wconf 87' lang='lat' dir='ltr'><strong>sanctissimis</strong></span> <span class='ocrx_word' id='word_1_168' title='bbox 1303 761 1456 796; x_wconf 88' lang='lat' dir='ltr'><strong>quibusque</strong></span> <span class='ocrx_word' id='word_1_169' title='bbox 1476 769 1565 789; x_wconf 87' lang='lat' dir='ltr'><strong>rerum</strong></span> <span class='ocrx_word' id='word_1_170' title='bbox 1589 763 1737 789; x_wconf 84' lang='lat' dir='ltr'><strong>sacranda-</strong></span> 
     </span>
    </p>
   </div>
   <div class='ocr_carea' id='block_1_31' title="bbox 950 806 1731 835">
    <p class='ocr_par' dir='ltr' id='par_1_31' title="bbox 950 806 1731 835">
     <span class='ocr_line' id='line_1_31' title="bbox 950 806 1731 835; baseline 0.004 -3"><span class='ocrx_word' id='word_1_171' title='bbox 950 813 1009 832; x_wconf 89' lang='lat' dir='ltr'><strong>rntn</strong></span> <span class='ocrx_word' id='word_1_172' title='bbox 1033 806 1286 834; x_wconf 81' lang='lat' dir='ltr'><strong>consecrationibus</strong></span> <span class='ocrx_word' id='word_1_173' title='bbox 1316 809 1409 834; x_wconf 84' lang='lat' dir='ltr'><strong>eodem</strong></span> <span class='ocrx_word' id='word_1_174' title='bbox 1444 809 1529 835; x_wconf 90' lang='lat' dir='ltr'><strong>utitur</strong></span> <span class='ocrx_word' id='word_1_175' title='bbox 1564 809 1597 835; x_wconf 89' lang='lat' dir='ltr'><strong>ad</strong></span> <span class='ocrx_word' id='word_1_176' title='bbox 1623 816 1731 835; x_wconf 85' lang='lat' dir='ltr'><strong>onmem</strong></span> 
     </span>
    </p>
   </div>
   <div class='ocr_carea' id='block_1_32' title="bbox 947 850 1506 880">
    <p class='ocr_par' dir='ltr' id='par_1_32' title="bbox 947 850 1506 880">
     <span class='ocr_line' id='line_1_32' title="bbox 947 850 1506 880; baseline 0.004 -2"><span class='ocrx_word' id='word_1_177' title='bbox 947 850 1034 879; x_wconf 81' lang='lat' dir='ltr'><strong>ferme</strong></span> <span class='ocrx_word' id='word_1_178' title='bbox 1050 851 1245 879; x_wconf 85' lang='lat' dir='ltr'><strong>bierarcbicam</strong></span> <span class='ocrx_word' id='word_1_179' title='bbox 1259 853 1506 880; x_wconf 91' lang='lat' dir='ltr'><strong>consecrationem.</strong></span> 
     </span>
    </p>
   </div>
   <div class='ocr_carea' id='block_1_33' title="bbox 1164 908 1522 944">
    <p class='ocr_par' dir='ltr' id='par_1_33' title="bbox 1164 908 1522 944">
     <span class='ocr_line' id='line_1_33' title="bbox 1164 908 1522 944; baseline 0.006 -9"><span class='ocrx_word' id='word_1_180' title='bbox 1164 908 1246 944; x_wconf 75' lang='lat'><strong>216</strong></span> <span class='ocrx_word' id='word_1_181' title='bbox 1262 908 1306 936; x_wconf 84' lang='lat' dir='ltr'><strong>Ill.</strong></span> <span class='ocrx_word' id='word_1_182' title='bbox 1321 908 1522 943; x_wconf 73' lang='lat' dir='ltr'><strong>Contemplatio.</strong></span> 
     </span>
    </p>
   </div>
   <div class='ocr_carea' id='block_1_34' title="bbox 897 986 956 1025">
    <p class='ocr_par' dir='ltr' id='par_1_34' title="bbox 897 986 956 1025">
     <span class='ocr_line' id='line_1_34' title="bbox 897 986 956 1025; baseline 0.017 -9"><span class='ocrx_word' id='word_1_183' title='bbox 897 986 956 1025; x_wconf 63' lang='grc' dir='ltr'>ει.</span> 
     </span>
    </p>
   </div>
   <div class='ocr_carea' id='block_1_35' title="bbox 146 1060 936 1100">
    <p class='ocr_par' dir='ltr' id='par_1_35' title="bbox 146 1060 936 1100">
     <span class='ocr_line' id='line_1_35' title="bbox 146 1060 936 1100; baseline 0.001 -12"><span class='ocrx_word' id='word_1_184' title='bbox 146 1063 179 1089; x_wconf 83' lang='grc' dir='ltr'><strong>Ἦ</strong></span> <span class='ocrx_word' id='word_1_185' title='bbox 197 1062 246 1098; x_wconf 85' lang='grc' dir='ltr'><strong>μὲν</strong></span> <span class='ocrx_word' id='word_1_186' title='bbox 258 1060 335 1090; x_wconf 81' lang='grc' dir='ltr'>οὗν⁷³</span> <span class='ocrx_word' id='word_1_187' title='bbox 354 1064 521 1100; x_wconf 73' lang='grc' dir='ltr'>εἰσαγωγικὴ</span> <span class='ocrx_word' id='word_1_188' title='bbox 539 1064 590 1100; x_wconf 84' lang='grc' dir='ltr'>τῆς</span> <span class='ocrx_word' id='word_1_189' title='bbox 607 1064 782 1099; x_wconf 86' lang='grc' dir='ltr'>τελειωτικῆς</span> <span class='ocrx_word' id='word_1_190' title='bbox 798 1064 900 1099; x_wconf 82' lang='grc' dir='ltr'>ταύτης</span> <span class='ocrx_word' id='word_1_191' title='bbox 917 1069 936 1095; x_wconf 74' lang='grc' dir='ltr'><strong>Β</strong></span> 
     </span>
    </p>
   </div>
   <div class='ocr_carea' id='block_1_36' title="bbox 103 1109 894 1146">
    <p class='ocr_par' dir='ltr' id='par_1_36' title="bbox 103 1109 894 1146">
     <span class='ocr_line' id='line_1_36' title="bbox 103 1109 894 1146; baseline 0.003 -11"><span class='ocrx_word' id='word_1_192' title='bbox 103 1109 259 1145; x_wconf 78' lang='grc' dir='ltr'>ιερουργίας</span> <span class='ocrx_word' id='word_1_193' title='bbox 286 1109 414 1145; x_wconf 80' lang='grc' dir='ltr'>ἀναγωγὴ</span> <span class='ocrx_word' id='word_1_194' title='bbox 434 1109 478 1137; x_wconf 80' lang='grc' dir='ltr'>διὰ</span> <span class='ocrx_word' id='word_1_195' title='bbox 492 1109 547 1137; x_wconf 83' lang='grc' dir='ltr'><strong>τῶν</strong></span> <span class='ocrx_word' id='word_1_196' title='bbox 569 1111 640 1137; x_wconf 88' lang='grc' dir='ltr'><strong>κατά</strong></span> <span class='ocrx_word' id='word_1_197' title='bbox 661 1111 692 1137; x_wconf 77' lang='grc' dir='ltr'>τὸ</span> <span class='ocrx_word' id='word_1_198' title='bbox 714 1110 784 1137; x_wconf 82' lang='grc' dir='ltr'>θεῖον</span> <span class='ocrx_word' id='word_1_199' title='bbox 810 1110 894 1146; x_wconf 86' lang='grc' dir='ltr'>μύρον</span> 
     </span>
    </p>
   </div>
   <div class='ocr_carea' id='block_1_37' title="bbox 103 1154 894 1193">
    <p class='ocr_par' dir='ltr' id='par_1_37' title="bbox 103 1154 894 1193">
     <span class='ocr_line' id='line_1_37' title="bbox 103 1154 894 1193; baseline 0.003 -12"><span class='ocrx_word' id='word_1_200' title='bbox 103 1154 184 1190; x_wconf 85' lang='grc' dir='ltr'>ιερῶς</span> <span class='ocrx_word' id='word_1_201' title='bbox 201 1155 347 1191; x_wconf 79' lang='grc' dir='ltr'>δρωμένων</span> <span class='ocrx_word' id='word_1_202' title='bbox 363 1156 461 1188; x_wconf 73' lang='grc' dir='ltr'>ἐκεῖνο,</span> <span class='ocrx_word' id='word_1_203' title='bbox 479 1154 565 1192; x_wconf 78' lang='grc' dir='ltr'>οἶμαι,</span> <span class='ocrx_word' id='word_1_204' title='bbox 587 1157 671 1193; x_wconf 84' lang='grc' dir='ltr'>δηλοῖ,</span> <span class='ocrx_word' id='word_1_205' title='bbox 693 1157 724 1183; x_wconf 82' lang='grc' dir='ltr'><strong>τὸ</strong></span> <span class='ocrx_word' id='word_1_206' title='bbox 744 1165 894 1192; x_wconf 83' lang='grc' dir='ltr'>περικεκα-</span> 
     </span>
    </p>
   </div>
   <div class='ocr_carea' id='block_1_38' title="bbox 101 1202 895 1239">
    <p class='ocr_par' dir='ltr' id='par_1_38' title="bbox 101 1202 895 1239">
     <span class='ocr_line' id='line_1_38' title="bbox 101 1202 895 1239; baseline 0.001 -11"><span class='ocrx_word' id='word_1_207' title='bbox 101 1202 202 1237; x_wconf 77' lang='grc' dir='ltr'>λύφθαι</span> <span class='ocrx_word' id='word_1_208' title='bbox 221 1202 275 1229; x_wconf 87' lang='grc' dir='ltr'><strong>τῶν</strong></span> <span class='ocrx_word' id='word_1_209' title='bbox 293 1202 373 1229; x_wconf 79' lang='grc' dir='ltr'>ὁσίων</span> <span class='ocrx_word' id='word_1_210' title='bbox 396 1203 500 1239; x_wconf 81' lang='grc' dir='ltr'>ἀνδρῶν</span> <span class='ocrx_word' id='word_1_211' title='bbox 512 1204 535 1219; x_wconf 73' lang='grc'><strong>⁷⁵</strong></span> <span class='ocrx_word' id='word_1_212' title='bbox 546 1204 577 1230; x_wconf 85' lang='grc' dir='ltr'><strong>τδ</strong></span> <span class='ocrx_word' id='word_1_213' title='bbox 589 1204 660 1231; x_wconf 83' lang='grc' dir='ltr'>κατὰ</span> <span class='ocrx_word' id='word_1_214' title='bbox 682 1202 743 1231; x_wconf 77' lang='grc' dir='ltr'>νοῦν</span> <span class='ocrx_word' id='word_1_215' title='bbox 761 1203 832 1239; x_wconf 76' lang='grc' dir='ltr'>ἱερὸν</span> <span class='ocrx_word' id='word_1_216' title='bbox 848 1203 895 1229; x_wconf 77' lang='grc' dir='ltr'><strong>καὶ</strong></span> 
     </span>
    </p>
   </div>
   <div class='ocr_carea' id='block_1_39' title="bbox 101 1248 894 1286">
    <p class='ocr_par' dir='ltr' id='par_1_39' title="bbox 101 1248 894 1286">
     <span class='ocr_line' id='line_1_39' title="bbox 101 1248 894 1286; baseline 0.004 -12"><span class='ocrx_word' id='word_1_217' title='bbox 101 1248 200 1280; x_wconf 75' lang='grc' dir='ltr'>εὑῶδες</span> <span class='ocrx_word' id='word_1_218' title='bbox 210 1257 216 1263; x_wconf 90' lang='grc'><strong>·</strong></span> <span class='ocrx_word' id='word_1_219' title='bbox 232 1248 291 1284; x_wconf 72' lang='grc' dir='ltr'>ἣτις</span> <span class='ocrx_word' id='word_1_220' title='bbox 301 1248 400 1280; x_wconf 79' lang='grc' dir='ltr'>ὲνθέως</span> <span class='ocrx_word' id='word_1_221' title='bbox 415 1249 587 1284; x_wconf 79' lang='grc' dir='ltr'>ὲγκελεύεται</span> <span class='ocrx_word' id='word_1_222' title='bbox 599 1250 655 1282; x_wconf 87' lang='grc' dir='ltr'>τοῖς</span> <span class='ocrx_word' id='word_1_223' title='bbox 669 1250 751 1286; x_wconf 83' lang='grc' dir='ltr'>ἱεροῖς</span> <span class='ocrx_word' id='word_1_224' title='bbox 769 1249 894 1285; x_wconf 83' lang='grc' dir='ltr'>ἀνδράσι,</span> 
     </span>
    </p>
   </div>
   <div class='ocr_carea' id='block_1_40' title="bbox 103 1294 893 1333">
    <p class='ocr_par' dir='ltr' id='par_1_40' title="bbox 103 1294 893 1333">
     <span class='ocr_line' id='line_1_40' title="bbox 103 1294 893 1333; baseline 0.005 -13"><span class='ocrx_word' id='word_1_225' title='bbox 103 1294 141 1330; x_wconf 82' lang='grc' dir='ltr'>μὴ</span> <span class='ocrx_word' id='word_1_226' title='bbox 150 1294 313 1329; x_wconf 73' lang='grc' dir='ltr'>φαινομένας</span> <span class='ocrx_word' id='word_1_227' title='bbox 326 1294 397 1330; x_wconf 77' lang='grc' dir='ltr'>ἔχειν</span> <span class='ocrx_word' id='word_1_228' title='bbox 408 1295 452 1321; x_wconf 73' lang='grc' dir='ltr'><strong>ἐπὶ</strong></span> <span class='ocrx_word' id='word_1_229' title='bbox 462 1295 524 1332; x_wconf 79' lang='grc' dir='ltr'>δόξῃ</span> <span class='ocrx_word' id='word_1_230' title='bbox 536 1297 599 1332; x_wconf 83' lang='grc' dir='ltr'>κενῇ</span> <span class='ocrx_word' id='word_1_231' title='bbox 608 1295 658 1328; x_wconf 80' lang='grc' dir='ltr'><strong>τὰς</strong></span> <span class='ocrx_word' id='word_1_232' title='bbox 669 1297 728 1323; x_wconf 74' lang='grc' dir='ltr'>κατ’</span> <span class='ocrx_word' id='word_1_233' title='bbox 739 1297 839 1333; x_wconf 84' lang='grc' dir='ltr'>ἀρετὴν</span> <span class='ocrx_word' id='word_1_234' title='bbox 846 1296 893 1324; x_wconf 84' lang='grc' dir='ltr'>τοῦ</span> 
     </span>
    </p>
   </div>
   <div class='ocr_carea' id='block_1_41' title="bbox 100 1340 893 1378">
    <p class='ocr_par' dir='ltr' id='par_1_41' title="bbox 100 1340 893 1378">
     <span class='ocr_line' id='line_1_41' title="bbox 100 1340 893 1378; baseline 0.005 -12"><span class='ocrx_word' id='word_1_235' title='bbox 100 1340 217 1375; x_wconf 73' lang='grc' dir='ltr'>κρυφίου</span> <span class='ocrx_word' id='word_1_236' title='bbox 252 1340 318 1367; x_wconf 83' lang='grc' dir='ltr'>Θεοῦ</span> <span class='ocrx_word' id='word_1_237' title='bbox 355 1341 440 1374; x_wconf 81' lang='grc' dir='ltr'>καλὰς</span> <span class='ocrx_word' id='word_1_238' title='bbox 472 1342 520 1369; x_wconf 73' lang='grc' dir='ltr'>καὶ</span> <span class='ocrx_word' id='word_1_239' title='bbox 555 1342 665 1375; x_wconf 78' lang='grc' dir='ltr'>εὐώδεις</span> <span class='ocrx_word' id='word_1_240' title='bbox 699 1343 893 1378; x_wconf 81' lang='grc' dir='ltr'>ἀφομοιώσεις.</span> 
     </span>
    </p>
   </div>
   <div class='ocr_carea' id='block_1_42' title="bbox 102 1386 894 1426">
    <p class='ocr_par' dir='ltr' id='par_1_42' title="bbox 102 1386 894 1426">
     <span class='ocr_line' id='line_1_42' title="bbox 102 1386 894 1426; baseline 0.005 -14"><span class='ocrx_word' id='word_1_241' title='bbox 102 1386 250 1422; x_wconf 73' lang='grc' dir='ltr'>’Δχραντοι</span> <span class='ocrx_word' id='word_1_242' title='bbox 265 1387 317 1421; x_wconf 88' lang='grc' dir='ltr'>γάρ</span> <span class='ocrx_word' id='word_1_243' title='bbox 335 1388 403 1414; x_wconf 71' lang='grc' dir='ltr'>εἰσιν</span> <span class='ocrx_word' id='word_1_244' title='bbox 420 1388 448 1414; x_wconf 77' lang='grc' dir='ltr'>αἱ</span> <span class='ocrx_word' id='word_1_245' title='bbox 466 1387 512 1415; x_wconf 81' lang='grc' dir='ltr'>τοῦ</span> <span class='ocrx_word' id='word_1_246' title='bbox 533 1387 602 1415; x_wconf 82' lang='grc' dir='ltr'><strong>Θεοῦ</strong></span> <span class='ocrx_word' id='word_1_247' title='bbox 620 1389 734 1425; x_wconf 87' lang='grc' dir='ltr'>κρύφιαι</span> <span class='ocrx_word' id='word_1_248' title='bbox 752 1389 799 1416; x_wconf 75' lang='grc' dir='ltr'>καὶ</span> <span class='ocrx_word' id='word_1_249' title='bbox 824 1389 894 1426; x_wconf 80' lang='grc' dir='ltr'>ὑπὲρ</span> 
     </span>
    </p>
   </div>
   <div class='ocr_carea' id='block_1_43' title="bbox 99 1432 893 1472">
    <p class='ocr_par' dir='ltr' id='par_1_43' title="bbox 99 1432 893 1472">
     <span class='ocr_line' id='line_1_43' title="bbox 99 1432 893 1472; baseline 0.006 -13"><span class='ocrx_word' id='word_1_250' title='bbox 99 1433 163 1460; x_wconf 57' lang='grc' dir='ltr'>νοῦν</span> <span class='ocrx_word' id='word_1_251' title='bbox 180 1432 289 1467; x_wconf 78' lang='grc' dir='ltr'>εὐώδεις</span> <span class='ocrx_word' id='word_1_252' title='bbox 316 1433 496 1471; x_wconf 74' lang='grc' dir='ltr'>εὐπρέπειαι,</span> <span class='ocrx_word' id='word_1_253' title='bbox 522 1437 568 1462; x_wconf 76' lang='grc' dir='ltr'><strong>καὶ</strong></span> <span class='ocrx_word' id='word_1_254' title='bbox 593 1436 695 1472; x_wconf 86' lang='grc' dir='ltr'>νοητῶς</span> <span class='ocrx_word' id='word_1_255' title='bbox 718 1437 893 1472; x_wconf 82' lang='grc' dir='ltr'>ὲμφαίνονται</span> 
     </span>
    </p>
   </div>
   <div class='ocr_carea' id='block_1_44' title="bbox 103 1480 894 1519">
    <p class='ocr_par' dir='ltr' id='par_1_44' title="bbox 103 1480 894 1519">
     <span class='ocr_line' id='line_1_44' title="bbox 103 1480 894 1519; baseline 0.005 -13"><span class='ocrx_word' id='word_1_256' title='bbox 103 1480 224 1516; x_wconf 79' lang='grc' dir='ltr'>μόνοις⁷⁵</span> <span class='ocrx_word' id='word_1_257' title='bbox 241 1483 298 1513; x_wconf 86' lang='grc' dir='ltr'>τοῖς</span> <span class='ocrx_word' id='word_1_258' title='bbox 314 1483 417 1519; x_wconf 86' lang='grc' dir='ltr'>νοεροῖς</span> <span class='ocrx_word' id='word_1_259' title='bbox 427 1502 434 1514; x_wconf 94' lang='grc'><strong>,</strong></span> <span class='ocrx_word' id='word_1_260' title='bbox 452 1483 584 1518; x_wconf 83' lang='grc' dir='ltr'>ὁμοειδεῖς</span> <span class='ocrx_word' id='word_1_261' title='bbox 600 1482 671 1518; x_wconf 81' lang='grc' dir='ltr'>ἔχειν</span> <span class='ocrx_word' id='word_1_262' title='bbox 690 1482 829 1510; x_wconf 74' lang='grc' dir='ltr'>ἐθέλουσαι</span> <span class='ocrx_word' id='word_1_263' title='bbox 844 1483 894 1515; x_wconf 77' lang='grc' dir='ltr'>τὰς</span> 
     </span>
    </p>
   </div>
   <div class='ocr_carea' id='block_1_45' title="bbox 100 1526 892 1565">
    <p class='ocr_par' dir='ltr' id='par_1_45' title="bbox 100 1526 892 1565">
     <span class='ocr_line' id='line_1_45' title="bbox 100 1526 892 1565; baseline 0.003 -11"><span class='ocrx_word' id='word_1_264' title='bbox 100 1527 162 1554; x_wconf 78' lang='grc' dir='ltr'>κατ’</span> <span class='ocrx_word' id='word_1_265' title='bbox 187 1526 288 1563; x_wconf 87' lang='grc' dir='ltr'>ἀρετὴν</span> <span class='ocrx_word' id='word_1_266' title='bbox 310 1528 339 1554; x_wconf 84' lang='grc' dir='ltr'>ὲν</span> <span class='ocrx_word' id='word_1_267' title='bbox 362 1528 460 1563; x_wconf 81' lang='grc' dir='ltr'>ψυχαῖς</span> <span class='ocrx_word' id='word_1_268' title='bbox 488 1529 751 1565; x_wconf 82' lang='grc' dir='ltr'>ἀπαραφθάρτους⁷⁶</span> <span class='ocrx_word' id='word_1_269' title='bbox 774 1530 892 1562; x_wconf 68' lang='grc' dir='ltr'>εἰκόνας.</span> 
     </span>
    </p>
   </div>
   <div class='ocr_carea' id='block_1_46' title="bbox 100 1571 894 1611">
    <p class='ocr_par' dir='ltr' id='par_1_46' title="bbox 100 1571 894 1611">
     <span class='ocr_line' id='line_1_46' title="bbox 100 1571 894 1611; baseline 0.005 -13"><span class='ocrx_word' id='word_1_270' title='bbox 100 1571 138 1598; x_wconf 81' lang='grc' dir='ltr'><strong>Τὸ</strong></span> <span class='ocrx_word' id='word_1_271' title='bbox 157 1571 211 1608; x_wconf 79' lang='grc' dir='ltr'>γὰρ</span> <span class='ocrx_word' id='word_1_272' title='bbox 222 1572 271 1608; x_wconf 80' lang='grc' dir='ltr'><strong>τῆς</strong></span> <span class='ocrx_word' id='word_1_273' title='bbox 291 1572 424 1606; x_wconf 84' lang='grc' dir='ltr'>θεοειδοῦς</span> <span class='ocrx_word' id='word_1_274' title='bbox 441 1574 541 1611; x_wconf 79' lang='grc' dir='ltr'>ἀρετῆς</span> <span class='ocrx_word' id='word_1_275' title='bbox 557 1575 772 1610; x_wconf 81' lang='grc' dir='ltr'>ἁπαράγραπτον</span> <span class='ocrx_word' id='word_1_276' title='bbox 793 1573 822 1602; x_wconf 84' lang='grc' dir='ltr'>εὖ</span> <span class='ocrx_word' id='word_1_277' title='bbox 846 1584 894 1611; x_wconf 87' lang='grc' dir='ltr'>με-</span> 
     </span>
    </p>
   </div>
   <div class='ocr_carea' id='block_1_47' title="bbox 101 1616 893 1656">
    <p class='ocr_par' dir='ltr' id='par_1_47' title="bbox 101 1616 893 1656">
     <span class='ocr_line' id='line_1_47' title="bbox 101 1616 893 1656; baseline 0.006 -14"><span class='ocrx_word' id='word_1_278' title='bbox 101 1616 256 1652; x_wconf 82' lang='grc' dir='ltr'>μιμημένον</span> <span class='ocrx_word' id='word_1_279' title='bbox 272 1618 294 1633; x_wconf 92' lang='grc'><strong>⁷⁷</strong></span> <span class='ocrx_word' id='word_1_280' title='bbox 319 1618 445 1654; x_wconf 80' lang='grc' dir='ltr'>ἄγαλμα,</span> <span class='ocrx_word' id='word_1_281' title='bbox 472 1619 541 1655; x_wconf 82' lang='grc' dir='ltr'>πρὸς</span> <span class='ocrx_word' id='word_1_282' title='bbox 562 1620 649 1645; x_wconf 80' lang='grc' dir='ltr'>ἐκεῖνο</span> <span class='ocrx_word' id='word_1_283' title='bbox 672 1620 702 1646; x_wconf 85' lang='grc' dir='ltr'>τὸ</span> <span class='ocrx_word' id='word_1_284' title='bbox 724 1620 818 1656; x_wconf 85' lang='grc' dir='ltr'>νοητὸν</span> <span class='ocrx_word' id='word_1_285' title='bbox 845 1620 893 1646; x_wconf 72' lang='grc' dir='ltr'>καὶ</span> 
     </span>
    </p>
   </div>
   <div class='ocr_carea' id='block_1_48' title="bbox 99 1661 893 1698">
    <p class='ocr_par' dir='ltr' id='par_1_48' title="bbox 99 1661 893 1698">
     <span class='ocr_line' id='line_1_48' title="bbox 99 1661 893 1698; baseline 0.005 -11"><span class='ocrx_word' id='word_1_286' title='bbox 99 1661 199 1694; x_wconf 77' lang='grc' dir='ltr'>εὑῶδες</span> <span class='ocrx_word' id='word_1_287' title='bbox 219 1662 328 1698; x_wconf 80' lang='grc' dir='ltr'>ἀφορῶν</span> <span class='ocrx_word' id='word_1_288' title='bbox 350 1663 456 1696; x_wconf 75' lang='grc' dir='ltr'>κάλλος,</span> <span class='ocrx_word' id='word_1_289' title='bbox 470 1663 555 1696; x_wconf 82' lang='grc' dir='ltr'>οὓτως</span> <span class='ocrx_word' id='word_1_290' title='bbox 568 1665 647 1690; x_wconf 79' lang='grc' dir='ltr'>ἑαυτὸ</span> <span class='ocrx_word' id='word_1_291' title='bbox 667 1666 747 1691; x_wconf 81' lang='grc' dir='ltr'>τυποῖ</span> <span class='ocrx_word' id='word_1_292' title='bbox 768 1665 814 1691; x_wconf 72' lang='grc' dir='ltr'><strong>καὶ</strong></span> <span class='ocrx_word' id='word_1_293' title='bbox 836 1665 893 1691; x_wconf 90' lang='grc' dir='ltr'>δια-</span> 
     </span>
    </p>
   </div>
   <div class='ocr_carea' id='block_1_49' title="bbox 98 1701 891 1747">
    <p class='ocr_par' dir='ltr' id='par_1_49' title="bbox 98 1701 891 1747">
     <span class='ocr_line' id='line_1_49' title="bbox 98 1701 891 1747; baseline 0.006 -14"><span class='ocrx_word' id='word_1_294' title='bbox 98 1701 212 1734; x_wconf 75' lang='grc' dir='ltr'>πλάττει</span> <span class='ocrx_word' id='word_1_295' title='bbox 236 1708 303 1744; x_wconf 82' lang='grc' dir='ltr'>πρὸς</span> <span class='ocrx_word' id='word_1_296' title='bbox 326 1708 357 1735; x_wconf 81' lang='grc' dir='ltr'><strong>τὸ</strong></span> <span class='ocrx_word' id='word_1_297' title='bbox 379 1708 520 1736; x_wconf 78' lang='grc' dir='ltr'>κάλλιστον</span> <span class='ocrx_word' id='word_1_298' title='bbox 542 1710 664 1746; x_wconf 83' lang='grc' dir='ltr'>μίμημα.</span> <span class='ocrx_word' id='word_1_299' title='bbox 689 1711 743 1737; x_wconf 74' lang='grc' dir='ltr'><strong>Καὶ</strong></span> <span class='ocrx_word' id='word_1_300' title='bbox 767 1711 891 1747; x_wconf 82' lang='grc' dir='ltr'>καθάπερ</span> 
     </span>
    </p>
   </div>
   <div class='ocr_carea' id='block_1_50' title="bbox 988 1061 1736 1099">
    <p class='ocr_par' dir='ltr' id='par_1_50' title="bbox 988 1061 1736 1099">
     <span class='ocr_line' id='line_1_50' title="bbox 988 1061 1736 1099; baseline 0.001 -9"><span class='ocrx_word' id='word_1_301' title='bbox 988 1063 1101 1098; x_wconf 87' lang='lat' dir='ltr'><strong>lpsamet</strong></span> <span class='ocrx_word' id='word_1_302' title='bbox 1125 1064 1234 1098; x_wconf 86' lang='lat' dir='ltr'><strong>quidem</strong></span> <span class='ocrx_word' id='word_1_303' title='bbox 1258 1063 1455 1090; x_wconf 85' lang='lat' dir='ltr'><strong>iutroductoria</strong></span> <span class='ocrx_word' id='word_1_304' title='bbox 1478 1063 1633 1098; x_wconf 78' lang='lat' dir='ltr'><strong>perfectiva:</strong></span> <span class='ocrx_word' id='word_1_305' title='bbox 1655 1061 1736 1099; x_wconf 69' lang='lat' dir='ltr'><strong>hujus</strong></span> 
     </span>
    </p>
   </div>
   <div class='ocr_carea' id='block_1_51' title="bbox 947 1109 1735 1144">
    <p class='ocr_par' dir='ltr' id='par_1_51' title="bbox 947 1109 1735 1144">
     <span class='ocr_line' id='line_1_51' title="bbox 947 1109 1735 1144; baseline -0.001 -7"><span class='ocrx_word' id='word_1_306' title='bbox 947 1109 1162 1137; x_wconf 88' lang='lat' dir='ltr'><strong>consecrationis</strong></span> <span class='ocrx_word' id='word_1_307' title='bbox 1179 1117 1300 1144; x_wconf 79' lang='lat' dir='ltr'><strong>anagoge</strong></span> <span class='ocrx_word' id='word_1_308' title='bbox 1322 1117 1371 1143; x_wconf 84' lang='lat' dir='ltr'><strong>per</strong></span> <span class='ocrx_word' id='word_1_309' title='bbox 1383 1117 1414 1136; x_wconf 88' lang='lat' dir='ltr'><strong>ea</strong></span> <span class='ocrx_word' id='word_1_310' title='bbox 1431 1117 1491 1144; x_wconf 71' lang='lat' dir='ltr'><strong>qua:</strong></span> <span class='ocrx_word' id='word_1_311' title='bbox 1505 1109 1598 1137; x_wconf 90' lang='lat' dir='ltr'><strong>divino</strong></span> <span class='ocrx_word' id='word_1_312' title='bbox 1621 1109 1667 1137; x_wconf 94' lang='lat' dir='ltr'><strong>illo</strong></span> <span class='ocrx_word' id='word_1_313' title='bbox 1683 1118 1735 1137; x_wconf 82' lang='lat' dir='ltr'><strong>un-</strong></span> 
     </span>
    </p>
   </div>
   <div class='ocr_carea' id='block_1_52' title="bbox 946 1155 1735 1189">
    <p class='ocr_par' dir='ltr' id='par_1_52' title="bbox 946 1155 1735 1189">
     <span class='ocr_line' id='line_1_52' title="bbox 946 1155 1735 1189; baseline 0.001 -8"><span class='ocrx_word' id='word_1_314' title='bbox 946 1160 1046 1188; x_wconf 75' lang='lat' dir='ltr'><strong>guento</strong></span> <span class='ocrx_word' id='word_1_315' title='bbox 1074 1161 1281 1187; x_wconf 88' lang='lat' dir='ltr'><strong>consecrantur,</strong></span> <span class='ocrx_word' id='word_1_316' title='bbox 1307 1158 1335 1181; x_wconf 89' lang='lat' dir='ltr'><strong>nt</strong></span> <span class='ocrx_word' id='word_1_317' title='bbox 1362 1155 1477 1189; x_wconf 82' lang='lat' dir='ltr'><strong>opinor.</strong></span> <span class='ocrx_word' id='word_1_318' title='bbox 1504 1155 1640 1187; x_wconf 79' lang='lat' dir='ltr'><strong>insinuat,</strong></span> <span class='ocrx_word' id='word_1_319' title='bbox 1669 1156 1735 1182; x_wconf 80' lang='lat' dir='ltr'><strong>viris</strong></span> 
     </span>
    </p>
   </div>
   <div class='ocr_carea' id='block_1_53' title="bbox 946 1199 1735 1235">
    <p class='ocr_par' dir='ltr' id='par_1_53' title="bbox 946 1199 1735 1235">
     <span class='ocr_line' id='line_1_53' title="bbox 946 1199 1735 1235; baseline 0.001 -8"><span class='ocrx_word' id='word_1_320' title='bbox 946 1199 1051 1228; x_wconf 76' lang='lat' dir='ltr'><strong>sanctis</strong></span> <span class='ocrx_word' id='word_1_321' title='bbox 1071 1199 1251 1228; x_wconf 83' lang='lat' dir='ltr'><strong>obvelandam</strong></span> <span class='ocrx_word' id='word_1_322' title='bbox 1267 1207 1329 1227; x_wconf 85' lang='lat' dir='ltr'><strong>esse</strong></span> <span class='ocrx_word' id='word_1_323' title='bbox 1349 1200 1448 1227; x_wconf 87' lang='lat' dir='ltr'><strong>mentis</strong></span> <span class='ocrx_word' id='word_1_324' title='bbox 1464 1201 1637 1227; x_wconf 87' lang='lat' dir='ltr'><strong>sanctitatem</strong></span> <span class='ocrx_word' id='word_1_325' title='bbox 1654 1206 1735 1235; x_wconf 85' lang='lat' dir='ltr'><strong>atque</strong></span> 
     </span>
    </p>
   </div>
   <div class='ocr_carea' id='block_1_54' title="bbox 946 1247 1734 1282">
    <p class='ocr_par' dir='ltr' id='par_1_54' title="bbox 946 1247 1734 1282">
     <span class='ocr_line' id='line_1_54' title="bbox 946 1247 1734 1282; baseline 0.001 -9"><span class='ocrx_word' id='word_1_326' title='bbox 946 1247 1143 1281; x_wconf 83' lang='lat' dir='ltr'><strong>fragrantiam;</strong></span> <span class='ocrx_word' id='word_1_327' title='bbox 1164 1256 1224 1274; x_wconf 88' lang='lat' dir='ltr'><strong>cutn</strong></span> <span class='ocrx_word' id='word_1_328' title='bbox 1245 1248 1377 1275; x_wconf 72' lang='lat' dir='ltr'><strong>divinitus</strong></span> <span class='ocrx_word' id='word_1_329' title='bbox 1401 1247 1450 1275; x_wconf 80' lang='lat' dir='ltr'><strong>viri</strong></span> <span class='ocrx_word' id='word_1_330' title='bbox 1468 1247 1556 1276; x_wconf 80' lang='lat' dir='ltr'><strong>sancti</strong></span> <span class='ocrx_word' id='word_1_331' title='bbox 1576 1247 1734 1282; x_wconf 64' lang='lat' dir='ltr'><strong>iubeantur,</strong></span> 
     </span>
    </p>
   </div>
   <div class='ocr_carea' id='block_1_55' title="bbox 946 1294 1734 1330">
    <p class='ocr_par' dir='ltr' id='par_1_55' title="bbox 946 1294 1734 1330">
     <span class='ocr_line' id='line_1_55' title="bbox 946 1294 1734 1330; baseline 0.001 -9"><span class='ocrx_word' id='word_1_332' title='bbox 946 1302 998 1321; x_wconf 90' lang='lat' dir='ltr'><strong>non</strong></span> <span class='ocrx_word' id='word_1_333' title='bbox 1013 1295 1046 1322; x_wconf 90' lang='lat' dir='ltr'><strong>ad</strong></span> <span class='ocrx_word' id='word_1_334' title='bbox 1071 1302 1168 1321; x_wconf 89' lang='lat' dir='ltr'><strong>vanam</strong></span> <span class='ocrx_word' id='word_1_335' title='bbox 1185 1294 1297 1328; x_wconf 75' lang='lat' dir='ltr'><strong>gloriam</strong></span> <span class='ocrx_word' id='word_1_336' title='bbox 1315 1300 1476 1329; x_wconf 80' lang='lat' dir='ltr'><strong>apparentes</strong></span> <span class='ocrx_word' id='word_1_337' title='bbox 1493 1296 1586 1322; x_wconf 86' lang='lat' dir='ltr'><strong>arcani</strong></span> <span class='ocrx_word' id='word_1_338' title='bbox 1610 1296 1654 1322; x_wconf 79' lang='lat' dir='ltr'><strong>Dei</strong></span> <span class='ocrx_word' id='word_1_339' title='bbox 1676 1297 1734 1330; x_wconf 90' lang='lat' dir='ltr'><strong>pul-</strong></span> 
     </span>
    </p>
   </div>
   <div class='ocr_carea' id='block_1_56' title="bbox 945 1339 1733 1375">
    <p class='ocr_par' dir='ltr' id='par_1_56' title="bbox 945 1339 1733 1375">
     <span class='ocr_line' id='line_1_56' title="bbox 945 1339 1733 1375; baseline 0 -8"><span class='ocrx_word' id='word_1_340' title='bbox 945 1340 1024 1368; x_wconf 75' lang='lat' dir='ltr'><strong>chras</strong></span> <span class='ocrx_word' id='word_1_341' title='bbox 1039 1348 1070 1368; x_wconf 83' lang='lat' dir='ltr'><strong>ac</strong></span> <span class='ocrx_word' id='word_1_342' title='bbox 1085 1340 1241 1375; x_wconf 74' lang='lat' dir='ltr'><strong>fragrantes</strong></span> <span class='ocrx_word' id='word_1_343' title='bbox 1259 1339 1360 1366; x_wconf 86' lang='lat' dir='ltr'><strong>habere</strong></span> <span class='ocrx_word' id='word_1_344' title='bbox 1376 1340 1577 1367; x_wconf 78' lang='lat' dir='ltr'><strong>similitudines.</strong></span> <span class='ocrx_word' id='word_1_345' title='bbox 1593 1341 1733 1375; x_wconf 76' lang='lat' dir='ltr'><strong>Siquidem</strong></span> 
     </span>
    </p>
   </div>
   <div class='ocr_carea' id='block_1_57' title="bbox 946 1386 1734 1420">
    <p class='ocr_par' dir='ltr' id='par_1_57' title="bbox 946 1386 1734 1420">
     <span class='ocr_line' id='line_1_57' title="bbox 946 1386 1734 1420; baseline 0.001 -7"><span class='ocrx_word' id='word_1_346' title='bbox 946 1394 1046 1413; x_wconf 87' lang='lat' dir='ltr'><strong>arcana</strong></span> <span class='ocrx_word' id='word_1_347' title='bbox 1070 1386 1116 1413; x_wconf 86' lang='lat' dir='ltr'><strong>Dei</strong></span> <span class='ocrx_word' id='word_1_348' title='bbox 1142 1386 1252 1418; x_wconf 88' lang='lat' dir='ltr'><strong>decora,</strong></span> <span class='ocrx_word' id='word_1_349' title='bbox 1279 1393 1393 1420; x_wconf 88' lang='lat' dir='ltr'><strong>quorum</strong></span> <span class='ocrx_word' id='word_1_350' title='bbox 1420 1387 1539 1414; x_wconf 86' lang='lat' dir='ltr'><strong>suavitas</strong></span> <span class='ocrx_word' id='word_1_351' title='bbox 1567 1387 1734 1415; x_wconf 81' lang='lat' dir='ltr'><strong>intellectum</strong></span> 
     </span>
    </p>
   </div>
   <div class='ocr_carea' id='block_1_58' title="bbox 945 1432 1734 1467">
    <p class='ocr_par' dir='ltr' id='par_1_58' title="bbox 945 1432 1734 1467">
     <span class='ocr_line' id='line_1_58' title="bbox 945 1432 1734 1467; baseline 0.001 -8"><span class='ocrx_word' id='word_1_352' title='bbox 945 1438 1071 1467; x_wconf 80' lang='lat' dir='ltr'><strong>Superat,</strong></span> <span class='ocrx_word' id='word_1_353' title='bbox 1097 1439 1207 1467; x_wconf 80' lang='lat' dir='ltr'><strong>prorsus</strong></span> <span class='ocrx_word' id='word_1_354' title='bbox 1233 1436 1296 1458; x_wconf 91' lang='lat' dir='ltr'><strong>sunt</strong></span> <span class='ocrx_word' id='word_1_355' title='bbox 1317 1432 1477 1460; x_wconf 87' lang='lat' dir='ltr'><strong>intemerata</strong></span> <span class='ocrx_word' id='word_1_356' title='bbox 1492 1453 1500 1466; x_wconf 91' lang='lat'><strong>,</strong></span> <span class='ocrx_word' id='word_1_357' title='bbox 1523 1433 1643 1467; x_wconf 73' lang='lat' dir='ltr'><strong>solisque</strong></span> <span class='ocrx_word' id='word_1_358' title='bbox 1668 1433 1734 1460; x_wconf 84' lang='lat' dir='ltr'><strong>viris</strong></span> 
     </span>
    </p>
   </div>
   <div class='ocr_carea' id='block_1_59' title="bbox 945 1478 1733 1514">
    <p class='ocr_par' dir='ltr' id='par_1_59' title="bbox 945 1478 1733 1514">
     <span class='ocr_line' id='line_1_59' title="bbox 945 1478 1733 1514; baseline -0.001 -7"><span class='ocrx_word' id='word_1_359' title='bbox 945 1478 1114 1513; x_wconf 82' lang='lat' dir='ltr'><strong>spiritalibus</strong></span> <span class='ocrx_word' id='word_1_360' title='bbox 1147 1478 1309 1511; x_wconf 81' lang='lat' dir='ltr'><strong>spiritaliter</strong></span> <span class='ocrx_word' id='word_1_361' title='bbox 1340 1483 1489 1512; x_wconf 79' lang='lat' dir='ltr'><strong>apparent,</strong></span> <span class='ocrx_word' id='word_1_362' title='bbox 1518 1479 1590 1514; x_wconf 82' lang='lat' dir='ltr'><strong>quod</strong></span> <span class='ocrx_word' id='word_1_363' title='bbox 1620 1479 1645 1506; x_wconf 84' lang='lat' dir='ltr'><strong>in</strong></span> <span class='ocrx_word' id='word_1_364' title='bbox 1673 1481 1733 1506; x_wconf 90' lang='lat' dir='ltr'><strong>ani-</strong></span> 
     </span>
    </p>
   </div>
   <div class='ocr_carea' id='block_1_60' title="bbox 945 1523 1733 1559">
    <p class='ocr_par' dir='ltr' id='par_1_60' title="bbox 945 1523 1733 1559">
     <span class='ocr_line' id='line_1_60' title="bbox 945 1523 1733 1559; baseline -0.001 -7"><span class='ocrx_word' id='word_1_365' title='bbox 945 1525 1040 1552; x_wconf 90' lang='lat' dir='ltr'><strong>mabus</strong></span> <span class='ocrx_word' id='word_1_366' title='bbox 1055 1523 1155 1550; x_wconf 85' lang='lat' dir='ltr'><strong>nostris</strong></span> <span class='ocrx_word' id='word_1_367' title='bbox 1182 1524 1293 1558; x_wconf 77' lang='lat' dir='ltr'><strong>exigant</strong></span> <span class='ocrx_word' id='word_1_368' title='bbox 1309 1524 1410 1551; x_wconf 83' lang='lat' dir='ltr'><strong>habere</strong></span> <span class='ocrx_word' id='word_1_369' title='bbox 1434 1523 1486 1551; x_wconf 89' lang='lat' dir='ltr'><strong>sibi</strong></span> <span class='ocrx_word' id='word_1_370' title='bbox 1504 1524 1660 1552; x_wconf 85' lang='lat' dir='ltr'><strong>conformes</strong></span> <span class='ocrx_word' id='word_1_371' title='bbox 1685 1533 1733 1559; x_wconf 83' lang='lat' dir='ltr'><strong>per</strong></span> 
     </span>
    </p>
   </div>
   <div class='ocr_carea' id='block_1_61' title="bbox 944 1570 1734 1605">
    <p class='ocr_par' dir='ltr' id='par_1_61' title="bbox 944 1570 1734 1605">
     <span class='ocr_line' id='line_1_61' title="bbox 944 1570 1734 1605; baseline -0.001 -7"><span class='ocrx_word' id='word_1_372' title='bbox 944 1571 1072 1598; x_wconf 82' lang='lat' dir='ltr'><strong>virtutem</strong></span> <span class='ocrx_word' id='word_1_373' title='bbox 1087 1574 1115 1597; x_wconf 93' lang='lat' dir='ltr'><strong>et</strong></span> <span class='ocrx_word' id='word_1_374' title='bbox 1134 1570 1355 1604; x_wconf 85' lang='lat' dir='ltr'><strong>incorruptibiles</strong></span> <span class='ocrx_word' id='word_1_375' title='bbox 1371 1571 1513 1605; x_wconf 82' lang='lat' dir='ltr'><strong>imagines.</strong></span> <span class='ocrx_word' id='word_1_376' title='bbox 1529 1571 1734 1598; x_wconf 88' lang='lat' dir='ltr'><strong>incircumscri-</strong></span> 
     </span>
    </p>
   </div>
   <div class='ocr_carea' id='block_1_62' title="bbox 944 1615 1735 1652">
    <p class='ocr_par' dir='ltr' id='par_1_62' title="bbox 944 1615 1735 1652">
     <span class='ocr_line' id='line_1_62' title="bbox 944 1615 1735 1652; baseline -0.001 -8"><span class='ocrx_word' id='word_1_377' title='bbox 944 1622 1019 1652; x_wconf 86' lang='lat' dir='ltr'><strong>pturn</strong></span> <span class='ocrx_word' id='word_1_378' title='bbox 1034 1617 1105 1642; x_wconf 87' lang='lat' dir='ltr'><strong>enim</strong></span> <span class='ocrx_word' id='word_1_379' title='bbox 1127 1616 1194 1644; x_wconf 89' lang='lat' dir='ltr'><strong>illud</strong></span> <span class='ocrx_word' id='word_1_380' title='bbox 1210 1617 1320 1643; x_wconf 86' lang='lat' dir='ltr'><strong>virtutis</strong></span> <span class='ocrx_word' id='word_1_381' title='bbox 1334 1615 1476 1645; x_wconf 77' lang='lat' dir='ltr'><strong>deiformis</strong></span> <span class='ocrx_word' id='word_1_382' title='bbox 1490 1616 1666 1643; x_wconf 86' lang='lat' dir='ltr'><strong>simulacrum</strong></span> <span class='ocrx_word' id='word_1_383' title='bbox 1682 1618 1735 1644; x_wconf 79' lang='lat' dir='ltr'><strong>rite</strong></span> 
     </span>
    </p>
   </div>
   <div class='ocr_carea' id='block_1_63' title="bbox 944 1662 1732 1698">
    <p class='ocr_par' dir='ltr' id='par_1_63' title="bbox 944 1662 1732 1698">
     <span class='ocr_line' id='line_1_63' title="bbox 944 1662 1732 1698; baseline -0.001 -8"><span class='ocrx_word' id='word_1_384' title='bbox 944 1663 1103 1690; x_wconf 84' lang='lat' dir='ltr'><strong>imitandum</strong></span> <span class='ocrx_word' id='word_1_385' title='bbox 1120 1667 1172 1695; x_wconf 88' lang='lat' dir='ltr'><strong>est,</strong></span> <span class='ocrx_word' id='word_1_386' title='bbox 1197 1668 1226 1690; x_wconf 87' lang='lat' dir='ltr'><strong>ut</strong></span> <span class='ocrx_word' id='word_1_387' title='bbox 1241 1662 1372 1697; x_wconf 85' lang='lat' dir='ltr'><strong>spiritalis</strong></span> <span class='ocrx_word' id='word_1_388' title='bbox 1388 1671 1419 1690; x_wconf 90' lang='lat' dir='ltr'><strong>ac</strong></span> <span class='ocrx_word' id='word_1_389' title='bbox 1437 1663 1563 1698; x_wconf 77' lang='lat' dir='ltr'><strong>fragrans</strong></span> <span class='ocrx_word' id='word_1_390' title='bbox 1583 1663 1670 1696; x_wconf 85' lang='lat' dir='ltr'><strong>ipsum</strong></span> <span class='ocrx_word' id='word_1_391' title='bbox 1690 1670 1732 1690; x_wconf 90' lang='lat' dir='ltr'><strong>re-</strong></span> 
     </span>
    </p>
   </div>
   <div class='ocr_carea' id='block_1_64' title="bbox 943 1708 1732 1744">
    <p class='ocr_par' dir='ltr' id='par_1_64' title="bbox 943 1708 1732 1744">
     <span class='ocr_line' id='line_1_64' title="bbox 943 1708 1732 1744; baseline -0.001 -8"><span class='ocrx_word' id='word_1_392' title='bbox 943 1708 1013 1736; x_wconf 82' lang='lat' dir='ltr'><strong>ferat</strong></span> <span class='ocrx_word' id='word_1_393' title='bbox 1028 1709 1212 1744; x_wconf 86' lang='lat' dir='ltr'><strong>pulchritudo,</strong></span> <span class='ocrx_word' id='word_1_394' title='bbox 1235 1717 1318 1744; x_wconf 88' lang='lat' dir='ltr'><strong>seque</strong></span> <span class='ocrx_word' id='word_1_395' title='bbox 1334 1709 1435 1736; x_wconf 81' lang='lat' dir='ltr'><strong>formet</strong></span> <span class='ocrx_word' id='word_1_396' title='bbox 1448 1713 1474 1735; x_wconf 87' lang='lat' dir='ltr'><strong>et.</strong></span> <span class='ocrx_word' id='word_1_397' title='bbox 1498 1709 1609 1744; x_wconf 81' lang='lat' dir='ltr'><strong>cllingat</strong></span> <span class='ocrx_word' id='word_1_398' title='bbox 1622 1710 1655 1736; x_wconf 88' lang='lat' dir='ltr'><strong>ad</strong></span> <span class='ocrx_word' id='word_1_399' title='bbox 1670 1709 1732 1743; x_wconf 91' lang='lat' dir='ltr'><strong>pul-</strong></span> 
     </span>
    </p>
   </div>
   <div class='ocr_carea' id='block_1_65' title="bbox 99 1753 893 1796">
    <p class='ocr_par' dir='ltr' id='par_1_65' title="bbox 99 1753 888 1792">
     <span class='ocr_line' id='line_1_65' title="bbox 99 1753 888 1792; baseline 0.003 -11"><span class='ocrx_word' id='word_1_400' title='bbox 99 1756 145 1782; x_wconf 68' lang='grc' dir='ltr'><strong>ἐπὶ</strong></span> <span class='ocrx_word' id='word_1_401' title='bbox 165 1755 219 1781; x_wconf 83' lang='grc' dir='ltr'>τῶν</span> <span class='ocrx_word' id='word_1_402' title='bbox 235 1755 370 1791; x_wconf 75' lang='grc' dir='ltr'><strong>αἰσθητῶν</strong></span> <span class='ocrx_word' id='word_1_403' title='bbox 392 1755 513 1787; x_wconf 86' lang='grc' dir='ltr'>εἰκόνων,</span> <span class='ocrx_word' id='word_1_404' title='bbox 531 1756 553 1783; x_wconf 69' lang='grc' dir='ltr'>εἰ</span> <span class='ocrx_word' id='word_1_405' title='bbox 572 1754 596 1773; x_wconf 81' lang='grc'><strong>⁷⁸</strong></span> <span class='ocrx_word' id='word_1_406' title='bbox 611 1753 680 1790; x_wconf 75' lang='grc' dir='ltr'>πρὸς</span> <span class='ocrx_word' id='word_1_407' title='bbox 691 1755 722 1783; x_wconf 83' lang='grc' dir='ltr'><strong>τὸ</strong></span> <span class='ocrx_word' id='word_1_408' title='bbox 737 1757 888 1792; x_wconf 81' lang='grc' dir='ltr'>ἀρχέτυπον</span> 
     </span>
    </p>
   </div>
   <div class='ocr_carea' id='block_1_66' title="bbox 946 1753 1730 1796">
    <p class='ocr_par' dir='ltr' id='par_1_66' title="bbox 946 1755 1730 1791">
     <span class='ocr_line' id='line_1_66' title="bbox 946 1755 1730 1791; baseline 0.001 -9"><span class='ocrx_word' id='word_1_409' title='bbox 946 1755 1102 1782; x_wconf 81' lang='lat' dir='ltr'><strong>:lterrimam</strong></span> <span class='ocrx_word' id='word_1_410' title='bbox 1123 1756 1182 1791; x_wconf 86' lang='lat' dir='ltr'><strong>ejus</strong></span> <span class='ocrx_word' id='word_1_411' title='bbox 1207 1756 1399 1784; x_wconf 87' lang='lat' dir='ltr'><strong>imitationem.</strong></span> <span class='ocrx_word' id='word_1_412' title='bbox 1428 1755 1460 1782; x_wconf 85' lang='lat' dir='ltr'><strong>Et</strong></span> <span class='ocrx_word' id='word_1_413' title='bbox 1483 1755 1552 1782; x_wconf 87' lang='lat' dir='ltr'><strong>sicut</strong></span> <span class='ocrx_word' id='word_1_414' title='bbox 1578 1756 1606 1783; x_wconf 89' lang='lat' dir='ltr'><strong>in</strong></span> <span class='ocrx_word' id='word_1_415' title='bbox 1634 1755 1730 1791; x_wconf 82' lang='lat' dir='ltr'><strong>imagi-</strong></span> 
     </span>
    </p>
   </div>
   <div class='ocr_carea' id='block_1_67' title="bbox 98 1800 889 1837">
    <p class='ocr_par' dir='ltr' id='par_1_67' title="bbox 98 1800 889 1837">
     <span class='ocr_line' id='line_1_67' title="bbox 98 1800 889 1837; baseline 0.001 -9"><span class='ocrx_word' id='word_1_416' title='bbox 98 1800 169 1833; x_wconf 78' lang='grc' dir='ltr'>εἷδος</span> <span class='ocrx_word' id='word_1_417' title='bbox 189 1802 203 1826; x_wconf 84' lang='grc' dir='ltr'><strong>ὁ</strong></span> <span class='ocrx_word' id='word_1_418' title='bbox 221 1802 343 1837; x_wconf 83' lang='grc' dir='ltr'>γραφεὺς</span> <span class='ocrx_word' id='word_1_419' title='bbox 365 1800 482 1833; x_wconf 85' lang='grc' dir='ltr'>ἀκλινῶς</span> <span class='ocrx_word' id='word_1_420' title='bbox 499 1801 608 1837; x_wconf 71' lang='grc' dir='ltr'>εἰσορᾷ,</span> <span class='ocrx_word' id='word_1_421' title='bbox 630 1801 699 1837; x_wconf 81' lang='grc' dir='ltr'>πρὸς</span> <span class='ocrx_word' id='word_1_422' title='bbox 719 1801 802 1837; x_wconf 83' lang='grc' dir='ltr'>μηδὲν</span> <span class='ocrx_word' id='word_1_423' title='bbox 825 1801 889 1829; x_wconf 76' lang='grc' dir='ltr'>ἄλλο</span> 
     </span>
    </p>
   </div>
   <div class='ocr_carea' id='block_1_68' title="bbox 97 1847 887 1884">
    <p class='ocr_par' dir='ltr' id='par_1_68' title="bbox 97 1847 887 1884">
     <span class='ocr_line' id='line_1_68' title="bbox 97 1847 887 1884; baseline 0 -9"><span class='ocrx_word' id='word_1_424' title='bbox 97 1847 153 1875; x_wconf 82' lang='grc' dir='ltr'><strong>τῶν</strong></span> <span class='ocrx_word' id='word_1_425' title='bbox 174 1847 278 1883; x_wconf 79' lang='grc' dir='ltr'>ὁρατῶν</span> <span class='ocrx_word' id='word_1_426' title='bbox 303 1847 497 1882; x_wconf 81' lang='grc' dir='ltr'>ἀνθελκόμενος</span> <span class='ocrx_word' id='word_1_427' title='bbox 516 1847 532 1884; x_wconf 84' lang='grc' dir='ltr'>ἢ</span> <span class='ocrx_word' id='word_1_428' title='bbox 556 1848 627 1874; x_wconf 83' lang='grc' dir='ltr'><strong>κατά</strong></span> <span class='ocrx_word' id='word_1_429' title='bbox 642 1857 669 1874; x_wconf 84' lang='grc' dir='ltr'><strong>τι</strong></span> <span class='ocrx_word' id='word_1_430' title='bbox 696 1847 887 1884; x_wconf 79' lang='grc' dir='ltr'>μεριζόμενος,</span> 
     </span>
    </p>
   </div>
   <div class='ocr_carea' id='block_1_69' title="bbox 98 1892 889 1930">
    <p class='ocr_par' dir='ltr' id='par_1_69' title="bbox 98 1892 889 1930">
     <span class='ocr_line' id='line_1_69' title="bbox 98 1892 889 1930; baseline 0.003 -11"><span class='ocrx_word' id='word_1_431' title='bbox 98 1892 180 1919; x_wconf 78' lang='grc' dir='ltr'>αὑτὸν</span> <span class='ocrx_word' id='word_1_432' title='bbox 196 1893 308 1925; x_wconf 77' lang='grc' dir='ltr'>ἐκεῖνον,</span> <span class='ocrx_word' id='word_1_433' title='bbox 322 1893 396 1925; x_wconf 81' lang='grc' dir='ltr'>ὅστις</span> <span class='ocrx_word' id='word_1_434' title='bbox 407 1893 476 1924; x_wconf 77' lang='grc' dir='ltr'>ἐστὶ,</span> <span class='ocrx_word' id='word_1_435' title='bbox 490 1893 535 1920; x_wconf 73' lang='grc' dir='ltr'><strong>τὸν</strong></span> <span class='ocrx_word' id='word_1_436' title='bbox 547 1893 719 1929; x_wconf 81' lang='grc' dir='ltr'>γραφόμενον</span> <span class='ocrx_word' id='word_1_437' title='bbox 729 1895 751 1910; x_wconf 77' lang='grc'><strong>⁷³</strong></span> <span class='ocrx_word' id='word_1_438' title='bbox 765 1894 799 1928; x_wconf 83' lang='grc' dir='ltr'>(εἰ</span> <span class='ocrx_word' id='word_1_439' title='bbox 812 1894 889 1930; x_wconf 81' lang='grc' dir='ltr'>θέμις</span> 
     </span>
    </p>
   </div>
   <div class='ocr_carea' id='block_1_70' title="bbox 98 1939 890 1977">
    <p class='ocr_par' dir='ltr' id='par_1_70' title="bbox 98 1939 890 1977">
     <span class='ocr_line' id='line_1_70' title="bbox 98 1939 890 1977; baseline 0.003 -12"><span class='ocrx_word' id='word_1_440' title='bbox 98 1939 214 1974; x_wconf 84' lang='grc' dir='ltr'>εἰπεῖν),</span> <span class='ocrx_word' id='word_1_441' title='bbox 239 1939 427 1972; x_wconf 81' lang='grc' dir='ltr'>διπλασιάσει,</span> <span class='ocrx_word' id='word_1_442' title='bbox 451 1940 498 1966; x_wconf 79' lang='grc' dir='ltr'><strong>καὶ</strong></span> <span class='ocrx_word' id='word_1_443' title='bbox 514 1940 596 1973; x_wconf 79' lang='grc' dir='ltr'>δείξει</span> <span class='ocrx_word' id='word_1_444' title='bbox 624 1940 656 1966; x_wconf 84' lang='grc' dir='ltr'>τὸ</span> <span class='ocrx_word' id='word_1_445' title='bbox 677 1940 775 1977; x_wconf 82' lang='grc' dir='ltr'>ἀληθὲς</span> <span class='ocrx_word' id='word_1_446' title='bbox 798 1941 828 1967; x_wconf 82' lang='grc' dir='ltr'>ὲν</span> <span class='ocrx_word' id='word_1_447' title='bbox 851 1940 890 1976; x_wconf 87' lang='grc' dir='ltr'>τῷ</span> 
     </span>
    </p>
   </div>
   <div class='ocr_carea' id='block_1_71' title="bbox 97 1984 890 2023">
    <p class='ocr_par' dir='ltr' id='par_1_71' title="bbox 97 1984 890 2023">
     <span class='ocr_line' id='line_1_71' title="bbox 97 1984 890 2023; baseline 0.004 -13"><span class='ocrx_word' id='word_1_448' title='bbox 97 1984 266 2020; x_wconf 77' lang='grc' dir='ltr'>ὁμοιώματι,</span> <span class='ocrx_word' id='word_1_449' title='bbox 284 1985 331 2012; x_wconf 75' lang='grc' dir='ltr'><strong>καὶ</strong></span> <span class='ocrx_word' id='word_1_450' title='bbox 351 1985 381 2011; x_wconf 82' lang='grc' dir='ltr'><strong>τὸ</strong></span> <span class='ocrx_word' id='word_1_451' title='bbox 405 1985 558 2023; x_wconf 81' lang='grc' dir='ltr'>ἀρχέτυπον</span> <span class='ocrx_word' id='word_1_452' title='bbox 580 1986 608 2012; x_wconf 80' lang='grc' dir='ltr'>ἐν</span> <span class='ocrx_word' id='word_1_453' title='bbox 627 1989 660 2021; x_wconf 86' lang='grc' dir='ltr'>τῇ</span> <span class='ocrx_word' id='word_1_454' title='bbox 685 1986 785 2019; x_wconf 77' lang='grc' dir='ltr'>εἰκόνι,</span> <span class='ocrx_word' id='word_1_455' title='bbox 807 1987 855 2013; x_wconf 74' lang='grc' dir='ltr'><strong>καὶ</strong></span> <span class='ocrx_word' id='word_1_456' title='bbox 866 1986 890 2003; x_wconf 75' lang='grc'><strong>⁸⁸</strong></span> 
     </span>
    </p>
   </div>
   <div class='ocr_carea' id='block_1_72' title="bbox 98 2031 887 2068">
    <p class='ocr_par' dir='ltr' id='par_1_72' title="bbox 98 2031 887 2068">
     <span class='ocr_line' id='line_1_72' title="bbox 98 2031 887 2068; baseline 0.003 -11"><span class='ocrx_word' id='word_1_457' title='bbox 98 2031 227 2066; x_wconf 79' lang='grc' dir='ltr'>ἑκάτερον</span> <span class='ocrx_word' id='word_1_458' title='bbox 242 2032 270 2058; x_wconf 79' lang='grc' dir='ltr'><strong>ὲν</strong></span> <span class='ocrx_word' id='word_1_459' title='bbox 288 2031 409 2067; x_wconf 78' lang='grc' dir='ltr'>ἑκατέρῳ</span> <span class='ocrx_word' id='word_1_460' title='bbox 429 2031 504 2067; x_wconf 84' lang='grc' dir='ltr'><strong>παρά</strong></span> <span class='ocrx_word' id='word_1_461' title='bbox 520 2032 551 2058; x_wconf 79' lang='grc' dir='ltr'>τὸ</span> <span class='ocrx_word' id='word_1_462' title='bbox 571 2032 621 2067; x_wconf 79' lang='grc' dir='ltr'>τῆς</span> <span class='ocrx_word' id='word_1_463' title='bbox 637 2032 730 2064; x_wconf 79' lang='grc' dir='ltr'>οὐσίας</span> <span class='ocrx_word' id='word_1_464' title='bbox 747 2032 887 2068; x_wconf 86' lang='grc' dir='ltr'>διάφορον·</span> 
     </span>
    </p>
   </div>
   <div class='ocr_carea' id='block_1_73' title="bbox 97 2077 890 2115">
    <p class='ocr_par' dir='ltr' id='par_1_73' title="bbox 97 2077 890 2115">
     <span class='ocr_line' id='line_1_73' title="bbox 97 2077 890 2115; baseline 0.003 -12"><span class='ocrx_word' id='word_1_465' title='bbox 97 2077 168 2103; x_wconf 71' lang='grc' dir='ltr'>οὕτω</span> <span class='ocrx_word' id='word_1_466' title='bbox 183 2078 238 2109; x_wconf 86' lang='grc' dir='ltr'>τοῖς</span> <span class='ocrx_word' id='word_1_467' title='bbox 261 2077 415 2111; x_wconf 75' lang='grc' dir='ltr'>φιλοκάλοις</span> <span class='ocrx_word' id='word_1_468' title='bbox 438 2078 467 2103; x_wconf 82' lang='grc' dir='ltr'>ὲν</span> <span class='ocrx_word' id='word_1_469' title='bbox 490 2077 528 2113; x_wconf 85' lang='grc' dir='ltr'><strong>νῷ</strong></span> <span class='ocrx_word' id='word_1_470' title='bbox 554 2078 704 2114; x_wconf 76' lang='grc' dir='ltr'>γραφεῦσιν</span> <span class='ocrx_word' id='word_1_471' title='bbox 727 2079 743 2115; x_wconf 81' lang='grc' dir='ltr'>ὴ</span> <span class='ocrx_word' id='word_1_472' title='bbox 770 2079 838 2114; x_wconf 83' lang='grc' dir='ltr'>πρὸς</span> <span class='ocrx_word' id='word_1_473' title='bbox 859 2079 890 2105; x_wconf 78' lang='grc' dir='ltr'><strong>τὸ</strong></span> 
     </span>
    </p>
   </div>
   <div class='ocr_carea' id='block_1_74' title="bbox 97 2122 890 2160">
    <p class='ocr_par' dir='ltr' id='par_1_74' title="bbox 97 2122 890 2160">
     <span class='ocr_line' id='line_1_74' title="bbox 97 2122 890 2160; baseline 0.005 -13"><span class='ocrx_word' id='word_1_474' title='bbox 97 2122 196 2154; x_wconf 76' lang='grc' dir='ltr'>εὐῶδες</span> <span class='ocrx_word' id='word_1_475' title='bbox 209 2123 256 2149; x_wconf 71' lang='grc' dir='ltr'><strong>καὶ</strong></span> <span class='ocrx_word' id='word_1_476' title='bbox 274 2123 388 2159; x_wconf 81' lang='grc' dir='ltr'>κρύφιον</span> <span class='ocrx_word' id='word_1_477' title='bbox 407 2122 502 2154; x_wconf 85' lang='grc' dir='ltr'>κάλλος</span> <span class='ocrx_word' id='word_1_478' title='bbox 516 2123 613 2160; x_wconf 80' lang='grc' dir='ltr'>ἀτενὴς</span> <span class='ocrx_word' id='word_1_479' title='bbox 625 2124 671 2150; x_wconf 76' lang='grc' dir='ltr'><strong>καὶ</strong></span> <span class='ocrx_word' id='word_1_480' title='bbox 690 2124 890 2160; x_wconf 81' lang='grc' dir='ltr'>ἀπαρέγκλιτος</span> 
     </span>
    </p>
   </div>
   <div class='ocr_carea' id='block_1_75' title="bbox 97 2167 888 2203">
    <p class='ocr_par' dir='ltr' id='par_1_75' title="bbox 97 2167 888 2203">
     <span class='ocr_line' id='line_1_75' title="bbox 97 2167 888 2203; baseline 0.003 -9"><span class='ocrx_word' id='word_1_481' title='bbox 97 2167 198 2202; x_wconf 71' lang='grc' dir='ltr'>θεωρία</span> <span class='ocrx_word' id='word_1_482' title='bbox 219 2167 249 2193; x_wconf 83' lang='grc' dir='ltr'><strong>τὸ</strong></span> <span class='ocrx_word' id='word_1_483' title='bbox 271 2167 389 2199; x_wconf 83' lang='grc' dir='ltr'>ἀπλανὲς</span> <span class='ocrx_word' id='word_1_484' title='bbox 417 2167 568 2203; x_wconf 85' lang='grc' dir='ltr'>δωρήσεται</span> <span class='ocrx_word' id='word_1_485' title='bbox 588 2169 635 2195; x_wconf 77' lang='grc' dir='ltr'>καὶ</span> <span class='ocrx_word' id='word_1_486' title='bbox 655 2169 854 2196; x_wconf 78' lang='grc' dir='ltr'>θεοειδέστατον</span> <span class='ocrx_word' id='word_1_487' title='bbox 867 2169 888 2185; x_wconf 76' lang='grc'><strong>⁸³</strong></span> 
     </span>
    </p>
   </div>
   <div class='ocr_carea' id='block_1_76' title="bbox 97 2212 889 2252">
    <p class='ocr_par' dir='ltr' id='par_1_76' title="bbox 97 2212 889 2252">
     <span class='ocr_line' id='line_1_76' title="bbox 97 2212 889 2252; baseline 0.003 -11"><span class='ocrx_word' id='word_1_488' title='bbox 97 2213 222 2248; x_wconf 81' lang='grc' dir='ltr'>ῐνδαλμα.</span> <span class='ocrx_word' id='word_1_489' title='bbox 247 2214 366 2247; x_wconf 75' lang='grc' dir='ltr'>Εἰκότως</span> <span class='ocrx_word' id='word_1_490' title='bbox 388 2212 434 2241; x_wconf 78' lang='grc' dir='ltr'><strong>οὖν</strong></span> <span class='ocrx_word' id='word_1_491' title='bbox 456 2215 524 2251; x_wconf 82' lang='grc' dir='ltr'>πρὸς</span> <span class='ocrx_word' id='word_1_492' title='bbox 545 2214 594 2250; x_wconf 86' lang='grc' dir='ltr'>τὴν</span> <span class='ocrx_word' id='word_1_493' title='bbox 611 2215 780 2251; x_wconf 82' lang='grc' dir='ltr'>ὑπερουσίως</span> <span class='ocrx_word' id='word_1_494' title='bbox 803 2215 889 2252; x_wconf 83' lang='grc' dir='ltr'>εὐώδη</span> 
     </span>
    </p>
   </div>
   <div class='ocr_carea' id='block_1_77' title="bbox 96 2261 890 2299">
    <p class='ocr_par' dir='ltr' id='par_1_77' title="bbox 96 2261 890 2299">
     <span class='ocr_line' id='line_1_77' title="bbox 96 2261 890 2299; baseline 0.003 -11"><span class='ocrx_word' id='word_1_495' title='bbox 96 2261 144 2288; x_wconf 77' lang='grc' dir='ltr'><strong>καὶ</strong></span> <span class='ocrx_word' id='word_1_496' title='bbox 160 2261 257 2297; x_wconf 82' lang='grc' dir='ltr'>νοητὴν</span> <span class='ocrx_word' id='word_1_497' title='bbox 279 2261 444 2297; x_wconf 80' lang='grc' dir='ltr'>εὐπρέπειαν</span> <span class='ocrx_word' id='word_1_498' title='bbox 462 2263 486 2288; x_wconf 81' lang='grc' dir='ltr'>οἱ</span> <span class='ocrx_word' id='word_1_499' title='bbox 504 2262 569 2289; x_wconf 85' lang='grc' dir='ltr'>θεῖοι</span> <span class='ocrx_word' id='word_1_500' title='bbox 591 2264 706 2297; x_wconf 73' lang='grc' dir='ltr'>γραφεῖς</span> <span class='ocrx_word' id='word_1_501' title='bbox 719 2263 740 2278; x_wconf 76' lang='grc'><strong>⁸⁸</strong></span> <span class='ocrx_word' id='word_1_502' title='bbox 752 2263 783 2289; x_wconf 80' lang='grc' dir='ltr'><strong>τὸ</strong></span> <span class='ocrx_word' id='word_1_503' title='bbox 799 2264 890 2299; x_wconf 78' lang='grc' dir='ltr'>νοερὸν</span> 
     </span>
    </p>
   </div>
   <div class='ocr_carea' id='block_1_78' title="bbox 96 2307 889 2346">
    <p class='ocr_par' dir='ltr' id='par_1_78' title="bbox 96 2307 889 2346">
     <span class='ocr_line' id='line_1_78' title="bbox 96 2307 889 2346; baseline 0.003 -12"><span class='ocrx_word' id='word_1_504' title='bbox 96 2307 200 2337; x_wconf 73' lang='grc' dir='ltr'>ἑαυτῶν</span> <span class='ocrx_word' id='word_1_505' title='bbox 212 2308 443 2344; x_wconf 67' lang='grc' dir='ltr'>ἀμεταστρεπτως</span> <span class='ocrx_word' id='word_1_506' title='bbox 457 2308 662 2341; x_wconf 79' lang='grc' dir='ltr'>εἰδοποιοῦντες,</span> <span class='ocrx_word' id='word_1_507' title='bbox 671 2309 797 2345; x_wconf 78' lang='grc' dir='ltr'>οὐδεμίαν</span> <span class='ocrx_word' id='word_1_508' title='bbox 805 2310 889 2346; x_wconf 84' lang='grc' dir='ltr'>δρῶσι</span> 
     </span>
    </p>
   </div>
   <div class='ocr_carea' id='block_1_79' title="bbox 94 2353 888 2390">
    <p class='ocr_par' dir='ltr' id='par_1_79' title="bbox 94 2353 888 2390">
     <span class='ocr_line' id='line_1_79' title="bbox 94 2353 888 2390; baseline 0.003 -11"><span class='ocrx_word' id='word_1_509' title='bbox 94 2353 149 2379; x_wconf 83' lang='grc' dir='ltr'><strong>τῶν</strong></span> <span class='ocrx_word' id='word_1_510' title='bbox 167 2353 195 2379; x_wconf 79' lang='grc' dir='ltr'><strong>ἐν</strong></span> <span class='ocrx_word' id='word_1_511' title='bbox 212 2353 303 2385; x_wconf 74' lang='grc' dir='ltr'>αὐτοῖς</span> <span class='ocrx_word' id='word_1_512' title='bbox 324 2353 496 2390; x_wconf 84' lang='grc' dir='ltr'>θεομιμήτων</span> <span class='ocrx_word' id='word_1_513' title='bbox 515 2354 620 2390; x_wconf 83' lang='grc' dir='ltr'>ἀρετῶν</span> <span class='ocrx_word' id='word_1_514' title='bbox 635 2354 674 2385; x_wconf 76' lang='grc' dir='ltr'><strong>εἰς</strong></span> <span class='ocrx_word' id='word_1_515' title='bbox 694 2354 725 2381; x_wconf 82' lang='grc' dir='ltr'><strong>τὺ</strong></span> <span class='ocrx_word' id='word_1_516' title='bbox 745 2354 888 2390; x_wconf 81' lang='grc' dir='ltr'>θεαθῆναι,</span> 
     </span>
    </p>
   </div>
   <div class='ocr_carea' id='block_1_80' title="bbox 95 2399 891 2436">
    <p class='ocr_par' dir='ltr' id='par_1_80' title="bbox 95 2399 891 2436">
     <span class='ocr_line' id='line_1_80' title="bbox 95 2399 891 2436; baseline 0.003 -11"><span class='ocrx_word' id='word_1_517' title='bbox 95 2399 166 2426; x_wconf 81' lang='grc' dir='ltr'><strong>κατά</strong></span> <span class='ocrx_word' id='word_1_518' title='bbox 189 2399 219 2425; x_wconf 81' lang='grc' dir='ltr'>τὸ</span> <span class='ocrx_word' id='word_1_519' title='bbox 242 2400 340 2434; x_wconf 80' lang='grc' dir='ltr'>λόγιον,</span> <span class='ocrx_word' id='word_1_520' title='bbox 364 2401 420 2431; x_wconf 86' lang='grc' dir='ltr'>τοῖς</span> <span class='ocrx_word' id='word_1_521' title='bbox 444 2399 614 2436; x_wconf 83' lang='grc' dir='ltr'>ἀνθρώποις·</span> <span class='ocrx_word' id='word_1_522' title='bbox 640 2400 697 2427; x_wconf 79' lang='grc' dir='ltr'>ἀλλ’</span> <span class='ocrx_word' id='word_1_523' title='bbox 723 2400 803 2436; x_wconf 74' lang='grc' dir='ltr'>ἱερῶς</span> <span class='ocrx_word' id='word_1_524' title='bbox 828 2401 891 2427; x_wconf 83' lang='grc' dir='ltr'>ὲπο-</span> 
     </span>
    </p>
   </div>
   <div class='ocr_carea' id='block_1_81' title="bbox 95 2445 887 2482">
    <p class='ocr_par' dir='ltr' id='par_1_81' title="bbox 95 2445 887 2482">
     <span class='ocr_line' id='line_1_81' title="bbox 95 2445 887 2482; baseline 0.003 -11"><span class='ocrx_word' id='word_1_525' title='bbox 95 2445 249 2477; x_wconf 75' lang='grc' dir='ltr'>πτεύουσιν,</span> <span class='ocrx_word' id='word_1_526' title='bbox 264 2446 302 2477; x_wconf 86' lang='grc' dir='ltr'>ὠς</span> <span class='ocrx_word' id='word_1_527' title='bbox 318 2446 347 2472; x_wconf 81' lang='grc' dir='ltr'>ὲν</span> <span class='ocrx_word' id='word_1_528' title='bbox 365 2445 459 2477; x_wconf 77' lang='grc' dir='ltr'>εἰκόνι,</span> <span class='ocrx_word' id='word_1_529' title='bbox 474 2445 512 2481; x_wconf 85' lang='grc' dir='ltr'>τῷ</span> <span class='ocrx_word' id='word_1_530' title='bbox 530 2445 594 2482; x_wconf 75' lang='grc' dir='ltr'>θείῳ</span> <span class='ocrx_word' id='word_1_531' title='bbox 612 2445 689 2482; x_wconf 83' lang='grc' dir='ltr'>μύρῳ</span> <span class='ocrx_word' id='word_1_532' title='bbox 707 2445 742 2472; x_wconf 88' lang='grc' dir='ltr'><strong>τά</strong></span> <span class='ocrx_word' id='word_1_533' title='bbox 759 2446 809 2481; x_wconf 81' lang='grc' dir='ltr'>τῆς</span> <span class='ocrx_word' id='word_1_534' title='bbox 827 2447 887 2473; x_wconf 85' lang='grc' dir='ltr'><strong>Ἐκ-</strong></span> 
     </span>
    </p>
   </div>
   <div class='ocr_carea' id='block_1_82' title="bbox 94 2490 885 2529">
    <p class='ocr_par' dir='ltr' id='par_1_82' title="bbox 94 2490 885 2529">
     <span class='ocr_line' id='line_1_82' title="bbox 94 2490 885 2529; baseline 0 -11"><span class='ocrx_word' id='word_1_535' title='bbox 94 2491 208 2527; x_wconf 73' lang='grc' dir='ltr'>κλησίας</span> <span class='ocrx_word' id='word_1_536' title='bbox 223 2490 357 2529; x_wconf 82' lang='grc' dir='ltr'>ἱερώτατα</span> <span class='ocrx_word' id='word_1_537' title='bbox 370 2491 630 2527; x_wconf 77' lang='grc' dir='ltr'>περικεκαλυμμένα</span> <span class='ocrx_word' id='word_1_538' title='bbox 641 2500 647 2508; x_wconf 82' lang='grc'><em>’</em></span> <span class='ocrx_word' id='word_1_539' title='bbox 667 2492 707 2518; x_wconf 78' lang='grc' dir='ltr'><strong>διὸ</strong></span> <span class='ocrx_word' id='word_1_540' title='bbox 729 2491 776 2518; x_wconf 81' lang='grc' dir='ltr'><strong>καὶ</strong></span> <span class='ocrx_word' id='word_1_541' title='bbox 798 2493 885 2524; x_wconf 77' lang='grc' dir='ltr'>αὐτοὶ,</span> 
     </span>
    </p>
   </div>
   <div class='ocr_carea' id='block_1_83' title="bbox 93 2536 886 2573">
    <p class='ocr_par' dir='ltr' id='par_1_83' title="bbox 93 2536 886 2573">
     <span class='ocr_line' id='line_1_83' title="bbox 93 2536 886 2573; baseline 0.001 -10"><span class='ocrx_word' id='word_1_542' title='bbox 93 2536 124 2563; x_wconf 82' lang='grc' dir='ltr'>τὺ</span> <span class='ocrx_word' id='word_1_543' title='bbox 146 2537 205 2563; x_wconf 79' lang='grc' dir='ltr'>κατ’</span> <span class='ocrx_word' id='word_1_544' title='bbox 230 2536 329 2573; x_wconf 86' lang='grc' dir='ltr'>ἀρετὴν</span> <span class='ocrx_word' id='word_1_545' title='bbox 353 2537 424 2573; x_wconf 78' lang='grc' dir='ltr'>ἱερὸν</span> <span class='ocrx_word' id='word_1_546' title='bbox 445 2538 491 2564; x_wconf 78' lang='grc' dir='ltr'>καὶ</span> <span class='ocrx_word' id='word_1_547' title='bbox 516 2537 714 2564; x_wconf 76' lang='grc' dir='ltr'>θεοειδέστατον</span> <span class='ocrx_word' id='word_1_548' title='bbox 751 2537 817 2564; x_wconf 78' lang='grc' dir='ltr'>εἴσω</span> <span class='ocrx_word' id='word_1_549' title='bbox 839 2537 886 2565; x_wconf 80' lang='grc' dir='ltr'>τοῦ</span> 
     </span>
    </p>
   </div>
   <div class='ocr_carea' id='block_1_84' title="bbox 94 2582 887 2619">
    <p class='ocr_par' dir='ltr' id='par_1_84' title="bbox 94 2582 887 2619">
     <span class='ocr_line' id='line_1_84' title="bbox 94 2582 887 2619; baseline 0.001 -9"><span class='ocrx_word' id='word_1_550' title='bbox 94 2582 262 2618; x_wconf 78' lang='grc' dir='ltr'>θεομιμήτου</span> <span class='ocrx_word' id='word_1_551' title='bbox 285 2583 332 2610; x_wconf 77' lang='grc' dir='ltr'>καὶ</span> <span class='ocrx_word' id='word_1_552' title='bbox 355 2582 523 2619; x_wconf 80' lang='grc' dir='ltr'>θεογράπτου</span> <span class='ocrx_word' id='word_1_553' title='bbox 548 2583 607 2615; x_wconf 75' lang='grc' dir='ltr'>νοὸς</span> <span class='ocrx_word' id='word_1_554' title='bbox 640 2583 720 2619; x_wconf 84' lang='grc' dir='ltr'>ἱερῶς</span> <span class='ocrx_word' id='word_1_555' title='bbox 740 2584 887 2619; x_wconf 81' lang='grc' dir='ltr'>περικαλύ-</span> 
     </span>
    </p>
   </div>
   <div class='ocr_carea' id='block_1_85' title="bbox 94 2629 885 2666">
    <p class='ocr_par' dir='ltr' id='par_1_85' title="bbox 94 2629 885 2666">
     <span class='ocr_line' id='line_1_85' title="bbox 94 2629 885 2666; baseline 0.003 -12"><span class='ocrx_word' id='word_1_556' title='bbox 94 2635 224 2660; x_wconf 84' lang='grc' dir='ltr'>πτοντες,</span> <span class='ocrx_word' id='word_1_557' title='bbox 248 2629 315 2664; x_wconf 77' lang='grc' dir='ltr'>πρὸς</span> <span class='ocrx_word' id='word_1_558' title='bbox 343 2629 428 2665; x_wconf 88' lang='grc' dir='ltr'>μόνην</span> <span class='ocrx_word' id='word_1_559' title='bbox 449 2629 630 2656; x_wconf 78' lang='grc' dir='ltr'>ἀποϐλέπουσι</span> <span class='ocrx_word' id='word_1_560' title='bbox 657 2629 706 2665; x_wconf 86' lang='grc' dir='ltr'><strong>τὴν</strong></span> <span class='ocrx_word' id='word_1_561' title='bbox 733 2629 885 2666; x_wconf 80' lang='grc' dir='ltr'>ἀρχέτυπον</span> 
     </span>
    </p>
   </div>
   <div class='ocr_carea' id='block_1_86' title="bbox 94 2673 883 2711">
    <p class='ocr_par' dir='ltr' id='par_1_86' title="bbox 94 2673 883 2711">
     <span class='ocr_line' id='line_1_86' title="bbox 94 2673 883 2711; baseline 0.005 -13"><span class='ocrx_word' id='word_1_562' title='bbox 94 2673 188 2708; x_wconf 85' lang='grc' dir='ltr'>νόησιν</span> <span class='ocrx_word' id='word_1_563' title='bbox 198 2681 204 2687; x_wconf 82' lang='grc'><strong>”</strong></span> <span class='ocrx_word' id='word_1_564' title='bbox 213 2674 274 2700; x_wconf 76' lang='grc' dir='ltr'>οὐδὲ</span> <span class='ocrx_word' id='word_1_565' title='bbox 291 2674 345 2710; x_wconf 79' lang='grc' dir='ltr'>γὰρ</span> <span class='ocrx_word' id='word_1_566' title='bbox 358 2675 467 2702; x_wconf 78' lang='grc' dir='ltr'>ἀθέατοι</span> <span class='ocrx_word' id='word_1_567' title='bbox 478 2675 501 2690; x_wconf 77' lang='grc'><strong>⁸³</strong></span> <span class='ocrx_word' id='word_1_568' title='bbox 516 2675 594 2710; x_wconf 87' lang='grc' dir='ltr'>μόνον</span> <span class='ocrx_word' id='word_1_569' title='bbox 606 2676 660 2702; x_wconf 73' lang='grc' dir='ltr'>εἰσὶ</span> <span class='ocrx_word' id='word_1_570' title='bbox 669 2677 725 2708; x_wconf 83' lang='grc' dir='ltr'>τοῖς</span> <span class='ocrx_word' id='word_1_571' title='bbox 736 2675 883 2711; x_wconf 84' lang='grc' dir='ltr'>ἀνομοίοις,</span> 
     </span>
    </p>
   </div>
   <div class='ocr_carea' id='block_1_87' title="bbox 941 1800 1729 1836">
    <p class='ocr_par' dir='ltr' id='par_1_87' title="bbox 941 1800 1729 1836">
     <span class='ocr_line' id='line_1_87' title="bbox 941 1800 1729 1836; baseline 0.003 -10"><span class='ocrx_word' id='word_1_572' title='bbox 941 1800 1019 1827; x_wconf 92' lang='lat' dir='ltr'><strong>nibus</strong></span> <span class='ocrx_word' id='word_1_573' title='bbox 1035 1801 1220 1834; x_wconf 85' lang='lat' dir='ltr'><strong>sensibitibus,</strong></span> <span class='ocrx_word' id='word_1_574' title='bbox 1236 1801 1258 1828; x_wconf 92' lang='lat' dir='ltr'><strong>si</strong></span> <span class='ocrx_word' id='word_1_575' title='bbox 1275 1800 1361 1835; x_wconf 88' lang='lat' dir='ltr'><strong>pictor</strong></span> <span class='ocrx_word' id='word_1_576' title='bbox 1377 1801 1411 1827; x_wconf 91' lang='lat' dir='ltr'><strong>ad</strong></span> <span class='ocrx_word' id='word_1_577' title='bbox 1428 1801 1585 1836; x_wconf 71' lang='lat' dir='ltr'><strong>primmvatn</strong></span> <span class='ocrx_word' id='word_1_578' title='bbox 1609 1802 1729 1836; x_wconf 79' lang='lat' dir='ltr'><strong>speciem</strong></span> 
     </span>
    </p>
   </div>
   <div class='ocr_carea' id='block_1_88' title="bbox 941 1846 1728 1882">
    <p class='ocr_par' dir='ltr' id='par_1_88' title="bbox 941 1846 1728 1882">
     <span class='ocr_line' id='line_1_88' title="bbox 941 1846 1728 1882; baseline 0.003 -9"><span class='ocrx_word' id='word_1_579' title='bbox 941 1852 1099 1874; x_wconf 82' lang='lat' dir='ltr'><strong>constanter</strong></span> <span class='ocrx_word' id='word_1_580' title='bbox 1111 1847 1244 1880; x_wconf 87' lang='lat' dir='ltr'><strong>intendat,</strong></span> <span class='ocrx_word' id='word_1_581' title='bbox 1259 1847 1330 1874; x_wconf 84' lang='lat' dir='ltr'><strong>nulla</strong></span> <span class='ocrx_word' id='word_1_582' title='bbox 1346 1855 1375 1874; x_wconf 83' lang='lat' dir='ltr'><strong>re</strong></span> <span class='ocrx_word' id='word_1_583' title='bbox 1390 1846 1442 1874; x_wconf 89' lang='lat' dir='ltr'><strong>alia</strong></span> <span class='ocrx_word' id='word_1_584' title='bbox 1457 1848 1556 1874; x_wconf 88' lang='lat' dir='ltr'><strong>visibili</strong></span> <span class='ocrx_word' id='word_1_585' title='bbox 1570 1848 1728 1882; x_wconf 80' lang='lat' dir='ltr'><strong>distractus,</strong></span> 
     </span>
    </p>
   </div>
   <div class='ocr_carea' id='block_1_89' title="bbox 941 1893 1729 1929">
    <p class='ocr_par' dir='ltr' id='par_1_89' title="bbox 941 1893 1729 1929">
     <span class='ocr_line' id='line_1_89' title="bbox 941 1893 1729 1929; baseline 0.003 -10"><span class='ocrx_word' id='word_1_586' title='bbox 941 1900 1028 1927; x_wconf 89' lang='lat' dir='ltr'><strong>neque</strong></span> <span class='ocrx_word' id='word_1_587' title='bbox 1040 1893 1188 1920; x_wconf 85' lang='lat' dir='ltr'><strong>secundum</strong></span> <span class='ocrx_word' id='word_1_588' title='bbox 1200 1893 1337 1928; x_wconf 83' lang='lat' dir='ltr'><strong>quidpiam</strong></span> <span class='ocrx_word' id='word_1_589' title='bbox 1351 1893 1462 1926; x_wconf 84' lang='lat' dir='ltr'><strong>divisus,</strong></span> <span class='ocrx_word' id='word_1_590' title='bbox 1480 1893 1555 1920; x_wconf 91' lang='lat' dir='ltr'><strong>illum</strong></span> <span class='ocrx_word' id='word_1_591' title='bbox 1576 1894 1663 1929; x_wconf 88' lang='lat' dir='ltr'><strong>ipsutn</strong></span> <span class='ocrx_word' id='word_1_592' title='bbox 1683 1895 1729 1929; x_wconf 88' lang='lat' dir='ltr'><strong>qui</strong></span> 
     </span>
    </p>
   </div>
   <div class='ocr_carea' id='block_1_90' title="bbox 941 1938 1730 1974">
    <p class='ocr_par' dir='ltr' id='par_1_90' title="bbox 941 1938 1730 1974">
     <span class='ocr_line' id='line_1_90' title="bbox 941 1938 1730 1974; baseline 0 -8"><span class='ocrx_word' id='word_1_593' title='bbox 941 1939 1127 1973; x_wconf 78' lang='lat' dir='ltr'><strong>depingendus</strong></span> <span class='ocrx_word' id='word_1_594' title='bbox 1142 1944 1185 1966; x_wconf 87' lang='lat' dir='ltr'><strong>est</strong></span> <span class='ocrx_word' id='word_1_595' title='bbox 1201 1938 1234 1974; x_wconf 89' lang='lat' dir='ltr'><strong>(si</strong></span> <span class='ocrx_word' id='word_1_596' title='bbox 1249 1938 1285 1965; x_wconf 86' lang='lat' dir='ltr'><strong>ita</strong></span> <span class='ocrx_word' id='word_1_597' title='bbox 1302 1939 1392 1966; x_wconf 88' lang='lat' dir='ltr'><strong>dicere</strong></span> <span class='ocrx_word' id='word_1_598' title='bbox 1415 1939 1507 1974; x_wconf 86' lang='lat' dir='ltr'><strong>liceat)</strong></span> <span class='ocrx_word' id='word_1_599' title='bbox 1531 1940 1730 1973; x_wconf 82' lang='lat' dir='ltr'><strong>quodammodo</strong></span> 
     </span>
    </p>
   </div>
   <div class='ocr_carea' id='block_1_91' title="bbox 941 1984 1730 2020">
    <p class='ocr_par' dir='ltr' id='par_1_91' title="bbox 941 1984 1730 2020">
     <span class='ocr_line' id='line_1_91' title="bbox 941 1984 1730 2020; baseline -0.001 -8"><span class='ocrx_word' id='word_1_600' title='bbox 941 1985 1094 2019; x_wconf 84' lang='lat' dir='ltr'><strong>replicabit,</strong></span> <span class='ocrx_word' id='word_1_601' title='bbox 1109 1990 1191 2019; x_wconf 88' lang='lat' dir='ltr'><strong>atque</strong></span> <span class='ocrx_word' id='word_1_602' title='bbox 1206 1985 1350 2020; x_wconf 85' lang='lat' dir='ltr'><strong>ipsammet</strong></span> <span class='ocrx_word' id='word_1_603' title='bbox 1363 1985 1507 2012; x_wconf 83' lang='lat' dir='ltr'><strong>veritatem</strong></span> <span class='ocrx_word' id='word_1_604' title='bbox 1523 1986 1549 2012; x_wconf 93' lang='lat' dir='ltr'><strong>in</strong></span> <span class='ocrx_word' id='word_1_605' title='bbox 1570 1984 1730 2012; x_wconf 82' lang='lat' dir='ltr'><strong>similitudi-</strong></span> 
     </span>
    </p>
   </div>
   <div class='ocr_carea' id='block_1_92' title="bbox 942 2030 1728 2066">
    <p class='ocr_par' dir='ltr' id='par_1_92' title="bbox 942 2030 1728 2066">
     <span class='ocr_line' id='line_1_92' title="bbox 942 2030 1728 2066; baseline -0.003 -8"><span class='ocrx_word' id='word_1_606' title='bbox 942 2038 1003 2058; x_wconf 82' lang='lat' dir='ltr'><strong>nem</strong></span> <span class='ocrx_word' id='word_1_607' title='bbox 1018 2036 1045 2057; x_wconf 88' lang='lat' dir='ltr'><strong>et</strong></span> <span class='ocrx_word' id='word_1_608' title='bbox 1061 2032 1238 2066; x_wconf 83' lang='lat' dir='ltr'><strong>archetypum</strong></span> <span class='ocrx_word' id='word_1_609' title='bbox 1255 2031 1282 2057; x_wconf 91' lang='lat' dir='ltr'><strong>in</strong></span> <span class='ocrx_word' id='word_1_610' title='bbox 1306 2030 1424 2065; x_wconf 67' lang='lat' dir='ltr'><strong>imagine</strong></span> <span class='ocrx_word' id='word_1_611' title='bbox 1438 2030 1583 2064; x_wconf 76' lang='lat' dir='ltr'><strong>exprimet,</strong></span> <span class='ocrx_word' id='word_1_612' title='bbox 1598 2030 1728 2056; x_wconf 86' lang='lat' dir='ltr'><strong>alterum-</strong></span> 
     </span>
    </p>
   </div>
   <div class='ocr_carea' id='block_1_93' title="bbox 941 2076 1727 2112">
    <p class='ocr_par' dir='ltr' id='par_1_93' title="bbox 941 2076 1727 2112">
     <span class='ocr_line' id='line_1_93' title="bbox 941 2076 1727 2112; baseline 0 -9"><span class='ocrx_word' id='word_1_613' title='bbox 941 2085 993 2112; x_wconf 89' lang='lat' dir='ltr'><strong>que</strong></span> <span class='ocrx_word' id='word_1_614' title='bbox 1009 2078 1035 2104; x_wconf 93' lang='lat' dir='ltr'><strong>in</strong></span> <span class='ocrx_word' id='word_1_615' title='bbox 1051 2078 1136 2105; x_wconf 85' lang='lat' dir='ltr'><strong>altero</strong></span> <span class='ocrx_word' id='word_1_616' title='bbox 1152 2077 1219 2104; x_wconf 89' lang='lat' dir='ltr'><strong>citra</strong></span> <span class='ocrx_word' id='word_1_617' title='bbox 1236 2077 1397 2104; x_wconf 65' lang='lat' dir='ltr'><strong>substantiae</strong></span> <span class='ocrx_word' id='word_1_618' title='bbox 1413 2076 1591 2104; x_wconf 67' lang='lat' dir='ltr'><strong>differentiam</strong></span> <span class='ocrx_word' id='word_1_619' title='bbox 1608 2076 1727 2104; x_wconf 82' lang='lat' dir='ltr'><strong>referet:</strong></span> 
     </span>
    </p>
   </div>
   <div class='ocr_carea' id='block_1_94' title="bbox 941 2123 1728 2157">
    <p class='ocr_par' dir='ltr' id='par_1_94' title="bbox 941 2123 1728 2157">
     <span class='ocr_line' id='line_1_94' title="bbox 941 2123 1728 2157; baseline -0.001 -6"><span class='ocrx_word' id='word_1_620' title='bbox 941 2124 981 2151; x_wconf 90' lang='lat' dir='ltr'><strong>sic</strong></span> <span class='ocrx_word' id='word_1_621' title='bbox 1006 2123 1112 2151; x_wconf 86' lang='lat' dir='ltr'><strong>honesti</strong></span> <span class='ocrx_word' id='word_1_622' title='bbox 1134 2123 1290 2150; x_wconf 85' lang='lat' dir='ltr'><strong>amantibus</strong></span> <span class='ocrx_word' id='word_1_623' title='bbox 1317 2123 1343 2149; x_wconf 89' lang='lat' dir='ltr'><strong>in</strong></span> <span class='ocrx_word' id='word_1_624' title='bbox 1362 2127 1452 2150; x_wconf 90' lang='lat' dir='ltr'><strong>mente</strong></span> <span class='ocrx_word' id='word_1_625' title='bbox 1478 2123 1638 2157; x_wconf 88' lang='lat' dir='ltr'><strong>pictoribus,</strong></span> <span class='ocrx_word' id='word_1_626' title='bbox 1663 2131 1728 2150; x_wconf 87' lang='lat' dir='ltr'><strong>sua-</strong></span> 
     </span>
    </p>
   </div>
   <div class='ocr_carea' id='block_1_95' title="bbox 941 2168 1728 2203">
    <p class='ocr_par' dir='ltr' id='par_1_95' title="bbox 941 2168 1728 2203">
     <span class='ocr_line' id='line_1_95' title="bbox 941 2168 1728 2203; baseline 0 -7"><span class='ocrx_word' id='word_1_627' title='bbox 941 2169 1072 2196; x_wconf 87' lang='lat' dir='ltr'><strong>veolentis</strong></span> <span class='ocrx_word' id='word_1_628' title='bbox 1092 2173 1121 2196; x_wconf 89' lang='lat' dir='ltr'><strong>et</strong></span> <span class='ocrx_word' id='word_1_629' title='bbox 1152 2177 1259 2196; x_wconf 66' lang='lat' dir='ltr'><strong>arcana:</strong></span> <span class='ocrx_word' id='word_1_630' title='bbox 1289 2169 1498 2203; x_wconf 89' lang='lat' dir='ltr'><strong>pulchritudinis</strong></span> <span class='ocrx_word' id='word_1_631' title='bbox 1531 2168 1634 2196; x_wconf 85' lang='lat' dir='ltr'><strong>intenta</strong></span> <span class='ocrx_word' id='word_1_632' title='bbox 1662 2176 1728 2196; x_wconf 74' lang='lat' dir='ltr'><strong>con-</strong></span> 
     </span>
    </p>
   </div>
   <div class='ocr_carea' id='block_1_96' title="bbox 940 2214 1728 2250">
    <p class='ocr_par' dir='ltr' id='par_1_96' title="bbox 940 2214 1728 2250">
     <span class='ocr_line' id='line_1_96' title="bbox 940 2214 1728 2250; baseline 0.001 -9"><span class='ocrx_word' id='word_1_633' title='bbox 940 2219 1070 2249; x_wconf 81' lang='lat' dir='ltr'><strong>stansque</strong></span> <span class='ocrx_word' id='word_1_634' title='bbox 1082 2214 1275 2250; x_wconf 84' lang='lat' dir='ltr'><strong>contemplatio</strong></span> <span class='ocrx_word' id='word_1_635' title='bbox 1291 2214 1456 2242; x_wconf 84' lang='lat' dir='ltr'><strong>infallibiletn</strong></span> <span class='ocrx_word' id='word_1_636' title='bbox 1470 2214 1545 2242; x_wconf 89' lang='lat' dir='ltr'><strong>indet</strong></span> <span class='ocrx_word' id='word_1_637' title='bbox 1556 2215 1728 2250; x_wconf 78' lang='lat' dir='ltr'><strong>maximeque</strong></span> 
     </span>
    </p>
   </div>
   <div class='ocr_carea' id='block_1_97' title="bbox 941 2261 1727 2298">
    <p class='ocr_par' dir='ltr' id='par_1_97' title="bbox 941 2261 1727 2298">
     <span class='ocr_line' id='line_1_97' title="bbox 941 2261 1727 2298; baseline 0.003 -9"><span class='ocrx_word' id='word_1_638' title='bbox 941 2261 1100 2290; x_wconf 88' lang='lat' dir='ltr'><strong>deiformem</strong></span> <span class='ocrx_word' id='word_1_639' title='bbox 1129 2262 1360 2296; x_wconf 80' lang='lat' dir='ltr'><strong>imaginationem.</strong></span> <span class='ocrx_word' id='word_1_640' title='bbox 1394 2262 1488 2290; x_wconf 88' lang='lat' dir='ltr'><strong>Merito</strong></span> <span class='ocrx_word' id='word_1_641' title='bbox 1523 2263 1615 2298; x_wconf 87' lang='lat' dir='ltr'><strong>itaque</strong></span> <span class='ocrx_word' id='word_1_642' title='bbox 1641 2263 1727 2291; x_wconf 85' lang='lat' dir='ltr'><strong>divini</strong></span> 
     </span>
    </p>
   </div>
   <div class='ocr_carea' id='block_1_98' title="bbox 941 2308 1728 2343">
    <p class='ocr_par' dir='ltr' id='par_1_98' title="bbox 941 2308 1728 2343">
     <span class='ocr_line' id='line_1_98' title="bbox 941 2308 1728 2343; baseline 0.004 -9"><span class='ocrx_word' id='word_1_643' title='bbox 941 2308 1078 2342; x_wconf 82' lang='lat' dir='ltr'><strong>pictores,</strong></span> <span class='ocrx_word' id='word_1_644' title='bbox 1103 2309 1211 2343; x_wconf 85' lang='lat' dir='ltr'><strong>quando</strong></span> <span class='ocrx_word' id='word_1_645' title='bbox 1240 2313 1357 2336; x_wconf 83' lang='lat' dir='ltr'><strong>utentem</strong></span> <span class='ocrx_word' id='word_1_646' title='bbox 1382 2317 1460 2336; x_wconf 85' lang='lat' dir='ltr'><strong>suam</strong></span> <span class='ocrx_word' id='word_1_647' title='bbox 1490 2309 1523 2336; x_wconf 90' lang='lat' dir='ltr'><strong>ad</strong></span> <span class='ocrx_word' id='word_1_648' title='bbox 1552 2317 1728 2343; x_wconf 86' lang='lat' dir='ltr'><strong>supraessen—</strong></span> 
     </span>
    </p>
   </div>
   <div class='ocr_carea' id='block_1_99' title="bbox 942 2353 1724 2391">
    <p class='ocr_par' dir='ltr' id='par_1_99' title="bbox 942 2353 1724 2391">
     <span class='ocr_line' id='line_1_99' title="bbox 942 2353 1724 2391; baseline 0.004 -11"><span class='ocrx_word' id='word_1_649' title='bbox 942 2353 1031 2380; x_wconf 83' lang='lat' dir='ltr'><strong>tialcm</strong></span> <span class='ocrx_word' id='word_1_650' title='bbox 1047 2353 1119 2380; x_wconf 85' lang='lat' dir='ltr'><strong>illam</strong></span> <span class='ocrx_word' id='word_1_651' title='bbox 1136 2354 1304 2389; x_wconf 80' lang='lat' dir='ltr'><strong>fragrantem</strong></span> <span class='ocrx_word' id='word_1_652' title='bbox 1321 2355 1526 2391; x_wconf 85' lang='lat' dir='ltr'><strong>spiritalentquc</strong></span> <span class='ocrx_word' id='word_1_653' title='bbox 1543 2356 1724 2391; x_wconf 87' lang='lat' dir='ltr'><strong>pulchritudi-</strong></span> 
     </span>
    </p>
   </div>
   <div class='ocr_carea' id='block_1_100' title="bbox 943 2399 1730 2434">
    <p class='ocr_par' dir='ltr' id='par_1_100' title="bbox 943 2399 1730 2434">
     <span class='ocr_line' id='line_1_100' title="bbox 943 2399 1730 2434; baseline 0.004 -8"><span class='ocrx_word' id='word_1_654' title='bbox 943 2406 1003 2426; x_wconf 87' lang='lat' dir='ltr'><strong>nem</strong></span> <span class='ocrx_word' id='word_1_655' title='bbox 1027 2404 1186 2427; x_wconf 88' lang='lat' dir='ltr'><strong>constanter</strong></span> <span class='ocrx_word' id='word_1_656' title='bbox 1207 2399 1360 2434; x_wconf 74' lang='lat' dir='ltr'><strong>eﬂ‘ormant,</strong></span> <span class='ocrx_word' id='word_1_657' title='bbox 1376 2401 1475 2428; x_wconf 85' lang='lat' dir='ltr'><strong>nullam</strong></span> <span class='ocrx_word' id='word_1_658' title='bbox 1492 2402 1619 2429; x_wconf 88' lang='lat' dir='ltr'><strong>virtutem</strong></span> <span class='ocrx_word' id='word_1_659' title='bbox 1633 2410 1730 2433; x_wconf 83' lang='lat' dir='ltr'><strong>earum</strong></span> 
     </span>
    </p>
   </div>
   <div class='ocr_carea' id='block_1_101' title="bbox 939 2445 1730 2483">
    <p class='ocr_par' dir='ltr' id='par_1_101' title="bbox 939 2445 1730 2483">
     <span class='ocr_line' id='line_1_101' title="bbox 939 2445 1730 2483; baseline 0.005 -12"><span class='ocrx_word' id='word_1_660' title='bbox 939 2453 999 2479; x_wconf 77' lang='lat' dir='ltr'><strong>qua:</strong></span> <span class='ocrx_word' id='word_1_661' title='bbox 1014 2446 1047 2472; x_wconf 92' lang='lat' dir='ltr'><strong>iis</strong></span> <span class='ocrx_word' id='word_1_662' title='bbox 1061 2445 1151 2474; x_wconf 82' lang='lat' dir='ltr'><strong>insunt</strong></span> <span class='ocrx_word' id='word_1_663' title='bbox 1163 2451 1256 2481; x_wconf 81' lang='lat' dir='ltr'><strong>agunt,</strong></span> <span class='ocrx_word' id='word_1_664' title='bbox 1270 2451 1298 2474; x_wconf 92' lang='lat' dir='ltr'><strong>ut</strong></span> <span class='ocrx_word' id='word_1_665' title='bbox 1311 2447 1345 2474; x_wconf 89' lang='lat' dir='ltr'><strong>ab</strong></span> <span class='ocrx_word' id='word_1_666' title='bbox 1359 2447 1526 2480; x_wconf 87' lang='lat' dir='ltr'><strong>hominibus,</strong></span> <span class='ocrx_word' id='word_1_667' title='bbox 1541 2448 1580 2475; x_wconf 91' lang='lat' dir='ltr'><strong>uti</strong></span> <span class='ocrx_word' id='word_1_668' title='bbox 1596 2449 1730 2483; x_wconf 82' lang='lat' dir='ltr'><strong>scriptum</strong></span> 
     </span>
    </p>
   </div>
   <div class='ocr_carea' id='block_1_102' title="bbox 937 2490 1721 2528">
    <p class='ocr_par' dir='ltr' id='par_1_102' title="bbox 937 2490 1721 2528">
     <span class='ocr_line' id='line_1_102' title="bbox 937 2490 1721 2528; baseline 0.005 -12"><span class='ocrx_word' id='word_1_669' title='bbox 937 2495 996 2522; x_wconf 88' lang='lat' dir='ltr'><strong>est,</strong></span> <span class='ocrx_word' id='word_1_670' title='bbox 1022 2490 1178 2524; x_wconf 86' lang='lat' dir='ltr'><strong>videantur;</strong></span> <span class='ocrx_word' id='word_1_671' title='bbox 1202 2491 1248 2518; x_wconf 92' lang='lat' dir='ltr'><strong>sed</strong></span> <span class='ocrx_word' id='word_1_672' title='bbox 1278 2496 1372 2519; x_wconf 86' lang='lat' dir='ltr'><strong>sancte</strong></span> <span class='ocrx_word' id='word_1_673' title='bbox 1398 2492 1424 2519; x_wconf 88' lang='lat' dir='ltr'><strong>in</strong></span> <span class='ocrx_word' id='word_1_674' title='bbox 1453 2498 1590 2528; x_wconf 78' lang='lat' dir='ltr'><strong>unguento</strong></span> <span class='ocrx_word' id='word_1_675' title='bbox 1616 2494 1721 2524; x_wconf 83' lang='lat' dir='ltr'><strong>divino.</strong></span> 
     </span>
    </p>
   </div>
   <div class='ocr_carea' id='block_1_103' title="bbox 938 2537 1728 2574">
    <p class='ocr_par' dir='ltr' id='par_1_103' title="bbox 938 2537 1728 2574">
     <span class='ocr_line' id='line_1_103' title="bbox 938 2537 1728 2574; baseline 0.006 -11"><span class='ocrx_word' id='word_1_676' title='bbox 938 2537 1012 2564; x_wconf 90' lang='lat' dir='ltr'><strong>velut</strong></span> <span class='ocrx_word' id='word_1_677' title='bbox 1038 2537 1065 2564; x_wconf 92' lang='lat' dir='ltr'><strong>in</strong></span> <span class='ocrx_word' id='word_1_678' title='bbox 1091 2537 1222 2572; x_wconf 75' lang='lat' dir='ltr'><strong>imagine,</strong></span> <span class='ocrx_word' id='word_1_679' title='bbox 1249 2539 1435 2566; x_wconf 82' lang='lat' dir='ltr'><strong>sacratissima</strong></span> <span class='ocrx_word' id='word_1_680' title='bbox 1463 2546 1576 2574; x_wconf 65' lang='lat' dir='ltr'><strong>qumque</strong></span> <span class='ocrx_word' id='word_1_681' title='bbox 1599 2540 1728 2572; x_wconf 79' lang='lat' dir='ltr'><strong>Ecclesia:</strong></span> 
     </span>
    </p>
   </div>
   <div class='ocr_carea' id='block_1_104' title="bbox 938 2584 1731 2622">
    <p class='ocr_par' dir='ltr' id='par_1_104' title="bbox 938 2584 1731 2622">
     <span class='ocr_line' id='line_1_104' title="bbox 938 2584 1731 2622; baseline 0.005 -13"><span class='ocrx_word' id='word_1_682' title='bbox 938 2584 1067 2618; x_wconf 85' lang='lat' dir='ltr'><strong>mysteria</strong></span> <span class='ocrx_word' id='word_1_683' title='bbox 1089 2584 1174 2611; x_wconf 75' lang='lat' dir='ltr'><strong>velata</strong></span> <span class='ocrx_word' id='word_1_684' title='bbox 1191 2585 1428 2620; x_wconf 82' lang='lat' dir='ltr'><strong>contemplantur;</strong></span> <span class='ocrx_word' id='word_1_685' title='bbox 1450 2590 1532 2620; x_wconf 88' lang='lat' dir='ltr'><strong>atque</strong></span> <span class='ocrx_word' id='word_1_686' title='bbox 1558 2586 1626 2614; x_wconf 85' lang='lat' dir='ltr'><strong>adeo</strong></span> <span class='ocrx_word' id='word_1_687' title='bbox 1648 2587 1731 2622; x_wconf 48' lang='lat' dir='ltr'><strong>quid‘</strong></span> 
     </span>
    </p>
   </div>
   <div class='ocr_carea' id='block_1_105' title="bbox 938 2629 1729 2664">
    <p class='ocr_par' dir='ltr' id='par_1_105' title="bbox 938 2629 1729 2664">
     <span class='ocr_line' id='line_1_105' title="bbox 938 2629 1729 2664; baseline 0.004 -8"><span class='ocrx_word' id='word_1_688' title='bbox 938 2630 1002 2663; x_wconf 87' lang='lat' dir='ltr'><strong>quid</strong></span> <span class='ocrx_word' id='word_1_689' title='bbox 1024 2629 1050 2656; x_wconf 92' lang='lat' dir='ltr'><strong>in</strong></span> <span class='ocrx_word' id='word_1_690' title='bbox 1078 2631 1180 2657; x_wconf 92' lang='lat' dir='ltr'><strong>virtute</strong></span> <span class='ocrx_word' id='word_1_691' title='bbox 1201 2638 1311 2658; x_wconf 88' lang='lat' dir='ltr'><strong>sacrum</strong></span> <span class='ocrx_word' id='word_1_692' title='bbox 1335 2639 1367 2658; x_wconf 90' lang='lat' dir='ltr'><strong>ac</strong></span> <span class='ocrx_word' id='word_1_693' title='bbox 1393 2632 1510 2659; x_wconf 79' lang='lat' dir='ltr'><strong>maxime</strong></span> <span class='ocrx_word' id='word_1_694' title='bbox 1533 2632 1665 2660; x_wconf 85' lang='lat' dir='ltr'><strong>deiforme</strong></span> <span class='ocrx_word' id='word_1_695' title='bbox 1685 2638 1729 2664; x_wconf 83' lang='lat' dir='ltr'><strong>est.</strong></span> 
     </span>
    </p>
   </div>
   <div class='ocr_carea' id='block_1_106' title="bbox 939 2676 1728 2714">
    <p class='ocr_par' dir='ltr' id='par_1_106' title="bbox 939 2676 1728 2714">
     <span class='ocr_line' id='line_1_106' title="bbox 939 2676 1728 2714; baseline 0.003 -12"><span class='ocrx_word' id='word_1_696' title='bbox 939 2676 1010 2703; x_wconf 85' lang='lat' dir='ltr'><strong>intra</strong></span> <span class='ocrx_word' id='word_1_697' title='bbox 1030 2681 1148 2704; x_wconf 89' lang='lat' dir='ltr'><strong>mentem</strong></span> <span class='ocrx_word' id='word_1_698' title='bbox 1169 2685 1257 2711; x_wconf 92' lang='lat' dir='ltr'><strong>suam,</strong></span> <span class='ocrx_word' id='word_1_699' title='bbox 1281 2685 1343 2712; x_wconf 61' lang='lat' dir='ltr'><strong>(“ire</strong></span> <span class='ocrx_word' id='word_1_700' title='bbox 1359 2678 1391 2705; x_wconf 89' lang='lat' dir='ltr'><strong>ad</strong></span> <span class='ocrx_word' id='word_1_701' title='bbox 1411 2679 1556 2714; x_wconf 76' lang='lat' dir='ltr'><strong>imaginem</strong></span> <span class='ocrx_word' id='word_1_702' title='bbox 1573 2683 1601 2707; x_wconf 82' lang='lat' dir='ltr'><strong>et</strong></span> <span class='ocrx_word' id='word_1_703' title='bbox 1625 2680 1728 2707; x_wconf 42' lang='lat' dir='ltr'><strong>similia</strong></span> 
     </span>
    </p>
   </div>
   <div class='ocr_carea' id='block_1_107' title="bbox 746 2757 1076 2786">
    <p class='ocr_par' dir='ltr' id='par_1_107' title="bbox 746 2757 1076 2786">
     <span class='ocr_line' id='line_1_107' title="bbox 746 2757 1076 2786; baseline 0.006 -2"><span class='ocrx_word' id='word_1_704' title='bbox 746 2757 863 2785; x_wconf 69' lang='lat' dir='ltr'><strong>VARMS</strong></span> <span class='ocrx_word' id='word_1_705' title='bbox 883 2757 1076 2786; x_wconf 82' lang='lat' dir='ltr'><strong>LECTIONES</strong></span> 
     </span>
    </p>
   </div>
   <div class='ocr_carea' id='block_1_108' title="bbox 131 2826 290 2863">
    <p class='ocr_par' dir='ltr' id='par_1_108' title="bbox 131 2826 290 2863">
     <span class='ocr_line' id='line_1_108' title="bbox 131 2826 290 2863; baseline 0 0"><span class='ocrx_word' id='word_1_706' title='bbox 131 2826 154 2863; x_wconf 73' lang='grc'>’1</span> <span class='ocrx_word' id='word_1_707' title='bbox 169 2835 290 2863; x_wconf 83' lang='grc' dir='ltr'>προηγου</span> 
     </span>
    </p>
   </div>
   <div class='ocr_carea' id='block_1_109' title="bbox 95 2860 364 2890">
    <p class='ocr_par' dir='ltr' id='par_1_109' title="bbox 95 2860 364 2890">
     <span class='ocr_line' id='line_1_109' title="bbox 95 2860 364 2890; baseline 0.007 -2"><span class='ocrx_word' id='word_1_708' title='bbox 95 2860 126 2888; x_wconf 89' lang='lat' dir='ltr'><strong>S.</strong></span> <span class='ocrx_word' id='word_1_709' title='bbox 142 2861 171 2888; x_wconf 87' lang='lat' dir='ltr'><strong>P.</strong></span> <span class='ocrx_word' id='word_1_710' title='bbox 192 2860 219 2888; x_wconf 78' lang='grc' dir='ltr'><strong>Β.</strong></span> <span class='ocrx_word' id='word_1_711' title='bbox 235 2860 303 2890; x_wconf 66' lang='grc' dir='ltr'>’δίηζ</span> <span class='ocrx_word' id='word_1_712' title='bbox 342 2865 364 2879; x_wconf 81' lang='grc'><strong>⁷⁸</strong></span> 
     </span>
    </p>
   </div>
   <div class='ocr_carea' id='block_1_110' title="bbox 94 2897 701 2931">
    <p class='ocr_par' dir='ltr' id='par_1_110' title="bbox 94 2897 701 2931">
     <span class='ocr_line' id='line_1_110' title="bbox 94 2897 701 2931; baseline 0.008 -9"><span class='ocrx_word' id='word_1_713' title='bbox 94 2897 210 2930; x_wconf 35' lang='grc' dir='ltr'>ἰκεϊνονη,</span> <span class='ocrx_word' id='word_1_714' title='bbox 226 2903 253 2924; x_wconf 79' lang='lat' dir='ltr'><strong>et.</strong></span> <span class='ocrx_word' id='word_1_715' title='bbox 269 2906 317 2931; x_wconf 91' lang='lat' dir='ltr'><strong>pro</strong></span> <span class='ocrx_word' id='word_1_716' title='bbox 331 2897 512 2930; x_wconf 81' lang='grc' dir='ltr'>διπλασιάσει,</span> <span class='ocrx_word' id='word_1_717' title='bbox 531 2899 701 2927; x_wconf 85' lang='grc' dir='ltr'>διαπλάσσει.</span> 
     </span>
    </p>
   </div>
   <div class='ocr_carea' id='block_1_111' title="bbox 96 2931 917 2972">
    <p class='ocr_par' dir='ltr' id='par_1_111' title="bbox 96 2931 917 2972">
     <span class='ocr_line' id='line_1_111' title="bbox 96 2931 917 2972; baseline 0.004 -13"><span class='ocrx_word' id='word_1_718' title='bbox 96 2931 118 2947; x_wconf 80' lang='grc'><strong>⁸³</strong></span> <span class='ocrx_word' id='word_1_719' title='bbox 133 2933 352 2967; x_wconf 72' lang='grc' dir='ltr'>θεοειδεστάτων,</span> <span class='ocrx_word' id='word_1_720' title='bbox 368 2935 401 2963; x_wconf 87' lang='grc' dir='ltr'><strong>Μ.</strong></span> <span class='ocrx_word' id='word_1_721' title='bbox 428 2936 464 2972; x_wconf 14' lang='lat' dir='ltr'><strong>is?</strong></span> <span class='ocrx_word' id='word_1_722' title='bbox 478 2934 651 2972; x_wconf 80' lang='grc' dir='ltr'>θεογραφείς,</span> <span class='ocrx_word' id='word_1_723' title='bbox 669 2936 704 2964; x_wconf 84' lang='lat' dir='ltr'><strong>ll].</strong></span> <span class='ocrx_word' id='word_1_724' title='bbox 740 2936 762 2952; x_wconf 81' lang='grc'><strong>⁸³</strong></span> <span class='ocrx_word' id='word_1_725' title='bbox 777 2931 917 2972; x_wconf 74' lang='grc' dir='ltr'>θεωρητοῐ,</span> 
     </span>
    </p>
   </div>
   <div class='ocr_carea' id='block_1_112' title="bbox 296 2828 1381 2863">
    <p class='ocr_par' dir='ltr' id='par_1_112' title="bbox 296 2828 1381 2863">
     <span class='ocr_line' id='line_1_112' title="bbox 296 2828 1381 2863; baseline 0.007 -9"><span class='ocrx_word' id='word_1_726' title='bbox 296 2828 394 2863; x_wconf 86' lang='grc' dir='ltr'>μένων,</span> <span class='ocrx_word' id='word_1_727' title='bbox 409 2828 458 2856; x_wconf 90' lang='lat' dir='ltr'><strong>Cb.</strong></span> <span class='ocrx_word' id='word_1_728' title='bbox 493 2830 514 2845; x_wconf 90' lang='grc'><strong>⁷¹</strong></span> <span class='ocrx_word' id='word_1_729' title='bbox 529 2829 648 2860; x_wconf 77' lang='grc' dir='ltr'>πάντων,</span> <span class='ocrx_word' id='word_1_730' title='bbox 660 2829 728 2857; x_wconf 84' lang='lat' dir='ltr'>$.P.</span> <span class='ocrx_word' id='word_1_731' title='bbox 748 2830 778 2856; x_wconf 91' lang='lat' dir='ltr'>D.</span> <span class='ocrx_word' id='word_1_732' title='bbox 796 2830 846 2857; x_wconf 80' lang='lat' dir='ltr'><strong>Cb.</strong></span> <span class='ocrx_word' id='word_1_733' title='bbox 882 2831 905 2847; x_wconf 87' lang='grc'><strong>⁷³</strong></span> <span class='ocrx_word' id='word_1_734' title='bbox 918 2828 965 2858; x_wconf 81' lang='grc' dir='ltr'>οὖν</span> <span class='ocrx_word' id='word_1_735' title='bbox 979 2839 1032 2858; x_wconf 83' lang='grc' dir='ltr'>ιιοη</span> <span class='ocrx_word' id='word_1_736' title='bbox 1049 2839 1090 2860; x_wconf 88' lang='lat' dir='ltr'><strong>est</strong></span> <span class='ocrx_word' id='word_1_737' title='bbox 1110 2833 1135 2860; x_wconf 89' lang='lat' dir='ltr'><strong>in</strong></span> <span class='ocrx_word' id='word_1_738' title='bbox 1149 2834 1177 2861; x_wconf 92' lang='lat' dir='ltr'>S.</span> <span class='ocrx_word' id='word_1_739' title='bbox 1193 2835 1223 2862; x_wconf 90' lang='lat' dir='ltr'><strong>P.</strong></span> <span class='ocrx_word' id='word_1_740' title='bbox 1240 2835 1270 2861; x_wconf 89' lang='lat' dir='ltr'><strong>D.</strong></span> <span class='ocrx_word' id='word_1_741' title='bbox 1286 2835 1336 2862; x_wconf 87' lang='lat' dir='ltr'><strong>Cb.</strong></span> <span class='ocrx_word' id='word_1_742' title='bbox 1353 2835 1381 2861; x_wconf 78' lang='grc' dir='ltr'>Β.</span> 
     </span>
    </p>
   </div>
   <div class='ocr_carea' id='block_1_113' title="bbox 401 2864 1076 2936">
    <p class='ocr_par' dir='ltr' id='par_1_113' title="bbox 401 2864 1076 2936">
     <span class='ocr_line' id='line_1_113' title="bbox 401 2864 1076 2916; baseline 0.003 -26"><span class='ocrx_word' id='word_1_743' title='bbox 401 2864 472 2896; x_wconf 75' lang='grc' dir='ltr'>ὀνον,</span> <span class='ocrx_word' id='word_1_744' title='bbox 488 2864 522 2891; x_wconf 74' lang='grc' dir='ltr'><strong>Μ.</strong></span> <span class='ocrx_word' id='word_1_745' title='bbox 540 2865 586 2891; x_wconf 77' lang='lat' dir='ltr'><strong>Sc.</strong></span> <span class='ocrx_word' id='word_1_746' title='bbox 625 2865 648 2880; x_wconf 75' lang='grc'><strong>⁷⁸</strong></span> <span class='ocrx_word' id='word_1_747' title='bbox 661 2865 915 2916; x_wconf 62' lang='grc' dir='ltr'>ἀπαραθραύστους.</span> <span class='ocrx_word' id='word_1_748' title='bbox 959 2866 980 2881; x_wconf 89' lang='grc'><strong>⁷⁷</strong></span> <span class='ocrx_word' id='word_1_749' title='bbox 995 2875 1076 2903; x_wconf 80' lang='grc' dir='ltr'>μεμη·</span> 
     </span>
     <span class='ocr_line' id='line_1_114' title="bbox 401 2899 1076 2936; baseline 0.003 -11"><span class='ocrx_word' id='word_1_750' title='bbox 401 2900 512 2936; x_wconf 71' lang='grc' dir='ltr'>ισιάσει,</span> <span class='ocrx_word' id='word_1_751' title='bbox 531 2899 701 2927; x_wconf 85' lang='grc' dir='ltr'>διαπλάσσει.</span> <span class='ocrx_word' id='word_1_752' title='bbox 757 2901 766 2916; x_wconf 79' lang='grc' dir='ltr'><strong>τ</strong></span> <span class='ocrx_word' id='word_1_753' title='bbox 781 2935 785 2936; x_wconf 22' lang='grc' dir='ltr'><em>ν</em></span> <span class='ocrx_word' id='word_1_754' title='bbox 800 2900 830 2926; x_wconf 89' lang='grc' dir='ltr'>τὺ</span> <span class='ocrx_word' id='word_1_755' title='bbox 849 2901 1031 2936; x_wconf 75' lang='grc' dir='ltr'>γραφόμενον,</span> <span class='ocrx_word' id='word_1_756' title='bbox 1047 2903 1076 2930; x_wconf 84' lang='grc'>8,</span> 
     </span>
    </p>
   </div>
   <div class='ocr_carea' id='block_1_114' title="bbox 932 2936 1029 2965">
    <p class='ocr_par' dir='ltr' id='par_1_114' title="bbox 932 2936 1029 2965">
     <span class='ocr_line' id='line_1_115' title="bbox 932 2936 1029 2965; baseline 0.01 -1"><span class='ocrx_word' id='word_1_757' title='bbox 932 2936 966 2964; x_wconf 87' lang='grc' dir='ltr'><strong>Μ.</strong></span> <span class='ocrx_word' id='word_1_758' title='bbox 984 2938 1029 2965; x_wconf 67' lang='lat' dir='ltr'><strong>Sc.</strong></span> 
     </span>
    </p>
   </div>
   <div class='ocr_carea' id='block_1_115' title="bbox 1421 2831 1724 2866">
    <p class='ocr_par' dir='ltr' id='par_1_115' title="bbox 1421 2831 1724 2866">
     <span class='ocr_line' id='line_1_116' title="bbox 1421 2831 1724 2866; baseline -0.01 -6"><span class='ocrx_word' id='word_1_759' title='bbox 1421 2834 1443 2849; x_wconf 70' lang='lat'><strong>7&quot;</strong></span> <span class='ocrx_word' id='word_1_760' title='bbox 1457 2833 1510 2860; x_wconf 84' lang='grc' dir='ltr'>τῶν</span> <span class='ocrx_word' id='word_1_761' title='bbox 1523 2833 1601 2859; x_wconf 77' lang='grc' dir='ltr'>θείων</span> <span class='ocrx_word' id='word_1_762' title='bbox 1611 2831 1724 2866; x_wconf 74' lang='grc' dir='ltr'>ἀνδρῶν,</span> 
     </span>
    </p>
   </div>
   <div class='ocr_carea' id='block_1_116' title="bbox 959 2866 1726 2919">
    <p class='ocr_par' dir='ltr' id='par_1_116' title="bbox 959 2866 1726 2919">
     <span class='ocr_line' id='line_1_117' title="bbox 959 2866 1726 2902; baseline 0 -10"><span class='ocrx_word' id='word_1_763' title='bbox 959 2866 980 2881; x_wconf 90' lang='grc'><strong>⁷⁷</strong></span> <span class='ocrx_word' id='word_1_764' title='bbox 995 2875 1088 2902; x_wconf 73' lang='grc' dir='ltr'>μεμτγ</span> <span class='ocrx_word' id='word_1_765' title='bbox 1113 2869 1180 2896; x_wconf 79' lang='grc' dir='ltr'>ἑνον.</span> <span class='ocrx_word' id='word_1_766' title='bbox 1222 2871 1244 2886; x_wconf 74' lang='grc'><strong>⁷³</strong></span> <span class='ocrx_word' id='word_1_767' title='bbox 1257 2871 1310 2901; x_wconf 83' lang='grc' dir='ltr'>ἀεί,</span> <span class='ocrx_word' id='word_1_768' title='bbox 1325 2870 1359 2896; x_wconf 76' lang='grc' dir='ltr'><strong>Μ.</strong></span> <span class='ocrx_word' id='word_1_769' title='bbox 1376 2870 1420 2897; x_wconf 73' lang='lat' dir='ltr'><strong>Sc.</strong></span> <span class='ocrx_word' id='word_1_770' title='bbox 1443 2874 1470 2894; x_wconf 72' lang='lat' dir='ltr'><strong>et</strong></span> <span class='ocrx_word' id='word_1_771' title='bbox 1491 2876 1562 2896; x_wconf 75' lang='lat' dir='ltr'><strong>mox,</strong></span> <span class='ocrx_word' id='word_1_772' title='bbox 1575 2867 1631 2894; x_wconf 74' lang='grc' dir='ltr'>ἀλλ’</span> <span class='ocrx_word' id='word_1_773' title='bbox 1645 2866 1726 2893; x_wconf 80' lang='grc' dir='ltr'>αὑτὸν</span> 
     </span>
     <span class='ocr_line' id='line_1_118' title="bbox 962 2878 1714 2919; baseline 0 0"><span class='ocrx_word' id='word_1_774' title='bbox 962 2910 1020 2919; x_wconf 70' lang='grc' dir='ltr'><strong>ευηυ</strong></span> <span class='ocrx_word' id='word_1_775' title='bbox 1048 2890 1068 2919; x_wconf 69' lang='lat' dir='ltr'><strong>Q‘</strong></span> <span class='ocrx_word' id='word_1_776' title='bbox 1091 2878 1154 2919; x_wconf 39' lang='lat' dir='ltr'><strong>ita</strong></span> <span class='ocrx_word' id='word_1_777' title='bbox 1172 2903 1199 2919; x_wconf 68' lang='lat' dir='ltr'><strong>in</strong></span> <span class='ocrx_word' id='word_1_778' title='bbox 1275 2905 1318 2919; x_wconf 67' lang='grc' dir='ltr'><strong>..-ι</strong></span> <span class='ocrx_word' id='word_1_779' title='bbox 1334 2912 1376 2919; x_wconf 74' lang='grc' dir='ltr'><strong>η...</strong></span> <span class='ocrx_word' id='word_1_780' title='bbox 1406 2905 1427 2919; x_wconf 80' lang='grc' dir='ltr'>ιι</span> <span class='ocrx_word' id='word_1_781' title='bbox 1462 2904 1479 2919; x_wconf 82' lang='lat' dir='ltr'><strong>u</strong></span> <span class='ocrx_word' id='word_1_782' title='bbox 1506 2904 1525 2919; x_wconf 61' lang='grc' dir='ltr'>ς</span> <span class='ocrx_word' id='word_1_783' title='bbox 1552 2905 1570 2919; x_wconf 82' lang='lat' dir='ltr'><strong>n</strong></span> <span class='ocrx_word' id='word_1_784' title='bbox 1597 2904 1630 2919; x_wconf 58' lang='grc' dir='ltr'>ειν</span> <span class='ocrx_word' id='word_1_785' title='bbox 1661 2901 1714 2919; x_wconf 59' lang='lat'><strong>9...;-</strong></span> 
     </span>
    </p>
   </div>
   <div class='ocr_carea' id='block_1_117' title="bbox 1104 2902 1724 2932">
    <p class='ocr_par' dir='ltr' id='par_1_117' title="bbox 1104 2902 1724 2932">
     <span class='ocr_line' id='line_1_119' title="bbox 1104 2902 1724 2932; baseline -0.002 -3"><span class='ocrx_word' id='word_1_786' title='bbox 1104 2905 1113 2919; x_wconf 91' lang='grc'><em>⁰</em></span> <span class='ocrx_word' id='word_1_787' title='bbox 1125 2903 1155 2930; x_wconf 84' lang='grc' dir='ltr'><strong>τὸ</strong></span> <span class='ocrx_word' id='word_1_788' title='bbox 1172 2903 1259 2930; x_wconf 77' lang='grc' dir='ltr'><strong>ἁλ.....</strong></span> <span class='ocrx_word' id='word_1_789' title='bbox 1275 2905 1321 2930; x_wconf 74' lang='grc' dir='ltr'><strong>καὶ</strong></span> <span class='ocrx_word' id='word_1_790' title='bbox 1333 2912 1387 2931; x_wconf 88' lang='lat' dir='ltr'><strong>om.</strong></span> <span class='ocrx_word' id='word_1_791' title='bbox 1405 2905 1440 2932; x_wconf 80' lang='grc' dir='ltr'><strong>Μ.</strong></span> <span class='ocrx_word' id='word_1_792' title='bbox 1461 2904 1489 2931; x_wconf 84' lang='grc' dir='ltr'><strong>Β.</strong></span> <span class='ocrx_word' id='word_1_793' title='bbox 1506 2904 1534 2930; x_wconf 84' lang='lat' dir='ltr'><strong>S.</strong></span> <span class='ocrx_word' id='word_1_794' title='bbox 1551 2905 1580 2930; x_wconf 82' lang='grc' dir='ltr'><strong>υ.</strong></span> <span class='ocrx_word' id='word_1_795' title='bbox 1597 2904 1641 2930; x_wconf 77' lang='lat' dir='ltr'><strong>Sc.</strong></span> <span class='ocrx_word' id='word_1_796' title='bbox 1661 2902 1724 2929; x_wconf 67' lang='grc' dir='ltr'>δην.</span> 
     </span>
    </p>
   </div>
  </div>
