1931 3073
201 168 254 197 £73

768 165 797 194 8.
817 165 966 194 DlONYSll
984 165 1215 197 AREOPAGITE

1775 167 1830 196 HG

201 227 322 255 tudinem
341 226 387 255 Dei
404 227 475 255 facta
490 231 542 260 est,
566 227 757 259 recendentes,
780 228 814 255 ad
830 227 985 263 primzevam

1038 227 1095 254 ἀλλ’
1121 227 1175 255 οὐδ’
1210 227 1286 254 αὐτοὶ
1319 227 1387 264 πρὸς
1423 227 1473 262 τὴν
1506 226 1616 254 ἐκείνων
1647 226 1824 255 καθέλκονται

201 274 336 301 duntaxat
351 274 469 309 speciem
495 278 577 308 atque
601 273 809 309 intelligentiam
827 274 983 307 intuentur;

202 330 289 357 neque
302 322 373 349 enim
389 322 474 350 solum
496 321 636 350 dissimilia
656 330 707 350 non
722 322 824 354 vident,
839 323 884 350 sed
902 331 936 350 ne
951 322 989 350 ad

201 375 294 395 eorum
307 368 413 402 quidem
428 373 565 402 aspectum
581 359 780 402 pertrahuntur.
794 368 984 401 Quamobrem,

203 414 273 441 sicut
288 421 335 441 eos
352 414 439 446 decet,
453 422 505 441 non
521 415 554 441 ea
579 421 639 448 ηυδε
664 419 764 441 temere
787 414 923 446 videntur,
939 414 985 441 sed

202 467 262 494 qua:
280 467 343 487 vere
360 460 432 493 justa
452 464 513 486 sunt
530 467 561 486 ac
577 459 645 486 bona
661 459 788 493 diligunt;
806 467 892 494 neque
906 460 985 486 istam

203 509 325 538 spectant
340 504 470 538 gloriam,
493 512 553 539 quas
576 504 635 531 sine
659 505 762 532 ratione
787 505 867 539 vulgo
886 504 986 539 passim

203 551 280 577 beata
299 550 470 585 prmdicatnr,
492 551 539 578 sed
559 550 711 578 imitatione
736 551 782 578 Dei
808 551 905 578 bonum
929 559 987 578 ma-

203 593 293 622 Inmve
308 603 355 630 per
368 603 396 622 se
413 595 576 629 judicantes.
599 595 688 621 divina
702 596 824 629 quaedam
842 595 987 622 simulacra

204 639 356 669 lluntistius
364 642 518 676 fragrantia:
527 641 636 673 divinae,
646 641 727 675 217
740 649 798 675 qua:
809 648 873 668 vere
885 641 985 668 bonum

1036 273 1111 301 θέαν.
1125 273 1205 300 Ὅθεν
1221 274 1326 305 ἑαυτοῖς
1348 272 1509 305 ἀκολούθως,
1524 273 1583 300 οὐδὲ
1601 273 1655 300 τῶν
1672 273 1824 300 δοκούντων

1035 321 1097 356 εἰκῆ
1109 319 1198 348 καλῶν
1205 321 1251 347 καὶ
1260 320 1381 352 δικαίων,
1391 319 1458 346 ἀλλὰ
1464 320 1518 346 τῶν
1529 320 1611 352 ὅντως
1619 319 1702 346 ὄντων
1714 321 1828 356 ἐρῶσινι

1035 366 1096 393 οὐδὲ
1113 365 1181 401 πρὸς
1197 365 1274 398 δόξαν
1287 365 1369 401 ὁρῶσι
1382 366 1432 401 τὴν
1444 365 1495 392 ὑπὸ
1508 365 1625 400 πλήθους
1646 364 1750 400 ἀλόγως
1772 375 1825 401 μα-

1037 411 1229 448 καριζομένην,
1244 411 1312 438 ἀλλά
1322 412 1353 438 τὸ
1366 411 1446 438 καλὸν
1459 411 1475 446 ἢ
1492 412 1582 447 χεῖρον
1601 412 1643 445 ἐφ’
1656 411 1751 438 ἑαυτοῦ
1765 412 1825 438 θεο-

1039 459 1164 494 μιμήτως
1187 458 1343 494 κρίναντες,
1367 457 1510 492 ἀγάλματα
1528 457 1588 483 θεῖα
1610 457 1658 492 τῆς
1674 457 1825 494 θεαρχικωο

1037 504 1121 539 τάτης
1140 504 1209 530 εἰσιν
1225 503 1347 534 εὐωδίας,
1370 503 1430 538 ἥτις
1453 504 1495 537 ἐφ’
1509 502 1608 538 έαυτῆς
1629 502 1659 530 τὸ
1680 503 1786 539 ἀληθῶς
1799 503 1831 522 ⁸⁸.

1038 549 1135 581 εὑῶδες
1149 549 1246 584 ἔχουσα
1259 549 1326 584 πρὸς
1344 549 1374 575 τὸ
1385 550 1440 580 τοῖς
1457 548 1562 580 πολλοῖς
1583 549 1715 584 ἀνομοίως
1728 549 1824 576 δοκοῦν

1037 595 1087 622 οὐκ
1103 595 1305 631 ἐπιστρέφεται,
1317 596 1377 627 ταῖς
1389 595 1513 630 ἀληθέσιν
1532 596 1615 630 αὐτῆς
1628 596 1728 622 εἰκόσιν
1747 596 1826 622 ὲντυη

1040 640 1128 670 ποῦσα
1137 641 1168 667 τὸ
1179 640 1366 677 ἀνυπόκριτον.

205 688 230 715 in
247 696 276 715 se
291 690 401 716 odorem
416 689 571 721 continens,
586 689 618 716 ad
640 689 714 718 illud.
740 690 811 723 quod
829 688 908 724 vulgo
924 689 1026 723 passim
1046 689 1216 724 inaequaliter
1229 693 1353 725 apparet,
1365 682 1502 724 nunquam
1515 688 1692 720 convertitur,
1711 689 1737 716 in
1752 689 1832 720 veris,

203 735 262 762 suis
280 734 442 770 imaginibus
465 736 619 770 exprimens
645 737 796 765 veritatem.

989 817 1060 855 su.

239 897 295 932 Age
315 898 371 933 jam
396 897 546 934 deinceps,
569 899 697 933 quoniam
717 898 878 926 exteriorem
910 899 978 926 ritus

1074 900 1142 935 Φέρε
1173 899 1204 936 δὴ
1235 886 1459 936 λοιπὺνξὲπειδὴ
1484 900 1533 936 τὴν
1557 900 1633 932 ὲκτδς
1658 900 1834 935 εὐπρέπειαν-

203 950 268 970 vere
290 944 396 978 pulchri
422 947 591 971 venustatem
621 944 791 977 aspeximus,
822 944 984 971 diviniorem

202 989 260 1023 ejus
285 989 513 1024 pulchritudinem
539 990 711 1022 intueamur,
735 997 849 1024 eamque
873 989 987 1017 sublatis

202 1035 389 1064 velam'inibus
399 1043 449 1071 per
466 1044 495 1064 se
516 1036 740 1070 contemplemur,
760 1035 833 1063 clare
853 1043 930 1063 suum
943 1036 985 1071 ju-

202 1082 252 1111 bar
266 1082 328 1109 illud
345 1082 451 1110 beatum
465 1082 646 1114 cvibrantem,
663 1089 765 1116 nosque
779 1082 835 1114 illa,
848 1089 908 1116 qua:
921 1082 987 1109 viris

202 1128 369 1163 spiritalibus
390 1128 532 1163 explorata
567 1134 628 1161 est,
652 1129 744 1155 odoris
767 1127 918 1162 fragrantia
944 1135 987 1154 re-

201 1174 332 1210 plentem.
356 1174 449 1209 Neque
465 1175 536 1201 enim
555 1173 730 1208 aspectabilis
748 1174 877 1209 unguenti
895 1173 987 1200 confe-

201 1217 257 1244 clio
274 1217 307 1244 iis
321 1218 366 1251 qui
383 1218 502 1252 pontiﬁci
520 1222 619 1251 praesto
639 1222 702 1244 sunt
721 1217 988 1245 incommunicabilis

201 1268 249 1290 aut
263 1263 462 1298 inaspectabilis
486 1264 611 1296 exsistit,
629 1264 676 1290 sed
691 1271 707 1290 e
731 1263 849 1296 diverso,
869 1264 932 1290 dum
949 1263 982 1290 ad

201 1308 276 1342 ipsos
300 1315 385 1342 usiue
408 1308 558 1344 pertendit,
585 1316 619 1335 ac
645 1309 719 1336 sistit
744 1316 804 1336 eam
830 1317 890 1344 qua:
915 1309 986 1344 vulgi

202 1360 314 1388 captum
334 1359 444 1389 superat
462 1355 734 1389 contemplationem,
749 1355 782 1382 ab
797 1355 892 1382 iisdem
906 1363 985 1383 reve-

201 1401 295 1423 renter
309 1397 492 1432 obtegitur,et
508 1405 523 1424 a
544 1398 620 1424 turba
637 1398 778 1433 pontiﬁcio
789 1398 852 1433 jure
867 1399 988 1426 secerni-

202 1445 259 1468 tur.
286 1441 424 1476 Siquidem
448 1442 492 1470 ille
515 1444 608 1471 radius
630 1451 719 1471 rerum
739 1445 987 1473 sacratissimarum

201 1488 265 1515 dum
292 1489 358 1516 viris
377 1489 495 1521 divinis,
520 1494 648 1524 tanquam
673 1490 896 1526 iutelligentibus,
921 1499 986 1526 pure

202 1539 284 1568 atque
303 1535 459 1562 immediate
473 1535 600 1568 collucet,
618 1541 646 1563 et
661 1542 808 1572 conceptus
823 1545 915 1565 eorum
931 1539 985 1573 spi-

1038 945 1209 981 ἐθεασάμεθα
1224 945 1273 980 τῆς
1289 945 1352 981 ὅλης
1373 946 1456 982 καλῆς
1475 946 1637 982 ἱερουργίας,
1655 946 1694 977 είς
1706 946 1736 972 τὸ
1751 945 1823 972 Bani-

1036 999 1114 1027 τερον
1136 991 1219 1026 αὐτῆς
1240 991 1437 1026 ἀποϐλέψωμεν
1463 991 1570 1022 κάλλος,
1590 990 1673 1026 αὐτὴν
1693 991 1735 1024 ἐφ’
1759 991 1824 1016 ἑαυ-

1036 1037 1086 1072 τῆς
1109 1036 1355 1072 ἀποκαλυψαμένην
1375 1036 1409 1062 τὰ
1430 1037 1674 1072 παραπετάσματα,
1692 1035 1824 1071 θεώμενοι

1036 1084 1085 1119 τὴν
1107 1084 1242 1119 μακαρίαν
1261 1082 1473 1113 ἀποστίλϐουσαν
1492 1082 1620 1118 ἐμφανῶς
1644 1082 1750 1118 αἴγλην,
1776 1082 1832 1112 καὶ,

1038 1129 1087 1164 τῆς
1103 1129 1324 1165 ἀπερικαλύπτου
1340 1131 1397 1161 τοῖς
1409 1130 1512 1165 νοεροῖς
1525 1123 1734 1164 ἀποπληροῦῶν
1749 1128 1823 1163 ἡμᾶς

1037 1174 1158 1205 εὐωδίας.
1176 1173 1242 1201 Οὐδὲ
1258 1173 1312 1210 γὰρ
1330 1175 1347 1210 ἠ
1364 1173 1513 1209 φαινομένη
1528 1172 1575 1200 τοῦ
1590 1172 1674 1208 μύρου
1683 1172 1824 1207 τελετουρ-

1037 1220 1115 1253 γία⁸⁵
1131 1221 1187 1251 τοῖς
1208 1220 1270 1255 περὶ
1285 1220 1330 1246 τὸν
1352 1219 1481 1255 ίεράρχην
1503 1219 1576 1245 ἐστὶν
1604 1217 1785 1253 ἀκοινώνητος
1804 1216 1821 1252 ἢ

1037 1265 1158 1298 ἀθέατος,
1174 1265 1242 1292 ἀλλὰ
1256 1265 1408 1292 τούναντίον
1424 1265 1502 1303 ἄχρις
1518 1264 1606 1292 αὐτῶν
1621 1264 1759 1300 διήκουσα,
1776 1262 1825 1289 καὶ

1039 1310 1139 1337 ίστῶσα
1155 1311 1203 1346 τὴν
1221 1311 1291 1346 ὑπὲρ
1309 1311 1372 1342 τοὺς
1391 1310 1502 1342 πολλοὺς
1525 1309 1654 1344 θεωρίαν,
1673 1309 1717 1335 ὑπ’
1734 1308 1823 1335 αὐτῶν

1036 1356 1116 1391 ἱερῶς
1128 1355 1367 1391 περικαλύπτεται,
1380 1356 1486 1391 καὶτῆς
1499 1355 1616 1391 πληθύος
1624 1355 1647 1370 ⁸⁸
1659 1354 1822 1390 ίεραρχικῶς

1037 1402 1281 1429 ἀποδιαστέλλεται.
1305 1402 1368 1434 Τοῖς
1387 1402 1442 1437 γάρ
1462 1401 1563 1433 ἐνθέοις
1583 1400 1710 1436 ἀνδράσιν
1732 1401 1748 1435 ἡ
1767 1400 1823 1426 τῶν

1037 1449 1173 1484 πανιέρων
1190 1449 1279 1480 ἀκτὶς,
1297 1448 1334 1479 ὡς
1351 1447 1494 1482 συγγενέσι
1513 1446 1560 1473 τοῦ
1577 1445 1672 1482 νοητοῦ
1682 1445 1715 1477 ⁸⁷,
1736 1444 1822 1471 καθα-

1038 1494 1093 1530 ρῶς
1108 1494 1154 1521 καὶ
1175 1493 1284 1529 ἀμέσως
1297 1493 1478 1528 ὲλλάμπουσα,
1493 1492 1538 1519 καὶ
1556 1492 1607 1523 τὰς
1622 1490 1717 1527 νοεράς
1733 1490 1824 1516 αὐτῶν

1038 1541 1191 1577 ἀντιλήψεις
1219 1539 1447 1576 ἀπερικαλύπτως
1477 1537 1677 1570 εὑωδιάξουσα,
1700 1537 1769 1572 πρὸς
1792 1537 1823 1563 τὸ

201 1580 294 1608 ritales
314 1581 385 1608 bono
399 1581 485 1615 palam
510 1582 607 1609 imbuit
618 1583 712 1615 odore,
727 1583 760 1609 ad
775 1583 802 1610 id
816 1584 888 1618 quod
906 1584 979 1611 humi

1036 1586 1175 1622 ὄφειμὲνον
1187 1585 1278 1613 οὐκέτι
1288 1584 1387 1619 ὁμοίως
1397 1584 1420 1600 ⁵⁸
1433 1583 1553 1619 πρόεισιν
1564 1602 1572 1614 ,
1585 1582 1642 1609 ἀλλ’
1659 1583 1705 1609 ὑπ’
1721 1583 1821 1614 αὐτῶν,

199 1627 286 1660 serpit
312 1634 479 1662 nequaquam
502 1627 628 1656 similiter
643 1629 779 1662 procedit,
793 1631 841 1657 sed
859 1630 893 1657 ab
905 1630 982 1664 ipsis,

1037 1633 1074 1664 ὡς
1086 1631 1208 1667 κρυφίων
1222 1631 1270 1657 τοῦ
1285 1629 1380 1665 νοητοῦ
1398 1628 1519 1665 θεωρῶν,
1535 1628 1766 1664 ἀνεκπομπεὺτως
1782 1629 1824 1660 εἰς

200 1676 295 1706 utpote
321 1672 429 1699 arcanis
459 1672 591 1707 spiritalis
620 1673 660 1700 rei
683 1674 900 1708 spectatoribus,
926 1675 985 1702 sine

1036 1678 1067 1704 τὺ
1078 1679 1134 1709 τοῖς
1145 1676 1279 1711 ἀνομοίοις
1295 1676 1437 1711 ἄχραντον,
1451 1675 1503 1701 ὑπὸ
1519 1675 1666 1710 πτερωτοῖς
1682 1674 1823 1710 αἰνίγμασι

201 1717 366 1749 ostensione,
391 1725 426 1744 ne
445 1725 460 1744 a
480 1717 660 1746 dissimilibus
680 1719 835 1754 quibusque
857 1720 984 1753 violetur,

1039 1722 1265 1757 συγκαλύπτεται·
1278 1721 1312 1747 δι’
1328 1718 1364 1748 ὦν
1379 1721 1459 1756 ἱερῶν
1467 1720 1634 1755 αἰνιγμάτων
1650 1720 1678 1746 αἱ
1691 1719 1745 1746 τῶν
1759 1720 1822 1746 ὑπο-

201 1762 326 1796 pennatis
350 1761 498 1789 involucris
517 1763 670 1796 obducitur,
695 1764 804 1799 quibus,
829 1772 879 1793 ceu
900 1766 985 1793 sacris

1038 1768 1192 1804 ᾶεὸηκότων
1209 1766 1336 1802 εὔκοσμοι
1352 1766 1442 1799 τάξεις
1458 1767 1601 1801 ἀνάγονται
1618 1766 1685 1801 πρὸς
1699 1766 1749 1802 τὴν
1762 1766 1832 1792 me"

203 1806 300 1841 signis,
317 1808 438 1842 praeclari
454 1808 565 1835 ordines
579 1809 751 1837 subditorum
767 1818 816 1846 pro
833 1811 985 1846 capacitate

1039 1813 1123 1846 αὑτὰς
1141 1814 1162 1842 is
1167 1813 1215 1848 ράν
1230 1811 1382 1846 ἀναλογίαν.

201 1859 251 1880 sua
267 1853 300 1880 ad
317 1860 361 1881 res
374 1861 466 1881 sacras
481 1860 688 1888 promoventur.

979 1929 994 1966 ε
1016 1928 1071 1959 nt.

236 1994 284 2021 Est
303 1995 394 2030 igitur,
418 2001 447 2024 ut
473 1996 538 2028 dixi.
561 2003 767 2027 sacrosanctum
793 2001 856 2034 hoc,
879 2001 950 2036 quod
966 2009 982 2030 a

1072 2003 1149 2029 Ἐστι
1167 2002 1199 2037 δὴ
1214 1998 1270 2034 οὖν,
1297 2002 1365 2036 ὅπερ
1381 2000 1481 2036 Ec:an
1505 1999 1552 2026 νῦν
1576 1996 1731 2033 ὑμνουμένη
1757 1995 1831 2031 παρ’·

201 2043 280 2070 nobis
295 2045 374 2070 modo
388 2043 513 2072 laudatur
526 2047 696 2083 mysterium,
711 2047 770 2082 ejus
783 2049 888 2076 ordinis
904 2054 984 2084 atque

1036 2048 1113 2084 ἡμῶν
1135 2047 1194 2083 ἱερά
1214 2047 1418 2083 τελετουργίιπιἠ
1435 2046 1483 2081 τῆς
1503 2043 1678 2077 τελειωτικῆς
1694 2042 1748 2069 τῶν
1766 2043 1823 2076 ξερ-

201 2088 319 2120 virtutis.
328 2093 357 2116 ut
370 2091 553 2119 hierarchicas
564 2098 734 2120 consummet
748 2094 909 2127 functiones;
919 2104 984 2130 quo-

1036 2092 1156 2128 αρχικῶν
1176 2093 1198 2109 ⁹⁰
1220 2092 1323 2125 τάξεως
1348 2092 1395 2118 καὶ
1410 2091 1567 2126 δυνάμεως·
1593 2089 1633 2115 διὸ
1652 2088 1700 2114 καὶ
1721 2087 1823 2122 ταύτην

200 2136 271 2162 circa
280 2143 386 2170 quoque
394 2137 475 2164 divini
485 2145 664 2173 praacrptores
673 2141 768 2173 nostri,
781 2146 906 2175 tanquam
915 2142 985 2177 ejus-

1036 2140 1062 2166 οί
1085 2139 1151 2165 θεῖοι
1176 2138 1360 2174 καθηγεμόνες
1379 2137 1469 2173 ἡμῶν,
1490 2136 1526 2167 ὡς
1548 2134 1669 2170 ὁμοταγῆ
1688 2133 1736 2160 καὶ
1755 2133 1822 2159 ταὺ-

201 2180 261 2207 deiu
274 2181 376 2209 ordinis
383 2186 410 2209 et
419 2184 585 2217 operationis
594 2192 654 2212 cutn
667 2192 841 2214 sacrosancto
851 2195 984 2223 synaxeos

1036 2185 1149 2220 τουργὸν
1165 2184 1203 2220 τῷ
1218 2185 1267 2220 τῆς
1285 2184 1419 2217 συνάξεως
1434 2182 1498 2218 ἱερῷ
1510 2181 1682 2217 τελεστηρίῳ,
1699 2180 1759 2211 ταῖς
1775 2179 1823 2205 αὺ-

200 2231 383 2260 Iacrameuto,
406 2227 500 2256 iisdem
526 2229 692 2264 imaginibus
715 2236 743 2258 ut
757 2232 913 2266 plurimum,
926 2240 985 2268 my-

1037 2232 1096 2263 ταῖς
1123 2231 1224 2257 εἰκόσιν
1239 2230 1276 2261 ὡς
1292 2229 1327 2256 τὰ
1342 2228 1427 2255 πολλά
1442 2227 1489 2254 καὶ
1511 2227 1653 2262 μυστικαῖς
1672 2224 1822 2259 διακοσμή-

202 2271 332 2305 sticisque
348 2272 568 2303 distinctionibus
582 2283 613 2303 ac
629 2277 716 2304 sacris
730 2278 820 2306 verbis
836 2278 987 2313 descripse-

201 2321 276 2344 runt.
296 2318 382 2352 Atque
396 2320 548 2352 pontiﬁcem
563 2322 672 2356 quidem
690 2323 780 2351 videre
796 2324 877 2351 liceat
891 2325 988 2353 eodem

201 2363 282 2391 modo
294 2371 309 2391 a
322 2364 456 2393 diviniore
470 2366 528 2394 loco
542 2368 634 2396 odoris
650 2369 811 2397 suavitatem
825 2370 859 2397 ad
871 2378 988 2406 sequen-

202 2407 238 2434 tia
254 2407 313 2436 loca
329 2417 406 2437 sacra
421 2410 629 2446 diffundentem,
646 2421 748 2449 suoque
769 2414 802 2441 ad
818 2414 988 2444 enmdemlo—

201 2461 262 2481 cum
282 2456 369 2484 reditu
388 2456 542 2490 docentem,
559 2459 696 2491 quomodo
717 2459 871 2488 divinarum
892 2469 982 2488 rerum

201 2500 385 2535 participatis,
397 2503 460 2530 dum
474 2503 500 2529 in
515 2503 641 2532 omnibus
656 2504 764 2539 quidem
779 2507 865 2533 sacris
876 2514 926 2541 pro
936 2513 983 2533 cu-

199 2545 297 2580 jusque
320 2548 425 2576 tneritis
444 2549 680 2584 communicatur;
707 2551 880 2579 nihilominus
902 2552 928 2579 in
954 2559 984 2580 se

203 2599 290 2627 neque
307 2594 460 2628 imminuta,
477 2604 566 2631 neque
582 2598 642 2625 loco
657 2603 742 2632 mota,
758 2600 784 2626 in
801 2599 885 2628 divini
907 2599 983 2627 fundi

203 2640 380 2675 proprietate,
404 2642 464 2671 sine
489 2643 543 2672 ulla
564 2645 606 2672 sui
624 2645 824 2679 immutatione,
840 2646 984 2674 consistat.

1038 2286 1097 2304 σεσι
1113 2276 1161 2303 καὶ
1173 2275 1332 2311 ἱερολογίαις
1348 2273 1511 2306 διετάξαντο.
1529 2272 1583 2299 Καὶ
1597 2271 1644 2297 τδν
1664 2270 1713 2305 μὲν
1731 2270 1823 2305 ἰεράρ-

1035 2331 1087 2359 χην
1103 2322 1231 2354 ὡσαύτως
1251 2321 1303 2356 δψῃ
1320 2321 1342 2337 ⁸⁸
1363 2321 1412 2356 τὴν
1430 2319 1484 2346 ἀπὸ
1499 2318 1546 2345 τοῦ
1575 2317 1709 2353 θειοτέρου
1737 2316 1821 2343 τόπου

1035 2368 1121 2404 καλὴν
1138 2368 1249 2396 εὐωδίαν
1265 2368 1305 2398 είς
1316 2365 1352 2392 τὰ
1366 2365 1429 2400 ἑξῆς
1450 2363 1511 2400 ίερά
1528 2363 1708 2399 προφέροντα,
1726 2362 1773 2388 καὶ
1787 2362 1820 2397 τῇ

1035 2415 1104 2452 πρὸς
1119 2415 1150 2441 τὸ
1168 2414 1262 2442 ταύτὸν
1281 2411 1408 2440 ἀναλύσει
1424 2412 1592 2442 διδάσκοντα,
1604 2409 1657 2436 τῶν
1678 2408 1756 2435 θείων
1772 2408 1822 2443 τὴν

1038 2461 1180 2497 μετουσίαν
1196 2461 1224 2486 ὲν
1240 2459 1325 2486 ἅπασι
1343 2459 1391 2494 μὲν
1403 2456 1543 2492 γίγνεσθαι
1555 2456 1615 2483 κατ’
1626 2455 1702 2488 ἀξίαν
1715 2455 1770 2485 τοῖς
1784 2454 1822 2480 ίε-

1039 2507 1104 2542 ροῖς,
1123 2504 1255 2540 ἀμείωτον
1273 2503 1301 2530 δὲ
1319 2501 1388 2530 εἶναι
1411 2503 1456 2529 καὶ
1474 2501 1600 2537 ἀκίνητον
1609 2502 1633 2517 ⁹²
1653 2500 1750 2534 πάντη,
1774 2499 1822 2525 καὶ

1023 2551 1103 2587 ,εἴσω
1117 2551 1167 2585 τῆς
1184 2549 1254 2577 κατά
1264 2549 1338 2576 θείαν
1349 2548 1450 2584 ἵδρυσιν
1467 2547 1594 2583 ἰδιότητος
1606 2545 1820 2582 ἀπαραλλάκτως

1038 2598 1192 2632 ἑστηκυῖαν.
1211 2596 1323 2631 Ἐπίσης
1338 2595 1367 2621 δὲ
1380 2595 1458 2622 πάλιν
1471 2594 1499 2621 αἱ
1514 2594 1568 2620 τῶν
1578 2593 1682 2627 Λογιων
1693 2591 1760 2626 ᾠδαὶ
1775 2589 1823 2616 καὶ

1039 2644 1215 2678 ἀναγνώσεις,
1245 2643 1307 2675 τοὺς
1330 2641 1380 2678 μὲν
1406 2641 1564 2673 ἀτελέστους
1580 2641 1603 2657 ’³
1627 2638 1781 2675 μαιεύονται
1797 2636 1823 2653 ⁸⁵

852 2744 968 2772 νΑΒΙΑΞ
986 2744 1184 2772 [ιΕϐΤΙΟΝΕΞ.

246 2808 376 2849 διὰληθές,
392 2809 425 2836 Μ.
526 2813 555 2849 ξ’
568 2802 764 2849 τελεσιουργία,
779 2813 808 2840 Ρ.
825 2814 874 2840 CII.
891 2813 920 2840 Ξ).
960 2813 982 2828 ⁸⁸
996 2813 1041 2849 rei:
1058 2813 1182 2849 πλήθους,
1197 2814 1230 2840 Μ.

1287 2814 1307 2829 ⁸⁷
1323 2814 1351 2841 S.
1370 2814 1398 2841 Ρ.
1419 2813 1448 2840 D.
1464 2813 1513 2840 Cll.
1531 2812 1576 2840 Sc.
1593 2813 1695 2839 addunt
1721 2813 1820 2847 φωτός.

201 2842 224 2884 ξ’
236 2844 285 2884 οῆχ
311 2842 436 2884 ἑτοίμως,
452 2846 485 2884 al.
503 2883 508 2884 γ
524 2842 762 2884 "adesto-pria.-
795 2850 817 2864 9°
841 2849 893 2874 τῶν
906 2848 1062 2884 iant-5x694,
1088 2842 1115 2875 |".
1155 2842 1261 2884 ε¹ν¹νῖ5νέιει,
1275 2850 1304 2877 S.
1329 2849 1366 2882 ὡς
1389 2849 1483 2881 αὐταῖς
1503 2847 1589 2883 ὂψεσι,
1605 2847 1637 2875 Μ.
1655 2849 1698 2875 Sc.
1726 2842 1761 2864 "’
1775 2842 1824 2875 καὶ

201 2878 348 2914 ἀμείωτσν,
361 2878 409 2909 Ch.
462 2882 484 2898 "
497 2878 745 2916 ἀτελεστάτουξιύι

780 2884 802 2900 "'
816 2883 956 2920 μυοῦσθαι,
971 2883 1005 2910 Μ.
1022 2882 1066 2911 Sc.
