1931 3073
101 187 155 215 477

608 186 653 214 DE
668 186 808 216 ECCLES.
822 186 1007 215 HIERARCH.
1017 206 1029 220 ν
1041 187 1118 217 CAP.
1134 187 1176 217 Π.

1672 188 1723 216 478

102 243 172 279 πρὸς
203 242 343 279 ζωηφόρον
370 243 523 276 υἱοθεσίαν,
555 244 722 280 ἐπιστροφὴν
753 244 782 271 δὲ
814 244 888 280 ἰερὰν

941 245 1001 272 Pari
1018 253 1111 273 rursus
1132 246 1211 273 modo
1234 245 1340 273 cantica
1359 242 1561 280 Scripturarum
1582 250 1664 281 atque
1685 247 1724 272 Ie-

103 288 243 315 ποιοῦνται
258 288 312 316 τῶν
331 289 437 323 ἐναγῶς
455 290 667 325 ἐνεργουμένων,
694 289 842 326 ἀφαιροῦσι
861 290 890 316 δὲ

102 335 153 370 τὴν
170 335 295 362 ἐναντίαν
311 334 406 363 πτοίαν
423 335 470 362 κο.)⁸
485 334 605 368 θέλξιν⁵⁸
625 336 657 362 ὲκ
676 335 731 362 τῶν
752 335 891 371 ἀνάνδρως

104 380 321 416 ἐνεργουμένων,
337 381 367 407 τὸ
382 381 434 416 τῆς
451 380 583 413 θεοειδοῦς
598 381 681 414 ἐξεως
693 382 739 408 καὶ
751 381 891 417 δυνάμεως

104 427 253 463 ἀκρότατον
270 427 409 461 ἀναλόγως
431 427 522 459 αὐτοῖς
545 427 753 455 ὑποδεικνῦσαι·
775 427 837 454 καθ’
857 429 890 463 ἢν

103 473 331 509 ἐκδειματώσουσι
353 474 450 509 μᾶλλον
459 474 482 490 ’⁸
500 474 576 501 αὐτοὶ
597 474 648 507 τὰς
669 474 793 507 ἐναντίας
812 475 892 502 δυνά-

106 529 176 556 μεις,
188 521 234 547 καὶ¹
249 521 298 556 τῆς
314 520 418 556 ἐτέρων
433 520 551 556 ἰατρείας
567 521 776 556 προστήσονται,
786 521 816 548 τὸ
833 521 891 548 θεο-

106 567 230 601 μιμήτως
249 566 376 602 ἀκίνητον
399 566 448 601 μέν
467 566 499 591 ἐκ
515 565 569 592 τῶν
586 566 693 592 οἰκείων
709 566 810 598 καλῶν,
822 565 890 602 πρὸς

103 612 132 638 δὲ
148 612 197 643 τὰς
211 612 333 644 ἐναντίας
354 612 448 644 πτοίας
463 612 690 648 δραστήριονόὺκ
712 611 820 647 ἔχοντες
843 611 892 647 μό-

104 666 160 690 νον,
177 650 244 684 ἀλλᾶ
260 658 306 684 καὶ
320 658 484 694 δωρούμενοι
495 667 501 673 ·
520 659 576 690 τοῖς
591 658 619 684 δέ
635 658 676 690 εἰς
692 657 753 684 νοῦν
770 656 842 693 ἱερὸν
858 657 890 684 ἐκ

103 707 159 733 τῶν
179 707 307 743 χειρόνων
329 708 557 744 μεταφοιτήσασιν
573 707 629 741 ἕξιν
651 706 725 743 ἱερὰν
743 707 890 735 ἐντίθενται

103 753 173 788 πρὸς
185 753 224 788 τῷ
233 753 255 769 ⁸⁷
270 753 307 788 μὴ
325 751 402 785 αὖθις
419 753 471 780 ὑπὸ
482 752 580 785 κακίας
587 753 689 780 ἁλῶναι
698 761 706 768 ο
715 752 814 785 τοὺςδὲ
822 753 890 789 πρὸς

101 800 134 829 τὸ
154 797 223 827 εἶναι
245 799 399 834 πανάγνους
421 800 520 833 ἐνδεεῖς
538 799 636 831 τελέως
657 798 869 835 ἀποκαθαίρουσι
881 807 888 815 ·

101 847 167 878 τοὺς
187 847 215 873 δὲ
239 847 329 882 ἱεροὺς
352 847 461 881 ἄγουσιν
479 846 525 872 ἐπὶ
547 845 596 877 τὰς
618 846 692 877 θείας
714 845 821 877 εἰκόνας
843 846 890 872 καὶ

101 892 217 927 ἐποψίας
233 891 322 918 αὐτῶν
335 892 382 923 καὶ
399 893 549 924 κοινωνίας·
567 891 677 918 ἑστιῶσι
695 891 723 918 δὲ
743 891 807 923 τοὺς
819 899 888 918 παν-

103 937 192 973 ιέρους
215 938 248 970 ’⁸,
260 938 287 964 ὲν
302 936 445 973 μακαρίοις
476 938 523 964 κα)⁸
549 938 652 972 νοητοῖς
671 936 802 972 θεάμασιν
821 937 888 963 ἀπο-

101 983 252 1020 πληροῦσαι
267 984 297 1011 τὸ
313 984 426 1016 ένοειδὲς
441 983 530 1011 αὐτῶν
545 984 593 1012 τοῦ
609 984 678 1017 ἐνὸς,
691 983 738 1011 καὶ
753 983 889 1010 ἐνοποιοῦ-

102 1038 157 1057 σαι.

100 1077 252 1105 contuitum
276 1081 357 1113 atque
382 1078 548 1106 consortium
572 1081 746 1112 promovent;
773 1081 888 1112 pascunt

101 1123 227 1152 ritalibus
241 1125 403 1159 spectaculis
417 1131 511 1152 eorum
529 1123 742 1151 uniformitatem
764 1130 820 1152 uno
841 1123 887 1151 illo

135 1265 169 1292 τί
185 1265 232 1298 as;
250 1265 317 1302 οὐχὶ
333 1265 381 1292 καὶ
398 1265 448 1297 τὰς
466 1264 504 1301 μὴ
522 1263 612 1300 πάντη
629 1263 764 1299 καθαρὰς,
781 1260 818 1291 ὧν
835 1263 886 1300 ήδη

101 1312 212 1348 μνήμην
227 1311 424 1348 ἐποιησάμεθα,
441 1311 542 1345 τάξεις,
559 1311 666 1347 ἀμιγῶς
682 1311 803 1344 ἀπολύει,
816 1310 888 1338 κατά

99 1359 146 1385 τὸν
162 1358 242 1384 αὔτὸν
257 1359 306 1394 τῆς
318 1358 453 1391 συνάξεως
468 1358 579 1394 τρόπον⁹
595 1358 612 1393 ή
627 1357 750 1393 παροῦσα
765 1357 812 1385 νῦν
827 1357 888 1394 ἱερὰ

98 1403 275 1439 τελετουργία
287 1403 319 1435 ον,
341 1403 430 1438 μόνοις
451 1404 479 1429 ἐν
503 1402 604 1429 εἰκόσιν
627 1402 752 1439 ὁρωμένη
771 1404 828 1435 τοῖς
851 1403 888 1429 ἰε-

101 1449 158 1483 ροίς
172 1448 216 1480 ιθο,
243 1447 291 1474 καὶ
316 1447 384 1483 πρὸς
411 1447 498 1483 μόνων
526 1447 638 1483 ὰμέσως
665 1447 720 1474 τῶν
750 1447 887 1483 πανιέρων

101 1494 272 1529 ἰεραρχικαῖς
293 1493 449 1528 ἀναγωγαῖς
473 1493 674 1530 ἐποπτευομένη
704 1494 750 1521 καὶ
781 1495 888 1530 ἱερουρ-

99 1540 239 1575 γουμένη;
257 1539 348 1566 Ταῦτα
372 1540 420 1575 μὲν
441 1537 488 1566 οὖν
504 1539 554 1576 ήδη
572 1539 702 1572 πολλάκις
724 1540 789 1576 ἡμῖν
812 1541 888 1577 εἰρη-

101 1586 170 1622 μένα
187 1585 310 1622 περιττόν
323 1586 425 1619 ἐστινί,
439 1586 477 1618 ὡς
493 1584 580 1622 οἴμαι,
597 1587 654 1618 τοῖς
674 1587 767 1619 αὐτοῖς
783 1587 887 1614 ἐπανα-

98 1632 226 1659 κυκλεῖν¹
236 1632 334 1667 λόγοις,
346 1633 393 1659 καὶ
411 1632 448 1668 μὴ
465 1633 533 1669 πρὸς
548 1633 584 1660 τὰ
599 1633 663 1669 ἑξῆς
680 1633 828 1670 μεταϐῆναι
843 1634 889 1661 τὸν

100 1679 230 1714 ἰεράρχην
250 1678 348 1710 ἐνθέως
371 1678 491 1715 ὁρῶντας
514 1679 567 1706 ὑπὸ
592 1679 750 1707 δυοκαίδεκα
775 1679 888 1716 πτέρυξι

98 1723 370 1759 περικεκαλυμμένον
391 1723 488 1759 ἔχοντα
511 1725 542 1752 τὺ
565 1725 636 1752 θεῖον
657 1725 753 1761 μύρον,
773 1726 820 1753 καὶ
839 1727 889 1762 τὴν

97 1771 307 1805 παναγεστάτην
332 1770 376 1796 ἐπ’
404 1770 478 1806 αὐτῷ
511 1771 651 1798 τελείωσιν
685 1772 887 1808 ἱερουργοῦντα.

96 1816 228 1851 Λέγωμεν
252 1815 352 1848 τοίνυν,
375 1816 414 1848 ὡς
437 1817 453 1852 ἡ
475 1816 523 1843 τοῦ
548 1817 633 1852 μύρου
653 1817 777 1849 σύνθεσις
807 1827 888 1845 συνα-

96 1863 174 1898 γωγή
190 1862 232 1894 τίς
247 1863 320 1888 ἐστιν
351 1862 471 1889 εὐπνόων
495 1861 565 1889 ὑλῶν
590 1863 620 1889 ἐν
645 1863 728 1899 ἑαυτῇ
755 1863 899 1894 πλουσίως

97 1907 197 1943 ἔχουσα
213 1908 358 1944 ποιότητας
375 1908 518 1943 εὐόσμους,
535 1904 569 1943 ἧς
584 1909 609 1935 οἰ
628 1908 807 1944 μετασχόντες
818 1908 887 1935 εὐω-

96 1953 243 1986 διάζονται,
261 1954 332 1981 κατὰ
343 1955 391 1990 τὴν
405 1954 548 1988 ἀναλογίαν
558 1953 606 1981 τοῦ
624 1954 708 1981 ποσοῦ
719 1954 768 1989 τῆς
780 1955 889 1988 ἐγγενο-

98 1999 184 2035 μένης
197 2000 288 2031 αὺτοῖς
304 1999 351 2026 τοῦ
368 1999 483 2032 εὐώδους
500 1999 644 2035 μεθέξεως.
662 1999 836 2035 Πεπείσμεθα
858 1999 888 2026 δὲ

96 2043 167 2072 εἶναι
182 2046 229 2073 τὸν
245 2045 462 2081 θεαρχικὼτατον
485 2045 588 2082 Ἰησοῦν
604 2045 773 2082 ὑπερουσίως
789 2045 886 2082 εὐώδη,

96 2092 207 2127 νοηταῖς
234 2091 369 2118 διαδόσεσι
395 2091 426 2118 τὺ
441 2091 534 2127 νοερὸν
561 2091 639 2127 ἡμῶν
673 2090 887 2127 ἀποπληροῦντα

96 2138 173 2170 θείας
188 2138 293 2174 ἡδονῆς.
307 2138 340 2164 Εἰ
350 2138 405 2173 γὰρ
416 2139 433 2174 ἡ
449 2137 503 2165 τῶν
519 2137 656 2174 αἰσθητῶν
672 2138 798 2165 εὐωδῶν³
814 2137 887 2164 ἀντί-

96 2183 188 2219 ληψις,
201 2183 328 2211 εὐπαθεῖν
347 2185 418 2210 ποιεῖ
430 2184 476 2210 καὶ
485 2184 579 2219 τρέφει
597 2184 644 2211 σὺν
659 2184 741 2220 ἡδονῇ
758 2183 841 2219 πολλῇ
857 2183 887 2210 τὸ

96 2230 152 2259 τῶν
169 2230 327 2266 ὀσφραντῶν
339 2230 418 2266 ἡμῶν
429 2230 605 2267 διακριτικὸν,
618 2230 696 2266 εἴπερ
709 2230 825 2262 ἀϐλαϐές
838 2238 867 2256 τε
876 2230 887 2245 ⁵

96 2277 140 2313 εἴη
163 2277 209 2304 καὶ
221 2277 288 2313 πρὸς
305 2277 335 2304 τὸ
356 2277 455 2308 εὑῶδες
471 2278 500 2304 ἐν
527 2276 683 2313 συμμετρίᾳ
702 2275 884 2312 κατάλληλον,

95 2323 235 2358 ἀναλόγως
245 2323 278 2350 ἄν
293 2331 336 2356 τις
352 2323 418 2360 φαίη
430 2323 477 2351 καὶ
489 2323 539 2356 τὰς
553 2322 649 2359 νοερᾶς
665 2324 681 2359 ἡ
686 2323 743 2358 μῶν
756 2322 885 2358 δυνάμεις

96 2368 166 2405 πρὸς
187 2369 236 2404 τὴν
246 2369 292 2396 ἐπὶ
308 2369 339 2395 τὺ
358 2369 448 2405 χεῖρον
465 2369 561 2404 ὕφεσιν
575 2368 812 2405 ἀπαραφθάρτως⁵
828 2368 886 2395 δια-

96 2416 236 2452 κειμένας,
248 2416 277 2445 ἐν
292 2417 326 2452 τῇ
342 2415 389 2443 τοῦ
406 2417 434 2443 ἐν
451 2417 516 2452 ἡμῖν
532 2415 655 2452 κριτικοῦ
675 2416 775 2451 φυσικῇ
793 2414 885 2450 ρώσει,

96 2462 169 2490 κατὰ
183 2462 218 2489 τὰ
233 2462 381 2499 θεουργικὰ
403 2463 490 2499 μέτρα
514 2462 562 2490 καὶ
582 2462 632 2499 τὴν
650 2462 816 2497 κατάλληλον
838 2461 885 2488 τοῦ

95 2507 156 2539 νοὸς
184 2507 253 2544 πρὸς
268 2508 299 2535 τὸ
322 2508 394 2535 θεῖον
416 2507 592 2544 ἐπιστροφὴν,
615 2508 644 2534 ἐν
669 2506 809 2543 ἀντιλήψει
835 2507 886 2542 τῆς

95 2552 244 2590 θεαρχικῆς
267 2554 380 2586 εὐωδίας
404 2554 545 2588 γίνεσθαι,
571 2554 618 2581 καὶ
639 2553 787 2585 εὐπαθείας
810 2554 887 2590 ἱερᾶς

897 2248 924 2278 Ι)

940 290 1048 318 ctiones
1069 291 1183 319 rudibus
1206 291 1296 319 adltuc
1311 291 1409 319 animis
1425 291 1459 318 ad
1474 291 1581 319 vitalem
1601 292 1725 326 adoptio-

941 345 1001 365 nem
1025 338 1253 374 obstetricantur,
1279 342 1306 365 et
1329 346 1424 366 eorum
1444 339 1491 373 qui
1521 346 1536 365 a
1557 339 1725 368 daemonibus
1747 331 1751 334 ’

940 390 1086 418 vexantur,
1098 390 1221 413 sanctatn
1234 391 1395 420 promovent
1406 386 1624 419 conversionem,
1638 395 1723 422 pavo-

941 439 1051 466 remque
1064 432 1230 459 contrarium
1240 436 1268 459 et
1281 426 1435 467 pellicatum
1450 434 1558 462 abolent
1571 442 1665 462 eorum
1677 435 1722 468 qui

941 485 955 505 a
969 478 1089 505 daemone
1104 482 1216 512 propter
1226 477 1360 512 ignaviam
1375 479 1553 513 arripiuntur,
1566 480 1627 506 dlltl)
1642 480 1724 514 218

940 524 1068 551 nimirum
1080 523 1145 556 illis,
1158 523 1191 550 ad
1207 523 1312 551 illorum
1328 527 1436 558 Captum
1447 543 1456 558 ,
1476 529 1563 552 status
1581 525 1721 552 deiformis

940 576 972 596 ac
994 569 1104 595 virtutis
1125 568 1255 596 verticem
1277 573 1446 604 proponunt;
1467 570 1538 598 unde
1561 572 1601 602 iit,
1624 575 1654 598 ut
1672 571 1722 605 ipsi

940 615 1030 650 potius
1043 615 1165 642 adversis
1179 615 1360 650 potestatibus
1373 616 1471 642 terrori
1488 616 1555 650 sint,
1574 621 1657 651 atque
1673 625 1724 644 οω-

941 660 1006 688 teris
1020 668 1126 695 quoque
1143 660 1271 688 curandis
1286 661 1484 695 prmilciantur,
1503 664 1537 689 ad
1552 663 1598 690 Dei
1615 663 1724 697 quidem

940 707 1119 735 imitationem
1146 706 1225 734 bonis
1245 707 1363 742 propriis
1385 707 1510 740 stabiliti,
1526 709 1659 736 adversus
1677 717 1726 736 an-

941 758 994 780 tem
1016 758 1133 780 terrores
1156 753 1312 780 contrarios
1336 761 1389 780 non
1412 758 1515 780 tanturn
1535 753 1724 782 ellicacitatetn

940 799 1102 831 obtinentes,
1125 806 1219 826 verum
1239 799 1320 826 etiam
1344 798 1515 834 largientes:
1538 800 1572 827 iis
1594 807 1659 827 vero
1679 801 1724 835 qui

940 852 972 872 ex
989 844 1177 879 iniquitatibus
1191 844 1224 871 ad
1240 848 1359 871 mentem
1373 849 1496 871 sanctam
1517 845 1665 876 redierunt,
1679 845 1727 871 ha-

939 890 1024 917 bitum
1048 889 1193 924 quemdam
1217 894 1339 916 sanctum
1364 889 1496 922 inferunt,
1523 897 1557 917 ne
1584 890 1725 924 iniquitate

904 926 925 954 Β
940 936 1029 964 denuo
1040 936 1180 971 capiantur
1191 944 1198 968 ;
1210 935 1307 970 quibus
1317 939 1406 962 autem
1424 935 1457 962 ad
1474 936 1659 963 omnimodam
1676 944 1725 971 pu-

941 983 1048 1010 ritatem
1071 982 1215 1017 quidquam
1245 982 1332 1013 deest,
1363 982 1422 1009 illos
1446 981 1567 1017 perfecte
1596 983 1725 1016 expiant;

939 1033 1048 1056 sanctos
1074 1035 1139 1055 vero
1162 1027 1196 1054 ad
1223 1027 1355 1060 imagines
1380 1027 1485 1055 divinas
1509 1032 1538 1055 et
1568 1029 1724 1056 earumdem

906 1076 998 1104 itidem
1013 1082 1060 1102 eos
1079 1074 1124 1110 qui
1136 1074 1192 1109 jam
1209 1073 1288 1108 plane
1317 1074 1403 1102 sancti
1417 1079 1488 1106 sunt.
1503 1074 1599 1102 beatis
1619 1082 1652 1101 ac
1670 1075 1724 1108 spi-

906 1121 1086 1158 adimplentes
1101 1125 1130 1149 et
1145 1119 1313 1148 unilicantes.

913 1191 967 1222 ιν.

974 1264 1044 1297 Quid
1062 1264 1160 1299 porro?
1180 1263 1306 1298 Nunquid
1322 1262 1405 1290 etiam
1429 1269 1546 1297 praesens
1563 1270 1626 1297 quae
1640 1262 1728 1290 modo.

938 1310 1091 1338 celebratur
1105 1311 1277 1338 consecratio
1296 1309 1406 1336 ordines
1423 1308 1483 1336 illos
1503 1309 1548 1343 qui
1569 1316 1622 1336 non
1643 1308 1723 1343 plane

938 1357 1032 1384 mundi
1059 1360 1132 1389 sunt,
1158 1364 1274 1391 quorum
1299 1361 1378 1384 antea
1405 1355 1572 1383 mentionem
1601 1355 1724 1386 fecimus,

938 1403 1132 1437 impromiscue
1147 1401 1271 1434 dimittit,
1284 1409 1316 1429 eo
1327 1400 1406 1430 modo
1421 1408 1474 1436 quo
1490 1401 1520 1428 tit
1535 1401 1560 1427 in
1576 1401 1684 1436 synaxi,
1698 1406 1726 1428 et

937 1448 964 1476 in
980 1449 1065 1476 sacris
1081 1453 1184 1476 tantum
1200 1447 1365 1483 imaginibus
1382 1447 1503 1475 cernitur
1518 1447 1573 1478 ‘°°',
1585 1451 1612 1474 et
1626 1454 1642 1474 a
1659 1448 1727 1475 solis

936 1495 1003 1524 viris
1023 1494 1201 1523 sanctissimis
1218 1495 1245 1522 in
1266 1494 1446 1522 bierarchicis
1467 1493 1606 1528 anagogiis
1623 1493 1725 1521 imme‘

938 1542 1011 1569 diale
1032 1543 1201 1577 conspicitur
1220 1551 1252 1572 ac
1273 1543 1447 1572 celebratur?
1462 1543 1572 1574 Verum,
1588 1543 1646 1569 hate
1659 1549 1722 1570 cum

939 1595 954 1614 a
966 1588 1044 1615 nobis
1058 1595 1244 1623 saepenumero
1259 1589 1329 1617 dicta
1343 1589 1408 1621 sint,
1423 1595 1652 1622 supervacaneuut
1664 1595 1730 1615 esse;

939 1634 1059 1661 arbitror
1078 1635 1175 1662 iisdem
1191 1635 1282 1663 verbis
1299 1640 1438 1670 repetere,
1456 1634 1520 1669 quin
1536 1633 1626 1668 potius
1642 1634 1675 1661 ad
1691 1642 1738 1661 ea,

939 1686 1000 1714 qua
1025 1685 1175 1715 sequuntur
1200 1681 1375 1714 transeundo,
1401 1681 1558 1715 pontificem
1583 1682 1725 1709 videamus

939 1726 990 1754 alis
1011 1726 1153 1755 duodecim
1177 1726 1330 1754 obvelatum
1356 1731 1524 1762 unguentum
1549 1736 1656 1756 sacrum
1682 1733 1723 1754 te-

940 1777 1060 1805 nentem,
1073 1780 1105 1799 ac
1123 1772 1299 1807 purissimum
1315 1774 1341 1801 in
1356 1781 1389 1801 eo
1403 1779 1604 1801 sacramentum
1626 1782 1725 1802 conse-

939 1823 1071 1845 crantem.
1095 1817 1220 1846 Dicamus
1241 1818 1331 1853 igitur,
1348 1820 1476 1855 unguenti
1497 1820 1726 1854 compositionem

939 1863 1124 1891 collectionem
1145 1865 1288 1899 quamdam
1308 1872 1370 1893 esse
1390 1865 1570 1901 fragrantium
1594 1866 1726 1892 materia-

939 1916 1010 1942 rum,
1023 1916 1084 1944 qute
1097 1910 1124 1936 in
1139 1916 1169 1937 se
1185 1909 1287 1937 all‘atim
1301 1911 1489 1938 suaveolentes
1504 1911 1625 1938 continet
1639 1911 1725 1946 quali-

939 1960 1020 1989 tates,
1035 1956 1111 1991 cujus
1130 1956 1176 1991 qui
1196 1957 1343 1991 participes
1361 1958 1509 1988 exsistunt,
1524 1957 1615 1984 odoris
1634 1956 1725 1983 suavi-

939 2007 993 2030 tate
1010 2002 1147 2037 alllantur,
1168 2003 1343 2038 proportione
1362 2003 1511 2038 fragrantis
1532 2011 1592 2037 quae
1611 2003 1665 2030 illis
1684 2004 1725 2029 in-

938 2051 980 2074 est
1007 2047 1232 2082 participationis.
1262 2047 1368 2075 Scimus
1396 2052 1497 2081 autem,
1523 2048 1723 2076 divinissimum

938 2092 1011 2119 illum
1025 2091 1118 2120 Jesum
1134 2093 1434 2128 suprasubstantialiter
1450 2093 1626 2128 fragrantem,
1644 2095 1725 2129 spiri-

939 2138 1038 2165 talibus
1062 2138 1300 2166 distributionibus
1330 2145 1435 2173 partem
1460 2141 1545 2167 nostri
1574 2141 1724 2175 spiritalem

938 2183 1028 2211 divina
1043 2184 1182 2219 voluptate
1201 2191 1336 2212 recreare.
1356 2183 1383 2211 Si
1403 2184 1474 2211 enim
1494 2193 1585 2212 rerum
1604 2187 1724 2214 sensibi-

916 2222 1002 2264 /.lium
1029 2230 1213 2257 suaveolentia
1244 2235 1390 2264 nostrum,
1415 2231 1495 2259 modo
1521 2237 1607 2258 sanus
1630 2235 1658 2258 et
1684 2230 1724 2258 rei

937 2275 1080 2303 odorifera:
1094 2275 1184 2303 debita
1200 2276 1372 2310 proportione
1393 2278 1612 2305 accommodatus
1626 2277 1671 2309 sit.
1684 2277 1725 2306 ot-

937 2321 1039 2349 factum
1061 2321 1130 2350 bene
1150 2321 1243 2356 adicit,
1261 2327 1289 2349 et
1311 2329 1408 2357 magna
1423 2330 1483 2350 cum
1502 2323 1641 2357 voluptate
1661 2323 1723 2357 alit,

937 2368 1033 2396 eadem
1050 2368 1144 2403 utique
1162 2368 1266 2395 ratione
1291 2368 1364 2395 dicat
1385 2368 1495 2403 aliquis,
1521 2369 1656 2403 spiritales
1675 2377 1723 2396 no-

938 2419 1011 2442 stras
1035 2414 1189 2448 facultates,
1215 2414 1239 2442 si
1268 2414 1340 2441 nulla
1367 2415 1393 2441 in
1422 2414 1522 2441 malum
1542 2415 1724 2449 propensionc

938 2464 1072 2496 corrupta:
1092 2459 1205 2493 fuerint,
1226 2460 1343 2487 naturali
1366 2461 1486 2495 quodam
1502 2459 1597 2494 judicii
1616 2461 1722 2496 vigore,

939 2509 1087 2536 secundum
1110 2507 1207 2535 divinae
1229 2506 1395 2541 operationis
1411 2507 1507 2534 modos
1520 2514 1723 2542 congruamque

940 2555 1039 2580 mentis
1055 2553 1090 2581 ad
1105 2553 1190 2581 Deum
1205 2552 1421 2586 conversionem,
1441 2553 1524 2580 divini
1547 2553 1640 2581 odoris
1660 2560 1724 2580 sua-

747 2611 865 2639 VARIE.
885 2605 1088 2638 LECTIONES.

125 2680 275 2717 "qépougt
287 2680 374 2717 δὲτὴν
385 2681 510 2708 ἐναντίαν
522 2681 539 2717 ἣ
551 2680 656 2717 τοιάνδε
668 2678 805 2717 κᾴθελξιν,
877 2679 912 2706 Sc
929 2714 934 2717 _
959 2679 983 2694 ⁹⁶
999 2677 1124 2717 μάλιστα,
1139 2676 1173 2703 Μ.
1202 2676 1306 2717 "ape;
1318 2676 1358 2708 τό,
1373 2675 1620 2717 Sp.nSar.__"_lt_unc
1635 2675 1722 2717 locum

95 2715 133 2742 ita
152 2710 235 2752 habet
248 2716 283 2742 M.
298 2710 407 2752 ἐστίῶσι
419 2717 448 2743 δὲ
456 2710 880 2752 τοὺνςξπανιγέρωςγένγμᾶκαρίοις
894 2710 1057 2752 καί-νοητῶς
1071 2712 1214 2752 magna},
1229 2710 1320 2752 itaque
1329 2713 1410 2752 vertit
1423 2710 1719 2752 5ο..1ἰθβσὶμιῃιαιιιεπι

93 2748 226 2782 quaedam
245 2750 425 2777 sacratissime
451 2751 480 2777 in
499 2751 583 2778 beatis
605 2748 782 2782 invisibiliter,
829 2755 883 2777 etc.

933 2728 941 2740 ι
957 2728 994 2740 νυι
1009 2728 1056 2744 ΒυΙξ
1071 2728 1214 2747 υιαμυουιν,
1229 2728 1320 2745 ΙΙΙΙῚΙΙΟ
1332 2728 1410 2738 νινιιιι
1423 2728 1468 2738 ubi
1487 2728 1618 2746 Ιιῠμνιιιιιι
1629 2728 1718 2737 "Ulli-ll-

931 2750 953 2765 ⁹⁹
967 2728 1166 2784 τελεσιουργία,
1181 2747 1230 2784 Cb.
1258 2747 1305 2784 7’?“
1317 2748 1374 2784 τοῖς
1393 2745 1552 2784 ὁρωμένοις,
1567 2745 1666 2784 ειη-ι).
1687 2744 1720 2770 Μη

98 2780 166 2811 Smt
208 2787 302 2816 vertit,
330 2786 461 2813 obtutibus
493 2786 601 2813 divinis.
633 2786 678 2801 ¹⁰⁰⁵
689 2780 781 2813 Refert
792 2787 927 2817 interpres
942 2780 1119 2811 masculinum
1134 2783 1217 2817 ἱεροῖς
1231 2783 1263 2808 all
1279 2780 1438 2808 teminimtm
1454 2780 1550 2807 εἰκόσι.
1570 2780 1646 2818 [inde
1659 2787 1721 2818 sus-

96 2819 169 2852 picio
181 2820 273 2856 oritur
293 2814 361 2856 verti
380 2828 458 2854 posse
479 2830 486 2847 :
502 2829 518 2847 a
535 2828 644 2848 SANCTIS
659 2822 685 2847 in
707 2814 872 2856 imaginibus
893 2824 997 2856 tantum
1009 2814 1173 2856 cernitur,_o
1187 2817 1250 2856 solis
1266 2821 1555 2856 autern-saaLC-nsstlts
1571 2814 1721 2856 ἱηιῃιςιίὶιῃε

96 2855 290 2892 ειξιιεΑΙῄεἰιιιΙ-..τ
306 2855 354 2892 En.
370 2856 498 2892 Persona
532 2857 557 2892 ’ὦ
571 2857 637 2892 ἡμῖν
650 2855 772 2892 seems];

811 2857 821 2871 ¹
835 2853 1050 2884 ἐπανακυκλοῦν,
1064 2854 1113 2881 Cb.
1131 2848 1155 2868 7’
1169 2852 1280 2884 εὐωδίας
1296 2851 1342 2878 καὶ
1355 2851 1460 2886 ἡδονῆς,
1478 2851 1506 2877 Ι).
1521 2849 1574 2876 τῶν
1585 2848 1722 2883 αἰσθητῶς

96 2889 205 2917 εὐωδῶν
215 2909 223 2923 ,
237 2889 267 2918 S.
280 2891 298 2925 ἡ
311 2890 364 2926 γὰρ
376 2890 430 2918 τῶν
443 2887 640 2926 αἰσθητῶιξΜ.
660 2891 704 2919 Sc.
745 2891 755 2906 ⁸
767 2890 798 2917 τι
810 2898 862 2918 non
879 2890 961 2917 habet
973 2888 1005 2916 Μ.
1020 2889 1029 2904 ⁵
1042 2887 1289 2924 ἀπαραθραύστιυς,
1303 2887 1335 2913 ἰ).
