1931 3073
191 180 242 208 479

760 179 790 207 ς.
809 178 961 207 DlONYSll
979 179 1209 209 AREOPAGITE

1761 185 1815 213 ‘80

189 241 274 268 vitate
289 240 423 275 perfundi,
437 245 517 275 atque
529 247 606 267 saera
621 240 736 274 quadam
752 239 887 275 voluptate
899 243 926 266 et
937 239 974 266 di-

1026 240 1079 275 πλη
1084 239 1192 276 ροῦσθαι
1205 240 1251 267 καὶ
1261 240 1401 275 θειοτάτης
1411 240 1524 276 τροφῆς.
1531 239 1659 276 omam
1669 242 1717 269 τοῦ
1726 241 1813 278 μύρου

189 286 331 314 viuissimo
347 285 476 312 alimento
489 285 595 312 satiari.
609 284 728 320 lpsamet
744 285 826 319 igitur
844 285 974 321 unguenti

191 332 306 367 mystica
324 331 494 366 compositio,
513 331 595 366 219
610 332 685 365 quasi
703 332 729 358 in
747 331 909 366 ﬁguratione
929 338 975 358 re-

190 386 249 406 rum
265 377 485 412 inﬁgurabilium.
501 378 645 412 ipsummet
656 377 746 404 Jesum
763 378 839 405 nobis
855 378 976 413 depingit

190 433 250 453 esse
266 425 366 452 fontem
382 420 511 456 uberem,‘
521 432 537 451 e
551 431 604 458 quo
620 424 770 451 divinorum
785 426 900 451 odorum
915 432 976 451 sua-

189 472 288 499 vitates
305 471 478 502 hauriuntur,
492 471 554 498 dum
572 471 792 505 proportionibus
809 470 974 505 diviuoprin-

191 518 328 552 cipalibus
347 518 372 544 in
393 523 498 544 tuentes
525 517 643 544 maxime
666 516 812 544 deil‘ormes
834 516 972 544 divinissi~

190 572 249 592 mos
263 564 323 590 illos
339 563 450 597 spiritus
465 562 594 593 infundit,
608 563 704 597 quibus
722 563 844 590 suaviter
859 562 972 596 achclte,

189 609 330 644 sacrisque
349 608 569 643 perceptionibus
592 607 688 642 plenae,
709 607 823 642 spiritali
846 607 973 634 alimonia

189 656 377 692 perfruuntur,
394 657 457 682 dum
478 656 668 683 suaveoleutes
690 655 748 683 istae
767 655 974 683 distributiones

190 703 282 728 divina
299 702 444 734 largitione
459 701 607 737 spiritalem
627 702 725 730 anima:
743 701 894 737 portionem
909 702 974 731 sub-

190 753 264 775 ευιιι.

1029 285 1178 321 συμϐολικὴ
1197 285 1329 318 σύνθεσις,
1346 286 1384 318 ὡς
1400 286 1429 312 ὲν
1451 286 1589 322 μορφώσει
1613 286 1667 314 τῶν
1684 288 1815 324 ἀμορφώ-

1026 340 1091 364 των,
1104 332 1184 358 αὐτὸν
1200 333 1266 367 ἡμῖν
1275 332 1427 368 ὑπογράφει
1442 332 1488 360 τὸν
1506 332 1610 368 Ἰησοῦν
1621 336 1737 370 πηγαῖον
1749 335 1815 362 ὂντα

1026 378 1081 405 τῶν
1107 377 1185 405 θείων
1212 378 1319 405 εὐωδῶν
1345 378 1511 414 ἀντιλήψεων
1538 379 1615 406 δλὸον
1628 399 1634 411 ,
1657 381 1814 415 ἀναλογίαις

1027 425 1184 460 θεαρχικαῖς
1200 425 1240 457 είς
1255 424 1290 451 τὰ
1309 425 1513 452 θεοειδέστατα⁶
1530 426 1584 453 τῶν
1603 427 1703 462 νοερῶν
1722 427 1814 454 ἀναδι-

1026 470 1105 497 δόντα
1120 472 1183 502 τοὺς
1199 471 1351 503 θειοτάτους
1367 471 1480 506 ἀτμοὺς,
1497 472 1539 507 ἐφ’
1555 469 1596 504 οἷς
1611 473 1635 499 οἱ
1651 473 1710 505 νόες
1726 473 1814 500 εὐπα-

1027 515 1080 548 θῶς
1102 516 1236 552 ἡδόμενοι,
1261 517 1308 543 καὶ
1335 517 1391 544 τῶν
1407 518 1487 554 ἱερῶν
1503 519 1670 555 ἀντιλήψεων
1686 519 1813 555 ἀποπλη-

1027 563 1161 598 ρούμενοι,
1173 565 1258 599 τροφῇ
1277 565 1358 599 νοητῇ
1375 564 1502 600 χρῶνται,
1526 566 1558 600 τῇ
1581 565 1649 600 πρὸς
1665 564 1695 591 τὸ
1721 565 1814 600 νοερὸν

1026 609 1115 636 αὐτῶν
1131 609 1247 636 είσδύσει
1263 609 1317 636 τῶν
1333 609 1405 637 κατά
1421 610 1495 637 θείαν
1513 610 1621 646 μέθεξιν
1637 610 1743 640 εὐωδῶν
1759 611 1814 638 ma»

1025 655 1134 685 δόσεων.

964 807 1040 846 εν.

228 891 357 920 Existimo
382 895 471 917 autem
497 896 557 917 esse
581 889 764 924 perspicuum,
781 888 969 923 superioribus
985 893 1006 919 Β

189 939 326 970 essentiis,
353 942 446 971 utpote
472 935 664 968 divinioribus,
685 935 795 962 fontalis
815 935 974 970 fragrantia:

189 984 407 1012 distributionem
418 982 637 1017 propinquiorem
647 980 848 1015 quodammodo
858 980 974 1007 exsiste-

190 1038 228 1062 re,
257 1029 396 1065 magisque
423 1036 453 1056 se
478 1028 531 1055 illis
555 1034 715 1062 expromere
740 1033 773 1053 ac
799 1025 971 1057 distribuere,

189 1079 295 1112 partem
311 1074 467 1102 eorumdem
483 1074 601 1101 maxime
630 1072 789 1100 tleil‘ornsem
810 1072 974 1106 virtutisque

188 1121 320 1156 spiritalis
331 1120 535 1155 capacissimam
549 1119 652 1146 eﬁ‘atim
668 1117 836 1150 mundando,
852 1124 885 1144 ac
900 1117 971 1144 mul-

189 1167 320 1202 tipliciter
334 1165 487 1198 subeundo;
501 1165 534 1192 ad
548 1166 692 1193 inferiores
706 1171 807 1194 autem.
822 1168 850 1191 et
860 1164 906 1198 qui
920 1171 975 1190 non

188 1221 265 1247 atque
287 1220 401 1247 capaces
414 1216 488 1245 sunt,
507 1219 661 1246 supremam
677 1211 750 1239 illam
765 1210 974 1245 contemplatio-

188 1266 251 1286 nem
266 1262 348 1293 atque
361 1257 578 1285 communionem
598 1261 755 1284 reverenter
772 1256 972 1288 contrahendo,

189 1303 310 1338 ejusdem
323 1303 569 1338 participationem,
586 1302 809 1330 instillationibus
821 1310 915 1330 eorum
928 1309 974 1329 ca-

189 1349 249 1384 ptui
263 1349 486 1380 accommoda-tis,
498 1348 589 1375 divina
603 1348 718 1383 quadam
735 1348 910 1383 proportione
926 1348 973 1375 de-

189 1396 291 1422 rivare.
314 1393 387 1422 Ordo
410 1394 503 1429 itaque
525 1394 688 1429 Seraphim,
718 1394 764 1428 qui
785 1398 895 1421 sanctas
915 1393 975 1420 illas

189 1441 268 1468 nobis
280 1440 486 1468 excellentiores
496 1441 628 1468 essentias
641 1448 721 1476 supra
731 1440 839 1468 modum
852 1445 973 1475 superat,

189 1488 218 1516 iu
236 1488 288 1515 alis
308 1487 451 1522 duodecim
462 1487 641 1522 signiﬁcatur,
657 1491 750 1514 astans
767 1487 831 1515 Jesu
851 1491 879 1514 et
893 1492 976 1521 prope

189 1533 278 1569 ipsum
296 1533 455 1566 collocatus,
477 1533 641 1561 beatissiuiis
656 1533 714 1568 ejus
735 1533 974 1567 contemplationi-

190 1580 252 1613 bus,
265 1585 396 1615 quantum
410 1580 452 1607 fas
467 1584 517 1613 est,
543 1588 642 1607 vacans
657 1585 684 1607 et
698 1579 829 1614 spiritalis
844 1580 973 1607 distribu-

189 1626 272 1655 tionis
288 1626 314 1652 iu
331 1626 509 1653 sanctissimis
521 1625 699 1660 receptaculis
714 1629 806 1652 sancte
818 1624 923 1659 plenus,
935 1629 972 1657 et,

190 1676 220 1701 ut
234 1671 354 1699 sensibili
370 1672 449 1699 modo
463 1672 564 1703 dicam,
583 1671 695 1698 multum
709 1671 880 1697 decantatam
899 1670 973 1697 illam

190 1716 237 1747 Dei
257 1716 362 1744 laudem
378 1716 533 1744 incessabili
550 1723 616 1744 voce
630 1715 822 1751 proclamans;
836 1722 914 1743 sacra
934 1715 973 1742 si—

190 1763 299 1798 quidem
315 1763 466 1791 cmlestium
482 1763 625 1798 spirituum
651 1763 768 1797 cognitio
790 1767 819 1789 et.
836 1760 971 1789 indefessa

190 1814 281 1841 est,ct
293 1809 414 1836 divinum
427 1809 507 1836 habet
522 1816 641 1836 amorem
650 1808 849 1836 indeﬁcieutem
861 1816 869 1840 ;
885 1806 974 1834 omni-

191 1863 244 1890 que
266 1855 367 1882 :nalitia
378 1860 407 1883 et.
418 1855 553 1883 oblivione
575 1855 700 1890 superior
716 1855 825 1887 existit;
836 1854 907 1881 unde
917 1853 974 1880 cla-

190 1909 249 1929 mor
267 1901 311 1928 ille
324 1901 504 1934 iucessabilis,
521 1909 581 1929 meo
597 1901 707 1936 quidem
719 1900 832 1934 judicio,
852 1899 975 1934 designat

189 1947 384 1981 sempiternam
394 1955 488 1975 eorum
499 1951 527 1974 et
539 1946 744 1980 immutabilem,
754 1954 816 1974 cum
826 1946 898 1973 omni
910 1953 975 1973 con-

193 1993 313 2020 tentione
322 1998 404 2028 atque
417 1994 565 2028 gratiarum
582 1993 700 2025 actione,
718 2000 807 2020 rerum
821 1992 974 2020 tlivlnarum

191 2039 331 2069 scientiam
347 2044 428 2074 atque
440 2039 632 2074 cognitionem.

1058 890 1137 916 Ἔστι
1152 889 1189 922 δὲ,
1209 888 1247 921 ὡς
1259 886 1347 924 οἷμαιζ
1359 889 1447 924 δῆλον,
1463 891 1503 917 ὅτι
1520 890 1581 920 ταῖς
1595 889 1666 923 ὑπὲρ
1677 889 1750 923 ἡμᾶς
1763 888 1812 914 οὑ-

1024 935 1105 967 σίαις,
1119 935 1157 967 ὼς
1177 935 1338 971 θειοτέραις,
1355 936 1371 971 ἡ
1389 937 1438 972 τῆς
1455 935 1574 971 πηγαίας
1591 934 1706 966 εὐωδίας
1717 934 1813 960 ἀνάδο-

1024 990 1065 1013 σις
1087 982 1223 1017 ὲγγυτέρα
1236 981 1294 1013 πώς
1308 981 1375 1014 ἐστι,
1389 982 1435 1008 καὶ
1456 982 1555 1017 μᾶλλον
1569 980 1653 1015 αὐτὴν
1664 980 1673 995 ⁷
1687 979 1813 1013 ἐκφαίνει

1023 1028 1070 1055 καὶ
1083 1028 1234 1054 διαδίδωσιν
1245 1028 1256 1044 ⁸
1271 1029 1311 1060 είς
1325 1028 1355 1054 τὸ
1370 1028 1549 1054 διειδέστατον
1565 1027 1664 1057 αὐτῶν,
1695 1026 1741 1052 καὶ
1764 1025 1812 1051 εὐ-

1024 1074 1130 1100 εκτικὸν
1145 1074 1195 1109 τῆς
1210 1073 1281 1101 κατὰ
1294 1073 1356 1101 νοῦν
1371 1074 1566 1109 ἀντιληπτικῆς
1579 1073 1720 1107 δυνάμεως
1732 1069 1814 1105 ἀφθό-

1023 1128 1076 1151 νως
1092 1119 1308 1155 ὑπερδλύζουσα,
1332 1120 1379 1146 κα)⁵
1394 1119 1584 1150 πολυπλασίως
1601 1118 1612 1134 ⁹
1633 1117 1810 1153 εἰσδυομένη·

1023 1165 1092 1202 πρὸς
1113 1165 1141 1192 δὲ
1156 1165 1191 1192 τὰ
1205 1166 1259 1193 τῶν
1271 1166 1371 1201 νοερῶν
1389 1166 1410 1181 ¹⁰
1428 1165 1572 1201 ὑφειμένα,
1593 1165 1639 1191 καὶ
1660 1164 1698 1199 μὴ
1719 1162 1811 1190 ὡσαύ-

1023 1219 1076 1242 τως
1087 1210 1207 1242 δεκτικὰ,
1221 1210 1269 1246 τὴν
1278 1210 1432 1246 ὑπερτάτην
1447 1212 1467 1226 ³¹
1480 1211 1620 1246 ἀχράντως
1629 1209 1811 1245 ἀποκρύψασα

1024 1256 1088 1284 θέαν
1109 1258 1155 1284 καὶ
1171 1257 1289 1293 μέθεξιν,
1305 1257 1446 1291 ἀναλόγοις
1459 1257 1514 1283 τῶν
1526 1256 1694 1292 μετεχόντων
1714 1256 1811 1290 ἀτμοῖς

1024 1303 1053 1330 ὲν
1079 1302 1237 1338 συμμετρίᾳ
1256 1302 1388 1338 θεαρχικῇ
1402 1301 1554 1328 διαδίδοται.
1570 1301 1630 1327 Τῶν
1651 1300 1720 1336 ὑπὲρ
1736 1300 1812 1334 ἡμᾶς

1023 1347 1069 1376 οὖν
1083 1349 1167 1383 ἁγίων
1179 1347 1277 1375 οὐσιῶν
1290 1349 1305 1384 ἡ
1323 1348 1401 1374 τόσον
1416 1347 1599 1383 ὑπερκειμένη
1613 1346 1666 1373 τῶν
1684 1346 1808 1381 Σεραφὶμ

1023 1394 1110 1427 τάξις,
1131 1395 1160 1421 ὲν
1174 1396 1207 1431 τῇ
1224 1393 1278 1420 τῶν
1289 1394 1432 1429 πτερύγων
1445 1394 1466 1409 ¹¹
1481 1391 1665 1419 δυοκαιδεκάδι
1680 1390 1810 1426 σημαίνε-

1023 1450 1078 1472 ται,
1099 1441 1164 1476 περὶ
1172 1440 1217 1467 τὸν
1234 1439 1338 1475 Ἰησοῦν
1353 1439 1457 1466 ἑστῶσα
1468 1440 1514 1466 καὶ
1531 1438 1669 1474 ἱδρυμένη,
1684 1438 1741 1468 τοῖς
1759 1444 1812 1471 μα-

1024 1488 1204 1524 καριωτάτοις
1218 1486 1300 1514 αὐτοῦ
1318 1486 1460 1521 θεάμασιν,
1470 1485 1508 1517 ὡς
1521 1484 1639 1520 θεμιτὸν,
1652 1482 1813 1510 ἐπιϐάλλου-

1025 1544 1069 1566 σα,
1094 1535 1141 1562 καὶ
1164 1535 1213 1570 τῆς
1229 1534 1326 1570 νοητῆς
1349 1533 1493 1564 διαδόσεως
1519 1532 1599 1567 ἱερῶς
1620 1531 1649 1557 ὲν
1664 1530 1811 1564 πανάγνοις

1025 1581 1168 1616 ὑποδοχαῖς
1181 1579 1421 1615 ἁποπληρουμένη,
1434 1578 1481 1604 καὶ
1497 1578 1546 1614 τὴν
1557 1577 1753 1613 πολυύμνητον,
1765 1577 1810 1602 αι-

1027 1627 1132 1663 σθητῶς
1145 1627 1241 1659 είπῑν,
1255 1626 1394 1661 ἀσιγήτοις
1406 1626 1535 1660 στόμασιν
1548 1624 1737 1658 ἀνακράςουσα
1751 1622 1812 1649 θεο-

1025 1673 1136 1707 λογίανθ
1153 1673 1168 1708 ἡ
1192 1672 1246 1707 γὰρ
1261 1671 1322 1708 ἱερὰ
1341 1671 1395 1698 τῶν
1412 1670 1603 1706 ὑπερκοσμίων
1623 1669 1690 1696 νοῶν
1710 1668 1813 1703 γνῶσις

1025 1717 1166 1752 ἀκάματός
1190 1717 1220 1743 τέ
1240 1718 1309 1748 εστι,
1331 1717 1378 1743 καὶ
1397 1716 1583 1752 ἀκατάληκτον
1601 1715 1657 1750 ἔχει
1677 1715 1723 1741 τὸν
1739 1714 1812 1741 θεῖον

1026 1763 1124 1799 ἔρωτα,
1143 1763 1241 1794 κακίας
1255 1771 1285 1789 τε
1295 1762 1353 1798 ἅμα
1368 1762 1457 1797 πάσης
1469 1762 1627 1798 ὑπέρκειται
1647 1761 1694 1787 καὶ
1706 1760 1793 1795 λήθης
1805 1768 1811 1776 ·

1027 1809 1099 1849 ὅθεν,
1112 1809 1149 1841 ὡς
1163 1808 1250 1845 οἶμαι,
1268 1809 1298 1835 τὸ
1309 1809 1358 1844 τῆς
1372 1809 1502 1844 ἀσιγήτου
1516 1807 1638 1843 κραυγῆς
1653 1806 1813 1833 ὑπαινίσσε-

1026 1864 1072 1883 ται
1089 1855 1139 1892 τὴν
1152 1855 1259 1882 αἰώνιον
1282 1854 1371 1882 αὐτῶν
1390 1855 1436 1881 καὶ
1455 1854 1640 1889 ἀμετάστατον
1664 1853 1693 1878 ἐν
1720 1860 1813 1879 συντο-

1027 1901 1073 1937 νίᾳ
1086 1902 1161 1938 πάσῃ
1179 1902 1225 1929 καὶ
1240 1900 1401 1938 εὐχαριστίᾳ
1418 1900 1472 1927 τῶν
1493 1899 1573 1927 θείων
1593 1899 1747 1934 ἐπιστήμην
1764 1897 1813 1924 καὶ

1027 1948 1130 1984 νόησιν.

963 2116 977 2153 5
999 2115 1051 2146 Vl.

227 2200 405 2233 lncorporeas
433 2199 541 2234 quidem
571 2199 752 2234 proprietates
790 2199 926 2234 serapbim
958 2207 972 2226 a

1062 2196 1118 2227 Τὰς
1134 2196 1184 2232 μὲν
1197 2193 1245 2222 οὖν
1261 2192 1420 2228 ἀσωμάτους
1434 2192 1488 2218 τῶν
1501 2192 1621 2227 σεραφὶμ
1637 2189 1770 2225 ίδιότητας
1783 2191 1813 2216 ἰν

190 2244 342 2279 Scripturis
355 2249 447 2272 sancte
460 2244 606 2272 sensilibus
619 2244 713 2279 ﬁguris
724 2244 821 2279 quibus
834 2252 877 2271 res
892 2244 972 2273 intel-

192 2290 295 2317 lectiles
304 2290 459 2324 exprimunt
471 2291 593 2325 depictas
607 2291 632 2318 in
643 2290 792 2318 ccelestium
806 2290 974 2317 hierarcbia-

191 2343 250 2362 rum
276 2335 506 2371 descriptionibus
529 2336 670 2371 prmclare,
691 2337 728 2363 uti
746 2341 822 2371 puto,
837 2337 974 2370 spectavi-

191 2389 262 2414 mus,
288 2382 395 2415 tuisque
422 2382 589 2416 spiritalibus
612 2382 697 2409 oculis
717 2382 906 2414 exhibuimus;
927 2383 974 2410 sed

191 2427 319 2462 quoniam
335 2428 481 2455 etiamnum
505 2428 538 2456 iis
554 2429 600 2463 qui
621 2429 741 2462 pontiﬁci
759 2434 915 2456 reverenter
928 2437 973 2458 as-

191 2473 301 2505 sistunt,
330 2473 404 2500 illam
429 2473 515 2507 ipsam
536 2473 759 2500 sublimissimam
774 2473 974 2500 distinctionem

192 2522 271 2550 nobis
282 2526 475 2557 reprtesentant
490 2521 619 2553 breviter,
636 2521 734 2548 iterum
748 2520 975 2548 immaterialibus

191 2568 277 2597 oculis
293 2576 373 2603 quam
392 2568 511 2596 maxime
522 2567 680 2596 deiformem
698 2575 790 2596 eorum
802 2567 973 2602 splendorem

192 2613 416 2648 contemplemur.
842 2624 844 2626 τ

1023 2244 1079 2274 τοῖς
1090 2241 1197 2276 Λογίοις
1211 2239 1352 2274 αἰσθηταῖς
1365 2238 1450 2265 εἰκόσι
1463 2236 1518 2264 τῶν
1528 2236 1630 2272 νοητῶν
1645 2236 1666 2251 ¹¹
1681 2236 1812 2270 ὲκφαντο-

1027 2289 1114 2325 ρικαϊς
1128 2287 1208 2322 ἱερῶς
1220 2284 1473 2321 ἀναγεγραμμένας,
1485 2285 1514 2310 ὲν
1525 2284 1580 2314 τοῖς
1590 2281 1746 2316 διακόσμοις
1756 2281 1812 2308 τῶν

1026 2333 1227 2369 ὑπερουρανίων
1243 2331 1397 2367 ἱεραρχιῶν,
1408 2330 1445 2361 ὡς
1459 2327 1545 2365 οἶμαι,
1556 2327 1645 2360 καλῶς
1660 2328 1812 2363 ἐθεασάμε-

1025 2380 1070 2412 θα,
1094 2379 1140 2406 καὶ
1163 2379 1219 2410 τοῖς
1242 2379 1298 2409 σοῖς
1320 2377 1422 2412 νοεροῖς
1443 2375 1589 2410 ὀφθαλμοῖς
1616 2373 1810 2408 ὑπεδείξαμεν

1025 2425 1100 2461 ὅμως
1113 2423 1206 2459 ἐπειδὴ
1218 2423 1265 2450 καὶ
1277 2422 1325 2449 νῦν
1337 2423 1361 2448 oi
1375 2422 1420 2447 τὸν
1433 2421 1561 2457 ἱεράρχην
1577 2419 1658 2454 ἱερῶς
1666 2417 1813 2454 περιεστῶ-

1026 2480 1082 2503 τες,
1098 2470 1182 2505 αὐτὴν
1210 2471 1276 2505 ἡμῖν
1289 2468 1396 2503 ἐκείνην
1408 2466 1577 2493 ἀποτυποῦσι
1591 2467 1640 2502 τὴν
1656 2465 1810 2500 ὑπερτάτην

1026 2517 1205 2552 διακόσμησιν
1219 2517 1248 2541 ὲν
1262 2515 1388 2550 ἐπιτομῇ,
1399 2514 1444 2540 καὶ
1457 2513 1503 2540 νῦν
1522 2511 1682 2544 ἀῦλοτάτσις
1699 2514 1721 2530 ιδ
1736 2514 1814 2550 ὂψεσι

1027 2564 1076 2600 τὴν
1091 2562 1290 2596 θεοειδεστάτην
1304 2560 1392 2587 αὐτῶν
1408 2559 1522 2594 ἀγλαΐαν
1533 2558 1662 2594 ἁψόμεθα.

843 2702 958 2730 νΑΒιΑΞ
977 2702 1177 2731 LECTIONES.

239 2795 249 2810 '
261 2795 301 2826 εἰς
315 2801 368 2822 non
383 2793 462 2822 habet
480 2795 528 2829 NL,
542 2795 590 2821 sed
607 2795 738 2821 duntaxat
750 2794 945 2829 θεοειδέστερα,
960 2799 986 2821 et
999 2802 1072 2824 mox.
1086 2794 1149 2825 τοὺς
1163 2793 1315 2824 θειοτάτους
1328 2791 1424 2829 δηλοῦν
1438 2790 1623 2829 ἀτμοὺςηψιιε
1638 2789 1729 2829 pluuia
1749 2787 1812 2829 reti:

192 2830 232 2866 dit
253 2830 327 2857 Scol.
378 2830 387 2845 "
401 2829 509 2866 ἑαυτήν.

193 2865 399 2900 Βε-;υιῐξιιιι‹ιυε
416 2865 559 2894 lectionem
581 2865 642 2892 Sar.
658 2867 800 2900 expressit.

192 2907 253 2930 ταις
262 2921 268 2929 .
285 2899 319 2928 Μ.
337 2901 382 2929 Sc.

557 2830 568 2846 ⁸
582 2830 622 2856 ἔτι
642 2829 690 2856 καὶ
709 2830 868 2861 διαδίδωσιν,
885 2821 918 2856 Μ.
939 2821 966 2845 ’⁸
981 2821 1198 2860 πολλατελασίως,
1213 2828 1243 2854 Ι).
1282 2821 1313 2844 ¹⁰”
1326 2821 1416 2862 ἱερῶν,
1445 2821 1480 2853 ι).”
1513 2821 1536 2841 ¹¹ν
1550 2821 1619 2860 ὺττὲρ
1638 2824 1750 2874 ἀρετήν,
1777 2821 1812 2848 Μ.

557 2878 559 2892 ι
581 2865 642 2892 Sar.
658 2867 800 2892 eatit'cssil.
850 2866 869 2882 "
885 2864 1001 2892 πτερῶν.
1016 2864 1064 2892 Cll.
1079 2863 1106 2891 S.
1126 2864 1158 2890 ll.
1173 2865 1217 2890 Sc.
1276 2864 1297 2879 ¹³
1310 2863 1354 2890 καὶ
1368 2862 1421 2888 τῶν
1433 2861 1536 2892 νοητῶν
1547 2881 1553 2892 ,
1569 2860 1602 2887 Μ.
1672 2865 1681 2873 '
1694 2859 1810 2892 ἁγιωτω-

885 2873 1001 2901 πτερων,
1016 2873 1064 2892 un.
1080 2873 1106 2891 δ,
1126 2873 1158 2890 .u.
1173 2873 1217 2890 ar.

1276 2864 1297 2879 ¹³
1310 2850 1421 2890 mir-:6);
1433 2861 1536 2896 νοητῶν
1547 2881 1553 2893 ,
1569 2850 1610 2887 Μ.ι
1641 2850 1645 2851 7
1659 2850 1681 2874 ἱ*
1694 2850 1810 2892 ἁγιώτα-
