1931 3073
109 183 159 213 481

658 174 700 206 DE
717 176 858 206 ECCLES.
879 170 1079 205 ullamnon.
1096 175 1173 205 CAP.
1191 173 1238 205 IV.

1681 178 1734 208 ‘8'!

885 235 900 272 ε
920 232 988 263 vu.

142 299 180 327 Τὸ
200 297 249 336 μὲν
263 295 309 324 οὖν
324 290 568 332 ἀπειροπρόσωπον
584 293 673 320 αὑτῶν
692 293 738 320 καὶ
759 292 895 320 πολύπουν

982 291 1063 327 220
1075 291 1189 319 inﬁnitae
1203 291 1311 326 quidem
1326 288 1411 321 facies
1431 301 1526 322 eorum
1543 295 1675 332 multique
1687 305 1735 333 pe—

108 344 303 380 ὲκφαντορικόν
321 343 403 373 ἐστιν,
419 341 457 372 ὡς
472 338 558 375 οἶμαι,
570 340 620 375 τῆς
635 338 834 374 πολυθεάμονος
846 338 896 364 αύ-

108 391 163 418 τῶν
187 390 227 421 είς
248 388 298 420 τὰς
313 387 454 418 Θειοτάτας
467 385 614 421 ὲλλάμψεις
632 385 771 420 ἰδιότητος.
786 385 833 412 καὶ
848 385 897 420 τῆς

109 437 263 472 ἁεικινήτου
277 435 323 462 καὶ
334 434 486 470 πολυπύρου
493 432 547 459 τῶν
557 432 636 458 θείων
647 431 756 466 ἀγαθῶν
766 432 895 467 νοήσεως·

109 484 159 519 τὴν
181 482 209 509 δὲ
222 481 276 508 τῶν
291 479 409 516 πτερῶν,
419 479 457 511 ὡς
467 478 502 505 τὰ
515 477 602 512 Λόγιά
612 486 705 513 φησιν,
721 478 840 514 ἑξαπλῆν
852 478 897 505 θέ-

112 537 163 561 σιν,
175 528 224 555 οὐκ
240 525 354 563 ἀριθμὸν
371 526 442 561 ἱερὸν
458 524 599 560 ἐμφαίνειν
615 524 717 560 οἴομαι,
732 523 801 550 κατὰ
813 524 843 550 τὸ
853 523 897 550 δὸ-

111 575 158 608 ξαν
166 575 279 609 ἑτέροις,
293 572 350 599 ἀλλ’
360 573 401 598 ὅτι
413 571 463 606 τῆς
487 571 550 606 περὶ
561 570 627 598 Θεὸν
638 571 794 606 ὑπερτάτης
805 570 898 603 οὐσίας

111 620 157 646 καὶ
184 618 287 652 τάξεως
303 617 461 652 ἀναγωγικὰ
479 617 525 643 καὶ
541 617 663 643 ἀπόλυτα
680 616 818 648 παντελῶς
840 617 898 643 ἐστι

111 667 158 693 καὶ
173 666 354 702 ὐπερκόσμια,
370 664 404 691 τὰ
421 664 526 700 πρῶτα,
543 664 589 690 καὶ
604 663 683 699 μέσα,
700 664 747 690 καὶ
757 663 898 690 τελευταῖα.

111 711 165 738 τῶν
190 711 291 746 νοερῶν
308 711 392 746 αὐτῆς
415 710 461 737 καὶ
481 710 604 736 θεοειδῶν
624 709 774 745 δυνάμεων.
790 709 898 746 ’Ὁθενή

111 757 165 784 τῶν
175 757 279 792 Λογίων
295 757 427 793 ἱερωτάτη
442 757 531 791 σοφία,
544 756 592 792 τὴν
602 755 656 783 τῶν
664 755 772 792 πτερῶν
785 755 899 783 διάπλα-

113 812 154 830 σιν
169 803 368 839 ίερογράφουσα
381 804 413 836 ⁸³,
430 805 494 839 περὶ
508 802 543 829 τὰ
555 802 650 838 πρῶτα
663 803 695 835 ⁸⁸,
707 803 755 829 καὶ
767 802 801 828 τὰ
817 802 897 838 μέσα,

112 851 159 877 καὶ
167 851 229 882 τοὺς
240 850 321 881 πόδας
339 849 427 876 αὐτῶν
442 845 562 885 ἐντίθησι
579 849 614 876 τὰ
631 849 728 885 πτερὰ,
742 849 773 876 τὸ
785 848 898 876 καθόλου

112 896 250 932 πτερωτὸν
265 896 354 922 αὐτῶν
364 896 536 932 αἰνισσομὲνη
560 892 607 922 καὶ
619 895 788 923 παντοδαπὸν
796 895 846 930 τῆς
854 894 899 921 ἐπὶ

111 944 142 970 τὸ
152 943 235 975 ὅντως
250 942 280 970 ὃν
294 942 469 978 ἅναγωγικῆς
484 943 632 977 δυνάμεως.

948 338 995 365 des
1007 338 1171 373 signiﬁcant,
1186 343 1216 365 ut
1233 339 1338 373 opinor,
1354 339 1408 366 vim
1426 341 1676 378 proprietatemque
1685 351 1733 371 eo-

948 392 1007 411 rum
1025 392 1078 418 qua
1099 383 1198 411 multas
1210 384 1316 411 divinas
1330 390 1447 412 cernunt
1463 386 1672 421 illustrationes,
1687 391 1735 417 bo-

948 437 1099 465 norumque
1115 430 1268 457 divinorum
1282 430 1501 465 intelligentiam,
1516 439 1576 466 quae
1591 434 1735 468 sempiter-

949 483 984 503 no
1008 481 1083 503 motu
1101 477 1197 508 cietur,
1220 476 1358 511 multaque
1380 482 1522 511 peragrat;
1546 486 1626 506 senas
1644 483 1735 507 autem

948 521 1016 554 alas,
1031 529 1099 556 quas
1110 521 1222 556 Eloquia
1242 527 1467 556 commemorant,
1481 530 1534 549 non
1550 524 1674 552 existimo
1691 533 1736 553 sa-

948 575 1024 595 crum
1037 576 1181 595 numerum
1194 569 1337 600 denotare,
1349 573 1379 595 ut
1390 568 1551 603 quibusdam
1566 570 1675 605 placuit,
1688 572 1735 599 sed

949 613 1023 648 ipsas
1039 614 1157 641 virtutes
1173 621 1309 649 suprema:
1328 614 1400 642 illius
1414 622 1474 649 qua:
1485 615 1558 643 eirea
1575 616 1659 644 Deum
1674 625 1738 644 ver—

949 665 1026 688 satur
1040 661 1167 688 essentiaa
1188 669 1236 689 seu
1251 661 1446 696 distinctionis,
1458 663 1572 697 primas.
1583 665 1696 695 medias.
1709 670 1738 693 et

950 711 1097 740 extremas,
1111 715 1170 735 esse
1185 708 1265 742 plane
1279 709 1413 742 spiritales
1427 717 1459 737 ac
1472 710 1628 743 deilormes,
1643 719 1737 746 super-

951 762 984 781 na
997 759 1098 788 petere,
1108 755 1269 789 penitusque
1278 754 1377 783 liberas
1388 756 1522 783 exsistere
1533 764 1565 784 ae
1574 765 1735 791 supramun-

950 799 1045 828 diales.
1062 800 1137 827 [Iane
1152 800 1186 827 ob
1203 808 1314 827 camara
1332 802 1516 828 sacratissima
1534 802 1681 837 Scriptura:
1692 811 1737 830 sa-

951 846 1063 880 pientia,
1079 846 1141 873 dum
1168 845 1271 872 alarum
1289 846 1401 881 ﬁguram
1429 846 1557 882 depingit,
1586 848 1619 874 ad
1644 855 1737 874 eorum

952 892 1047 924 facies,
1063 892 1208 927 mediaque
1221 899 1346 926 corpora,
1364 899 1394 919 ae
1405 892 1487 926 pedes
1501 900 1604 927 pennas
1616 893 1737 926 adhibet,

951 945 982 967 ut
997 939 1127 972 insinuet,
1155 947 1202 967 eas
1223 939 1330 973 penitus
1350 940 1438 968 alatas
1452 948 1513 968 esse
1528 947 1609 976 atque
1623 942 1696 968 omni
1711 942 1738 969 vi

915 995 937 1023 Β
952 985 985 1013 ad
1001 985 1026 1013 id
1036 986 1107 1020 quod
1120 986 1256 1013 veraciter
1263 985 1372 1014 exsistit
1383 994 1489 1014 sursum
1501 986 1576 1015 ferri.

886 1058 900 1095 θ
916 1056 999 1088 vm.

148 1141 181 1167 El
194 1139 223 1166 δὲ
235 1139 269 1167 τὰ
285 1139 417 1176 πρόσωπα
433 1139 553 1172 καὶτοὺς
564 1139 647 1170 πόδας
662 1139 838 1171 καλύπτουσι,
853 1139 901 1166 καὶ

115 1187 206 1222 μόνοις
214 1186 340 1213 πέτονται
350 1186 370 1202 ¹⁷
381 1186 473 1222 μέσοις
487 1187 606 1222 πτεροῖς,
620 1185 745 1222 ἐννόησον
759 1185 848 1222 ίερῶς,
860 1185 901 1212 ὅτι

113 1232 240 1260 τοσοῦτον
254 1231 410 1269 ἐξῃρημένη
421 1232 475 1259 τῶν
492 1232 651 1268 ὑπερτάτων
670 1231 768 1258 οὐσιῶν
787 1233 803 1267 ἡ
825 1231 902 1265 τάξις

114 1278 231 1315 εὐλαδής
247 1279 305 1305 ἐστι
323 1279 388 1314 περὶ
409 1278 444 1305 τὰ
463 1274 520 1305 τῶν
534 1279 653 1314 νοήσεων
670 1278 692 1294 ¹³
706 1278 791 1314 αὐτῆς
807 1278 903 1313 ὑψηλὸ-

113 1333 181 1360 τερα
194 1325 240 1351 καὶ
253 1324 399 1360 βαθύτερα,
415 1325 462 1351 καὶ
476 1325 568 1360 μέσοις
581 1325 690 1360 πτεροῖς
700 1325 729 1351 ὲν
748 1324 903 1360 συμμετρίᾳ

116 1372 183 1408 πρὸς
199 1372 326 1399 θεοπτίαν
342 1372 472 1406 ἀνάγεται
487 1372 518 1404 ¹⁹,
542 1372 598 1404 τοῖς
610 1371 691 1403 θείοις
707 1371 799 1406 ζυγοῖς
810 1371 903 1398 ὑποτι-

115 1416 193 1444 Θεῖσα
206 1418 255 1453 τὴν
266 1418 368 1444 οίκείαν
383 1417 465 1454 ζωὴν,
482 1418 527 1444 καὶ
543 1418 610 1452 πρὸς
628 1418 716 1444 αὐτῶν
734 1417 814 1454 ίερῶς
825 1417 902 1444 εὐθε-

115 1464 233 1500 τουμένη
244 1466 312 1500 πρὸς
323 1466 372 1501 τὴν
388 1465 487 1499 ἑαυτῆς
502 1464 738 1500 ὲπιγνωμοσύνην.

990 1138 1068 1172 Quod
1094 1139 1117 1166 si
1145 1137 1229 1166 facies
1252 1138 1391 1173 pedesque
1419 1138 1560 1174 obtegunt,
1590 1139 1740 1173 mediisque

955 1189 1059 1212 tanturn
1074 1184 1125 1212 alis
1144 1184 1246 1217 volant,
1263 1185 1393 1220 intellige,
1411 1189 1463 1212 tam
1476 1191 1649 1219 praestantem
1664 1194 1740 1213 sum—

956 1237 1060 1257 marum
1075 1235 1234 1256 naturarum
1253 1229 1375 1256 ordinem
1397 1231 1514 1257 revereri
1527 1238 1556 1257 ea
1572 1239 1632 1265 quae
1644 1231 1741 1258 altiora

954 1275 1185 1312 profundioraque
1207 1281 1282 1308 sunt,
1303 1283 1383 1310 quam
1403 1281 1431 1303 ut
1447 1277 1621 1311 intelligendo
1633 1277 1741 1311 assequi

953 1326 1069 1361 possint,
1083 1326 1234 1360 mediisque
1248 1325 1299 1352 alis
1315 1326 1454 1353 moderate
1467 1327 1499 1353 ad
1517 1326 1562 1353 Dei
1574 1326 1741 1361 contempla-

955 1373 1054 1401 tionem
1072 1373 1161 1405 evehi,
1177 1372 1240 1399 dum
1263 1376 1290 1400 et
1304 1372 1402 1400 divinis
1424 1372 1546 1400 lancibus
1565 1373 1647 1400 vitam
1663 1379 1741 1399 suam

954 1417 1074 1452 subiicit,
1092 1423 1118 1445 et
1135 1417 1168 1446 ab
1182 1418 1215 1446 iis
1229 1421 1324 1445 sancte
1349 1418 1382 1445 ad
1406 1419 1447 1446 sui
1465 1418 1587 1446 notitiam
1601 1425 1742 1455 prornove-

954 1468 1008 1493 llll‘.

889 1545 903 1582 ς
923 1543 980 1574 1x.

145 1628 182 1654 Τὸ
190 1628 218 1655 δὲ
225 1627 281 1659 τοῖς
290 1628 396 1662 Λογίοις
412 1627 471 1663 είρη
477 1626 567 1662 μένον,
576 1627 614 1659 ὡς
628 1627 692 1654 ἐκέκ
697 1635 776 1662 ραγον
784 1627 806 1642 ²⁰
814 1626 901 1663 ’ἔτερος

995 1626 1072 1660 Quod
1096 1631 1186 1654 autem
1210 1626 1350 1661 Scriptura
1370 1627 1452 1660 dicat,
1472 1627 1613 1656 Clamabat
1627 1628 1695 1656 alter
1709 1630 1743 1657 ad

116 1675 185 1709 πρὸς
193 1674 238 1700 τὸν
247 1673 350 1709 ἕτερον,
358 1674 445 1700 ἐκεῖνο
452 1671 526 1708 οἶμαι
534 1673 640 1708 δηλοῦν,
649 1673 750 1700 ὅτιτῶν
757 1672 905 1700 θεοπτικῶν

115 1720 206 1747 αὐτῶν
226 1721 344 1756 νοήσεων
365 1719 490 1755 ἀλλήλοις
504 1720 627 1755 ἀφθόνως
650 1720 829 1756 μεταδιδόασι.
853 1719 907 1746 Καὶ

116 1767 197 1793 τοῦτο
208 1767 236 1793 δὲ
251 1767 325 1802 ἱερᾶς
339 1766 498 1802 ἀξιώσωμεν
513 1767 623 1802 μνήμης
632 1787 639 1799 ,
653 1766 691 1798 ὡς
704 1767 721 1802 ἡ
737 1766 791 1793 τῶν
802 1766 906 1800 Λογίων

113 1813 226 1848 Ἐϐραία
232 1813 307 1848 φωνὴ
321 1813 381 1839 κατ’
396 1812 550 1848 ἐμφατικὴν
563 1814 585 1829 ¹¹
598 1813 755 1848 ἐπωνυμίαν
768 1812 845 1839 καλεῖ
857 1812 906 1844 τὰς

118 1858 271 1891 ἁγιωτάτας
285 1858 340 1885 τῶν
356 1859 483 1894 Σεραφὶμ
497 1859 601 1891 οὐσίας,
625 1860 657 1885 ὲκ
674 1858 722 1885 τοῦ
741 1858 812 1886 κατὰ
830 1857 905 1886 θείαν

118 1904 166 1930 καὶ
202 1904 328 1938 ἀκίνητον
338 1905 359 1920 ⁸³
374 1904 446 1940 ζωὴν
457 1904 588 1940 διαπύρου
605 1905 651 1931 καὶ
664 1903 851 1940 ὑπερζέοντος.

876 2055 952 2093 sx.

155 2143 242 2181 Εἴπερ
257 2144 302 2172 οὖν
318 2146 351 2179 ’³,
365 2145 403 2178 ὡς
415 2146 441 2173 οἱ
457 2146 492 2173 τὰ
507 2146 639 2183 Ἑϐραίων
650 2148 908 2184 ἀφερμηνεύσαντές

119 2199 212 2225 φασιν,
226 2191 250 2217 οί
265 2191 396 2219 θειότατοι
422 2193 542 2229 σεοαφὶμ
557 2195 724 2228 ἐμπρησταὶ
739 2195 785 2222 καὶ
794 2196 909 2230 θερμαί-

118 2244 226 2270 νοντες
237 2238 288 2264 ὑπὸ
295 2239 344 2274 τῆς
355 2238 492 2273 Θεολογιας
503 2240 710 2276 ὠνομάσθησαν,
722 2241 909 2279 ὲκφαντορικῷ

117 2281 170 2317 τῆς
184 2282 330 2315 οὐσιώδους
344 2284 433 2311 αὐτῶν
442 2284 526 2317 ἕξεως
537 2285 660 2321 ὀνόματι,
676 2286 723 2313 τοῦ
736 2286 808 2313 θείου
822 2288 846 2303 ’δ
863 2288 910 2323 μύ-

121 2336 170 2364 ρου
200 2328 271 2355 κατὰ
295 2329 462 2366 συμϐολικὴν
485 2331 694 2366 είκονογραφίαν
717 2331 909 2368 ἀνακινητικὰς

119 2375 213 2407 ἐχουσι
229 2373 357 2409 δυνάμεις
370 2375 392 2391 ’⁸
418 2375 458 2407 είς
472 2375 603 2410 ἔκφανσιν
617 2377 682 2403 αὐτὸ
697 2378 744 2403 καὶ
758 2377 908 2412 δραστικω-

118 2421 207 2456 ’δέρων
220 2421 314 2457 ἀτμῶν
338 2422 455 2449 διάδοσιν
481 2423 692 2459 ὲκκαλουμένας.
721 2423 753 2450 Ἡ
768 2423 822 2460 γὰρ
839 2424 908 2460 ὑπὲρ

118 2467 183 2494 νοῦν
194 2467 297 2504 εὐώδης
308 2469 386 2495 οὐσία
395 2469 462 2505 πρὸς
474 2469 529 2497 τῶν
539 2469 677 2505 διαπύρων
692 2470 738 2496 καὶ
751 2469 909 2505 καθαρωτά-

118 2521 175 2540 των
196 2514 265 2541 νοῶν
288 2515 328 2547 είς
344 2515 475 2550 ἕκφανσιν
493 2516 678 2543 ἀνακινεῐσθαι
694 2516 775 2551 φιλεῖ,
797 2516 845 2542 καὶ
858 2515 908 2548 τὰς

120 2559 262 2592 θειοτάτας
278 2561 364 2598 αὐτῆς
384 2562 526 2595 ἐπιπνοίας
544 2563 572 2589 ἐν
590 2563 746 2594 πανολὸίαις
761 2563 908 2589 διαδόσεσιν

119 2606 246 2640 δωρεῖται
258 2607 314 2638 τοῖς
331 2606 416 2638 οὕτως
429 2606 512 2642 αὐτὴν
533 2607 726 2643 ύπερκοσμίως
738 2608 909 2643 ἐκκαλουμέ-

119 2659 185 2682 vote.
208 2651 312 2679 Οὐκοῦν
333 2653 350 2688 ἡ
370 2652 493 2689 θειοτάτη
515 2653 570 2681 τῶν
592 2654 796 2690 ὑπερουρανίων
811 2654 910 2682 οὐσιῶν

959 1672 1085 1706 alterum,
1111 1672 1163 1700 hoc
1183 1673 1309 1700 existimo
1326 1673 1490 1708 signiﬁcare,
1504 1674 1575 1708 quod
1589 1674 1743 1702 divinarum

958 1726 1070 1746 suarum
1092 1719 1226 1747 visionum
1249 1723 1276 1746 et
1298 1719 1535 1754 intelligentiarum
1560 1721 1746 1755 participatio-

958 1772 1020 1792 nem
1049 1765 1110 1792 sine
1129 1765 1230 1792 invidia
1254 1765 1306 1792 sibi
1333 1771 1426 1791 mutuo
1445 1766 1655 1793 communicent.
1674 1766 1744 1800 Quin

956 1813 1038 1840 etiam
1051 1812 1102 1839 hoc
1113 1817 1265 1839 memoratu
1277 1811 1397 1846 dignum.
1412 1812 1482 1846 quod
1495 1812 1521 1839 in
1534 1813 1621 1840 sacris
1635 1812 1746 1840 Litteris

956 1858 1136 1886 sanetissimre
1154 1857 1207 1885 illa;
1230 1862 1332 1885 natura:
1346 1865 1476 1892 perquatn
1498 1858 1683 1893 signiﬁcanter
1694 1858 1748 1886 He-

957 1903 1051 1931 braica
1065 1911 1130 1931 voce
1140 1896 1282 1938 Serapliim
1294 1903 1472 1938 appellentur,
1484 1905 1555 1940 quod
1563 1905 1688 1932 nimirum
1699 1911 1748 1938 per

958 1949 1078 1977 divinam
1096 1957 1255 1984 semperque
1272 1950 1398 1977 mobilem
1411 1950 1493 1977 vitam
1504 1958 1581 1978 suam
1596 1951 1744 1985 igneseant,

960 2002 988 2024 ct
999 2005 1080 2032 supra
1094 1997 1203 2024 modum
1222 1997 1354 2024 ferveant.

997 2149 1026 2176 Si
1041 2149 1135 2184 igitur,
1158 2154 1187 2177 ut
1212 2149 1404 2178 ilebraicorum
1420 2150 1560 2177 nominum
1583 2150 1747 2187 interpretes

961 2196 1104 2229 aliirmant,
1123 2196 1281 2225 divinissimi
1294 2197 1330 2224 illi
1348 2198 1486 2232 seraphim
1501 2199 1649 2225 incensore:
1662 2203 1688 2226 et
1701 2207 1747 2226 ca-

961 2243 1098 2278 lefactum
1120 2251 1134 2270 a
1152 2242 1292 2278 Scriptura
1310 2242 1495 2277 nominentur,
1521 2245 1593 2278 quod
1609 2245 1635 2272 id
1650 2253 1746 2273 nomen

961 2294 1062 2316 statum
1085 2296 1179 2316 eorum
1201 2289 1354 2316 naturalem
1369 2290 1515 2324 exprimat,
1545 2290 1747 2325 utique,juxta

962 2334 1140 2369 symbolieam
1163 2334 1366 2370 eﬂigiationem,
1398 2336 1498 2363 habent
1518 2337 1648 2372 unguenti
1664 2337 1748 2364 divini

962 2381 1034 2408 vires
1050 2381 1120 2413 illas,
1137 2388 1196 2415 qua:
1207 2389 1315 2408 sursqu
1333 2386 1417 2416 agunt
1435 2382 1468 2409 ad
1485 2383 1572 2417 ipsum
1593 2384 1749 2417 exprimen-

962 2427 1038 2459 dum,
1054 2431 1081 2454 et
1096 2427 1130 2454 ad
1142 2427 1311 2456 ellicaciores
1329 2436 1442 2463 vapores
1456 2429 1659 2456 distribuendos
1679 2429 1749 2456 inci-

963 2477 1030 2501 tant.
1061 2473 1166 2500 Etenim
1189 2474 1305 2501 essentia
1335 2474 1390 2506 illa,
1416 2474 1493 2508 cujus
1514 2474 1605 2501 odoris
1629 2475 1749 2502 suavitas

963 2523 1079 2546 mentem
1099 2523 1219 2552 superat,
1231 2519 1265 2546 ab
1280 2519 1365 2554 igneis
1381 2519 1589 2554 purissimisque
1610 2519 1749 2547 mentibus

963 2562 997 2589 ad
1011 2562 1053 2589 sui
1068 2562 1315 2590 manifestatiouein
1327 2563 1436 2591 invitari
1452 2569 1536 2596 amat,
1550 2564 1748 2592 divinissimas-

963 2615 1016 2642 que
1030 2615 1094 2635 suas
1110 2608 1301 2643 inspirationes
1314 2609 1536 2637 lueulenlissimis
1548 2610 1749 2637 distributioni-

963 2655 1014 2682 bus
1028 2654 1182 2689 impertitur
1202 2655 1234 2683 iis
1263 2655 1309 2690 qui
1330 2656 1370 2683 sic
1393 2655 1466 2683 illam
1492 2656 1750 2691 supramnndialiter

773 2731 888 2759 VARIAE
908 2731 1111 2760 LECTIONES.

166 2823 187 2838 ιε
200 2822 292 2859 scribe
306 2824 506 2859 ίερογραφοῦσα
517 2844 525 2856 ,
540 2825 576 2851 ita
593 2823 668 2851 Vien.
705 2824 727 2840 ¹⁸
740 2824 883 2859 πρόσωπα,
898 2824 927 2852 S.
942 2825 971 2851 Ρ.
990 2824 1040 2852 Ch.
1072 2825 1093 2841 "
1108 2825 1247 2858 πέτανται,
1275 2826 1314 2854 Ch
1343 2827 1374 2854 D.
1394 2826 1422 2854 S.

1466 2827 1495 2863 ‘7‘,
1506 2827 1554 2863 τῆς
1571 2831 1699 2863 νοήσεως,
1717 2828 1747 2863 ι).

121 2859 142 2901 l’
154 2858 262 2901 ᾇγεταιι,
333 2858 536 2901 ⁷²⁰ιξιιξκραγενι
545 2859 581 2901 υ..
611 2861 631 2875 ἰ
646 2858 824 2901 ἐμφαντικήν.
862 2861 887 2901 ’ξ
897 2860 1061 2901 ἀεικίνητον,
1077 2859 1106 2887 S.
1124 2860 1153 2887 P.
1168 2861 1217 2889 Ch.
1259 2862 1280 2877 "
1305 2859 1379 2889 εἶπον
1392 2861 1449 2897 οὖν,
1472 2862 1507 2889 Μ.
1533 2858 1579 2890 Sc.
1612 2858 1640 2879 "‘
1653 2863 1699 2888 τοῦ
1722 2862 1750 2889 δὲ

119 2893 203 2925 θείου,
224 2893 257 2920 Μ.
278 2894 321 2921 Su.

371 2895 392 2910 ’⁵
407 2895 511 2930 ἔχοντες
522 2895 648 2930 δυνάμεις
662 2896 700 2926 εἰς
719 2895 846 2928 ἕτςφανσιν
859 2894 952 2928 αὑτοῦ,
964 2894 1002 2922 Mt
1015 2894 1061 2923 Sc.
