1929 3068
213 175 264 203 ιεδ

792 173 822 202 5.
841 174 991 203 DlONlSll
1007 171 1239 205 ΑΒΕΟΡΑαιτιΕ

1784 182 1838 210 884

216 233 378 261 invitarunt.
411 231 586 267 Nequaquam
614 232 696 267 igitur
719 232 905 260 divinissimus
920 233 988 268 22]

1051 235 1138 269 τάξις,
1150 236 1200 263 οὐκ
1212 237 1329 272 ἠγνόηκε
1341 236 1366 263 τί
1377 246 1388 264 ν
1397 236 1615 273 θεαρχικώτατον
1636 238 1740 275 Ἰησοῦν
1753 241 1794 274 είς
1803 242 1839 269 ea

211 278 365 306 cmiestium
379 277 564 305 essentiarum
577 277 643 305 ordo
658 278 809 313 ignorabat,
820 277 912 306 Jesum
928 279 997 306 divie

212 325 357 352 nissimum
377 323 604 352 sanctiﬁcationis
615 331 680 359 ergo
696 325 887 358 descendisse;
904 332 998 352 verum

211 371 327 403 sciebat,
340 371 442 405 ipsum,
465 375 577 405 propter
591 370 709 397 divinam
726 376 753 398 et
772 370 934 398 ineffabilem
950 371 999 398 bo-

211 419 326 446 nitatem
342 426 430 449 suam,
448 422 542 445 sancte
557 425 586 445 se
597 418 631 445 ad
644 422 737 445 nOstra
756 418 909 451 demisisse,
923 423 950 446 et
964 420 998 447 ab

213 464 331 498 ipsomet
351 464 431 491 Patre
443 464 601 499 Spirituque
621 464 740 491 humano
753 472 828 491 more
843 465 996 492 sanctiﬁca-

212 514 268 537 tum
280 517 406 541 cernens,
422 510 558 545 proprium
574 510 735 545 agnoscebat
752 511 914 545 principium
927 511 953 538 in
965 511 998 540 iis

209 564 271 590 qua:
286 556 416 584 divinitus
432 557 529 590 agebat
555 556 700 583 secundum
715 556 863 583 essentiam
878 557 999 584 invaria~

211 606 277 629 tum.
290 602 380 635 Quare
398 602 508 630 traditio
521 609 662 630 sacrorum
675 602 870 637 symbolorum,
880 603 943 630 dum
957 604 997 630 di-

210 649 301 675 vinum
326 650 500 682 unguentumf
513 653 700 680 consecratur,
722 649 860 683 seraphim
874 650 994 684 apponit,

209 699 238 720 ut
254 694 391 721 Christum
407 694 517 722 denotet
536 702 567 721 ac
582 693 727 727 describat,
752 695 778 721 in
802 694 929 722 universa
948 703 996 722 na-

210 744 276 767 tura:
289 741 414 767 humana
427 745 526 767 nostra:
539 741 723 775 assumptione
736 741 763 768 in
777 749 807 768 se
823 741 995 768 immutatum

209 786 400 820 permansisse.
413 786 446 813 Et
456 786 526 820 quod
544 785 662 813 divinius
674 790 716 813 est
727 787 760 813 ad
774 794 882 814 omnem
898 787 937 814 rei
951 794 995 814 sa-

207 839 261 859 crm
279 831 510 859 consecrationem
527 832 618 859 divino
637 832 722 859 utitur
735 837 883 866 unguento.
907 832 994 859 mani-

207 877 276 905 feste
289 878 489 909 demonstrans,
500 877 576 911 juxta
594 878 757 912 Scripturas,
773 886 834 905 eum
857 878 903 913 qui
929 886 992 905 san-

1050 280 1210 314 ἁγιάζεσθαι
1220 281 1418 317 κατεληλυνάτα
1427 291 1434 297 ·
1451 284 1507 309 νοεῖ
1519 283 1547 310 δὲ
1561 284 1640 311 αὐτὸν
1651 285 1731 322 ιερῶς
1741 287 1770 312 ὲν
1781 289 1839 320 τοῖς

1049 326 1109 353 καθ’
1124 327 1198 362 ἡμᾶς
1212 327 1306 353 ἑαυτὸν
1317 327 1416 362 ὑφιντα
1431 327 1475 354 διὰ
1487 327 1561 354 θείαν
1578 330 1625 355 καὶ
1636 330 1754 366 ἄρρητον
1768 331 1831 365 ἁγα-

1050 371 1159 408 θότητα,
1183 373 1230 399 καὶ
1247 372 1316 407 πρὸς
1335 371 1382 398 τοῦ
1402 372 1518 407 Πατρὸς,
1538 373 1621 399 αὑτοῦ
1638 374 1663 390 ³⁸
1677 382 1706 401 τε
1729 375 1835 401 καὶτοῦ

1048 416 1215 453 Πνεύματος.
1228 418 1469 453 ἀνθρωποπρεπῶς
1480 418 1658 454 ἁγιαζόμενον
1671 420 1773 456 ὁρῶσα,
1784 421 1834 456 τὴν

1048 463 1150 490 οἰκείαν
1173 461 1242 489 οἶδεν
1263 464 1360 498 ἀρχὴν,
1380 465 1409 490 ὲν
1431 461 1472 496 οἷς
1490 463 1523 490 ἂν
1543 463 1694 500 θεαρχικῶς
1719 465 1780 502 δρᾷ,
1802 467 1834 493 τὸ

1047 509 1108 536 κατ’
1124 509 1217 536 οὐσίαν
1235 510 1410 537 ἀναλλοίωτον
1421 510 1543 546 ἔχουσαν.
1560 510 1640 538 Ὂθεν
1650 513 1667 547 ὴ
1684 512 1739 538 τῶν
1752 513 1833 548 ἱερῶν

1048 555 1189 591 συμϐόλων
1212 556 1361 592 παράδοσις
1384 555 1556 593 ἁγιαζομένῳ
1575 558 1614 593 τῷ
1629 558 1692 594 θείῳ
1708 559 1729 575 ³⁷
1755 559 1833 595 μύρῳ

1046 602 1110 634 τοὺς
1126 603 1251 638 σεραφὶμ
1265 604 1440 639 παρίστησιν,
1459 604 1668 640 ἀπαράλλακτον
1679 606 1765 632 εἰδυῖα
1784 607 1832 633 καὶ

1046 646 1232 682 διαγράφουσα
1254 647 1299 673 τὸν
1323 647 1450 682 Χριστὸν,
1476 648 1504 674 ὲν
1527 650 1559 684 τῇ
1582 649 1642 675 καθ’
1661 650 1734 684 ἡμᾶς
1753 649 1830 685 ὁλικῇ

1046 692 1114 728 πρὸς
1132 692 1260 728 ἀλήθειαν
1272 693 1485 729 ἐνανθρωπήσει.
1497 695 1552 721 Καὶ
1563 694 1673 729 προσέτι
1686 695 1715 721 τὺ
1730 694 1830 721 θειότε-

1046 747 1103 775 ρον,
1121 739 1161 766 ὅτι
1172 739 1211 774 τῷ
1225 739 1289 775 θείῳ
1304 739 1381 775 μύρῳ
1397 740 1495 775 χρῆται
1506 740 1572 776 πρὸς
1585 740 1684 772 παντὸς
1696 740 1768 775 ἱεροῦ
1784 749 1830 766 τε-

1045 784 1227 820 λεσιουργίαν,
1243 785 1365 821 ἐναργῶς
1376 785 1590 812 ὑποδεικνύουσα
1603 786 1636 817 ³⁸,
1649 785 1720 812 κατὰ
1731 786 1762 812 τὺ
1776 786 1829 812 Λό-

1044 839 1113 865 γιον,
1129 832 1273 866 ἁγιάζοντα
1284 831 1328 858 τὸν
1345 831 1533 866 ἀγιαζόμενον,
1548 831 1586 863 ὡς
1599 831 1642 858 ἀεὶ
1654 832 1749 858 ταύτὸν
1764 832 1829 858 ὄντα

1045 877 1068 893 ¹⁹
1085 876 1175 912 ἑαυτῷ
1195 876 1265 903 κατὰ
1286 877 1376 904 πᾶσαν
1397 877 1446 912 τὴν
1466 876 1611 912 θεαρχικὴν
1634 876 1826 912 ἁγαθουργίαν.

207 923 382 953 ctiticandum
395 924 558 955 sanctiﬁcat,
570 928 599 950 ut
612 923 657 958 qui
671 931 776 958 semper
787 923 838 951 sibi
855 923 904 958 ipsi
917 923 988 951 simi-

1044 923 1088 950 Διὸ
1104 924 1151 950 καὶ
1164 924 1214 959 τῆς
1231 924 1306 958 ἱερᾶς
1319 923 1487 958 θεογενεσίας
1504 923 1521 957 ἡ
1539 923 1726 958 τελεσιουργὸς
1738 923 1827 959 δωρεὰ

206 969 249 1001 lis,
267 974 348 1004 atque
363 970 432 997 idem
449 970 485 997 sit
500 970 527 997 in
541 971 612 997 omni
633 971 727 997 divina:
740 970 914 1004 benignitatis
927 977 991 1004 ope-

206 1016 330 1047 ratione;
353 1020 518 1051 quapropter
545 1016 627 1044 ctiam
656 1016 752 1044 divinae
779 1016 990 1052 regenerationis

205 1061 303 1088 donum
334 1066 362 1088 et
387 1062 473 1096 gratia
503 1063 646 1097 perﬁciens
674 1062 836 1089 divinissimi
861 1063 990 1098 unguenti

204 1107 454 1135 consecrationibus
478 1113 691 1135 consummatur.
717 1107 804 1140 Unde,
830 1113 859 1134 ut
882 1108 988 1142 opinor.

203 1152 286 1178 etiam
317 1151 343 1178 in
374 1152 561 1186 baptisterium
592 1153 772 1187 expiatorium
803 1158 988 1187 unguentum,

203 1196 405 1230 aspersionibus
417 1197 443 1223 in
456 1197 546 1224 crucis
556 1196 671 1224 lormam
684 1197 829 1231 expressis,
842 1196 988 1223 infundens

202 1242 337 1276 pontifex,
358 1242 522 1270 mentalibns
537 1241 622 1270 oculis
641 1241 691 1270 sub
704 1247 843 1277 aspectum
859 1242 944 1277 ponit,
961 1246 990 1268 ut

202 1289 236 1316 ad
251 1294 365 1316 mortem
381 1296 466 1324 usque
480 1288 560 1316 Jesus
576 1289 602 1315 in
619 1296 701 1316 cruce
723 1295 773 1323 pro
789 1288 878 1316 divina
895 1292 986 1314 nostra

203 1336 411 1369 regeneratione
425 1334 575 1366 demersus,
600 1334 691 1362 divino
710 1334 755 1362 illo
771 1338 799 1362 et
816 1333 988 1368 insuperabili

202 1381 334 1408 descensu
351 1380 377 1407 in
393 1385 480 1408 morte
491 1387 539 1407 sua
551 1380 702 1415 baptizatos
716 1381 865 1408 secundum
882 1387 988 1408 oracu-

201 1425 256 1453 lum
269 1433 411 1459 arcanum,
424 1433 456 1453 ex
473 1426 583 1460 antiqua
601 1426 696 1454 mortis
708 1426 892 1462 corruptibilis
913 1425 986 1461 deje-

191 1471 404 1507 ctionebcnigne
430 1473 586 1507 vindicarit,
602 1478 629 1501 et
657 1473 690 1500 ad
708 1473 828 1501 divinum
841 1478 986 1501 aeternum-

201 1527 253 1554 que
269 1523 368 1546 statum
380 1518 528 1547 innovarit.

1043 970 1090 996 καὶ
1105 969 1193 1005 χάρις,
1210 969 1238 996 ὲν
1252 971 1311 1001 ταῖς
1322 967 1369 996 τοῦ
1385 969 1469 1005 μύρου
1486 970 1601 996 τελεῖται
1618 969 1768 1001 θειοτάταις
1783 977 1828 995 τε-

1043 1015 1193 1042 λειώσεσιν.
1213 1015 1304 1047 Ὅθεν,
1328 1015 1366 1048 ὡς
1381 1013 1466 1052 οἶμαι,
1485 1016 1530 1043 καὶ
1548 1016 1587 1052 τῷ
1606 1015 1764 1051 καθαρτικῷ
1779 1015 1828 1049 βαι-

1044 1061 1197 1096 πτιστηρίῳ
1211 1060 1242 1087 τδ
1254 1061 1338 1097 μύρον
1352 1062 1380 1087 ἐν
1399 1061 1580 1097 σταυροειδέσι
1603 1061 1693 1096 βολαῖς
1709 1060 1826 1095 ἐπιχέων

1042 1107 1056 1133 ὁ
1067 1106 1208 1142 ίεράρχης,
1224 1106 1269 1132 ὑπ’
1283 1106 1343 1141 ὖψιν
1358 1106 1380 1124 ³⁸
1395 1108 1456 1142 ἄγει
1467 1107 1523 1138 τοῖς
1537 1107 1712 1142 θεωρητικαῖς
1728 1105 1827 1140 ὀφθαλ-

1043 1154 1114 1187 μοῖς,
1130 1153 1209 1188 ἄχρις
1221 1152 1253 1180 ἂν
1266 1152 1287 1168 ³¹
1300 1152 1345 1178 καὶ
1365 1152 1449 1179 αὑτοῦ
1463 1152 1576 1180 θανάτου
1592 1152 1635 1179 διὰ
1647 1151 1764 1188 σταυροῦ
1780 1151 1826 1178 τὸν

1047 1201 1149 1239 Ἰησοῦν
1172 1203 1242 1239 ὑπὲρ
1264 1202 1314 1238 τῆς
1336 1203 1414 1238 ἡμῶν
1438 1202 1606 1237 θεογενεσίας
1630 1203 1826 1238 καταδυόμενον

1039 1251 1106 1286 αὐτῇ
1122 1252 1154 1286 τῇ
1167 1251 1227 1286 θείᾳ
1243 1251 1288 1278 καὶ
1301 1251 1447 1286 ἀκρατήτῳ
1458 1251 1572 1285 καθόδῳ,
1591 1250 1655 1282 τοὺς
1668 1251 1707 1282 είς
1718 1250 1763 1276 τὸν
1775 1249 1826 1276 θά-

1039 1304 1118 1323 νατον
1142 1295 1223 1323 αὑτοῦ
1241 1296 1311 1323 κατὰ
1325 1297 1355 1323 τὸ
1372 1296 1485 1332 κρύφιον
1498 1296 1587 1330 λόγιον
1600 1295 1823 1331 βαπτιζομένους,

1039 1342 1072 1369 ὲκ
1083 1342 1133 1378 τῆς
1143 1342 1189 1369 τοῦ
1206 1342 1366 1378 φθοροποιοῦ
1383 1342 1498 1369 θανάτου
1516 1342 1632 1374 παλαιᾶς
1648 1342 1824 1374 καταπόσεως

1040 1387 1239 1424 ἀγαθοπρεπῶς
1251 1388 1413 1415 ἀνασπῶντα
1424 1388 1471 1414 καὶ
1483 1388 1688 1420 ἀνακαινίζοντα
1700 1387 1767 1422 πρὸς
1782 1386 1825 1413 ἓν-

1041 1433 1102 1462 θεον
1116 1435 1162 1462 καὶ
1174 1434 1281 1462 αἰώνιον
1292 1435 1314 1451 ³³
1330 1433 1455 1471 ὓπαρξιν.

958 1580 1044 1620 ςΧι.

234 1673 304 1708 Quin
329 1673 410 1701 etiam
447 1674 472 1701 ei
509 1674 555 1709 qui
584 1674 757 1703 sanctissimo
784 1674 882 1702 divin:e
903 1682 1017 1711 rege-c

200 1720 349 1747 tieratiouis
382 1727 461 1747 sacro
499 1720 622 1749 initiatus
653 1725 696 1749 est
722 1728 914 1749 consummans
938 1720 983 1747 illa

199 1766 292 1793 unctio
318 1766 402 1793 divini
435 1765 551 1801 Spiritus
580 1767 704 1803 illapsum
730 1767 871 1803 elargitur,
894 1774 982 1799 sacra,

199 1811 237 1839 uti
254 1819 324 1844 reor,
339 1811 521 1847 symbolarum
538 1813 647 1840 tictione
669 1814 720 1840 boc
745 1813 796 1840 sub
826 1812 920 1839 oculos
934 1820 983 1847 po-

199 1862 292 1890 nente,
307 1858 442 1892 quomodo
456 1859 491 1885 ab
503 1858 563 1893 ipso
573 1878 580 1890 ,
604 1859 648 1893 qui
667 1863 778 1894 propter
799 1866 848 1885 nos
863 1858 983 1885 humano

197 1911 274 1931 more
286 1904 387 1939 Spiritu
405 1905 450 1932 Dei
468 1906 609 1941 principali
623 1907 812 1933 sanctiﬁcatus
825 1928 831 1940 ,
845 1905 982 1933 essentiali

196 1950 346 1977 divinitatis
356 1958 411 1978 sua:
421 1955 491 1978 statu
506 1951 650 1984 iuvat-into,
663 1951 850 1979 divinissimus
866 1951 910 1978 ille
925 1950 984 1985 Spi-

196 1996 265 2023 ritus
289 1997 410 2024 donetur.

1074 1673 1153 1700 Ἀλλὰ
1177 1673 1229 1709 μὴν
1253 1672 1300 1700 καὶ
1328 1671 1401 1707 αὐτῷ
1428 1671 1469 1706 τῷ
1496 1669 1649 1697 τελεσθέντι
1669 1669 1718 1703 τὴν
1742 1667 1822 1704 ἱερω-

1037 1721 1120 1755 τάτην
1142 1720 1192 1755 τῆς
1213 1718 1383 1753 θεογενεσίας
1402 1717 1513 1752 τελετὴν
1535 1715 1584 1751 τὴν
1607 1714 1653 1742 τοῦ
1675 1712 1821 1750 θεαρχικοῦ

1039 1766 1195 1802 Πνεύματος
1207 1765 1394 1800 ἐπιφοίτησιν,
1417 1765 1433 1799 ἡ
1455 1762 1502 1790 τοῦ
1520 1762 1606 1798 μύρου
1629 1761 1753 1797 δωρεῖται
1777 1769 1821 1788 τι-

1038 1812 1163 1848 λειωτικὴ
1177 1812 1276 1847 χρίσις,
1290 1810 1491 1845 ὐποτυπούσης,
1515 1809 1553 1841 ὡς
1575 1806 1662 1844 οἶμαι,
1675 1808 1724 1843 τῆς
1743 1809 1821 1843 ἱερᾶς

1037 1859 1091 1886 τῶν
1124 1859 1264 1895 συμόόλων
1288 1856 1506 1892 είκονογραφίας,
1539 1855 1586 1881 ὑπ’
1610 1854 1692 1882 αὑτοῦ
1716 1853 1763 1880 τοῦ
1786 1853 1821 1879 δι’

1034 1905 1107 1940 ἡμᾶς
1130 1902 1372 1938 ἀνθρωποπρεπῶς
1396 1901 1436 1936 τῷ
1448 1900 1584 1936 θεαρχικῷ
1607 1899 1747 1935 Πνεύματι
1769 1907 1820 1925 κα-

1034 1949 1234 1985 θαγιασῦέντος,
1247 1947 1416 1982 ἁναλλοιώτῳ
1434 1947 1484 1982 τῆς
1514 1946 1658 1978 οὑσιώδους
1693 1945 1820 1980 θεότητος

1034 1996 1088 2029 ἕξει
1103 2015 1110 2028 ,
1134 1995 1165 2021 τὸ
1189 1994 1323 2021 θειότατον
1339 1993 1451 2028 Πνεῦμα
1463 1991 1674 2028 χορηγούμενον.

948 2069 962 2105 §
979 2067 1052 2098 xu.

230 2138 287 2167 lloc
311 2140 391 2167 etiam
420 2145 515 2168 sancte
552 2141 684 2173 observa,
715 2144 745 2167 ut
775 2139 978 2167 sacratissimo~

1063 2139 1117 2165 Καὶ
1138 2137 1217 2164 τοῦτο
1228 2137 1256 2163 δὲ
1271 2134 1436 2171 ιεραρχικῶς
1463 2133 1598 2170 ἐννόησον,
1622 2133 1663 2160 ὅτι
1687 2131 1734 2159 καὶ
1765 2131 1815 2158 τοῦ

194 2192 253 2211 rum
287 2185 330 2212 iila
361 2186 403 2212 lex
439 2187 631 2221 mysteriorum
658 2186 813 2220 purissimis
847 2184 979 2219 unguenti

1041 2186 1101 2212 >είου
1134 2184 1325 2220 θυσιαστηρίου
1356 2182 1406 2218 τὴν
1444 2181 1518 2218 ἱερὰν
1545 2179 1685 2207 τελείωσιν
1715 2179 1731 2213 ἡ
1760 2177 1817 2204 τῶν

193 2232 371 2259 Sacratissimi
387 2231 565 2259 aﬂ'usionibus
582 2232 664 2258 divini
680 2239 788 2267 quoque
808 2231 903 2258 altaris
912 2238 979 2258 con-

1041 2231 1189 2266 ιγιωτάτων
1201 2229 1299 2256 τελεῶν
1312 2228 1474 2264 θεσμοθεσία
1486 2228 1518 2259 ³³,
1530 2227 1589 2257 ταῖς
1608 2224 1655 2252 τοῦ
1670 2224 1816 2260 ἱερωτάτσυ

193 2278 372 2304 secrationem
388 2278 523 2312 perficiat.
551 2278 599 2305 Est
615 2278 710 2313 utique
725 2277 931 2312 supracmlestis
947 2283 979 2303 ac

1041 2276 1118 2312 ιύρου
1129 2275 1299 2310 τελετουργεῖ
1321 2274 1344 2289 ³³
1358 2272 1508 2307 παναγέσιν
1532 2270 1701 2306 ὲπιχύσεσιν.
1736 2268 1816 2295 Ἐστι

191 2323 463 2357 supersnbstautialis
493 2324 550 2350 haec
576 2323 667 2350 divina
697 2324 821 2358 operatio
846 2323 981 2349 universae.

1041 2321 1058 2347 ἑὲ
1070 2319 1265 2356 ὑπερουράνιος
1285 2319 1307 2335 ³³
1319 2319 1365 2345 κα)¹
1377 2317 1537 2354 ὑπερούσιος
1550 2317 1567 2352 ἡ
1579 2314 1679 2351 θεωρία
1702 2314 1735 2347 ⁸⁸,
1760 2314 1815 2341 πά-

192 2368 323 2395 divinitus
345 2367 423 2395 nobis
439 2370 569 2403 praestita:
585 2369 812 2396 sanctiﬁcationis
832 2369 938 2395 initium
951 2372 978 2395 et

190 2413 308 2440 essentia
324 2414 464 2447 virtusque
478 2414 638 2448 perfectiva.
666 2414 771 2442 Etenim
789 2415 811 2441 si
827 2413 916 2445 Jcsus,
928 2413 975 2447 qui

190 2462 232 2485 est.
247 2458 334 2485 altare
365 2465 490 2486 nostrum
516 2452 716 2486 divinissimum
732 2459 824 2486 divina
842 2463 885 2486 est
903 2458 975 2486 divi-

190 2511 288 2531 narum
320 2504 451 2531 mentium
470 2506 659 2538 consecratio,
686 2505 712 2532 in
744 2513 799 2539 quo
825 2505 973 2532 secundum

191 2548 358 2583 Scripturam
384 2550 559 2580 sanctiﬁcati.
577 2555 604 2578 et
632 2551 748 2586 mystice
763 2551 788 2577 in
805 2558 909 2578 morem
925 2550 974 2578 bo-

188 2593 302 2621 lncausti
333 2595 500 2622 concremati
515 2615 523 2627 ,
540 2603 681 2623 accessum
697 2596 865 2629 obtinemus,
881 2604 976 2630 supra-

190 2641 333 2668 nmodanis
361 2641 447 2668 oculis
464 2641 755 2676 22²ι1ἱνὶηἰεείιηυιιι
789 2643 854 2670 illud
885 2642 975 2670 altare

993 2358 1016 2385 υ
1030 2373 1080 2400 σης
1093 2365 1140 2400 τῆς
1162 2363 1325 2399 θευυργικῆς
1347 2362 1425 2398 ἡμῶν
1450 2361 1608 2396 ἁγιαστείας
1630 2361 1651 2376 ³⁷
1672 2359 1743 2396 ἀρχὴ
1768 2359 1815 2386 καὶ

1029 2410 1108 2437 οὐσία
1131 2410 1178 2437 καὶ
1200 2409 1388 2445 τελεσιουργὸς
1424 2407 1547 2444 δύναμις.
1573 2407 1605 2434 El
1628 2407 1681 2441 γάρ
1705 2406 1763 2432 ἐστι
1783 2405 1815 2432 τὸ

1028 2456 1162 2484 θειότατον
1188 2455 1264 2491 ὑμῶν
1288 2455 1478 2491 θυσιαστήριον
1507 2451 1620 2489 Ἰησοῦς,
1644 2452 1662 2487 ἡ
1682 2449 1814 2486 θεαρχικὴ

1027 2501 1082 2528 τῶν
1099 2501 1178 2528 θείων
1202 2500 1271 2527 νοῶν
1293 2499 1452 2536 ἀφιέρωσις,
1475 2499 1503 2525 ὲν
1525 2495 1548 2532 ᾧ
1571 2497 1641 2525 κατὰ
1660 2497 1691 2524 τὸ
1715 2496 1813 2530 Λόγιον

1027 2547 1228 2583 ἀφιερούμενοι,
1252 2545 1299 2572 καὶ
1323 2544 1460 2580 μυστικῶς
1490 2542 1725 2579 ὀλοκαυτούηενοι,
1762 2540 1812 2576 τὴν

1028 2591 1210 2628 προσαγωγὴν
1233 2591 1340 2626 ἔχομεν,
1364 2590 1556 2626 ὑπερκοσμίοις
1580 2588 1726 2624 ὀφθαλμοῖς
1748 2588 1812 2613 ἐπο-

1027 2637 1188 2673 πτεύσωμεν
1217 2637 1283 2663 αὐτὸ
1299 2637 1329 2662 τὺ
1354 2636 1488 2663 θειότατον
1514 2635 1702 2671 θυσιαστήριον
1725 2633 1768 2669 (ὲν
1789 2628 1812 2666 ᾧ

839 2708 956 2737 VARUS
975 2706 1178 2736 LECTIONES.

225 2799 246 2816 "‘
258 2797 364 2830 ἑαυτοῦ,
379 2799 407 2825 D.
428 2798 457 2826 S.
473 2799 503 2827 P.
547 2799 569 2816 ’⁷
586 2799 650 2830 θείῳ
661 2807 713 2826 non
730 2798 828 2826 habent
840 2797 874 2825 Μ.
892 2798 924 2825 ῐ).
942 2797 987 2825 Sc.

628 2808 650 2850 ις
661 2808 713 2826 non
730 2808 828 2826 Itanent
841 2808 874 2825 Μ-
894 2808 924 2825 U.
943 2808 987 2825 DC.
1033 2808 1055 2814 ’τ’
1069 2808 1258 2831 υποοιικνυσα,
1272 2808 1322 2825 υη.
1339 2808 1368 2823 ν.
1382 2808 1409 2823 Β.
1423 2808 1450 2823 1ἰ
1483 2808 1503 2838 Τ
1518 2808 1528 2823 ι

652 2835 705 2861 1ἄν
725 2842 777 2861 non
802 2834 883 2869 habet
900 2833 930 2859 υ.
953 2832 982 2860 S.
1002 2833 1035 2869 P.
1070 2833 1092 2869 ‘f
1113 2833 1280 2869 npbcibetav,
1296 2834 1329 2869 bl.
1343 2832 1463 2869 αἰωνίαν,
1479 2833 1528 2869 Lb.

660 2869 690 2898 P.
706 2869 736 2896 D.
749 2869 799 2896 Cb.
838 2868 860 2884 "
874 2868 1065 2904 ὑπερουρανία,
1081 2867 1114 2895 II.
1135 2864 1208 2896 ι).
1226 2864 1276 2896 Cb.
1311 2868 1334 2884 "
1347 2867 1483 2902 θεουργία,
1500 2867 1528 2894 5.
1545 2865 1574 2892 ί).
1592 2865 1641 2892 Cit.
1682 2864 1703 2880 ³⁷
1715 2865 1810 2899 θεωρ-

188 2833 262 2870 δι’.
302 2834 323 2870 δέ
337 2834 406 2870 ὑπὲρ
419 2834 489 2870 ww,
506 2835 538 2861 Μ.
554 2834 600 2862 St“.

189 2869 300 2903 μοθεσία
314 2869 380 2904 legc.
393 2869 396 2870 ⁷
419 2869 442 2886 ⁸⁸
453 2870 647 2932 τελεσιουρῖῗῖ,
660 2869 665 2896 l

189 2905 249 2932 γίας
260 2904 338 2932 ἡμῶν
352 2905 397 2932 καὶ
413 2905 577 2932 ὰγιαστείας.
625 2925 630 2931 .
651 2907 665 2932 ξ

187 2905 249 2937 γίας
260 2905 338 2940 ἡμῶν
352 2905 397 2932 καὶ
413 2905 577 2940 ὰγιαστείας,
598 2905 630 2932 Μ.
651 2907 696 2932 δε.

1032 2799 1055 2814 ’⁸
1069 2797 1258 2831 ὑποδιικνῦσα,
1272 2798 1322 2825 Ch.
1339 2797 1368 2823 Β.
1381 2796 1409 2823 S.
1423 2796 1450 2823 Ρ.
1482 2797 1504 2812 ’³
1518 2796 1583 2823 ὂντα
1598 2801 1648 2821 ιιοη
1662 2797 1703 2819 est
1717 2792 1744 2820 in
1756 2792 1808 2820 Cb.

1070 2833 1092 2850 ³³
1113 2833 1181 2856 πρὸς
1196 2833 1280 2856 θείεινΔ
1297 2834 1329 2856 Μ.
1343 2832 1463 2856 αἰωνίαν.
1479 2832 1528 2856 tib.
1564 2831 1586 2845 ³³
1605 2827 1721 2856 τελετῶν
1748 2827 1810 2854 θεα-
