1929 3068
127 182 179 211 ιεδ

481 179 525 208 DE
549 178 690 207 ECCLES.
707 174 907 210 HlERARCH.,
927 173 1005 203 CAP.
1020 174 1069 203 IV.
1086 191 1118 196 —
1134 175 1297 203 CORDERII
1312 172 1428 205 ΝΟΤᾹΣ.

1702 179 1755 209 686

127 242 161 268 τὰ
174 239 324 276 τελούμενα
347 239 473 271 τελεῖται,
486 239 534 265 καὶ
557 237 718 273 ἁγιάζεται)
742 237 809 273 πρὸς
834 235 913 262 αὑτοῦ

969 235 1124 262 intueamur
1138 233 1176 268 (in
1192 241 1246 268 quo
1263 240 1294 260 ea
1323 242 1384 268 quae
1403 235 1532 263 iuitianda
1558 242 1639 271 sunt,
1655 245 1756 265 conse-

125 287 172 313 τοῦ
197 287 334 313 Θειοτάτου
362 287 448 321 μύρου
478 284 660 318 τελούμενον·
683 283 792 318 ἁγιάζει
815 282 869 318 γὰρ
892 281 914 297 ³⁸

125 332 197 367 ὑπὲρ
219 331 296 367 ἡμῶν
326 326 421 357 ἑαυ-εὸν
454 331 468 357 ὁ
492 329 697 363 παναγιώτατος
727 327 840 363 Ἰησοῦς,
868 324 931 354 καὶ¹

125 378 216 413 πάσης
225 377 301 412 ἡμᾶς
315 376 337 391 ³*
353 375 510 410 ἁγιαστείας
521 374 683 410 ἀποπληροῖ,
703 374 757 400 τῶν
770 374 812 400 ἐπ’
825 373 914 400 αὐτῶν

125 422 149 438 ⁸⁸
160 421 327 456 τελουμένων
352 419 532 455 οἰκονομικῶς
547 419 586 451 εἰς
600 420 684 454 ἡμᾶς,
712 418 750 450 ὡς
772 417 914 453 θεογεννή-

125 476 199 499 τους,
222 467 315 494 λοιπὸν
328 464 536 502 ἀγαθουργικῶς
548 465 746 491 διαϐαινόντων.
762 464 856 496 ”Οθεν,
876 463 914 495 ὼς

125 511 214 549 οἶμαι,
231 512 304 540 κατὰ
322 512 384 539 νοῦν
409 511 563 547 ἱεραρχικδν
584 511 786 546 θεοπαραδότως
798 511 823 537 οἱ
848 510 914 536 Θεῖοι

126 561 175 596 τῆς
197 559 332 595 καθ’ήμᾶς
348 560 369 585 is
375 559 486 594 ραρχίας
498 558 686 594 καθηγεμόνες
698 557 747 593 τὴν
760 558 914 593 πάνσεμνον

125 606 227 641 ταύτην
245 605 398 641 ἱερουργίαν
415 604 499 640 μύρου
513 604 623 639 τελετὴν
636 605 668 630 ὲκ
682 603 728 630 τοῦ
751 602 913 639 τελουμένου

126 650 327 686 πραγματικῶς
341 649 526 684 ὀνομάζουσιν,
541 648 578 680 ὡς
590 648 622 674 ἄν
643 657 685 680 τις
709 648 777 683 φαίη
790 647 857 673 Θεοῦ
869 654 914 673 τε-

126 697 216 732 λετὴν,
241 697 362 731 ἑκατέρῳ
375 695 413 730 νῷ
435 696 486 730 τὴν
508 695 581 722 θείαν
593 694 676 729 αὐτῆς
689 693 879 729 τελετουργίαν
891 693 912 708 ⁵¹

127 741 285 777 ὑμνοῦντες.
302 742 380 768 Ἐστι
397 740 451 776 γὰρ
472 739 555 767 αὑτοῦ
567 740 661 776 τελετὴ
672 740 718 766 καὶ
739 740 769 766 τὺ
794 739 827 766 δι’
841 739 914 775 ἡμᾶς

126 786 368 822 ἀνθρωποπρεπῶς
398 785 560 821 ἁγιάζεσθαι
574 805 580 817 ,
604 786 652 812 καὶ
684 785 715 811 τὸ
746 784 913 820 θεουργικῶς

127 833 235 860 ἅπαντα
255 832 342 859 τελεῖν
367 836 414 860 καὶ
441 832 564 867 ἁγιάζειν
586 831 621 858 τὰ
640 831 799 867 τελούμενα.
825 832 861 857 Τὸ
884 831 914 858 δὲ

128 878 200 914 ἱερὸν
212 876 262 913 τῆς
273 878 327 904 τῶν
341 878 495 914 θεολήπτων
515 877 661 913 προφητῶν
673 877 814 909 ἐπιπνοίας
826 876 914 912 μελῲ-

967 283 1080 306 crantur
1096 286 1127 305 ac
1141 279 1357 315 sanctificantiir)
1387 281 1503 315 ipsemet
1532 287 1670 317 unguento
1686 283 1756 311 divi-

966 325 1080 352 nissimo
1107 324 1268 352 initiatum:
1292 327 1446 354 sanctificat
1478 328 1550 355 enim
1576 328 1754 364 semetipsum

966 378 1014 406 pro
1042 370 1119 398 nobis
1148 371 1337 398 sanctissimus
1364 372 1408 399 ille
1434 372 1524 405 Jesus,
1544 382 1646 408 nosque
1672 377 1749 403 omni

965 415 1053 450 replet
1073 416 1228 448 sanctitate,
1245 417 1309 443 dum
1329 424 1360 443 ea
1377 424 1435 450 qua:
1460 417 1486 444 iu
1508 425 1540 445 eo
1556 424 1688 453 geruntur
1706 428 1755 455 per

965 461 1205 496 dispensationem,
1220 463 1252 489 ad
1267 470 1326 494 nos,
1341 463 1423 490 veluti
1441 471 1456 490 a
1475 463 1530 491 Deo
1543 467 1659 500 genitos,
1670 466 1756 495 bene-

965 507 1017 534 ﬁce
1035 507 1185 534 dimanant.
1203 507 1290 541 Unde,
1303 514 1332 536 ut
1346 509 1454 544 opinor,
1469 509 1544 543 juxta
1556 519 1667 539 sensum
1687 514 1748 540 hie-

961 557 1117 580 rarcnicum
1136 554 1181 587 qui
1196 561 1211 580 a
1229 553 1285 581 Deo
1301 555 1416 582 traditus
1434 559 1485 586 est,
1509 555 1593 582 divini
1617 556 1663 584 isti
1679 557 1751 584 sacri

961 598 1048 627 nostri
1063 598 1168 626 ordinis
1190 599 1273 626 duces
1292 605 1416 627 sanctum
1433 601 1485 627 hoc
1501 601 1631 636 unguenti
1646 607 1750 637 myste-

960 644 1031 672 rium
1045 643 1166 679 τελετήν,
1180 644 1205 671 id
1222 650 1263 671 est
1277 645 1497 672 consecrationem
1510 652 1618 679 vocant,
1635 648 1707 682 quod
1722 656 1750 675 re

961 688 1020 723 ipsa
1035 694 1176 716 consecret
1192 694 1273 723 atque
1286 695 1472 724 consummet;
1490 695 1519 718 ut
1535 692 1556 718 si
1575 691 1637 726 quis
1652 692 1751 719 dixerit

966 737 1011 764 Dei
1028 735 1278 769 consecrationem,
1308 740 1425 769 utroque
1449 743 1530 763 sensu
1547 735 1666 763 divinam
1693 736 1752 771 ejus

965 782 1160 818 perfectionem
1175 781 1358 816 praedicando.
1374 781 1421 809 Est
1430 782 1501 809 enim
1514 782 1558 809 Dei
1570 785 1752 817 consecratio,

965 836 1027 854 etilli
1041 827 1114 862 quod
1127 830 1238 862 propter
1251 835 1300 854 nos
1317 827 1472 854 humanitus
1485 828 1682 860 sanctificetur,
1697 833 1752 855 tum

965 873 1036 908 quod
1053 873 1180 900 divinitus
1206 876 1316 905 cuncta,
1331 880 1391 907 quae
1420 873 1610 900 consecranda
1625 877 1686 900 sunt
1697 873 1754 908 ipse

127 909 211 960 δημα,
228 909 308 959 (aestv
331 924 355 950 οι
372 909 561 958 ’τὰ-Ἑϐραίων
573 909 683 955 εἰδότες,
701 923 731 950 τὸ
750 909 832 955 αἶνος.
844 909 911 949 Θεοῦ

965 909 1105 946 consécret
1120 922 1147 946 et
1167 918 1334 946 sanetificet.
1355 918 1439 945 Porro
1456 918 1541 947 melos
1556 919 1621 946 illud
1636 927 1749 947 sacrum

126 969 233 1006 δηλοῦν,
260 969 277 1005 ἢ
299 970 329 996 τὺ
359 969 473 996 Αἰνεῖτε
493 969 548 995 τὸν
570 969 688 1001 Κύριον,
720 968 840 1003 ’Λπάσης
866 965 913 994 οὖν

128 1015 204 1051 ἱερᾶς
218 1013 375 1050 Θεοφανεῖας
390 1015 437 1041 καὶ
448 1014 590 1050 Θεουργίας
602 1013 624 1030 δ’
638 1014 667 1040 ὲν
678 1014 711 1048 τῇ
725 1013 833 1050 ποικίλῃ
851 1021 914 1039 συν-

127 1060 201 1087 θέσει
225 1061 280 1088 τῶν
304 1060 468 1097 ἱεραρχικῶν
492 1058 633 1095 συμϐόλων
652 1059 911 1096 ἱερογραφουμένης,

129 1108 180 1134 οὐκ
203 1108 372 1143 ἀνάρμοστόν
394 1108 450 1133 ἐστι
464 1106 618 1142 μεμνῆσθαι
630 1106 678 1141 τῆς
692 1106 846 1142 θεοκινήτου
859 1105 913 1132 τῶν

127 1153 273 1188 προφητῶν
287 1153 446 1188 ὑμνολογίας
459 1161 465 1167 ·
489 1152 609 1178 διδάσκει
632 1151 685 1187 γὰρ
695 1151 800 1185 εὐαγῶς
812 1160 841 1177 τε
856 1152 914 1187 ἅμα

127 1201 174 1227 καὶ
188 1201 367 1237 ἱεροπρεπῶς,
388 1200 468 1228 αῐνων
490 1199 568 1236 ἱερῶν
578 1198 655 1231 ἀξίας
667 1196 736 1225 εἶναι
746 1199 795 1230 τὰς
807 1198 914 1234 θεαρχι-

126 1247 177 1279 κάς
190 1247 212 1263 ⁸³
225 1246 418 1283 ἀγαθουργίας.

966 965 1160 999 prophetarum
1191 964 1321 991 divinitus
1356 963 1527 997 amatorum,
1552 965 1627 993 aiunt
1648 966 1675 993 bi
1705 966 1752 1001 qui

969 1009 1102 1038 Hebraice
1114 1013 1230 1043 norunt,
1245 1010 1292 1037 Dei
1310 1009 1416 1037 laudem
1432 1009 1595 1045 significare,
1610 1012 1666 1039 sive
1682 1011 1755 1039 Lau-

966 1057 1026 1084 date
1041 1056 1193 1084 Dominum.
1221 1055 1288 1083 Cum
1306 1055 1388 1091 igitur
1403 1064 1480 1084 sacra
1497 1058 1585 1085 omnis
1607 1058 1654 1085 Dei
1671 1066 1754 1094 appa-

966 1104 1029 1131 ritio
1045 1105 1173 1138 actioque
1194 1103 1221 1130 iu
1239 1103 1345 1130 diversa
1365 1102 1596 1131 hierarcliicorum
1612 1105 1751 1140 symbolo-

968 1157 1029 1176 rum
1045 1148 1243 1184 compositione
1256 1148 1292 1176 sit
1315 1149 1460 1184 descripta,
1475 1157 1647 1184 nequaquam
1664 1151 1711 1178 abs
1722 1159 1753 1179 re

966 1194 1057 1227 fuerit,
1082 1194 1237 1222 meminisse
1264 1194 1430 1223 laudationis
1455 1196 1647 1230 prophetarum
1670 1205 1751 1232 quam

967 1240 1096 1267 divinitus
1121 1239 1273 1268 didicerunt
1298 1247 1305 1267 :
1328 1241 1406 1268 docet
1423 1241 1495 1269 enim
1515 1243 1644 1276 praeclare
1669 1243 1752 1270 simul

967 1294 999 1313 ac
1022 1290 1131 1320 sancte,
1151 1286 1241 1314 divina
1270 1287 1400 1315 beneficia
1418 1288 1556 1323 praecipua
1571 1287 1650 1317 laude
1671 1289 1752 1324 digna

966 1339 1038 1360 esse.

722 1487 991 1516 ADNOTATIONES
1010 1488 1183 1516 CORDERIL

164 1559 232 1598 Nota
247 1559 346 1594 primo,
372 1563 450 1598 parte
467 1557 647 1598 prima_h_ujiis
661 1557 768 1598 capitis.
785 1557 942 1598 mysterium
964 1558 1095 1598 unguenti
1108 1566 1155 1585 seu
1168 1558 1326 1598 chrismatis
1339 1559 1391 1598 dinei
1403 1558 1594 1598 coardinatum
1611 1567 1672 1588 esse
1687 1569 1750 1598 myr-

129 1596 215 1622 slurio
231 1592 380 1629 synaxeos;
406 1594 468 1627 quia
483 1593 589 1620 nonnisi
605 1594 681 1629 intra
703 1592 847 1629 missarum
874 1592 1013 1629 solemnia
1022 1594 1179 1620 consecrari
1197 1598 1301 1628 potest;
1319 1594 1346 1620 in
1359 1593 1477 1621 Eoi-lesia
1494 1601 1583 1622 autem
1598 1604 1662 1623 usus
1681 1592 1752 1624 oti'ti-

129 1631 199 1662 nuit,
221 1628 319 1656 uitiato
331 1629 502 1656 consecratio
515 1629 540 1655 in
561 1629 654 1662 quinta
670 1628 737 1655 feria
753 1628 864 1662 majoris
880 1628 1056 1655 hebdomadas
1072 1629 1234 1661 celebretur,
1243 1629 1319 1662 cujus
1337 1630 1375 1656 rei
1389 1630 1522 1656 rationem
1535 1637 1567 1657 ac
1591 1630 1671 1658 ritum
1691 1632 1752 1659 vide

130 1665 202 1699 apud
217 1663 390 1692 Guillelmum
406 1663 560 1690 Durainluin
574 1664 600 1690 iu
618 1662 752 1690 Rationuli
767 1663 918 1689 divinorum
931 1663 1084 1699 officiorum,
1101 1663 1149 1691 lib.
1165 1671 1203 1695 Vl,
1223 1671 1283 1698 cap.
1297 1664 1342 1691 74.

166 1701 233 1727 l\oia
246 1700 364 1726 secundo
373 1721 379 1731 ,
397 1699 422 1725 in
434 1699 559 1735 Ecrlesia'
574 1699 671 1733 triplex
695 1703 758 1735 tunc
769 1698 859 1725 oleum
879 1698 1045 1735 consecrari.
1062 1698 1180 1735 Primum
1193 1703 1236 1726 est
1248 1699 1337 1725 oleum
1348 1700 1619 1732 catecliumenorum,
1632 1700 1659 1727 in
1672 1700 1752 1735 cujus

128 1736 283 1762 exorcismo
296 1735 452 1768 praecipitur
462 1734 571 1770 diabolo
586 1734 774 1770 tityrecedatra
800 1734 1008 1770 catccliumeno,
1024 1733 1072 1770 qui
1085 1734 1174 1761 adhuc
1200 1738 1343 1770 reputatur
1369 1740 1502 1766 mortuus,
1523 1743 1665 1770 quousque
1695 1733 1750 1764 non

127 1775 170 1797 est
183 1770 347 1804 baptizatus.
364 1767 519 1796 Secundum
542 1773 584 1796 est
597 1769 685 1795 oleum
702 1769 869 1804 chrismatis,
893 1768 964 1801 quod
979 1767 1036 1801 jam
1049 1769 1172 1796 viventes
1190 1767 1337 1804 significat,
1355 1775 1381 1796 et
1397 1767 1539 1797 adhibetur
1550 1767 1707 1804 baptizalis,
1723 1775 1752 1798 et

129 1806 157 1831 in
171 1803 383 1832 continuationis
401 1805 557 1838 ordinisque
580 1804 771 1836 sacramentis,
807 1803 921 1837 aliisque
951 1804 1214 1832 consecrationibus.
1243 1803 1363 1830 Tertium
1386 1808 1428 1831 est
1459 1805 1547 1831 olequ
1570 1803 1750 1838 infirmorum,

128 1841 200 1874 quod
214 1840 270 1874 jam
285 1839 416 1867 sauciatis
434 1840 565 1866 medelam
579 1843 699 1873 praestat,
716 1843 742 1865 et
758 1839 886 1872 quoniam
902 1838 980 1865 dolor
993 1839 1116 1872 sequitur
1126 1838 1326 1873 :cgritudineiu,
1345 1839 1408 1866 hinc
1429 1840 1455 1866 in
1472 1840 1529 1873 ejus
1543 1841 1751 1868 consecratione

128 1881 206 1908 rogat
222 1875 341 1909 pontifex
359 1876 401 1901 isti
417 1875 476 1910 oleo
498 1876 624 1902 virtutem
643 1874 735 1905 trinui,
763 1874 795 1900 ad
816 1874 1005 1910 evacuanduin
1022 1882 1117 1901 omnes
1131 1874 1249 1910 dolores,
1263 1878 1289 1900 et
1316 1881 1425 1901 omnem
1442 1876 1644 1908 mgritndinctn,
1668 1876 1749 1910 juxta

131 1907 196 1936 illud
213 1907 305 1936 Jacobi
323 1918 349 1942 v,
366 1910 398 1936 M
414 1918 422 1936 :
438 1909 596 1945 Irtﬁrmutur
610 1909 668 1943 quis
682 1909 709 1936 in
725 1909 795 1935 vobis
813 1908 825 1934 ?
844 1907 958 1945 inducat
972 1910 1133 1945 presbyteros
1147 1908 1281 1945 Ecclesiw,
1297 1914 1320 1935 et
1337 1915 1410 1945 orent
1423 1907 1502 1944 ειιμὶιί
1514 1918 1581 1941 ,ειιηι
1592 1929 1599 1942 ,
1626 1907 1751 1945 tingentes

128 1952 187 1971 eum
203 1945 270 1975 oleo,
284 1946 310 1971 in
333 1946 435 1971 nomine
450 1944 557 1971 Domini
573 1949 616 1970 :ct
632 1945 718 1971 oratio
743 1944 804 1978 ﬁdei
822 1944 932 1970 saliiubit
956 1943 1100 1979 inﬁrmum,
1115 1950 1138 1971 et
1154 1944 1285 1971 ulleviatn't
1299 1952 1357 1970 eum
1374 1944 1510 1973 Domitius.
1530 1949 1553 1971 et
1565 1946 1588 1971 ai
1599 1945 1626 1971 in
1638 1943 1751 1979 pel-cam

129 1981 173 2011 sit,
203 1980 368 2006 remittemur
383 1980 417 2006 ei.
447 1979 526 2006 Plura
550 1980 596 2015 qui
613 1981 694 2010 volet,
710 1980 742 2006 dc
763 1979 804 2005 liis
818 1978 939 2005 cousiilal
953 1978 1127 2015 Guillelniuin
1142 1980 1299 2006 Duraiidum
1317 1979 1476 2015 ιοεοηειιμιειι
1489 1980 1584 2012 citato,
1599 1984 1626 2007 et
1638 1978 1670 2007 in
1681 1980 1752 2008 libro

129 2015 177 2054 pe
193 2015 289 2041 diuinis
304 2015 401 2048 ofﬁciis
426 2015 583 2047 Aleuinuni,
617 2019 644 2042 et
668 2014 835 2041 Aiualariuui
852 2014 967 2041 diversis
984 2014 1010 2041 iu
1034 2014 1114 2045 locis.
1138 2015 1289 2050 prxsertini
1307 2015 1333 2041 in
1352 2014 1439 2042 ollicio
1464 2016 1566 2050 quintae
1594 2015 1670 2043 feriae
1693 2024 1753 2043 nia-

138 2057 204 2077 OI'IS.

127 2056 398 2112 lolilii-rteundecima
414 2087 496 2113 tradit
513 2085 593 2112 ritum
620 2084 794 2112 benedicemli
827 2089 1004 2119 unguentum,
1036 2085 1078 2112 cui
1110 2092 1242 2119 suppares
1272 2084 1330 2112 fere
1351 2085 1526 2112 eueliarisliae
1549 2086 1751 2114 consecration]

128 2122 295 2147 caereniouiie
312 2121 485 2149 adhibentur.
504 2120 579 2148 Unde
608 2121 725 2155 Cyrillus
742 2120 1002 2155 Hierosolyiuitanus
1025 2120 1161 2147 catecliesi
1187 2121 1216 2153 5,
1245 2119 1393 2155 Hystagogi
1421 2122 1491 2147 lianc
1517 2121 1751 2148 consecrationem

129 2156 166 2183 ita
180 2161 338 2190 exaggerat,
355 2161 384 2183 ιιι
398 2164 457 2183 eain
473 2165 532 2184 cuin
550 2158 756 2182 COIISUCrallolle
767 2156 940 2182 eueliaristiae
955 2155 1081 2182 conferre
1096 2156 1229 2187 videatur,
1243 2161 1336 2182 Veruin
1353 2156 1522 2190 comparatio
1534 2156 1695 2190 accipienda
1710 2161 1752 2183 est

128 2198 180 2225 per
194 2192 340 2224 quamdam
356 2192 559 2219 similitudinem
576 2192 616 2218 vel
627 2191 838 2225 proportionem,
849 2199 901 2216 nun
914 2190 1105 2224 aequalitatem.
1122 2190 1215 2223 Quoad
1231 2190 1332 2224 aliquid
1349 2196 1440 2217 tanien
1462 2191 1520 2218 haec
1535 2192 1691 2219 betiedietid
1704 2199 1752 2218 seu

128 2229 416 2260 consecratiodiguior
428 2228 510 2254 videri
525 2232 626 2261 posset,
641 2231 774 2260 quatenus
782 2227 814 2251 ad
826 2233 886 2252 eam
900 2226 1061 2260 episcopalis
1070 2227 1218 2253 auctoiitas
1231 2225 1310 2260 223
1321 2226 1474 2253 necessaiia
1486 2231 1546 2259 est;
1564 2227 1599 2253 ita
1615 2227 1752 2260 utabsque

128 2261 175 2288 illa
191 2261 256 2288 niliil
277 2261 324 2297 liat
344 2262 369 2287 in
387 2262 439 2288 hoc
450 2262 599 2297 mysterio:
621 2262 821 2297 pertinetreuim
837 2261 870 2287 ad
882 2265 1039 2297 potestatem
1051 2261 1153 2287 ordinis
1173 2264 1352 2295 episcopalis,
1375 2268 1464 2296 neque
1484 2270 1543 2288 eain
1565 2262 1646 2288 liabet
1663 2269 1696 2288 ex
1725 2261 1751 2288 vi

128 2296 233 2324 ordinis
249 2296 361 2329 simplex
377 2296 516 2324 sacerdos.
530 2298 572 2324 An
583 2305 647 2324 vero
660 2296 780 2331 pontifex
791 2304 850 2323 eaut
867 2296 1038 2323 committere
1048 2296 1134 2330 possit
1143 2297 1260 2331 simplici
1271 2297 1602 2330 sacerdoti,disputatura
1617 2297 1752 2331 theologis

128 2332 156 2358 in
166 2338 288 2394 pazledlll
305 2330 578 2394 t)_.z;l‘lioune,2quaast.
592 2332 636 2364 72,
645 2330 696 2359 art.
708 2332 724 2358 'o’
734 2331 793 2364 et‘,
806 2336 834 2358 et
845 2331 1013 2365 probabilius
1026 2333 1146 2364 videtur,
1155 2330 1207 2360 non
1221 2339 1310 2366 posse.
1324 2331 1391 2359 Vide
1404 2335 1515 2364 buarez,
1523 2338 1600 2366 parte
1612 2339 1654 2363 iii,
1664 2339 1691 2366 q.
1705 2330 1750 2364 72,

128 2372 180 2394 art.
216 2386 223 2394 .
261 2375 311 2394 isn.
322 2374 337 2393 ο
360 2386 366 2394 .
381 2373 447 2394 sect.
487 2389 494 2394 .

126 2372 180 2394 art.
196 2367 223 2398 4,
241 2368 311 2398 disp.
321 2367 366 2398 55,
381 2373 447 2394 sect.
466 2367 494 2396 2.

163 2375 494 2439 δοῖ-ἶ·οαπιᾞιιῗῖᾇιῗέδὲἰιὲ.
507 2411 553 2430 seu
567 2403 637 2430 sacri
657 2402 893 2439 clirismatisrusus
907 2402 1010 2437 (utibic
1027 2409 1136 2437 quoque
1152 2401 1178 2428 iu
1194 2400 1247 2428 ﬁne
1264 2402 1388 2437 mysterii
1405 2402 1484 2430 docet
1506 2402 1662 2439 Dionysius)
1675 2402 1752 2430 valde

127 2445 220 2464 varius
236 2442 278 2465 est
306 2440 332 2465 in
348 2437 488 2471 Ecclesia;
505 2441 623 2465 maxime
635 2446 698 2464 vero
712 2438 844 2465 solemnis
863 2442 890 2464 et
912 2438 1067 2465 essentialis
1083 2443 1126 2464 est
1143 2439 1168 2464 in
1191 2443 1365 2464 sacramento
1379 2437 1607 2471 continuationis,
1621 2437 1698 2472 cujus
1710 2443 1752 2464 est

127 2473 243 2500 materia
257 2474 424 2504 necessaria,
436 2474 474 2500 uti
501 2475 532 2501 D.
545 2474 665 2501 Thomas
687 2473 714 2499 in
728 2481 757 2500 ιιι
773 2478 861 2508 parte,
885 2479 983 2506 quaest.
996 2472 1039 2504 72,
1054 2479 1109 2499 art.
1122 2473 1149 2505 5,
1169 2477 1269 2499 etcum
1282 2480 1316 2500 eo
1342 2473 1457 2507 theologi
1477 2475 1585 2502 docent.
1599 2473 1752 2500 lnlaiitibus

126 2515 235 2542 quoque
258 2514 286 2535 ct
305 2509 521 2540 catecliumeiiis,
537 2514 679 2543 postquam
702 2509 804 2535 fuerint
833 2509 974 2544 tiaptizati,
988 2513 1081 2535 vertex
1096 2508 1193 2542 capitis
1221 2509 1372 2535 chrismate
1392 2508 1543 2543 iniungitur,
1560 2517 1641 2544 quam
1664 2516 1752 2544 ciere-

127 2544 248 2570 nioniani
264 2544 291 2570 in
321 2545 460 2579 primitiva
492 2545 613 2572 Ecclesia
637 2544 786 2571 adhibitam
816 2543 911 2579 fuisse,
928 2548 1002 2577 patet
1031 2551 1066 2570 ex
1082 2545 1124 2579 S._
1144 2544 1274 2578 Dionysio
1297 2551 1378 2578 supra
1408 2551 1468 2578 cap.
1489 2551 1520 2577 ii,
1550 2551 1668 2578 parieti,
1685 2543 1700 2579 ᾗ
1716 2543 1751 2575 9,

127 2583 156 2604 et
166 2584 241 2616 parte
257 2587 299 2612 iii,
347 2579 497 2616 9.»Altaria
510 2587 628 2616 quoque,
644 2584 671 2606 et
684 2579 796 2610 calices,
814 2578 920 2616 aliaque
932 2587 994 2606 vasa
1009 2586 1099 2616 sacra,
1110 2577 1173 2616 duin
1189 2577 1398 2611 benedicuntur,
1407 2577 1751 2616 chrismatejnnngunftur,

127 2614 250 2675 fletiiplo
257 2614 369 2676 dveteris
379 2614 590 2648 benedictionis,
604 2614 682 2650 juxta
703 2622 786 2648 quam
801 2614 899 2647 altare,
918 2614 1136 2648 tabernaculum,
1151 2615 1263 2649 ejusque
1277 2621 1340 2641 vasa
1356 2621 1391 2641 ex
1406 2615 1535 2642 mandato
1555 2614 1602 2642 Dei
1617 2615 1751 2649 angeban-

141 2656 183 2676 ur.
207 2657 254 2676 ιιυ
275 2670 283 2676 .
300 2659 364 2676 xxx.

127 2652 183 2681 tur,
197 2652 283 2678 tuod.
300 2659 364 2678 xxx.

782 2732 900 2762 VARLE
915 2732 1118 2762 LECTlONES.

163 2803 185 2819 "
198 2801 305 2836 ἁγιάζει
318 2811 348 2829 τε
360 2803 473 2839 γάρᾳδ.
487 2804 519 2832 P.
533 2803 602 2839 Ch,
624 2802 646 2819 "
661 2801 767 2839 variant
783 2800 952 2839 exemplaria
971 2802 999 2830 in
1027 2802 1161 2837 scriptura
1183 2801 1262 2839 hujus
1281 2801 1417 2839 nominis;
1438 2809 1500 2839 nam
1514 2798 1748 2839 υοιίίιιιίιιιίιιξλιξτιτ

125 2839 189 2866 bent
206 2833 348 2872 ἁλτιαὰτίας
357 2833 524 2873 ,”;ι1ἰὶμιιιιιᾱο
535 2838 678 2872 utrobique
693 2838 719 2864 in
732 2833 882 2873 penultinia
895 2845 931 2869 ει,
943 2839 1016 2870 quod
1024 2833 1108 2866 sem-ei
1124 2833 1279 2870 dictunisit,
1296 2843 1325 2864 et
1343 2833 1443 2872 ubique
1453 2833 1631 2873 rilllenlgﬂilll‘.
1670 2834 1692 2849 ⁵³
1703 2833 1748 2860 ἐπ’

125 2873 208 2908 αὐτῷ,
230 2870 266 2900 Ῥ.
291 2874 319 2899 S.
350 2874 399 2900 Cll.
424 2870 460 2901 ὐ.
509 2876 530 2890 δι
557 2870 770 2908 τελεσίουργίαν,
788 2872 974 2908 ειιηνευειωη
1009 2874 1126 2901 vat-ictas
1162 2873 1301 2908 reperitur
1329 2870 1515 2906 t‘cre'ubique
1540 2871 1566 2898 in
1598 2870 1649 2896 hac
1670 2876 1747 2897 voce.

127 2911 148 2925 η
159 2906 348 2944 δήμιουργίας,
419 2909 464 2937 sc.
508 2910 542 2949 _“
556 2906 729 2944 θεονργιιίάς,
742 2908 777 2935 Μ.
796 2907 825 2935 S.
843 2907 893 2934 Cll.
912 2906 958 2934 Sc.
