1929 3068
213 163 266 191 ist
793 157 822 187 s.
841 158 990 187 DIONYSII
1006 151 1234 187 “coracier
1778 160 1827 189 tas

251 223 328 250 Parte
352 229 392 251 ut.
410 220 424 256 ᾗ
442 222 466 252 1,
485 221 529 247 ubi
543 221 600 248 ait:
615 220 724 247 Nullam
739 220 859 247 virtutem
882 224 974 256 agunt,
991 225 1020 256 ut
1033 221 1065 246 ab
1091 220 1241 247 hominibus
1267 221 1416 256 videantur,
1431 219 1526 246 alludit
1547 220 1579 256 ad
1596 219 1803 256 illttdeatthati
1819 231 1825 248 :

215 258 347 286 Attendile
360 265 391 284 ne
403 254 537 290 justitiam
556 261 669 283 uestram
683 256 790 289 faciatis
816 263 905 282 coram
930 255 1089 287 hominibus,
1112 260 1140 282 ut
1163 257 1303 282 videamini
1331 255 1362 281 ab
1378 256 1425 290 κείς
1445 259 1468 290 ξ,
1481 259 1541 290 etc.
1560 254 1593 281 Et
1609 255 1642 281 ad
1655 255 1741 282 illud:
1761 255 1826 283 0m-

214 295 259 321 πᾶα
280 300 340 319 vero
367 289 446 325 opera
475 299 523 318 sua
548 291 665 325 faciunt,
690 296 718 317 ut
742 289 922 317 videanturut:
948 290 1095 317 hominibus
1111 296 1136 323 ι,
1161 290 1194 317 de
1208 291 1311 318 Scribis
1332 294 1359 316 et
1375 289 1521 317 Pharisatis
1536 289 1685 325 hypocritis
1701 290 1824 324 loquens.

214 329 271 355 Non
289 328 323 354 ita
340 327 390 353 viri
421 327 519 358 sancti,
544 324 590 360 qui
604 326 653 352 soli
675 325 730 352 Deo
743 325 851 360 placere
873 328 1009 360 satagunt,
1025 329 1052 351 et
1074 325 1228 352 hominibus
1243 326 1352 360 placere
1377 325 1482 360 nolunt,
1501 325 1579 360 juxta
1595 324 1662 360 illud
1691 325 1766 352 Pauli
1785 326 1826 352 di-

215 363 302 390 centis
317 370 325 389 :
343 361 408 388 Mihi
425 366 511 387 autem
522 359 569 395 prti
585 361 694 387 minimo
709 359 756 392 est,
771 365 799 387 ut
814 368 830 386 a
845 359 1037 393 uobisjudicer,
1049 366 1095 386 aut
1110 361 1141 387 ab
1154 359 1268 387 humano
1278 360 1321 387 die
1335 360 1366 392 l't;
1383 365 1410 387 et
1424 359 1507 387 alibi:
1523 359 1554 387 Si
1573 359 1659 387 adhuc
1676 361 1826 388 hominibus

212 399 353 432 placerem,
370 404 458 423 servus
474 396 568 422 Christi
583 404 634 422 non
648 404 731 422 essent
746 401 770 422 ε.

249 433 297 469 54.
315 432 434 469 Dicimus
445 432 528 469 igitur
541 432 666 469 unguenti
682 430 904 469 compositionem,
925 429 1102 469 collectionem
1120 430 1335 469 quantdam‘esse
1350 430 1532 469 fragrantiurn
1553 430 1726 469 materiarum
1738 451 1745 463 ,
1771 435 1824 458 ctc.

214 465 292 495 Utide
311 472 393 502 patet,
408 467 526 493 chrisma
547 467 604 492 sive
616 472 779 502 unguentum
801 466 851 502 hoc
867 473 919 502 non
936 473 997 492 esse
1009 466 1135 500 simplex,
1154 466 1200 502 sed
1214 465 1422 502 ccttfectutti__cx
1435 466 1555 502 pluribus
1570 466 1660 502 rebus,
1681 466 1776 502 saltem
1791 474 1825 493 ex

214 499 449 529 veteri'lﬁcclesite
472 508 552 528 sensu
564 506 591 528 et
614 499 675 533 usti,
696 501 733 527 uti
759 508 790 527 ex
808 501 859 527 hoc
886 500 944 527 loco
971 505 1053 534 patet,
1077 506 1104 527 et
1126 508 1159 527 ex
1185 501 1340 527 Innocentio
1367 500 1410 532 lll,
1439 508 1499 535 cap.
1530 499 1689 535 Pastoralis,
1715 499 1823 528 Extra».

214 537 252 564 De
264 545 377 563 sacrant.
394 544 445 562 non
464 537 591 569 iterand.,
601 536 644 562 ubi
657 536 774 562 chrisma
787 535 927 570 distinguit
940 536 973 562 ab
989 535 1051 562 oleo
1065 535 1181 570 simplici
1196 535 1350 563 benedicto.
1367 535 1442 563 Unde
1455 534 1600 569 colligitur,
1614 534 1698 563 fuisse
1717 536 1825 562 mismtn

214 573 349 603 balsamo,
365 572 436 605 quod
448 571 579 605 optitttum
594 570 704 598 odorem
718 571 813 605 spirat.
831 569 900 597 Hinc
918 570 1069 605 Cyprianus
1085 569 1167 597 serm.
1194 570 1233 598 De
1249 571 1371 597 unctione
1394 570 1554 603 chrismatis,
1570 571 1608 597 ait
1627 579 1633 597 :
1657 579 1666 596 ι
1684 571 1770 597 Hodie
1799 571 1825 598 in

214 607 334 634 Ecclesia
350 604 456 632 sacrum
466 604 590 632 chrisma
607 604 759 637 coniicitur,
775 605 867 639 inquo
881 605 990 632 mistum
1004 605 1064 640 oleo
1075 604 1226 632 balsamum
1242 606 1419 632 sacerdotalis
1436 610 1464 632 ct
1479 606 1558 638 regite
1574 606 1714 640 dignitatis
1734 606 1827 639 expri-

214 642 264 668 utit
280 642 430 672 unitatem;
444 650 452 666 t
469 645 496 667 et
511 645 622 667 sanctus
638 640 783 675 Gregorius
799 648 877 675 papa,
894 647 955 674 cap.
971 648 980 667 ι
994 641 1022 666 in
1045 639 1155 666 Cantica
1184 640 1307 667 meminit
1326 641 1483 667 chrismatis
1505 649 1537 668 ex
1557 639 1617 668 oleo
1642 645 1669 667 el.
1692 641 1823 667 balsamo.

215 677 311 704 Docuit
323 681 412 703 autem
430 675 582 703 Ecclesiam
605 683 680 702 suatn
696 677 765 702 hanc
778 676 931 702 chrismatis
946 675 1143 702 coniectionem
1159 675 1186 702 in
1210 675 1304 702 ultimo
1328 675 1374 702 illo
1388 683 1515 704 sermone
1539 684 1618 710 quem
1635 680 1699 702 ante
1718 682 1823 702 coenam

215 719 277 739 cunt
294 712 422 745 apostolis
436 711 529 738 habuit
544 711 679 743 Christus,
695 711 802 744 quando
816 711 899 738 etiam
914 710 990 745 plura
1005 710 1056 737 alia
1082 710 1115 738 ad
1131 718 1241 737 suavem
1258 710 1385 737 Ecclesia:
1397 718 1453 738 suae
1475 711 1696 745 gubernationem
1711 710 1774 737 fecit
1798 714 1825 736 et

211 747 288 789 dixit,
305 746 409 773 etiamsi
423 753 473 772 non
489 746 582 789 pntnia
599 745 794 789 in‘particulari
822 745 997 789 sintnlitleris'
1019 746 1229 789 commendata“
1240 747 1276 772 uti
1291 746 1320 772 S.
1333 745 1451 787 Joannes
1464 746 1639 789 Evangelintn
1668 753 1745 785 suum
1757 753 1825 789 cup-

212 782 461 813 cludenslestatur,
479 782 572 808 dicens
594 789 600 807 :
625 780 691 807 Sunt
714 785 800 807 autem
821 785 845 807 et
862 781 917 807 alia
943 781 1025 807 multa
1043 788 1101 815 qnte
1129 781 1190 815 {erit
1212 781 1313 808 Iesus:
1330 789 1389 816 qua:
1414 782 1437 807 si
1456 781 1606 808 scribantur
1632 789 1678 816 per
1708 780 1823 815 singula,

212 824 257 843 nec
277 818 362 851 ipsum
378 817 492 843 arbitror
504 815 629 842 mundum
644 823 735 848 capere
752 824 826 850 posse
838 824 880 842 eos
894 816 938 850 qui
955 816 1085 842 scribendi
1111 821 1171 842 sunt
1185 816 1266 844 libros
1278 816 1302 843 ἀ.
1337 815 1459 843 Manavit
1478 817 1572 850 itaque
1589 817 1645 843 haec
1670 816 1825 851 chrismatis

210 850 346 879 confectio
366 860 398 878 ex
418 852 567 885 apostolica
582 851 727 879 tradittoue
738 851 892 886 Christique
908 851 1086 884 institutione,
1108 851 1140 878 ad
1161 859 1240 885 quem
1256 852 1387 886 spectavit
1402 851 1543 879 institucre
1556 850 1710 878 essentiulia
1731 858 1825 877 sacra-

212 892 376 914 mentorum.
394 887 459 913 Esse
479 891 567 913 autem
583 886 707 913 chrisma
723 885 864 912 materiam
881 886 1064 913 essentialitcr
1075 885 1232 919 requisitam
1249 885 1282 913 ad
1308 891 1508 914 sacramentum
1533 887 1760 917 conllrntationis,
1776 887 1824 912 de-

211 922 305 949 ﬁnitur
321 922 347 948 in
364 922 478 949 concilio
491 921 651 948 Florentino
677 927 704 948 et
723 920 892 948 Tridentino.
918 921 992 948 Unde
1016 921 1079 948 illud
1089 926 1292 949 sacramentum
1303 929 1497 956 nonnunquam
1527 929 1542 948 a
1571 922 1685 949 materia
1712 927 1825 948 vocatur

211 957 343 988 chrisma,
358 958 397 984 vel
411 961 610 983 sacramentum
621 956 795 987 chrismatis,
809 957 889 990 idque
912 956 947 983 ab
963 956 1162 990 antiquissimis
1174 956 1310 984 Patribus.

245 991 346 1019 Ibidem
375 991 455 1026 paulo
480 991 562 1028 infra,
589 991 734 1027 Unguenti,
751 991 850 1026 inquit,
872 992 981 1027 mystica
1008 991 1177 1028 qcontpasitio
1194 992 1270 1027 quasi
1305 992 1334 1018 in
1358 992 1518 1028 ﬁguratione
1548 999 1635 1019 rerum
1665 990 1824 1028 inﬁgurabi-

209 1026 274 1054 lium
303 1028 441 1061 ipsummet
472 1026 565 1053 Iesum
597 1028 672 1054 nobis
703 1028 838 1061 depingit,
869 1026 969 1061 utqui
999 1026 1060 1053 Act.
1086 1034 1122 1058 ι,
1146 1026 1179 1053 58
1191 1026 1204 1059 ,⁷
1228 1027 1327 1054 dicitur
1356 1026 1456 1055 a'Deo
1487 1028 1569 1054 fuisse
1599 1031 1696 1054 uttctus
1723 1027 1826 1059 Spiritu

209 1066 313 1101 sancto.
351 1062 425 1089 Unde
440 1062 509 1096 apud
534 1061 736 1090 ecclesiasticos
753 1063 902 1097 scriptorcs
927 1062 1018 1089 unctio
1038 1062 1177 1097 signiﬁcat
1200 1062 1333 1097 Spiritum
1357 1068 1494 1096 sanctum,
1508 1063 1554 1098 qui
1568 1062 1684 1098 proinde
1694 1063 1825 1096 spiritalis

210 1102 301 1123 UIICUO
316 1103 496 1130 nuncupatur.

246 1131 321 1167 §40.
340 1132 388 1169 tibi
405 1132 462 1158 ait:
481 1131 521 1157 Ad
541 1140 644 1169 omnem
669 1132 708 1159 rei
731 1140 826 1169 same,
840 1132 1064 1160 consecrationem
1097 1132 1185 1160 divino
1213 1133 1298 1160 utitur
1323 1139 1466 1169 unguento,
1499 1139 1563 1161 nota
1590 1133 1696 1160 varium
1712 1132 1776 1159 olitn
1798 1136 1826 1169 et

209 1171 297 1205 modo
307 1168 434 1205 usitatum
449 1168 564 1205 pingendi
578 1174 670 1195 rttutn.
694 1169 739 1205 Sic
752 1168 839 1205 Exod.
857 1176 937 1205 aius,
953 1168 1084 1202 praecepit
1101 1168 1171 1196 Deus
1193 1174 1296 1196 certutu
1314 1171 1423 1205 modum
1448 1169 1564 1205 ungendi
1581 1170 1760 1205 sacerdotes,
1778 1168 1825 1202 qui

209 1203 360 1235 completus
371 1202 533 1228 describitur
550 1210 610 1237 cap.
636 1211 686 1230 vnt
701 1203 827 1235 Levitici,
845 1204 888 1230 ubi
904 1203 1008 1238 Moyses
1024 1204 1196 1231 consecravit
1209 1205 1359 1237 Aaronem,
1373 1202 1510 1232 fundendo
1522 1205 1548 1230 itt
1570 1203 1644 1231 illum
1658 1208 1825 1238 unguentum

209 1241 351 1273 quodrerat
371 1238 552 1271 compositum
565 1245 597 1265 ex
616 1239 736 1273 myrrha,
753 1240 934 1269 cinnamonto,
949 1239 1036 1271 casia,
1055 1244 1082 1265 et
1093 1239 1153 1266 oleo
1164 1240 1308 1272 olivarum,
1326 1244 1354 1267 ut
1365 1245 1472 1267 constat
1483 1248 1515 1268 es
1526 1239 1610 1266 Exod.
1628 1246 1693 1272 xxx,
1708 1246 1733 1266 v.
1748 1239 1784 1265 25
1799 1243 1827 1265 et

210 1271 256 1299 50.
281 1271 382 1298 Etiusio
398 1278 499 1310 autem
513 1271 783 1310 uttguentiodoril‘eri
797 1274 906 1308 propria
921 1279 981 1301 erat
991 1274 1136 1310 pontiﬁcis,
1152 1276 1185 1302 ad
1200 1271 1381 1302 denotandatn
1397 1278 1490 1310 grati-.1:
1512 1275 1704 1310 plenitudinem
1717 1294 1725 1307 ,
1739 1275 1827 1308 Spiri-

210 1311 255 1346 tus
270 1312 296 1346 et
311 1309 461 1346 potestal.is__
477 1308 680 1346 abundantiam.
694 1309 758 1346 ltettt
772 1310 900 1346 monebat
922 1309 1293 1346 pontiﬁcemmisericordiae,
1310 1312 1387 1344 cujus
1399 1308 1549 1346 symbolum
1578 1314 1619 1337 est
1645 1310 1745 1339 oleum,
1761 1312 1827 1335 clta-

210 1343 311 1374 ritatis,
328 1348 409 1376 atque
428 1343 542 1380 aliarum
559 1344 704 1370 virtutum.
728 1344 775 1371 Sic
784 1350 815 1380 et
829 1345 855 1370 in
872 1343 940 1371 nova
950 1344 1019 1380 Aleae
1043 1345 1161 1380 episcopi
1185 1345 1211 1372 iu
1234 1353 1282 1372 sua
1294 1343 1499 1373 consecrattone
1522 1350 1659 1380 unguntur
1677 1346 1703 1372 itt
1724 1346 1825 1378 capite,

208 1380 367 1416 sacerdotes
383 1381 411 1416 tu
424 1379 563 1416 inanibus,
586 1383 614 1407 ut
628 1385 703 1415 patet
715 1387 746 1407 ex
777 1379 932 1413 Potittﬁcati
943 1378 1076 1408 Romano.
1100 1378 1243 1416 Prophetas
1257 1389 1364 1416 quoque
1375 1387 1402 1408 et
1416 1389 1494 1416 reges
1513 1378 1576 1415 ungi
1592 1381 1692 1412 solent,
1708 1385 1737 1416 ut
1751 1384 1828 1416 patet

209 1413 320 1454 illiteg.
335 1422 391 1447 xtx,
404 1414 505 1454 16,_et»l
518 1416 582 1454 tteg.
596 1413 709 1451 x,'quod
726 1417 876 1443 etiamnum
883 1417 916 1454 in
933 1416 1048 1444 solemni
1060 1413 1342 1452 regum—coronalion'e
1353 1413 1529 1449 observatur;
1546 1413 1573 1443 ἐι
1582 1419 1656 1450 patet
1667 1423 1700 1443 ex
1713 1414 1826 1449 Pontiﬁ-

209 1449 261 1476 ιιιιὶ
284 1449 412 1484 κυηιαηο,
425 1451 469 1477 ubi
486 1452 601 1479 lormula
622 1449 757 1479 unctionis
777 1452 976 1485 praescribitur.

704 1607 786 1644 224
804 1607 1044 1636 PARAPHRASIS
1059 1608 1280 1637 rasamenta:
1301 1608 1367 1645 (25).

243 1705 262 1717 ι.
275 1689 361 1716 Tanta
381 1691 443 1716 sunt
461 1688 613 1723 spectacula
636 1689 770 1723 spiritalia
798 1697 882 1717 sacra:
906 1698 988 1726 syna-

1077 1682 1098 1707 Ι.
1115 1681 1239 1708 Τοσαῦτα
1248 1681 1283 1708 τὰ
1303 1681 1387 1717 νοητὰ
1398 1681 1521 1717 θεάματα
1535 1682 1584 1717 τῆς
1601 1682 1675 1716 ἱερᾶς
1691 1680 1825 1713 συνάξεώς

208 1744 282 1765 xeos.
313 1735 381 1764 Nota
399 1743 464 1764 vero
476 1736 546 1771 quod
570 1737 684 1772 synaxin
701 1737 785 1764 solam
802 1742 881 1764 vouet
911 1737 989 1764 litur-

207 1784 289 1818 giam,
305 1783 452 1811 secundum
467 1790 548 1817 quam
563 1783 661 1810 divinis
676 1783 811 1818 mysteriis
837 1783 990 1810 communi—

207 1828 324 1863 cantqui
339 1828 510 1864 suntdigni;
532 1836 593 1856 nam
620 1834 647 1856 et
673 1829 737 1856 hinc
762 1836 861 1856 nomen
877 1829 988 1863 accipit,

207 1884 260 1904 tton
282 1876 353 1910 quod
381 1875 508 1911 populum
538 1881 694 1912 congreget,
708 1881 739 1903 ut
757 1876 856 1911 aliquis
873 1876 989 1911 putabit,

206 1922 254 1949 sed
268 1918 380 1957 propter
394 1922 466 1949 illam
478 1928 540 1949 cum
567 1929 620 1949 uno
646 1922 876 1954 communionem,
893 1929 990 1949 secun-

206 1967 269 1994 dum
296 1975 377 2002 quam
403 1967 537 1995 Salvatori
565 1968 684 2000 Christo,
709 1972 839 2002 tauquam
867 1968 990 1995 membra

206 2014 299 2048 capiti,
319 2019 487 2048 coaptatnur.
519 2014 709 2041 Verumtamen
735 2017 777 2040 est
799 2018 827 2040 et
859 2013 933 2040 aliud
952 2012 990 2039 illi

206 2059 284 2086 aliine
297 2064 497 2086 sacramentum
514 2059 643 2094 unguenti
658 2068 666 2087 :
683 2067 744 2086 nam
761 2063 788 2086 et
807 2059 859 2086 ltoc
881 2065 990 2093 quoque

206 2106 296 2133 divina
316 2106 519 2133 consecratione
535 2106 691 2133 conlicitur.
714 2105 800 2140 Hujus
818 2105 912 2138 itaque
927 2112 989 2139 par-

206 2155 298 2185 tibus,
325 2154 474 2181 secundum
504 2152 626 2179 ordinem
655 2151 798 2186 cujusque,
830 2155 911 2185 prout
944 2149 986 2176 tti-

205 2201 303 2228 mirum
329 2200 386 2227 lmc
398 2203 425 2227 et
445 2198 489 2226 illa
521 2202 601 2232 atque
617 2197 662 2225 illa
697 2197 841 2225 coniicitur
865 2196 943 2231 (quas
964 2199 991 2222 et

206 2246 336 2279 imagines
362 2244 502 2279 appellat),
519 2244 691 2279 perspectis;
708 2243 748 2270 sic
779 2245 812 2270 ad
841 2242 908 2269 illud
932 2240 991 2274 cjus

205 2299 298 2324 ttttuttt,
315 2290 421 2318 scilicet
440 2289 597 2317 intellectile
617 2297 649 2317 ac
667 2289 800 2324 spiritale,
830 2289 987 2316 evoltemur.

205 2335 314 2362 Minime
329 2341 412 2366 vero,
441 2335 659 2369 quandoquidem
675 2333 797 2369 spiritale
821 2333 887 2360 illud
903 2340 986 2360 unum

204 2386 296 2413 vocat,
310 2381 453 2408 sensibiles
475 2381 606 2415 imagines
624 2380 742 2415 appellat
764 2384 866 2414 partes,
896 2383 989 2414 utpote
1005 2398 1025 2425 Β

205 2428 406 2459 seusibiliores,
423 2428 574 2455 secttttdum
588 2434 655 2462 quas
670 2431 763 2453 nostra
779 2425 899 2460 cognitio
918 2425 987 2453 divi-

205 2475 288 2507 ditur,
300 2479 327 2501 et
348 2482 401 2502 non
418 2479 510 2509 partes
523 2481 583 2509 quae
604 2473 677 2500 circa
691 2472 796 2507 singula
817 2474 987 2499 sacramenta

205 2521 287 2553 ﬁunt,
302 2526 331 2548 ut
343 2528 425 2557 supra
438 2521 605 2549 dicebamus.

487 2576 518 2604 ll.
539 2576 704 2613 Mysterium.

241 2637 318 2664 Sicut
339 2637 495 2664 dicebamus
518 2636 545 2663 in
570 2635 686 2671 synaxi,
704 2634 859 2670 episcopum
882 2641 988 2661 omnem

205 2683 360 2717 ecclesiam,
384 2683 418 2710 ab
439 2683 518 2710 altari
541 2681 695 2710 inchoando
720 2686 747 2708 et
773 2681 798 2708 in
824 2680 902 2707 altari
915 2679 987 2706 desi-

207 2730 307 2764 uendo,
322 2730 476 2763 incensore,
493 2734 519 2757 et
535 2729 640 2756 cantica
664 2728 849 2762 lectionesque
863 2724 984 2757 recitari,

245 2816 256 2830 ²
273 2809 370 2838 Matth.
382 2818 419 2845 γι,
439 2809 464 2836 l.
502 2814 515 2828 α
533 2808 626 2836 Mattlt.
645 2815 723 2836 util.
740 2805 766 2833 5.
812 2804 850 2831 Μ
867 2803 929 2832 Cor.
942 2809 980 2834 tv,
995 2801 1011 2828 5

244 2891 300 2927 (ἓό)
318 2891 382 2919 Vide
393 2889 501 2918 Scholia
514 2887 543 2917 S.
558 2886 666 2914 Maximi
684 2890 749 2914 tom.
760 2884 791 2918 ll,
807 2890 868 2917 cap.
886 2879 1012 2910 “Sedes.

1040 1728 1105 1754 εισι.
1132 1728 1286 1763 Σημείωσαι
1299 1728 1338 1760 δὲ,
1361 1729 1402 1755 ὃτι
1417 1727 1526 1761 cuime
1541 1728 1625 1764 μόνην
1643 1727 1693 1763 τὴν
1706 1727 1827 1762 λειτουρ-

1040 1774 1101 1809 γίαν
1117 1776 1193 1810 φησὶ,
1210 1775 1269 1802 καθ’
1281 1775 1314 1810 ἢν
1325 1775 1378 1801 τῶν
1393 1774 1472 1801 Θειων
1486 1775 1642 1810 μυστηρίων
1654 1773 1826 1800 κοινωνοῦσιν

1040 1821 1064 1846 οἱ
1080 1820 1167 1853 ἄξιοι·
1187 1821 1234 1847 ἐπὶ
1246 1821 1333 1856 τούτῳ
1348 1820 1402 1856 γὰρ
1419 1822 1465 1848 καὶ
1485 1820 1516 1847 τὸ
1534 1821 1618 1856 ὄνομα
1637 1819 1780 1855 λαμϐάνει,
1795 1819 1825 1845 οὐ

1039 1868 1083 1895 διὰ
1095 1869 1124 1895 τὸ
1139 1869 1299 1904 συνάγεσθαι
1315 1870 1361 1896 τὸν
1376 1869 1449 1901 λαὸν,
1467 1868 1556 1901 καθὼς
1574 1867 1677 1903 οἰηθείη
1693 1875 1745 1898 τις,
1760 1865 1828 1892 ἀλλὰ

1040 1914 1084 1940 διὰ
1097 1914 1146 1950 τὴν
1168 1914 1235 1950 πρὸς
1249 1914 1279 1940 τὸ
1303 1914 1331 1941 ἓν
1352 1913 1503 1946 κοινωνίαν,
1528 1913 1588 1939 καθ’
1609 1913 1642 1947 ἣν
1662 1911 1701 1946 τῷ
1721 1910 1826 1945 Σωτῆρι

1041 1960 1161 1996 Χριστῷ,
1187 1960 1224 1992 ὡς
1254 1960 1322 1996 μέλη
1349 1961 1382 1995 τῇ
1405 1959 1508 1994 κεφαλῇ
1532 1956 1713 1992 συναγόμεθα.
1747 1955 1828 1981 Ἀλλὰ

1041 2007 1114 2034 ἐστιν
1123 2007 1260 2043 ὁμοταγὴς
1278 2006 1408 2041 ταύτηςὴ
1427 2005 1474 2032 τοῦ
1504 2005 1588 2040 μύρου
1611 2003 1692 2038 ἑτέρα
1712 2001 1824 2035 τελετή·

1041 2054 1088 2080 καὶ
1105 2053 1173 2090 αὕτη
1201 2053 1255 2088 γὰρ
1277 2053 1305 2078 ὲν
1320 2054 1353 2088 τῇ
1379 2052 1439 2087 θείᾳ
1464 2050 1605 2087 ἱερουργίᾳ
1628 2048 1756 2074 τελεῖται.
1787 2045 1827 2072 Τὰ

1042 2100 1112 2136 μέρη
1125 2100 1213 2126 τοίνυν
1228 2099 1311 2134 αὐτῆς
1319 2099 1367 2134 τὴν
1380 2098 1440 2125 καθ’
1454 2098 1568 2124 ἕκαστον
1588 2095 1674 2128 τάξιν,
1690 2092 1749 2124 πῶς
1766 2091 1826 2118 τόδε

1040 2147 1140 2184 δηλαδὴ
1149 2146 1309 2182 πράττεται,
1324 2146 1370 2172 καὶ
1377 2145 1446 2176 τόδε,
1459 2145 1506 2170 καὶ
1518 2142 1577 2169 τόδε
1592 2141 1687 2177 (ταῦτα
1693 2139 1747 2175 γὰρ
1753 2138 1828 2173 λέγει

1041 2195 1088 2220 καὶ
1101 2192 1217 2228 εἰκόνας)
1229 2188 1568 2226 ὲπισκοπήσαντες,οὓτως
1582 2187 1627 2213 ἐπὶ
1641 2186 1671 2212 τὸ
1685 2186 1713 2211 ἓν
1728 2185 1826 2220 αὐτῆς,

1040 2241 1111 2268 τοῦτ’
1127 2241 1185 2268 ἔστι
1196 2239 1326 2274 τὸνοητὸν
1339 2239 1386 2265 καὶ
1397 2235 1589 2272 πνευματικὸν,
1606 2231 1826 2269 ἀναχθησόμεθα.

1041 2288 1154 2323 Μήποτε
1177 2287 1216 2319 δὲ,
1239 2286 1300 2313 ἐπεὶ
1318 2286 1348 2312 τὸ
1372 2283 1465 2319 νοητὸν
1481 2283 1509 2309 ἓν
1526 2281 1610 2315 λέγει,
1626 2279 1676 2311 τὰς
1695 2278 1829 2314 αἰσθητὰς

1041 2334 1148 2366 εἰκόνας
1169 2332 1239 2369 μέρη
1260 2333 1343 2367 φησὶν
1363 2331 1400 2362 ὡς
1417 2327 1660 2366 αἰσθητικωτέρας,
1681 2325 1741 2352 καθ’
1757 2324 1790 2356 ἂς
1810 2326 1828 2359 ἡ

1040 2380 1161 2416 ἡμετέρα
1184 2379 1283 2414 γνῶσις
1307 2377 1466 2414 μερίζεται,
1490 2375 1537 2401 καὶ
1557 2374 1585 2400 οὺ
1616 2372 1685 2408 μέρη
1706 2371 1740 2398 τὰ
1763 2370 1828 2397 καθ’

1041 2428 1144 2455 ἕκαστα
1154 2427 1202 2463 τῆς
1222 2425 1343 2460 τελετῆς,
1361 2422 1452 2455 καθὼς
1471 2422 1601 2456 ἐλέγομεν
1616 2419 1752 2454 ἀνωτέρω.

1324 2571 1357 2596 ll.
1374 2567 1557 2602 Μυστήριον.

1079 2629 1177 2661 Καθὼς
1202 2627 1330 2662 ἐλέγομεν
1344 2627 1371 2652 ὲν
1387 2627 1420 2661 τῇ
1438 2624 1556 2657 συνάξει,
1577 2624 1617 2650 ὅτι
1631 2623 1716 2658 θυμιᾷ
1739 2622 1753 2647 ό
1767 2620 1829 2647 ἐπί-

1044 2685 1144 2708 σκοπος
1160 2676 1250 2702 πᾶσαν
1267 2673 1316 2709 τὴν
1351 2671 1513 2707 ἐκκλησίαν,
1539 2671 1592 2697 ἀπὸ
1606 2669 1652 2696 τοῦ
1679 2669 1829 2702 θυσιαστη-

1042 2722 1099 2757 ρίου
1111 2719 1260 2757 ἀρχόμενος
1281 2719 1328 2745 καὶ
1341 2717 1502 2752 καταλήγων
1516 2717 1555 2748 εἰς
1576 2715 1606 2742 τὺ
1624 2714 1829 2750 θυσιαστήριον,

1061 2806 1072 2820 ε
1089 2799 1148 2828 Gal.
1160 2809 1183 2833 ι,
1199 2798 1242 2827 i0.
1298 2798 1311 2817 ἀ
1326 2797 1403 2826 Joan.
1419 2804 1476 2830 ut,
1489 2795 1534 2824 25.

1037 2881 1104 2907 Itier.
