1929 3068
100 154 157 183 489

361 153 405 180 DE
422 152 562 182 ECCLES.
583 151 783 184 lllEBAllCH”
801 151 867 181 CAP
897 151 940 180 IV.
959 167 993 173 —-
1012 150 1186 181 PARAPHR.
1208 152 1441 182 PACHYMEBJE.

1672 154 1724 184 Μ

100 213 133 240 ατ
145 221 176 239 τε
201 211 278 248 ᾠδαὶ,
291 212 339 239 καὶ
353 213 382 238 αἰ
402 210 578 246 ἀναγνώσεις,
596 210 644 237 καὶ
658 212 674 247 ἠ
687 209 742 237 τῶν
753 218 879 245 κατηχου-

940 216 972 237 ac
986 210 1196 237 catechumenos
1209 209 1321 243 dimitti,
1346 211 1442 238 eodem
1456 218 1563 246 quoque
1574 212 1617 239 hic
1643 213 1725 240 modo

103 258 192 295 μένων
220 257 350 288 ἀπόλυσις
374 257 489 291 γίνεται’
509 256 555 282 τὸν
574 255 654 282 αὐτὸν
672 255 771 291 τρόπον
783 255 830 282 καὶ
845 255 889 282 ὲν-

100 303 188 331 ταῦθα
203 303 237 330 τὰ
249 303 360 330 τοιαῦτα
375 302 525 329 τελοῦνται.
540 299 657 333 Hnno
670 301 754 338 μύρον
769 302 783 328 ὁ
798 301 889 337 ἱεράρ-

99 359 153 386 χης
178 349 279 381 λαϐὼν,
297 349 434 384 ὲπιτίθησι
446 348 486 384 τῷ
501 348 566 384 θείῳ
581 348 779 384 θυσιαστηρίῳ,
810 355 889 382 περι-

99 395 308 431 κεκαλυμμένον
320 395 424 432 ῥιπίσιν
436 394 528 429 ἁγίαις
540 394 578 426 ὡς
590 393 703 430 πτέρυξι
715 393 886 426 δυοκαίδεκα,

99 442 280 470 ἀναϐοώντων
291 442 400 468 πάντων
423 440 454 468 τὸ
471 441 630 477 ’Δλληλούϊα
645 440 734 476 (τοῦτο
746 440 801 476 γὰρ
813 439 886 474 λέγει

101 488 248 524 μελιζῆημα
262 488 311 524 τῆς
327 489 355 514 ὲν
367 488 422 519 τοῖς
436 487 588 523 προφήταις
599 486 741 518 ἐπιπνοίας
762 486 809 513 τοῦ
823 494 888 512 παν-

99 536 177 569 αγίου
204 534 381 569 Πνεύματος),
406 535 453 561 καὶ
471 533 672 570 ἀποπληρώσας
690 535 740 569 τὴν
752 534 796 560 ἐπ’
811 533 885 568 αὐτῷ

97 581 191 616 εὐχὴν,
214 581 312 616 χρῆται
325 579 418 607 λοιπὸν
433 580 500 616 πρὸς
514 581 604 607 πᾶσαν
620 579 712 615 σχεδὸν
726 579 869 616 ίεραρχικὴ

97 627 315 664 τελεσιουργίαν.

397 685 443 711 111.
463 685 582 719 Θεωρία.

134 742 187 777 §I.
211 740 311 773 Καθὼς
324 741 370 767 καὶ
397 741 426 767 ὲν
451 741 506 773 τοῖς
536 740 635 776 προτοῦ
661 740 813 776 πεποίηκε,
838 740 884 767 καὶ

95 788 205 824 πρῶτον
237 787 312 820 ἔλεγε
343 786 392 822 τὴν
425 787 608 822 εἰσαγωγικὴν
643 787 787 822 ἀναγωγὴν
815 785 884 820 πρὸς

94 832 273 868 ψυχαγωγίαν
285 831 339 858 τῶν
362 831 399 858 ἔτι
414 831 592 867 τελουμένων,
607 832 653 858 καὶ
675 831 712 867 μὴ
726 831 882 866 δυναμένων

94 879 163 914 πρὸς
177 878 344 914 ὑψηλοτέραν
358 877 507 913 ἀναχθῆναι
518 877 633 912 θεωρίαν
645 885 651 892 ⁶
669 876 739 903 οὕτω
751 878 822 903 ποιεῖ
835 876 882 902 καὶ
900 897 921 925 Β

93 923 220 951 ἐνταῦθα.
239 923 271 950 Ἦ
282 922 346 958 γοῦν
359 923 406 949 τοῦ
416 923 488 949 θείου
500 922 596 958 μύρου,
618 923 694 958 φησὶ,
704 922 884 957 περικάλυψις

92 970 166 997 κατὰ
180 969 324 1005 ἀναγωγὴν
337 970 532 1005 εἰσαγωγικὴν,
548 970 645 1000 ἐκεῖνο,
658 967 744 1004 οἶμαι,
756 968 839 1004 δηλοῖ,
853 968 884 995 τὸ

93 1015 328 1051 περικεκαλύφθαι
339 1015 428 1041 πᾶσαν
439 1014 511 1041 κατὰ
520 1014 581 1041 νοῦν
591 1015 690 1050 πρᾶξιν
703 1014 791 1050 εὐώδη
802 1022 808 1029 ·
823 1014 884 1049 ἥτις

90 1059 120 1086 δὲ
133 1061 150 1096 ἡ
165 1061 291 1096 ἀναγωγὴ
307 1059 489 1095 ἐγκελεύεται,
512 1060 548 1095 μὴ
567 1060 730 1096 φαινομένας
747 1059 818 1095 ἔχειν
837 1059 883 1086 ἐπὶ

90 1105 155 1143 δόξῃ
168 1108 233 1142 κενῇ
248 1109 297 1138 τὰς
317 1106 415 1142 νοητὰς
429 1106 543 1138 εὐωδίας
552 1125 560 1138 ,
581 1106 628 1133 καὶ
642 1106 823 1142 ἀφομοιώσεις
835 1105 882 1132 τοῦ

91 1153 208 1188 κρυφίου
222 1152 298 1179 Θεοῦ.
315 1152 460 1188 Ἀχραντοι
474 1153 528 1187 γάρ
543 1153 611 1179 εἰσιν
624 1152 677 1178 ἀπὸ
695 1152 750 1178 τῶν
769 1151 815 1178 τοῦ
834 1151 882 1178 κό-

92 1205 172 1233 σμου,
185 1198 231 1224 καὶ
245 1198 334 1233 μόνοις
345 1199 401 1235 τοίς
410 1199 511 1233 νοεροίς
523 1197 698 1233 ὲμφαίνονται
710 1198 738 1224 ai
751 1197 822 1223 θεῖαι
835 1197 882 1224 καὶ

90 1244 201 1276 εὐώδεις
216 1244 388 1279 εὐπρέπειαι,
397 1244 444 1270 κα¹ι
456 1244 588 1279 ὁμοειδεῖς
601 1244 722 1270 θέλουσιν
735 1243 817 1279 ἔχειν,
832 1244 882 1270 οὐκ

90 1289 250 1326 ἀνθρώπους
264 1290 345 1326 σαρκὶ
360 1290 474 1322 ζῶντας,
488 1290 556 1316 ἀλλά
576 1290 626 1322 τὰς
638 1291 667 1316 ἐν
686 1289 815 1325 κρυφίαις
832 1288 882 1324 ψυ-

91 1337 153 1371 χαῖς
171 1336 402 1372 ἀπαραφθάρτους
414 1336 520 1368 εἰκόνας
530 1357 537 1369 ,
551 1337 595 1363 6:5
608 1336 707 1372 δηλαδὴ
723 1336 754 1363 τὸ
772 1337 831 1362 κατ’
844 1337 882 1363 εί-

91 1381 157 1408 κόνα
179 1382 253 1417 μένει
274 1382 421 1419 ἀλώϐητον·
437 1383 468 1409 τὸ
486 1383 540 1419 γὰρ
558 1382 668 1418 ἄγαλμα
684 1382 735 1418 τῆς
748 1382 881 1413 θεοειδοῦς

90 1427 192 1463 ἀρετῆς
203 1429 253 1455 οὐκ
265 1429 351 1461 ἄλλως
363 1429 393 1455 τὸ
412 1429 629 1465 ἀπαράγραπτον
648 1429 721 1462 ἕξει,
741 1430 766 1455 εἰ
788 1429 825 1465 μὴ
850 1426 879 1456 εὗ

91 1475 251 1511 μιμήσεται,
266 1476 312 1502 καὶ
327 1475 395 1510 πρὸς
406 1476 493 1503 ἐκεῖνο
504 1476 533 1503 τὸ
546 1476 639 1512 νοητὸν
650 1477 697 1503 καὶ
708 1475 807 1507 εὑῶδες
819 1475 882 1502 κάλ-ι

88 1519 134 1558 λος
147 1520 267 1547 τυπώσει
280 1520 370 1548 ἑαυτό.
386 1521 490 1557 Ὥσπερ
502 1521 555 1557 γὰρ
569 1522 615 1548 ἐπὶ
626 1521 680 1548 τῶν
691 1521 827 1557 αίσθητῶν
842 1523 880 1549 εί-

88 1566 185 1599 κόνων,
205 1568 229 1593 εί
247 1567 315 1602 πρὸς
326 1567 356 1593 τὸ
370 1566 521 1602 ἀρχέτυπον
536 1565 631 1598 κάλλος
642 1567 656 1593 ὁ
669 1567 791 1602 γραφεὺς
802 1566 880 1594 ἀκλι-
894 1568 916 1597 C

88 1612 142 1644 νῶς
156 1613 246 1648 ἀφορᾷ
260 1612 297 1648 μὴ
311 1611 517 1648 περισπώμενος
531 1611 606 1638 ἔνθεν
619 1612 755 1644 κάκεῖθεν,
770 1611 881 1648 ἐξακρι-

88 1658 166 1686 ϐἀσει
172 1659 203 1686 τὸ
217 1658 328 1694 μίμημα
340 1658 428 1694 (τοῦτο
435 1658 489 1694 γάρ
497 1660 553 1685 ἐστι
559 1658 589 1685 τὸ
596 1657 796 1685 διπλασιάσει·
804 1658 882 1694 ποιή-

89 1712 130 1730 σει
142 1703 196 1738 γάρ
209 1704 255 1730 καὶ
267 1703 330 1730 ἄλλο
340 1700 395 1730 οἷον
409 1703 506 1734 ἐκεῖνο,
521 1702 589 1739 πλὴν
601 1702 649 1729 τοῦ
659 1702 710 1737 τῆς
718 1702 813 1733 οὐσίας
822 1701 881 1728 δια-

88 1750 184 1786 φόρου,
192 1750 223 1776 τὸ
234 1749 284 1785 μὲν
295 1749 348 1785 γὰρ
355 1749 480 1785 ἀληθινὸν
491 1749 620 1784 ἔμπνουν,
634 1748 664 1774 τὸ
676 1749 704 1775 δὲ
717 1747 764 1774 τοῦ
776 1747 880 1783 ζωγρά-

87 1803 138 1830 φου
152 1795 253 1830 ἕργον)·
263 1794 333 1822 οὕτω
347 1796 393 1821 καὶ
405 1796 460 1826 τοῖς
470 1793 606 1830 γραφεῦσι
615 1795 672 1826 τοῖς
683 1794 879 1829 πνευματικοῖς

87 1843 105 1877 ἠ
120 1842 188 1878 πρὸς
200 1841 231 1869 τὸ
246 1842 399 1878 ἀρχέτυπον
411 1841 459 1867 καὶ
470 1840 569 1871 εὐῶδες
580 1839 677 1871 κάλλος
688 1839 801 1874 ἀκλινὴς
812 1838 879 1865 θεω-

88 1887 136 1923 ρία
147 1887 177 1914 τὸ
188 1887 306 1919 ἀπλανὲς
317 1887 469 1922 δωρήσεται
479 1885 604 1921 ίνδαλμα.
617 1884 715 1916 Καλῶς
723 1882 770 1910 οὖν
777 1885 801 1910 οἱ
810 1883 879 1910 ὅσιοι

87 1934 220 1968 γραφεῖς,
241 1932 474 1968 ἀμεταστρέπτως
494 1931 690 1963 είδοποιοῦντες
707 1930 737 1957 τὸ
759 1929 834 1962 ἴδιον,
848 1930 879 1956 τὺ

87 1980 188 2015 νοερὸν,
197 1980 227 2006 οὐ
236 1978 464 2016 φροντίσουσιτῆς
475 1977 527 2010 ἔξω
539 1977 771 2012 περιπλανήσεως.
782 1973 878 2007 "E209-

87 2038 114 2056 σι
126 2028 191 2063 γοῦν
204 2029 234 2055 τὺ
254 2029 323 2055 θεῖον
339 2028 422 2064 μύρον
435 2025 704 2063 περικεκαλυμμένον
718 2025 755 2056 ὡς
775 2023 876 2055 εἰκόνα,

87 2077 157 2113 πρὸς
168 2076 216 2109 τὰς
229 2077 277 2112 τῆς
294 2074 456 2111 Ἑκκλησίας
475 2073 620 2106 διατάξεις,
641 2073 686 2099 ἐπὶ
698 2071 729 2098 τὸ
749 2071 786 2108 μὴ
808 2080 878 2107 πομ-

88 2123 181 2150 πεύειν
195 2124 266 2150 ἅπαν
279 2122 379 2157 ἀγαθὸν
400 2121 478 2157 ἔργον
499 2122 538 2152 είς
558 2120 639 2155 κενὴν
660 2119 713 2145 τῶν
727 2117 877 2154 ἀνθρώπων

87 2168 176 2201 δόξαν·
190 2169 229 2195 διὸ
241 2168 288 2195 καὶ
301 2168 388 2199 αὐτοὶ,
402 2167 432 2193 τὸ
451 2166 510 2193 κατ’
532 2165 632 2201 ἀρετὴν
652 2165 723 2200 ἱερὸν
744 2163 810 2190 εῐσω
829 2163 876 2190 τοῦ

87 2214 148 2246 νοὸς
160 2213 408 2249 περικαλύπτοντες
420 2212 490 2239 κατὰ
502 2212 532 2238 τὸ
550 2211 754 2246 κεκαλυμμένον
771 2209 857 2246 μύρον
867 2229 874 2241 ,

945 257 996 284 ista
1024 256 1100 283 fiunt.
1126 256 1228 284 Deinde
1252 258 1373 292 pontifex
1388 259 1526 293 accipiens
1544 265 1723 294 unguentum.

939 301 1052 336 imponit
1075 301 1140 329 illud
1166 303 1260 330 divino
1271 303 1361 335 altari,
1390 304 1530 332 duodecim
1559 306 1644 333 sacris
1672 306 1725 334 alis

939 355 986 374 seu
1003 348 1100 382 pennis
1125 348 1290 381 obvelatum,
1324 350 1451 377 omnibus
1474 351 1586 378 Alleluia
1615 351 1726 380 concla-

939 395 1077 422 mantibus
1091 395 1154 430 (hoc
1169 396 1241 423 enim
1255 400 1335 423 vocat
1345 396 1486 423 Canticum
1501 398 1586 425 sancti
1602 397 1724 433 Spiritus

938 446 966 469 et
992 442 1170 477 aspirationis
1196 443 1615 480 prophetarum),complelaque
1643 454 1724 480 super

937 496 971 516 eo
983 490 1119 522 oratione,
1134 495 1226 525 postea
1247 491 1292 519 illo
1307 492 1392 519 utitur
1404 492 1437 518 ad
1453 500 1562 519 omnem
1579 501 1722 528 propemo-

938 534 1002 560 dum
1017 534 1215 563 hierarchicam
1232 536 1479 564 coasecrationetu.

1203 677 1244 704 Ill.
1261 678 1464 714 Coulemplalio.

973 732 986 769 §
1017 733 1038 759 Ι.
1059 733 1290 767 Quemadmodum
1317 738 1399 764 etiam
1424 745 1502 767 antea
1534 741 1667 777 faciebat,
1694 750 1721 773 et

936 779 1053 813 primum
1083 782 1253 815 proponebat
1279 783 1504 814 iutroductoriam
1522 795 1672 826 nnagogen,
1686 793 1720 819 ad

936 823 1133 853 institutionem
1155 834 1249 854 eorum
1263 828 1308 862 qui
1338 823 1591 868 adhucioitiantur,
1609 823 1658 863 nec
1684 838 1719 864 ad

935 870 1120 898 sublimiorem
1140 873 1399 907 contemplationem
1418 877 1515 905 adduci
1540 886 1664 915 possunt,
1679 883 1720 910 sic

936 915 1016 942 etiam
1034 917 1077 944 hic
1101 917 1175 944 facit.
1194 917 1255 945 llaec
1269 920 1360 954 igitur,
1378 922 1475 956 inquit,
1486 923 1569 952 tlivini
1586 929 1717 962 unguenti

935 962 1072 990 obvelatio
1085 965 1234 991 secuudtnu
1249 973 1388 1002 anagogeu
1406 969 1644 1006 iutroductoriam,
1659 977 1719 1002 exi-

935 1008 1026 1040 stimo,
1037 1009 1171 1043 signiﬁcat
1182 1011 1345 1046 fragrantem
1361 1021 1468 1042 onmem
1483 1019 1626 1046 mentalem
1634 1021 1719 1049 actio—

934 1060 995 1079 nem
1022 1053 1103 1089 225
1121 1062 1181 1082 esse
1203 1057 1397 1093 obvelaudatu;
1417 1061 1550 1095 siquidem
1576 1064 1633 1093 haec
1654 1073 1719 1092 ana-

933 1107 1001 1134 goge
1010 1099 1098 1133 jubet,
1118 1101 1231 1130 minime
1247 1104 1279 1130 ad
1296 1105 1403 1132 inanem
1426 1107 1538 1141 gloriam
1557 1117 1718 1145 apparentes

934 1145 1033 1173 habere
1047 1146 1210 1182 fragrantias
1224 1149 1369 1183 spiritales,
1385 1157 1412 1178 et
1429 1153 1529 1181 occulti
1557 1155 1602 1183 Dei
1622 1156 1719 1186 simili-

933 1192 1050 1219 tudines.
1067 1193 1146 1221 Pura:
1161 1195 1234 1222 enim
1249 1200 1311 1223 sunt
1333 1204 1348 1223 a
1374 1198 1481 1231 saeculo,
1508 1201 1628 1236 solisque
1651 1204 1718 1231 viris

933 1237 1101 1272 spiritalibus
1116 1246 1247 1275 apparent
1262 1242 1315 1270 illa:
1331 1243 1429 1272 divinae
1446 1252 1477 1273 ac
1501 1245 1651 1283 fragrantes
1669 1257 1717 1278 ve—

932 1289 1064 1317 nustates,
1081 1289 1109 1312 et
1131 1286 1271 1320 requirunt
1289 1288 1436 1317 uniformes
1452 1291 1586 1327 homines,
1604 1302 1658 1323 non
1671 1297 1718 1331 qui

932 1329 1081 1356 secundum
1105 1337 1216 1359 carnem
1241 1332 1344 1367 vivant,
1372 1336 1421 1362 sed
1448 1337 1492 1371 qui
1519 1338 1546 1365 in
1572 1329 1718 1369 reconditis

932 1374 1031 1402 animis
1048 1375 1271 1411 incorruptibiles
1285 1385 1382 1413 gerant
1396 1381 1537 1417 imagines,
1557 1385 1620 1413 dum
1637 1387 1718 1414 nimi-

932 1427 990 1446 rum
1003 1420 1029 1447 id
1041 1421 1111 1456 quod
1126 1421 1271 1457 imaginem
1289 1424 1335 1451 Dei
1350 1426 1432 1454 refert
1453 1434 1545 1456 ntanet
1562 1430 1702 1460 immacula
1712 1447 1719 1454 ι

932 1468 1006 1498 tum;
1024 1472 1086 1492 nam
1106 1467 1214 1495 virtutis
1242 1469 1383 1497 deiformis
1401 1471 1577 1501 simulacrum
1594 1475 1658 1504 illud
1676 1478 1717 1505 ius

931 1509 1168 1546 circumscriptum
1192 1521 1244 1540 non
1261 1515 1340 1543 aliter
1363 1517 1483 1551 habebit,
1504 1521 1555 1547 nisi
1577 1521 1647 1550 idem
1666 1524 1718 1553 rite

932 1553 1014 1583 fuerit
1041 1557 1182 1591 inuitatus,
1207 1564 1236 1587 et
1261 1561 1295 1588 ad
1318 1562 1404 1597 ipsmn
1423 1565 1570 1598 spiritalem
1592 1576 1668 1597 suam
1689 1578 1717 1598 et

933 1599 1098 1636 fragrantem
1121 1603 1351 1638 pulchritudinem
1366 1606 1525 1637 cﬂ‘ormarit.
1549 1611 1626 1639 Sicut
1644 1615 1715 1641 enim

933 1645 959 1672 in
982 1648 1127 1676 sensilibus
1152 1649 1325 1685 imaginibus,
1352 1652 1375 1680 si
1402 1654 1488 1688 pictor
1505 1656 1539 1683 ad
1559 1658 1715 1691 primaevam

907 1711 910 1714 ι
931 1692 1047 1726 speciem
1067 1698 1224 1722 constanter
1239 1696 1554 1734 iuteudal,-ncquaquam
1576 1702 1639 1731 hinc
1655 1705 1717 1732 inde

931 1737 1099 1774 distractus,
1125 1746 1252 1769 accurate
1279 1745 1416 1777 exprimet
1444 1746 1470 1773 id
1497 1747 1568 1781 quod
1597 1749 1716 1778 imitatur

931 1783 995 1818 (hoc
1021 1786 1093 1812 enim
1115 1793 1156 1814 est
1181 1788 1246 1815 illud
1270 1790 1423 1824 replicabil,‘
1450 1799 1512 1820 nam
1539 1793 1619 1822 faciet
1643 1797 1716 1824 aliud

929 1833 1000 1859 sicut
1022 1833 1087 1860 illud
1107 1834 1174 1861 citra
1195 1835 1353 1864 substantiae
1373 1837 1566 1874 differentiam;
1582 1841 1714 1876 siquidem

931 1876 956 1903 id
984 1885 1048 1905 rere
1068 1883 1111 1906 est
1136 1880 1302 1914 animatum,
1321 1882 1371 1909 hoc
1390 1890 1454 1911 vero
1474 1892 1542 1920 opus
1568 1887 1601 1913 ad
1624 1889 1714 1916 vivum

929 1925 1115 1959 expressum);
1140 1926 1179 1953 sic
1205 1927 1287 1954 etiam
1307 1928 1457 1962 pictoribus
1475 1931 1652 1967 spiritalibus,
1671 1942 1715 1962 ar-

929 1969 1037 2006 chetypi
1058 1975 1084 1998 et
1099 1972 1278 2000 suaveolentis
1293 1973 1502 2009 pulchritudinis
1523 1977 1628 2006 intenta
1648 1987 1712 2008 ('On-

928 2022 1057 2052 stansque
1088 2020 1281 2054 contemplatio
1307 2021 1431 2051 conferet
1468 2024 1521 2052 illis
1547 2026 1713 2056 iufallibilem

928 2063 1157 2093 similitutlinem.‘
1174 2066 1256 2094 Recte
1284 2068 1366 2103 igitur
1393 2070 1510 2104 pictores
1532 2073 1631 2106 sancti,
1650 2075 1713 2102 dum

927 2109 1072 2146 imaginem
1087 2119 1162 2138 suam
1180 2112 1330 2147 spiritalem
1343 2121 1395 2142 non
1409 2121 1562 2145 retroversa
1583 2118 1653 2147 facie
1667 2128 1715 2148 ex-

927 2156 1056 2190 primunt,
1069 2162 1227 2185 extraneam
1242 2160 1426 2196 deceptiouetu
1440 2161 1549 2191 minime
1563 2166 1712 2194 attenderit.

928 2201 1051 2229 Divinum
1081 2204 1171 2238 itaque
1197 2211 1363 2240 unguentum
1390 2207 1545 2235 obvelatum
1576 2210 1714 2239 habt-bunt

89 2261 157 2297 πρὸς
171 2245 253 2297 μένην
266 2261 374 2297 ἐκείνην
386 2260 435 2296 τὴν
456 2258 607 2295 ἀρχέτυπον
620 2245 801 2284 ἀποϐλέπουσι
814 2257 875 2293 νόη-

932 2252 1055 2282 lauquam
1078 2250 1222 2286 imaginem
1241 2251 1366 2278 ordinum
1393 2253 1650 2289 ecclesiasticorum,
1679 2267 1713 2285 ne

90 2315 131 2333 σιν
139 2327 145 2333 .
156 2307 223 2333 Οὐδὲ
235 2307 288 2342 γὰρ
301 2307 410 2334 ἀθέατοι
424 2305 502 2341 μόνον
514 2304 567 2331 εἰσὶ
578 2305 634 2335 τοῖς
648 2303 762 2335 πολλοῖς,
773 2302 819 2334 οὓς
830 2303 875 2329 καὶ

89 2353 230 2388 ἀνομοίους
250 2353 334 2387 λέγει’
356 2354 380 2378 οἱ
393 2352 447 2388 γὰρ
460 2352 556 2386 ὅμοιοι,
573 2349 696 2385 ἀλλήλοις
708 2349 758 2384 τῆς
776 2348 875 2384 ἀρετῆς

88 2400 292 2435 κοινωνήσουσι,
303 2399 349 2425 καὶ
362 2399 393 2425 οὐ
408 2398 584 2434 βλαϐήσονται
599 2396 662 2431 παρ’
675 2395 804 2431 ἀλλήλων·
818 2394 876 2429 ἃμα

87 2446 141 2482 γὰρ
156 2447 201 2472 καὶ
215 2446 363 2481 ἀμφότεροι
381 2445 430 2481 τὴν
444 2444 519 2471 θείαν
537 2443 662 2469 διώκουσι
678 2442 767 2474 δόξαν,
781 2441 828 2467 καὶ
845 2440 874 2466 οὐ

87 2491 135 2527 τὴν
148 2492 201 2518 τῶν
219 2491 379 2528 ἀνθρώπων.
393 2491 429 2518 Οὐ
444 2490 532 2517 τοίνυν
545 2489 653 2516 ἀθέατοι
667 2487 745 2523 μόνον
757 2487 810 2513 εἰσὶ
821 2487 876 2517 τοῖς

87 2538 204 2570 πολλοῖς,
213 2538 269 2565 ἀλλ’
278 2538 331 2564 οὐδ’
341 2538 417 2564 αὐτοὶ
427 2534 498 2564 οὗτοι
509 2535 618 2572 ζητοῦσι
630 2534 738 2570 βλέπειν
746 2532 874 2564 ἐκείνους,

86 2585 136 2621 οὐχ
148 2585 188 2611 ὅτι
208 2585 245 2620 μὴ
260 2584 433 2620 προνοοῦντες
446 2583 566 2612 ἐκείνων,
583 2581 639 2608 ἀλλ’
652 2581 692 2607 ὅτι
716 2580 753 2615 μὴ
767 2578 877 2615 ζητοῦν·

85 2640 131 2664 τες
144 2632 208 2667 παρ’
219 2631 329 2657 ἐκείνων
341 2629 524 2665 ὠφεληθῆναι·
539 2628 599 2655 ὅθεν
611 2625 763 2657 ἀκολούθως
777 2626 808 2660 τῇ
824 2625 876 2661 ίδίᾳ

85 2676 141 2710 εξει
157 2677 207 2704 οὐκ
220 2675 302 2711 ἐρῶσι
313 2675 366 2702 τῶν
378 2675 535 2706 δοκούντων,
558 2672 626 2700 ἀλλὰ
635 2671 690 2698 τῶν
707 2671 790 2698 ὄντων
805 2669 876 2706 (ἐπεὶ

87 2721 141 2757 γὰρ
151 2723 205 2749 τῶν
217 2722 304 2750 ἄλλων
313 2721 470 2752 διίστανται,
484 2721 543 2753 πῶς
564 2720 710 2756 ζητήσουσι
727 2718 757 2744 τὸ
777 2717 874 2748 δοκεῖν,

89 2767 126 2803 μὴ
138 2766 222 2793 ὄντων
235 2767 288 2791 τῶν
297 2766 447 2793 δοκούντων
460 2765 603 2802 μηδόλως;)
617 2763 684 2791 ἀλλά
695 2762 724 2790 τδ
738 2762 816 2790 καλὸν
830 2761 876 2788 καὶ

87 2813 117 2840 τὸ
130 2812 167 2848 μὴ
179 2812 222 2847 ἐφ’
235 2810 341 2838 ἑαυτοῦ·
356 2813 403 2837 καὶ
414 2812 504 2845 καθὼς
523 2812 579 2848 ἔχει
600 2810 706 2846 φύσεως
727 2809 874 2845 κρίνοντες,

86 2858 232 2894 ἀγάλματα
243 2857 293 2892 τῆς
312 2856 387 2887 θείας
406 2857 519 2889 εὐωδίας
538 2857 615 2888 εἰσὶν,
634 2856 716 2891 ἧγουν
733 2853 815 2881 αὐτοῦ
828 2853 875 2880 τοῦ

86 2905 164 2938 Θεοῦ,
177 2904 207 2936 ὃς
217 2903 250 2939 δὴ
262 2903 293 2929 τὸ
305 2902 385 2929 καλὸν
399 2903 440 2937 ἐφ’
451 2903 547 2930 ἑαυτοῦ
556 2902 649 2935 ποιῶν,
662 2903 701 2934 είς
713 2902 815 2932 πάντας
827 2901 876 2927 οὐκ

275 2951 409 2980 Parant.
428 2950 487 2980 (in.
513 2949 567 2980 lll.

927 2301 1008 2322 oume
1029 2302 1097 2329 opus
1118 2295 1217 2322 bonum
1244 2297 1278 2323 ad
1300 2297 1408 2324 inanem
1432 2298 1571 2327 hominum
1599 2301 1711 2337 gloriam

927 2346 1081 2376 ostentent;
1101 2347 1183 2377 atque
1207 2344 1267 2370 ideo
1283 2344 1415 2378 quidquid
1435 2346 1462 2372 in
1488 2346 1588 2375 virtute
1604 2355 1712 2378 sacrum

927 2393 970 2415 est
994 2388 1064 2415 intra
1096 2393 1213 2417 tuentem
1240 2390 1431 2423 recoudentes,
1454 2390 1532 2425 juxta
1553 2400 1711 2429 coopertum

928 2441 1095 2470 unguentum
1119 2437 1151 2463 ad
1175 2437 1333 2470 primaevam
1356 2437 1488 2466 duntaxat
1509 2439 1711 2476 intelligentiam

906 2489 908 2492 ν
929 2481 1096 2509 intueantur.
1117 2481 1210 2517 Neque
1220 2483 1292 2509 enim
1309 2484 1514 2518 inaspectabiles
1526 2490 1636 2518 ,tanlum
1651 2493 1712 2515 sunt

928 2529 1107 2562 multitudini,
1123 2538 1204 2564 quam
1226 2535 1254 2558 et
1276 2531 1434 2565 inaequalem
1451 2537 1529 2560 vocat
1543 2541 1575 2560 ac
1593 2533 1712 2562 dissimi-

928 2574 978 2602 lem
998 2584 1004 2602 :
1025 2583 1087 2603 nam
1103 2577 1148 2610 qui
1167 2576 1284 2617 aequales
1304 2582 1376 2614 sunt,
1398 2569 1524 2617 virtutem
1547 2579 1597 2607 sibi
1621 2585 1713 2608 mutuo

927 2622 1177 2661 comitiunicabunt,
1198 2629 1283 2656 neque
1305 2623 1355 2650 sibi
1372 2628 1465 2650 mmuo
1485 2625 1630 2661 nocebunt,
1645 2632 1713 2660 quo-

928 2669 1001 2695 niam
1032 2668 1140 2703 ulriqne
1163 2668 1281 2695 divinam
1304 2668 1415 2703 gloriam
1440 2661 1590 2703 sectantur,
1612 2676 1639 2698 et
1659 2679 1711 2699 non

1109 2692 1139 2695 ..ν
1165 2692 1281 2695 κρυ-..-
1304 2692 1415 2703 .νη-η.
1440 2692 1576 2700 --ν-μη--.
1613 2692 1639 2698 η.
1659 2692 1711 2699 ..νη

928 2715 1080 2742 hominum.
1090 2692 1152 2741 ᾖον
1168 2714 1260 2748 itaque
1274 2713 1403 2748 duntaxat
1421 2692 1627 2752 inaspecta‘llﬁes
1650 2721 1713 2743 suut

928 2761 1106 2793 multitudini,
1132 2760 1179 2787 sed
1194 2768 1227 2787 ne
1244 2759 1269 2786 Ιιί
1286 2759 1335 2794 ipsi
1354 2760 1462 2794 quidem
1486 2761 1544 2789 illos
1560 2754 1651 2789 vitle're
1667 2770 1714 2789 vo-

927 2807 995 2838 lunt,
1011 2814 1064 2833 non
1085 2805 1156 2841 quod
1179 2805 1233 2832 iliis
1249 2813 1302 2834 non
1327 2805 1478 2838 consulant,
1500 2805 1547 2833 sed
1568 2801 1639 2840 quod
1664 2815 1714 2833 no-

928 2851 977 2880 lint
998 2853 1032 2879 ab
1047 2851 1101 2879 illis
1124 2851 1334 2878 emolumentum
1352 2846 1460 2886 aliquod
1481 2852 1620 2885 accipere;
1638 2851 1713 2878 unde

928 2903 1126 2932 consequenter
1144 2905 1176 2924 ex
1205 2904 1235 2925 se
1261 2902 1314 2924 non
1337 2901 1431 2924 amant
1444 2903 1474 2923 ea
1490 2903 1551 2930 quae
1570 2890 1712 2932 apparent,

1502 2943 1539 2973 16
