1929 3068
229 145 276 174 ιθι

810 142 839 172 S.
859 143 1012 172 DlONYSll
1030 142 1261 172 AREOPAGITE

1807 143 1864 170 ‘09.

227 206 275 232 sed
290 211 350 238 qua:
369 209 433 232 sunt
454 204 525 240 (cum
544 205 616 232 enim
633 204 666 232 ab
684 201 746 232 aliis
762 205 922 236 dissideant,
945 213 1009 240 quo-

1066 204 1264 240 ἐπιστρέφεται,
1275 203 1346 229 τοῦτ’
1357 202 1440 233 ἐστιν,
1452 202 1481 229 οὐ
1499 201 1635 238 φροντίζει
1649 200 1797 234 κενοδόξως
1807 201 1864 227 τῶν

227 250 307 278 modo
317 255 443 285 quaerunt
455 259 596 286 apparere.
612 259 672 279 eum
689 258 721 278 ea
741 258 801 285 quae
814 257 944 285 apparent
960 259 1012 278 non

227 295 281 323 sint
303 295 452 330 oninino‘i).
465 297 512 324 sed
535 297 636 324 bonum
657 304 776 332 quoque,
791 298 862 331 quod
878 305 893 323 a
912 304 942 324 se
956 297 1014 332 ipso

1069 251 1106 287 μὴ
1116 249 1321 286 ἀποδεχομένων
1340 248 1396 275 ἐσθ’
1409 248 1453 274 (“ne
1464 248 1513 280 τὰς
1527 249 1591 284 παρ’
1606 247 1687 274 αὐτοῦ
1700 247 1817 281 κρίσεις·
1831 247 1862 272 οὺ

1066 295 1120 331 γὰρ
1133 294 1286 331 ἐπιτηδεύει
1296 293 1374 327 δόξαν
1386 293 1457 328 ἐχειν
1470 293 1548 329 παρὰ
1565 292 1727 328 ἀνθρώποις.

228 347 282 368 non
295 346 347 374 est,
358 340 525 376 judicantes,
537 349 565 371 et
580 345 650 372 sicut
662 348 758 371 natura
775 352 827 372 διιο-
839 352 868 372 se
882 344 973 377 habet,
987 343 1133 372 simulacra
1151 343 1274 377 quaedam
1288 345 1351 368 sunt
1367 339 1466 368 divina:
1480 340 1646 375 ﬂagrantiae.
1668 339 1694 366 id
1714 343 1755 365 est
1771 337 1863 373 ipsius

227 385 285 418 Dei,
295 388 344 421 .qui
356 388 454 416 bonum
471 397 519 424 per
531 398 560 418 se
573 391 677 419 faciens
688 391 722 418 ad
732 399 828 419 omnes
838 391 948 418 minime
962 389 1143 421 convertitur,
1157 389 1182 416 id
1191 393 1233 416 est
1254 387 1336 423 226
1346 387 1456 414 minime
1470 391 1556 419 curat,
1568 386 1639 413 inani
1651 385 1736 421 gloria
1748 386 1862 417 ductus,

226 439 275 464 eos
286 434 332 467 qui
347 434 492 470 aliquando
505 444 558 464 non
575 437 725 473 suscipiunt
745 438 803 472 ejus
816 440 924 467 decreta
943 447 950 466 :
964 445 1018 465 neu
1030 437 1101 465 enim
1113 436 1204 463 studet
1216 435 1328 470 gloriam
1348 435 1382 462 ab
1394 433 1549 461 hominibus
1563 434 1673 460 habere.

271 481 284 517 ε
303 481 336 508 ll.
356 482 501 517 Castorum,
518 484 620 519 inquit,
631 493 693 513 cum
715 487 938 514 iutroduetoriam
953 493 1017 513 con-

227 529 430 562 templationetn
443 531 625 566 attulerimus,
638 533 751 567 agedum
763 533 889 568 deinceps
902 533 1016 561 divinio-

225 583 280 602 rem
301 575 542 612 sublimioremque
571 579 629 613 ejus
657 580 882 610 pulchritudinem
907 581 1014 607 inluer

224 628 297 651 mur.
318 621 458 656 ipsamque
481 629 530 656 per
551 631 581 650 se
603 624 689 652 lucem
714 625 877 660 spiritalem.
901 625 1012 652 sublatis

223 665 407 700 voluminibus,
420 669 633 702 contemplemur,
654 675 682 697 et
698 670 783 705 ipsius
800 671 949 706 fragrantia
969 679 1013 698 re.

224 711 357 746 pleamur.
376 712 468 749 Neque
489 716 558 743 enim
583 717 709 751 unguenti
731 717 879 750 confectio,
903 718 974 752 quod
997 726 1012 744 a

225 758 398 786 multitudine
411 767 463 786 non
484 760 617 791 videatur,
632 762 734 789 idcirco
747 763 830 789 etiam.
847 763 1012 795 bierarchur,

224 809 252 830 et
268 804 299 830 iis
312 805 356 838 qui
375 813 435 831 cum
454 806 510 840 ipso
522 807 793 842 snnt,inspectabilis
806 810 939 837 exsistet:
964 810 1013 836 sed

1105 485 1118 520 ᾗ
1134 485 1166 511 Η.
1189 483 1297 519 Ἐπειδὴ
1319 483 1369 518 τὴν
1389 481 1574 516 εἰσαγωγικὴν
1592 480 1708 516 θεωρίαν
1720 479 1838 515 εἴπομεν
1853 498 1863 512 ,

1067 531 1145 566 φησὶ,
1159 530 1225 565 φέρε
1236 529 1331 556 λοιπὸν
1351 529 1391 560 εἰς
1408 527 1442 554 τὸ
1464 527 1611 560 θειότερον
1626 527 1672 553 καὶ
1695 525 1863 561 ὑψηλότερον

1067 576 1181 608 κάλλος
1197 575 1292 609 αὐτῆς
1306 573 1534 608 ἀποϐλέψωμεν,
1555 573 1601 599 καὶ
1617 571 1864 607 ἀποκαλυψάμενοι

1064 621 1098 648 τά
1110 621 1358 657 παραπετάσματα,
1373 620 1469 654 αὐτὴν
1482 620 1539 654 τὴν
1552 617 1665 652 νοητὴν
1671 617 1785 652 αἴγλην
1797 619 1864 645 θεα-

1064 667 1192 702 σώμεθα,
1202 667 1307 703 καὶτῆς
1317 666 1422 693 ἐκεῖθεν
1432 666 1547 697 εὐωδίας
1556 665 1568 690 ἐ
1574 663 1768 700 μφορηθῶμεν.
1785 663 1863 690 οὐδὲ

1065 712 1131 747 γὰρ.
1148 712 1241 748 ἐπειδὴ
1250 714 1308 744 τοῖς
1319 712 1426 744 πολλοῖς
1444 712 1517 738 ἐστιν
1535 710 1649 741 ἀθέατος
1663 710 1682 744 νὴ
1697 708 1750 735 τοῦ
1762 709 1863 744 μύρου

1065 760 1283 794 τελεσιουργία,
1302 759 1353 795 ήδη
1368 758 1415 785 καὶ
1429 757 1467 793 τῷ
1482 758 1598 794 ίεράρχῃ
1612 756 1698 788 οὓτως
1714 755 1794 782 ἔσται
1809 776 1817 787 ,
1844 755 1861 790 ἦ

1066 807 1123 837 τοῖς
1135 806 1200 841 περὶ
1214 805 1303 832 αὐτόν·
1321 804 1380 831 ἀλλ’
1395 804 1464 840 αὑτὴ
1481 804 1529 839 μὲν
1540 804 1619 838 ἄχρις
1636 802 1726 829 αὐτῶν
1735 802 1862 838 διαφέρει

225 857 287 877 cum
309 851 336 877 in
361 851 402 878 his
421 851 530 885 quidem
545 852 661 879 excellat
678 853 738 888 ejus
752 853 955 888 contemplatio,
972 855 1010 888 ip-

1066 851 1111 886 τὴν
1129 851 1194 886 περὶ
1208 851 1294 886 αὐτῆς
1307 850 1436 886 θεωρίαν,
1458 849 1536 875 αὐτοὶ
1550 848 1578 875 δὲ
1590 848 1628 880 ὡς
1642 847 1737 882 τιμίαν
1751 847 1862 882 ἐκείνην

223 897 304 924 simet
325 896 397 924 illam
424 903 552 932 tanquam
576 898 738 933 pretiosam,
759 904 788 927 et
809 899 880 935 vulgi
904 904 1013 934 captum

224 943 401 970 excedentem
415 944 586 971 abscondunt
600 949 628 971 et
639 952 653 970 a
666 945 838 973 multitudine
855 951 1011 974 secernunt.

224 988 301 1022 Saepe
316 989 389 1016 enim
404 989 430 1015 in
450 988 520 1016 libro
539 989 575 1016 De
586 990 683 1017 diuinis
694 991 842 1018 nominibus
857 991 1014 1026 explanavi.

223 1041 296 1066 mus,
311 1035 375 1069 qttid
397 1034 434 1061 sit
457 1034 611 1062 intellectile
639 1041 667 1063 et
681 1036 745 1070 quid
764 1036 929 1072 intelligens.
958 1037 1013 1064 Hoc

224 1081 305 1115 igitur
327 1081 408 1108 etiatn
431 1081 476 1108 hic
498 1082 578 1114 dicit;
598 1083 701 1110 sanctis
729 1083 790 1115 illis,
817 1084 862 1118 qui
885 1085 1013 1119 episcopo

223 1132 321 1162 praesto
342 1132 405 1154 sunt
430 1132 557 1162 tanquam
584 1128 734 1156 intellectili
754 1129 805 1156 luci
827 1131 950 1164 cognatis
965 1131 1013 1166 (si-

221 1173 330 1207 quidem
348 1173 399 1200 diei
419 1173 541 1207 lucisque
557 1174 604 1200 ﬁlii
625 1175 700 1210 sunt)
724 1175 807 1202 Deum
822 1183 875 1202 non
888 1183 934 1210 per
946 1176 1012 1204 alte-

222 1219 451 1252 riusdoctrinam,
465 1219 512 1246 sed
525 1226 574 1253 per
585 1220 760 1253 semetipsum
775 1219 835 1247 illos
851 1220 1011 1248 illustrando

223 1265 381 1299 mysterium
399 1265 634 1299 contemplationis
648 1265 787 1298 revelare;
801 1266 927 1300 quocirca
944 1266 1011 1301 ipsis

224 1318 278 1337 nun
303 1308 480 1345 circumjaect
506 1311 593 1338 velum
616 1312 641 1337 in
663 1312 755 1338 divino
774 1317 931 1347 unguento,
963 1313 1010 1339 sed

223 1356 342 1384 revelata
362 1356 443 1388 facie,
456 1358 605 1384 secundum
622 1357 791 1392 Apostolum,
805 1358 932 1394 mysteria
947 1366 1011 1387 ron-

224 1402 405 1436 templantur;
429 1410 481 1429 non
503 1402 630 1436 perfectis
655 1408 744 1430 autem
770 1411 838 1439 opus
856 1408 897 1431 est
913 1404 1018 1440 signisr

223 1449 328 1475 Idcirco
342 1448 391 1482 ipsi
408 1452 479 1479 sunt,
495 1448 540 1482 qui
557 1454 722 1483 tmgueutum
742 1450 828 1477 sacris
846 1450 896 1477 alis
916 1456 1010 1477 conte-

223 1499 300 1528 gunt,
315 1499 340 1521 et
358 1501 373 1520 a
389 1493 562 1521 multitudine
578 1499 734 1522 secernunt.
751 1495 897 1531 Episcopos
919 1502 1008 1524 autem

224 1545 303 1567 vacat
325 1540 520 1574 speculatores,
539 1541 760 1574 quandoquidem
774 1542 857 1569 etiam
875 1549 890 1568 a
906 1541 1010 1574 Graecis

223 1586 371 1621 gentilibus
385 1587 426 1614 sic
449 1586 677 1621 ntutcupabantur
696 1587 743 1621 qui
774 1588 909 1622 priepositi
934 1593 1012 1615 erant

223 1634 257 1659 ah
276 1633 412 1664 omnibus,
436 1637 465 1659 ut
484 1633 517 1659 de
537 1632 634 1659 futuris
652 1631 736 1659 Dentri
755 1634 964 1668 interrogarent,
985 1639 1013 1661 et

223 1679 324 1706 hostias
341 1686 390 1713 pro
405 1679 472 1714 ipsis
484 1677 616 1705 olferrent
635 1687 667 1706 ac
689 1679 838 1713 propitium
858 1680 1011 1708 redderent.

229 1726 382 1762 ’Δνομοίους
396 1732 485 1754 autem
500 1730 578 1753 vocat
592 1726 680 1752 minus
696 1726 833 1760 perfectos
849 1727 875 1753 in
899 1728 1013 1762 populo;

224 1774 247 1800 is
257 1773 328 1800 enim
340 1772 364 1798 ei
386 1779 444 1799 nios
468 1776 518 1798 est.
544 1771 638 1805 Neque
660 1772 753 1804 enim,
769 1772 876 1806 inquit.
903 1773 943 1800 sic
971 1774 1004 1800 ad

223 1819 377 1846 sacerdotes
390 1818 460 1845 sicut
473 1818 504 1844 ad
528 1818 727 1844 multitudinem
751 1818 886 1845 obtectum
903 1823 930 1845 et
945 1819 1007 1846 abs-

223 1863 361 1890 conditum
380 1868 583 1890 sacramentum
599 1863 731 1897 procedit,
744 1863 790 1890 sed
811 1863 845 1890 ab
871 1863 924 1891 illis
943 1873 1006 1899 pro-

223 1913 282 1943 pter
307 1909 504 1937 multitudinem
530 1909 673 1940 occulitur,
693 1914 722 1936 ut
747 1914 774 1936 et
784 1909 844 1944 ipsa
864 1918 912 1945 pro
927 1917 1007 1945 captu

221 1961 349 1990 statuque
370 1963 419 1982 suo
430 1962 479 1990 per
493 1955 638 1989 aenigmata
652 1963 760 1983 sursqu
777 1956 939 1985 adducatur.

258 2002 329 2038 §lll.
353 2002 399 2028 Est
423 2002 506 2037 igitur
533 2001 589 2027 haec
612 2008 691 2028 sacra
716 2002 891 2030 consecratio
907 2010 1015 2038 quoque

223 2056 275 2074 una
303 2055 337 2074 ex
370 2047 550 2073 hierarchieis
575 2046 717 2073 ordinibus
745 2052 827 2081 atque
854 2047 1014 2081 virtutibus,

222 2098 387 2129 quapropter
399 2093 480 2120 etiam
490 2092 612 2126 ejusdem
629 2092 744 2120 rationis
755 2097 797 2120 est
805 2101 867 2120 cum
879 2101 1014 2128 synaxeos

223 2144 405 2167 sacramento.
423 2138 492 2172 Quin
507 2143 535 2165 et
552 2138 594 2165 hic
615 2138 772 2172 pontiﬁcem
795 2146 904 2174 quoque
923 2141 1014 2168 videas

223 2187 257 2214 ab
273 2186 350 2212 altari
366 2184 583 2212 inecnsatimretn
597 2184 759 2216 ordientem,
774 2189 800 2211 et
816 2185 1013 2218 circumeundo

224 2233 250 2259 in
263 2232 357 2259 eodem
379 2238 486 2257 rursum
502 2231 690 2262 desinentem,
723 2230 807 2257 hocce
833 2231 885 2257 ritu
912 2231 1011 2258 docen-

225 2285 290 2309 tetn,
309 2277 426 2304 divinam
450 2277 522 2303 illam
541 2277 778 2310 participationem
792 2278 932 2304 adeuntes
949 2285 1012 2311 prn-

224 2326 401 2354 manantem,
438 2321 586 2349 secundum
627 2321 803 2355 semetipsum
841 2322 1011 2348 imminutam

224 2375 394 2405 permanere.
423 2375 511 2402 neque
533 2366 680 2402 quidquam
699 2374 714 2392 a
736 2367 844 2402 propria
872 2367 1013 2395 idenlitate

224 2415 386 2442 desciscere.
423 2413 558 2440 Similiter
580 2414 662 2438 etiam
687 2412 842 2445 psalmodia:
864 2412 1011 2440 lectiones-

224 2468 276 2494 que
293 2462 371 2492 liunt,
388 2467 447 2494 qua:
465 2463 492 2486 et
506 2458 674 2492 imperfectis
692 2457 773 2493 227
792 2459 1011 2490 obstetricautur.

224 2512 252 2534 et
269 2508 396 2534 obsessos
411 2514 430 2537 a,
443 2504 587 2539 spiritibus
609 2506 762 2534 retrahunt,
786 2509 814 2530 et
827 2505 1012 2531 adversariam

225 2551 456 2587 pressuramﬂtoc
472 2551 544 2578 enim
574 2555 653 2577 vocat
679 2558 806 2584 pavorem
822 2555 850 2576 et
871 2550 1013 2581 illecebras

225 2590 409 2632 peccatorum)
440 2596 588 2630 repellunt,
617 2596 781 2623 insinuando
804 2596 889 2630 ipsis,
910 2603 938 2624 et
957 2604 1013 2623 tuo-

225 2649 288 2670 dum
303 2643 470 2670 ostendendo
485 2643 658 2669 adversarios
681 2644 837 2676 superandi,
855 2649 883 2669 ut
900 2648 927 2669 et
950 2643 1010 2669 aliis

226 2691 358 2717 imitando
378 2689 461 2716 Deum
493 2688 590 2716 medici
606 2689 754 2721 exsistant;
786 2694 812 2715 et
829 2697 880 2715 non
908 2692 1012 2715 tantum

226 2739 275 2772 ipsi
289 2739 419 2764 adversus
434 2735 586 2764 contrarios
600 2743 715 2769 pavores
731 2744 762 2762 ac
782 2736 906 2763 timerent
921 2735 1011 2762 elliea—

225 2787 335 2812 eitatem
364 2786 492 2815 habeant,
519 2792 612 2811 verum
633 2784 714 2811 etiam
737 2784 798 2810 aliis
821 2784 960 2810 conversis
980 2791 1013 2808 ac

224 2832 419 2866 paenitentibus
444 2832 496 2859 vim
522 2832 633 2863 addant,
659 2838 693 2858 nc
717 2832 804 2858 denuo
829 2830 1011 2866 subigantur;

224 2887 268 2905 eos
294 2883 395 2913 autem,
421 2878 519 2914 quibus
541 2879 574 2907 ad
591 2878 774 2907 omuimodatn
792 2878 940 2913 puritatem
963 2875 1012 2903 ali-

1066 899 1112 925 καὶ
1128 899 1197 934 ὑπὲρ
1207 900 1270 930 τοὺς
1286 898 1401 929 πολλοὺς
1423 894 1665 931 περικαλύπτουσι,
1679 893 1726 920 καὶ
1736 894 1793 921 ἀπὸ
1807 893 1861 920 τῶν

1065 945 1170 972 πολλῶν
1193 945 1388 972 διαστέλλουσι.
1407 943 1540 974 Πολλάκις
1554 943 1608 978 γὰρ
1626 943 1655 968 ἐν
1669 941 1708 977 τῷ
1718 941 1791 975 Περὶ
1803 939 1863 966 τῶν

1064 992 1151 1018 θείων
1169 990 1323 1026 ὀνομάτων
1338 990 1524 1025 ἐδηλώσαμεν,
1542 988 1569 1015 τί
1581 988 1675 1024 νοητὸν
1689 989 1738 1014 καὶ
1759 987 1786 1014 τί
1805 995 1862 1013 νοε-

1066 1038 1120 1073 ρῦν.
1134 1036 1218 1063 Τοῦτο
1234 1034 1280 1063 οὖν
1294 1036 1341 1062 καὶ
1359 1034 1477 1061 ἐνταῦθα
1496 1043 1589 1071 φησιν,
1602 1034 1643 1060 ὅτι
1663 1034 1720 1065 τοῖς
1739 1033 1806 1068 περὶ
1816 1031 1861 1059 τὸν

1064 1084 1212 1110 ἐπίσκοπον
1224 1083 1312 1117 ἁγίοις
1330 1079 1414 1114 οὖσιν,
1428 1081 1465 1113 ὡς
1481 1081 1622 1115 συγγενέσι
1633 1080 1680 1106 τοῦ
1693 1078 1793 1115 νοητοῦ
1807 1087 1862 1112 φω-

1063 1131 1120 1163 τδς,
1134 1130 1197 1166 (υἱοὶ
1209 1129 1264 1164 γὰρ
1275 1128 1381 1164 ἡμέρας
1393 1125 1464 1155 οὗτοι
1478 1128 1526 1154 καὶ
1539 1127 1620 1154 τέκνα
1632 1125 1745 1160 φωτός.)
1758 1125 1861 1152 ἀποκα-

1064 1177 1160 1204 λύπτει
1179 1177 1193 1203 ὁ
1204 1176 1280 1208 Θεὸς,
1292 1176 1322 1201 οὐ
1338 1175 1370 1202 δι’
1386 1175 1480 1211 ἑτέρου
1495 1173 1685 1205 διδασκαλίας,
1699 1171 1760 1198 ἀλλ’
1781 1171 1861 1202 αὐτὸς

1063 1224 1161 1255 αὐτοὺς
1174 1221 1296 1258 φωτίζων
1313 1221 1343 1248 τὸ
1355 1222 1501 1257 μυστήριον
1516 1220 1566 1255 τῆς
1577 1219 1702 1255 θεωρίας·
1716 1218 1757 1244 διὸ
1771 1218 1859 1247 αὐτοῖς

1062 1270 1091 1296 οὺ
1101 1269 1251 1305 περίκειται
1261 1268 1392 1304 κάλυμμα
1401 1267 1472 1294 κατὰ
1483 1266 1530 1293 τοῦ
1542 1266 1612 1292 θείου
1626 1265 1723 1301 μύρου,
1732 1263 1790 1290 ἀλλ’
1801 1264 1860 1290 ἀνα-

1061 1315 1259 1350 κεκαλυμμένη)
1268 1313 1414 1350 προσώπῳ,
1422 1312 1543 1340 κατὰτὸν
1551 1310 1720 1342 Ἀπὸπολον,
1728 1307 1858 1344 θεωροῦσι

1061 1362 1095 1389 τὰ
1112 1362 1259 1397 μυστήρια’
1271 1362 1327 1392 τοῖς
1339 1360 1368 1386 δὲ
1384 1360 1422 1395 μὴ
1437 1358 1550 1390 τελείοις
1562 1357 1642 1394 χρεία
1653 1356 1807 1392 συμϐόλων.
1816 1355 1859 1381 Διὸ

1063 1408 1139 1434 αὐτοί
1157 1408 1226 1434 εἰσιν
1245 1408 1268 1433 οἱ
1279 1407 1309 1433 τὸ
1325 1406 1410 1442 μύρον
1428 1407 1488 1437 ταῖς
1501 1405 1587 1440 ἱεραῖς
1605 1403 1718 1438 πτέρυξι
1733 1401 1859 1438 περισκέ-

1061 1463 1168 1486 ποντες,
1189 1454 1300 1489 καὶτῆς
1316 1453 1435 1489 πληθύος
1453 1450 1715 1481 ἀποδιαστέλλοντες.
1736 1448 1859 1484 Θεωροὺς

1060 1501 1089 1528 δὲ.
1114 1500 1191 1527 καλεῖ
1209 1501 1272 1531 τοὺς
1293 1499 1471 1531 ἐπισκόπους,
1487 1496 1581 1532 ἐπειδὴ
1594 1496 1641 1522 καὶ
1660 1495 1725 1530 παρ’
1749 1493 1858 1528 Ἕλλησι

1062 1546 1159 1582 θεωροὶ
1169 1544 1313 1573 ἐκαλοῦντο
1326 1547 1350 1572 ot
1364 1545 1576 1580 προϐαλλόμενοι
1589 1541 1664 1578 παρὰ
1675 1541 1785 1568 πάντων
1799 1541 1859 1566 ἐπε-

1065 1592 1152 1627 ρωτᾷν
1167 1591 1232 1618 Θεὸν
1255 1592 1318 1627 περὶ
1342 1591 1501 1626 μελλόντων,
1518 1590 1565 1616 καὶ
1581 1588 1674 1619 Θυσίας
1686 1588 1757 1622 ὑπὲρ
1771 1585 1858 1613 αὐτῶν

1063 1638 1247 1674 προσφέρειν,
1278 1638 1324 1664 καὶ
1356 1636 1524 1670 ἐξιλεοῦσθαι
1556 1636 1626 1670 ὑπὲρ
1652 1633 1755 1660 αὐτῶν.
1787 1633 1859 1659 Ἀνο-

1066 1683 1157 1718 μοίους
1180 1684 1209 1710 δὲ
1237 1684 1315 1710 καλεῖ
1337 1684 1401 1715 τοὺς
1413 1683 1518 1714 ἀτελεῖς
1543 1681 1590 1708 τοῦ
1608 1680 1684 1707 λαοῦ·
1708 1679 1789 1706 τοῦτο
1805 1678 1858 1713 γὰρ

1065 1729 1138 1764 αὑτῷ
1152 1729 1222 1761 ἔθος.
1237 1729 1304 1756 Οὐδὲ
1315 1729 1369 1765 γὰρ
1382 1729 1429 1755 καὶ
1441 1730 1497 1760 τοῖς
1510 1726 1677 1762 ἱερωμένοις,
1696 1725 1774 1760 φησὶ,
1792 1722 1857 1758 πρὸς

1058 1777 1088 1803 τὸ
1103 1775 1248 1810 ὑφειμένον
1275 1776 1322 1802 καὶ
1341 1773 1613 1810 περικεκαλυμμένον
1654 1771 1751 1806 τελετὴ
1768 1770 1856 1806 πρόει-

1062 1830 1114 1852 σιν,
1127 1821 1221 1857 ὥσπερ
1236 1823 1292 1853 τοῖς
1305 1821 1422 1853 πολλοῖς
1442 1819 1509 1847 ἀλλά
1520 1820 1584 1855 παρ’
1605 1819 1717 1845 ἐκείνων
1735 1817 1779 1844 διὰ
1796 1816 1856 1846 τοὺς

1062 1868 1176 1900 πολλοὺς
1200 1867 1420 1902 συγκαλύπτεται
1436 1886 1443 1898 ,
1467 1867 1511 1893 ἵνα
1541 1865 1588 1892 καὶ
1615 1865 1692 1891 αὐτοὶ
1732 1862 1776 1890 διὰ
1805 1860 1856 1888 τῶν

1063 1914 1232 1948 αἰνιγμάτων
1246 1913 1385 1946 ἀναλόγως
1397 1914 1430 1947 τῇ
1448 1912 1500 1947 ἰδίᾳ
1512 1911 1567 1943 ἕξει
1580 1910 1743 1944 ἀνάγωνται,

1109 2003 1122 2038 ᾗ
1140 2004 1184 2030 lll.
1204 2003 1297 2029 Ἔστιν
1310 1999 1356 2028 οὖν
1379 2001 1424 2027 καὶ
1443 2001 1459 2035 ἡ
1479 1999 1589 2034 τοιαύτη
1613 1997 1673 2033 ἱερὰ
1689 1996 1791 2031 τελετὴ,
1809 1995 1854 2030 μία

1067 2048 1121 2075 τῶν
1137 2047 1301 2083 ἱεραρχικῶν
1314 2047 1416 2079 τάξεων
1428 2046 1474 2072 καί
1486 2045 1636 2079 δυνάμεων,
1648 2043 1688 2069 διὸ
1703 2043 1750 2068 καὶ
1759 2043 1854 2076 ὁμοτα-

1067 2095 1117 2130 γής
1134 2095 1234 2129 ἐστιτῇ
1247 2093 1297 2127 τῆς
1314 2092 1447 2125 συνάξεως
1458 2091 1562 2125 τελετῇ.
1579 2089 1634 2115 Καὶ
1644 2088 1704 2123 ὄψει
1718 2086 1853 2114 κάνταῦθα

1065 2140 1111 2167 τὸν
1121 2140 1251 2176 ἀρχιερέα
1262 2139 1316 2165 ἀπὸ
1325 2137 1371 2164 τοῦ
1384 2135 1575 2171 θυσιαστηρίου
1587 2134 1736 2171 ἀρχόμενον
1746 2131 1851 2166 θυμιᾷν,

1067 2187 1113 2213 καὶ¹
1129 2186 1350 2222 περιερχόμενον,
1367 2184 1414 2210 καὶ
1427 2184 1467 2214 εἰς
1481 2181 1547 2209 αὐτὸ
1562 2181 1642 2208 πάλιν
1657 2179 1850 2222 καταλήγοντα,

1031 2238 1051 2264 D
1066 2233 1112 2259 Kal.
1135 2220 1295 2258 διδάσκοντα
1316 2229 1449 2259 ἐντεῦθεν,
1471 2227 1519 2263 τὴν
1541 2227 1616 2253 θείαν
1636 2225 1789 2260 μετουσίαν,
1809 2220 1852 2248 ἐπὶ

1065 2279 1168 2310 πάντας
1181 2276 1395 2313 προερχομένην,
1416 2274 1475 2301 καθ’
1489 2273 1587 2308 ἑαυτὴν
1603 2272 1736 2307 ἀμείωτον
1753 2269 1849 2304 μένειν,

1065 2324 1110 2350 καὶ
1125 2322 1206 2358 μηδὲν
1215 2322 1265 2356 τῆς
1273 2321 1376 2352 οἰκείας
1387 2319 1550 2354 ταυτότητος
1561 2316 1726 2350 ἐξίστασθαι.
1742 2312 1850 2358 Ἑπίσης

1064 2368 1092 2394 αἱ
1102 2357 1255 2402 capuam:
1265 2366 1311 2392 καὶ
1319 2366 1347 2392 αἱ
1357 2364 1522 2399 ἀναγνώσεις
1532 2363 1662 2397 γίνονται,
1673 2361 1718 2387 καὶ
1728 2359 1788 2389 τοὺς
1795 2357 1850 2383 ἀτε-

1064 2411 1173 2443 λέστους
1182 2411 1369 2447 μαιευόμεναι,
1377 2409 1491 2440 καὶτοὺς
1498 2407 1708 2444 ἐνεργουμένους
1718 2403 1769 2432 ὑπὸ
1777 2410 1849 2429 πνευ-

1066 2459 1158 2494 μάτων
1172 2457 1393 2492 ὲπιστρέφουσαι,
1416 2455 1463 2482 καὶ
1485 2454 1533 2489 τὴν
1555 2453 1678 2480 ἐναντίαν
1702 2446 1847 2486 σύμπτυξιν

1065 2505 1154 2540 (τοῦτο
1166 2505 1220 2540 γὰρ
1234 2502 1308 2538 λέγει
1321 2503 1416 2530 πτοίαν
1432 2503 1478 2529 καὶ
1488 2501 1575 2535 θέλξιν
1586 2501 1640 2527 τῶν
1657 2502 1685 2527 ἐν
1696 2494 1847 2534 ἁμαρτίαις)

1065 2551 1277 2587 ἀφαιρούμεναι,
1292 2548 1486 2576 ὺποδεικνῦσαι
1499 2548 1613 2579 τούτοις,
1624 2547 1671 2573 καὶ
1681 2545 1846 2587 διδάσκουςφι

1065 2599 1123 2630 πῶς
1134 2597 1357 2633 περιγενήσονται
1371 2596 1425 2621 τῶν
1441 2594 1569 2621 ἐναντίων
1583 2591 1664 2624 οὗτοι,
1682 2590 1789 2619 καὶτοῖς
1801 2585 1845 2613 ἄλ-

1064 2647 1119 2677 λοις
1145 2632 1232 2679 ἰατροὶ
1253 2643 1426 2677 θεομιμήτως
1450 2641 1624 2676 φανήσονται,
1648 2638 1694 2665 καὶ
1716 2636 1751 2672 μὴ
1771 2632 1845 2679 μόνογ

1064 2692 1168 2724 ἕξουσιν
1189 2691 1231 2724 ἐφ’
1247 2690 1353 2720 ἑαυτοῖς
1364 2688 1394 2714 τὸ
1409 2688 1481 2714 κατά
1498 2687 1547 2722 τῆς
1558 2685 1680 2716 ἐναντίας
1695 2680 1787 2711 πτοίας
1801 2676 1843 2726 κξδ

1065 2737 1146 2771 φόϐου
1160 2736 1333 2769 δραστήριον,
1356 2733 1423 2760 ἀλλά
1436 2734 1481 2760 καὶ
1503 2733 1591 2763 ἄλλοις
1612 2731 1773 2771 ὁωρήσοντεξι
1790 2727 1842 2749 τοις

1064 2781 1304 2816 ἐπιστρεφομένοις
1317 2780 1364 2806 καὶ
1379 2779 1546 2814 μετανοοῦσι,
1560 2777 1670 2809 δύναμιν
1681 2768 1840 2816 ἐντιθέμεναι

1065 2827 1133 2862 πρὸς
1145 2827 1175 2852 τὸ
1188 2825 1225 2860 μὴ
1241 2826 1288 2861 καί
1297 2823 1374 2856 αὖθις
1387 2824 1499 2853 ἁλῶναι,
1512 2823 1573 2852 τοὺς
1584 2819 1624 2845 ἔτι
1634 2813 1802 2862 emissis-119?;
1812 2808 1840 2862 ξδ

1064 2854 1200 2906 πάναγνον
1213 2871 1269 2908 (οὓς
1284 2858 1316 2906 δὴ
1335 2870 1382 2896 καὶ
1399 2869 1452 2895 τῶν
1466 2866 1565 2894 Mittin
1583 2864 1709 2899 ἐλέγομεν
1722 2854 1838 2887 irato“):
