1929 3068
99 162 160 190 495

392 158 436 186 DE
453 157 593 186 ECCLES.
614 156 813 189 HlERARCll.,
829 155 904 183 CAP.
918 154 962 182 lV.
975 170 1006 174 —-
1023 153 1196 181 PARAPHR.
1215 152 1450 181 PACHYMERAZ.

1683 152 1734 179 ιοι

99 218 208 250 τελέως
226 217 470 254 ἀποκαθαίρουσαι,
483 220 546 251 τοὺς
559 218 586 245 δὲ
600 219 689 254 ἱεροὺς
701 217 839 244 ἑστιῶσαι·
853 216 896 243 διὰ

950 215 1014 250 quid
1027 216 1103 242 deest
1119 218 1197 249 (quos
1213 207 1341 240 nimirum
1357 217 1435 239 antea
1450 216 1566 247 quoque
1586 212 1669 240 laicos
1683 220 1734 247 ap-

99 264 194 291 ιταῦτα
206 264 261 299 γὰρ
282 264 329 291 καὶ
349 263 446 296 κοινῶς
455 265 484 291 αἱ
503 264 656 300 ψαλμῳδίαι
671 265 718 292 καὶ
729 265 757 291 at
772 264 894 299 ἀναγνώ-

103 320 137 338 σε
142 321 166 344 ις
181 311 311 346 γίνονται.

144 400 159 435 §
177 398 222 426 IV.
239 399 276 425 Τὸ
286 399 324 430 δὲ,
340 399 370 426 Τί
378 399 498 434 δὲ,οὐχὶ
510 399 559 426 καὶ
572 400 625 432 τὰς
637 399 680 434 μὴ
695 399 792 432 πάντη
806 400 895 426 καθα-

98 445 175 479 ρὰς,
206 444 419 480 ὲρωτηματικῶς
432 445 619 480 προενεκτέον,
632 445 665 471 ἵν’
684 444 846 480 ἐπιφέρηται
865 443 896 469 τὸ

101 490 171 521 Ναὶ,
184 491 301 523 πάντως·
311 491 384 525 λέγει
392 491 455 527 γὰρ,
469 491 500 518 Τί
504 490 676 525 δέ;οὺχὶκαὶ
686 490 803 526 ήτελετὴ
815 489 894 524 αὕτη,

101 534 178 561 κατὰ
189 535 238 570 τὴν
247 535 296 570 τῆς
307 535 441 568 συνάξεως
451 535 572 571 τελετὴν,
584 535 696 562 ἀπολύει
707 535 759 568 ἔξω
772 545 822 562 που
832 537 896 569 τοὺς

103 580 144 616 μὴ
157 580 303 616 καθαροὺς,
314 582 361 607 καὶ
371 581 439 617 πρὸς
449 581 535 617 μόνων
543 582 596 608 τῶν
607 582 742 618 πανιέρων
751 582 897 609 ἐποπτεύε-

100 635 168 659 ται;
182 628 237 654 Καὶ
246 627 325 654 τοῦτο
337 628 455 660 πάντως.
477 628 596 663 Ἀμιγῶς
616 629 644 655 δὲ
661 627 747 660 εἶπεν,
761 629 798 660 ὡς
817 628 850 656 ἂν
871 629 896 656 εί

102 673 194 708 ἔλεγε·
209 674 259 701 Διὰ
268 674 347 701 τοῦτο
360 674 471 702 ἀπολύει
490 675 553 707 τοὺς
568 676 604 711 μὴ
617 676 764 711 καθαροὺς,
778 676 821 702 ἴνα
832 676 896 712 ἁμι-

101 721 162 755 γῶς
185 721 238 748 ἀπὸ
259 721 361 748 τούτων
386 722 560 758 ἱερουργῆται
581 722 656 757 παρὰ
678 722 733 748 τῶν
755 721 893 757 καθαρῶν.

101 767 199 795 Ταῦτα
208 767 337 800 πολλάκις
351 768 502 804 ἐρρέθησαν
520 769 584 804 παρ’
598 768 687 804 ἡμῶν,
702 768 749 795 καὶ
770 767 895 804 περιττὸν

101 813 182 850 οἶμαι
193 814 274 841 πάλιν
291 814 381 848 λέγειν
394 814 459 850 περὶ
478 814 578 846 αὐτῶν,
596 814 632 850 μὴ
650 814 696 840 τὸν
709 814 839 850 ίεράρχην
853 814 896 841 ὲν-

101 857 200 884 τεῦθεν
214 857 345 893 ὁρῶντας,
359 857 417 889 πῶς
430 858 527 894 ἔχοντα
544 859 575 885 τὸ
589 858 725 893 πάναγνον
740 859 824 896 μύρον
835 861 895 891 ταῖς

103 901 219 938 πτέρυξι
241 903 483 938 περικαλύπτεται.
500 903 622 939 Λέγομεν
642 904 741 936 τοίνυν,
758 905 796 937 ὡς
811 905 827 940 ή
847 904 894 931 τοῦ

949 260 1128 296 pellabamus)
1145 259 1264 295 perfecte
1286 258 1406 293 eripient,
1423 262 1532 286 sanctos
1554 259 1670 290 denique
1685 266 1732 292 pu-

948 311 1025 334 scant
1042 315 1048 333 :
1066 306 1167 333 idcirco
1190 306 1263 333 enim
1287 304 1469 332 communiter
1489 308 1516 331 et
1541 305 1696 338 pSahnodia:
1706 308 1735 332 et

947 351 1075 379 lectiones
1089 352 1165 378 liunt.

983 397 998 434 §
1014 397 1057 424 IV.
1068 397 1134 424 lllttd
1151 401 1241 424 autem
1253 405 1260 423 :
1270 395 1342 429 Quid
1353 403 1442 429 porro,
1457 395 1574 431 nunquid
1589 397 1668 422 etiam
1683 404 1735 422 non

947 445 1053 471 omnino
1072 451 1164 478 puras,
1185 442 1380 477 interrogative
1402 441 1556 476 legendum,
1579 447 1608 467 nt
1634 440 1734 468 infera-

947 496 1002 523 tur,
1031 490 1170 522 Omnino,
1197 488 1336 524 profecto;
1361 489 1399 515 ait
1422 488 1514 515 enim:
1542 488 1613 520 Quid
1634 487 1736 521 porro?

947 536 1065 572 nunquid
1089 536 1170 562 etiam
1193 535 1244 563 hoc
1262 539 1475 565 sacramentum.
1497 542 1530 562 eo
1545 535 1623 562 modo
1637 542 1692 569 quo
1708 534 1735 560 in

946 586 1119 610 sacramento
1136 590 1273 616 synaxeos
1294 582 1354 609 illos
1368 582 1414 617 qui
1437 589 1490 609 non
1506 581 1597 609 mundi
1618 586 1682 608 sunt
1695 582 1736 608 di-

947 629 1041 661 mittit,
1057 633 1085 655 et
1096 636 1111 655 a
1125 628 1190 655 solis
1201 629 1310 655 omnino
1321 628 1424 655 sanctis
1434 627 1622 662 conspicitur?
1636 626 1735 661 Utique

947 674 1079 709 profecto.
1102 673 1297 708 lmpromiscue
1320 678 1410 700 autem
1429 673 1510 706 dixit,
1527 680 1559 700 ac
1573 673 1595 700 si
1611 673 1733 700 diceret:

945 720 1049 748 Idcirco
1071 721 1185 748 dimittit
1206 727 1253 747 eos
1272 720 1317 755 qui
1345 727 1398 747 nou
1418 724 1482 747 sunt
1498 720 1602 751 mundi,
1617 724 1647 746 ut
1662 728 1736 746 mere

947 767 981 794 ab
998 767 1030 794 iis
1043 768 1087 802 qui
1102 767 1162 802 puri
1177 772 1240 794 sunt
1256 767 1419 794 celebretur.
1443 766 1505 793 Haec
1526 773 1596 800 saepe
1621 774 1636 792 a
1658 766 1736 793 nobis

946 812 1017 839 dicta
1035 817 1099 840 sunt
1123 813 1245 848 adeoque
1269 820 1503 846 supervacaneum
1528 819 1589 839 esse
1613 812 1735 838 arbitror

946 858 1043 886 iterum
1067 860 1100 886 de
1125 859 1167 886 his
1193 859 1274 886 verba
1296 858 1398 890 facere.
1421 866 1481 885 cum
1501 858 1614 885 necdum
1632 858 1735 884 videri-

946 912 1018 937 mus,
1031 905 1168 938 quomodo
1183 903 1302 939 pontifex
1323 908 1487 939 unguentum
1513 912 1621 931 sacrutn
1639 909 1733 931 teneat

103 947 194 984 μύρου
209 948 333 980 σύνθεσις
345 948 375 981 ἐξ
389 949 459 976 ὑλῶν
475 949 665 977 εὐωδεστάτων
686 951 842 985 συνάγεται,
860 948 894 986 ἧς

950 950 996 977 tlis
1011 950 1174 977 obvelatum.
1197 950 1317 977 Dicimus
1341 950 1431 984 itaque
1451 950 1580 985 unguenti
1601 952 1738 985 composi-

101 994 128 1019 οἱ
144 993 324 1029 μετασχόντες
339 995 528 1028 εύωδιάζονται
551 996 621 1023 κατὰ
639 995 670 1022 τὸ
681 996 763 1023 ποσὸν
777 997 826 1032 τῆς
847 1006 895 1032 με-

103 1038 216 1070 θέξεως.
239 1039 266 1066 '0
278 1039 344 1073 γοῦν
359 1040 578 1076 οεαρχικώτατος
597 1041 710 1077 Ἰησοῦς,
726 1039 756 1069 οὗ
767 1042 797 1068 τὸ
811 1042 896 1077 δνομα

103 1083 192 1119 μύρον
200 1085 358 1118 ὲκκενωθὲν,
368 1086 405 1118 ὡς
412 1087 581 1123 ὑπερουσίως
587 1087 700 1123 εὐώδης,
707 1088 896 1124 ἀναπίμπλησι

106 1129 185 1162 θείας
192 1131 288 1167 ἡδονῆς
295 1133 359 1164 τοὺς
378 1133 550 1168 μετέχοντας.
567 1133 598 1160 Εἰ
611 1133 688 1170 γὰρὴ
701 1134 754 1160 τῶν
761 1135 897 1170 αἰσθητῶν

103 1176 214 1203 εὐωδῶν
222 1176 409 1214 μαεὺωδιῶν]
415 1179 556 1214 ἀντίληψις
564 1179 692 1207 εὐπαθεῖν
699 1182 778 1212 ποιεῖ,
786 1182 809 1207 εί
818 1181 897 1216 μόνον

103 1222 181 1256 ὑγιὲς
200 1222 231 1249 τὺ
249 1223 429 1259 όσφραντικὸν
446 1224 554 1260 ἔχομεν,
572 1226 711 1260 ἀναλόγως
729 1226 794 1262 φαίη
810 1235 851 1259 τις
863 1227 896 1254 ἂν

103 1269 153 1294 καὶ
166 1268 215 1300 τὰς
228 1270 324 1306 νοερὰς
335 1271 414 1306 ἡμῶν
428 1271 565 1308 δυνάμεις,
580 1274 627 1300 καὶ
638 1273 669 1300 τὺ
682 1273 731 1309 τῆς
743 1273 832 1309 ψυχῆς
842 1274 897 1301 δια-

104 1315 239 1349 κριτικὸν,
251 1316 301 1351 τῆς
314 1316 388 1349 θείας
401 1317 514 1350 εὐωδίας
535 1319 781 1355 ἀντιλαμϐάνεσθαι
791 1340 798 1352 ,
818 1321 897 1357 εἴπερ

103 1360 330 1398 ἀπαραφθάρτως
343 1363 459 1399 ἔχουσιν.
481 1365 513 1391 Ἥ
525 1365 591 1399 γοῦν
609 1365 656 1392 τοῦ
672 1366 758 1402 μύρου
775 1366 897 1399 σύνθεσις

103 1407 187 1434 αὑτὸν
210 1410 274 1443 ἡμῖν
296 1410 450 1445 ὑπογράφει
471 1411 518 1438 τὸν
531 1412 694 1448 ἀμόρφωτον
715 1414 743 1439 ὲν
759 1413 897 1449 μορφώσει

102 1454 151 1480 τὴν
162 1454 293 1492 δεσπότην
307 1456 433 1491 Χριστὸν,
445 1457 494 1493 τὴν
507 1458 597 1494 πηγὴν
609 1459 658 1493 τῆς
674 1459 798 1491 εὐωδίας,
811 1459 898 1486 ἀναδι-

102 1498 185 1525 δόντα
196 1500 245 1531 τὰς
263 1500 337 1532 θείας
359 1501 499 1536 ἀποφορὰς
511 1503 570 1534 ταῖς
594 1502 721 1529 θεοειδέσι
734 1502 842 1538 ψυχαῖς,
855 1503 897 1537 ἐφ’

104 1541 151 1576 αἷς
166 1546 191 1571 oi.
209 1546 268 1578 νόες
280 1547 414 1582 ἡδόμενοι,
429 1547 549 1584 χρῶνται
561 1550 647 1584 τροφῇ
661 1550 742 1584 νοητῇ
754 1550 787 1585 τῇ
799 1549 898 1585 εὐωδίᾳ

103 1599 203 1629 ταυτῃ.

145 1733 159 1769 ς
173 1734 205 1761 ν.
223 1734 314 1762 Εἰπὼν
327 1735 355 1762 δὲ
370 1736 449 1769 νόες,
464 1737 615 1769 καθολικῶς
626 1738 674 1765 καὶ
685 1738 732 1764 ἐπί
749 1738 803 1765 τῶν
816 1739 898 1773 ἀγγέ-

106 1780 160 1808 λων
183 1781 230 1807 καὶ
253 1782 295 1816 ἐφ’
317 1783 395 1818 ἡμῶν
416 1782 623 1820 λαμϐανομένης
646 1785 696 1820 τῆς
717 1784 825 1818 λέξεως,
848 1786 897 1821 ἤδη

108 1830 226 1856 ποιεῖται
241 1830 289 1857 καὶ
300 1831 350 1866 τὴν
363 1829 502 1867 διαφορὰν,
516 1832 556 1858 ’ότι
572 1833 661 1858 ἐκεῖσε
681 1833 729 1868 μὲν
744 1832 898 1860 πολλαπλα-

108 1873 177 1905 σίως
186 1874 330 1907 είσδύεται,
341 1875 379 1907 ὼς
389 1875 502 1910 ἔγγιστα
513 1876 601 1903 οὐσῶν
611 1877 665 1904 τῶν
677 1877 810 1913 οὐρανίων
821 1878 900 1905 δυνά-

109 1927 193 1954 μεων,
205 1920 252 1946 καὶ
260 1920 408 1952 εὑεκτιχῶς
416 1921 536 1957 ἐχουσῶν
548 1922 616 1958 πρὸς
624 1922 674 1958 τὴν
685 1923 812 1959 τοιαύτην
824 1923 899 1950 θείαν

111 1964 269 2000 μετάληψιν·
283 1965 350 2001 πρὸς
363 1966 391 1993 δὲ
401 1968 464 1999 τοὺς
474 1967 633 2003 ἀνθρώπους
644 1969 706 2000 τοὺς
720 1969 756 2004 μὴ
770 1969 899 2001 ὡσαύτως

108 2009 249 2042 δεκτικοὺς
262 2011 322 2036 κατ’
331 2011 486 2045 ἀναλογίαν
496 2011 574 2038 τοῦτο
587 2012 641 2047 γάρ
655 2013 713 2039 ἐστι
724 2013 754 2039 τὸ
769 2013 816 2039 Ἐν
824 2021 900 2048 στεμ-

105 2056 209 2089 μετρίᾳ
222 2055 394 2084 διαδίδοται.
410 2057 470 2083 Τῶν
483 2058 511 2084 δὲ
525 2057 657 2093 οὐρανίων
676 2058 818 2093 δυνάμεων
829 2060 844 2094 ἡ
856 2059 900 2085 τό-

109 2107 155 2126 σον
163 2101 347 2137 ὑπερκειμένη
356 2101 413 2137 (καὶ
421 2103 471 2138 ὅρα
479 2103 526 2129 καὶ
538 2103 654 2129 ἐνταῦθα
663 2103 721 2135 πῶς
730 2103 765 2130 τὰ
779 2104 900 2139 σεραφὶμ

109 2146 219 2172 πάντων
230 2147 415 2183 ὑπερκείμενα
427 2148 524 2183 λέγει’)
536 2149 565 2175 ὲν
575 2150 608 2184 τῇ
621 2149 674 2176 τῶν
687 2149 829 2184 πτερύγων
841 2150 900 2176 δυο-

112 2193 247 2221 καιδεκάδι
261 2195 435 2230 σημαίνεται.
457 2195 552 2222 Καίτοι
565 2203 597 2229 γε
620 2197 706 2222 εἰπεῖν
718 2205 760 2228 τις
780 2196 836 2232 ἔχει
855 2197 895 2223 ἐν·

114 2238 205 2270 ταῦθα,
220 2239 250 2264 οὐ
262 2239 399 2266 δωδεκάδα
413 2240 530 2276 ἑκάστῳ,
550 2241 607 2267 ἀλλ’
625 2241 705 2274 ἑξάδα
717 2241 773 2267 τῶν
793 2242 900 2278 πτερῶν

113 2285 262 2322 ἐπιτίθησιν
273 2287 289 2322 ὴ
303 2287 409 2322 Γραφὴ,
420 2287 436 2322 ἢ
449 2287 568 2322 δηλονότι
582 2287 626 2314 διὰ
637 2288 667 2315 τὸ
678 2288 763 2314 εἰπεῖν
775 2288 820 2315 τὸν
834 2296 900 2324 προ-

114 2332 205 2368 φήτην·
225 2332 279 2365 Ἓξ
294 2333 438 2367 πτέρυγες
454 2333 493 2366 τῷ
512 2334 575 2366 ἐνὶ,
593 2334 641 2361 καὶ
656 2334 690 2366 ἐξ
705 2335 848 2370 πτέρυγες
857 2335 898 2368 τῷ

110 2377 165 2408 ὲν),
175 2378 222 2404 καὶ
234 2378 341 2414 σύναμα
348 2378 402 2405 τῶν
410 2379 455 2406 δύο
467 2381 564 2407 εἰπεῖν.
573 2380 647 2417 Αύτη
659 2382 724 2415 γοῦν
733 2383 749 2418 ἠ
758 2383 895 2419 ὑπερτάτη

110 2423 184 2456 τάξις
195 2425 250 2451 τῶν
260 2426 345 2459 ἁγίων
359 2427 479 2461 σεραφὶμ
492 2427 555 2462 περὶ
563 2427 629 2454 Θεὸν
642 2429 769 2464 ἱδρυμένη
780 2429 829 2464 τὴν
841 2430 898 2456 ἀσί-

111 2478 192 2505 γητον
211 2470 359 2506 ἀνακράζει
381 2471 530 2506 θεολογίαν.
552 2473 747 2509 Ἐξηγούμενος
769 2475 807 2506 δὲ,
822 2475 848 2501 τί
867 2476 897 2502 τὸ

110 2515 248 2551 ἀσίγητον,
265 2517 398 2552 ἐπιφέρει·
424 2517 455 2543 Ἡ
476 2517 530 2554 γὰρ
553 2519 613 2554 ἱερὰ
631 2519 730 2554 γνῶσις
755 2521 896 2556 ἀκάματὸς

110 2562 177 2593 ἐστι,
190 2562 237 2588 καὶ
245 2562 432 2598 ἀκατάληκτον
443 2563 499 2598 ἔχει
507 2564 551 2590 τὸν
562 2564 633 2591 θεῖον
644 2565 743 2601 ἔρωτα,
753 2567 799 2593 καὶ
811 2568 897 2604 ὑπέρ-

111 2616 196 2634 κειται
210 2608 298 2644 πάσης
308 2609 406 2640 κακίας
417 2609 464 2635 καὶ
471 2609 565 2646 λήθης
577 2611 647 2638 ὥστε
656 2613 723 2647 μήτε
734 2613 786 2639 ἀπὸ
800 2614 898 2647 κακίας

111 2653 219 2688 πιγῆσαί
239 2660 303 2681 ποτε
324 2654 463 2686 ἑκουσίως,
486 2657 555 2692 μήτε
577 2657 632 2684 ἀπὸ
649 2657 734 2693 λήθης
751 2659 896 2692 ἀκουσίως.

111 2699 208 2730 Καλῶς
227 2699 255 2726 δὲ
279 2701 380 2736 συνῆψε
398 2702 432 2736 τῇ
454 2701 592 2740 ἐπιστήμῃ
611 2703 660 2739 τὴν
679 2705 781 2740 νόησιν·
803 2707 819 2742 ἡ
842 2706 898 2742 γὰρ

113 2743 225 2779 ἀκριῐὴς
237 2747 302 2783 περὶ
313 2747 466 2774 οὑτινοσοῦν
483 2750 646 2786 κατανόησις
665 2752 818 2788 ἐπιστήμην
834 2753 896 2780 τού-

113 2798 158 2816 του
170 2790 327 2826 ἐργάζεται.

149 2885 161 2901 ί
175 2881 252 2908 Cant.
269 2890 286 2913 ι,
299 2885 325 2910 2.
371 2880 444 2912 ‘lsa.
462 2894 497 2913 νι.
510 2887 539 2913 ‘2.

947 995 1048 1023 tionem
1063 1003 1096 1022 ex
1117 995 1342 1030 ﬂagrantissimis
1358 995 1480 1022 materiis
1504 996 1641 1030 componi,
1659 997 1737 1031 cujus

947 1043 992 1076 qui
1024 1042 1170 1077 participes
1189 1042 1351 1074 exsistunt,
1376 1049 1425 1076 pro
1458 1042 1563 1068 ratione
1592 1043 1738 1078 participa-

948 1089 1028 1116 tionis
1052 1089 1214 1116 suavissimo
1239 1089 1323 1116 odore
1348 1088 1519 1116 reficiuntur.
1537 1086 1616 1115 Iesus
1643 1088 1737 1121 itaque

948 1135 1152 1168 divinissimus,
1178 1136 1257 1170 cujus
1284 1142 1382 1162 nomen
1413 1139 1580 1169 unguentum
1620 1133 1736 1162 effusum

947 1186 990 1209 est
1015 1187 1049 1214 ε,
1075 1186 1203 1216 tanquam
1234 1180 1479 1215 supernatttralitcr
1511 1179 1655 1215 fragrans,
1695 1181 1737 1208 cui

947 1227 1095 1261 participes
1125 1227 1215 1254 divina
1237 1226 1323 1261 replet
1341 1226 1490 1261 voluptate.
1522 1225 1551 1253 Si
1579 1226 1652 1253 enim
1675 1234 1738 1253 sen-

948 1272 1068 1300 sibilium
1097 1272 1239 1307 perceptio
1266 1272 1477 1308 fragrantiarum
1506 1272 1577 1300 bene
1606 1272 1696 1301 allicit.
1713 1274 1737 1299 si

948 1319 1028 1347 modo
1052 1327 1148 1346 sanum
1173 1318 1305 1346 oll‘actum
1329 1319 1495 1352 obtinemus,
1522 1320 1616 1346 eadem
1642 1319 1738 1353 utique

950 1366 1055 1392 ratione
1069 1365 1142 1392 dicet
1159 1365 1268 1400 aliquis,
1291 1364 1428 1399 spiritales
1449 1369 1558 1393 nostras
1582 1365 1738 1397 facultates,

948 1411 1249 1445 animisquejudicandi
1265 1411 1348 1443 vires,
1366 1410 1449 1437 divini
1463 1411 1556 1438 odoris
1574 1412 1738 1438 suavitatem

949 1457 1100 1491 percipere.
1120 1457 1201 1483 modo
1217 1456 1272 1483 sint
1295 1457 1470 1490 incorruptae.
1487 1455 1551 1484 Hac
1573 1459 1665 1492 itaque
1685 1465 1738 1484 tltl-

948 1504 1039 1538 gueuti
1064 1503 1227 1536 compositio
1256 1503 1404 1538 ipsummet
1432 1503 1634 1538 intignrabiletn
1661 1504 1740 1531 nobis

950 1551 976 1577 in
989 1550 1073 1585 ﬁgura
1089 1551 1205 1578 exhibet
1220 1550 1364 1577 Dominum
1379 1550 1531 1581 Christum,
1547 1550 1740 1578 suaveolentim

950 1596 1062 1629 fontem,
1082 1597 1262 1624 deiiormibus
1277 1595 1377 1623 animis
1395 1596 1503 1623 divinas
1516 1596 1629 1623 odorum
1646 1604 1738 1623 suav:—

911 1639 932 1668 C
951 1648 1019 1671 tates
1033 1643 1179 1676 amantem,
1191 1645 1291 1678 quibus
1305 1644 1358 1672 illte
1375 1649 1480 1672 mentes
1494 1644 1611 1670 suaviter
1624 1642 1738 1675 affecta;

949 1691 1079 1725 fragranti
1095 1690 1146 1718 ista
1164 1691 1276 1726 spiritali
1291 1691 1418 1719 alimonia
1437 1691 1625 1726 perfruuntur.

986 1735 1001 1771 §
1021 1736 1052 1765 V.
1075 1737 1173 1764 Dicens
1189 1745 1253 1764 vero
1269 1742 1377 1770 mentes,
1397 1745 1464 1765 voce
1481 1738 1531 1764 hac
1551 1737 1740 1765 universaliter

950 1787 1004 1808 tam
1016 1783 1049 1809 de
1065 1782 1168 1817 angelis
1185 1790 1268 1817 quam
1288 1783 1322 1810 de
1341 1782 1419 1810 nobis
1436 1788 1560 1816 accepta,
1577 1783 1656 1809 tnodo
1669 1790 1738 1816 quo«

949 1834 1002 1862 quc
1027 1827 1208 1855 differentiam
1235 1829 1367 1863 assignat,
1396 1829 1526 1863 quoniam
1552 1829 1661 1863 quidem
1688 1829 1740 1855 illis

951 1874 1137 1908 multipliciter
1165 1874 1336 1906 infunditur,
1361 1875 1435 1910 quod
1461 1875 1592 1902 nintirutn
1614 1875 1740 1902 caelestes

951 1921 1009 1948 ista:
1025 1921 1138 1948 virtutes
1160 1925 1187 1948 et
1213 1921 1423 1956 propiuquiores
1444 1922 1511 1955 sint,
1534 1927 1561 1949 et
1588 1921 1740 1949 istiusmodi

950 1968 1048 1995 divina:
1065 1967 1148 2003 228
1166 1969 1381 2003 participationis
1395 1968 1568 2003 capaciores;
1586 1967 1740 1995 hominibus

951 2021 1018 2040 vero
1032 2018 1162 2048 tanquam
1189 2015 1279 2041 minus
1294 2014 1450 2049 capacibus,
1469 2015 1502 2041 ad
1524 2013 1680 2041 eorumdem
1695 2022 1741 2040 ca-

950 2065 1024 2093 ptum
1041 2067 1049 2086 :
1065 2059 1093 2086 id
1107 2060 1180 2087 enim
1199 2065 1254 2091 est,
1270 2058 1446 2093 Proportione
1463 2060 1578 2094 quadam
1603 2059 1741 2085 distribui-

951 2110 1003 2132 tur.
1018 2105 1091 2133 Ordo
1104 2111 1194 2132 autem
1211 2105 1256 2139 qui
1274 2105 1400 2132 ccelestes
1423 2106 1539 2132 virtutes
1562 2105 1641 2132 valde
1660 2111 1742 2139 supe~

954 2156 997 2179 rat
1013 2150 1138 2187 (observa
1154 2158 1219 2178 vero
1233 2151 1368 2185 quomodo
1392 2151 1436 2178 hic
1456 2152 1593 2186 serapbim
1614 2152 1740 2178 omnibus

950 2197 1106 2232 superiores
1134 2197 1225 2229 dit-at)
1252 2197 1278 2224 in
1313 2198 1365 2224 alis
1388 2198 1530 2225 duodecim
1559 2198 1740 2233 signiﬁcatur.

951 2244 1049 2272 Verum
1067 2244 1110 2271 hic
1131 2251 1183 2271 non
1209 2251 1288 2271 nemo
1304 2249 1394 2278 posset
1408 2244 1537 2278 obiicere,
1564 2252 1616 2271 non
1639 2244 1740 2272 duode-

952 2290 1016 2322 cim,
1040 2291 1088 2318 sed
1110 2298 1156 2318 sex
1184 2291 1242 2318 alas
1258 2295 1362 2318 tantum
1381 2291 1494 2325 singulis
1513 2291 1682 2326 Scripturam
1698 2296 1740 2317 at-

953 2337 1081 2370 tribuere,
1106 2345 1167 2364 cum
1199 2338 1327 2364 nimirum
1351 2339 1481 2372 propheta
1512 2337 1667 2365 dicat:Se:c
1690 2337 1741 2364 ala:

952 2384 1009 2415 tmi,
1031 2388 1055 2410 el
1081 2392 1126 2410 sea:
1147 2383 1198 2411 ala:
1220 2386 1266 2411 uni
1301 2385 1328 2417 ί,
1353 2385 1474 2417 duosque
1504 2383 1663 2418 coujunctos
1689 2391 1740 2409 nu-

953 2428 1048 2455 miuet.
1071 2429 1221 2463 Supremus
1239 2430 1322 2463 igitur
1342 2429 1386 2456 ille
1407 2430 1473 2456 ordo
1487 2434 1644 2456 sanctorum
1666 2435 1742 2455 sera-

952 2473 1037 2507 pbim,
1050 2474 1094 2507 qui
1114 2481 1199 2508 prope
1222 2474 1304 2502 Deum
1327 2474 1477 2501 collocatus
1495 2478 1546 2504 est,
1568 2473 1741 2499 incessanter

952 2518 1016 2546 illud
1039 2519 1137 2546 divinae
1160 2519 1247 2547 lanulis
1263 2520 1398 2547 canticum
1414 2519 1573 2554 proclamat.
1596 2519 1741 2553 Explicatis

953 2571 1017 2592 vero
1045 2565 1109 2599 quid
1132 2566 1167 2593 sit
1192 2566 1331 2602 ἀσίγητον,
1362 2566 1473 2593 subdit:
1496 2565 1627 2598 Quoniam
1649 2565 1740 2592 divina

953 2614 1073 2648 cognitio
1099 2615 1310 2650 indefatigabilis
1339 2619 1390 2647 est,
1417 2619 1445 2641 et
1469 2614 1591 2640 divinum
1619 2621 1739 2640 amorem

954 2661 1034 2688 habet
1050 2661 1263 2694 indelicientem,
1283 2662 1412 2697 omnique
1433 2661 1538 2688 malitia
1562 2665 1590 2687 et
1604 2660 1740 2687 oblivione

951 2707 1076 2742 superior
1086 2708 1204 2741 exsistit,
1217 2709 1253 2735 ita
1267 2713 1359 2742 utpra:
1375 2707 1477 2735 malitia
1490 2715 1626 2742 nunquam
1642 2711 1739 2741 sponte

950 2753 1038 2785 sileat,
1064 2761 1151 2788 neque
1171 2762 1218 2788 per
1244 2754 1406 2781 oblivionem
1425 2754 1517 2781 invite.
1542 2753 1626 2780 Recte
1647 2758 1739 2779 autem

953 2799 1101 2833 cognitioni
1118 2800 1260 2826 scientiam
1285 2800 1440 2833 subjunxit:
1466 2807 1527 2825 nam
1550 2802 1676 2825 accurata
1690 2806 1741 2823 cu-

949 2845 1060 2880 juslibet
1076 2847 1113 2874 rei
1125 2847 1244 2882 cognitio
1257 2847 1399 2875 scientiam
1413 2846 1471 2881 ejus
1484 2846 1580 2880 gignit.
