  <div class='ocr_page' id='page_1' title='image "/cluster/home/n/w/nwhite01/storage/ocr_20150623/3/njp.32101077772356/315.png"; bbox 0 0 1929 3068; ppageno 0'>
   <div class='ocr_carea' id='block_1_1' title="bbox 197 145 251 174">
    <p class='ocr_par' dir='ltr' id='par_1_1' title="bbox 197 145 251 174">
     <span class='ocr_line' id='line_1_1' title="bbox 197 145 251 174; baseline -0.019 0"><span class='ocrx_word' id='word_1_1' title='bbox 197 145 251 174; x_wconf 74' lang='grc'><strong>495</strong></span> 
     </span>
    </p>
   </div>
   <div class='ocr_carea' id='block_1_2' title="bbox 782 147 1230 178">
    <p class='ocr_par' dir='ltr' id='par_1_2' title="bbox 782 147 1230 178">
     <span class='ocr_line' id='line_1_2' title="bbox 782 147 1230 178; baseline 0.002 -2"><span class='ocrx_word' id='word_1_2' title='bbox 782 148 810 176; x_wconf 87' lang='lat' dir='ltr'><strong>S.</strong></span> <span class='ocrx_word' id='word_1_3' title='bbox 829 147 975 176; x_wconf 69' lang='lat' dir='ltr'><strong>DIOSYSII</strong></span> <span class='ocrx_word' id='word_1_4' title='bbox 999 148 1230 178; x_wconf 58' lang='lat' dir='ltr'><strong>AREOPAGITE</strong></span> 
     </span>
    </p>
   </div>
   <div class='ocr_carea' id='block_1_3' title="bbox 1769 148 1828 176">
    <p class='ocr_par' dir='ltr' id='par_1_3' title="bbox 1769 148 1828 176">
     <span class='ocr_line' id='line_1_3' title="bbox 1769 148 1828 176; baseline 0 0"><span class='ocrx_word' id='word_1_5' title='bbox 1769 148 1828 176; x_wconf 75' lang='grc' dir='ltr'><strong>ιθο</strong></span> 
     </span>
    </p>
   </div>
   <div class='ocr_carea' id='block_1_4' title="bbox 234 203 968 245">
    <p class='ocr_par' dir='ltr' id='par_1_4' title="bbox 234 203 966 242">
     <span class='ocr_line' id='line_1_4' title="bbox 234 203 966 242; baseline 0.007 -13"><span class='ocrx_word' id='word_1_6' title='bbox 234 204 247 239; x_wconf 86' lang='lat'>§</span> <span class='ocrx_word' id='word_1_7' title='bbox 271 203 311 230; x_wconf 86' lang='lat' dir='ltr'><strong>Vl.</strong></span> <span class='ocrx_word' id='word_1_8' title='bbox 336 203 374 231; x_wconf 90' lang='lat' dir='ltr'><strong>De</strong></span> <span class='ocrx_word' id='word_1_9' title='bbox 392 204 496 232; x_wconf 77' lang='lat' dir='ltr'><strong>sanctis</strong></span> <span class='ocrx_word' id='word_1_10' title='bbox 510 205 617 240; x_wconf 80' lang='lat' dir='ltr'><strong>quidem</strong></span> <span class='ocrx_word' id='word_1_11' title='bbox 640 207 787 241; x_wconf 84' lang='lat' dir='ltr'><strong>seraphim,</strong></span> <span class='ocrx_word' id='word_1_12' title='bbox 809 213 835 235; x_wconf 83' lang='lat' dir='ltr'><strong>et.</strong></span> <span class='ocrx_word' id='word_1_13' title='bbox 850 209 966 242; x_wconf 73' lang='lat' dir='ltr'><strong>quioniod</strong></span> 
     </span>
    </p>
   </div>
   <div class='ocr_carea' id='block_1_5' title="bbox 1022 203 1827 245">
    <p class='ocr_par' dir='ltr' id='par_1_5' title="bbox 1071 205 1827 245">
     <span class='ocr_line' id='line_1_5' title="bbox 1071 205 1827 245; baseline -0.007 -9"><span class='ocrx_word' id='word_1_14' title='bbox 1071 208 1084 244; x_wconf 86' lang='lat'><strong>§</strong></span> <span class='ocrx_word' id='word_1_15' title='bbox 1099 209 1141 236; x_wconf 80' lang='lat' dir='ltr'><strong>Vl.</strong></span> <span class='ocrx_word' id='word_1_16' title='bbox 1156 209 1196 236; x_wconf 89' lang='grc' dir='ltr'><strong>Τά</strong></span> <span class='ocrx_word' id='word_1_17' title='bbox 1211 210 1260 245; x_wconf 87' lang='grc' dir='ltr'>μὲν</span> <span class='ocrx_word' id='word_1_18' title='bbox 1276 208 1339 244; x_wconf 77' lang='grc' dir='ltr'>περὶ</span> <span class='ocrx_word' id='word_1_19' title='bbox 1358 208 1412 236; x_wconf 82' lang='grc' dir='ltr'><strong>τῶν</strong></span> <span class='ocrx_word' id='word_1_20' title='bbox 1435 207 1521 242; x_wconf 82' lang='grc' dir='ltr'><strong>ἁγίων</strong></span> <span class='ocrx_word' id='word_1_21' title='bbox 1542 206 1672 243; x_wconf 77' lang='grc' dir='ltr'>σεραφὶμ,</span> <span class='ocrx_word' id='word_1_22' title='bbox 1688 205 1734 232; x_wconf 75' lang='grc' dir='ltr'>καὶ</span> <span class='ocrx_word' id='word_1_23' title='bbox 1751 206 1827 237; x_wconf 80' lang='grc' dir='ltr'>ὅπως</span> 
     </span>
    </p>
   </div>
   <div class='ocr_carea' id='block_1_6' title="bbox 195 249 980 288">
    <p class='ocr_par' dir='ltr' id='par_1_6' title="bbox 195 249 980 288">
     <span class='ocr_line' id='line_1_6' title="bbox 195 249 980 288; baseline 0.008 -12"><span class='ocrx_word' id='word_1_24' title='bbox 195 249 224 276; x_wconf 90' lang='lat' dir='ltr'><strong>in</strong></span> <span class='ocrx_word' id='word_1_25' title='bbox 249 250 400 284; x_wconf 85' lang='lat' dir='ltr'><strong>Scripturis</strong></span> <span class='ocrx_word' id='word_1_26' title='bbox 420 250 529 286; x_wconf 74' lang='lat' dir='ltr'><strong>elligiati</strong></span> <span class='ocrx_word' id='word_1_27' title='bbox 560 252 722 286; x_wconf 71' lang='lat' dir='ltr'><strong>spiritaliter</strong></span> <span class='ocrx_word' id='word_1_28' title='bbox 748 255 928 288; x_wconf 81' lang='lat' dir='ltr'><strong>explicentur,</strong></span> <span class='ocrx_word' id='word_1_29' title='bbox 953 256 980 282; x_wconf 92' lang='lat' dir='ltr'><strong>in</strong></span> 
     </span>
    </p>
   </div>
   <div class='ocr_carea' id='block_1_7' title="bbox 195 295 981 333">
    <p class='ocr_par' dir='ltr' id='par_1_7' title="bbox 195 295 981 333">
     <span class='ocr_line' id='line_1_7' title="bbox 195 295 981 333; baseline 0.008 -11"><span class='ocrx_word' id='word_1_30' title='bbox 195 295 265 323; x_wconf 90' lang='lat' dir='ltr'><strong>libro</strong></span> <span class='ocrx_word' id='word_1_31' title='bbox 292 295 330 323; x_wconf 78' lang='lat' dir='ltr'><strong>De</strong></span> <span class='ocrx_word' id='word_1_32' title='bbox 354 295 451 324; x_wconf 69' lang='lat' dir='ltr'><strong>caelesti</strong></span> <span class='ocrx_word' id='word_1_33' title='bbox 473 298 622 325; x_wconf 80' lang='lat' dir='ltr'><strong>hierarchia</strong></span> <span class='ocrx_word' id='word_1_34' title='bbox 652 300 878 333; x_wconf 86' lang='lat' dir='ltr'><strong>pertractavimus</strong></span> <span class='ocrx_word' id='word_1_35' title='bbox 902 310 909 328; x_wconf 87' lang='lat'><strong>:</strong></span> <span class='ocrx_word' id='word_1_36' title='bbox 935 302 981 328; x_wconf 87' lang='lat' dir='ltr'><strong>sed</strong></span> 
     </span>
    </p>
   </div>
   <div class='ocr_carea' id='block_1_8' title="bbox 195 340 981 379">
    <p class='ocr_par' dir='ltr' id='par_1_8' title="bbox 195 340 981 379">
     <span class='ocr_line' id='line_1_8' title="bbox 195 340 981 379; baseline 0.009 -13"><span class='ocrx_word' id='word_1_37' title='bbox 195 341 323 374; x_wconf 86' lang='lat' dir='ltr'><strong>quoniam</strong></span> <span class='ocrx_word' id='word_1_38' title='bbox 350 340 387 369; x_wconf 88' lang='lat' dir='ltr'><strong>illi</strong></span> <span class='ocrx_word' id='word_1_39' title='bbox 417 350 526 377; x_wconf 87' lang='lat' dir='ltr'><strong>quoque</strong></span> <span class='ocrx_word' id='word_1_40' title='bbox 549 343 595 377; x_wconf 97' lang='lat' dir='ltr'><strong>qui</strong></span> <span class='ocrx_word' id='word_1_41' title='bbox 617 344 694 377; x_wconf 79' lang='lat' dir='ltr'><strong>juxta</strong></span> <span class='ocrx_word' id='word_1_42' title='bbox 717 345 871 379; x_wconf 81' lang='lat' dir='ltr'><strong>pontiﬁcem</strong></span> <span class='ocrx_word' id='word_1_43' title='bbox 890 346 981 373; x_wconf 88' lang='lat' dir='ltr'><strong>consi-</strong></span> 
     </span>
    </p>
   </div>
   <div class='ocr_carea' id='block_1_9' title="bbox 193 389 980 424">
    <p class='ocr_par' dir='ltr' id='par_1_9' title="bbox 193 389 980 424">
     <span class='ocr_line' id='line_1_9' title="bbox 193 389 980 424; baseline 0.008 -12"><span class='ocrx_word' id='word_1_44' title='bbox 193 390 278 417; x_wconf 81' lang='lat' dir='ltr'><strong>smnt,</strong></span> <span class='ocrx_word' id='word_1_45' title='bbox 299 389 326 413; x_wconf 88' lang='lat' dir='ltr'><strong>et</strong></span> <span class='ocrx_word' id='word_1_46' title='bbox 345 391 511 422; x_wconf 74' lang='lat' dir='ltr'><strong>unguentum</strong></span> <span class='ocrx_word' id='word_1_47' title='bbox 537 393 662 416; x_wconf 87' lang='lat' dir='ltr'><strong>sanctum</strong></span> <span class='ocrx_word' id='word_1_48' title='bbox 687 389 833 424; x_wconf 71' lang='lat' dir='ltr'><strong>obtegunt,</strong></span> <span class='ocrx_word' id='word_1_49' title='bbox 859 391 980 418; x_wconf 83' lang='lat' dir='ltr'><strong>eamdem</strong></span> 
     </span>
    </p>
   </div>
   <div class='ocr_carea' id='block_1_10' title="bbox 193 431 982 471">
    <p class='ocr_par' dir='ltr' id='par_1_10' title="bbox 193 431 982 471">
     <span class='ocr_line' id='line_1_10' title="bbox 193 431 982 471; baseline 0.008 -13"><span class='ocrx_word' id='word_1_50' title='bbox 193 431 397 466; x_wconf 82' lang='lat' dir='ltr'><strong>dispositionem</strong></span> <span class='ocrx_word' id='word_1_51' title='bbox 423 438 637 467; x_wconf 68' lang='lat' dir='ltr'><strong>repraesentant,</strong></span> <span class='ocrx_word' id='word_1_52' title='bbox 664 436 784 463; x_wconf 88' lang='lat' dir='ltr'><strong>breviter</strong></span> <span class='ocrx_word' id='word_1_53' title='bbox 809 444 918 471; x_wconf 87' lang='lat' dir='ltr'><strong>qttoque</strong></span> <span class='ocrx_word' id='word_1_54' title='bbox 947 436 982 464; x_wconf 84' lang='lat' dir='ltr'><strong>de</strong></span> 
     </span>
    </p>
   </div>
   <div class='ocr_carea' id='block_1_11' title="bbox 194 477 509 512">
    <p class='ocr_par' dir='ltr' id='par_1_11' title="bbox 194 477 509 512">
     <span class='ocr_line' id='line_1_11' title="bbox 194 477 509 512; baseline 0.01 -8"><span class='ocrx_word' id='word_1_55' title='bbox 194 477 245 505; x_wconf 85' lang='lat' dir='ltr'><strong>illis</strong></span> <span class='ocrx_word' id='word_1_56' title='bbox 258 478 360 512; x_wconf 84' lang='lat' dir='ltr'><strong>aliquid</strong></span> <span class='ocrx_word' id='word_1_57' title='bbox 376 479 509 507; x_wconf 85' lang='lat' dir='ltr'><strong>dicamus.</strong></span> 
     </span>
    </p>
   </div>
   <div class='ocr_carea' id='block_1_12' title="bbox 194 523 981 561">
    <p class='ocr_par' dir='ltr' id='par_1_12' title="bbox 194 523 981 561">
     <span class='ocr_line' id='line_1_12' title="bbox 194 523 981 561; baseline 0.01 -13"><span class='ocrx_word' id='word_1_58' title='bbox 194 545 196 547; x_wconf 97' lang='lat'><strong>.</strong></span> <span class='ocrx_word' id='word_1_59' title='bbox 229 523 243 559; x_wconf 86' lang='lat'>§</span> <span class='ocrx_word' id='word_1_60' title='bbox 263 523 318 551; x_wconf 77' lang='grc' dir='ltr'>νυ.</span> <span class='ocrx_word' id='word_1_61' title='bbox 338 523 457 553; x_wconf 80' lang='lat' dir='ltr'><strong>Diversae</strong></span> <span class='ocrx_word' id='word_1_62' title='bbox 477 526 588 560; x_wconf 80' lang='lat' dir='ltr'><strong>quidem</strong></span> <span class='ocrx_word' id='word_1_63' title='bbox 618 526 702 556; x_wconf 80' lang='lat' dir='ltr'><strong>facies</strong></span> <span class='ocrx_word' id='word_1_64' title='bbox 727 535 836 561; x_wconf 88' lang='lat' dir='ltr'><strong>eorum,</strong></span> <span class='ocrx_word' id='word_1_65' title='bbox 852 534 882 556; x_wconf 91' lang='lat' dir='ltr'><strong>nt</strong></span> <span class='ocrx_word' id='word_1_66' title='bbox 901 529 981 556; x_wconf 83' lang='lat' dir='ltr'><strong>unius</strong></span> 
     </span>
    </p>
   </div>
   <div class='ocr_carea' id='block_1_13' title="bbox 191 571 980 609">
    <p class='ocr_par' dir='ltr' id='par_1_13' title="bbox 191 571 980 609">
     <span class='ocr_line' id='line_1_13' title="bbox 191 571 980 609; baseline 0.006 -12"><span class='ocrx_word' id='word_1_67' title='bbox 191 571 301 605; x_wconf 86' lang='lat' dir='ltr'><strong>quidem</strong></span> <span class='ocrx_word' id='word_1_68' title='bbox 316 571 447 604; x_wconf 82' lang='lat' dir='ltr'><strong>humana,</strong></span> <span class='ocrx_word' id='word_1_69' title='bbox 465 572 580 600; x_wconf 87' lang='lat' dir='ltr'><strong>alterius</strong></span> <span class='ocrx_word' id='word_1_70' title='bbox 597 580 662 600; x_wconf 90' lang='lat' dir='ltr'><strong>vero</strong></span> <span class='ocrx_word' id='word_1_71' title='bbox 686 575 795 609; x_wconf 82' lang='lat' dir='ltr'><strong>bovina,</strong></span> <span class='ocrx_word' id='word_1_72' title='bbox 823 579 851 602; x_wconf 86' lang='lat' dir='ltr'><strong>et</strong></span> <span class='ocrx_word' id='word_1_73' title='bbox 867 575 980 602; x_wconf 74' lang='lat' dir='ltr'><strong>alterius</strong></span> 
     </span>
    </p>
   </div>
   <div class='ocr_carea' id='block_1_14' title="bbox 192 616 980 654">
    <p class='ocr_par' dir='ltr' id='par_1_14' title="bbox 192 616 980 654">
     <span class='ocr_line' id='line_1_14' title="bbox 192 616 980 654; baseline 0.008 -11"><span class='ocrx_word' id='word_1_74' title='bbox 192 616 294 649; x_wconf 85' lang='lat' dir='ltr'><strong>leonis,</strong></span> <span class='ocrx_word' id='word_1_75' title='bbox 326 622 354 645; x_wconf 91' lang='lat' dir='ltr'><strong>et</strong></span> <span class='ocrx_word' id='word_1_76' title='bbox 389 618 501 646; x_wconf 73' lang='lat' dir='ltr'><strong>alterius</strong></span> <span class='ocrx_word' id='word_1_77' title='bbox 519 619 630 654; x_wconf 64' lang='lat' dir='ltr'><strong>aquilae,</strong></span> <span class='ocrx_word' id='word_1_78' title='bbox 650 620 778 654; x_wconf 88' lang='lat' dir='ltr'><strong>quodque</strong></span> <span class='ocrx_word' id='word_1_79' title='bbox 804 621 874 648; x_wconf 89' lang='lat' dir='ltr'><strong>alius</strong></span> <span class='ocrx_word' id='word_1_80' title='bbox 898 622 980 650; x_wconf 87' lang='lat' dir='ltr'><strong>aliter</strong></span> 
     </span>
    </p>
   </div>
   <div class='ocr_carea' id='block_1_15' title="bbox 191 663 979 700">
    <p class='ocr_par' dir='ltr' id='par_1_15' title="bbox 191 663 979 700">
     <span class='ocr_line' id='line_1_15' title="bbox 191 663 979 700; baseline 0.009 -12"><span class='ocrx_word' id='word_1_81' title='bbox 191 667 332 696; x_wconf 81' lang='lat' dir='ltr'><strong>appareat,</strong></span> <span class='ocrx_word' id='word_1_82' title='bbox 346 671 439 690; x_wconf 89' lang='lat' dir='ltr'><strong>eorum</strong></span> <span class='ocrx_word' id='word_1_83' title='bbox 455 663 562 691; x_wconf 84' lang='lat' dir='ltr'><strong>videndi</strong></span> <span class='ocrx_word' id='word_1_84' title='bbox 576 664 629 692; x_wconf 86' lang='lat' dir='ltr'><strong>vim</strong></span> <span class='ocrx_word' id='word_1_85' title='bbox 645 666 823 700; x_wconf 89' lang='lat' dir='ltr'><strong>multiplicem</strong></span> <span class='ocrx_word' id='word_1_86' title='bbox 837 667 958 694; x_wconf 81' lang='lat' dir='ltr'><strong>declarat</strong></span> <span class='ocrx_word' id='word_1_87' title='bbox 970 676 979 694; x_wconf 92' lang='lat'><strong>:</strong></span> 
     </span>
    </p>
   </div>
   <div class='ocr_carea' id='block_1_16' title="bbox 190 708 978 746">
    <p class='ocr_par' dir='ltr' id='par_1_16' title="bbox 190 708 978 746">
     <span class='ocr_line' id='line_1_16' title="bbox 190 708 978 746; baseline 0.008 -12"><span class='ocrx_word' id='word_1_88' title='bbox 190 708 280 735; x_wconf 83' lang='lat' dir='ltr'><strong>omnis</strong></span> <span class='ocrx_word' id='word_1_89' title='bbox 309 709 381 736; x_wconf 89' lang='lat' dir='ltr'><strong>enint</strong></span> <span class='ocrx_word' id='word_1_90' title='bbox 412 710 482 737; x_wconf 82' lang='lat' dir='ltr'><strong>visio</strong></span> <span class='ocrx_word' id='word_1_91' title='bbox 510 711 540 737; x_wconf 88' lang='lat' dir='ltr'><strong>lit</strong></span> <span class='ocrx_word' id='word_1_92' title='bbox 565 710 677 746; x_wconf 85' lang='lat' dir='ltr'><strong>aliquali</strong></span> <span class='ocrx_word' id='word_1_93' title='bbox 698 713 788 740; x_wconf 82' lang='lat' dir='ltr'><strong>vultus</strong></span> <span class='ocrx_word' id='word_1_94' title='bbox 815 713 978 740; x_wconf 85' lang='lat' dir='ltr'><strong>delectione.</strong></span> 
     </span>
    </p>
   </div>
   <div class='ocr_carea' id='block_1_17' title="bbox 191 752 979 792">
    <p class='ocr_par' dir='ltr' id='par_1_17' title="bbox 191 752 979 792">
     <span class='ocr_line' id='line_1_17' title="bbox 191 752 979 792; baseline 0.008 -12"><span class='ocrx_word' id='word_1_95' title='bbox 191 752 265 781; x_wconf 76' lang='lat' dir='ltr'><strong>Multi</strong></span> <span class='ocrx_word' id='word_1_96' title='bbox 289 762 352 782; x_wconf 89' lang='lat' dir='ltr'><strong>vero</strong></span> <span class='ocrx_word' id='word_1_97' title='bbox 378 755 461 790; x_wconf 80' lang='lat' dir='ltr'><strong>pedes</strong></span> <span class='ocrx_word' id='word_1_98' title='bbox 485 756 615 784; x_wconf 85' lang='lat' dir='ltr'><strong>denotant</strong></span> <span class='ocrx_word' id='word_1_99' title='bbox 634 763 794 792; x_wconf 88' lang='lat' dir='ltr'><strong>perpetuum</strong></span> <span class='ocrx_word' id='word_1_100' title='bbox 808 765 903 786; x_wconf 90' lang='lat' dir='ltr'><strong>eorum</strong></span> <span class='ocrx_word' id='word_1_101' title='bbox 924 766 979 786; x_wconf 82' lang='lat' dir='ltr'><strong>uto-</strong></span> 
     </span>
    </p>
   </div>
   <div class='ocr_carea' id='block_1_18' title="bbox 191 800 977 839">
    <p class='ocr_par' dir='ltr' id='par_1_18' title="bbox 191 800 977 839">
     <span class='ocr_line' id='line_1_18' title="bbox 191 800 977 839; baseline 0.009 -14"><span class='ocrx_word' id='word_1_102' title='bbox 191 804 265 832; x_wconf 90' lang='lat' dir='ltr'><strong>tum,</strong></span> <span class='ocrx_word' id='word_1_103' title='bbox 289 800 398 835; x_wconf 86' lang='lat' dir='ltr'><strong>vimque</strong></span> <span class='ocrx_word' id='word_1_104' title='bbox 418 801 515 829; x_wconf 66' lang='lat' dir='ltr'><strong>divinae</strong></span> <span class='ocrx_word' id='word_1_105' title='bbox 535 803 701 837; x_wconf 77' lang='lat' dir='ltr'><strong>cognitionis</strong></span> <span class='ocrx_word' id='word_1_106' title='bbox 729 804 811 831; x_wconf 88' lang='lat' dir='ltr'><strong>nmlta</strong></span> <span class='ocrx_word' id='word_1_107' title='bbox 831 809 977 839; x_wconf 82' lang='lat' dir='ltr'><strong>penetran-</strong></span> 
     </span>
    </p>
   </div>
   <div class='ocr_carea' id='block_1_19' title="bbox 190 846 977 885">
    <p class='ocr_par' dir='ltr' id='par_1_19' title="bbox 190 846 977 885">
     <span class='ocr_line' id='line_1_19' title="bbox 190 846 977 885; baseline 0.01 -15"><span class='ocrx_word' id='word_1_108' title='bbox 190 849 260 876; x_wconf 81' lang='lat' dir='ltr'><strong>tem;</strong></span> <span class='ocrx_word' id='word_1_109' title='bbox 286 853 348 872; x_wconf 88' lang='lat' dir='ltr'><strong>nam</strong></span> <span class='ocrx_word' id='word_1_110' title='bbox 374 846 446 880; x_wconf 89' lang='lat' dir='ltr'><strong>quod</strong></span> <span class='ocrx_word' id='word_1_111' title='bbox 473 847 558 874; x_wconf 81' lang='lat' dir='ltr'><strong>multa</strong></span> <span class='ocrx_word' id='word_1_112' title='bbox 579 848 681 880; x_wconf 86' lang='lat' dir='ltr'><strong>norint,</strong></span> <span class='ocrx_word' id='word_1_113' title='bbox 698 849 750 876; x_wconf 86' lang='lat' dir='ltr'><strong>hoc</strong></span> <span class='ocrx_word' id='word_1_114' title='bbox 770 855 882 884; x_wconf 83' lang='lat' dir='ltr'><strong>propter</strong></span> <span class='ocrx_word' id='word_1_115' title='bbox 893 851 977 885; x_wconf 84' lang='lat' dir='ltr'><strong>pedes</strong></span> 
     </span>
    </p>
   </div>
   <div class='ocr_carea' id='block_1_20' title="bbox 1034 250 1825 290">
    <p class='ocr_par' dir='ltr' id='par_1_20' title="bbox 1034 250 1825 290">
     <span class='ocr_line' id='line_1_20' title="bbox 1034 250 1825 290; baseline -0.001 -10"><span class='ocrx_word' id='word_1_116' title='bbox 1034 254 1064 280; x_wconf 80' lang='grc' dir='ltr'>ἑν</span> <span class='ocrx_word' id='word_1_117' title='bbox 1081 256 1142 286; x_wconf 85' lang='grc' dir='ltr'>ταῖς</span> <span class='ocrx_word' id='word_1_118' title='bbox 1165 255 1288 290; x_wconf 83' lang='grc' dir='ltr'>Γραφαῖς</span> <span class='ocrx_word' id='word_1_119' title='bbox 1307 253 1501 289; x_wconf 81' lang='grc' dir='ltr'>είκονιζόμενοι</span> <span class='ocrx_word' id='word_1_120' title='bbox 1518 252 1692 287; x_wconf 81' lang='grc' dir='ltr'>ὲκφαίνονται</span> <span class='ocrx_word' id='word_1_121' title='bbox 1711 250 1825 286; x_wconf 66' lang='grc' dir='ltr'>νοητῶςς</span> 
     </span>
    </p>
   </div>
   <div class='ocr_carea' id='block_1_21' title="bbox 1032 296 1824 336">
    <p class='ocr_par' dir='ltr' id='par_1_21' title="bbox 1032 296 1824 336">
     <span class='ocr_line' id='line_1_21' title="bbox 1032 296 1824 336; baseline -0.006 -9"><span class='ocrx_word' id='word_1_122' title='bbox 1032 301 1061 327; x_wconf 85' lang='grc' dir='ltr'><strong>ἐν</strong></span> <span class='ocrx_word' id='word_1_123' title='bbox 1071 300 1109 336; x_wconf 85' lang='grc' dir='ltr'>τῷ</span> <span class='ocrx_word' id='word_1_124' title='bbox 1120 300 1190 335; x_wconf 77' lang='grc' dir='ltr'>Περὶ</span> <span class='ocrx_word' id='word_1_125' title='bbox 1198 301 1253 335; x_wconf 81' lang='grc' dir='ltr'>τῆς</span> <span class='ocrx_word' id='word_1_126' title='bbox 1262 300 1403 334; x_wconf 80' lang='grc' dir='ltr'><strong>οὐρανίας</strong></span> <span class='ocrx_word' id='word_1_127' title='bbox 1416 299 1565 333; x_wconf 80' lang='grc' dir='ltr'>ίεραρχίας</span> <span class='ocrx_word' id='word_1_128' title='bbox 1573 297 1739 332; x_wconf 76' lang='grc' dir='ltr'>διελάϐομεν·</span> <span class='ocrx_word' id='word_1_129' title='bbox 1750 296 1824 332; x_wconf 80' lang='grc' dir='ltr'>ὅμως</span> 
     </span>
    </p>
   </div>
   <div class='ocr_carea' id='block_1_22' title="bbox 1032 341 1826 381">
    <p class='ocr_par' dir='ltr' id='par_1_22' title="bbox 1032 341 1826 381">
     <span class='ocr_line' id='line_1_22' title="bbox 1032 341 1826 381; baseline -0.006 -9"><span class='ocrx_word' id='word_1_130' title='bbox 1032 345 1124 381; x_wconf 84' lang='grc' dir='ltr'>ἐπειδὴ</span> <span class='ocrx_word' id='word_1_131' title='bbox 1137 346 1162 372; x_wconf 90' lang='grc' dir='ltr'>οἱ</span> <span class='ocrx_word' id='word_1_132' title='bbox 1177 347 1241 381; x_wconf 62' lang='grc' dir='ltr'><strong>περὶ¹</strong></span> <span class='ocrx_word' id='word_1_133' title='bbox 1253 345 1299 372; x_wconf 81' lang='grc' dir='ltr'>τὸν</span> <span class='ocrx_word' id='word_1_134' title='bbox 1318 345 1450 381; x_wconf 79' lang='grc' dir='ltr'>ίεράρχην</span> <span class='ocrx_word' id='word_1_135' title='bbox 1470 344 1609 378; x_wconf 80' lang='grc' dir='ltr'><strong>ἱστάμενοι</strong></span> <span class='ocrx_word' id='word_1_136' title='bbox 1629 343 1677 369; x_wconf 76' lang='grc' dir='ltr'>καὶ</span> <span class='ocrx_word' id='word_1_137' title='bbox 1696 342 1726 369; x_wconf 81' lang='grc' dir='ltr'>τὸ</span> <span class='ocrx_word' id='word_1_138' title='bbox 1739 341 1826 378; x_wconf 86' lang='grc' dir='ltr'>μύρον</span> 
     </span>
    </p>
   </div>
   <div class='ocr_carea' id='block_1_23' title="bbox 1032 388 1823 426">
    <p class='ocr_par' dir='ltr' id='par_1_23' title="bbox 1032 388 1823 426">
     <span class='ocr_line' id='line_1_23' title="bbox 1032 388 1823 426; baseline -0.004 -9"><span class='ocrx_word' id='word_1_139' title='bbox 1032 390 1278 426; x_wconf 79' lang='grc' dir='ltr'><strong>περικαλύπτοντες</strong></span> <span class='ocrx_word' id='word_1_140' title='bbox 1298 390 1405 426; x_wconf 82' lang='grc' dir='ltr'>ἐκείνην</span> <span class='ocrx_word' id='word_1_141' title='bbox 1422 388 1591 416; x_wconf 79' lang='grc' dir='ltr'>ἀποτυποῦσι</span> <span class='ocrx_word' id='word_1_142' title='bbox 1606 388 1656 424; x_wconf 79' lang='grc' dir='ltr'>τὴν</span> <span class='ocrx_word' id='word_1_143' title='bbox 1673 388 1823 423; x_wconf 77' lang='grc' dir='ltr'>διακόσμη-</span> 
     </span>
    </p>
   </div>
   <div class='ocr_carea' id='block_1_24' title="bbox 1031 435 1626 472">
    <p class='ocr_par' dir='ltr' id='par_1_24' title="bbox 1031 435 1626 472">
     <span class='ocr_line' id='line_1_24' title="bbox 1031 435 1626 472; baseline -0.005 -9"><span class='ocrx_word' id='word_1_144' title='bbox 1031 445 1084 468; x_wconf 88' lang='grc' dir='ltr'>σιν,</span> <span class='ocrx_word' id='word_1_145' title='bbox 1097 437 1219 472; x_wconf 81' lang='grc' dir='ltr'>εἴπωμέν</span> <span class='ocrx_word' id='word_1_146' title='bbox 1231 445 1258 464; x_wconf 86' lang='grc' dir='ltr'><strong>τι</strong></span> <span class='ocrx_word' id='word_1_147' title='bbox 1272 437 1301 463; x_wconf 86' lang='grc' dir='ltr'>ὲν</span> <span class='ocrx_word' id='word_1_148' title='bbox 1314 436 1437 471; x_wconf 81' lang='grc' dir='ltr'><strong>συντόμῳ</strong></span> <span class='ocrx_word' id='word_1_149' title='bbox 1446 435 1514 470; x_wconf 72' lang='grc' dir='ltr'>’περὶ</span> <span class='ocrx_word' id='word_1_150' title='bbox 1526 435 1626 461; x_wconf 84' lang='grc' dir='ltr'>αὐτῶν.</span> 
     </span>
    </p>
   </div>
   <div class='ocr_carea' id='block_1_25' title="bbox 1066 526 1823 562">
    <p class='ocr_par' dir='ltr' id='par_1_25' title="bbox 1066 526 1823 562">
     <span class='ocr_line' id='line_1_25' title="bbox 1066 526 1823 562; baseline 0.001 -9"><span class='ocrx_word' id='word_1_151' title='bbox 1066 527 1079 562; x_wconf 81' lang='lat'>§</span> <span class='ocrx_word' id='word_1_152' title='bbox 1102 527 1158 554; x_wconf 73' lang='grc' dir='ltr'><strong>Ἧι.</strong></span> <span class='ocrx_word' id='word_1_153' title='bbox 1184 527 1220 553; x_wconf 83' lang='grc' dir='ltr'>Τὸ</span> <span class='ocrx_word' id='word_1_154' title='bbox 1243 527 1292 562; x_wconf 80' lang='grc' dir='ltr'><strong>μὲν</strong></span> <span class='ocrx_word' id='word_1_155' title='bbox 1310 526 1556 562; x_wconf 86' lang='grc' dir='ltr'>ἀπειροπρόσωπον</span> <span class='ocrx_word' id='word_1_156' title='bbox 1566 526 1666 558; x_wconf 79' lang='grc' dir='ltr'>αὐτῶν,</span> <span class='ocrx_word' id='word_1_157' title='bbox 1679 526 1717 558; x_wconf 87' lang='grc' dir='ltr'><strong>ὡς</strong></span> <span class='ocrx_word' id='word_1_158' title='bbox 1727 526 1823 554; x_wconf 75' lang='grc' dir='ltr'>τοῦτον</span> 
     </span>
    </p>
   </div>
   <div class='ocr_carea' id='block_1_26' title="bbox 1032 571 1820 608">
    <p class='ocr_par' dir='ltr' id='par_1_26' title="bbox 1032 571 1820 608">
     <span class='ocr_line' id='line_1_26' title="bbox 1032 571 1820 608; baseline -0.003 -9"><span class='ocrx_word' id='word_1_159' title='bbox 1032 573 1080 608; x_wconf 78' lang='grc' dir='ltr'>μὲν</span> <span class='ocrx_word' id='word_1_160' title='bbox 1091 571 1273 607; x_wconf 81' lang='grc' dir='ltr'><strong>ἀνθρωπείαν,</strong></span> <span class='ocrx_word' id='word_1_161' title='bbox 1286 571 1380 598; x_wconf 79' lang='grc' dir='ltr'>τοῦτον</span> <span class='ocrx_word' id='word_1_162' title='bbox 1391 571 1418 597; x_wconf 82' lang='grc' dir='ltr'>δὲ</span> <span class='ocrx_word' id='word_1_163' title='bbox 1432 571 1544 606; x_wconf 81' lang='grc' dir='ltr'>βοειαν’,</span> <span class='ocrx_word' id='word_1_164' title='bbox 1558 571 1683 598; x_wconf 86' lang='grc' dir='ltr'>κάκεῖνον</span> <span class='ocrx_word' id='word_1_165' title='bbox 1703 572 1820 602; x_wconf 82' lang='grc' dir='ltr'>λέοντος,</span> 
     </span>
    </p>
   </div>
   <div class='ocr_carea' id='block_1_27' title="bbox 1030 617 1824 654">
    <p class='ocr_par' dir='ltr' id='par_1_27' title="bbox 1030 617 1824 654">
     <span class='ocr_line' id='line_1_27' title="bbox 1030 617 1824 654; baseline -0.004 -8"><span class='ocrx_word' id='word_1_166' title='bbox 1030 620 1077 646; x_wconf 77' lang='grc' dir='ltr'><strong>καὶ</strong></span> <span class='ocrx_word' id='word_1_167' title='bbox 1089 618 1168 646; x_wconf 80' lang='grc' dir='ltr'>ἀλλον</span> <span class='ocrx_word' id='word_1_168' title='bbox 1181 619 1271 650; x_wconf 80' lang='grc' dir='ltr'>ἀετοῦ,</span> <span class='ocrx_word' id='word_1_169' title='bbox 1283 620 1329 646; x_wconf 70' lang='grc' dir='ltr'>καὶ</span> <span class='ocrx_word' id='word_1_170' title='bbox 1342 619 1421 646; x_wconf 81' lang='grc' dir='ltr'>ἄλλον</span> <span class='ocrx_word' id='word_1_171' title='bbox 1442 619 1529 651; x_wconf 86' lang='grc' dir='ltr'>ἄλλως</span> <span class='ocrx_word' id='word_1_172' title='bbox 1542 617 1721 654; x_wconf 71' lang='grc' dir='ltr'>ἐμφαίνεσθαι</span> <span class='ocrx_word' id='word_1_173' title='bbox 1731 618 1762 644; x_wconf 81' lang='grc' dir='ltr'>τὸ</span> <span class='ocrx_word' id='word_1_174' title='bbox 1773 625 1824 643; x_wconf 85' lang='grc' dir='ltr'>πο-</span> 
     </span>
    </p>
   </div>
   <div class='ocr_carea' id='block_1_28' title="bbox 1029 664 1824 702">
    <p class='ocr_par' dir='ltr' id='par_1_28' title="bbox 1029 664 1824 702">
     <span class='ocr_line' id='line_1_28' title="bbox 1029 664 1824 702; baseline 0 -10"><span class='ocrx_word' id='word_1_175' title='bbox 1029 665 1163 701; x_wconf 84' lang='grc' dir='ltr'>λυθέαμον</span> <span class='ocrx_word' id='word_1_176' title='bbox 1176 666 1265 692; x_wconf 78' lang='grc' dir='ltr'>αὐτῶν</span> <span class='ocrx_word' id='word_1_177' title='bbox 1285 666 1443 702; x_wconf 81' lang='grc' dir='ltr'><strong>παρίστησι·</strong></span> <span class='ocrx_word' id='word_1_178' title='bbox 1457 666 1532 692; x_wconf 84' lang='grc' dir='ltr'>πᾶσα</span> <span class='ocrx_word' id='word_1_179' title='bbox 1553 665 1607 700; x_wconf 84' lang='grc' dir='ltr'>γὰρ</span> <span class='ocrx_word' id='word_1_180' title='bbox 1621 664 1669 691; x_wconf 88' lang='grc' dir='ltr'><strong>θέα</strong></span> <span class='ocrx_word' id='word_1_181' title='bbox 1681 665 1709 691; x_wconf 74' lang='grc' dir='ltr'>ἐν</span> <span class='ocrx_word' id='word_1_182' title='bbox 1719 667 1753 701; x_wconf 75' lang='grc' dir='ltr'>τῇ</span> <span class='ocrx_word' id='word_1_183' title='bbox 1772 673 1824 692; x_wconf 83' lang='grc' dir='ltr'>πο-</span> 
     </span>
    </p>
   </div>
   <div class='ocr_carea' id='block_1_29' title="bbox 1030 711 1822 748">
    <p class='ocr_par' dir='ltr' id='par_1_29' title="bbox 1030 711 1822 748">
     <span class='ocr_line' id='line_1_29' title="bbox 1030 711 1822 748; baseline 0 -9"><span class='ocrx_word' id='word_1_184' title='bbox 1030 712 1084 744; x_wconf 84' lang='grc' dir='ltr'><strong>σῶς</strong></span> <span class='ocrx_word' id='word_1_185' title='bbox 1095 711 1262 747; x_wconf 79' lang='grc' dir='ltr'>ἀνακαλύψει</span> <span class='ocrx_word' id='word_1_186' title='bbox 1280 713 1327 739; x_wconf 84' lang='grc' dir='ltr'><strong>τοῦ</strong></span> <span class='ocrx_word' id='word_1_187' title='bbox 1349 712 1495 748; x_wconf 79' lang='grc' dir='ltr'><strong>προσώπου</strong></span> <span class='ocrx_word' id='word_1_188' title='bbox 1514 712 1628 746; x_wconf 84' lang='grc' dir='ltr'>γίνεται.</span> <span class='ocrx_word' id='word_1_189' title='bbox 1651 712 1688 738; x_wconf 81' lang='grc' dir='ltr'>Τὸ</span> <span class='ocrx_word' id='word_1_190' title='bbox 1698 712 1725 738; x_wconf 77' lang='grc' dir='ltr'>δὲ</span> <span class='ocrx_word' id='word_1_191' title='bbox 1738 712 1822 739; x_wconf 82' lang='grc' dir='ltr'>πολύ-</span> 
     </span>
    </p>
   </div>
   <div class='ocr_carea' id='block_1_30' title="bbox 1029 757 1822 794">
    <p class='ocr_par' dir='ltr' id='par_1_30' title="bbox 1029 757 1822 794">
     <span class='ocr_line' id='line_1_30' title="bbox 1029 757 1822 794; baseline 0.001 -10"><span class='ocrx_word' id='word_1_192' title='bbox 1029 766 1095 784; x_wconf 87' lang='grc' dir='ltr'>πουν</span> <span class='ocrx_word' id='word_1_193' title='bbox 1114 759 1145 785; x_wconf 83' lang='grc' dir='ltr'>τὸ</span> <span class='ocrx_word' id='word_1_194' title='bbox 1164 758 1317 792; x_wconf 81' lang='grc' dir='ltr'>ἀεικίνητον</span> <span class='ocrx_word' id='word_1_195' title='bbox 1337 759 1386 785; x_wconf 88' lang='grc' dir='ltr'>καὶ</span> <span class='ocrx_word' id='word_1_196' title='bbox 1403 758 1556 794; x_wconf 79' lang='grc' dir='ltr'><strong>πολύπορον</strong></span> <span class='ocrx_word' id='word_1_197' title='bbox 1575 758 1624 793; x_wconf 76' lang='grc' dir='ltr'>τῆς</span> <span class='ocrx_word' id='word_1_198' title='bbox 1644 757 1718 790; x_wconf 80' lang='grc' dir='ltr'>θείας</span> <span class='ocrx_word' id='word_1_199' title='bbox 1730 759 1822 785; x_wconf 77' lang='grc' dir='ltr'>αὐτῶν</span> 
     </span>
    </p>
   </div>
   <div class='ocr_carea' id='block_1_31' title="bbox 1027 804 1821 840">
    <p class='ocr_par' dir='ltr' id='par_1_31' title="bbox 1027 804 1821 840">
     <span class='ocr_line' id='line_1_31' title="bbox 1027 804 1821 840; baseline 0.003 -10"><span class='ocrx_word' id='word_1_200' title='bbox 1027 805 1155 840; x_wconf 88' lang='grc' dir='ltr'>νοήσεως·</span> <span class='ocrx_word' id='word_1_201' title='bbox 1169 805 1217 831; x_wconf 77' lang='grc' dir='ltr'>καὶ</span> <span class='ocrx_word' id='word_1_202' title='bbox 1228 804 1283 840; x_wconf 83' lang='grc' dir='ltr'><strong>γὰρ</strong></span> <span class='ocrx_word' id='word_1_203' title='bbox 1289 804 1319 831; x_wconf 83' lang='grc' dir='ltr'><strong>τὺ</strong></span> <span class='ocrx_word' id='word_1_204' title='bbox 1331 805 1371 836; x_wconf 85' lang='grc' dir='ltr'><strong>είς</strong></span> <span class='ocrx_word' id='word_1_205' title='bbox 1384 804 1468 830; x_wconf 79' lang='grc' dir='ltr'>πολλά</span> <span class='ocrx_word' id='word_1_206' title='bbox 1480 804 1599 831; x_wconf 80' lang='grc' dir='ltr'><strong>νοεῖσθαι</strong></span> <span class='ocrx_word' id='word_1_207' title='bbox 1611 805 1655 831; x_wconf 86' lang='grc' dir='ltr'><strong>διὰ</strong></span> <span class='ocrx_word' id='word_1_208' title='bbox 1666 804 1720 831; x_wconf 85' lang='grc' dir='ltr'><strong>τῶν</strong></span> <span class='ocrx_word' id='word_1_209' title='bbox 1732 805 1821 832; x_wconf 81' lang='grc' dir='ltr'>ποδῶν</span> 
     </span>
    </p>
   </div>
   <div class='ocr_carea' id='block_1_32' title="bbox 1030 850 1820 887">
    <p class='ocr_par' dir='ltr' id='par_1_32' title="bbox 1030 850 1820 887">
     <span class='ocr_line' id='line_1_32' title="bbox 1030 850 1820 887; baseline 0.001 -10"><span class='ocrx_word' id='word_1_210' title='bbox 1030 851 1144 886; x_wconf 85' lang='grc' dir='ltr'>γίνεται.</span> <span class='ocrx_word' id='word_1_211' title='bbox 1166 852 1222 887; x_wconf 78' lang='grc' dir='ltr'><strong>Τὴν</strong></span> <span class='ocrx_word' id='word_1_212' title='bbox 1240 851 1268 877; x_wconf 81' lang='grc' dir='ltr'>δὲ</span> <span class='ocrx_word' id='word_1_213' title='bbox 1282 850 1403 886; x_wconf 76' lang='grc' dir='ltr'>ὲξαπλῆν</span> <span class='ocrx_word' id='word_1_214' title='bbox 1420 851 1495 878; x_wconf 82' lang='grc' dir='ltr'><strong>θέσιν</strong></span> <span class='ocrx_word' id='word_1_215' title='bbox 1505 850 1560 877; x_wconf 88' lang='grc' dir='ltr'><strong>τῶν</strong></span> <span class='ocrx_word' id='word_1_216' title='bbox 1573 851 1681 886; x_wconf 79' lang='grc' dir='ltr'><strong>πτερῶν</strong></span> <span class='ocrx_word' id='word_1_217' title='bbox 1695 852 1745 878; x_wconf 82' lang='grc' dir='ltr'>οὐκ</span> <span class='ocrx_word' id='word_1_218' title='bbox 1758 852 1820 887; x_wconf 87' lang='grc' dir='ltr'>ἀρι-</span> 
     </span>
    </p>
   </div>
   <div class='ocr_carea' id='block_1_33' title="bbox 189 885 968 932">
    <p class='ocr_par' dir='ltr' id='par_1_33' title="bbox 189 891 968 930">
     <span class='ocr_line' id='line_1_33' title="bbox 189 891 968 930; baseline 0.009 -12"><span class='ocrx_word' id='word_1_219' title='bbox 189 891 229 919; x_wconf 81' lang='lat' dir='ltr'><strong>ﬁt.</strong></span> <span class='ocrx_word' id='word_1_220' title='bbox 247 891 379 918; x_wconf 87' lang='lat' dir='ltr'><strong>Senarum</strong></span> <span class='ocrx_word' id='word_1_221' title='bbox 400 900 464 920; x_wconf 79' lang='lat' dir='ltr'><strong>vero</strong></span> <span class='ocrx_word' id='word_1_222' title='bbox 478 893 582 920; x_wconf 86' lang='lat' dir='ltr'><strong>alarum</strong></span> <span class='ocrx_word' id='word_1_223' title='bbox 604 895 830 930; x_wconf 83' lang='lat' dir='ltr'><strong>compositionem</strong></span> <span class='ocrx_word' id='word_1_224' title='bbox 850 905 903 924; x_wconf 90' lang='lat' dir='ltr'><strong>non</strong></span> <span class='ocrx_word' id='word_1_225' title='bbox 919 898 968 924; x_wconf 77' lang='lat' dir='ltr'><strong>exi-</strong></span> 
     </span>
    </p>
   </div>
   <div class='ocr_carea' id='block_1_34' title="bbox 1022 885 1818 932">
    <p class='ocr_par' dir='ltr' id='par_1_34' title="bbox 1027 885 1818 932">
     <span class='ocr_line' id='line_1_34' title="bbox 1027 885 1818 932; baseline 0 -9"><span class='ocrx_word' id='word_1_226' title='bbox 1027 897 1093 932; x_wconf 82' lang='grc' dir='ltr'>θμὸν</span> <span class='ocrx_word' id='word_1_227' title='bbox 1107 895 1182 932; x_wconf 79' lang='grc' dir='ltr'>οἶμαι</span> <span class='ocrx_word' id='word_1_228' title='bbox 1195 885 1302 932; x_wconf 83' lang='grc' dir='ltr'>δηλοῦν,</span> <span class='ocrx_word' id='word_1_229' title='bbox 1317 897 1357 923; x_wconf 82' lang='grc' dir='ltr'>ὅτι</span> <span class='ocrx_word' id='word_1_230' title='bbox 1370 885 1445 928; x_wconf 75' lang='grc' dir='ltr'>οὗτος</span> <span class='ocrx_word' id='word_1_231' title='bbox 1458 897 1471 922; x_wconf 81' lang='grc' dir='ltr'><strong>ὀ</strong></span> <span class='ocrx_word' id='word_1_232' title='bbox 1487 896 1601 932; x_wconf 85' lang='grc' dir='ltr'>ἀριθμὸς</span> <span class='ocrx_word' id='word_1_233' title='bbox 1621 885 1722 928; x_wconf 82' lang='grc' dir='ltr'>τέλειός</span> <span class='ocrx_word' id='word_1_234' title='bbox 1734 885 1818 929; x_wconf 72' lang='grc' dir='ltr'>ἐστιν,</span> 
     </span>
    </p>
   </div>
   <div class='ocr_carea' id='block_1_35' title="bbox 187 937 976 977">
    <p class='ocr_par' dir='ltr' id='par_1_35' title="bbox 187 937 976 977">
     <span class='ocr_line' id='line_1_35' title="bbox 187 937 976 977; baseline 0.009 -14"><span class='ocrx_word' id='word_1_235' title='bbox 187 937 268 964; x_wconf 88' lang='lat' dir='ltr'><strong>stimo</strong></span> <span class='ocrx_word' id='word_1_236' title='bbox 291 946 433 966; x_wconf 86' lang='lat' dir='ltr'><strong>numerum</strong></span> <span class='ocrx_word' id='word_1_237' title='bbox 451 939 654 974; x_wconf 82' lang='lat' dir='ltr'><strong>demonstrare,</strong></span> <span class='ocrx_word' id='word_1_238' title='bbox 679 943 752 977; x_wconf 88' lang='lat' dir='ltr'><strong>quod</strong></span> <span class='ocrx_word' id='word_1_239' title='bbox 780 944 824 970; x_wconf 87' lang='lat' dir='ltr'><strong>hic</strong></span> <span class='ocrx_word' id='word_1_240' title='bbox 849 951 976 971; x_wconf 85' lang='lat' dir='ltr'><strong>numerus</strong></span> 
     </span>
    </p>
   </div>
   <div class='ocr_carea' id='block_1_36' title="bbox 188 983 975 1022">
    <p class='ocr_par' dir='ltr' id='par_1_36' title="bbox 188 983 975 1022">
     <span class='ocr_line' id='line_1_36' title="bbox 188 983 975 1022; baseline 0.009 -12"><span class='ocrx_word' id='word_1_241' title='bbox 188 983 323 1017; x_wconf 82' lang='lat' dir='ltr'><strong>perlectus</strong></span> <span class='ocrx_word' id='word_1_242' title='bbox 347 985 394 1017; x_wconf 86' lang='lat' dir='ltr'><strong>sit,</strong></span> <span class='ocrx_word' id='word_1_243' title='bbox 422 990 551 1021; x_wconf 89' lang='lat' dir='ltr'><strong>tanquam</strong></span> <span class='ocrx_word' id='word_1_244' title='bbox 574 987 620 1022; x_wconf 91' lang='lat' dir='ltr'><strong>qui</strong></span> <span class='ocrx_word' id='word_1_245' title='bbox 641 989 766 1022; x_wconf 83' lang='lat' dir='ltr'><strong>partibus</strong></span> <span class='ocrx_word' id='word_1_246' title='bbox 790 991 846 1016; x_wconf 85' lang='lat' dir='ltr'><strong>suis</strong></span> <span class='ocrx_word' id='word_1_247' title='bbox 867 994 975 1018; x_wconf 80' lang='lat' dir='ltr'><strong>constet</strong></span> 
     </span>
    </p>
   </div>
   <div class='ocr_carea' id='block_1_37' title="bbox 187 1028 976 1071">
    <p class='ocr_par' dir='ltr' id='par_1_37' title="bbox 187 1028 976 1071">
     <span class='ocr_line' id='line_1_37' title="bbox 187 1028 976 1071; baseline 0.014 -18"><span class='ocrx_word' id='word_1_248' title='bbox 187 1028 250 1062; x_wconf 82' lang='lat' dir='ltr'><strong>(tria</strong></span> <span class='ocrx_word' id='word_1_249' title='bbox 266 1030 350 1060; x_wconf 81' lang='lat' dir='ltr'><strong>enim.</strong></span> <span class='ocrx_word' id='word_1_250' title='bbox 363 1035 388 1056; x_wconf 84' lang='lat' dir='ltr'><strong>et</strong></span> <span class='ocrx_word' id='word_1_251' title='bbox 403 1031 466 1063; x_wconf 89' lang='lat' dir='ltr'><strong>duo,</strong></span> <span class='ocrx_word' id='word_1_252' title='bbox 487 1036 514 1058; x_wconf 89' lang='lat' dir='ltr'><strong>et</strong></span> <span class='ocrx_word' id='word_1_253' title='bbox 528 1040 623 1066; x_wconf 89' lang='lat' dir='ltr'><strong>unum,</strong></span> <span class='ocrx_word' id='word_1_254' title='bbox 637 1038 699 1060; x_wconf 87' lang='lat' dir='ltr'><strong>sunt</strong></span> <span class='ocrx_word' id='word_1_255' title='bbox 725 1035 822 1062; x_wconf 90' lang='lat' dir='ltr'><strong>iterum</strong></span> <span class='ocrx_word' id='word_1_256' title='bbox 839 1043 898 1067; x_wconf 78' lang='lat' dir='ltr'><strong>sex,</strong></span> <span class='ocrx_word' id='word_1_257' title='bbox 915 1044 976 1071; x_wconf 67' lang='lat' dir='ltr'><strong>quae</strong></span> 
     </span>
    </p>
   </div>
   <div class='ocr_carea' id='block_1_38' title="bbox 187 1075 973 1116">
    <p class='ocr_par' dir='ltr' id='par_1_38' title="bbox 187 1075 973 1116">
     <span class='ocr_line' id='line_1_38' title="bbox 187 1075 973 1116; baseline 0.01 -15"><span class='ocrx_word' id='word_1_258' title='bbox 187 1081 251 1102; x_wconf 72' lang='lat' dir='ltr'><strong>sunt</strong></span> <span class='ocrx_word' id='word_1_259' title='bbox 269 1075 412 1103; x_wconf 88' lang='lat' dir='ltr'><strong>dimidium</strong></span> <span class='ocrx_word' id='word_1_260' title='bbox 427 1077 548 1111; x_wconf 87' lang='lat' dir='ltr'><strong>tertium,</strong></span> <span class='ocrx_word' id='word_1_261' title='bbox 566 1083 594 1106; x_wconf 85' lang='lat' dir='ltr'><strong>et</strong></span> <span class='ocrx_word' id='word_1_262' title='bbox 607 1084 725 1112; x_wconf 84' lang='lat' dir='ltr'><strong>sextum,</strong></span> <span class='ocrx_word' id='word_1_263' title='bbox 743 1085 773 1108; x_wconf 88' lang='lat' dir='ltr'><strong>ut</strong></span> <span class='ocrx_word' id='word_1_264' title='bbox 785 1081 846 1108; x_wconf 83' lang='lat' dir='ltr'><strong>aliis</strong></span> <span class='ocrx_word' id='word_1_265' title='bbox 861 1082 973 1116; x_wconf 85' lang='lat' dir='ltr'><strong>placuit,</strong></span> 
     </span>
    </p>
   </div>
   <div class='ocr_carea' id='block_1_39' title="bbox 185 1121 974 1156">
    <p class='ocr_par' dir='ltr' id='par_1_39' title="bbox 185 1121 974 1156">
     <span class='ocr_line' id='line_1_39' title="bbox 185 1121 974 1156; baseline 0.013 -10"><span class='ocrx_word' id='word_1_266' title='bbox 185 1121 251 1154; x_wconf 90' lang='lat' dir='ltr'><strong>quin</strong></span> <span class='ocrx_word' id='word_1_267' title='bbox 275 1125 302 1148; x_wconf 87' lang='lat' dir='ltr'><strong>et</strong></span> <span class='ocrx_word' id='word_1_268' title='bbox 322 1129 372 1149; x_wconf 77' lang='lat' dir='ltr'><strong>nos</strong></span> <span class='ocrx_word' id='word_1_269' title='bbox 389 1122 438 1156; x_wconf 85' lang='lat' dir='ltr'><strong>ipsi</strong></span> <span class='ocrx_word' id='word_1_270' title='bbox 462 1123 488 1150; x_wconf 89' lang='lat' dir='ltr'><strong>in</strong></span> <span class='ocrx_word' id='word_1_271' title='bbox 509 1123 577 1151; x_wconf 88' lang='lat' dir='ltr'><strong>libro</strong></span> <span class='ocrx_word' id='word_1_272' title='bbox 599 1124 637 1152; x_wconf 85' lang='lat' dir='ltr'><strong>De</strong></span> <span class='ocrx_word' id='word_1_273' title='bbox 654 1126 751 1153; x_wconf 69' lang='lat' dir='ltr'><strong>calerti</strong></span> <span class='ocrx_word' id='word_1_274' title='bbox 775 1127 924 1154; x_wconf 79' lang='lat' dir='ltr'><strong>Irierarc/u&#39;a</strong></span> <span class='ocrx_word' id='word_1_275' title='bbox 948 1129 974 1156; x_wconf 81' lang='lat' dir='ltr'><strong>id</strong></span> 
     </span>
    </p>
   </div>
   <div class='ocr_carea' id='block_1_40' title="bbox 186 1166 975 1205">
    <p class='ocr_par' dir='ltr' id='par_1_40' title="bbox 186 1166 975 1205">
     <span class='ocr_line' id='line_1_40' title="bbox 186 1166 975 1205; baseline 0.011 -12"><span class='ocrx_word' id='word_1_276' title='bbox 186 1166 223 1194; x_wconf 91' lang='lat' dir='ltr'><strong>ita</strong></span> <span class='ocrx_word' id='word_1_277' title='bbox 237 1167 355 1195; x_wconf 84' lang='lat' dir='ltr'><strong>diximus</strong></span> <span class='ocrx_word' id='word_1_278' title='bbox 373 1169 529 1205; x_wconf 76' lang='lat' dir='ltr'><strong>explicari),</strong></span> <span class='ocrx_word' id='word_1_279' title='bbox 544 1171 591 1198; x_wconf 90' lang='lat' dir='ltr'><strong>sed</strong></span> <span class='ocrx_word' id='word_1_280' title='bbox 607 1172 679 1205; x_wconf 89' lang='lat' dir='ltr'><strong>quod</strong></span> <span class='ocrx_word' id='word_1_281' title='bbox 697 1180 744 1200; x_wconf 84' lang='lat' dir='ltr'><strong>sex</strong></span> <span class='ocrx_word' id='word_1_282' title='bbox 766 1173 792 1200; x_wconf 90' lang='lat' dir='ltr'><strong>in</strong></span> <span class='ocrx_word' id='word_1_283' title='bbox 813 1179 869 1201; x_wconf 84' lang='lat' dir='ltr'><strong>tres</strong></span> <span class='ocrx_word' id='word_1_284' title='bbox 887 1175 975 1202; x_wconf 90' lang='lat' dir='ltr'><strong>duali-</strong></span> 
     </span>
    </p>
   </div>
   <div class='ocr_carea' id='block_1_41' title="bbox 187 1215 975 1256">
    <p class='ocr_par' dir='ltr' id='par_1_41' title="bbox 187 1215 975 1256">
     <span class='ocr_line' id='line_1_41' title="bbox 187 1215 975 1256; baseline 0.01 -16"><span class='ocrx_word' id='word_1_285' title='bbox 187 1217 258 1241; x_wconf 57' lang='lat' dir='ltr'><strong>tntes</strong></span> <span class='ocrx_word' id='word_1_286' title='bbox 283 1215 451 1243; x_wconf 83' lang='lat' dir='ltr'><strong>dividantur.</strong></span> <span class='ocrx_word' id='word_1_287' title='bbox 479 1216 550 1243; x_wconf 89' lang='lat' dir='ltr'><strong>Sunt</strong></span> <span class='ocrx_word' id='word_1_288' title='bbox 567 1218 638 1245; x_wconf 89' lang='lat' dir='ltr'><strong>enim</strong></span> <span class='ocrx_word' id='word_1_289' title='bbox 665 1218 691 1245; x_wconf 91' lang='lat' dir='ltr'><strong>in</strong></span> <span class='ocrx_word' id='word_1_290' title='bbox 716 1220 842 1247; x_wconf 83' lang='lat' dir='ltr'><strong>omnibus</strong></span> <span class='ocrx_word' id='word_1_291' title='bbox 866 1228 975 1256; x_wconf 87' lang='lat' dir='ltr'><strong>quoque</strong></span> 
     </span>
    </p>
   </div>
   <div class='ocr_carea' id='block_1_42' title="bbox 185 1261 974 1301">
    <p class='ocr_par' dir='ltr' id='par_1_42' title="bbox 185 1261 974 1301">
     <span class='ocr_line' id='line_1_42' title="bbox 185 1261 974 1301; baseline 0.009 -13"><span class='ocrx_word' id='word_1_292' title='bbox 185 1261 267 1288; x_wconf 86' lang='lat' dir='ltr'><strong>simul</strong></span> <span class='ocrx_word' id='word_1_293' title='bbox 284 1261 440 1290; x_wconf 74' lang='lat' dir='ltr'><strong>cmlestibus</strong></span> <span class='ocrx_word' id='word_1_294' title='bbox 461 1262 619 1295; x_wconf 86' lang='lat' dir='ltr'><strong>virtutibus,</strong></span> <span class='ocrx_word' id='word_1_295' title='bbox 646 1265 683 1292; x_wconf 92' lang='lat' dir='ltr'><strong>uti</strong></span> <span class='ocrx_word' id='word_1_296' title='bbox 701 1265 784 1293; x_wconf 86' lang='lat' dir='ltr'><strong>etiam</strong></span> <span class='ocrx_word' id='word_1_297' title='bbox 811 1267 836 1293; x_wconf 93' lang='lat' dir='ltr'><strong>in</strong></span> <span class='ocrx_word' id='word_1_298' title='bbox 853 1267 974 1301; x_wconf 88' lang='lat' dir='ltr'><strong>qualibet</strong></span> 
     </span>
    </p>
   </div>
   <div class='ocr_carea' id='block_1_43' title="bbox 185 1306 973 1345">
    <p class='ocr_par' dir='ltr' id='par_1_43' title="bbox 185 1306 973 1345">
     <span class='ocr_line' id='line_1_43' title="bbox 185 1306 973 1345; baseline 0.009 -12"><span class='ocrx_word' id='word_1_299' title='bbox 185 1306 372 1341; x_wconf 78' lang='lat' dir='ltr'><strong>dispositione,</strong></span> <span class='ocrx_word' id='word_1_300' title='bbox 398 1307 501 1342; x_wconf 67' lang='lat' dir='ltr'><strong>primae.</strong></span> <span class='ocrx_word' id='word_1_301' title='bbox 525 1313 552 1336; x_wconf 92' lang='lat' dir='ltr'><strong>et</strong></span> <span class='ocrx_word' id='word_1_302' title='bbox 570 1309 676 1343; x_wconf 72' lang='lat' dir='ltr'><strong>medim,</strong></span> <span class='ocrx_word' id='word_1_303' title='bbox 692 1315 719 1338; x_wconf 90' lang='lat' dir='ltr'><strong>et</strong></span> <span class='ocrx_word' id='word_1_304' title='bbox 742 1315 905 1345; x_wconf 66' lang='lat' dir='ltr'><strong>postremae:</strong></span> <span class='ocrx_word' id='word_1_305' title='bbox 923 1314 973 1340; x_wconf 85' lang='lat' dir='ltr'><strong>hac</strong></span> 
     </span>
    </p>
   </div>
   <div class='ocr_carea' id='block_1_44' title="bbox 184 1354 972 1393">
    <p class='ocr_par' dir='ltr' id='par_1_44' title="bbox 184 1354 972 1393">
     <span class='ocr_line' id='line_1_44' title="bbox 184 1354 972 1393; baseline 0.005 -12"><span class='ocrx_word' id='word_1_306' title='bbox 184 1355 217 1381; x_wconf 88' lang='lat' dir='ltr'><strong>de</strong></span> <span class='ocrx_word' id='word_1_307' title='bbox 230 1361 311 1382; x_wconf 87' lang='lat' dir='ltr'><strong>causa</strong></span> <span class='ocrx_word' id='word_1_308' title='bbox 326 1361 373 1381; x_wconf 67' lang='lat' dir='ltr'><strong>se:</strong></span> <span class='ocrx_word' id='word_1_309' title='bbox 393 1354 443 1382; x_wconf 73' lang='lat' dir='ltr'><strong>alte</strong></span> <span class='ocrx_word' id='word_1_310' title='bbox 460 1355 718 1390; x_wconf 79' lang='lat' dir='ltr'><strong>circumponuntur,</strong></span> <span class='ocrx_word' id='word_1_311' title='bbox 733 1361 763 1384; x_wconf 90' lang='lat' dir='ltr'><strong>ut</strong></span> <span class='ocrx_word' id='word_1_312' title='bbox 780 1365 829 1393; x_wconf 87' lang='lat' dir='ltr'><strong>per</strong></span> <span class='ocrx_word' id='word_1_313' title='bbox 841 1358 972 1393; x_wconf 72' lang='lat' dir='ltr'><strong>duplices</strong></span> 
     </span>
    </p>
   </div>
   <div class='ocr_carea' id='block_1_45' title="bbox 184 1400 970 1438">
    <p class='ocr_par' dir='ltr' id='par_1_45' title="bbox 184 1400 970 1438">
     <span class='ocr_line' id='line_1_45' title="bbox 184 1400 970 1438; baseline 0.006 -11"><span class='ocrx_word' id='word_1_314' title='bbox 184 1400 243 1427; x_wconf 82' lang='lat' dir='ltr'><strong>alas</strong></span> <span class='ocrx_word' id='word_1_315' title='bbox 258 1402 415 1428; x_wconf 80' lang='lat' dir='ltr'><strong>earumdem</strong></span> <span class='ocrx_word' id='word_1_316' title='bbox 439 1401 473 1427; x_wconf 89' lang='lat' dir='ltr'><strong>ad</strong></span> <span class='ocrx_word' id='word_1_317' title='bbox 488 1409 584 1435; x_wconf 81' lang='lat' dir='ltr'><strong>supera</strong></span> <span class='ocrx_word' id='word_1_318' title='bbox 606 1402 721 1430; x_wconf 72' lang='lat' dir='ltr'><strong>ducendi</strong></span> <span class='ocrx_word' id='word_1_319' title='bbox 739 1404 780 1430; x_wconf 85' lang='lat' dir='ltr'><strong>vis</strong></span> <span class='ocrx_word' id='word_1_320' title='bbox 792 1404 970 1438; x_wconf 79' lang='lat' dir='ltr'><strong>signiﬁcetur,</strong></span> 
     </span>
    </p>
   </div>
   <div class='ocr_carea' id='block_1_46' title="bbox 183 1445 973 1485">
    <p class='ocr_par' dir='ltr' id='par_1_46' title="bbox 183 1445 973 1485">
     <span class='ocr_line' id='line_1_46' title="bbox 183 1445 973 1485; baseline 0.006 -13"><span class='ocrx_word' id='word_1_321' title='bbox 183 1453 237 1472; x_wconf 84' lang='lat' dir='ltr'><strong>non</strong></span> <span class='ocrx_word' id='word_1_322' title='bbox 248 1445 320 1473; x_wconf 90' lang='lat' dir='ltr'><strong>enitn</strong></span> <span class='ocrx_word' id='word_1_323' title='bbox 334 1453 386 1472; x_wconf 87' lang='lat' dir='ltr'><strong>una</strong></span> <span class='ocrx_word' id='word_1_324' title='bbox 398 1445 506 1473; x_wconf 74' lang='lat' dir='ltr'><strong>sulﬁcit.</strong></span> <span class='ocrx_word' id='word_1_325' title='bbox 521 1446 590 1480; x_wconf 83' lang='lat' dir='ltr'><strong>Quin</strong></span> <span class='ocrx_word' id='word_1_326' title='bbox 606 1452 633 1474; x_wconf 85' lang='lat' dir='ltr'><strong>et</strong></span> <span class='ocrx_word' id='word_1_327' title='bbox 646 1448 697 1475; x_wconf 88' lang='lat' dir='ltr'><strong>hoc</strong></span> <span class='ocrx_word' id='word_1_328' title='bbox 713 1455 820 1482; x_wconf 86' lang='lat' dir='ltr'><strong>quoque</strong></span> <span class='ocrx_word' id='word_1_329' title='bbox 828 1450 910 1485; x_wconf 73' lang='grc'><strong>229</strong></span> <span class='ocrx_word' id='word_1_330' title='bbox 918 1451 973 1484; x_wconf 85' lang='lat' dir='ltr'><strong>pri-</strong></span> 
     </span>
    </p>
   </div>
   <div class='ocr_carea' id='block_1_47' title="bbox 183 1491 971 1530">
    <p class='ocr_par' dir='ltr' id='par_1_47' title="bbox 183 1491 971 1530">
     <span class='ocr_line' id='line_1_47' title="bbox 183 1491 971 1530; baseline 0.008 -13"><span class='ocrx_word' id='word_1_331' title='bbox 183 1498 253 1523; x_wconf 82' lang='lat' dir='ltr'><strong>mas,</strong></span> <span class='ocrx_word' id='word_1_332' title='bbox 265 1495 292 1517; x_wconf 92' lang='lat' dir='ltr'><strong>et</strong></span> <span class='ocrx_word' id='word_1_333' title='bbox 303 1491 418 1524; x_wconf 81' lang='lat' dir='ltr'><strong>medias,</strong></span> <span class='ocrx_word' id='word_1_334' title='bbox 427 1496 454 1518; x_wconf 88' lang='lat' dir='ltr'><strong>et</strong></span> <span class='ocrx_word' id='word_1_335' title='bbox 467 1497 620 1526; x_wconf 85' lang='lat' dir='ltr'><strong>postremas</strong></span> <span class='ocrx_word' id='word_1_336' title='bbox 629 1494 743 1521; x_wconf 86' lang='lat' dir='ltr'><strong>virtutes</strong></span> <span class='ocrx_word' id='word_1_337' title='bbox 759 1502 851 1522; x_wconf 87' lang='lat' dir='ltr'><strong>earum</strong></span> <span class='ocrx_word' id='word_1_338' title='bbox 860 1497 971 1530; x_wconf 83' lang='lat' dir='ltr'><strong>spirita-</strong></span> 
     </span>
    </p>
   </div>
   <div class='ocr_carea' id='block_1_48' title="bbox 182 1537 971 1572">
    <p class='ocr_par' dir='ltr' id='par_1_48' title="bbox 182 1537 971 1572">
     <span class='ocr_line' id='line_1_48' title="bbox 182 1537 971 1572; baseline 0.008 -9"><span class='ocrx_word' id='word_1_339' title='bbox 182 1537 262 1564; x_wconf 78' lang='lat' dir='ltr'><strong>lesatl</strong></span> <span class='ocrx_word' id='word_1_340' title='bbox 275 1537 361 1572; x_wconf 88' lang='lat' dir='ltr'><strong>ipstun</strong></span> <span class='ocrx_word' id='word_1_341' title='bbox 371 1537 454 1565; x_wconf 89' lang='lat' dir='ltr'><strong>Deum</strong></span> <span class='ocrx_word' id='word_1_342' title='bbox 464 1538 575 1571; x_wconf 81' lang='lat' dir='ltr'><strong>adduci,</strong></span> <span class='ocrx_word' id='word_1_343' title='bbox 587 1545 613 1566; x_wconf 90' lang='lat' dir='ltr'><strong>et</strong></span> <span class='ocrx_word' id='word_1_344' title='bbox 623 1548 637 1566; x_wconf 85' lang='lat' dir='ltr'><strong>a</strong></span> <span class='ocrx_word' id='word_1_345' title='bbox 651 1540 768 1567; x_wconf 84' lang='lat' dir='ltr'><strong>terrenis</strong></span> <span class='ocrx_word' id='word_1_346' title='bbox 783 1541 885 1568; x_wconf 82' lang='lat' dir='ltr'><strong>absolvi</strong></span> <span class='ocrx_word' id='word_1_347' title='bbox 903 1542 971 1570; x_wconf 85' lang='lat' dir='ltr'><strong>insi-</strong></span> 
     </span>
    </p>
   </div>
   <div class='ocr_carea' id='block_1_49' title="bbox 183 1582 970 1622">
    <p class='ocr_par' dir='ltr' id='par_1_49' title="bbox 183 1582 970 1622">
     <span class='ocr_line' id='line_1_49' title="bbox 183 1582 970 1622; baseline 0.01 -14"><span class='ocrx_word' id='word_1_348' title='bbox 183 1586 259 1614; x_wconf 78' lang='lat' dir='ltr'><strong>nuat,</strong></span> <span class='ocrx_word' id='word_1_349' title='bbox 286 1582 324 1609; x_wconf 91' lang='lat' dir='ltr'><strong>uti</strong></span> <span class='ocrx_word' id='word_1_350' title='bbox 350 1590 402 1610; x_wconf 89' lang='lat' dir='ltr'><strong>vox</strong></span> <span class='ocrx_word' id='word_1_351' title='bbox 429 1583 552 1611; x_wconf 82' lang='grc' dir='ltr'><strong>ἀπόλυτα</strong></span> <span class='ocrx_word' id='word_1_352' title='bbox 579 1584 718 1617; x_wconf 82' lang='lat' dir='ltr'><strong>declarat;</strong></span> <span class='ocrx_word' id='word_1_353' title='bbox 741 1593 794 1613; x_wconf 79' lang='lat' dir='ltr'><strong>nun</strong></span> <span class='ocrx_word' id='word_1_354' title='bbox 816 1587 887 1622; x_wconf 88' lang='lat' dir='ltr'><strong>quod</strong></span> <span class='ocrx_word' id='word_1_355' title='bbox 904 1588 970 1621; x_wconf 69' lang='lat' dir='ltr'><strong>ipsa‘</strong></span> 
     </span>
    </p>
   </div>
   <div class='ocr_carea' id='block_1_50' title="bbox 181 1628 969 1667">
    <p class='ocr_par' dir='ltr' id='par_1_50' title="bbox 181 1628 969 1667">
     <span class='ocr_line' id='line_1_50' title="bbox 181 1628 969 1667; baseline 0.008 -12"><span class='ocrx_word' id='word_1_356' title='bbox 181 1636 228 1655; x_wconf 66' lang='lat' dir='ltr'><strong>rex</strong></span> <span class='ocrx_word' id='word_1_357' title='bbox 245 1628 295 1656; x_wconf 69' lang='lat' dir='ltr'><strong>alte</strong></span> <span class='ocrx_word' id='word_1_358' title='bbox 315 1629 454 1657; x_wconf 66' lang='lat' dir='ltr'><strong>dissoluta:</strong></span> <span class='ocrx_word' id='word_1_359' title='bbox 470 1630 535 1662; x_wconf 89' lang='lat' dir='ltr'><strong>sint,</strong></span> <span class='ocrx_word' id='word_1_360' title='bbox 551 1630 599 1658; x_wconf 88' lang='lat' dir='ltr'><strong>sed</strong></span> <span class='ocrx_word' id='word_1_361' title='bbox 620 1631 692 1665; x_wconf 90' lang='lat' dir='ltr'><strong>quod</strong></span> <span class='ocrx_word' id='word_1_362' title='bbox 707 1633 741 1658; x_wconf 89' lang='lat' dir='ltr'><strong>ab</strong></span> <span class='ocrx_word' id='word_1_363' title='bbox 761 1632 834 1660; x_wconf 91' lang='lat' dir='ltr'><strong>humi</strong></span> <span class='ocrx_word' id='word_1_364' title='bbox 851 1635 969 1667; x_wconf 83' lang='lat' dir='ltr'><strong>repenti--</strong></span> 
     </span>
    </p>
   </div>
   <div class='ocr_carea' id='block_1_51' title="bbox 182 1675 968 1715">
    <p class='ocr_par' dir='ltr' id='par_1_51' title="bbox 182 1675 968 1715">
     <span class='ocr_line' id='line_1_51' title="bbox 182 1675 968 1715; baseline 0.008 -14"><span class='ocrx_word' id='word_1_365' title='bbox 182 1677 232 1702; x_wconf 71' lang='lat' dir='ltr'><strong>ltus</strong></span> <span class='ocrx_word' id='word_1_366' title='bbox 247 1675 328 1703; x_wconf 82' lang='lat' dir='ltr'><strong>rebus</strong></span> <span class='ocrx_word' id='word_1_367' title='bbox 347 1675 535 1704; x_wconf 83' lang='lat' dir='ltr'><strong>absolvantur.</strong></span> <span class='ocrx_word' id='word_1_368' title='bbox 556 1676 590 1704; x_wconf 81' lang='grc' dir='ltr'><strong>ιιι</strong></span> <span class='ocrx_word' id='word_1_369' title='bbox 609 1677 700 1711; x_wconf 89' lang='lat' dir='ltr'><strong>itaque</strong></span> <span class='ocrx_word' id='word_1_370' title='bbox 717 1678 807 1706; x_wconf 86' lang='lat' dir='ltr'><strong>divina</strong></span> <span class='ocrx_word' id='word_1_371' title='bbox 829 1679 968 1715; x_wconf 82' lang='lat' dir='ltr'><strong>Scriptura</strong></span> 
     </span>
    </p>
   </div>
   <div class='ocr_carea' id='block_1_52' title="bbox 181 1721 967 1755">
    <p class='ocr_par' dir='ltr' id='par_1_52' title="bbox 181 1721 967 1755">
     <span class='ocr_line' id='line_1_52' title="bbox 181 1721 967 1755; baseline 0.008 -8"><span class='ocrx_word' id='word_1_372' title='bbox 181 1721 289 1755; x_wconf 80' lang='lat' dir='ltr'><strong>penitus</strong></span> <span class='ocrx_word' id='word_1_373' title='bbox 313 1721 400 1749; x_wconf 85' lang='lat' dir='ltr'><strong>alatas</strong></span> <span class='ocrx_word' id='word_1_374' title='bbox 425 1729 485 1750; x_wconf 89' lang='lat' dir='ltr'><strong>esse</strong></span> <span class='ocrx_word' id='word_1_375' title='bbox 510 1722 652 1755; x_wconf 87' lang='lat' dir='ltr'><strong>insinuet,</strong></span> <span class='ocrx_word' id='word_1_376' title='bbox 669 1731 777 1751; x_wconf 88' lang='lat' dir='ltr'><strong>sursum</strong></span> <span class='ocrx_word' id='word_1_377' title='bbox 796 1731 823 1752; x_wconf 89' lang='lat' dir='ltr'><strong>et</strong></span> <span class='ocrx_word' id='word_1_378' title='bbox 842 1726 967 1753; x_wconf 84' lang='lat' dir='ltr'><strong>deorsum</strong></span> 
     </span>
    </p>
   </div>
   <div class='ocr_carea' id='block_1_53' title="bbox 180 1768 603 1796">
    <p class='ocr_par' dir='ltr' id='par_1_53' title="bbox 180 1768 603 1796">
     <span class='ocr_line' id='line_1_53' title="bbox 180 1768 603 1796; baseline 0.002 -1"><span class='ocrx_word' id='word_1_379' title='bbox 180 1773 207 1795; x_wconf 90' lang='lat' dir='ltr'><strong>ct</strong></span> <span class='ocrx_word' id='word_1_380' title='bbox 219 1768 244 1795; x_wconf 77' lang='lat' dir='ltr'><strong>in</strong></span> <span class='ocrx_word' id='word_1_381' title='bbox 259 1769 348 1795; x_wconf 87' lang='lat' dir='ltr'><strong>medio</strong></span> <span class='ocrx_word' id='word_1_382' title='bbox 367 1768 401 1795; x_wconf 90' lang='lat' dir='ltr'><strong>iis</strong></span> <span class='ocrx_word' id='word_1_383' title='bbox 412 1768 468 1795; x_wconf 86' lang='lat' dir='ltr'><strong>alas</strong></span> <span class='ocrx_word' id='word_1_384' title='bbox 480 1768 603 1796; x_wconf 87' lang='lat' dir='ltr'><strong>adhibet.</strong></span> 
     </span>
    </p>
   </div>
   <div class='ocr_carea' id='block_1_54' title="bbox 216 1813 968 1849">
    <p class='ocr_par' dir='ltr' id='par_1_54' title="bbox 216 1813 968 1849">
     <span class='ocr_line' id='line_1_54' title="bbox 216 1813 968 1849; baseline 0.004 -9"><span class='ocrx_word' id='word_1_385' title='bbox 216 1813 231 1849; x_wconf 69' lang='grc' dir='ltr'><strong>ς</strong></span> <span class='ocrx_word' id='word_1_386' title='bbox 253 1813 317 1840; x_wconf 83' lang='lat' dir='ltr'><strong>Vlll.</strong></span> <span class='ocrx_word' id='word_1_387' title='bbox 340 1813 438 1841; x_wconf 89' lang='lat' dir='ltr'><strong>Verum</strong></span> <span class='ocrx_word' id='word_1_388' title='bbox 459 1821 507 1841; x_wconf 90' lang='lat' dir='ltr'><strong>cur</strong></span> <span class='ocrx_word' id='word_1_389' title='bbox 533 1814 678 1842; x_wconf 81' lang='lat' dir='ltr'><strong>interiores</strong></span> <span class='ocrx_word' id='word_1_390' title='bbox 699 1819 727 1841; x_wconf 88' lang='lat' dir='ltr'><strong>et</strong></span> <span class='ocrx_word' id='word_1_391' title='bbox 746 1816 904 1849; x_wconf 70' lang='lat' dir='ltr'><strong>superiores</strong></span> <span class='ocrx_word' id='word_1_392' title='bbox 919 1816 968 1843; x_wconf 61' lang='lat' dir='ltr'><strong>alae</strong></span> 
     </span>
    </p>
   </div>
   <div class='ocr_carea' id='block_1_55' title="bbox 180 1860 967 1896">
    <p class='ocr_par' dir='ltr' id='par_1_55' title="bbox 180 1860 967 1896">
     <span class='ocr_line' id='line_1_55' title="bbox 180 1860 967 1896; baseline 0 -8"><span class='ocrx_word' id='word_1_393' title='bbox 180 1860 387 1896; x_wconf 71' lang='lat' dir='ltr'><strong>succinguutur,</strong></span> <span class='ocrx_word' id='word_1_394' title='bbox 406 1861 501 1888; x_wconf 76' lang='lat' dir='ltr'><strong>medize</strong></span> <span class='ocrx_word' id='word_1_395' title='bbox 518 1867 582 1887; x_wconf 81' lang='lat' dir='ltr'><strong>vero</strong></span> <span class='ocrx_word' id='word_1_396' title='bbox 597 1861 800 1889; x_wconf 78' lang='lat' dir='ltr'><strong>extenduntur?</strong></span> <span class='ocrx_word' id='word_1_397' title='bbox 811 1861 873 1896; x_wconf 89' lang='lat' dir='ltr'><strong>quia</strong></span> <span class='ocrx_word' id='word_1_398' title='bbox 888 1862 967 1888; x_wconf 82' lang='lat' dir='ltr'><strong>nitui-</strong></span> 
     </span>
    </p>
   </div>
   <div class='ocr_carea' id='block_1_56' title="bbox 179 1907 965 1943">
    <p class='ocr_par' dir='ltr' id='par_1_56' title="bbox 179 1907 965 1943">
     <span class='ocr_line' id='line_1_56' title="bbox 179 1907 965 1943; baseline 0 -9"><span class='ocrx_word' id='word_1_399' title='bbox 179 1915 237 1934; x_wconf 85' lang='lat' dir='ltr'><strong>rum</strong></span> <span class='ocrx_word' id='word_1_400' title='bbox 252 1908 321 1934; x_wconf 90' lang='lat' dir='ltr'><strong>ordo</strong></span> <span class='ocrx_word' id='word_1_401' title='bbox 334 1907 378 1934; x_wconf 92' lang='lat' dir='ltr'><strong>ille</strong></span> <span class='ocrx_word' id='word_1_402' title='bbox 393 1907 551 1935; x_wconf 83' lang='lat' dir='ltr'><strong>sublimiora</strong></span> <span class='ocrx_word' id='word_1_403' title='bbox 563 1907 793 1943; x_wconf 76' lang='lat' dir='ltr'><strong>profundioraque</strong></span> <span class='ocrx_word' id='word_1_404' title='bbox 817 1913 965 1940; x_wconf 78' lang='lat' dir='ltr'><strong>reveretur,</strong></span> 
     </span>
    </p>
   </div>
   <div class='ocr_carea' id='block_1_57' title="bbox 178 1953 965 1989">
    <p class='ocr_par' dir='ltr' id='par_1_57' title="bbox 178 1953 965 1989">
     <span class='ocr_line' id='line_1_57' title="bbox 178 1953 965 1989; baseline 0.001 -9"><span class='ocrx_word' id='word_1_405' title='bbox 178 1953 337 1980; x_wconf 81' lang='lat' dir='ltr'><strong>sublimiora</strong></span> <span class='ocrx_word' id='word_1_406' title='bbox 361 1953 472 1981; x_wconf 87' lang='lat' dir='ltr'><strong>minime</strong></span> <span class='ocrx_word' id='word_1_407' title='bbox 488 1954 646 1988; x_wconf 65' lang='lat' dir='ltr'><strong>quaerendo,</strong></span> <span class='ocrx_word' id='word_1_408' title='bbox 664 1959 691 1981; x_wconf 93' lang='lat' dir='ltr'><strong>et</strong></span> <span class='ocrx_word' id='word_1_409' title='bbox 712 1953 889 1989; x_wconf 82' lang='lat' dir='ltr'><strong>prol‘undiura</strong></span> <span class='ocrx_word' id='word_1_410' title='bbox 913 1963 965 1981; x_wconf 91' lang='lat' dir='ltr'><strong>non</strong></span> 
     </span>
    </p>
   </div>
   <div class='ocr_carea' id='block_1_58' title="bbox 178 2001 963 2035">
    <p class='ocr_par' dir='ltr' id='par_1_58' title="bbox 178 2001 963 2035">
     <span class='ocr_line' id='line_1_58' title="bbox 178 2001 963 2035; baseline 0.003 -9"><span class='ocrx_word' id='word_1_411' title='bbox 178 2001 336 2032; x_wconf 83' lang='lat' dir='ltr'><strong>scrutando.</strong></span> <span class='ocrx_word' id='word_1_412' title='bbox 366 2001 455 2029; x_wconf 78' lang='lat' dir='ltr'><strong>media</strong></span> <span class='ocrx_word' id='word_1_413' title='bbox 472 2010 536 2030; x_wconf 87' lang='lat' dir='ltr'><strong>vero</strong></span> <span class='ocrx_word' id='word_1_414' title='bbox 560 2002 612 2029; x_wconf 85' lang='lat' dir='ltr'><strong>sibi</strong></span> <span class='ocrx_word' id='word_1_415' title='bbox 641 2009 797 2029; x_wconf 84' lang='lat' dir='ltr'><strong>commensa</strong></span> <span class='ocrx_word' id='word_1_416' title='bbox 822 2003 963 2035; x_wconf 74' lang='lat' dir='ltr'><strong>sectanda,</strong></span> 
     </span>
    </p>
   </div>
   <div class='ocr_carea' id='block_1_59' title="bbox 179 2048 964 2082">
    <p class='ocr_par' dir='ltr' id='par_1_59' title="bbox 179 2048 964 2082">
     <span class='ocr_line' id='line_1_59' title="bbox 179 2048 964 2082; baseline 0.003 -8"><span class='ocrx_word' id='word_1_417' title='bbox 179 2055 287 2075; x_wconf 87' lang='lat' dir='ltr'><strong>sursum</strong></span> <span class='ocrx_word' id='word_1_418' title='bbox 305 2048 401 2081; x_wconf 77' lang='lat' dir='ltr'><strong>fertur,</strong></span> <span class='ocrx_word' id='word_1_419' title='bbox 417 2048 514 2075; x_wconf 70' lang='lat' dir='ltr'><strong>divina:</strong></span> <span class='ocrx_word' id='word_1_420' title='bbox 525 2048 639 2082; x_wconf 71' lang='lat' dir='ltr'><strong>justitire</strong></span> <span class='ocrx_word' id='word_1_421' title='bbox 655 2049 738 2075; x_wconf 82' lang='lat' dir='ltr'><strong>vitam</strong></span> <span class='ocrx_word' id='word_1_422' title='bbox 759 2056 834 2076; x_wconf 85' lang='lat' dir='ltr'><strong>suam</strong></span> <span class='ocrx_word' id='word_1_423' title='bbox 849 2049 964 2076; x_wconf 85' lang='lat' dir='ltr'><strong>submit-</strong></span> 
     </span>
    </p>
   </div>
   <div class='ocr_carea' id='block_1_60' title="bbox 178 2094 755 2129">
    <p class='ocr_par' dir='ltr' id='par_1_60' title="bbox 178 2094 755 2129">
     <span class='ocr_line' id='line_1_60' title="bbox 178 2094 755 2129; baseline 0.003 -9"><span class='ocrx_word' id='word_1_424' title='bbox 178 2099 248 2127; x_wconf 87' lang='lat' dir='ltr'><strong>tens,</strong></span> <span class='ocrx_word' id='word_1_425' title='bbox 259 2098 287 2120; x_wconf 89' lang='lat' dir='ltr'><strong>et</strong></span> <span class='ocrx_word' id='word_1_426' title='bbox 304 2094 451 2121; x_wconf 86' lang='lat' dir='ltr'><strong>secundum</strong></span> <span class='ocrx_word' id='word_1_427' title='bbox 473 2095 545 2122; x_wconf 78' lang='lat' dir='ltr'><strong>illam</strong></span> <span class='ocrx_word' id='word_1_428' title='bbox 563 2103 610 2122; x_wconf 87' lang='lat' dir='ltr'><strong>sua</strong></span> <span class='ocrx_word' id='word_1_429' title='bbox 627 2095 755 2129; x_wconf 77' lang='lat' dir='ltr'><strong>dirigens.</strong></span> 
     </span>
    </p>
   </div>
   <div class='ocr_carea' id='block_1_61' title="bbox 214 2140 964 2176">
    <p class='ocr_par' dir='ltr' id='par_1_61' title="bbox 214 2140 964 2176">
     <span class='ocr_line' id='line_1_61' title="bbox 214 2140 964 2176; baseline 0.004 -10"><span class='ocrx_word' id='word_1_430' title='bbox 214 2140 228 2176; x_wconf 84' lang='lat'>§</span> <span class='ocrx_word' id='word_1_431' title='bbox 249 2140 295 2167; x_wconf 82' lang='lat' dir='ltr'><strong>IX.</strong></span> <span class='ocrx_word' id='word_1_432' title='bbox 316 2140 394 2173; x_wconf 85' lang='lat' dir='ltr'><strong>Quod</strong></span> <span class='ocrx_word' id='word_1_433' title='bbox 418 2145 507 2167; x_wconf 89' lang='lat' dir='ltr'><strong>atttem</strong></span> <span class='ocrx_word' id='word_1_434' title='bbox 520 2140 589 2168; x_wconf 84' lang='lat' dir='ltr'><strong>alter</strong></span> <span class='ocrx_word' id='word_1_435' title='bbox 612 2140 645 2167; x_wconf 82' lang='lat' dir='ltr'><strong>ad</strong></span> <span class='ocrx_word' id='word_1_436' title='bbox 662 2140 777 2168; x_wconf 88' lang='lat' dir='ltr'><strong>alterum</strong></span> <span class='ocrx_word' id='word_1_437' title='bbox 792 2140 902 2175; x_wconf 82' lang='lat' dir='ltr'><strong>clamet,</strong></span> <span class='ocrx_word' id='word_1_438' title='bbox 917 2149 964 2169; x_wconf 84' lang='lat' dir='ltr'><strong>uo-</strong></span> 
     </span>
    </p>
   </div>
   <div class='ocr_carea' id='block_1_62' title="bbox 177 2187 912 2223">
    <p class='ocr_par' dir='ltr' id='par_1_62' title="bbox 177 2187 912 2223">
     <span class='ocr_line' id='line_1_62' title="bbox 177 2187 912 2223; baseline 0.003 -11"><span class='ocrx_word' id='word_1_439' title='bbox 177 2187 282 2214; x_wconf 88' lang='lat' dir='ltr'><strong>tionum</strong></span> <span class='ocrx_word' id='word_1_440' title='bbox 296 2187 479 2214; x_wconf 81' lang='lat' dir='ltr'><strong>abundantem</strong></span> <span class='ocrx_word' id='word_1_441' title='bbox 495 2187 767 2215; x_wconf 79' lang='lat' dir='ltr'><strong>communicationem</strong></span> <span class='ocrx_word' id='word_1_442' title='bbox 779 2187 912 2223; x_wconf 76' lang='lat' dir='ltr'><strong>designat.</strong></span> 
     </span>
    </p>
   </div>
   <div class='ocr_carea' id='block_1_63' title="bbox 1027 940 1820 977">
    <p class='ocr_par' dir='ltr' id='par_1_63' title="bbox 1027 940 1820 977">
     <span class='ocr_line' id='line_1_63' title="bbox 1027 940 1820 977; baseline -0.003 -8"><span class='ocrx_word' id='word_1_443' title='bbox 1027 943 1065 974; x_wconf 88' lang='grc' dir='ltr'>ὡς</span> <span class='ocrx_word' id='word_1_444' title='bbox 1080 943 1137 974; x_wconf 79' lang='grc' dir='ltr'>τοῖς</span> <span class='ocrx_word' id='word_1_445' title='bbox 1147 942 1258 974; x_wconf 72' lang='grc' dir='ltr'><strong>οἰκείοις</strong></span> <span class='ocrx_word' id='word_1_446' title='bbox 1273 941 1371 977; x_wconf 79' lang='grc' dir='ltr'><strong>μέρεσι</strong></span> <span class='ocrx_word' id='word_1_447' title='bbox 1384 942 1592 977; x_wconf 81' lang='grc' dir='ltr'><strong>συνιστάμενος,</strong></span> <span class='ocrx_word' id='word_1_448' title='bbox 1607 941 1681 977; x_wconf 87' lang='grc' dir='ltr'>(τρία</span> <span class='ocrx_word' id='word_1_449' title='bbox 1693 940 1757 977; x_wconf 84' lang='grc' dir='ltr'>γάρ,</span> <span class='ocrx_word' id='word_1_450' title='bbox 1771 942 1820 968; x_wconf 76' lang='grc' dir='ltr'>καὶ</span> 
     </span>
    </p>
   </div>
   <div class='ocr_carea' id='block_1_64' title="bbox 1025 986 1820 1022">
    <p class='ocr_par' dir='ltr' id='par_1_64' title="bbox 1025 986 1820 1022">
     <span class='ocr_line' id='line_1_64' title="bbox 1025 986 1820 1022; baseline -0.003 -8"><span class='ocrx_word' id='word_1_451' title='bbox 1025 988 1081 1020; x_wconf 82' lang='grc' dir='ltr'>δύο,</span> <span class='ocrx_word' id='word_1_452' title='bbox 1099 989 1146 1015; x_wconf 76' lang='grc' dir='ltr'>καὶ</span> <span class='ocrx_word' id='word_1_453' title='bbox 1163 988 1203 1019; x_wconf 80' lang='grc' dir='ltr'>ἓν,</span> <span class='ocrx_word' id='word_1_454' title='bbox 1217 987 1298 1014; x_wconf 78' lang='grc' dir='ltr'>πάλιν</span> <span class='ocrx_word' id='word_1_455' title='bbox 1311 987 1351 1020; x_wconf 82' lang='grc' dir='ltr'><strong>ἓξ,</strong></span> <span class='ocrx_word' id='word_1_456' title='bbox 1365 987 1444 1014; x_wconf 84' lang='grc' dir='ltr'>ἀτινά</span> <span class='ocrx_word' id='word_1_457' title='bbox 1457 987 1525 1013; x_wconf 81' lang='grc' dir='ltr'>εἰσιν</span> <span class='ocrx_word' id='word_1_458' title='bbox 1537 987 1632 1022; x_wconf 79' lang='grc' dir='ltr'>ἥμισυ,</span> <span class='ocrx_word' id='word_1_459' title='bbox 1651 987 1752 1021; x_wconf 86' lang='grc' dir='ltr'>τρίτον,</span> <span class='ocrx_word' id='word_1_460' title='bbox 1771 986 1820 1012; x_wconf 75' lang='grc' dir='ltr'>καὶ</span> 
     </span>
    </p>
   </div>
   <div class='ocr_carea' id='block_1_65' title="bbox 1025 1031 1819 1070">
    <p class='ocr_par' dir='ltr' id='par_1_65' title="bbox 1025 1031 1819 1070">
     <span class='ocr_line' id='line_1_65' title="bbox 1025 1031 1819 1070; baseline -0.004 -9"><span class='ocrx_word' id='word_1_461' title='bbox 1025 1035 1113 1067; x_wconf 75' lang='grc' dir='ltr'>ἕκτον,</span> <span class='ocrx_word' id='word_1_462' title='bbox 1128 1033 1218 1066; x_wconf 82' lang='grc' dir='ltr'>καθὼς</span> <span class='ocrx_word' id='word_1_463' title='bbox 1231 1034 1334 1070; x_wconf 78' lang='grc' dir='ltr'>ἑτέροις</span> <span class='ocrx_word' id='word_1_464' title='bbox 1345 1033 1428 1066; x_wconf 82' lang='grc' dir='ltr'>ἔδοξε·</span> <span class='ocrx_word' id='word_1_465' title='bbox 1443 1034 1490 1060; x_wconf 77' lang='grc' dir='ltr'>καὶ</span> <span class='ocrx_word' id='word_1_466' title='bbox 1504 1034 1584 1068; x_wconf 81' lang='grc' dir='ltr'>ἡμεῖς</span> <span class='ocrx_word' id='word_1_467' title='bbox 1595 1033 1624 1060; x_wconf 83' lang='grc' dir='ltr'>δὲ</span> <span class='ocrx_word' id='word_1_468' title='bbox 1636 1033 1713 1059; x_wconf 77' lang='grc' dir='ltr'>αὐτοὶ</span> <span class='ocrx_word' id='word_1_469' title='bbox 1732 1031 1819 1064; x_wconf 82' lang='grc' dir='ltr'>οὕτως</span> 
     </span>
    </p>
   </div>
   <div class='ocr_carea' id='block_1_66' title="bbox 1025 1077 1819 1115">
    <p class='ocr_par' dir='ltr' id='par_1_66' title="bbox 1025 1077 1819 1115">
     <span class='ocr_line' id='line_1_66' title="bbox 1025 1077 1819 1115; baseline -0.004 -8"><span class='ocrx_word' id='word_1_470' title='bbox 1025 1082 1053 1108; x_wconf 79' lang='grc' dir='ltr'><strong>ἐν</strong></span> <span class='ocrx_word' id='word_1_471' title='bbox 1064 1079 1102 1115; x_wconf 84' lang='grc' dir='ltr'>τῷ</span> <span class='ocrx_word' id='word_1_472' title='bbox 1116 1079 1184 1114; x_wconf 74' lang='grc' dir='ltr'>Περὶ</span> <span class='ocrx_word' id='word_1_473' title='bbox 1191 1079 1246 1114; x_wconf 83' lang='grc' dir='ltr'>τῆς</span> <span class='ocrx_word' id='word_1_474' title='bbox 1255 1079 1397 1113; x_wconf 80' lang='grc' dir='ltr'><strong>οὐρανίου</strong></span> <span class='ocrx_word' id='word_1_475' title='bbox 1407 1079 1558 1112; x_wconf 76' lang='grc' dir='ltr'>ίεραρχίας</span> <span class='ocrx_word' id='word_1_476' title='bbox 1568 1079 1696 1114; x_wconf 74' lang='grc' dir='ltr'>ἐλέγομεν</span> <span class='ocrx_word' id='word_1_477' title='bbox 1704 1077 1819 1113; x_wconf 76' lang='grc' dir='ltr'>ἐξηγού-</span> 
     </span>
    </p>
   </div>
   <div class='ocr_carea' id='block_1_67' title="bbox 1026 1124 1819 1164">
    <p class='ocr_par' dir='ltr' id='par_1_67' title="bbox 1026 1124 1819 1164">
     <span class='ocr_line' id='line_1_67' title="bbox 1026 1124 1819 1164; baseline -0.005 -10"><span class='ocrx_word' id='word_1_478' title='bbox 1026 1127 1123 1164; x_wconf 71' lang='grc' dir='ltr'>μενον)</span> <span class='ocrx_word' id='word_1_479' title='bbox 1136 1126 1192 1154; x_wconf 82' lang='grc' dir='ltr'>ἀλλ’</span> <span class='ocrx_word' id='word_1_480' title='bbox 1205 1127 1246 1153; x_wconf 76' lang='grc' dir='ltr'>ἂτι</span> <span class='ocrx_word' id='word_1_481' title='bbox 1257 1126 1291 1153; x_wconf 79' lang='grc' dir='ltr'>τὰ</span> <span class='ocrx_word' id='word_1_482' title='bbox 1304 1125 1334 1158; x_wconf 76' lang='grc' dir='ltr'><strong>ἒξ</strong></span> <span class='ocrx_word' id='word_1_483' title='bbox 1346 1127 1385 1157; x_wconf 78' lang='grc' dir='ltr'>εἰς</span> <span class='ocrx_word' id='word_1_484' title='bbox 1397 1127 1470 1161; x_wconf 86' lang='grc' dir='ltr'>τρεῖς</span> <span class='ocrx_word' id='word_1_485' title='bbox 1483 1125 1580 1157; x_wconf 79' lang='grc' dir='ltr'><strong>δυάδας</strong></span> <span class='ocrx_word' id='word_1_486' title='bbox 1590 1125 1744 1160; x_wconf 79' lang='grc' dir='ltr'><strong>τέμνονται.</strong></span> <span class='ocrx_word' id='word_1_487' title='bbox 1758 1124 1819 1150; x_wconf 79' lang='grc' dir='ltr'>Εἰσὶ</span> 
     </span>
    </p>
   </div>
   <div class='ocr_carea' id='block_1_68' title="bbox 1024 1171 1818 1208">
    <p class='ocr_par' dir='ltr' id='par_1_68' title="bbox 1024 1171 1818 1208">
     <span class='ocr_line' id='line_1_68' title="bbox 1024 1171 1818 1208; baseline -0.006 -7"><span class='ocrx_word' id='word_1_488' title='bbox 1024 1174 1052 1201; x_wconf 74' lang='grc' dir='ltr'>δὲ</span> <span class='ocrx_word' id='word_1_489' title='bbox 1065 1175 1111 1201; x_wconf 77' lang='grc' dir='ltr'>καὶ</span> <span class='ocrx_word' id='word_1_490' title='bbox 1126 1174 1173 1200; x_wconf 73' lang='grc' dir='ltr'><strong>ἐπὶ</strong></span> <span class='ocrx_word' id='word_1_491' title='bbox 1186 1173 1287 1204; x_wconf 80' lang='grc' dir='ltr'>πάσαις</span> <span class='ocrx_word' id='word_1_492' title='bbox 1304 1172 1445 1208; x_wconf 79' lang='grc' dir='ltr'>οὐρανίαις</span> <span class='ocrx_word' id='word_1_493' title='bbox 1457 1171 1602 1207; x_wconf 85' lang='grc' dir='ltr'>δυνάμεσιν</span> <span class='ocrx_word' id='word_1_494' title='bbox 1615 1171 1684 1206; x_wconf 72' lang='grc' dir='ltr'>ἅμα,</span> <span class='ocrx_word' id='word_1_495' title='bbox 1704 1171 1751 1197; x_wconf 79' lang='grc' dir='ltr'>καὶ</span> <span class='ocrx_word' id='word_1_496' title='bbox 1763 1171 1818 1197; x_wconf 76' lang='grc' dir='ltr'>πά-</span> 
     </span>
    </p>
   </div>
   <div class='ocr_carea' id='block_1_69' title="bbox 1024 1217 1819 1256">
    <p class='ocr_par' dir='ltr' id='par_1_69' title="bbox 1024 1217 1819 1256">
     <span class='ocr_line' id='line_1_69' title="bbox 1024 1217 1819 1256; baseline -0.006 -8"><span class='ocrx_word' id='word_1_497' title='bbox 1024 1221 1065 1248; x_wconf 92' lang='grc' dir='ltr'><strong>λιν</strong></span> <span class='ocrx_word' id='word_1_498' title='bbox 1076 1221 1118 1255; x_wconf 79' lang='grc' dir='ltr'><strong>ἐφ’</strong></span> <span class='ocrx_word' id='word_1_499' title='bbox 1131 1221 1234 1256; x_wconf 79' lang='grc' dir='ltr'>ἑκάστῃ</span> <span class='ocrx_word' id='word_1_500' title='bbox 1245 1220 1435 1255; x_wconf 83' lang='grc' dir='ltr'>διακοσμήσει,</span> <span class='ocrx_word' id='word_1_501' title='bbox 1445 1218 1551 1254; x_wconf 84' lang='grc' dir='ltr'>πρῶται</span> <span class='ocrx_word' id='word_1_502' title='bbox 1564 1218 1611 1244; x_wconf 77' lang='grc' dir='ltr'>καὶ</span> <span class='ocrx_word' id='word_1_503' title='bbox 1624 1218 1704 1253; x_wconf 81' lang='grc' dir='ltr'>μέσαι</span> <span class='ocrx_word' id='word_1_504' title='bbox 1715 1217 1762 1243; x_wconf 76' lang='grc' dir='ltr'>καὶ</span> <span class='ocrx_word' id='word_1_505' title='bbox 1774 1225 1819 1243; x_wconf 91' lang='grc' dir='ltr'>τε-</span> 
     </span>
    </p>
   </div>
   <div class='ocr_carea' id='block_1_70' title="bbox 1024 1264 1816 1302">
    <p class='ocr_par' dir='ltr' id='par_1_70' title="bbox 1024 1264 1816 1302">
     <span class='ocr_line' id='line_1_70' title="bbox 1024 1264 1816 1302; baseline -0.008 -7"><span class='ocrx_word' id='word_1_506' title='bbox 1024 1268 1156 1296; x_wconf 76' lang='grc' dir='ltr'>λευταῖαι·</span> <span class='ocrx_word' id='word_1_507' title='bbox 1169 1267 1214 1294; x_wconf 88' lang='grc' dir='ltr'><strong>διά</strong></span> <span class='ocrx_word' id='word_1_508' title='bbox 1224 1266 1304 1293; x_wconf 85' lang='grc' dir='ltr'>τοῦτο</span> <span class='ocrx_word' id='word_1_509' title='bbox 1316 1265 1499 1302; x_wconf 73' lang='grc' dir='ltr'>περιτίθενται</span> <span class='ocrx_word' id='word_1_510' title='bbox 1513 1264 1543 1297; x_wconf 84' lang='grc' dir='ltr'>ἓξ</span> <span class='ocrx_word' id='word_1_511' title='bbox 1554 1265 1698 1300; x_wconf 82' lang='grc' dir='ltr'><strong>πτέρυγες,</strong></span> <span class='ocrx_word' id='word_1_512' title='bbox 1714 1264 1756 1290; x_wconf 82' lang='grc' dir='ltr'>ἵνα</span> <span class='ocrx_word' id='word_1_513' title='bbox 1768 1264 1816 1299; x_wconf 89' lang='grc' dir='ltr'>δη-</span> 
     </span>
    </p>
   </div>
   <div class='ocr_carea' id='block_1_71' title="bbox 1023 1310 1819 1350">
    <p class='ocr_par' dir='ltr' id='par_1_71' title="bbox 1023 1310 1819 1350">
     <span class='ocr_line' id='line_1_71' title="bbox 1023 1310 1819 1350; baseline -0.006 -9"><span class='ocrx_word' id='word_1_514' title='bbox 1023 1314 1096 1350; x_wconf 83' lang='grc' dir='ltr'>λωθῇ</span> <span class='ocrx_word' id='word_1_515' title='bbox 1111 1313 1198 1340; x_wconf 77' lang='grc' dir='ltr'>καὶτὸ</span> <span class='ocrx_word' id='word_1_516' title='bbox 1210 1312 1382 1347; x_wconf 76' lang='grc' dir='ltr'>ἀναγωγικὸν</span> <span class='ocrx_word' id='word_1_517' title='bbox 1393 1311 1482 1337; x_wconf 78' lang='grc' dir='ltr'>αὐτῶν</span> <span class='ocrx_word' id='word_1_518' title='bbox 1490 1310 1534 1337; x_wconf 87' lang='grc' dir='ltr'><strong>διὰ</strong></span> <span class='ocrx_word' id='word_1_519' title='bbox 1543 1310 1597 1337; x_wconf 81' lang='grc' dir='ltr'>τῶν</span> <span class='ocrx_word' id='word_1_520' title='bbox 1607 1310 1708 1337; x_wconf 84' lang='grc' dir='ltr'>διπλῶν</span> <span class='ocrx_word' id='word_1_521' title='bbox 1720 1310 1819 1345; x_wconf 78' lang='grc' dir='ltr'>πτερύ-</span> 
     </span>
    </p>
   </div>
   <div class='ocr_carea' id='block_1_72' title="bbox 1023 1355 1815 1395">
    <p class='ocr_par' dir='ltr' id='par_1_72' title="bbox 1023 1355 1815 1395">
     <span class='ocr_line' id='line_1_72' title="bbox 1023 1355 1815 1395; baseline -0.008 -8"><span class='ocrx_word' id='word_1_522' title='bbox 1023 1369 1090 1395; x_wconf 88' lang='grc' dir='ltr'>γων,</span> <span class='ocrx_word' id='word_1_523' title='bbox 1104 1361 1134 1386; x_wconf 86' lang='grc' dir='ltr'>οὺ</span> <span class='ocrx_word' id='word_1_524' title='bbox 1147 1360 1202 1395; x_wconf 85' lang='grc' dir='ltr'>γὰρ</span> <span class='ocrx_word' id='word_1_525' title='bbox 1215 1359 1355 1395; x_wconf 72' lang='grc' dir='ltr'>αὐτάρκης</span> <span class='ocrx_word' id='word_1_526' title='bbox 1369 1359 1385 1393; x_wconf 84' lang='grc' dir='ltr'><strong>ἡ</strong></span> <span class='ocrx_word' id='word_1_527' title='bbox 1400 1357 1458 1393; x_wconf 80' lang='grc' dir='ltr'>μία.</span> <span class='ocrx_word' id='word_1_528' title='bbox 1473 1357 1527 1383; x_wconf 79' lang='grc' dir='ltr'><strong>Καὶ</strong></span> <span class='ocrx_word' id='word_1_529' title='bbox 1540 1357 1571 1383; x_wconf 86' lang='grc' dir='ltr'>τὸ</span> <span class='ocrx_word' id='word_1_530' title='bbox 1585 1357 1633 1383; x_wconf 77' lang='grc' dir='ltr'>καὶ</span> <span class='ocrx_word' id='word_1_531' title='bbox 1653 1355 1688 1382; x_wconf 82' lang='grc' dir='ltr'><strong>τὰ</strong></span> <span class='ocrx_word' id='word_1_532' title='bbox 1709 1356 1815 1392; x_wconf 73' lang='grc' dir='ltr'>πρῶτα,</span> 
     </span>
    </p>
   </div>
   <div class='ocr_carea' id='block_1_73' title="bbox 1023 1403 1816 1442">
    <p class='ocr_par' dir='ltr' id='par_1_73' title="bbox 1023 1403 1816 1442">
     <span class='ocr_line' id='line_1_73' title="bbox 1023 1403 1816 1442; baseline -0.008 -8"><span class='ocrx_word' id='word_1_533' title='bbox 1023 1408 1070 1434; x_wconf 79' lang='grc' dir='ltr'><strong>καὶ</strong></span> <span class='ocrx_word' id='word_1_534' title='bbox 1084 1407 1164 1442; x_wconf 83' lang='grc' dir='ltr'>μέσα,</span> <span class='ocrx_word' id='word_1_535' title='bbox 1179 1407 1226 1433; x_wconf 80' lang='grc' dir='ltr'>καὶ</span> <span class='ocrx_word' id='word_1_536' title='bbox 1237 1405 1272 1432; x_wconf 83' lang='grc' dir='ltr'><strong>τὰ</strong></span> <span class='ocrx_word' id='word_1_537' title='bbox 1284 1405 1426 1432; x_wconf 87' lang='grc' dir='ltr'>τελευταῖα</span> <span class='ocrx_word' id='word_1_538' title='bbox 1445 1403 1500 1430; x_wconf 83' lang='grc' dir='ltr'>τῶν</span> <span class='ocrx_word' id='word_1_539' title='bbox 1513 1412 1555 1430; x_wconf 72' lang='lat' dir='ltr'><strong>vos</strong></span> <span class='ocrx_word' id='word_1_540' title='bbox 1560 1403 1615 1439; x_wconf 84' lang='grc' dir='ltr'>ρῶν</span> <span class='ocrx_word' id='word_1_541' title='bbox 1635 1403 1723 1429; x_wconf 83' lang='grc' dir='ltr'>αὐτῶν</span> <span class='ocrx_word' id='word_1_542' title='bbox 1735 1403 1816 1429; x_wconf 62' lang='grc' dir='ltr'>δυνάμ-</span> 
     </span>
    </p>
   </div>
   <div class='ocr_carea' id='block_1_74' title="bbox 1025 1447 1815 1488">
    <p class='ocr_par' dir='ltr' id='par_1_74' title="bbox 1025 1447 1815 1488">
     <span class='ocr_line' id='line_1_74' title="bbox 1025 1447 1815 1488; baseline -0.008 -9"><span class='ocrx_word' id='word_1_543' title='bbox 1025 1461 1107 1488; x_wconf 75' lang='grc' dir='ltr'>μεων,</span> <span class='ocrx_word' id='word_1_544' title='bbox 1120 1453 1160 1484; x_wconf 87' lang='grc' dir='ltr'><strong>είς</strong></span> <span class='ocrx_word' id='word_1_545' title='bbox 1172 1451 1253 1478; x_wconf 81' lang='grc' dir='ltr'>αὑτὸν</span> <span class='ocrx_word' id='word_1_546' title='bbox 1265 1450 1310 1476; x_wconf 79' lang='grc' dir='ltr'>τὸν</span> <span class='ocrx_word' id='word_1_547' title='bbox 1323 1450 1389 1476; x_wconf 83' lang='grc' dir='ltr'>Θεὸν</span> <span class='ocrx_word' id='word_1_548' title='bbox 1402 1448 1561 1483; x_wconf 79' lang='grc' dir='ltr'>ἀνάγεσθαι,</span> <span class='ocrx_word' id='word_1_549' title='bbox 1577 1448 1624 1474; x_wconf 70' lang='grc' dir='ltr'>καὶ</span> <span class='ocrx_word' id='word_1_550' title='bbox 1636 1447 1690 1474; x_wconf 82' lang='grc' dir='ltr'>τῶν</span> <span class='ocrx_word' id='word_1_551' title='bbox 1710 1456 1815 1483; x_wconf 85' lang='grc' dir='ltr'>χαμερ-</span> 
     </span>
    </p>
   </div>
   <div class='ocr_carea' id='block_1_75' title="bbox 1024 1495 1814 1532">
    <p class='ocr_par' dir='ltr' id='par_1_75' title="bbox 1024 1495 1814 1532">
     <span class='ocr_line' id='line_1_75' title="bbox 1024 1495 1814 1532; baseline -0.008 -6"><span class='ocrx_word' id='word_1_552' title='bbox 1024 1499 1082 1526; x_wconf 86' lang='grc' dir='ltr'>πῶν</span> <span class='ocrx_word' id='word_1_553' title='bbox 1100 1498 1285 1529; x_wconf 86' lang='grc' dir='ltr'>ἀπολύεσθαι,</span> <span class='ocrx_word' id='word_1_554' title='bbox 1306 1496 1386 1523; x_wconf 84' lang='grc' dir='ltr'>τοῦτο</span> <span class='ocrx_word' id='word_1_555' title='bbox 1397 1496 1452 1532; x_wconf 80' lang='grc' dir='ltr'>γὰρ</span> <span class='ocrx_word' id='word_1_556' title='bbox 1472 1496 1546 1532; x_wconf 82' lang='grc' dir='ltr'><strong>δηλοί</strong></span> <span class='ocrx_word' id='word_1_557' title='bbox 1567 1495 1598 1521; x_wconf 83' lang='grc' dir='ltr'><strong>τὺ</strong></span> <span class='ocrx_word' id='word_1_558' title='bbox 1615 1495 1767 1526; x_wconf 74' lang='grc' dir='ltr'>ἀπόλι-τα,</span> <span class='ocrx_word' id='word_1_559' title='bbox 1783 1496 1814 1521; x_wconf 90' lang='grc' dir='ltr'>οὺ</span> 
     </span>
    </p>
   </div>
   <div class='ocr_carea' id='block_1_76' title="bbox 1023 1541 1815 1578">
    <p class='ocr_par' dir='ltr' id='par_1_76' title="bbox 1023 1541 1815 1578">
     <span class='ocr_line' id='line_1_76' title="bbox 1023 1541 1815 1578; baseline -0.005 -7"><span class='ocrx_word' id='word_1_560' title='bbox 1023 1545 1090 1571; x_wconf 85' lang='grc' dir='ltr'>διότι</span> <span class='ocrx_word' id='word_1_561' title='bbox 1101 1544 1169 1571; x_wconf 79' lang='grc' dir='ltr'>εἰσὶν</span> <span class='ocrx_word' id='word_1_562' title='bbox 1182 1542 1380 1578; x_wconf 79' lang='grc' dir='ltr'>ἀπολελυμέναι</span> <span class='ocrx_word' id='word_1_563' title='bbox 1391 1542 1438 1568; x_wconf 70' lang='grc' dir='ltr'><strong>καὶ</strong></span> <span class='ocrx_word' id='word_1_564' title='bbox 1455 1543 1482 1568; x_wconf 91' lang='grc' dir='ltr'>αἱ</span> <span class='ocrx_word' id='word_1_565' title='bbox 1504 1541 1532 1575; x_wconf 78' lang='grc' dir='ltr'><strong>ἓξ</strong></span> <span class='ocrx_word' id='word_1_566' title='bbox 1545 1542 1688 1577; x_wconf 81' lang='grc' dir='ltr'>πτέρυγες,</span> <span class='ocrx_word' id='word_1_567' title='bbox 1703 1541 1760 1567; x_wconf 74' lang='grc' dir='ltr'>ἀλλ’</span> <span class='ocrx_word' id='word_1_568' title='bbox 1773 1542 1815 1568; x_wconf 80' lang='grc' dir='ltr'>ὅτι</span> 
     </span>
    </p>
   </div>
   <div class='ocr_carea' id='block_1_77' title="bbox 1021 1585 1815 1625">
    <p class='ocr_par' dir='ltr' id='par_1_77' title="bbox 1021 1585 1815 1625">
     <span class='ocr_line' id='line_1_77' title="bbox 1021 1585 1815 1625; baseline -0.005 -9"><span class='ocrx_word' id='word_1_569' title='bbox 1021 1589 1075 1616; x_wconf 88' lang='grc' dir='ltr'><strong>τῶν</strong></span> <span class='ocrx_word' id='word_1_570' title='bbox 1087 1590 1237 1625; x_wconf 83' lang='grc' dir='ltr'>χαμερπῶν</span> <span class='ocrx_word' id='word_1_571' title='bbox 1250 1587 1422 1615; x_wconf 87' lang='grc' dir='ltr'>ἀπολύονται.</span> <span class='ocrx_word' id='word_1_572' title='bbox 1436 1587 1472 1614; x_wconf 79' lang='grc' dir='ltr'>Τὸ</span> <span class='ocrx_word' id='word_1_573' title='bbox 1485 1587 1598 1614; x_wconf 79' lang='grc' dir='ltr'>καθόλου</span> <span class='ocrx_word' id='word_1_574' title='bbox 1611 1585 1658 1613; x_wconf 69' lang='grc' dir='ltr'><strong>οὖν</strong></span> <span class='ocrx_word' id='word_1_575' title='bbox 1678 1587 1815 1622; x_wconf 76' lang='grc' dir='ltr'>πτερωτὸν</span> 
     </span>
    </p>
   </div>
   <div class='ocr_carea' id='block_1_78' title="bbox 1020 1633 1814 1671">
    <p class='ocr_par' dir='ltr' id='par_1_78' title="bbox 1020 1633 1814 1671">
     <span class='ocr_line' id='line_1_78' title="bbox 1020 1633 1814 1671; baseline -0.005 -8"><span class='ocrx_word' id='word_1_576' title='bbox 1020 1636 1195 1671; x_wconf 81' lang='grc' dir='ltr'>αἱνισσομένη</span> <span class='ocrx_word' id='word_1_577' title='bbox 1216 1637 1233 1671; x_wconf 83' lang='grc' dir='ltr'><strong>ἡ</strong></span> <span class='ocrx_word' id='word_1_578' title='bbox 1253 1635 1312 1661; x_wconf 85' lang='grc' dir='ltr'>θεία</span> <span class='ocrx_word' id='word_1_579' title='bbox 1334 1635 1441 1670; x_wconf 78' lang='grc' dir='ltr'>Γραφὴ,</span> <span class='ocrx_word' id='word_1_580' title='bbox 1457 1633 1610 1669; x_wconf 77' lang='grc' dir='ltr'>περιτίθησι</span> <span class='ocrx_word' id='word_1_581' title='bbox 1630 1634 1675 1660; x_wconf 68' lang='grc' dir='ltr'>καὶ</span> <span class='ocrx_word' id='word_1_582' title='bbox 1692 1633 1748 1660; x_wconf 78' lang='grc' dir='ltr'><strong>ἄνω</strong></span> <span class='ocrx_word' id='word_1_583' title='bbox 1768 1633 1814 1659; x_wconf 79' lang='grc' dir='ltr'>καὶ</span> 
     </span>
    </p>
   </div>
   <div class='ocr_carea' id='block_1_79' title="bbox 1020 1680 1477 1716">
    <p class='ocr_par' dir='ltr' id='par_1_79' title="bbox 1020 1680 1477 1716">
     <span class='ocr_line' id='line_1_79' title="bbox 1020 1680 1477 1716; baseline -0.007 -8"><span class='ocrx_word' id='word_1_584' title='bbox 1020 1682 1094 1709; x_wconf 81' lang='grc' dir='ltr'>κάτω</span> <span class='ocrx_word' id='word_1_585' title='bbox 1107 1682 1154 1708; x_wconf 70' lang='grc' dir='ltr'>καὶ</span> <span class='ocrx_word' id='word_1_586' title='bbox 1174 1681 1255 1716; x_wconf 81' lang='grc' dir='ltr'>μέσον</span> <span class='ocrx_word' id='word_1_587' title='bbox 1268 1680 1316 1712; x_wconf 80' lang='grc' dir='ltr'><strong>τὰς</strong></span> <span class='ocrx_word' id='word_1_588' title='bbox 1330 1680 1477 1715; x_wconf 79' lang='grc' dir='ltr'>πτέρυγας.</span> 
     </span>
    </p>
   </div>
   <div class='ocr_carea' id='block_1_80' title="bbox 1053 1813 1814 1850">
    <p class='ocr_par' dir='ltr' id='par_1_80' title="bbox 1053 1813 1814 1850">
     <span class='ocr_line' id='line_1_80' title="bbox 1053 1813 1814 1850; baseline 0 -10"><span class='ocrx_word' id='word_1_589' title='bbox 1053 1814 1068 1850; x_wconf 75' lang='lat'>§</span> <span class='ocrx_word' id='word_1_590' title='bbox 1090 1814 1152 1841; x_wconf 75' lang='lat' dir='ltr'><strong>Vill.</strong></span> <span class='ocrx_word' id='word_1_591' title='bbox 1172 1815 1205 1841; x_wconf 86' lang='grc' dir='ltr'>Τί</span> <span class='ocrx_word' id='word_1_592' title='bbox 1225 1814 1254 1841; x_wconf 82' lang='grc' dir='ltr'><strong>δέ</strong></span> <span class='ocrx_word' id='word_1_593' title='bbox 1271 1815 1328 1841; x_wconf 72' lang='grc' dir='ltr'>ἐστι</span> <span class='ocrx_word' id='word_1_594' title='bbox 1352 1813 1383 1840; x_wconf 85' lang='grc' dir='ltr'>τὸ</span> <span class='ocrx_word' id='word_1_595' title='bbox 1402 1813 1452 1844; x_wconf 71' lang='grc' dir='ltr'><strong>τὰς</strong></span> <span class='ocrx_word' id='word_1_596' title='bbox 1473 1814 1522 1849; x_wconf 84' lang='grc' dir='ltr'><strong>μὲν</strong></span> <span class='ocrx_word' id='word_1_597' title='bbox 1545 1813 1602 1840; x_wconf 78' lang='grc' dir='ltr'>ἄνω</span> <span class='ocrx_word' id='word_1_598' title='bbox 1614 1815 1660 1840; x_wconf 77' lang='grc' dir='ltr'>καὶ</span> <span class='ocrx_word' id='word_1_599' title='bbox 1674 1813 1724 1844; x_wconf 86' lang='grc' dir='ltr'><strong>τὰς</strong></span> <span class='ocrx_word' id='word_1_600' title='bbox 1738 1814 1814 1840; x_wconf 84' lang='grc' dir='ltr'>κάτω</span> 
     </span>
    </p>
   </div>
   <div class='ocr_carea' id='block_1_81' title="bbox 1019 1858 1812 1894">
    <p class='ocr_par' dir='ltr' id='par_1_81' title="bbox 1019 1858 1812 1894">
     <span class='ocr_line' id='line_1_81' title="bbox 1019 1858 1812 1894; baseline -0.003 -8"><span class='ocrx_word' id='word_1_601' title='bbox 1019 1859 1219 1890; x_wconf 78' lang='grc' dir='ltr'>συστέλλεσθαι,</span> <span class='ocrx_word' id='word_1_602' title='bbox 1236 1859 1285 1891; x_wconf 86' lang='grc' dir='ltr'>τὰς</span> <span class='ocrx_word' id='word_1_603' title='bbox 1302 1859 1330 1885; x_wconf 81' lang='grc' dir='ltr'>δὲ</span> <span class='ocrx_word' id='word_1_604' title='bbox 1345 1859 1429 1894; x_wconf 83' lang='grc' dir='ltr'>μέσας</span> <span class='ocrx_word' id='word_1_605' title='bbox 1445 1858 1612 1885; x_wconf 79' lang='grc' dir='ltr'>ὲκτείνεσθαι</span> <span class='ocrx_word' id='word_1_606' title='bbox 1623 1859 1678 1891; x_wconf 71' lang='grc' dir='ltr'>ςὸτι</span> <span class='ocrx_word' id='word_1_607' title='bbox 1695 1858 1812 1894; x_wconf 74' lang='grc' dir='ltr'>εὐλαϐής</span> 
     </span>
    </p>
   </div>
   <div class='ocr_carea' id='block_1_82' title="bbox 1016 1904 1813 1941">
    <p class='ocr_par' dir='ltr' id='par_1_82' title="bbox 1016 1904 1813 1941">
     <span class='ocr_line' id='line_1_82' title="bbox 1016 1904 1813 1941; baseline -0.003 -9"><span class='ocrx_word' id='word_1_608' title='bbox 1016 1907 1089 1932; x_wconf 75' lang='grc' dir='ltr'>ἐστιν</span> <span class='ocrx_word' id='word_1_609' title='bbox 1106 1907 1122 1941; x_wconf 88' lang='grc' dir='ltr'>ἡ</span> <span class='ocrx_word' id='word_1_610' title='bbox 1137 1905 1213 1939; x_wconf 78' lang='grc' dir='ltr'>τάξις</span> <span class='ocrx_word' id='word_1_611' title='bbox 1228 1906 1291 1941; x_wconf 76' lang='grc' dir='ltr'>περὶ</span> <span class='ocrx_word' id='word_1_612' title='bbox 1308 1904 1341 1931; x_wconf 82' lang='grc' dir='ltr'>τὰ</span> <span class='ocrx_word' id='word_1_613' title='bbox 1356 1904 1508 1940; x_wconf 69' lang='grc' dir='ltr'>ὑψηλότερα</span> <span class='ocrx_word' id='word_1_614' title='bbox 1520 1905 1566 1931; x_wconf 79' lang='grc' dir='ltr'>καὶ</span> <span class='ocrx_word' id='word_1_615' title='bbox 1579 1904 1729 1940; x_wconf 78' lang='grc' dir='ltr'>βαθύτερα,</span> <span class='ocrx_word' id='word_1_616' title='bbox 1743 1904 1813 1939; x_wconf 68' lang='grc' dir='ltr'>ὑψη-</span> 
     </span>
    </p>
   </div>
   <div class='ocr_carea' id='block_1_83' title="bbox 1016 1950 1810 1987">
    <p class='ocr_par' dir='ltr' id='par_1_83' title="bbox 1016 1950 1810 1987">
     <span class='ocr_line' id='line_1_83' title="bbox 1016 1950 1810 1987; baseline -0.001 -9"><span class='ocrx_word' id='word_1_617' title='bbox 1016 1951 1112 1987; x_wconf 82' lang='grc' dir='ltr'>λότερα</span> <span class='ocrx_word' id='word_1_618' title='bbox 1137 1952 1173 1987; x_wconf 85' lang='grc' dir='ltr'>μὴ</span> <span class='ocrx_word' id='word_1_619' title='bbox 1197 1950 1334 1986; x_wconf 76' lang='grc' dir='ltr'>ζητοῦσα,</span> <span class='ocrx_word' id='word_1_620' title='bbox 1363 1951 1410 1976; x_wconf 78' lang='grc' dir='ltr'><strong>καὶ</strong></span> <span class='ocrx_word' id='word_1_621' title='bbox 1438 1950 1573 1986; x_wconf 84' lang='grc' dir='ltr'>βαθύτερα</span> <span class='ocrx_word' id='word_1_622' title='bbox 1595 1951 1631 1986; x_wconf 87' lang='grc' dir='ltr'>μὴ</span> <span class='ocrx_word' id='word_1_623' title='bbox 1656 1951 1810 1986; x_wconf 82' lang='grc' dir='ltr'>ἐρευνῶσα,</span> 
     </span>
    </p>
   </div>
   <div class='ocr_carea' id='block_1_84' title="bbox 1017 1996 1809 2033">
    <p class='ocr_par' dir='ltr' id='par_1_84' title="bbox 1017 1996 1809 2033">
     <span class='ocr_line' id='line_1_84' title="bbox 1017 1996 1809 2033; baseline -0.001 -9"><span class='ocrx_word' id='word_1_624' title='bbox 1017 1998 1085 2033; x_wconf 80' lang='grc' dir='ltr'>μόνα</span> <span class='ocrx_word' id='word_1_625' title='bbox 1095 1998 1124 2024; x_wconf 75' lang='grc' dir='ltr'>δὲ</span> <span class='ocrx_word' id='word_1_626' title='bbox 1139 1997 1172 2024; x_wconf 85' lang='grc' dir='ltr'><strong>τὰ</strong></span> <span class='ocrx_word' id='word_1_627' title='bbox 1185 1997 1254 2033; x_wconf 74' lang='grc' dir='ltr'>μέσα</span> <span class='ocrx_word' id='word_1_628' title='bbox 1267 1997 1313 2024; x_wconf 74' lang='grc' dir='ltr'>καὶ</span> <span class='ocrx_word' id='word_1_629' title='bbox 1326 1997 1470 2032; x_wconf 81' lang='grc' dir='ltr'>σύμμετρα</span> <span class='ocrx_word' id='word_1_630' title='bbox 1481 1997 1609 2031; x_wconf 78' lang='grc' dir='ltr'>ζητοῦσα,</span> <span class='ocrx_word' id='word_1_631' title='bbox 1623 1996 1764 2030; x_wconf 80' lang='grc' dir='ltr'>ἀνάγεται,</span> <span class='ocrx_word' id='word_1_632' title='bbox 1775 1998 1809 2032; x_wconf 79' lang='grc' dir='ltr'>τῇ</span> 
     </span>
    </p>
   </div>
   <div class='ocr_carea' id='block_1_85' title="bbox 1016 2041 1812 2080">
    <p class='ocr_par' dir='ltr' id='par_1_85' title="bbox 1016 2041 1812 2080">
     <span class='ocr_line' id='line_1_85' title="bbox 1016 2041 1812 2080; baseline -0.003 -10"><span class='ocrx_word' id='word_1_633' title='bbox 1016 2044 1076 2080; x_wconf 79' lang='grc' dir='ltr'>θείᾳ</span> <span class='ocrx_word' id='word_1_634' title='bbox 1096 2044 1253 2080; x_wconf 79' lang='grc' dir='ltr'>δικαιοσύνῃ</span> <span class='ocrx_word' id='word_1_635' title='bbox 1284 2043 1440 2070; x_wconf 83' lang='grc' dir='ltr'>ὑποτιθεῖσα</span> <span class='ocrx_word' id='word_1_636' title='bbox 1461 2043 1511 2078; x_wconf 77' lang='grc' dir='ltr'>τὴν</span> <span class='ocrx_word' id='word_1_637' title='bbox 1531 2043 1634 2069; x_wconf 78' lang='grc' dir='ltr'>οἰκείαν</span> <span class='ocrx_word' id='word_1_638' title='bbox 1657 2041 1745 2078; x_wconf 82' lang='grc' dir='ltr'>ζωὴν,</span> <span class='ocrx_word' id='word_1_639' title='bbox 1763 2043 1812 2069; x_wconf 80' lang='grc' dir='ltr'>καὶ</span> 
     </span>
    </p>
   </div>
   <div class='ocr_carea' id='block_1_86' title="bbox 1015 2089 1602 2126">
    <p class='ocr_par' dir='ltr' id='par_1_86' title="bbox 1015 2089 1602 2126">
     <span class='ocr_line' id='line_1_86' title="bbox 1015 2089 1602 2126; baseline -0.002 -9"><span class='ocrx_word' id='word_1_640' title='bbox 1015 2092 1079 2126; x_wconf 84' lang='grc' dir='ltr'>παρ’</span> <span class='ocrx_word' id='word_1_641' title='bbox 1095 2090 1202 2125; x_wconf 77' lang='grc' dir='ltr'>ἐκείνης</span> <span class='ocrx_word' id='word_1_642' title='bbox 1219 2090 1365 2117; x_wconf 81' lang='grc' dir='ltr'>εὐθετοῦσα</span> <span class='ocrx_word' id='word_1_643' title='bbox 1380 2090 1414 2116; x_wconf 87' lang='grc' dir='ltr'><strong>τά</strong></span> <span class='ocrx_word' id='word_1_644' title='bbox 1429 2089 1489 2116; x_wconf 76' lang='grc' dir='ltr'>καθ’</span> <span class='ocrx_word' id='word_1_645' title='bbox 1503 2090 1602 2124; x_wconf 88' lang='grc' dir='ltr'>αὑτήν.</span> 
     </span>
    </p>
   </div>
   <div class='ocr_carea' id='block_1_87' title="bbox 1050 2127 1811 2172">
    <p class='ocr_par' dir='ltr' id='par_1_87' title="bbox 1050 2127 1811 2172">
     <span class='ocr_line' id='line_1_87' title="bbox 1050 2127 1811 2172; baseline -0.003 -9"><span class='ocrx_word' id='word_1_646' title='bbox 1050 2137 1063 2172; x_wconf 74' lang='grc' dir='ltr'><strong>ς</strong></span> <span class='ocrx_word' id='word_1_647' title='bbox 1083 2136 1132 2164; x_wconf 73' lang='lat' dir='ltr'><strong>lx.</strong></span> <span class='ocrx_word' id='word_1_648' title='bbox 1148 2137 1185 2163; x_wconf 71' lang='grc' dir='ltr'>Τὸ</span> <span class='ocrx_word' id='word_1_649' title='bbox 1206 2127 1239 2163; x_wconf 53' lang='grc' dir='ltr'><strong>’δὲ</strong></span> <span class='ocrx_word' id='word_1_650' title='bbox 1260 2135 1372 2172; x_wconf 80' lang='grc' dir='ltr'>κράζειν</span> <span class='ocrx_word' id='word_1_651' title='bbox 1394 2136 1487 2170; x_wconf 72' lang='grc' dir='ltr'>ἕτερον</span> <span class='ocrx_word' id='word_1_652' title='bbox 1502 2137 1571 2171; x_wconf 83' lang='grc' dir='ltr'>πρὸς</span> <span class='ocrx_word' id='word_1_653' title='bbox 1591 2136 1636 2161; x_wconf 78' lang='grc' dir='ltr'><strong>τὸν</strong></span> <span class='ocrx_word' id='word_1_654' title='bbox 1650 2135 1759 2171; x_wconf 68' lang='grc' dir='ltr'>ἕτερον,</span> <span class='ocrx_word' id='word_1_655' title='bbox 1778 2135 1811 2162; x_wconf 78' lang='grc' dir='ltr'>τὸ</span> 
     </span>
    </p>
   </div>
   <div class='ocr_carea' id='block_1_88' title="bbox 1013 2181 1716 2219">
    <p class='ocr_par' dir='ltr' id='par_1_88' title="bbox 1013 2181 1716 2219">
     <span class='ocr_line' id='line_1_88' title="bbox 1013 2181 1716 2219; baseline -0.003 -10"><span class='ocrx_word' id='word_1_656' title='bbox 1013 2183 1063 2219; x_wconf 81' lang='grc' dir='ltr'>τῆς</span> <span class='ocrx_word' id='word_1_657' title='bbox 1080 2183 1248 2219; x_wconf 72' lang='grc' dir='ltr'>μεταδόσεως</span> <span class='ocrx_word' id='word_1_658' title='bbox 1262 2183 1315 2209; x_wconf 84' lang='grc' dir='ltr'>τῶν</span> <span class='ocrx_word' id='word_1_659' title='bbox 1326 2183 1444 2218; x_wconf 90' lang='grc' dir='ltr'>νοήσεων</span> <span class='ocrx_word' id='word_1_660' title='bbox 1457 2181 1571 2216; x_wconf 76' lang='grc' dir='ltr'>ἄφθονον</span> <span class='ocrx_word' id='word_1_661' title='bbox 1587 2183 1716 2217; x_wconf 83' lang='grc' dir='ltr'>παριστᾷ.</span> 
     </span>
    </p>
   </div>
   <div class='ocr_carea' id='block_1_89' title="bbox 213 2229 968 2268">
    <p class='ocr_par' dir='ltr' id='par_1_89' title="bbox 213 2231 965 2268">
     <span class='ocr_line' id='line_1_89' title="bbox 213 2231 965 2268; baseline 0.001 -9"><span class='ocrx_word' id='word_1_662' title='bbox 213 2233 228 2268; x_wconf 66' lang='grc' dir='ltr'><strong>ς</strong></span> <span class='ocrx_word' id='word_1_663' title='bbox 258 2232 290 2259; x_wconf 83' lang='grc' dir='ltr'><strong>Χ.</strong></span> <span class='ocrx_word' id='word_1_664' title='bbox 311 2232 446 2260; x_wconf 70' lang='grc' dir='ltr'>(Ξιιξιθτυιιι</span> <span class='ocrx_word' id='word_1_665' title='bbox 470 2240 531 2260; x_wconf 89' lang='lat' dir='ltr'><strong>cum</strong></span> <span class='ocrx_word' id='word_1_666' title='bbox 557 2231 690 2259; x_wconf 84' lang='lat' dir='ltr'><strong>Hebraica</strong></span> <span class='ocrx_word' id='word_1_667' title='bbox 713 2240 821 2267; x_wconf 81' lang='lat' dir='ltr'><strong>quoque</strong></span> <span class='ocrx_word' id='word_1_668' title='bbox 849 2232 965 2260; x_wconf 86' lang='lat' dir='ltr'><strong>dialecto</strong></span> 
     </span>
    </p>
   </div>
   <div class='ocr_carea' id='block_1_90' title="bbox 1022 2229 1809 2268">
    <p class='ocr_par' dir='ltr' id='par_1_90' title="bbox 1052 2229 1809 2265">
     <span class='ocr_line' id='line_1_90' title="bbox 1052 2229 1809 2265; baseline -0.003 -9"><span class='ocrx_word' id='word_1_669' title='bbox 1052 2230 1066 2265; x_wconf 59' lang='grc' dir='ltr'>ᾗ</span> <span class='ocrx_word' id='word_1_670' title='bbox 1083 2229 1114 2256; x_wconf 83' lang='grc' dir='ltr'><strong>Χ.</strong></span> <span class='ocrx_word' id='word_1_671' title='bbox 1133 2230 1209 2256; x_wconf 73' lang='grc' dir='ltr'>Ἐπεὶ</span> <span class='ocrx_word' id='word_1_672' title='bbox 1221 2229 1249 2256; x_wconf 80' lang='grc' dir='ltr'>δὲ</span> <span class='ocrx_word' id='word_1_673' title='bbox 1263 2230 1308 2256; x_wconf 83' lang='grc' dir='ltr'>καὶ</span> <span class='ocrx_word' id='word_1_674' title='bbox 1319 2229 1486 2263; x_wconf 80' lang='grc' dir='ltr'>ἑμπρησταὶ</span> <span class='ocrx_word' id='word_1_675' title='bbox 1500 2229 1547 2256; x_wconf 69' lang='grc' dir='ltr'><strong>καὶ</strong></span> <span class='ocrx_word' id='word_1_676' title='bbox 1559 2229 1765 2263; x_wconf 77' lang='grc' dir='ltr'>θερμαίνοντες</span> <span class='ocrx_word' id='word_1_677' title='bbox 1776 2229 1809 2254; x_wconf 71' lang='grc' dir='ltr'>ἐκ</span> 
     </span>
    </p>
   </div>
   <div class='ocr_carea' id='block_1_91' title="bbox 175 2275 963 2313">
    <p class='ocr_par' dir='ltr' id='par_1_91' title="bbox 175 2275 963 2313">
     <span class='ocr_line' id='line_1_91' title="bbox 175 2275 963 2313; baseline -0.001 -8"><span class='ocrx_word' id='word_1_678' title='bbox 175 2275 360 2306; x_wconf 67' lang='grc' dir='ltr'>ίηεειηοτείει</span> <span class='ocrx_word' id='word_1_679' title='bbox 371 2278 551 2312; x_wconf 77' lang='lat' dir='ltr'><strong>calefac‘entes</strong></span> <span class='ocrx_word' id='word_1_680' title='bbox 565 2278 788 2311; x_wconf 83' lang='lat' dir='ltr'><strong>interpretentur,</strong></span> <span class='ocrx_word' id='word_1_681' title='bbox 804 2279 867 2306; x_wconf 90' lang='lat' dir='ltr'><strong>hinc</strong></span> <span class='ocrx_word' id='word_1_682' title='bbox 880 2279 963 2313; x_wconf 78' lang='lat' dir='ltr'><strong>signi-</strong></span> 
     </span>
    </p>
   </div>
   <div class='ocr_carea' id='block_1_92' title="bbox 175 2323 962 2358">
    <p class='ocr_par' dir='ltr' id='par_1_92' title="bbox 175 2323 962 2358">
     <span class='ocr_line' id='line_1_92' title="bbox 175 2323 962 2358; baseline 0 -8"><span class='ocrx_word' id='word_1_683' title='bbox 175 2324 273 2350; x_wconf 81' lang='lat' dir='ltr'><strong>ticatur</strong></span> <span class='ocrx_word' id='word_1_684' title='bbox 289 2324 329 2350; x_wconf 84' lang='lat' dir='ltr'><strong>vis</strong></span> <span class='ocrx_word' id='word_1_685' title='bbox 353 2323 460 2350; x_wconf 87' lang='lat' dir='ltr'><strong>illorum</strong></span> <span class='ocrx_word' id='word_1_686' title='bbox 476 2331 590 2350; x_wconf 85' lang='lat' dir='ltr'><strong>.sursum</strong></span> <span class='ocrx_word' id='word_1_687' title='bbox 607 2323 747 2350; x_wconf 83' lang='lat' dir='ltr'><strong>attollendi</strong></span> <span class='ocrx_word' id='word_1_688' title='bbox 764 2331 812 2358; x_wconf 90' lang='lat' dir='ltr'><strong>per</strong></span> <span class='ocrx_word' id='word_1_689' title='bbox 833 2324 962 2356; x_wconf 78' lang='lat' dir='ltr'><strong>unguenti</strong></span> 
     </span>
    </p>
   </div>
   <div class='ocr_carea' id='block_1_93' title="bbox 175 2369 961 2406">
    <p class='ocr_par' dir='ltr' id='par_1_93' title="bbox 175 2369 961 2406">
     <span class='ocr_line' id='line_1_93' title="bbox 175 2369 961 2406; baseline -0.001 -9"><span class='ocrx_word' id='word_1_690' title='bbox 175 2370 314 2406; x_wconf 81' lang='lat' dir='ltr'><strong>spiritales</strong></span> <span class='ocrx_word' id='word_1_691' title='bbox 325 2369 547 2401; x_wconf 79' lang='lat' dir='ltr'><strong>distributiones;</strong></span> <span class='ocrx_word' id='word_1_692' title='bbox 561 2369 693 2404; x_wconf 87' lang='lat' dir='ltr'><strong>siquidem</strong></span> <span class='ocrx_word' id='word_1_693' title='bbox 711 2370 801 2396; x_wconf 81' lang='lat' dir='ltr'><strong>omnis</strong></span> <span class='ocrx_word' id='word_1_694' title='bbox 814 2369 961 2404; x_wconf 76' lang='lat' dir='ltr'><strong>fragrantia</strong></span> 
     </span>
    </p>
   </div>
   <div class='ocr_carea' id='block_1_94' title="bbox 174 2414 960 2450">
    <p class='ocr_par' dir='ltr' id='par_1_94' title="bbox 174 2414 960 2450">
     <span class='ocr_line' id='line_1_94' title="bbox 174 2414 960 2450; baseline 0.003 -8"><span class='ocrx_word' id='word_1_695' title='bbox 174 2415 264 2443; x_wconf 84' lang='lat' dir='ltr'><strong>calore</strong></span> <span class='ocrx_word' id='word_1_696' title='bbox 276 2415 346 2450; x_wconf 73' lang='lat' dir='ltr'><strong>ignis</strong></span> <span class='ocrx_word' id='word_1_697' title='bbox 358 2414 487 2442; x_wconf 89' lang='lat' dir='ltr'><strong>dissoluta</strong></span> <span class='ocrx_word' id='word_1_698' title='bbox 502 2422 616 2449; x_wconf 86' lang='lat' dir='ltr'><strong>vapores</strong></span> <span class='ocrx_word' id='word_1_699' title='bbox 625 2415 744 2447; x_wconf 72' lang='lat' dir='ltr'><strong>excitat;</strong></span> <span class='ocrx_word' id='word_1_700' title='bbox 757 2423 818 2442; x_wconf 90' lang='lat' dir='ltr'><strong>nam</strong></span> <span class='ocrx_word' id='word_1_701' title='bbox 835 2423 960 2450; x_wconf 82' lang='lat' dir='ltr'><strong>suprema</strong></span> 
     </span>
    </p>
   </div>
   <div class='ocr_carea' id='block_1_95' title="bbox 171 2460 962 2496">
    <p class='ocr_par' dir='ltr' id='par_1_95' title="bbox 171 2460 962 2496">
     <span class='ocr_line' id='line_1_95' title="bbox 171 2460 962 2496; baseline 0.001 -8"><span class='ocrx_word' id='word_1_702' title='bbox 171 2461 217 2488; x_wconf 83' lang='lat' dir='ltr'><strong>illa</strong></span> <span class='ocrx_word' id='word_1_703' title='bbox 248 2460 427 2495; x_wconf 68' lang='lat' dir='ltr'><strong>ﬂagransque</strong></span> <span class='ocrx_word' id='word_1_704' title='bbox 458 2464 553 2486; x_wconf 83' lang='lat' dir='ltr'><strong>natura</strong></span> <span class='ocrx_word' id='word_1_705' title='bbox 575 2460 609 2487; x_wconf 72' lang='lat' dir='ltr'><strong>ai.</strong></span> <span class='ocrx_word' id='word_1_706' title='bbox 635 2460 727 2494; x_wconf 78' lang='lat' dir='ltr'><strong>ignitis</strong></span> <span class='ocrx_word' id='word_1_707' title='bbox 755 2461 962 2496; x_wconf 74' lang='lat' dir='ltr'><strong>purissimisque</strong></span> 
     </span>
    </p>
   </div>
   <div class='ocr_carea' id='block_1_96' title="bbox 170 2505 959 2540">
    <p class='ocr_par' dir='ltr' id='par_1_96' title="bbox 170 2505 959 2540">
     <span class='ocr_line' id='line_1_96' title="bbox 170 2505 959 2540; baseline 0 -6"><span class='ocrx_word' id='word_1_708' title='bbox 170 2507 311 2534; x_wconf 80' lang='lat' dir='ltr'><strong>utentibus</strong></span> <span class='ocrx_word' id='word_1_709' title='bbox 332 2506 366 2533; x_wconf 86' lang='lat' dir='ltr'><strong>ad</strong></span> <span class='ocrx_word' id='word_1_710' title='bbox 389 2505 519 2540; x_wconf 80' lang='lat' dir='ltr'><strong>spiritalis</strong></span> <span class='ocrx_word' id='word_1_711' title='bbox 533 2514 588 2533; x_wconf 75' lang='lat' dir='ltr'><strong>sua:</strong></span> <span class='ocrx_word' id='word_1_712' title='bbox 601 2506 775 2540; x_wconf 84' lang='lat' dir='ltr'><strong>aspirationis</strong></span> <span class='ocrx_word' id='word_1_713' title='bbox 788 2507 959 2535; x_wconf 80' lang='lat' dir='ltr'><strong>diﬂ&#39;usioncm</strong></span> 
     </span>
    </p>
   </div>
   <div class='ocr_carea' id='block_1_97' title="bbox 169 2553 961 2589">
    <p class='ocr_par' dir='ltr' id='par_1_97' title="bbox 169 2553 961 2589">
     <span class='ocr_line' id='line_1_97' title="bbox 169 2553 961 2589; baseline 0.003 -9"><span class='ocrx_word' id='word_1_714' title='bbox 169 2560 243 2581; x_wconf 76' lang='lat' dir='ltr'><strong>amat</strong></span> <span class='ocrx_word' id='word_1_715' title='bbox 259 2554 413 2589; x_wconf 87' lang='lat' dir='ltr'><strong>provocari,</strong></span> <span class='ocrx_word' id='word_1_716' title='bbox 430 2554 502 2580; x_wconf 88' lang='lat' dir='ltr'><strong>unde</strong></span> <span class='ocrx_word' id='word_1_717' title='bbox 521 2554 604 2580; x_wconf 85' lang='lat' dir='ltr'><strong>etiam</strong></span> <span class='ocrx_word' id='word_1_718' title='bbox 626 2553 685 2580; x_wconf 81' lang='lat' dir='ltr'><strong>illas</strong></span> <span class='ocrx_word' id='word_1_719' title='bbox 708 2554 795 2581; x_wconf 86' lang='lat' dir='ltr'><strong>reddit</strong></span> <span class='ocrx_word' id='word_1_720' title='bbox 816 2555 961 2589; x_wconf 84' lang='lat' dir='ltr'><strong>participes</strong></span> 
     </span>
    </p>
   </div>
   <div class='ocr_carea' id='block_1_98' title="bbox 168 2600 957 2636">
    <p class='ocr_par' dir='ltr' id='par_1_98' title="bbox 168 2600 957 2636">
     <span class='ocr_line' id='line_1_98' title="bbox 168 2600 957 2636; baseline 0.003 -9"><span class='ocrx_word' id='word_1_721' title='bbox 168 2601 259 2635; x_wconf 75' lang='lat' dir='ltr'><strong>gaudii</strong></span> <span class='ocrx_word' id='word_1_722' title='bbox 286 2608 368 2635; x_wconf 84' lang='lat' dir='ltr'><strong>super</strong></span> <span class='ocrx_word' id='word_1_723' title='bbox 393 2608 446 2627; x_wconf 92' lang='lat' dir='ltr'><strong>uno</strong></span> <span class='ocrx_word' id='word_1_724' title='bbox 469 2604 613 2634; x_wconf 77' lang='lat' dir='ltr'><strong>percatore</strong></span> <span class='ocrx_word' id='word_1_725' title='bbox 635 2600 824 2634; x_wconf 76' lang='lat' dir='ltr'><strong>paenitentiam</strong></span> <span class='ocrx_word' id='word_1_726' title='bbox 851 2607 957 2636; x_wconf 75' lang='lat' dir='ltr'><strong>agente.</strong></span> 
     </span>
    </p>
   </div>
   <div class='ocr_carea' id='block_1_99' title="bbox 168 2645 958 2683">
    <p class='ocr_par' dir='ltr' id='par_1_99' title="bbox 168 2645 958 2683">
     <span class='ocr_line' id='line_1_99' title="bbox 168 2645 958 2683; baseline 0 -9"><span class='ocrx_word' id='word_1_727' title='bbox 168 2647 348 2683; x_wconf 64' lang='lat' dir='ltr'><strong>Nequaquam</strong></span> <span class='ocrx_word' id='word_1_728' title='bbox 368 2647 458 2680; x_wconf 80' lang='lat' dir='ltr'><strong>itaque</strong></span> <span class='ocrx_word' id='word_1_729' title='bbox 479 2645 566 2680; x_wconf 74' lang='lat' dir='ltr'><strong>angeli</strong></span> <span class='ocrx_word' id='word_1_730' title='bbox 585 2645 744 2679; x_wconf 79' lang='lat' dir='ltr'><strong>ignorabant</strong></span> <span class='ocrx_word' id='word_1_731' title='bbox 766 2647 852 2681; x_wconf 90' lang='lat' dir='ltr'><strong>ipsum</strong></span> <span class='ocrx_word' id='word_1_732' title='bbox 867 2646 958 2674; x_wconf 85' lang='lat' dir='ltr'><strong>Jesum</strong></span> 
     </span>
    </p>
   </div>
   <div class='ocr_carea' id='block_1_100' title="bbox 170 2692 958 2729">
    <p class='ocr_par' dir='ltr' id='par_1_100' title="bbox 170 2692 958 2729">
     <span class='ocr_line' id='line_1_100' title="bbox 170 2692 958 2729; baseline 0.001 -9"><span class='ocrx_word' id='word_1_733' title='bbox 170 2695 216 2729; x_wconf 89' lang='lat' dir='ltr'><strong>qui</strong></span> <span class='ocrx_word' id='word_1_734' title='bbox 243 2693 404 2724; x_wconf 79' lang='lat' dir='ltr'><strong>sanctiﬁcat,</strong></span> <span class='ocrx_word' id='word_1_735' title='bbox 432 2693 576 2727; x_wconf 84' lang='lat' dir='ltr'><strong>aliquando</strong></span> <span class='ocrx_word' id='word_1_736' title='bbox 600 2692 700 2726; x_wconf 83' lang='lat' dir='ltr'><strong>etiam,</strong></span> <span class='ocrx_word' id='word_1_737' title='bbox 725 2700 786 2720; x_wconf 89' lang='lat' dir='ltr'><strong>cum</strong></span> <span class='ocrx_word' id='word_1_738' title='bbox 811 2694 958 2721; x_wconf 86' lang='lat' dir='ltr'><strong>secundum</strong></span> 
     </span>
    </p>
   </div>
   <div class='ocr_carea' id='block_1_101' title="bbox 170 2738 958 2775">
    <p class='ocr_par' dir='ltr' id='par_1_101' title="bbox 170 2738 958 2775">
     <span class='ocr_line' id='line_1_101' title="bbox 170 2738 958 2775; baseline 0 -7"><span class='ocrx_word' id='word_1_739' title='bbox 170 2741 242 2775; x_wconf 86' lang='lat' dir='ltr'><strong>quod</strong></span> <span class='ocrx_word' id='word_1_740' title='bbox 265 2741 346 2768; x_wconf 85' lang='lat' dir='ltr'><strong>homo</strong></span> <span class='ocrx_word' id='word_1_741' title='bbox 367 2744 410 2768; x_wconf 83' lang='lat' dir='ltr'><strong>est</strong></span> <span class='ocrx_word' id='word_1_742' title='bbox 432 2738 629 2773; x_wconf 82' lang='lat' dir='ltr'><strong>baptizaretur,</strong></span> <span class='ocrx_word' id='word_1_743' title='bbox 658 2739 857 2767; x_wconf 70' lang='lat' dir='ltr'><strong>sanctiﬁcatum</strong></span> <span class='ocrx_word' id='word_1_744' title='bbox 887 2747 958 2768; x_wconf 88' lang='lat' dir='ltr'><strong>esse.</strong></span> 
     </span>
    </p>
   </div>
   <div class='ocr_carea' id='block_1_102' title="bbox 171 2785 958 2820">
    <p class='ocr_par' dir='ltr' id='par_1_102' title="bbox 171 2785 958 2820">
     <span class='ocr_line' id='line_1_102' title="bbox 171 2785 958 2820; baseline -0.001 -5"><span class='ocrx_word' id='word_1_745' title='bbox 171 2789 237 2815; x_wconf 74' lang='lat' dir='ltr'><strong>Nota</strong></span> <span class='ocrx_word' id='word_1_746' title='bbox 252 2795 316 2814; x_wconf 85' lang='lat' dir='ltr'><strong>vero</strong></span> <span class='ocrx_word' id='word_1_747' title='bbox 326 2786 471 2813; x_wconf 82' lang='lat' dir='ltr'><strong>verborum</strong></span> <span class='ocrx_word' id='word_1_748' title='bbox 485 2785 687 2812; x_wconf 81' lang='lat' dir='ltr'><strong>accurationem</strong></span> <span class='ocrx_word' id='word_1_749' title='bbox 703 2786 839 2820; x_wconf 89' lang='lat' dir='ltr'><strong>quomodo</strong></span> <span class='ocrx_word' id='word_1_750' title='bbox 850 2794 958 2820; x_wconf 86' lang='lat' dir='ltr'><strong>quoque</strong></span> 
     </span>
    </p>
   </div>
   <div class='ocr_carea' id='block_1_103' title="bbox 168 2831 958 2866">
    <p class='ocr_par' dir='ltr' id='par_1_103' title="bbox 168 2831 958 2866">
     <span class='ocr_line' id='line_1_103' title="bbox 168 2831 958 2866; baseline -0.005 -5"><span class='ocrx_word' id='word_1_751' title='bbox 168 2835 260 2862; x_wconf 86' lang='lat' dir='ltr'><strong>carnis</strong></span> <span class='ocrx_word' id='word_1_752' title='bbox 288 2832 468 2860; x_wconf 84' lang='lat' dir='ltr'><strong>diti&#39;erentiam</strong></span> <span class='ocrx_word' id='word_1_753' title='bbox 495 2831 621 2858; x_wconf 80' lang='lat' dir='ltr'><strong>servnrit.</strong></span> <span class='ocrx_word' id='word_1_754' title='bbox 650 2831 718 2858; x_wconf 84' lang='lat' dir='ltr'><strong>Nam</strong></span> <span class='ocrx_word' id='word_1_755' title='bbox 743 2831 838 2862; x_wconf 80' lang='lat' dir='ltr'><strong>Jesus.</strong></span> <span class='ocrx_word' id='word_1_756' title='bbox 859 2832 903 2866; x_wconf 87' lang='lat' dir='ltr'><strong>qui</strong></span> <span class='ocrx_word' id='word_1_757' title='bbox 930 2835 958 2857; x_wconf 91' lang='lat' dir='ltr'><strong>ut</strong></span> 
     </span>
    </p>
   </div>
   <div class='ocr_carea' id='block_1_104' title="bbox 169 2878 956 2913">
    <p class='ocr_par' dir='ltr' id='par_1_104' title="bbox 169 2878 956 2913">
     <span class='ocr_line' id='line_1_104' title="bbox 169 2878 956 2913; baseline -0.006 -4"><span class='ocrx_word' id='word_1_758' title='bbox 169 2881 239 2909; x_wconf 69' lang='lat' dir='ltr'><strong>Deus</strong></span> <span class='ocrx_word' id='word_1_759' title='bbox 257 2881 347 2907; x_wconf 85' lang='lat' dir='ltr'><strong>omnia</strong></span> <span class='ocrx_word' id='word_1_760' title='bbox 362 2880 525 2911; x_wconf 77' lang='lat' dir='ltr'><strong>sanctificat,</strong></span> <span class='ocrx_word' id='word_1_761' title='bbox 540 2883 568 2906; x_wconf 87' lang='lat' dir='ltr'><strong>ut</strong></span> <span class='ocrx_word' id='word_1_762' title='bbox 586 2879 668 2905; x_wconf 81' lang='lat' dir='ltr'><strong>homo</strong></span> <span class='ocrx_word' id='word_1_763' title='bbox 682 2886 789 2913; x_wconf 89' lang='lat' dir='ltr'><strong>quoque</strong></span> <span class='ocrx_word' id='word_1_764' title='bbox 802 2878 956 2905; x_wconf 81' lang='lat' dir='ltr'><strong>sanctiﬁca-</strong></span> 
     </span>
    </p>
   </div>
   <div class='ocr_carea' id='block_1_105' title="bbox 1014 2273 1806 2312">
    <p class='ocr_par' dir='ltr' id='par_1_105' title="bbox 1014 2273 1806 2312">
     <span class='ocr_line' id='line_1_105' title="bbox 1014 2273 1806 2312; baseline -0.004 -10"><span class='ocrx_word' id='word_1_765' title='bbox 1014 2277 1062 2312; x_wconf 84' lang='grc' dir='ltr'>τῆς</span> <span class='ocrx_word' id='word_1_766' title='bbox 1083 2276 1228 2312; x_wconf 72' lang='grc' dir='ltr'>Ἐϐραϊκῆς</span> <span class='ocrx_word' id='word_1_767' title='bbox 1240 2276 1379 2302; x_wconf 78' lang='grc' dir='ltr'>διαλέκτου</span> <span class='ocrx_word' id='word_1_768' title='bbox 1394 2274 1657 2310; x_wconf 77' lang='grc' dir='ltr'>μεθερμηνεύονται,</span> <span class='ocrx_word' id='word_1_769' title='bbox 1680 2273 1806 2310; x_wconf 73' lang='grc' dir='ltr'>δηλοῦται</span> 
     </span>
    </p>
   </div>
   <div class='ocr_carea' id='block_1_106' title="bbox 1014 2320 1808 2357">
    <p class='ocr_par' dir='ltr' id='par_1_106' title="bbox 1014 2320 1808 2357">
     <span class='ocr_line' id='line_1_106' title="bbox 1014 2320 1808 2357; baseline -0.006 -7"><span class='ocrx_word' id='word_1_770' title='bbox 1014 2322 1137 2349; x_wconf 72' lang='grc' dir='ltr'>ἐντεῦθεν</span> <span class='ocrx_word' id='word_1_771' title='bbox 1145 2323 1175 2349; x_wconf 84' lang='grc' dir='ltr'>τὸ</span> <span class='ocrx_word' id='word_1_772' title='bbox 1193 2322 1382 2357; x_wconf 75' lang='grc' dir='ltr'>ἁνακινητικὺν</span> <span class='ocrx_word' id='word_1_773' title='bbox 1396 2321 1486 2347; x_wconf 78' lang='grc' dir='ltr'>αὐτῶν</span> <span class='ocrx_word' id='word_1_774' title='bbox 1501 2320 1555 2346; x_wconf 80' lang='grc' dir='ltr'>τῶν</span> <span class='ocrx_word' id='word_1_775' title='bbox 1574 2320 1621 2346; x_wconf 82' lang='grc' dir='ltr'>τοῦ</span> <span class='ocrx_word' id='word_1_776' title='bbox 1638 2320 1723 2355; x_wconf 87' lang='grc' dir='ltr'>μύρου</span> <span class='ocrx_word' id='word_1_777' title='bbox 1745 2327 1808 2354; x_wconf 84' lang='grc' dir='ltr'>νοη-</span> 
     </span>
    </p>
   </div>
   <div class='ocr_carea' id='block_1_107' title="bbox 1012 2365 1806 2403">
    <p class='ocr_par' dir='ltr' id='par_1_107' title="bbox 1012 2365 1806 2403">
     <span class='ocr_line' id='line_1_107' title="bbox 1012 2365 1806 2403; baseline -0.005 -8"><span class='ocrx_word' id='word_1_778' title='bbox 1012 2369 1067 2395; x_wconf 87' lang='grc' dir='ltr'>τῶν</span> <span class='ocrx_word' id='word_1_779' title='bbox 1090 2369 1250 2396; x_wconf 70' lang='grc' dir='ltr'>διαδόσεων*</span> <span class='ocrx_word' id='word_1_780' title='bbox 1264 2369 1297 2403; x_wconf 85' lang='grc' dir='ltr'>τῇ</span> <span class='ocrx_word' id='word_1_781' title='bbox 1308 2368 1395 2403; x_wconf 77' lang='grc' dir='ltr'>θέρμῃ</span> <span class='ocrx_word' id='word_1_782' title='bbox 1412 2367 1467 2402; x_wconf 88' lang='grc' dir='ltr'>γὰρ</span> <span class='ocrx_word' id='word_1_783' title='bbox 1483 2366 1530 2393; x_wconf 83' lang='grc' dir='ltr'>τοῦ</span> <span class='ocrx_word' id='word_1_784' title='bbox 1553 2366 1638 2402; x_wconf 73' lang='grc' dir='ltr'>πυρὸς</span> <span class='ocrx_word' id='word_1_785' title='bbox 1659 2367 1714 2392; x_wconf 83' lang='grc' dir='ltr'>πᾶν</span> <span class='ocrx_word' id='word_1_786' title='bbox 1735 2365 1806 2392; x_wconf 60' lang='lat' dir='ltr'><strong>eiul»</strong></span> 
     </span>
    </p>
   </div>
   <div class='ocr_carea' id='block_1_108' title="bbox 1012 2411 1806 2450">
    <p class='ocr_par' dir='ltr' id='par_1_108' title="bbox 1012 2411 1806 2450">
     <span class='ocr_line' id='line_1_108' title="bbox 1012 2411 1806 2450; baseline -0.005 -8"><span class='ocrx_word' id='word_1_787' title='bbox 1012 2415 1056 2447; x_wconf 79' lang='grc' dir='ltr'><strong>δες</strong></span> <span class='ocrx_word' id='word_1_788' title='bbox 1075 2415 1256 2450; x_wconf 83' lang='grc' dir='ltr'>ἀναλυόμενον</span> <span class='ocrx_word' id='word_1_789' title='bbox 1272 2416 1335 2446; x_wconf 79' lang='grc' dir='ltr'>τοὺς</span> <span class='ocrx_word' id='word_1_790' title='bbox 1359 2414 1462 2449; x_wconf 79' lang='grc' dir='ltr'>ἀτμοὺς</span> <span class='ocrx_word' id='word_1_791' title='bbox 1482 2413 1641 2440; x_wconf 84' lang='grc' dir='ltr'>ἀναδίδωσι·</span> <span class='ocrx_word' id='word_1_792' title='bbox 1658 2412 1730 2446; x_wconf 83' lang='grc' dir='ltr'>φιλεῖ</span> <span class='ocrx_word' id='word_1_793' title='bbox 1750 2411 1806 2446; x_wconf 79' lang='grc' dir='ltr'><strong>γὰρ</strong></span> 
     </span>
    </p>
   </div>
   <div class='ocr_carea' id='block_1_109' title="bbox 1012 2458 1805 2497">
    <p class='ocr_par' dir='ltr' id='par_1_109' title="bbox 1012 2458 1805 2497">
     <span class='ocr_line' id='line_1_109' title="bbox 1012 2458 1805 2497; baseline -0.005 -8"><span class='ocrx_word' id='word_1_794' title='bbox 1012 2463 1028 2497; x_wconf 84' lang='grc' dir='ltr'>ἡ</span> <span class='ocrx_word' id='word_1_795' title='bbox 1054 2462 1192 2497; x_wconf 80' lang='grc' dir='ltr'>ὑπερτάτη</span> <span class='ocrx_word' id='word_1_796' title='bbox 1212 2462 1259 2488; x_wconf 80' lang='grc' dir='ltr'>καὶ</span> <span class='ocrx_word' id='word_1_797' title='bbox 1280 2461 1382 2496; x_wconf 84' lang='grc' dir='ltr'>εὐώδης</span> <span class='ocrx_word' id='word_1_798' title='bbox 1401 2460 1478 2487; x_wconf 82' lang='grc' dir='ltr'>οὐσία</span> <span class='ocrx_word' id='word_1_799' title='bbox 1500 2459 1576 2495; x_wconf 83' lang='grc' dir='ltr'><strong>παρά</strong></span> <span class='ocrx_word' id='word_1_800' title='bbox 1597 2459 1650 2485; x_wconf 85' lang='grc' dir='ltr'>τῶν</span> <span class='ocrx_word' id='word_1_801' title='bbox 1665 2458 1805 2494; x_wconf 84' lang='grc' dir='ltr'>διαπύρων</span> 
     </span>
    </p>
   </div>
   <div class='ocr_carea' id='block_1_110' title="bbox 1012 2504 1804 2543">
    <p class='ocr_par' dir='ltr' id='par_1_110' title="bbox 1012 2504 1804 2543">
     <span class='ocr_line' id='line_1_110' title="bbox 1012 2504 1804 2543; baseline -0.006 -9"><span class='ocrx_word' id='word_1_802' title='bbox 1012 2507 1059 2534; x_wconf 81' lang='grc' dir='ltr'>καὶ</span> <span class='ocrx_word' id='word_1_803' title='bbox 1073 2508 1274 2543; x_wconf 84' lang='grc' dir='ltr'>καθαρωτάτων</span> <span class='ocrx_word' id='word_1_804' title='bbox 1285 2507 1354 2533; x_wconf 83' lang='grc' dir='ltr'>νοῶν</span> <span class='ocrx_word' id='word_1_805' title='bbox 1365 2505 1509 2535; x_wconf 81' lang='grc' dir='ltr'>κινεῖσθαι,</span> <span class='ocrx_word' id='word_1_806' title='bbox 1522 2506 1562 2536; x_wconf 73' lang='grc' dir='ltr'>εἰς</span> <span class='ocrx_word' id='word_1_807' title='bbox 1581 2505 1630 2540; x_wconf 78' lang='grc' dir='ltr'>τὴν</span> <span class='ocrx_word' id='word_1_808' title='bbox 1639 2504 1689 2539; x_wconf 83' lang='grc' dir='ltr'>τῆς</span> <span class='ocrx_word' id='word_1_809' title='bbox 1703 2504 1804 2539; x_wconf 85' lang='grc' dir='ltr'>νοητῆς</span> 
     </span>
    </p>
   </div>
   <div class='ocr_carea' id='block_1_111' title="bbox 1011 2549 1805 2588">
    <p class='ocr_par' dir='ltr' id='par_1_111' title="bbox 1011 2549 1805 2588">
     <span class='ocr_line' id='line_1_111' title="bbox 1011 2549 1805 2588; baseline -0.008 -8"><span class='ocrx_word' id='word_1_810' title='bbox 1011 2553 1098 2588; x_wconf 82' lang='grc' dir='ltr'>αὐτῆς</span> <span class='ocrx_word' id='word_1_811' title='bbox 1121 2552 1264 2584; x_wconf 84' lang='grc' dir='ltr'>ἐπιπνοίας</span> <span class='ocrx_word' id='word_1_812' title='bbox 1288 2551 1422 2583; x_wconf 87' lang='grc' dir='ltr'>διάδοσιν,</span> <span class='ocrx_word' id='word_1_813' title='bbox 1443 2551 1510 2578; x_wconf 84' lang='grc' dir='ltr'>ὅπου</span> <span class='ocrx_word' id='word_1_814' title='bbox 1538 2559 1569 2585; x_wconf 88' lang='grc' dir='ltr'><strong>γε</strong></span> <span class='ocrx_word' id='word_1_815' title='bbox 1593 2550 1640 2577; x_wconf 77' lang='grc' dir='ltr'>καὶ</span> <span class='ocrx_word' id='word_1_816' title='bbox 1659 2549 1805 2582; x_wconf 81' lang='grc' dir='ltr'>κοινωνοὺς</span> 
     </span>
    </p>
   </div>
   <div class='ocr_carea' id='block_1_112' title="bbox 1009 2596 1796 2634">
    <p class='ocr_par' dir='ltr' id='par_1_112' title="bbox 1009 2596 1796 2634">
     <span class='ocr_line' id='line_1_112' title="bbox 1009 2596 1796 2634; baseline -0.005 -9"><span class='ocrx_word' id='word_1_817' title='bbox 1009 2599 1060 2634; x_wconf 84' lang='grc' dir='ltr'>τῆς</span> <span class='ocrx_word' id='word_1_818' title='bbox 1083 2599 1251 2634; x_wconf 78' lang='grc' dir='ltr'>εὐφροσύνης</span> <span class='ocrx_word' id='word_1_819' title='bbox 1282 2598 1392 2629; x_wconf 80' lang='grc' dir='ltr'>τούτους</span> <span class='ocrx_word' id='word_1_820' title='bbox 1425 2599 1541 2624; x_wconf 80' lang='grc' dir='ltr'>ποιεῖται</span> <span class='ocrx_word' id='word_1_821' title='bbox 1568 2596 1614 2622; x_wconf 76' lang='grc' dir='ltr'><strong>ἐπὶ</strong></span> <span class='ocrx_word' id='word_1_822' title='bbox 1645 2597 1685 2623; x_wconf 78' lang='grc' dir='ltr'><strong>ἐνὶ</strong></span> <span class='ocrx_word' id='word_1_823' title='bbox 1712 2596 1796 2631; x_wconf 81' lang='grc' dir='ltr'>ἀμαρ-</span> 
     </span>
    </p>
   </div>
   <div class='ocr_carea' id='block_1_113' title="bbox 1009 2640 1804 2680">
    <p class='ocr_par' dir='ltr' id='par_1_113' title="bbox 1009 2640 1804 2680">
     <span class='ocr_line' id='line_1_113' title="bbox 1009 2640 1804 2680; baseline -0.006 -9"><span class='ocrx_word' id='word_1_824' title='bbox 1009 2645 1086 2680; x_wconf 87' lang='grc' dir='ltr'><strong>τωλῴ</strong></span> <span class='ocrx_word' id='word_1_825' title='bbox 1112 2643 1294 2680; x_wconf 84' lang='grc' dir='ltr'>μετανοοῦντι.</span> <span class='ocrx_word' id='word_1_826' title='bbox 1325 2643 1429 2670; x_wconf 78' lang='grc' dir='ltr'>Οὐκοῦν</span> <span class='ocrx_word' id='word_1_827' title='bbox 1452 2643 1506 2669; x_wconf 77' lang='grc' dir='ltr'>οὐδ’</span> <span class='ocrx_word' id='word_1_828' title='bbox 1538 2643 1614 2669; x_wconf 71' lang='grc' dir='ltr'>αὐτοὶ</span> <span class='ocrx_word' id='word_1_829' title='bbox 1639 2643 1664 2668; x_wconf 75' lang='grc' dir='ltr'>οἱ</span> <span class='ocrx_word' id='word_1_830' title='bbox 1693 2640 1804 2676; x_wconf 80' lang='grc' dir='ltr'>ἄγγελοι</span> 
     </span>
    </p>
   </div>
   <div class='ocr_carea' id='block_1_114' title="bbox 1009 2687 1802 2727">
    <p class='ocr_par' dir='ltr' id='par_1_114' title="bbox 1009 2687 1802 2727">
     <span class='ocr_line' id='line_1_114' title="bbox 1009 2687 1802 2727; baseline -0.006 -9"><span class='ocrx_word' id='word_1_831' title='bbox 1009 2693 1174 2727; x_wconf 76' lang='grc' dir='ltr'>ἠγνοήκασιν</span> <span class='ocrx_word' id='word_1_832' title='bbox 1194 2692 1235 2717; x_wconf 75' lang='grc' dir='ltr'>ὅτι</span> <span class='ocrx_word' id='word_1_833' title='bbox 1250 2692 1265 2717; x_wconf 87' lang='grc' dir='ltr'><strong>ὀ</strong></span> <span class='ocrx_word' id='word_1_834' title='bbox 1276 2690 1397 2724; x_wconf 79' lang='grc' dir='ltr'>ἁγιάζων</span> <span class='ocrx_word' id='word_1_835' title='bbox 1411 2689 1491 2721; x_wconf 74' lang='grc' dir='ltr'>αὐτὸς</span> <span class='ocrx_word' id='word_1_836' title='bbox 1513 2689 1614 2725; x_wconf 79' lang='grc' dir='ltr'>Ἰησοῦς</span> <span class='ocrx_word' id='word_1_837' title='bbox 1626 2688 1673 2715; x_wconf 69' lang='grc' dir='ltr'><strong>καὶ</strong></span> <span class='ocrx_word' id='word_1_838' title='bbox 1684 2687 1802 2723; x_wconf 81' lang='grc' dir='ltr'>ἡγιάσθη</span> 
     </span>
    </p>
   </div>
   <div class='ocr_carea' id='block_1_115' title="bbox 1009 2729 1802 2771">
    <p class='ocr_par' dir='ltr' id='par_1_115' title="bbox 1009 2729 1802 2771">
     <span class='ocr_line' id='line_1_115' title="bbox 1009 2729 1802 2771; baseline -0.008 -8"><span class='ocrx_word' id='word_1_839' title='bbox 1009 2737 1074 2763; x_wconf 83' lang='grc' dir='ltr'>ποτὲ</span> <span class='ocrx_word' id='word_1_840' title='bbox 1097 2736 1169 2763; x_wconf 84' lang='grc' dir='ltr'><strong>κατά</strong></span> <span class='ocrx_word' id='word_1_841' title='bbox 1180 2736 1210 2762; x_wconf 79' lang='grc' dir='ltr'>τὸ</span> <span class='ocrx_word' id='word_1_842' title='bbox 1228 2735 1395 2771; x_wconf 85' lang='grc' dir='ltr'>ἀνθρώπινον</span> <span class='ocrx_word' id='word_1_843' title='bbox 1408 2734 1576 2770; x_wconf 70' lang='grc' dir='ltr'>βαπτισθείς.</span> <span class='ocrx_word' id='word_1_844' title='bbox 1598 2732 1751 2769; x_wconf 81' lang='grc' dir='ltr'>Σημείωσαι</span> <span class='ocrx_word' id='word_1_845' title='bbox 1771 2729 1802 2757; x_wconf 65' lang='grc' dir='ltr'>δὲ</span> 
     </span>
    </p>
   </div>
   <div class='ocr_carea' id='block_1_116' title="bbox 1007 2777 1799 2818">
    <p class='ocr_par' dir='ltr' id='par_1_116' title="bbox 1007 2777 1799 2818">
     <span class='ocr_line' id='line_1_116' title="bbox 1007 2777 1799 2818; baseline -0.001 -10"><span class='ocrx_word' id='word_1_846' title='bbox 1007 2783 1057 2818; x_wconf 87' lang='grc' dir='ltr'>τὴν</span> <span class='ocrx_word' id='word_1_847' title='bbox 1069 2782 1122 2808; x_wconf 79' lang='grc' dir='ltr'>τῶν</span> <span class='ocrx_word' id='word_1_848' title='bbox 1139 2781 1228 2817; x_wconf 82' lang='grc' dir='ltr'>ῥητῶν</span> <span class='ocrx_word' id='word_1_849' title='bbox 1244 2781 1399 2818; x_wconf 67' lang='grc' dir='ltr'>ἀκρίϐειαν,</span> <span class='ocrx_word' id='word_1_850' title='bbox 1412 2781 1459 2808; x_wconf 83' lang='grc' dir='ltr'>καὶ</span> <span class='ocrx_word' id='word_1_851' title='bbox 1470 2780 1529 2811; x_wconf 87' lang='grc' dir='ltr'>πῶς</span> <span class='ocrx_word' id='word_1_852' title='bbox 1542 2778 1654 2814; x_wconf 79' lang='grc' dir='ltr'>ἐφύλαξε</span> <span class='ocrx_word' id='word_1_853' title='bbox 1668 2777 1718 2811; x_wconf 79' lang='grc' dir='ltr'><strong>τῆς</strong></span> <span class='ocrx_word' id='word_1_854' title='bbox 1732 2784 1799 2811; x_wconf 84' lang='grc' dir='ltr'>σαρ-</span> 
     </span>
    </p>
   </div>
   <div class='ocr_carea' id='block_1_117' title="bbox 1009 2821 1800 2864">
    <p class='ocr_par' dir='ltr' id='par_1_117' title="bbox 1009 2821 1800 2864">
     <span class='ocr_line' id='line_1_117' title="bbox 1009 2821 1800 2864; baseline -0.011 -9"><span class='ocrx_word' id='word_1_855' title='bbox 1009 2829 1055 2860; x_wconf 72' lang='grc' dir='ltr'>κὸς</span> <span class='ocrx_word' id='word_1_856' title='bbox 1077 2829 1126 2864; x_wconf 71' lang='grc' dir='ltr'><strong>τὴν</strong></span> <span class='ocrx_word' id='word_1_857' title='bbox 1146 2828 1288 2864; x_wconf 76' lang='grc' dir='ltr'>διαφοράν.</span> <span class='ocrx_word' id='word_1_858' title='bbox 1309 2828 1338 2854; x_wconf 88' lang='lat'><strong>&#39;0</strong></span> <span class='ocrx_word' id='word_1_859' title='bbox 1357 2827 1411 2862; x_wconf 85' lang='grc' dir='ltr'>γὰρ</span> <span class='ocrx_word' id='word_1_860' title='bbox 1425 2826 1545 2861; x_wconf 70' lang='grc' dir='ltr'>ἁγιάζων</span> <span class='ocrx_word' id='word_1_861' title='bbox 1564 2822 1666 2858; x_wconf 77' lang='grc' dir='ltr'>Ἰησοῦς</span> <span class='ocrx_word' id='word_1_862' title='bbox 1681 2822 1718 2853; x_wconf 82' lang='grc' dir='ltr'><strong>ὡς</strong></span> <span class='ocrx_word' id='word_1_863' title='bbox 1733 2821 1800 2853; x_wconf 75' lang='grc' dir='ltr'>Θεὸς</span> 
     </span>
    </p>
   </div>
   <div class='ocr_carea' id='block_1_118' title="bbox 1009 2865 1798 2907">
    <p class='ocr_par' dir='ltr' id='par_1_118' title="bbox 1009 2865 1798 2907">
     <span class='ocr_line' id='line_1_118' title="bbox 1009 2865 1798 2907; baseline -0.01 -7"><span class='ocrx_word' id='word_1_864' title='bbox 1009 2874 1095 2900; x_wconf 77' lang='grc' dir='ltr'>πάντα</span> <span class='ocrx_word' id='word_1_865' title='bbox 1108 2894 1114 2904; x_wconf 80' lang='grc'><strong>,</strong></span> <span class='ocrx_word' id='word_1_866' title='bbox 1137 2873 1183 2900; x_wconf 69' lang='grc' dir='ltr'>καὶ</span> <span class='ocrx_word' id='word_1_867' title='bbox 1208 2873 1288 2904; x_wconf 76' lang='grc' dir='ltr'>αὐτὸς</span> <span class='ocrx_word' id='word_1_868' title='bbox 1310 2872 1347 2903; x_wconf 75' lang='grc' dir='ltr'><strong>ὡς</strong></span> <span class='ocrx_word' id='word_1_869' title='bbox 1367 2871 1508 2907; x_wconf 81' lang='grc' dir='ltr'>ἄνθρωπος</span> <span class='ocrx_word' id='word_1_870' title='bbox 1536 2868 1653 2904; x_wconf 72' lang='grc' dir='ltr'>ἡγιάσθη</span> <span class='ocrx_word' id='word_1_871' title='bbox 1672 2867 1725 2894; x_wconf 76' lang='grc' dir='ltr'><strong>ὑπὸ</strong></span> <span class='ocrx_word' id='word_1_872' title='bbox 1750 2865 1798 2892; x_wconf 76' lang='grc' dir='ltr'>τοῦ</span> 
     </span>
    </p>
   </div>
  </div>
