1929 3068
109 194 164 223 «197

393 194 438 221 DE
454 194 597 225 ECCLES.
617 193 819 226 HlEﬂAliClL,
838 192 914 221 CAP.
933 193 1023 221 IV.—
1039 192 1212 221 l‘AliAl'llR.
1231 193 1465 221 PACHYMEIL‘E.

1699 195 1750 223 £98

110 252 219 289 Ιιατρὸς
239 251 287 278 καὶ
302 251 346 286 ὑφ’
367 250 475 284 ἑαυτοῦ,
488 251 550 278 ἐπεὶ
563 250 611 278 καὶ
630 249 707 282 Θεὸς,
729 250 777 277 καὶ
791 250 844 276 ὑπὸ
857 249 903 276 τοῦ

957 254 999 276 lus
1015 249 1066 276 fuit
1078 256 1094 276 a
1105 248 1187 276 Patre
1199 269 1207 281 ,
1228 253 1256 276 et
1274 257 1289 276 a
1304 250 1450 284 semetipso
1461 271 1469 283 ,
1485 257 1623 286 quatenus
1637 261 1748 288 quoque

108 299 189 333 ἁγίου
212 296 388 332 Πνεύματος,
404 297 510 324 είδυιῶν
525 297 572 324 καὶ
591 296 644 323 τῶν
657 296 788 332 οὐρανίων
802 295 905 328 τάξεων

107 344 158 379 τὴν
188 343 255 370 ἰδίαν
280 343 386 379 ἀρχὴν,
402 343 473 370 τοῦτ’
495 343 552 369 ἐστι
582 343 628 370 τὸν
651 342 737 370 αἴτιον
757 342 846 369 αὐτῶν
860 343 906 370 καὶ

108 389 273 425 δημιουργὸν
295 388 398 424 Ἰησοῦν
409 409 416 421 ,
430 390 470 416 ὅτι
486 389 537 416 κᾶν
553 389 714 425 ἁγιὰζηται,
725 389 783 417 ἀλλ’
798 386 844 415 οὖν
859 389 906 416 καὶ

108 435 195 468 οὕτως
218 435 274 471 ἔχει
296 435 327 462 τὸ
343 436 404 462 κατ’
425 435 518 462 οὐσίαν
538 435 716 462 ἀναλλοίωτον
728 455 735 465 .
757 435 822 467 Θεὸς
840 436 904 471 γάρ.

109 481 209 508 Νοοῦσι
227 481 282 517 γὰρ
302 481 382 507 αὐτὸν
401 481 481 516 ίερῶς
492 500 499 513 ,
514 481 554 507 ὅτι
578 480 786 516 ὲνηνθρώπησε·
801 480 831 506 τὸ
852 480 906 516 γὰρ

108 527 219 561 ὑφέντα
230 528 261 554 τὸ
275 528 522 563 ὲνανθρωπήσαντα
535 527 619 562 δηλοῖ.
634 527 689 554 Καὶ
706 527 730 553 εἰ
745 526 904 561 ἁγιάζεται,

109 573 166 600 ἀλλ’
191 571 238 600 οὖν
263 573 333 600 κατὰ
351 573 382 600 τὸ
406 572 576 608 ἀνθρώπινον
597 573 754 607 ἁγιάζεται,
768 572 813 599 διὰ
827 573 906 600 τοῦτο

110 619 263 655 πρόκειται·
278 620 332 646 Καὶ
346 619 488 654 ἁγιάζεται
503 619 533 646 τὸ
554 618 643 654 τίμιον
658 619 743 655 μύρον
757 619 788 646 τὸ
806 619 906 655 σύμϐο-

108 665 153 692 λον
166 665 212 692 τοῦ
227 665 363 692 Δεσπὸτου
374 663 501 700 Χριστοῦ,
512 664 559 690 καὶ
572 664 607 690 τὰ
618 666 738 700 σεραφὶμ
748 665 905 700 περιίσταν-

107 719 164 737 ται.
189 709 408 745 Ἀπαράλλακτον
431 709 458 736 δὲ
486 707 576 741 εἶπεν,
599 709 616 744 ἢ
638 709 676 741 ὼς
695 709 762 744 πρὸς
781 709 812 736 τὸ
835 710 907 736 κατὰ

108 757 197 784 πάντα
204 757 254 792 τῆς
266 756 326 784 καθ’
339 757 412 792 ἡμᾶς
427 756 534 790 φύσεως
548 755 714 791 ὁμοιωθέντα
730 757 794 791 ἡμῖν
805 775 811 786 ι
821 756 906 792 χωρὶς

106 802 263 838 ἁμαρτίας,
294 802 310 838 ἢ
334 802 371 834 ὡς
399 801 436 837 μὴ
465 801 648 837 ὑπομείναντα
671 801 865 838 παραλλαγὴν,
888 802 905 837 ἢ

106 848 211 884 τροπῆς
233 847 411 882 ἀποσκίασμα
429 847 500 874 κατὰ
513 847 563 883 τὴν
579 847 694 882 θεότητα
704 867 711 879 ,
727 849 756 874 ἐν
769 847 808 883 τῷ
821 855 905 883 προσ-

105 892 200 919 λαϐεῖν
222 893 252 920 τὸ
278 892 457 928 ἀνθρώπινον.
490 893 546 919 Καὶ
566 892 597 920 τὸ
617 893 648 929 δὴ
675 893 808 929 θειότερον
825 893 905 920 τοῦτό

957 295 1028 323 Deus
1051 299 1105 328 est,
1126 299 1154 323 et
1169 303 1185 322 a
1213 295 1316 331 Spiritu
1342 302 1454 330 saneto,
1471 298 1620 327 scientibus
1641 307 1750 335 quoque

957 342 1113 375 caelestibus
1130 342 1274 370 ordinibus
1293 343 1434 377 proprium
1456 344 1641 379 principium,
1657 346 1683 373 id
1708 351 1750 373 est

957 392 1095 414 auctorem
1111 395 1190 414 suutn
1205 391 1233 414 et
1245 392 1397 415 creatorem
1414 387 1518 421 .Iesum,
1534 391 1607 424 quod
1619 391 1669 417 etsi
1685 398 1750 418 san-

957 433 1104 467 ctiﬁcetur,
1123 438 1214 461 tamen
1226 434 1311 461 etiam
1327 434 1367 461 sic
1386 434 1467 461 habet
1478 437 1751 464 naturzelmmutahi-

958 479 1074 513 litatem,
1099 479 1229 514 qu0niam
1257 479 1328 506 Deus
1353 484 1405 508 est.
1433 479 1534 508 Sancte
1560 481 1632 508 enim
1659 482 1751 509 sciunt

958 527 1045 560 ipsum
1061 533 1123 553 esse
1143 526 1315 553 incarnatum
1334 534 1341 553 :
1358 527 1470 554 verbum
1485 526 1557 554 enim
1578 527 1679 561 ὑφέντα
1700 534 1749 554 seu

958 572 1217 605 rondescendentem,
1233 573 1358 608 designat
1381 572 1564 600 incarnatum.
1587 573 1621 600 Et
1643 574 1664 600 si
1684 581 1748 600 san-

957 617 1102 649 ctiﬁcetur,
1122 618 1215 652 utique
1237 618 1386 646 secundum
1410 618 1606 645 humanitatem
1629 619 1750 646 sanctili-

957 669 1043 696 catur,
1068 664 1171 691 idcirco
1186 664 1294 691 additur
1309 673 1315 692 :
1330 664 1362 691 Et
1383 664 1572 692 sanctiﬁcatur
1597 665 1748 699 pretiosum

957 715 1124 745 unguentum
1139 710 1210 745 quod
1225 710 1327 738 Christi
1346 710 1452 738 Domini
1467 710 1621 746 symbolum
1647 716 1706 744 est,
1721 716 1749 737 et

957 756 1093 790 seraphim
1109 756 1298 783 circumstant.
1314 756 1388 784 Dixit
1403 761 1493 783 autem
1507 756 1672 782 invariatum
1684 776 1692 788 ,
1707 755 1749 783 vel

957 803 1028 836 quod
1044 809 1091 836 per
1113 803 1206 829 omnia
1228 807 1332 829 natura:
1352 808 1453 830 nostra-
1471 802 1567 830 similis
1593 802 1681 830 factus
1705 807 1750 830 est

957 849 1062 883 absque
1075 853 1198 882 peccato,
1210 847 1252 875 vel
1266 849 1338 882 quod
1351 857 1405 876 non
1421 849 1552 876 subiverit
1569 849 1748 876 mutationem

957 895 998 922 vel
1013 895 1211 922 vicissitudinis
1226 895 1463 922 obumbrationem
1479 895 1628 922 secttndum
1646 894 1748 922 divini-

105 941 193 972 ἐστιν,
217 940 257 966 ὅτι
277 939 315 975 τῷ
329 939 394 975 θείῳ
414 939 492 975 μύρῳ
508 939 577 975 πρὸς
597 939 686 966 πᾶσαν
706 939 903 975 τελεσιουργίαι

961 947 1054 973 tatem,
1067 949 1128 968 cum
1143 941 1286 968 humanam
1305 947 1429 969 naturam
1445 942 1602 976 assumpsit.
1623 941 1657 968 Et
1675 941 1748 977 quod

103 985 205 1020 χρῆται
222 985 239 1021 ὴ
255 985 396 1021 ίεραρχία,
421 984 600 1011 ὑποδεικνῦσα
617 984 741 1020 φανερῶς
761 985 807 1011 τὸν
827 985 904 1019 ἁγια-

105 1031 220 1068 ζόμενον
246 1031 351 1067 Ἰησοῦν
382 1030 538 1066 ἁγιάζοντα.
562 1032 607 1058 Διὸ
628 1032 675 1058 καὶ
698 1033 714 1067 ἡ
739 1031 786 1058 τοῦ
810 1032 904 1067 βαπτί-

106 1088 209 1115 σματος
224 1080 303 1115 χάρις
318 1079 407 1114 (τοῦτο
420 1079 475 1115 γάρ
490 1080 548 1106 ἐστι
565 1079 595 1106 τὸ
613 1079 684 1106 κατὰ
695 1080 760 1107 Θεὸν
771 1080 903 1116 γεννηθῆ-

104 1124 171 1159 ναι·)
187 1124 337 1151 τελειοῦται
350 1125 395 1151 διὰ
405 1124 451 1151 τοῦ
464 1124 550 1161 μύρου
567 1125 746 1161 σταυροειδῶς
762 1126 904 1162 ἐπιχεομέ-

105 1179 152 1197 νου
171 1170 211 1206 τῷ
232 1170 421 1206 βαπτιστηρίῳ
437 1171 514 1207 παρὰ
527 1171 574 1198 τοῦ
589 1172 717 1208 ἱεράρχου
737 1171 902 1208 θεωροῦντος

105 1215 209 1250 νοητῶς
230 1215 296 1242 αὐτὸ
316 1216 347 1242 τὸ
362 1216 456 1250 νοητὸν
472 1216 571 1252 μύρον,
587 1217 632 1244 τὸν
643 1216 744 1253 Κύριον
765 1217 830 1253 ἄχρι
854 1218 902 1245 καὶ

105 1261 220 1289 θανάτου
243 1262 460 1298 καταδυόμενον·
481 1263 527 1290 τὸν
551 1263 605 1298 γὰρ
626 1263 739 1291 θάνατον
758 1265 774 1299 ἡ
800 1264 902 1299 κολυμ-

106 1307 194 1343 ϐήθρα
205 1308 289 1341 δηλοῖ,
301 1310 346 1336 καὶ
360 1308 524 1336 ἀνασπῶντα
536 1310 564 1335 ἐν
575 1311 609 1345 τῇ
622 1310 770 1346 ἁκρατήτῳ
783 1310 899 1346 καθόδῳ,

106 1354 200 1381 καθότι
213 1355 263 1382 οὐκ
276 1353 310 1391 ἦν
326 1356 485 1391 κρατεῖσθαι
504 1356 556 1382 ὑπὸ
572 1355 619 1382 τοῦ
637 1356 763 1388 θανάτου,
781 1358 844 1389 τοὺς
861 1357 901 1389 εἰς

105 1399 152 1426 τὸν
169 1399 282 1427 θάνατον
295 1401 379 1428 αὐτοῦ
394 1401 620 1437 βαπτιζομένους.
635 1402 757 1438 Κρύῳιον
773 1402 803 1430 δὲ
813 1402 902 1438 λόγιον

106 1445 198 1480 λέγει,
220 1447 261 1473 ὅτι
274 1446 432 1483 ἀπόκρυφος
449 1449 505 1480 τοῖς
522 1447 630 1480 πολλοῖς
650 1449 666 1483 ἡ
684 1448 831 1484 αἰτιολογία
853 1448 901 1476 τοῦ

106 1493 147 1524 εἰς
164 1493 281 1528 Χριστὸν
299 1493 494 1529 βαπτίσματος.

142 1582 156 1618 §
175 1581 219 1609 XI.
241 1583 277 1609 Οὺ
294 1583 346 1619 μὴν
361 1584 390 1611 δὲ
407 1584 475 1611 ἀλλὰ
493 1586 540 1612 καὶ
554 1586 628 1622 αὑτῷ
643 1587 682 1623 τῷ
698 1587 900 1626 βαπτισθέντιὴ

107 1627 154 1654 τοῦ
168 1628 253 1664 μύρου
267 1629 357 1664 χρίσις
373 1630 423 1665 τὴν
436 1631 609 1666 ὲπιφοίτησιν
622 1632 747 1668 δωρεῖται
760 1633 807 1660 τοῦ
819 1635 905 1661 Ilvati-

109 1682 209 1708 ματος,
228 1674 392 1711 δηλουμένου
410 1676 534 1704 ἐντεῦθεν
546 1698 554 1711 ,
577 1679 637 1705 ἐπεὶ
656 1679 700 1706 διὰ
722 1681 772 1716 τῆς
789 1681 836 1707 τοῦ
855 1681 906 1717 μύ-

108 1729 154 1756 ρου
167 1721 281 1756 κρίσεως
292 1723 420 1758 ἐπιφοιτᾷ
431 1723 461 1749 τὸ
472 1724 584 1760 Πνεῦμα
594 1726 624 1752 τὸ
635 1726 721 1760 ἅγιον.
731 1726 767 1752 Τὸ
779 1727 807 1754 δὲ
820 1727 904 1764 μύρον

106 1767 180 1793 ἐστὶν
196 1768 210 1794 ὁ
226 1768 358 1806 Χριστὸς,
376 1770 416 1796 ὃτι
430 1770 476 1797 καὶ
490 1771 535 1797 ὑπ’
552 1771 636 1798 αὑτοῦ
649 1773 681 1808 δὴ
701 1773 748 1800 τοῦ
765 1774 904 1810 ἀνθρωπο-

105 1817 220 1852 πρεπῶς
235 1817 274 1854 τῷ
291 1816 361 1854 ἁγίῳ
377 1816 516 1855 Πνεύματι
535 1817 765 1854 καθαγιασθέντος
781 1820 811 1846 τὸ
828 1821 904 1855 ἅγιον

107 1863 220 1899 Πνεῦμα
236 1866 393 1900 χορηγεῖται
407 1866 445 1898 ὡς
467 1866 565 1893 οἰκεῖον
585 1865 677 1893 αὑτοῦ.
693 1865 797 1903 ’Ὠσπερ
818 1867 845 1894 δὲ
858 1867 904 1894 ἐπὶ

106 1909 161 1936 τῶν
175 1910 297 1944 ἀγγέλων
314 1911 453 1944 οὺσιώδεις
474 1913 619 1945 ἀκούοντες
639 1913 710 1947 ἕξεις
721 1934 728 1946 ,
745 1914 775 1940 οὐ
795 1914 904 1950 ποιότη-

106 1963 157 1987 τας
175 1955 274 1989 ἔξωθεν
290 1957 360 1984 κατὰ
379 1958 551 1995 συμϐεϐηκὸς
568 1960 759 1996 ὲπιγινομένας
773 1961 902 1997 νοοῦμεν,

108 2001 199 2037 πολλῷ
224 2003 323 2038 μᾶλλον
338 2004 418 2031 τοῦτο
433 2006 479 2032 ἐπὶ
492 2006 559 2033 Θεοῦ
575 2007 708 2043 νοήσομεν
719 2016 726 2022 ·
745 2008 775 2034 οὐ
792 2008 846 2044 γὰρ
861 2008 904 2034 δε-

107 2047 209 2083 ξόμεθα
222 2049 353 2084 ποιότητα
372 2050 620 2086 ὲπισυμϐαίνουσαν
632 2053 682 2088 τὴν
696 2052 762 2085 ἕξιν,
774 2053 830 2079 ἀλλ’
847 2053 903 2086 ἕξιν

106 2094 225 2130 οὖσιώδη
244 2095 370 2130 θεότητος
382 2116 389 2127 ,
403 2097 453 2132 τὴν
467 2098 590 2131 φυσικῶς
611 2098 725 2133 ἔχουσαν
740 2099 786 2134 ἀφ’
804 2100 904 2135 ὲαυτῆς

106 2139 143 2165 τὰ
159 2140 209 2175 τῆς
231 2140 397 2177 ἁγαθὸτητος
413 2142 521 2169 ᾶπαντα
533 2163 540 2176 ,
554 2144 656 2170 ὲπείτοι
670 2153 701 2179 γε
715 2145 762 2171 καὶ
775 2146 791 2180 ἡ
808 2146 904 2181 θεότης

107 2187 178 2222 αὑτὴ
195 2187 245 2214 οὐκ
260 2188 403 2215 αὑτοουσία
418 2190 476 2216 ὲσιτὶ
487 2189 534 2216 τοῦ
548 2189 626 2222 Θεοῦ,
641 2190 710 2218 ἀλλὰ
724 2191 786 2224 δόξα
800 2201 841 2224 τις
853 2193 903 2227 τῆς

107 2231 202 2264 οὐσίας
215 2232 308 2259 αὑτοῦ.

959 987 1078 1015 divinius
1086 986 1168 1022 23o
1176 992 1229 1019 est,
1239 987 1309 1021 quod
1320 987 1471 1014 hierarchia
1481 987 1514 1014 ad
1525 995 1631 1014 omnem
1641 995 1747 1015 sacram

958 1033 1192 1060 consecrationem
1206 1033 1326 1060 divinum
1341 1038 1508 1068 unguentum
1522 1033 1642 1066 adhibet,
1659 1034 1748 1061 mani-

959 1079 1025 1106 feste
1052 1079 1242 1106 demonstrans
1272 1078 1365 1106 Jesum
1394 1079 1594 1107 sanctiﬁcatum
1623 1080 1747 1107 sanetilio

956 1133 1029 1153 care.
1051 1126 1224 1160 Quapropter
1243 1132 1352 1160 quoque
1376 1126 1463 1161 gratia
1483 1125 1658 1161 baptismatis
1677 1127 1748 1162 (hate

954 1172 1027 1199 enim
1044 1176 1086 1199 est
1103 1172 1251 1199 secttndutn
1272 1171 1356 1199 Deum
1371 1171 1523 1206 generatio)
1541 1176 1748 1199 consummatur

954 1226 969 1244 a
985 1217 1114 1252 pontiﬁce
1129 1224 1177 1252 per
1192 1223 1360 1252 unguentum
1385 1217 1412 1243 in
1429 1217 1518 1244 crucis
1543 1217 1658 1244 formam
1695 1217 1744 1246 ba-

948 1263 1207 1297 ptisterioinfusum,
1222 1265 1284 1291 dtnn
1302 1263 1465 1298 spiritaliter
1478 1262 1589 1290 exhibet
1602 1264 1747 1298 ipsummet

954 1314 1123 1344 unguentum
1138 1309 1275 1344 spiritale,
1301 1309 1405 1337 scilicet
1419 1309 1563 1337 Dominum
1578 1310 1611 1337 ad
1632 1314 1746 1336 mortem

955 1363 1039 1390 usque
1053 1356 1225 1389 demersum;
1240 1356 1376 1390 siquidem
1398 1356 1537 1383 lavacrum
1560 1356 1611 1383 hoc
1629 1359 1744 1382 mortem

954 1401 1098 1437 signiﬁcat,
1115 1407 1142 1430 et
1155 1401 1229 1430 illum
1245 1403 1290 1437 qui
1308 1402 1410 1430 invicto
1431 1410 1481 1430 suo
1500 1403 1643 1434 descensu,
1659 1409 1713 1436 quo
1730 1409 1747 1428 a

955 1453 1040 1476 morte
1051 1449 1176 1483 superari
1196 1456 1249 1476 non
1263 1448 1361 1483 potuit,
1377 1449 1404 1475 in
1419 1453 1505 1476 morte
1524 1456 1573 1476 sua
1595 1448 1746 1483 baptizatos

954 1495 1079 1522 attraxit.
1093 1495 1230 1521 Arcanum
1243 1502 1326 1528 porro
1340 1499 1419 1522 vocat
1431 1495 1584 1527 oraculum,
1599 1495 1662 1529 quia
1676 1493 1747 1520 mul-

956 1540 1062 1568 titttdini
1077 1541 1182 1568 occulta
1196 1545 1256 1568 erat
1270 1540 1340 1568 ratio
1356 1540 1529 1575 baptismatis
1543 1540 1655 1568 Christi.

995 1588 1009 1624 §
1031 1588 1076 1616 XI.
1103 1588 1174 1622 Quin
1200 1588 1282 1615 etiam
1309 1587 1418 1622 ipsimet
1449 1585 1587 1622 baptizata
1615 1588 1745 1622 unguenti

957 1634 1049 1661 unctio
1065 1634 1153 1661 sancti
1172 1633 1292 1667 Spiritus
1313 1632 1439 1667 illapsum
1453 1633 1593 1668 elargitur,
1609 1634 1672 1660 dum
1695 1633 1746 1660 hoc

956 1681 1035 1708 modo
1050 1688 1098 1715 per
1111 1680 1239 1715 unguenti
1255 1680 1410 1707 unctionem
1427 1679 1544 1713 Spiritus
1563 1684 1674 1707 sanctus
1696 1680 1745 1706 de-

955 1727 1085 1755 scendere
1105 1726 1284 1760 signiﬁcatur.
1309 1726 1480 1760 Unguentum
1504 1730 1593 1752 autem
1618 1726 1745 1753 Christus

955 1778 1006 1806 est,
1021 1773 1148 1807 quoniam
1171 1772 1206 1799 ab
1219 1772 1277 1807 ipso
1290 1779 1399 1806 quoque
1422 1772 1591 1806 humanitus,
1605 1780 1619 1798 a
1644 1772 1746 1806 Spiritu

955 1824 1050 1847 sancto
1064 1818 1235 1846 sanctiﬁcata
1250 1817 1371 1853 Spiritus
1389 1822 1499 1846 sanctus
1515 1826 1643 1853 tanquam
1660 1818 1746 1853 ipsius

956 1863 1073 1900 Spiritus
1098 1864 1224 1891 donatur.
1249 1863 1482 1896 Quemadmodum
1510 1869 1600 1890 autem
1626 1871 1687 1890 cum
1713 1864 1740 1890 in

955 1909 1057 1945 angelis
1068 1909 1259 1937 substantiales
1268 1909 1376 1936 habitus
1387 1909 1522 1944 audimus,
1534 1917 1587 1937 non
1598 1910 1745 1944 qualitates

955 1956 1126 1984 extrinsecus
1140 1963 1188 1990 per
1211 1955 1339 1983 accidens
1363 1956 1540 1984 advenientes
1556 1956 1745 1990 intelligimus,

955 2002 1040 2030 multo
1068 2002 1155 2037 magis
1178 2002 1204 2029 id
1228 2003 1261 2029 de
1274 2001 1328 2029 Deo
1343 2002 1539 2036 cogitabimus;
1558 2009 1644 2036 neque
1671 2002 1744 2029 enim

955 2049 1076 2076 habitum
1092 2056 1140 2084 pro
1164 2048 1295 2084 qualitate
1313 2048 1475 2076 accidentali
1496 2048 1661 2082 accipiemus
1672 2067 1681 2080 ,
1696 2049 1744 2074 sed

956 2095 1076 2122 habitum
1088 2094 1261 2122 essentialem
1275 2095 1426 2122 divinitatis
1438 2115 1446 2126 ,
1465 2095 1509 2128 qui
1533 2093 1695 2121 naturaliter
1709 2101 1743 2120 ex

954 2148 985 2168 se
997 2140 1097 2167 habeat
1111 2140 1203 2167 omnia
1218 2147 1277 2175 quae
1292 2146 1356 2168 sunt
1369 2140 1509 2174 bonitatis,
1522 2139 1742 2174 quandoquidem

954 2187 1011 2221 ipsa
1034 2194 1143 2221 quoque
1168 2186 1255 2214 deitas
1276 2187 1322 2214 hic
1346 2194 1399 2214 non
1428 2191 1468 2213 est
1490 2186 1604 2220 ipsamet
1627 2185 1744 2212 essentia

955 2233 1012 2266 Dei,
1030 2234 1076 2261 sed
1093 2234 1251 2269 apparentia
1266 2234 1389 2268 quaedam
1403 2233 1488 2268 ipsius
1502 2233 1637 2261 essentia.

143 2277 158 2313 §
176 2277 234 2304 ΧΠ.
254 2278 393 2314 Ἐννόησον
408 2279 488 2307 πάλιν
503 2280 567 2307 ἄλλο
578 2302 584 2314 ,
599 2281 639 2308 ὅτι
652 2282 700 2308 καὶ
711 2282 776 2308 αὐτὸ
789 2282 820 2308 τὸ
831 2282 902 2309 θεῖον

991 2279 1006 2315 §
1026 2279 1084 2307 XII.
1103 2280 1251 2308 Colisidera
1267 2281 1357 2307 denuo
1379 2280 1470 2313 aliud,
1488 2285 1517 2306 ut
1537 2279 1620 2306 etiam
1643 2279 1746 2314 ipsum-

108 2323 299 2359 θυσιαστήριον
313 2326 342 2351 ὲν
357 2325 396 2361 τῷ
406 2327 489 2362 τιμίῳ
497 2327 653 2362 τελειοῦμεν
667 2328 836 2364 μύρῳ.¹Ἐστι
850 2329 905 2365 δὲή

108 2368 220 2405 τοιαύτη
235 2369 334 2404 θεωρία
342 2369 430 2406 ὑψηλὴ
441 2372 489 2398 καὶ
498 2371 667 2406 ὑπερούσιος,
676 2372 722 2398 καὶ
735 2373 804 2408 ἀρχὴ
815 2372 906 2408 πάσης

110 2415 268 2450 ἅγιαστείας
278 2416 325 2442 καὶ
333 2417 521 2453 τελεσιουργὸς
531 2418 653 2453 δύναμις
664 2418 704 2446 ὅτι
715 2427 773 2450 πως
786 2419 833 2446 καὶ
840 2419 905 2446 αὐτὸ

109 2459 141 2487 τὸ
151 2461 286 2488 θειὰτατον
297 2462 486 2499 θυσιαστήριον
499 2465 513 2491 ὁ
525 2464 625 2499 Κύριος
637 2464 715 2501 ἡμῶν
724 2464 825 2500 Ἰησοῦς
837 2465 904 2501 Χρι-

109 2507 183 2540 στὸς,
197 2508 265 2543 πρὸς
281 2508 311 2535 ὃν
329 2510 401 2542 ἃπας
415 2510 477 2542 νοῦς
490 2510 561 2543 θεῖος
573 2511 742 2548 ἀφιεροῦται.
758 2512 826 2539 Τότε
837 2511 901 2548 γὰρ,

109 2555 193 2590 φησὶν
202 2555 217 2581 ὁ
232 2555 324 2587 Δαυῖδ,
335 2556 498 2591 ἀνοίσομεν
512 2557 561 2583 ἐπὶ
573 2558 605 2584 τὸ
616 2557 834 2592 θυσιαστήριόῦ
844 2566 902 2585 σου

105 2601 262 2636 μόσχους,
277 2602 340 2634 τοὺς
354 2602 442 2634 θείους
454 2602 553 2639 δηλαδὴ
569 2603 631 2635 νόας
646 2604 742 2638 λέγων.
765 2604 808 2636 Ὠς
822 2603 876 2640 γὰρ
889 2604 904 2631 ὀ

110 2647 212 2683 μόσχος
233 2647 379 2683 ἀφιεροῦτο
402 2649 434 2674 τὸ
459 2649 593 2682 παλαιὸν,
618 2650 690 2677 οὕτω
717 2651 764 2677 καὶ¹
786 2651 811 2677 οἱ
836 2651 903 2677 θεῖοι

108 2693 170 2726 νόες
192 2693 369 2730 ἀφιεροῦνται
389 2693 466 2730 Θεῷ,
484 2695 514 2722 ὲν
527 2691 550 2729 ᾧ
567 2695 618 2731 τὴν
640 2696 822 2732 προσαγωγὴν
844 2696 904 2732 ἐχο-

110 2746 172 2773 μεν,
192 2740 301 2771 πάντως
312 2740 536 2776 ὁλοκαυτούμενοι
553 2741 691 2777 μυστικῶς
701 2751 708 2757 ι
725 2744 741 2778 ἡ
754 2743 808 2779 γὰρ
819 2751 904 2778 προσ-

111 2784 208 2819 αγωγὴ
229 2786 276 2812 ἐπὶ
287 2786 341 2813 τῶν
354 2787 483 2827 ἐμψύχων
496 2788 595 2815 θυσιῶν
605 2787 712 2823 λέγεται
724 2809 731 2821 ,
752 2790 781 2816 ἐν
793 2785 815 2822 ᾧ
825 2789 904 2822 ἅγιά-

112 2829 204 2862 ζονται
217 2831 316 2859 πάντα.
334 2832 396 2865 Πῶς
409 2833 439 2860 τὸ
457 2834 576 2862 τοιοῦτον
590 2835 779 2871 θυσιαστήριον
791 2835 844 2862 ὑπὸ
856 2834 903 2862 τοῦ

152 2922 164 2941 ⁸
177 2920 239 2948 PSal
264 2929 289 2954 ι,
302 2921 346 2950 2|.

961 2332 1016 2353 ntet
1034 2325 1120 2353 altare
1140 2326 1261 2353 divinum
1277 2327 1397 2360 pretioso
1423 2325 1468 2352 illo
1489 2331 1626 2360 unguento
1644 2333 1743 2353 conse-

958 2379 1077 2399 cremus.
1093 2372 1143 2399 Est
1165 2377 1256 2399 autem
1279 2374 1337 2399 haec
1362 2371 1555 2407 contemplatio
1576 2372 1700 2400 sublimis
1718 2372 1747 2400 et

958 2418 1187 2454 supernaturalis,
1200 2423 1227 2446 ct
1239 2419 1315 2453 origo
1332 2419 1421 2446 omnis
1436 2419 1659 2446 sanctiﬁcationis
1670 2440 1677 2452 ,
1690 2420 1746 2446 vir-

958 2469 1056 2499 tusque
1073 2464 1238 2499 perfectiva;
1263 2464 1390 2499 quoniam
1416 2464 1503 2499 ipsum
1524 2471 1633 2499 quoque
1658 2465 1746 2492 altare

957 2510 1156 2538 divinissimum
1185 2515 1227 2537 est
1248 2509 1379 2537 Dominus
1401 2514 1493 2537 noster
1512 2509 1591 2537 Jesus
1608 2509 1743 2541 Christus,

955 2556 982 2584 itt
995 2564 1050 2592 quo
1065 2557 1154 2584 omnis
1166 2563 1243 2583 mens
1257 2556 1347 2582 divina
1362 2555 1558 2582 sanctiﬁcatur.
1576 2554 1649 2582 Tum:
1661 2556 1744 2588 enim,

953 2603 1040 2639 inquit
1052 2602 1146 2635 David,
1161 2602 1322 2637 imponemus
1337 2608 1416 2635 super
1432 2601 1517 2628 altare
1528 2607 1601 2628 tuum
1612 2601 1707 2628 vitulos
1719 2602 1744 2633 ὅ,

954 2649 1061 2677 divinas
1071 2648 1197 2675 nimirum
1211 2652 1317 2675 mentes
1333 2647 1496 2682 intelligens.
1509 2646 1743 2681 Quemadmodum

954 2695 1026 2723 enim
1045 2694 1145 2722 vitulus
1164 2693 1230 2720 olim
1243 2693 1477 2726 sanctiﬁcabatur,
1493 2693 1530 2720 ita
1546 2693 1628 2719 etiam
1646 2692 1744 2719 divina:

957 2745 1072 2774 mentes,
1089 2740 1203 2775 mystice
1221 2740 1247 2766 in
1259 2739 1410 2766 holocausti
1431 2745 1532 2765 moretu
1556 2738 1665 2772 penitus
1679 2745 1743 2764 eou-

958 2792 1093 2819 crematm,
1111 2790 1305 2814 consecrantur
1319 2785 1384 2818 Deo,
1397 2785 1424 2812 in
1437 2793 1491 2820 quo
1504 2791 1643 2812 accessum
1659 2783 1742 2810 habet

958 2842 1032 2867 mus;
1048 2833 1176 2870 quoniam
1190 2832 1316 2860 adductio
1329 2831 1450 2859 vivarum
1463 2831 1631 2859 victimarum
1644 2829 1741 2857 dicitur
