1929 3068
91 190 150 219 5οΥ

626 190 670 217 DE
687 189 826 218 ECCLES.
844 190 1044 223 IllERAllCll.,
1061 189 1138 218 CAP.
1157 191 1186 218 Υ.

1672 187 1724 215 5ῧὲ

89 249 121 276 ὲν
146 249 206 279 ταῖς
229 247 279 283 ἤδη
303 249 366 283 παρ’
389 247 467 284 ἡμῶν
481 248 649 284 ὑμνημὲναις
663 249 826 285 ἱεραρχίαις,
845 250 883 280 ὼς

937 251 1024 278 nnmis
1051 250 1216 279 hierarcltia'
1245 250 1407 277 divisionem
1433 249 1458 275 in
1479 246 1643 275 ltierarcltiis
1668 245 1723 277 iis,

90 294 180 330 οἶμαι,
202 293 291 325 καλῶς
311 293 475 329 ὲξεθέμεθα,
495 295 630 330 φήσαντες
649 294 687 326 ὡς
707 295 796 330 ήκαθ*
811 295 883 330 ἡμᾶς

93 340 156 377 ιερὰ
169 341 318 376 παράδοσις
332 340 387 375 ἔχει
406 341 496 367 πᾶσαν
515 340 673 376 ἱεραρχικὴν
695 341 884 377 πραγματείαν

91 390 135 418 εἰς
152 385 203 417 τὰς
223 385 364 417 θειοτάτας
378 385 400 401 ’⁸⁵
420 385 529 417 τελετὰς
552 385 726 421 διαιρεῖσθαι,
752 387 798 413 καὶ
821 387 884 418 τοὺς

91 431 202 464 ἐνθέους
215 431 303 457 αὐτῶν
316 431 499 466 ἐπιστήμονας
510 431 558 459 καὶ
572 430 687 466 μύστας,
703 431 749 458 καὶ
761 432 824 463 τοὺς
838 433 883 458 ὑπ’

92 476 184 502 αὐτῶν
199 475 279 511 ἱερῶς
293 475 479 512 τελουμένους.

936 303 1005 330 quas
1018 297 1122 330 pridem
1144 295 1354 327 celebravimus,
1370 301 1490 329 congrue
1505 293 1583 325 satis,
1600 292 1637 319 uti
1652 298 1723 325 reor,

937 342 1123 377 exposuimus.
1142 350 1204 369 cum
1225 342 1346 369 diximus
1370 340 1567 368 ltierarehicam
1591 339 1722 366 rationem

937 396 1045 416 omnem
1063 389 1089 415 in
1114 389 1205 416 divina
1222 387 1350 422 mysteria
1371 395 1418 413 seu
1442 392 1520 412 sacra
1545 384 1639 416 dividi,
1655 390 1682 412 et
1697 385 1723 410 in

937 441 984 460 ens
1005 433 1050 468 qui
1071 441 1103 460 ea
1121 438 1213 460 lenem
1232 432 1431 465 ennntiantque
1444 429 1514 461 aliis.
1531 434 1612 464 atque
1636 430 1661 456 in
1677 437 1723 456 eos

938 480 983 513 qui
1001 481 1034 506 ab
1052 479 1107 506 illis
1124 479 1276 506 initiantur.

878 569 891 603 ς
911 567 950 597 n.

129 647 234 675 Οὐκοῦν
256 648 276 683 ἠ,
293 648 341 683 μὲν
359 647 498 682 ἁγιωτάτῃ
514 647 535 664 ⁵⁸
547 648 600 675 τῶν
622 649 825 685 ὑπερουρανίων
839 650 883 675 οὺ-

94 693 161 720 σιῶν
186 693 310 730 ἱεραρχία
330 693 442 729 τελετὴν
464 694 514 729 μὲν
535 694 591 729 ἔχει
613 695 662 731 τὴν
682 696 752 722 κατὰ
770 696 883 732 δύναμιν

91 739 197 766 οἰκείαν
210 739 277 766 Θεοῦ
300 740 347 766 καὶ
366 739 420 765 τῶν
438 739 516 766 θείων
549 740 697 776 ἁῦλοτάτην
723 741 824 776 νόησιν,
839 742 885 768 καὶ

92 786 143 821 τὴν
158 785 206 813 τοῦ
218 785 350 818 θεπιδοῦς
361 785 508 822 ὁλόκληρον
521 788 568 813 καὶ
579 788 633 819 sic,
641 787 679 819 ὡς
691 789 809 822 ἐφικτὸν,
826 788 885 815 θεο-

95 832 214 867 μίμητον
237 831 303 864 ἕξιν·
329 832 513 866 φωταγωγοὺς
535 832 564 858 δὲ
588 834 634 860 καὶ
658 833 726 869 πρὸς
738 834 787 869 τὴν
811 834 886 870 ἱερὰν

92 877 196 913 ταύτην
214 877 352 904 τελείωσιν
369 878 523 914 ἡγεμόνας,
543 878 592 910 τὰς
615 880 679 914 περὶ
701 879 767 906 Θεὸν
781 880 883 915 πρωτί-

970 648 1061 684 ltaque
1076 649 1255 677 sanctissimae
1280 649 1389 683 quidem
1416 647 1650 684 supercmlestium
1675 655 1720 675 es-

935 694 1083 722 sentiarum
1100 695 1259 722 hierarchitc
1278 702 1327 729 pro
1343 693 1549 722 consecratione
1560 699 1601 723 est
1616 693 1716 721 intelli-

936 740 1025 774 gentia
1039 739 1083 767 illa
1096 748 1177 775 quam
1193 740 1313 768 maxime
1332 748 1346 766 a
1366 740 1482 768 materia
1499 745 1613 772 semota,
1629 747 1681 774 qua
1696 747 1728 767 se

938 785 1076 821 Deumque
1086 792 1195 820 norunt,
1210 791 1292 822 atque
1308 787 1503 814 deiformitatis
1516 787 1628 821 integer,
1643 794 1727 821 quatt-

938 837 1036 868 tusque
1063 834 1201 868 possibilis
1225 839 1279 867 est,
1305 833 1401 861 divinze
1428 833 1589 861 imitationis
1615 838 1722 860 status:

937 878 1137 907 illuminatores
1152 888 1217 907 vero
1237 885 1265 907 et
1286 880 1319 907 ad
1346 879 1498 907 istiusmodi
1524 883 1725 922 sacrosanctam

94 931 162 954 στας
179 922 282 954 οὐσίας·
303 920 382 951 αὗται
402 923 456 959 γὰρ
473 925 514 956 εἰς
533 924 582 956 τὰς
595 925 796 960 ὑποϐεϐηκυίας
811 926 883 962 ἱερὰς

938 925 1118 952 imitationem
1135 926 1219 954 duces
1233 930 1296 953 sunt
1311 926 1406 961 prima:
1424 926 1484 953 ista:
1495 920 1654 953 substantia:
1666 932 1726 960 quas

93 967 185 1001 τάξεις
197 968 361 1003 ἅγαθοειδῶς
375 971 421 996 καὶ
434 969 572 1004 ἀναλόγως
592 970 820 1008 διαπορθμεύουσι
832 971 881 1003 τὰς

93 1015 269 1051 δωρουμένας
290 1016 385 1047 αὐταῖς
407 1016 449 1042 ἀεὶ
471 1016 632 1052 θεουργικὰς
645 1017 758 1051 γνώσεις
771 1018 824 1045 ὑπὸ
834 1018 883 1054 τῆς

94 1060 253 1092 αὐτοτελοῦς
261 1061 307 1088 καὶ
316 1062 529 1096 σοφοποιούντων
542 1062 563 1078 ⁵⁷
575 1062 653 1089 θείων
666 1063 732 1090 νοῶν
744 1063 882 1099 θεαρχίας.

93 1108 127 1133 Ai
140 1107 169 1134 δὲ
180 1107 234 1134 τῶν
245 1107 360 1143 πρώτων
371 1107 469 1135 οὐσιῶν
480 1108 623 1144 ὺφειμέναι
636 1109 838 1144 διακοσμήσεις,
846 1109 884 1141 ὼς

93 1152 126 1178 δι’
139 1153 250 1179 ἐκείνων
264 1153 345 1188 ίερῶς
357 1153 521 1188 ἀναγόμεναι
533 1154 601 1189 πρὸς
621 1154 671 1189 τὴν
687 1153 814 1190 θεουργὸν
834 1154 883 1190 τῆς

94 1197 223 1233 θεαρχίας
234 1198 376 1234 ἕλλαμψιν,
399 1200 427 1225 αἱ
450 1198 607 1234 τελούμεναι
621 1199 713 1232 τάξεις
725 1200 778 1226 εἰσί
795 1209 824 1226 τε
837 1199 884 1226 καὶ

93 1243 202 1278 ἀληθῶς
222 1244 410 1280 ὀνομάζονται.
433 1245 500 1271 Μετ’
519 1245 626 1281 εκείνην
643 1245 671 1272 δὲ
689 1245 737 1281 τὴν
756 1246 883 1281 οὐρανίαν

94 1288 141 1315 καὶ
163 1289 347 1325 ὕπερκόσμιον
372 1290 522 1325 ἱεραρχίαν,
537 1291 577 1322 εἰς
597 1290 632 1322 τὰ
653 1290 712 1318 καθ’
726 1291 799 1326 ἡμᾶς
818 1291 884 1326 ἀγα-

94 1334 274 1371 θουργικῶςή
288 1335 402 1371 θεαρχία
423 1336 472 1368 τὰς
497 1337 647 1371 ἱερωτάτοις
671 1336 756 1372 αὐτῆς
780 1337 884 1372 δωρεὰς

94 1382 277 1417 προφέρουσα,
299 1383 405 1417 νηπίοις
428 1383 476 1418 μὲν
496 1381 566 1414 οὖσι,
584 1383 654 1410 κατὰ
666 1383 696 1410 τὸ
707 1382 806 1417 λόγιον,
821 1383 885 1410 ἐδω-

96 1428 198 1463 ρήσατο
221 1427 270 1464 τὴν
294 1428 364 1455 κατὰ
385 1428 466 1464 νόμον
491 1429 647 1464 ίεραρχίαν,
673 1429 807 1464 ἁμυδραίς
829 1428 883 1455 τῶν

94 1473 202 1510 ἀληθῶν
225 1474 328 1507 εἰκόσι,
359 1475 406 1502 καὶ
436 1475 622 1511 πορῤωτὰτοις
647 1475 701 1502 τῶν
724 1475 883 1511 ἁρχετύπων

95 1521 304 1557 ἀπεικονίσμασι
314 1542 321 1554 ,
338 1522 384 1548 καὶ
401 1521 599 1557 δυσθεωρήτοις
614 1522 766 1557 αἰνίγμασι⁷
780 1522 827 1549 καὶ
836 1521 883 1549 τύ-

95 1577 156 1600 ποις
165 1570 218 1596 οὐκ
228 1569 397 1604 εὐδιάκριτον
409 1569 502 1604 ἔχουσι
513 1569 563 1606 τὴν
575 1569 819 1605 ἐγκεκαλυμμένην
832 1568 882 1595 αὺ-

936 972 1008 998 circa
1029 971 1112 999 Deum
1130 978 1291 1005 versantur;
1310 973 1350 999 hae
1365 973 1438 999 enim
1465 972 1491 999 in
1518 972 1661 999 inferiores
1682 979 1726 999 sa-

936 1025 1000 1045 cros
1009 1018 1120 1045 ordittes
1134 1018 1261 1054 benigne,
1274 1026 1323 1054 pro
1337 1019 1468 1054 cujusque
1482 1022 1561 1053 captu
1571 1038 1581 1051 ,
1595 1018 1730 1044 continuo

937 1064 1049 1091 deiﬁcas
1061 1064 1194 1092 scientias
1205 1064 1341 1096 derivant,
1355 1071 1424 1098 quas
1441 1064 1505 1098 ipsis
1520 1063 1667 1097 impertivit
1679 1070 1727 1097 per

938 1119 967 1139 se
980 1111 1119 1146 perlectus
1134 1119 1166 1138 ac
1189 1109 1378 1145 sapientiﬁcns
1405 1110 1449 1137 ille
1469 1108 1622 1136 divinarum
1650 1116 1726 1135 men-

939 1156 1004 1183 tinm
1016 1157 1124 1184 divinus
1140 1156 1321 1191 principatus.
1342 1155 1428 1183 Porro
1450 1156 1545 1190 primis
1559 1155 1619 1182 istis
1637 1161 1727 1181 essen-

939 1204 984 1230 liis
1008 1203 1125 1230 subdita:
1155 1203 1359 1235 distinctiones,
1389 1207 1484 1237 utpote
1506 1209 1566 1236 qua:
1592 1208 1640 1235 per
1666 1201 1726 1227 illas

937 1254 1030 1276 sancte
1044 1249 1077 1276 ad
1091 1249 1218 1277 deiﬁeam
1231 1249 1314 1276 divini
1331 1249 1501 1283 principatus
1515 1247 1726 1274 illustratiouem

938 1295 1121 1326 adducuntur,
1138 1300 1282 1327 vocantur,
1292 1300 1320 1322 et
1334 1299 1397 1321 sunt
1413 1301 1476 1321 vere
1490 1293 1601 1320 ordines
1614 1292 1725 1319 initiati.

939 1337 1092 1366 Secundum
1115 1338 1189 1366 illam
1205 1344 1297 1366 autem
1313 1338 1454 1367 caelestem
1468 1338 1623 1373 mundoque
1644 1344 1725 1372 supe-

939 1383 1038 1411 riorem
1053 1385 1237 1413 blerarchiam
1253 1385 1382 1413 divinitas
1396 1385 1423 1412 in
1439 1391 1489 1412 nos
1502 1384 1623 1411 benefice
1636 1391 1728 1411 sacra-

939 1430 1042 1457 tissima
1057 1438 1105 1457 sua
1121 1438 1235 1458 munera
1251 1431 1424 1466 depromens,
1441 1429 1476 1458 iis
1488 1429 1597 1464 quidem
1623 1429 1670 1464 qui
1688 1429 1728 1456 in-

938 1475 1025 1503 fantes
1041 1481 1128 1508 erant,
1143 1481 1168 1503 ut
1187 1476 1329 1511 Scriptura
1343 1480 1468 1509 testatur,
1487 1475 1600 1510 legalem
1615 1474 1727 1502 indulsit

938 1521 1132 1554 hierarchiam,
1148 1522 1200 1549 sub
1212 1521 1328 1550 exilibus
1345 1521 1473 1549 nimirunt
1493 1521 1638 1548 veritatem
1661 1520 1727 1547 ima-

937 1567 1044 1602 ginibus
1068 1572 1150 1602 atque
1175 1567 1354 1601 simulacris;
1381 1575 1441 1602 qua:
1470 1566 1505 1594 ab
1525 1565 1727 1600 exemplaribus

94 1620 151 1650 τοῖς
172 1618 286 1655 Θεωρίαν
310 1619 440 1654 ἀνάλογον
459 1620 516 1654 φῶς
529 1620 562 1652 ’⁵⁸,
584 1619 622 1652 ὡς
642 1619 781 1646 ἀσθενέσιν
793 1619 883 1655 ὄψεσιν

939 1613 1085 1648 plurinntm
1101 1613 1283 1647 dissidebant,
1300 1614 1481 1648 obScurisque
1497 1612 1688 1648 muigmatibus
1700 1617 1728 1639 et

95 1664 219 1696 ἀϐλαϐῶς
232 1665 418 1701 ἑπιλάμψασα.
433 1665 524 1702 Ταύτῃ
535 1666 563 1692 δὲ
575 1667 608 1701 τῇ
620 1665 689 1692 κατὰ
700 1665 780 1701 νόμον
794 1666 886 1701 ἱεραρ-

95 1711 152 1746 χὶᾳ,
166 1711 260 1747 τελετὴ
285 1711 333 1747 μὲν
355 1712 372 1747 ἠ
395 1712 462 1747 πρὸς
484 1712 533 1748 τὴν
553 1712 740 1748 πνευματικὴν
758 1711 885 1748 λατρείαν

94 1756 239 1792 ἁναγωγή·
262 1758 426 1792 χειραγωγοὶ
446 1757 475 1784 δὲ
494 1757 562 1794 πρὸς
580 1757 681 1794 ταύτην
699 1758 724 1784 οἱ
743 1757 792 1794 τὴν
803 1758 885 1793 ἁγίαν

95 1803 202 1838 ἐκείνην
222 1803 324 1838 σκηνὴν
349 1803 401 1830 ὑπὸ
421 1803 543 1834 Μωσέως
565 1803 644 1838 ἱερῶς
660 1803 824 1839 μυηθέντες,
837 1803 884 1830 τοῦ

95 1846 202 1883 πρώτου
220 1847 275 1874 τῶν
294 1847 364 1874 κατὰ
387 1847 467 1883 νόμον
487 1847 622 1884 ἰεραρχῶν
636 1847 737 1883 μύστου
757 1849 804 1875 καὶ
819 1849 885 1884 ἡγε-

96 1891 186 1926 μόνοςο
207 1891 274 1927 πρὸς
295 1891 328 1927 ἣν
348 1891 423 1927 ἱερὰν
437 1891 537 1927 σκηνὴν
550 1892 737 1927 εἰσαγωγικῶς
760 1894 885 1929 ἱερογρα-

95 1936 153 1970 φῶν
166 1937 215 1972 τὴν
227 1936 298 1963 κατὰ
310 1937 391 1972 νόμον
404 1938 553 1973 ὶεραρχίαν,
567 1938 658 1965 εἰκόνα
669 1938 753 1966 τύπου
765 1939 886 1974 δειχθέν-

94 1990 140 2013 τος
162 1982 237 2018 αὐτῷ
258 1983 369 2010 κατὰτὸ
391 1984 496 2010 Σιναῖον
510 1983 532 2001 ’⁸⁸
554 1984 616 2020 ὅρος
628 1985 719 2012 ἐκάλει
742 1985 830 2012 πάντα
850 1985 886 2012 τὰ

95 2029 166 2056 κατὰ
185 2029 230 2056 τὸν
250 2030 329 2066 νόμον
350 2031 571 2067 ἱερουργούμενα.
593 2032 754 2068 Τελούμενοι
768 2033 791 2049 ⁵ο
809 2033 838 2059 δὲ
860 2034 885 2060 οἱ

95 2075 163 2111 πρὸς
172 2075 226 2102 τῶν
240 2076 359 2112 νομικῶν
372 2076 512 2112 συμϐόλων
523 2077 661 2112 ἀναλόγως
671 2078 831 2105 ὲπιτελεωτέ
835 2087 885 2115 ραν

97 2121 198 2158 μύησιν
211 2123 383 2158 ἀναγόμενοι.
396 2125 451 2160 Τὴν
463 2124 632 2160 τελειοτέραν
643 2125 671 2151 δὲ
685 2125 784 2161 μύησιν
800 2127 816 2161 ἡ
831 2125 886 2152 θεο-

95 2167 174 2202 λογία
185 2168 235 2203 τὴν
249 2168 310 2195 καθ’
324 2169 397 2205 ἡμᾶς
421 2170 562 2206 ἱεραρχίαν
575 2170 667 2206 φησὶν,
690 2171 884 2207 ἀποπλήρωσιν

96 2214 181 2249 αὐτὴν
200 2214 306 2250 ἐκείνης
325 2215 497 2242 ἀποκαλοῦσα
509 2216 556 2242 καὶ
569 2215 643 2251 ἱερὰν
656 2215 742 2252 λῆξιν.
759 2217 836 2244 Ἔστι
856 2217 885 2244 δὲ

95 2260 142 2287 καὶ
154 2261 267 2296 οὐρανία
278 2262 324 2288 καὶ
335 2261 433 2297 νομικὴ
448 2261 612 2294 κοινωνικῶς
629 2264 663 2298 τῇ
684 2263 812 2299 μεσότητι
830 2263 885 2290 τῶν

938 1659 1042 1694 ligni-is,
1057 1668 1119 1696 qua:
1135 1665 1260 1695 opertam
1279 1667 1329 1688 nec
1344 1660 1383 1687 ita
1399 1659 1508 1687 facilem
1523 1659 1671 1693 dijudicatu
1687 1658 1727 1685 in-

939 1706 1115 1741 telligentiam
1138 1706 1290 1740 habebant,
1317 1706 1409 1734 lumen
1431 1706 1464 1734 iis
1479 1705 1725 1741 proportionatum,

939 1758 1068 1788 tanquam
1083 1754 1312 1782 imbecillioribus
1327 1754 1424 1788 oculis,
1440 1753 1557 1781 innocue
1571 1752 1725 1780 alfundens.

937 1799 1021 1834 Hujus
1038 1803 1127 1826 autem
1144 1799 1238 1834 legalis
1252 1800 1416 1827 bierarehia:
1431 1799 1590 1834 mysterium
1604 1797 1727 1824 introdu-

937 1845 990 1873 Ctio
1007 1845 1129 1880 quadam
1146 1845 1196 1872 fuit
1211 1845 1245 1873 ad
1261 1845 1364 1873 cultum
1380 1845 1542 1881 spiritalem.
1565 1845 1654 1872 Duces
1667 1844 1727 1879 ejus

936 1891 1099 1918 exstiterunt
1118 1891 1135 1918 ii
1154 1892 1200 1926 qui
1225 1892 1295 1919 sacri
1320 1892 1394 1919 illius
1420 1890 1589 1918 tabernaculi
1614 1891 1695 1917 ritum
1711 1898 1725 1916 a

936 1936 1038 1973 Moyse,
1060 1937 1148 1972 primo
1160 1936 1228 1972 legis
1244 1937 1403 1972 pontiﬁcum
1418 1937 1530 1964 doctore
1543 1943 1574 1962 ac
1587 1936 1666 1968 duce,
1682 1935 1725 1962 di-

936 1982 1080 2010 dicerant:
1096 1984 1142 2018 qui
1157 1984 1192 2011 ad
1208 1990 1317 2011 sacrum
1334 1983 1399 2010 illud
1424 1982 1631 2010 tabernaculum
1646 1982 1726 2009 insti-

938 2030 1048 2057 tutionis
1062 2037 1144 2058 causa
1165 2029 1349 2061 liierarcbiam
1376 2030 1445 2065 legis
1461 2029 1541 2066 233
1557 2029 1725 2062 describens,

936 2076 970 2102 ad
981 2075 1156 2110 exemplaris,
1174 2077 1246 2111 quod
1259 2076 1296 2103 illi
1315 2076 1341 2103 in
1359 2081 1451 2104 monte
1465 2076 1531 2104 Sina
1544 2080 1726 2104 monstratum

937 2121 1043 2155 fuerat,
1063 2122 1208 2157 imaginem
1237 2127 1264 2150 et
1287 2123 1468 2150 imitationem
1493 2122 1606 2154 omnia,
1622 2129 1682 2156 qua:
1699 2122 1725 2148 in

937 2169 994 2202 lege
1010 2173 1103 2196 sancte
1118 2169 1228 2203 ﬁebant,
1239 2169 1395 2197 revocabat.
1404 2168 1622 2197 Perﬁciebantur
1634 2173 1725 2195 autem

937 2217 966 2249 ii,
981 2216 1026 2250 qui
1045 2223 1059 2242 a
1073 2216 1204 2251 legalibus
1227 2215 1315 2251 signis
1342 2212 1492 2243 Secundum
1520 2220 1629 2250 captuut
1646 2223 1724 2242 suum

937 2263 971 2289 ad
986 2260 1177 2296 perfectiorem
1201 2261 1372 2296 disciplinam
1392 2261 1635 2296 promovebantur.
1660 2261 1726 2288 Per-

95 2308 186 2343 ἄκρων
197 2308 458 2344 ἀντιλαμϐανομένη,
471 2310 504 2344 τῇ
518 2309 566 2344 μὲν
578 2309 742 2336 κοινωνοῦσα
753 2311 812 2342 ταῖς
825 2318 883 2337 νοε-

937 2307 1076 2335 tectiorem
1093 2314 1159 2335 vero
1171 2307 1360 2342 mysteriorum
1373 2307 1542 2342 disciplinam
1558 2315 1635 2335 sacra
1652 2307 1727 2335 Scri-

97 2355 155 2390 ραϊς
170 2355 191 2370 ⁵¹
215 2354 341 2390 θεωρίαις
351 2374 358 2386 ,
378 2356 411 2390 τῇ
424 2355 451 2381 δὲ
467 2355 507 2381 ὅτι
528 2355 576 2381 καὶ
589 2354 733 2390 συμϐόλοις
745 2356 884 2392 αἰσθητοῖς

95 2400 272 2431 ποικίλλεται,
287 2401 333 2427 καὶ
343 2400 375 2427 δι’
389 2401 478 2428 αὐτῶν
493 2401 574 2437 ίερῶς
590 2400 637 2428 ἐπὶ
654 2401 686 2428 τὸ
697 2401 773 2429 Θεῖον
785 2403 885 2438 ἀνάγε-

93 2455 148 2473 ται.
173 2447 209 2473 Τὸ
232 2448 341 2482 τρισσὸν
363 2447 392 2474 δὲ
414 2447 544 2480 ὡσαύτως
568 2448 625 2484 ἔχει
649 2449 699 2484 τῆς
722 2449 883 2486 ἱεραρχικῆς

94 2493 251 2529 διαιρέσεως
287 2514 293 2526 ,
307 2495 346 2526 είς
360 2494 409 2527 τὰς
421 2495 573 2529 ἁγιωτάτας
584 2495 639 2522 τῶν
650 2494 764 2522 τελετῶν
781 2497 883 2533 ἱερουρ-

94 2539 155 2574 γίας
166 2540 352 2576 διαιρουμένη,
368 2541 416 2567 καὶ
427 2541 490 2573 τοὺς
509 2541 636 2573 θεοειδεῖς
652 2541 706 2568 τῶν
721 2542 800 2577 ἱερῶν
812 2543 883 2578 ὑπη-

97 2585 186 2622 ρέτας,
210 2586 258 2612 καὶ
280 2587 342 2618 τοὺς
359 2587 405 2614 ὑπ’
424 2587 514 2614 αὐτῶν
534 2587 672 2622 ἀναλόγως
695 2588 742 2614 ἐπὶ
764 2587 800 2614 τὰ
823 2588 885 2624 ἱερὰ

95 2633 323 2668 προσαγομένους.
339 2634 455 2669 Ἐκάστη
467 2634 496 2660 δὲ
508 2633 563 2660 τῶν
577 2634 661 2670 τριῶν
676 2633 726 2669 τῆς
739 2633 798 2661 καθ’
810 2635 882 2670 ἡμᾶς

96 2678 236 2713 ίεραρχίας
247 2678 580 2714 διαιρέσεως⁶²ἀκολούοως
594 2681 627 2716 τῇ
638 2689 668 2706 τε
681 2682 778 2716 νομικῇ
792 2681 838 2708 καὶ
848 2683 882 2718 τῇ

96 2724 218 2760 θειοτέρξί⁸
235 2725 290 2752 τῶν
312 2725 373 2752 καθ’
395 2727 467 2761 ἡμᾶς
481 2727 616 2763 ἱεραρχίᾳ,
636 2726 729 2762 πρώτη
751 2727 798 2753 καὶ
812 2727 882 2763 μέση

936 2361 1017 2389 ptura
1029 2358 1150 2382 nostram
1165 2359 1245 2382 vocat
1261 2354 1445 2381 ltierarcltiam
1456 2373 1465 2387 ,
1481 2361 1544 2381 cum
1560 2354 1631 2382 hanc
1654 2355 1727 2382 illius

936 2403 1201 2429 consummationem
1230 2407 1394 2435 sacrumque
1421 2400 1500 2428 ﬁnem
1528 2401 1662 2430 nominat.
1678 2401 1726 2428 Est

937 2452 1027 2475 autem
1047 2447 1142 2475 eadem
1156 2447 1238 2475 etiam
1251 2447 1371 2475 caelestis
1388 2451 1416 2474 et
1437 2446 1533 2482 legalis
1552 2448 1725 2475 communio-

936 2502 970 2521 ne
982 2493 1098 2528 quadam
1114 2494 1209 2521 media:
1221 2493 1387 2521 conditionis
1399 2500 1464 2525 suae,
1477 2501 1528 2528 qua
1542 2493 1725 2521 communicat

936 2541 1081 2573 extremis,
1092 2548 1154 2567 cum
1169 2540 1212 2567 illa
1226 2540 1354 2567 nimirum
1370 2539 1398 2567 in
1415 2539 1583 2574 spiritalibus
1603 2545 1726 2567 contem-

936 2587 1116 2622 plationibus,
1132 2594 1195 2614 cum
1210 2587 1263 2614 hac
1276 2593 1343 2614 vero
1354 2585 1525 2614 sensibilium
1539 2586 1672 2614 varietate
1685 2585 1724 2613 si-

937 2641 1062 2669 gnorum,
1078 2641 1126 2668 per
1140 2641 1200 2668 quae
1212 2633 1292 2659 etiam
1307 2633 1340 2660 ad
1354 2632 1478 2660 divinum
1492 2631 1596 2659 Numen
1609 2633 1724 2660 adduci-

937 2684 991 2706 tur.
1015 2679 1099 2707 Porro
1127 2679 1259 2714 triplicem
1287 2679 1371 2706 etiam
1403 2678 1487 2706 habet
1515 2679 1586 2706 sacri
1621 2679 1725 2706 ordinis

936 2727 1168 2758 distributiOnem,
1189 2731 1322 2760 quatenus
1336 2725 1465 2752 dividitur
1487 2725 1515 2752 in
1537 2723 1724 2753 sanctissimas

749 2818 865 2847 VARIAS
883 2818 946 2846 LEC
951 2818 1030 2847 TlON
1034 2819 1085 2847 ES.

129 2885 151 2902 ⁸⁵
163 2886 322 2918 rimandum,
338 2886 371 2913 M.
389 2886 418 2913 D.
434 2886 482 2913 Ch.

97 2921 117 2939 υ
130 2923 212 2955 sua,
229 2922 262 2949 ιι.

533 2887 556 2903 ⁸⁵
569 2889 712 2923 ἱερωτάτη,
726 2889 756 2915 D.

806 2889 827 2905 ‘7
842 2890 987 2924 σοφοποιοῡ
1000 2891 1064 2917 τῶν.
1103 2890 1125 2906 ⁸⁸
1141 2891 1269 2924 ἀνάλογον
1293 2890 1323 2917 τὸ
1336 2890 1365 2917 ὲν
1384 2891 1478 2922 αὐταῖς
1492 2890 1561 2924 φῶς,
1572 2889 1622 2918 Cll.
1641 2890 1670 2918 Ι).
1687 2890 1721 2919 Μ,

320 2922 342 2938 ⁵ο
358 2922 561 2958 προτελοῦμενοι
574 2943 580 2956 ,
595 2922 633 2951 Μ.
650 2929 677 2952 et
692 2922 751 2952 mox
765 2922 930 2960 ὰναγόμέθα.

985 2926 1004 2942 ⁵⁵
1021 2927 1128 2960 νοηταῖς
1141 2946 1147 2958 ,
1161 2927 1210 2954 ()lt.
1225 2928 1286 2954 Sat.
1325 2927 1346 2942 "
1362 2927 1421 2961 lege
1432 2926 1600 2961 διαιρέσεων.
