  <div class='ocr_page' id='page_1' title='image "/cluster/home/n/w/nwhite01/storage/ocr_20150623/3/njp.32101077772356/319.png"; bbox 0 0 1929 3068; ppageno 0'>
   <div class='ocr_carea' id='block_1_1' title="bbox 184 154 241 191">
    <p class='ocr_par' dir='ltr' id='par_1_1' title="bbox 184 154 241 191">
     <span class='ocr_line' id='line_1_1' title="bbox 184 154 241 191; baseline -0.018 -9"><span class='ocrx_word' id='word_1_1' title='bbox 184 154 241 191; x_wconf 21' lang='lat' dir='ltr'><strong>sos,</strong></span> 
     </span>
    </p>
   </div>
   <div class='ocr_carea' id='block_1_2' title="bbox 776 152 1218 182">
    <p class='ocr_par' dir='ltr' id='par_1_2' title="bbox 776 152 1218 182">
     <span class='ocr_line' id='line_1_2' title="bbox 776 152 1218 182; baseline -0.002 -1"><span class='ocrx_word' id='word_1_2' title='bbox 776 154 805 181; x_wconf 86' lang='lat' dir='ltr'><strong>S.</strong></span> <span class='ocrx_word' id='word_1_3' title='bbox 824 152 973 182; x_wconf 75' lang='lat' dir='ltr'><strong>DIONYSII</strong></span> <span class='ocrx_word' id='word_1_4' title='bbox 985 152 1218 181; x_wconf 62' lang='lat' dir='ltr'><strong>ABEOPAGITE</strong></span> 
     </span>
    </p>
   </div>
   <div class='ocr_carea' id='block_1_3' title="bbox 1764 152 1821 181">
    <p class='ocr_par' dir='ltr' id='par_1_3' title="bbox 1764 152 1821 181">
     <span class='ocr_line' id='line_1_3' title="bbox 1764 152 1821 181; baseline 0 0"><span class='ocrx_word' id='word_1_5' title='bbox 1764 152 1821 181; x_wconf 68' lang='grc' dir='ltr'><strong>σοι</strong></span> 
     </span>
    </p>
   </div>
   <div class='ocr_carea' id='block_1_4' title="bbox 188 211 984 250">
    <p class='ocr_par' dir='ltr' id='par_1_4' title="bbox 188 212 970 250">
     <span class='ocr_line' id='line_1_4' title="bbox 188 212 970 250; baseline -0.001 -9"><span class='ocrx_word' id='word_1_6' title='bbox 188 212 379 250; x_wconf 59' lang='lat' dir='ltr'><strong>mysteriorum</strong></span> <span class='ocrx_word' id='word_1_7' title='bbox 397 215 590 247; x_wconf 68' lang='lat' dir='ltr'><strong>caeremonias,</strong></span> <span class='ocrx_word' id='word_1_8' title='bbox 619 217 701 247; x_wconf 83' lang='lat' dir='ltr'><strong>atque</strong></span> <span class='ocrx_word' id='word_1_9' title='bbox 725 213 751 240; x_wconf 81' lang='lat' dir='ltr'><strong>in</strong></span> <span class='ocrx_word' id='word_1_10' title='bbox 767 213 912 240; x_wconf 83' lang='lat' dir='ltr'><strong>deiformcs</strong></span> <span class='ocrx_word' id='word_1_11' title='bbox 929 221 970 241; x_wconf 77' lang='lat' dir='ltr'><strong>sa-</strong></span> 
     </span>
    </p>
   </div>
   <div class='ocr_carea' id='block_1_5' title="bbox 1037 211 1821 250">
    <p class='ocr_par' dir='ltr' id='par_1_5' title="bbox 1037 211 1821 248">
     <span class='ocr_line' id='line_1_5' title="bbox 1037 211 1821 248; baseline -0.004 -8"><span class='ocrx_word' id='word_1_12' title='bbox 1037 214 1070 240; x_wconf 72' lang='lat' dir='ltr'><strong>:al.</strong></span> <span class='ocrx_word' id='word_1_13' title='bbox 1086 213 1227 240; x_wconf 74' lang='grc' dir='ltr'>τελευταία</span> <span class='ocrx_word' id='word_1_14' title='bbox 1247 213 1372 240; x_wconf 80' lang='grc' dir='ltr'><strong>τάττεται</strong></span> <span class='ocrx_word' id='word_1_15' title='bbox 1384 213 1507 248; x_wconf 79' lang='grc' dir='ltr'><strong>δυνάμει,</strong></span> <span class='ocrx_word' id='word_1_16' title='bbox 1527 212 1576 247; x_wconf 79' lang='grc' dir='ltr'>τῆς</span> <span class='ocrx_word' id='word_1_17' title='bbox 1588 219 1618 238; x_wconf 80' lang='grc' dir='ltr'><strong>τε</strong></span> <span class='ocrx_word' id='word_1_18' title='bbox 1638 211 1821 246; x_wconf 73' lang='grc' dir='ltr'>ἰεροπρσπηῦς</span> 
     </span>
    </p>
   </div>
   <div class='ocr_carea' id='block_1_6' title="bbox 187 259 973 293">
    <p class='ocr_par' dir='ltr' id='par_1_6' title="bbox 187 259 973 293">
     <span class='ocr_line' id='line_1_6' title="bbox 187 259 973 293; baseline -0.001 -6"><span class='ocrx_word' id='word_1_19' title='bbox 187 268 295 288; x_wconf 77' lang='lat' dir='ltr'><strong>crurum</strong></span> <span class='ocrx_word' id='word_1_20' title='bbox 310 260 497 292; x_wconf 84' lang='lat' dir='ltr'><strong>administros,</strong></span> <span class='ocrx_word' id='word_1_21' title='bbox 512 264 540 288; x_wconf 90' lang='lat' dir='ltr'><strong>et</strong></span> <span class='ocrx_word' id='word_1_22' title='bbox 554 260 582 287; x_wconf 90' lang='lat' dir='ltr'><strong>in</strong></span> <span class='ocrx_word' id='word_1_23' title='bbox 602 259 662 286; x_wconf 85' lang='lat' dir='ltr'><strong>illos</strong></span> <span class='ocrx_word' id='word_1_24' title='bbox 682 259 728 293; x_wconf 99' lang='lat' dir='ltr'><strong>qui</strong></span> <span class='ocrx_word' id='word_1_25' title='bbox 745 260 778 286; x_wconf 87' lang='lat' dir='ltr'><strong>ab</strong></span> <span class='ocrx_word' id='word_1_26' title='bbox 795 259 836 286; x_wconf 89' lang='lat' dir='ltr'><strong>his</strong></span> <span class='ocrx_word' id='word_1_27' title='bbox 847 260 881 286; x_wconf 89' lang='lat' dir='ltr'><strong>ad</strong></span> <span class='ocrx_word' id='word_1_28' title='bbox 894 267 973 287; x_wconf 84' lang='lat' dir='ltr'><strong>sacra</strong></span> 
     </span>
    </p>
   </div>
   <div class='ocr_carea' id='block_1_7' title="bbox 187 305 973 341">
    <p class='ocr_par' dir='ltr' id='par_1_7' title="bbox 187 305 973 341">
     <span class='ocr_line' id='line_1_7' title="bbox 187 305 973 341; baseline -0.001 -8"><span class='ocrx_word' id='word_1_29' title='bbox 187 307 285 341; x_wconf 83' lang='lat' dir='ltr'><strong>cuique</strong></span> <span class='ocrx_word' id='word_1_30' title='bbox 310 307 488 341; x_wconf 74' lang='lat' dir='ltr'><strong>congruentia</strong></span> <span class='ocrx_word' id='word_1_31' title='bbox 509 311 715 341; x_wconf 75' lang='lat' dir='ltr'><strong>promoventur.</strong></span> <span class='ocrx_word' id='word_1_32' title='bbox 732 305 865 339; x_wconf 71' lang='lat' dir='ltr'><strong>Quaelibet</strong></span> <span class='ocrx_word' id='word_1_33' title='bbox 883 311 973 332; x_wconf 82' lang='lat' dir='ltr'><strong>autent</strong></span> 
     </span>
    </p>
   </div>
   <div class='ocr_carea' id='block_1_8' title="bbox 187 351 976 386">
    <p class='ocr_par' dir='ltr' id='par_1_8' title="bbox 187 351 976 386">
     <span class='ocr_line' id='line_1_8' title="bbox 187 351 976 386; baseline 0 -7"><span class='ocrx_word' id='word_1_34' title='bbox 187 359 219 379; x_wconf 83' lang='lat' dir='ltr'><strong>cx</strong></span> <span class='ocrx_word' id='word_1_35' title='bbox 235 352 321 379; x_wconf 84' lang='lat' dir='ltr'><strong>tribus</strong></span> <span class='ocrx_word' id='word_1_36' title='bbox 335 351 498 379; x_wconf 65' lang='lat' dir='ltr'><strong>ltierarcbize</strong></span> <span class='ocrx_word' id='word_1_37' title='bbox 512 356 612 378; x_wconf 77' lang='lat' dir='ltr'><strong>nostra:</strong></span> <span class='ocrx_word' id='word_1_38' title='bbox 627 351 819 386; x_wconf 88' lang='lat' dir='ltr'><strong>partitionibus</strong></span> <span class='ocrx_word' id='word_1_39' title='bbox 832 351 864 377; x_wconf 90' lang='lat' dir='ltr'><strong>ad</strong></span> <span class='ocrx_word' id='word_1_40' title='bbox 882 351 976 386; x_wconf 77' lang='lat' dir='ltr'><strong>legalis</strong></span> 
     </span>
    </p>
   </div>
   <div class='ocr_carea' id='block_1_9' title="bbox 1028 257 1821 295">
    <p class='ocr_par' dir='ltr' id='par_1_9' title="bbox 1028 257 1821 295">
     <span class='ocr_line' id='line_1_9' title="bbox 1028 257 1821 295; baseline -0.004 -9"><span class='ocrx_word' id='word_1_41' title='bbox 1028 259 1172 294; x_wconf 73' lang='grc' dir='ltr'><strong>ἀναλογίας</strong></span> <span class='ocrx_word' id='word_1_42' title='bbox 1186 259 1408 295; x_wconf 84' lang='grc' dir='ltr'>προμυθουμένη,</span> <span class='ocrx_word' id='word_1_43' title='bbox 1422 260 1468 286; x_wconf 78' lang='grc' dir='ltr'>καὶ</span> <span class='ocrx_word' id='word_1_44' title='bbox 1480 259 1529 294; x_wconf 82' lang='grc' dir='ltr'>τῆς</span> <span class='ocrx_word' id='word_1_45' title='bbox 1540 258 1670 285; x_wconf 82' lang='grc' dir='ltr'>ἁπάντων</span> <span class='ocrx_word' id='word_1_46' title='bbox 1682 257 1821 293; x_wconf 82' lang='grc' dir='ltr'>εὐκόσμου</span> 
     </span>
    </p>
   </div>
   <div class='ocr_carea' id='block_1_10' title="bbox 1029 304 1818 342">
    <p class='ocr_par' dir='ltr' id='par_1_10' title="bbox 1029 304 1818 342">
     <span class='ocr_line' id='line_1_10' title="bbox 1029 304 1818 342; baseline -0.004 -9"><span class='ocrx_word' id='word_1_47' title='bbox 1029 306 1076 333; x_wconf 73' lang='grc' dir='ltr'><strong>καί¹</strong></span> <span class='ocrx_word' id='word_1_48' title='bbox 1100 307 1170 333; x_wconf 88' lang='grc' dir='ltr'>κατὰ</span> <span class='ocrx_word' id='word_1_49' title='bbox 1194 307 1271 339; x_wconf 82' lang='grc' dir='ltr'>τάξιν</span> <span class='ocrx_word' id='word_1_50' title='bbox 1295 305 1455 342; x_wconf 77' lang='grc' dir='ltr'>ἐναρμονίου</span> <span class='ocrx_word' id='word_1_51' title='bbox 1480 305 1527 332; x_wconf 76' lang='grc' dir='ltr'>καὶ</span> <span class='ocrx_word' id='word_1_52' title='bbox 1545 304 1700 339; x_wconf 82' lang='grc' dir='ltr'>συνδετικῆς</span> <span class='ocrx_word' id='word_1_53' title='bbox 1724 312 1818 330; x_wconf 79' lang='grc' dir='ltr'>κοινω-</span> 
     </span>
    </p>
   </div>
   <div class='ocr_carea' id='block_1_11' title="bbox 1029 361 1097 384">
    <p class='ocr_par' dir='ltr' id='par_1_11' title="bbox 1029 361 1097 384">
     <span class='ocr_line' id='line_1_11' title="bbox 1029 361 1097 384; baseline -0.015 -5"><span class='ocrx_word' id='word_1_54' title='bbox 1029 361 1097 384; x_wconf 88' lang='grc' dir='ltr'>νιας.</span> 
     </span>
    </p>
   </div>
   <div class='ocr_carea' id='block_1_12' title="bbox 186 395 1822 431">
    <p class='ocr_par' dir='ltr' id='par_1_12' title="bbox 186 395 1822 431">
     <span class='ocr_line' id='line_1_12' title="bbox 186 395 1822 431; baseline 0.001 -8"><span class='ocrx_word' id='word_1_55' title='bbox 186 397 290 430; x_wconf 76' lang='lat' dir='ltr'><strong>eteius,</strong></span> <span class='ocrx_word' id='word_1_56' title='bbox 307 404 366 431; x_wconf 68' lang='lat' dir='ltr'><strong>quas</strong></span> <span class='ocrx_word' id='word_1_57' title='bbox 380 401 472 424; x_wconf 90' lang='lat' dir='ltr'><strong>nostra</strong></span> <span class='ocrx_word' id='word_1_58' title='bbox 487 397 539 424; x_wconf 89' lang='lat' dir='ltr'><strong>hac</strong></span> <span class='ocrx_word' id='word_1_59' title='bbox 554 395 671 423; x_wconf 87' lang='lat' dir='ltr'><strong>divinior</strong></span> <span class='ocrx_word' id='word_1_60' title='bbox 687 401 738 428; x_wconf 87' lang='lat' dir='ltr'><strong>est,</strong></span> <span class='ocrx_word' id='word_1_61' title='bbox 754 396 914 423; x_wconf 67' lang='lat' dir='ltr'><strong>ltierarcltiae</strong></span> <span class='ocrx_word' id='word_1_62' title='bbox 931 396 1149 429; x_wconf 83' lang='lat' dir='ltr'><strong>similitmlinent,</strong></span> <span class='ocrx_word' id='word_1_63' title='bbox 1171 397 1270 431; x_wconf 84' lang='lat' dir='ltr'><strong>prima,</strong></span> <span class='ocrx_word' id='word_1_64' title='bbox 1299 402 1332 424; x_wconf 82' lang='lat' dir='ltr'><strong>et.</strong></span> <span class='ocrx_word' id='word_1_65' title='bbox 1344 398 1444 429; x_wconf 87' lang='lat' dir='ltr'><strong>media,</strong></span> <span class='ocrx_word' id='word_1_66' title='bbox 1471 402 1499 424; x_wconf 92' lang='lat' dir='ltr'><strong>et</strong></span> <span class='ocrx_word' id='word_1_67' title='bbox 1523 402 1644 424; x_wconf 87' lang='lat' dir='ltr'><strong>extrema</strong></span> <span class='ocrx_word' id='word_1_68' title='bbox 1675 395 1822 425; x_wconf 72' lang='lat' dir='ltr'><strong>statuitur.</strong></span> 
     </span>
    </p>
   </div>
   <div class='ocr_carea' id='block_1_13' title="bbox 186 442 1823 482">
    <p class='ocr_par' dir='ltr' id='par_1_13' title="bbox 186 442 1823 482">
     <span class='ocr_line' id='line_1_13' title="bbox 186 442 1823 482; baseline -0.001 -10"><span class='ocrx_word' id='word_1_69' title='bbox 186 452 249 472; x_wconf 86' lang='lat' dir='ltr'><strong>cum</strong></span> <span class='ocrx_word' id='word_1_70' title='bbox 263 450 365 472; x_wconf 73' lang='lat' dir='ltr'><strong>sanctze</strong></span> <span class='ocrx_word' id='word_1_71' title='bbox 379 445 574 480; x_wconf 73' lang='lat' dir='ltr'><strong>proportionis,</strong></span> <span class='ocrx_word' id='word_1_72' title='bbox 600 450 656 472; x_wconf 89' lang='lat' dir='ltr'><strong>tum</strong></span> <span class='ocrx_word' id='word_1_73' title='bbox 671 444 870 472; x_wconf 71' lang='lat' dir='ltr'><strong>venustissima:</strong></span> <span class='ocrx_word' id='word_1_74' title='bbox 894 452 999 480; x_wconf 82' lang='lat' dir='ltr'><strong>suoque</strong></span> <span class='ocrx_word' id='word_1_75' title='bbox 1019 446 1107 482; x_wconf 83' lang='lat' dir='ltr'><strong>ordini</strong></span> <span class='ocrx_word' id='word_1_76' title='bbox 1126 454 1262 482; x_wconf 68' lang='lat' dir='ltr'><strong>cottgrnm,</strong></span> <span class='ocrx_word' id='word_1_77' title='bbox 1285 454 1318 474; x_wconf 87' lang='lat' dir='ltr'><strong>ac</strong></span> <span class='ocrx_word' id='word_1_78' title='bbox 1344 452 1440 474; x_wconf 73' lang='lat' dir='ltr'><strong>cuncta</strong></span> <span class='ocrx_word' id='word_1_79' title='bbox 1466 446 1655 473; x_wconf 86' lang='lat' dir='ltr'><strong>c0nnectcnlis</strong></span> <span class='ocrx_word' id='word_1_80' title='bbox 1679 442 1823 472; x_wconf 69' lang='lat' dir='ltr'><strong>societatis</strong></span> 
     </span>
    </p>
   </div>
   <div class='ocr_carea' id='block_1_14' title="bbox 190 491 436 519">
    <p class='ocr_par' dir='ltr' id='par_1_14' title="bbox 190 491 436 519">
     <span class='ocr_line' id='line_1_14' title="bbox 190 491 436 519; baseline 0.008 -2"><span class='ocrx_word' id='word_1_81' title='bbox 190 491 291 518; x_wconf 75' lang='lat' dir='ltr'><strong>virtute</strong></span> <span class='ocrx_word' id='word_1_82' title='bbox 306 491 436 519; x_wconf 88' lang='lat' dir='ltr'><strong>subnixa.</strong></span> 
     </span>
    </p>
   </div>
   <div class='ocr_carea' id='block_1_15' title="bbox 964 548 1047 586">
    <p class='ocr_par' dir='ltr' id='par_1_15' title="bbox 964 548 1047 586">
     <span class='ocr_line' id='line_1_15' title="bbox 964 548 1047 586; baseline 0 -8"><span class='ocrx_word' id='word_1_83' title='bbox 964 550 978 586; x_wconf 88' lang='lat'>§</span> <span class='ocrx_word' id='word_1_84' title='bbox 994 548 1047 579; x_wconf 87' lang='lat' dir='ltr'><strong>Ill.</strong></span> 
     </span>
    </p>
   </div>
   <div class='ocr_carea' id='block_1_16' title="bbox 224 642 976 679">
    <p class='ocr_par' dir='ltr' id='par_1_16' title="bbox 224 642 976 679">
     <span class='ocr_line' id='line_1_16' title="bbox 224 642 976 679; baseline -0.008 -5"><span class='ocrx_word' id='word_1_85' title='bbox 224 645 403 674; x_wconf 76' lang='lat' dir='ltr'><strong>Sanctissima</strong></span> <span class='ocrx_word' id='word_1_86' title='bbox 417 645 510 678; x_wconf 81' lang='lat' dir='ltr'><strong>itaque</strong></span> <span class='ocrx_word' id='word_1_87' title='bbox 524 642 717 679; x_wconf 77' lang='lat' dir='ltr'><strong>mysteriorum</strong></span> <span class='ocrx_word' id='word_1_88' title='bbox 734 642 908 669; x_wconf 87' lang='lat' dir='ltr'><strong>consecratio</strong></span> <span class='ocrx_word' id='word_1_89' title='bbox 919 642 976 677; x_wconf 83' lang='lat' dir='ltr'><strong>pri-</strong></span> 
     </span>
    </p>
   </div>
   <div class='ocr_carea' id='block_1_17' title="bbox 190 687 976 726">
    <p class='ocr_par' dir='ltr' id='par_1_17' title="bbox 190 687 976 726">
     <span class='ocr_line' id='line_1_17' title="bbox 190 687 976 726; baseline -0.005 -9"><span class='ocrx_word' id='word_1_90' title='bbox 190 700 260 718; x_wconf 81' lang='lat' dir='ltr'><strong>mam</strong></span> <span class='ocrx_word' id='word_1_91' title='bbox 279 692 387 726; x_wconf 85' lang='lat' dir='ltr'><strong>quidem</strong></span> <span class='ocrx_word' id='word_1_92' title='bbox 404 690 532 716; x_wconf 88' lang='lat' dir='ltr'><strong>virtutem</strong></span> <span class='ocrx_word' id='word_1_93' title='bbox 548 687 707 715; x_wconf 83' lang='lat' dir='ltr'><strong>deil‘orntetn</strong></span> <span class='ocrx_word' id='word_1_94' title='bbox 725 687 821 721; x_wconf 88' lang='lat' dir='ltr'><strong>habet,</strong></span> <span class='ocrx_word' id='word_1_95' title='bbox 837 694 890 722; x_wconf 90' lang='lat' dir='ltr'><strong>qna</strong></span> <span class='ocrx_word' id='word_1_96' title='bbox 913 694 976 722; x_wconf 89' lang='lat' dir='ltr'><strong>pro-</strong></span> 
     </span>
    </p>
   </div>
   <div class='ocr_carea' id='block_1_18' title="bbox 190 732 975 770">
    <p class='ocr_par' dir='ltr' id='par_1_18' title="bbox 190 732 975 770">
     <span class='ocr_line' id='line_1_18' title="bbox 190 732 975 770; baseline -0.008 -5"><span class='ocrx_word' id='word_1_97' title='bbox 190 741 267 764; x_wconf 82' lang='lat' dir='ltr'><strong>lanos</strong></span> <span class='ocrx_word' id='word_1_98' title='bbox 280 737 366 764; x_wconf 83' lang='lat' dir='ltr'><strong>sacris</strong></span> <span class='ocrx_word' id='word_1_99' title='bbox 378 736 488 770; x_wconf 79' lang='lat' dir='ltr'><strong>expiat;</strong></span> <span class='ocrx_word' id='word_1_100' title='bbox 504 734 621 761; x_wconf 87' lang='lat' dir='ltr'><strong>mediam</strong></span> <span class='ocrx_word' id='word_1_101' title='bbox 636 740 714 767; x_wconf 87' lang='lat' dir='ltr'><strong>vero,</strong></span> <span class='ocrx_word' id='word_1_102' title='bbox 726 741 779 767; x_wconf 85' lang='lat' dir='ltr'><strong>qua</strong></span> <span class='ocrx_word' id='word_1_103' title='bbox 796 740 842 760; x_wconf 87' lang='lat' dir='ltr'><strong>eos</strong></span> <span class='ocrx_word' id='word_1_104' title='bbox 858 733 905 768; x_wconf 90' lang='lat' dir='ltr'><strong>qui</strong></span> <span class='ocrx_word' id='word_1_105' title='bbox 919 732 975 768; x_wconf 89' lang='lat' dir='ltr'><strong>jam</strong></span> 
     </span>
    </p>
   </div>
   <div class='ocr_carea' id='block_1_19' title="bbox 189 778 977 818">
    <p class='ocr_par' dir='ltr' id='par_1_19' title="bbox 189 778 977 818">
     <span class='ocr_line' id='line_1_19' title="bbox 189 778 977 818; baseline -0.006 -8"><span class='ocrx_word' id='word_1_106' title='bbox 189 782 288 818; x_wconf 70' lang='lat' dir='ltr'><strong>expiati</strong></span> <span class='ocrx_word' id='word_1_107' title='bbox 307 787 370 810; x_wconf 83' lang='lat' dir='ltr'><strong>sunt</strong></span> <span class='ocrx_word' id='word_1_108' title='bbox 385 781 563 809; x_wconf 88' lang='lat' dir='ltr'><strong>illuminamlo</strong></span> <span class='ocrx_word' id='word_1_109' title='bbox 580 780 686 812; x_wconf 88' lang='lat' dir='ltr'><strong>initiat;</strong></span> <span class='ocrx_word' id='word_1_110' title='bbox 709 784 875 813; x_wconf 86' lang='lat' dir='ltr'><strong>postremam</strong></span> <span class='ocrx_word' id='word_1_111' title='bbox 901 778 977 806; x_wconf 88' lang='lat' dir='ltr'><strong>deni-</strong></span> 
     </span>
    </p>
   </div>
   <div class='ocr_carea' id='block_1_20' title="bbox 190 824 977 862">
    <p class='ocr_par' dir='ltr' id='par_1_20' title="bbox 190 824 977 862">
     <span class='ocr_line' id='line_1_20' title="bbox 190 824 977 862; baseline -0.006 -6"><span class='ocrx_word' id='word_1_112' title='bbox 190 837 251 862; x_wconf 80' lang='lat' dir='ltr'><strong>que,</strong></span> <span class='ocrx_word' id='word_1_113' title='bbox 268 833 296 856; x_wconf 89' lang='lat' dir='ltr'><strong>et</strong></span> <span class='ocrx_word' id='word_1_114' title='bbox 307 835 442 855; x_wconf 86' lang='lat' dir='ltr'><strong>summam</strong></span> <span class='ocrx_word' id='word_1_115' title='bbox 457 825 678 862; x_wconf 67' lang='lat' dir='ltr'><strong>pracedentinm,</strong></span> <span class='ocrx_word' id='word_1_116' title='bbox 690 832 743 860; x_wconf 89' lang='lat' dir='ltr'><strong>qna</strong></span> <span class='ocrx_word' id='word_1_117' title='bbox 758 824 844 852; x_wconf 81' lang='lat' dir='ltr'><strong>sacris</strong></span> <span class='ocrx_word' id='word_1_118' title='bbox 857 824 977 852; x_wconf 78' lang='lat' dir='ltr'><strong>initiatos</strong></span> 
     </span>
    </p>
   </div>
   <div class='ocr_carea' id='block_1_21' title="bbox 1071 636 1823 676">
    <p class='ocr_par' dir='ltr' id='par_1_21' title="bbox 1071 636 1823 676">
     <span class='ocr_line' id='line_1_21' title="bbox 1071 636 1823 676; baseline -0.004 -10"><span class='ocrx_word' id='word_1_119' title='bbox 1071 639 1102 666; x_wconf 82' lang='lat' dir='ltr'><strong>&#39;H</strong></span> <span class='ocrx_word' id='word_1_120' title='bbox 1119 639 1168 676; x_wconf 76' lang='grc' dir='ltr'><strong>μὲν</strong></span> <span class='ocrx_word' id='word_1_121' title='bbox 1181 637 1227 666; x_wconf 82' lang='grc' dir='ltr'>οὖν</span> <span class='ocrx_word' id='word_1_122' title='bbox 1241 638 1380 674; x_wconf 78' lang='grc' dir='ltr'>ἀγιωτάτη</span> <span class='ocrx_word' id='word_1_123' title='bbox 1391 638 1445 665; x_wconf 79' lang='grc' dir='ltr'>τῶν</span> <span class='ocrx_word' id='word_1_124' title='bbox 1457 637 1573 664; x_wconf 82' lang='grc' dir='ltr'>τελετῶν</span> <span class='ocrx_word' id='word_1_125' title='bbox 1588 637 1726 673; x_wconf 74' lang='grc' dir='ltr'><strong>ἱερουργία</strong></span> <span class='ocrx_word' id='word_1_126' title='bbox 1746 636 1823 673; x_wconf 87' lang='grc' dir='ltr'><strong>πρώ-</strong></span> 
     </span>
    </p>
   </div>
   <div class='ocr_carea' id='block_1_22' title="bbox 1029 683 1824 722">
    <p class='ocr_par' dir='ltr' id='par_1_22' title="bbox 1029 683 1824 722">
     <span class='ocr_line' id='line_1_22' title="bbox 1029 683 1824 722; baseline -0.004 -10"><span class='ocrx_word' id='word_1_127' title='bbox 1029 694 1078 722; x_wconf 86' lang='grc' dir='ltr'><strong>την</strong></span> <span class='ocrx_word' id='word_1_128' title='bbox 1093 686 1142 721; x_wconf 81' lang='grc' dir='ltr'>μὲν</span> <span class='ocrx_word' id='word_1_129' title='bbox 1151 685 1208 720; x_wconf 71' lang='grc' dir='ltr'>ἔχει</span> <span class='ocrx_word' id='word_1_130' title='bbox 1221 684 1322 720; x_wconf 75' lang='grc' dir='ltr'><strong>θεοειδῆ</strong></span> <span class='ocrx_word' id='word_1_131' title='bbox 1333 685 1446 720; x_wconf 83' lang='grc' dir='ltr'>δύναμιν</span> <span class='ocrx_word' id='word_1_132' title='bbox 1455 684 1505 720; x_wconf 84' lang='grc' dir='ltr'>τὴν</span> <span class='ocrx_word' id='word_1_133' title='bbox 1515 683 1591 719; x_wconf 83' lang='grc' dir='ltr'>ἰερὰν</span> <span class='ocrx_word' id='word_1_134' title='bbox 1601 683 1656 710; x_wconf 84' lang='grc' dir='ltr'><strong>τῶν</strong></span> <span class='ocrx_word' id='word_1_135' title='bbox 1670 683 1824 710; x_wconf 71' lang='grc' dir='ltr'><strong>ἀτελέστων</strong></span> 
     </span>
    </p>
   </div>
   <div class='ocr_carea' id='block_1_23' title="bbox 1031 729 1824 769">
    <p class='ocr_par' dir='ltr' id='par_1_23' title="bbox 1031 729 1824 769">
     <span class='ocr_line' id='line_1_23' title="bbox 1031 729 1824 769; baseline -0.006 -9"><span class='ocrx_word' id='word_1_136' title='bbox 1031 732 1175 769; x_wconf 73' lang='grc' dir='ltr'>κάθαρσιν,</span> <span class='ocrx_word' id='word_1_137' title='bbox 1190 731 1276 767; x_wconf 84' lang='grc' dir='ltr'><strong>μέσην</strong></span> <span class='ocrx_word' id='word_1_138' title='bbox 1290 731 1328 762; x_wconf 85' lang='grc' dir='ltr'><strong>δὲ,</strong></span> <span class='ocrx_word' id='word_1_139' title='bbox 1340 730 1390 767; x_wconf 86' lang='grc' dir='ltr'><strong>τὴν</strong></span> <span class='ocrx_word' id='word_1_140' title='bbox 1410 729 1464 757; x_wconf 86' lang='grc' dir='ltr'>τῶν</span> <span class='ocrx_word' id='word_1_141' title='bbox 1483 729 1673 766; x_wconf 85' lang='grc' dir='ltr'>καθαρθέντων</span> <span class='ocrx_word' id='word_1_142' title='bbox 1689 737 1824 764; x_wconf 69' lang='grc' dir='ltr'>φωτιστιο</span> 
     </span>
    </p>
   </div>
   <div class='ocr_carea' id='block_1_24' title="bbox 1030 774 1823 814">
    <p class='ocr_par' dir='ltr' id='par_1_24' title="bbox 1030 774 1823 814">
     <span class='ocr_line' id='line_1_24' title="bbox 1030 774 1823 814; baseline -0.006 -9"><span class='ocrx_word' id='word_1_143' title='bbox 1030 779 1082 814; x_wconf 79' lang='grc' dir='ltr'>κὴν</span> <span class='ocrx_word' id='word_1_144' title='bbox 1105 778 1219 814; x_wconf 76' lang='grc' dir='ltr'>μύησινο</span> <span class='ocrx_word' id='word_1_145' title='bbox 1242 777 1359 812; x_wconf 75' lang='grc' dir='ltr'>ἐσχάτην</span> <span class='ocrx_word' id='word_1_146' title='bbox 1374 775 1412 808; x_wconf 80' lang='grc' dir='ltr'><strong>δὲ,</strong></span> <span class='ocrx_word' id='word_1_147' title='bbox 1428 775 1475 803; x_wconf 77' lang='grc' dir='ltr'>καὶ</span> <span class='ocrx_word' id='word_1_148' title='bbox 1494 775 1547 801; x_wconf 85' lang='grc' dir='ltr'>τῶν</span> <span class='ocrx_word' id='word_1_149' title='bbox 1568 774 1709 811; x_wconf 80' lang='grc' dir='ltr'><strong>προτέρων</strong></span> <span class='ocrx_word' id='word_1_150' title='bbox 1722 782 1823 809; x_wconf 88' lang='grc' dir='ltr'>συγκε-</span> 
     </span>
    </p>
   </div>
   <div class='ocr_carea' id='block_1_25' title="bbox 1031 820 1824 859">
    <p class='ocr_par' dir='ltr' id='par_1_25' title="bbox 1031 820 1824 859">
     <span class='ocr_line' id='line_1_25' title="bbox 1031 820 1824 859; baseline -0.006 -8"><span class='ocrx_word' id='word_1_151' title='bbox 1031 823 1234 859; x_wconf 78' lang='grc' dir='ltr'>φαλαιωτικὴν,</span> <span class='ocrx_word' id='word_1_152' title='bbox 1246 823 1296 859; x_wconf 85' lang='grc' dir='ltr'><strong>τὴν</strong></span> <span class='ocrx_word' id='word_1_153' title='bbox 1314 822 1368 849; x_wconf 86' lang='grc' dir='ltr'><strong>τῶν</strong></span> <span class='ocrx_word' id='word_1_154' title='bbox 1390 821 1546 858; x_wconf 78' lang='grc' dir='ltr'><strong>μυηθέντων</strong></span> <span class='ocrx_word' id='word_1_155' title='bbox 1563 821 1592 847; x_wconf 80' lang='grc' dir='ltr'>ὲν</span> <span class='ocrx_word' id='word_1_156' title='bbox 1609 822 1749 857; x_wconf 79' lang='grc' dir='ltr'><strong>ἐπιστήμῃ</strong></span> <span class='ocrx_word' id='word_1_157' title='bbox 1767 820 1824 847; x_wconf 83' lang='grc' dir='ltr'><strong>τῶν</strong></span> 
     </span>
    </p>
   </div>
   <div class='ocr_carea' id='block_1_26' title="bbox 190 866 984 909">
    <p class='ocr_par' dir='ltr' id='par_1_26' title="bbox 190 869 979 909">
     <span class='ocr_line' id='line_1_26' title="bbox 190 869 979 909; baseline -0.001 -11"><span class='ocrx_word' id='word_1_158' title='bbox 190 871 617 909; x_wconf 66' lang='lat' dir='ltr'><strong>propriarum_consecrationutn</strong></span> <span class='ocrx_word' id='word_1_159' title='bbox 633 869 747 897; x_wconf 87' lang='lat' dir='ltr'><strong>scientia</strong></span> <span class='ocrx_word' id='word_1_160' title='bbox 764 874 936 896; x_wconf 81' lang='lat' dir='ltr'><strong>cnnsutnmat</strong></span> <span class='ocrx_word' id='word_1_161' title='bbox 947 877 979 897; x_wconf 89' lang='lat' dir='ltr'><strong>ac</strong></span> 
     </span>
    </p>
   </div>
   <div class='ocr_carea' id='block_1_27' title="bbox 1037 866 1825 909">
    <p class='ocr_par' dir='ltr' id='par_1_27' title="bbox 1037 866 1825 906">
     <span class='ocr_line' id='line_1_27' title="bbox 1037 866 1825 906; baseline -0.006 -9"><span class='ocrx_word' id='word_1_162' title='bbox 1037 870 1136 897; x_wconf 74' lang='lat' dir='ltr'><strong>tixslmv</strong></span> <span class='ocrx_word' id='word_1_163' title='bbox 1161 870 1287 906; x_wconf 83' lang='grc' dir='ltr'>μυήσεων</span> <span class='ocrx_word' id='word_1_164' title='bbox 1312 869 1462 896; x_wconf 86' lang='grc' dir='ltr'>τελείωσιν.</span> <span class='ocrx_word' id='word_1_165' title='bbox 1481 867 1513 894; x_wconf 86' lang='grc' dir='ltr'>Ἦ</span> <span class='ocrx_word' id='word_1_166' title='bbox 1532 867 1560 894; x_wconf 83' lang='grc' dir='ltr'><strong>δὲ</strong></span> <span class='ocrx_word' id='word_1_167' title='bbox 1584 867 1640 893; x_wconf 82' lang='grc' dir='ltr'><strong>τῶν</strong></span> <span class='ocrx_word' id='word_1_168' title='bbox 1673 866 1825 903; x_wconf 84' lang='grc' dir='ltr'>ἰερουργῶν</span> 
     </span>
    </p>
   </div>
   <div class='ocr_carea' id='block_1_28' title="bbox 194 915 979 954">
    <p class='ocr_par' dir='ltr' id='par_1_28' title="bbox 194 915 979 954">
     <span class='ocr_line' id='line_1_28' title="bbox 194 915 979 954; baseline -0.004 -9"><span class='ocrx_word' id='word_1_169' title='bbox 194 920 311 954; x_wconf 74' lang='grc' dir='ltr'>ιιει-ιίεῑι.</span> <span class='ocrx_word' id='word_1_170' title='bbox 337 918 423 946; x_wconf 85' lang='lat' dir='ltr'><strong>Porro</strong></span> <span class='ocrx_word' id='word_1_171' title='bbox 452 924 592 944; x_wconf 84' lang='lat' dir='ltr'><strong>sacrarunt</strong></span> <span class='ocrx_word' id='word_1_172' title='bbox 621 916 808 943; x_wconf 83' lang='lat' dir='ltr'><strong>ministrorum</strong></span> <span class='ocrx_word' id='word_1_173' title='bbox 837 915 979 943; x_wconf 85' lang='lat' dir='ltr'><strong>distinctio</strong></span> 
     </span>
    </p>
   </div>
   <div class='ocr_carea' id='block_1_29' title="bbox 191 960 979 1001">
    <p class='ocr_par' dir='ltr' id='par_1_29' title="bbox 191 960 979 1001">
     <span class='ocr_line' id='line_1_29' title="bbox 191 960 979 1001; baseline -0.005 -10"><span class='ocrx_word' id='word_1_174' title='bbox 191 968 291 993; x_wconf 88' lang='lat' dir='ltr'><strong>\irtnle</strong></span> <span class='ocrx_word' id='word_1_175' title='bbox 309 965 394 1001; x_wconf 88' lang='lat' dir='ltr'><strong>prima</strong></span> <span class='ocrx_word' id='word_1_176' title='bbox 410 971 461 999; x_wconf 81' lang='lat' dir='ltr'><strong>per</strong></span> <span class='ocrx_word' id='word_1_177' title='bbox 475 962 604 998; x_wconf 82' lang='lat' dir='ltr'><strong>mysteria</strong></span> <span class='ocrx_word' id='word_1_178' title='bbox 619 961 749 996; x_wconf 83' lang='lat' dir='ltr'><strong>profanos</strong></span> <span class='ocrx_word' id='word_1_179' title='bbox 764 962 874 996; x_wconf 86' lang='lat' dir='ltr'><strong>expiat;</strong></span> <span class='ocrx_word' id='word_1_180' title='bbox 891 960 979 988; x_wconf 86' lang='lat' dir='ltr'><strong>media</strong></span> 
     </span>
    </p>
   </div>
   <div class='ocr_carea' id='block_1_30' title="bbox 191 1008 976 1046">
    <p class='ocr_par' dir='ltr' id='par_1_30' title="bbox 191 1008 976 1046">
     <span class='ocr_line' id='line_1_30' title="bbox 191 1008 976 1046; baseline -0.006 -8"><span class='ocrx_word' id='word_1_181' title='bbox 191 1019 255 1038; x_wconf 78' lang='lat' dir='ltr'><strong>vero</strong></span> <span class='ocrx_word' id='word_1_182' title='bbox 268 1011 390 1046; x_wconf 80' lang='lat' dir='ltr'><strong>expiatos</strong></span> <span class='ocrx_word' id='word_1_183' title='bbox 410 1009 560 1041; x_wconf 81' lang='lat' dir='ltr'><strong>illuminat,</strong></span> <span class='ocrx_word' id='word_1_184' title='bbox 587 1013 723 1044; x_wconf 87' lang='lat' dir='ltr'><strong>postrema</strong></span> <span class='ocrx_word' id='word_1_185' title='bbox 744 1008 862 1042; x_wconf 85' lang='lat' dir='ltr'><strong>denique</strong></span> <span class='ocrx_word' id='word_1_186' title='bbox 886 1014 976 1041; x_wconf 87' lang='lat' dir='ltr'><strong>eaque</strong></span> 
     </span>
    </p>
   </div>
   <div class='ocr_carea' id='block_1_31' title="bbox 191 1052 977 1092">
    <p class='ocr_par' dir='ltr' id='par_1_31' title="bbox 191 1052 977 1092">
     <span class='ocr_line' id='line_1_31' title="bbox 191 1052 977 1092; baseline -0.006 -8"><span class='ocrx_word' id='word_1_187' title='bbox 191 1064 317 1092; x_wconf 76' lang='lat' dir='ltr'><strong>suprema</strong></span> <span class='ocrx_word' id='word_1_188' title='bbox 343 1063 487 1084; x_wconf 90' lang='lat' dir='ltr'><strong>sacrorum</strong></span> <span class='ocrx_word' id='word_1_189' title='bbox 517 1054 708 1082; x_wconf 86' lang='lat' dir='ltr'><strong>ministrorum</strong></span> <span class='ocrx_word' id='word_1_190' title='bbox 735 1054 834 1080; x_wconf 85' lang='lat' dir='ltr'><strong>virtute</strong></span> <span class='ocrx_word' id='word_1_191' title='bbox 857 1060 915 1086; x_wconf 88' lang='lat' dir='ltr'><strong>eos,</strong></span> <span class='ocrx_word' id='word_1_192' title='bbox 931 1052 977 1087; x_wconf 88' lang='lat' dir='ltr'><strong>qtti</strong></span> 
     </span>
    </p>
   </div>
   <div class='ocr_carea' id='block_1_32' title="bbox 192 1099 981 1137">
    <p class='ocr_par' dir='ltr' id='par_1_32' title="bbox 192 1099 981 1137">
     <span class='ocr_line' id='line_1_32' title="bbox 192 1099 981 1137; baseline -0.005 -7"><span class='ocrx_word' id='word_1_193' title='bbox 192 1103 276 1130; x_wconf 69' lang='lat' dir='ltr'><strong>nivittl</strong></span> <span class='ocrx_word' id='word_1_194' title='bbox 295 1103 407 1130; x_wconf 90' lang='lat' dir='ltr'><strong>luminis</strong></span> <span class='ocrx_word' id='word_1_195' title='bbox 422 1101 571 1137; x_wconf 79' lang='lat' dir='ltr'><strong>participes</strong></span> <span class='ocrx_word' id='word_1_196' title='bbox 587 1101 652 1128; x_wconf 79' lang='lat' dir='ltr'><strong>facti</strong></span> <span class='ocrx_word' id='word_1_197' title='bbox 670 1104 743 1134; x_wconf 90' lang='lat' dir='ltr'><strong>sunt,</strong></span> <span class='ocrx_word' id='word_1_198' title='bbox 765 1099 884 1135; x_wconf 81' lang='lat' dir='ltr'><strong>perfecta</strong></span> <span class='ocrx_word' id='word_1_199' title='bbox 908 1100 981 1126; x_wconf 87' lang='lat' dir='ltr'><strong>visa-</strong></span> 
     </span>
    </p>
   </div>
   <div class='ocr_carea' id='block_1_33' title="bbox 195 1145 982 1176">
    <p class='ocr_par' dir='ltr' id='par_1_33' title="bbox 195 1145 982 1176">
     <span class='ocr_line' id='line_1_33' title="bbox 195 1145 982 1176; baseline -0.005 0"><span class='ocrx_word' id='word_1_200' title='bbox 195 1158 252 1176; x_wconf 84' lang='lat' dir='ltr'><strong>tum</strong></span> <span class='ocrx_word' id='word_1_201' title='bbox 273 1148 484 1176; x_wconf 87' lang='lat' dir='ltr'><strong>illustrationutn</strong></span> <span class='ocrx_word' id='word_1_202' title='bbox 511 1147 626 1174; x_wconf 77' lang='lat' dir='ltr'><strong>scicntia</strong></span> <span class='ocrx_word' id='word_1_203' title='bbox 644 1145 771 1173; x_wconf 81' lang='lat' dir='ltr'><strong>absolvit.</strong></span> <span class='ocrx_word' id='word_1_204' title='bbox 800 1145 899 1172; x_wconf 87' lang='lat' dir='ltr'><strong>Eorum</strong></span> <span class='ocrx_word' id='word_1_205' title='bbox 917 1152 982 1172; x_wconf 90' lang='lat' dir='ltr'><strong>vero</strong></span> 
     </span>
    </p>
   </div>
   <div class='ocr_carea' id='block_1_34' title="bbox 193 1191 981 1229">
    <p class='ocr_par' dir='ltr' id='par_1_34' title="bbox 193 1191 981 1229">
     <span class='ocr_line' id='line_1_34' title="bbox 193 1191 981 1229; baseline -0.008 -7"><span class='ocrx_word' id='word_1_206' title='bbox 193 1195 238 1229; x_wconf 77' lang='lat' dir='ltr'><strong>qui</strong></span> <span class='ocrx_word' id='word_1_207' title='bbox 257 1195 401 1222; x_wconf 83' lang='lat' dir='ltr'><strong>initiantur</strong></span> <span class='ocrx_word' id='word_1_208' title='bbox 414 1194 456 1221; x_wconf 84' lang='lat' dir='ltr'><strong>vis</strong></span> <span class='ocrx_word' id='word_1_209' title='bbox 467 1193 554 1229; x_wconf 85' lang='lat' dir='ltr'><strong>prima</strong></span> <span class='ocrx_word' id='word_1_210' title='bbox 573 1196 634 1225; x_wconf 88' lang='lat' dir='ltr'><strong>est,</strong></span> <span class='ocrx_word' id='word_1_211' title='bbox 647 1199 708 1227; x_wconf 73' lang='lat' dir='ltr'><strong>qua:</strong></span> <span class='ocrx_word' id='word_1_212' title='bbox 732 1191 876 1226; x_wconf 82' lang='lat' dir='ltr'><strong>expiatur;</strong></span> <span class='ocrx_word' id='word_1_213' title='bbox 895 1191 981 1218; x_wconf 84' lang='lat' dir='ltr'><strong>media</strong></span> 
     </span>
    </p>
   </div>
   <div class='ocr_carea' id='block_1_35' title="bbox 194 1237 982 1275">
    <p class='ocr_par' dir='ltr' id='par_1_35' title="bbox 194 1237 982 1275">
     <span class='ocr_line' id='line_1_35' title="bbox 194 1237 982 1275; baseline -0.005 -8"><span class='ocrx_word' id='word_1_214' title='bbox 194 1244 257 1275; x_wconf 74' lang='lat' dir='ltr'><strong>post</strong></span> <span class='ocrx_word' id='word_1_215' title='bbox 267 1240 461 1274; x_wconf 75' lang='lat' dir='ltr'><strong>expiationem,</strong></span> <span class='ocrx_word' id='word_1_216' title='bbox 474 1246 534 1274; x_wconf 64' lang='lat' dir='ltr'><strong>qua:</strong></span> <span class='ocrx_word' id='word_1_217' title='bbox 545 1238 708 1271; x_wconf 83' lang='lat' dir='ltr'><strong>illustratur,</strong></span> <span class='ocrx_word' id='word_1_218' title='bbox 719 1242 748 1265; x_wconf 90' lang='lat' dir='ltr'><strong>et</strong></span> <span class='ocrx_word' id='word_1_219' title='bbox 758 1238 790 1264; x_wconf 90' lang='lat' dir='ltr'><strong>ad</strong></span> <span class='ocrx_word' id='word_1_220' title='bbox 802 1237 982 1272; x_wconf 89' lang='lat' dir='ltr'><strong>quorumdam</strong></span> 
     </span>
    </p>
   </div>
   <div class='ocr_carea' id='block_1_36' title="bbox 194 1284 982 1320">
    <p class='ocr_par' dir='ltr' id='par_1_36' title="bbox 194 1284 982 1320">
     <span class='ocr_line' id='line_1_36' title="bbox 194 1284 982 1320; baseline -0.005 -7"><span class='ocrx_word' id='word_1_221' title='bbox 194 1291 429 1315; x_wconf 58' lang='lat' dir='ltr'><strong>sacramentorum</strong></span> <span class='ocrx_word' id='word_1_222' title='bbox 453 1289 633 1320; x_wconf 89' lang='lat' dir='ltr'><strong>conspectum</strong></span> <span class='ocrx_word' id='word_1_223' title='bbox 650 1284 819 1316; x_wconf 84' lang='lat' dir='ltr'><strong>admittitur;</strong></span> <span class='ocrx_word' id='word_1_224' title='bbox 845 1288 982 1318; x_wconf 77' lang='lat' dir='ltr'><strong>pestrenta</strong></span> 
     </span>
    </p>
   </div>
   <div class='ocr_carea' id='block_1_37' title="bbox 195 1330 982 1368">
    <p class='ocr_par' dir='ltr' id='par_1_37' title="bbox 195 1330 982 1368">
     <span class='ocr_line' id='line_1_37' title="bbox 195 1330 982 1368; baseline -0.006 -8"><span class='ocrx_word' id='word_1_225' title='bbox 195 1332 505 1368; x_wconf 70' lang='lat' dir='ltr'><strong>ttettiqne,c:eterisque</strong></span> <span class='ocrx_word' id='word_1_226' title='bbox 533 1330 669 1363; x_wconf 83' lang='lat' dir='ltr'><strong>divinior,</strong></span> <span class='ocrx_word' id='word_1_227' title='bbox 692 1337 725 1358; x_wconf 85' lang='lat' dir='ltr'><strong>ea</strong></span> <span class='ocrx_word' id='word_1_228' title='bbox 756 1338 816 1365; x_wconf 80' lang='lat' dir='ltr'><strong>qme</strong></span> <span class='ocrx_word' id='word_1_229' title='bbox 841 1337 982 1357; x_wconf 88' lang='lat' dir='ltr'><strong>sacrarum</strong></span> 
     </span>
    </p>
   </div>
   <div class='ocr_carea' id='block_1_38' title="bbox 194 1375 983 1414">
    <p class='ocr_par' dir='ltr' id='par_1_38' title="bbox 194 1375 983 1414">
     <span class='ocr_line' id='line_1_38' title="bbox 194 1375 983 1414; baseline -0.005 -10"><span class='ocrx_word' id='word_1_230' title='bbox 194 1387 262 1414; x_wconf 73' lang='lat' dir='ltr'><strong>quas</strong></span> <span class='ocrx_word' id='word_1_231' title='bbox 274 1378 391 1414; x_wconf 86' lang='lat' dir='ltr'><strong>percipit</strong></span> <span class='ocrx_word' id='word_1_232' title='bbox 406 1378 618 1405; x_wconf 90' lang='lat' dir='ltr'><strong>illustrationum</strong></span> <span class='ocrx_word' id='word_1_233' title='bbox 642 1380 854 1404; x_wconf 82' lang='lat' dir='ltr'><strong>consuntntante</strong></span> <span class='ocrx_word' id='word_1_234' title='bbox 868 1375 983 1402; x_wconf 84' lang='lat' dir='ltr'><strong>scientia</strong></span> 
     </span>
    </p>
   </div>
   <div class='ocr_carea' id='block_1_39' title="bbox 195 1422 984 1460">
    <p class='ocr_par' dir='ltr' id='par_1_39' title="bbox 195 1422 984 1460">
     <span class='ocr_line' id='line_1_39' title="bbox 195 1422 984 1460; baseline -0.008 -7"><span class='ocrx_word' id='word_1_235' title='bbox 195 1427 380 1454; x_wconf 83' lang='lat' dir='ltr'><strong>collustratur.</strong></span> <span class='ocrx_word' id='word_1_236' title='bbox 412 1424 523 1460; x_wconf 79' lang='lat' dir='ltr'><strong>Triplex</strong></span> <span class='ocrx_word' id='word_1_237' title='bbox 552 1425 645 1459; x_wconf 83' lang='lat' dir='ltr'><strong>itaque</strong></span> <span class='ocrx_word' id='word_1_238' title='bbox 673 1423 763 1450; x_wconf 88' lang='lat' dir='ltr'><strong>virtus</strong></span> <span class='ocrx_word' id='word_1_239' title='bbox 791 1422 984 1458; x_wconf 85' lang='lat' dir='ltr'><strong>mysteriorum</strong></span> 
     </span>
    </p>
   </div>
   <div class='ocr_carea' id='block_1_40' title="bbox 196 1468 984 1503">
    <p class='ocr_par' dir='ltr' id='par_1_40' title="bbox 196 1468 984 1503">
     <span class='ocr_line' id='line_1_40' title="bbox 196 1468 984 1503; baseline -0.008 -3"><span class='ocrx_word' id='word_1_240' title='bbox 196 1478 299 1500; x_wconf 55' lang='lat' dir='ltr'><strong>sanctae</strong></span> <span class='ocrx_word' id='word_1_241' title='bbox 313 1471 531 1500; x_wconf 82' lang='lat' dir='ltr'><strong>consecrationis</strong></span> <span class='ocrx_word' id='word_1_242' title='bbox 544 1470 681 1498; x_wconf 87' lang='lat' dir='ltr'><strong>celebrata</strong></span> <span class='ocrx_word' id='word_1_243' title='bbox 697 1474 749 1503; x_wconf 89' lang='lat' dir='ltr'><strong>est,</strong></span> <span class='ocrx_word' id='word_1_244' title='bbox 773 1477 835 1496; x_wconf 91' lang='lat' dir='ltr'><strong>cum</strong></span> <span class='ocrx_word' id='word_1_245' title='bbox 851 1476 884 1495; x_wconf 88' lang='lat' dir='ltr'><strong>ex</strong></span> <span class='ocrx_word' id='word_1_246' title='bbox 909 1468 984 1495; x_wconf 85' lang='lat' dir='ltr'><strong>Scri-</strong></span> 
     </span>
    </p>
   </div>
   <div class='ocr_carea' id='block_1_41' title="bbox 197 1515 985 1554">
    <p class='ocr_par' dir='ltr' id='par_1_41' title="bbox 197 1515 985 1554">
     <span class='ocr_line' id='line_1_41' title="bbox 197 1515 985 1554; baseline -0.009 -7"><span class='ocrx_word' id='word_1_247' title='bbox 197 1520 284 1554; x_wconf 73' lang='lat' dir='ltr'><strong>pturis</strong></span> <span class='ocrx_word' id='word_1_248' title='bbox 298 1519 499 1547; x_wconf 85' lang='lat' dir='ltr'><strong>ostenderimus</strong></span> <span class='ocrx_word' id='word_1_249' title='bbox 515 1525 623 1545; x_wconf 82' lang='lat' dir='ltr'><strong>sacram</strong></span> <span class='ocrx_word' id='word_1_250' title='bbox 640 1517 750 1552; x_wconf 89' lang='lat' dir='ltr'><strong>quidem</strong></span> <span class='ocrx_word' id='word_1_251' title='bbox 765 1515 812 1543; x_wconf 89' lang='lat' dir='ltr'><strong>Dei</strong></span> <span class='ocrx_word' id='word_1_252' title='bbox 839 1521 985 1550; x_wconf 73' lang='lat' dir='ltr'><strong>regenera-</strong></span> 
     </span>
    </p>
   </div>
   <div class='ocr_carea' id='block_1_42' title="bbox 1030 911 1825 951">
    <p class='ocr_par' dir='ltr' id='par_1_42' title="bbox 1030 911 1825 951">
     <span class='ocr_line' id='line_1_42' title="bbox 1030 911 1825 951; baseline -0.006 -9"><span class='ocrx_word' id='word_1_253' title='bbox 1030 915 1209 951; x_wconf 75' lang='grc' dir='ltr'>διακόσμησις</span> <span class='ocrx_word' id='word_1_254' title='bbox 1222 915 1250 941; x_wconf 81' lang='grc' dir='ltr'><strong>ὲν</strong></span> <span class='ocrx_word' id='word_1_255' title='bbox 1267 914 1316 950; x_wconf 84' lang='grc' dir='ltr'>μὲν</span> <span class='ocrx_word' id='word_1_256' title='bbox 1326 915 1359 949; x_wconf 84' lang='grc' dir='ltr'>τῇ</span> <span class='ocrx_word' id='word_1_257' title='bbox 1372 913 1486 949; x_wconf 76' lang='grc' dir='ltr'>δυνάμει</span> <span class='ocrx_word' id='word_1_258' title='bbox 1499 914 1532 949; x_wconf 78' lang='grc' dir='ltr'><strong>τῇ</strong></span> <span class='ocrx_word' id='word_1_259' title='bbox 1546 911 1640 948; x_wconf 81' lang='grc' dir='ltr'>πρώτῃ</span> <span class='ocrx_word' id='word_1_260' title='bbox 1652 911 1700 939; x_wconf 80' lang='grc' dir='ltr'><strong>διὰ</strong></span> <span class='ocrx_word' id='word_1_261' title='bbox 1707 911 1761 938; x_wconf 88' lang='grc' dir='ltr'><strong>τῶν</strong></span> <span class='ocrx_word' id='word_1_262' title='bbox 1774 919 1825 937; x_wconf 85' lang='grc' dir='ltr'>τε-</span> 
     </span>
    </p>
   </div>
   <div class='ocr_carea' id='block_1_43' title="bbox 1031 956 1824 995">
    <p class='ocr_par' dir='ltr' id='par_1_43' title="bbox 1031 956 1824 995">
     <span class='ocr_line' id='line_1_43' title="bbox 1031 956 1824 995; baseline -0.006 -7"><span class='ocrx_word' id='word_1_263' title='bbox 1031 961 1116 988; x_wconf 79' lang='grc' dir='ltr'>λετῶν</span> <span class='ocrx_word' id='word_1_264' title='bbox 1134 959 1314 995; x_wconf 74' lang='grc' dir='ltr'>ἀποκαθαίρει</span> <span class='ocrx_word' id='word_1_265' title='bbox 1330 960 1394 990; x_wconf 81' lang='grc' dir='ltr'>τοὺς</span> <span class='ocrx_word' id='word_1_266' title='bbox 1408 958 1584 990; x_wconf 76' lang='grc' dir='ltr'><strong>ἀτελέστους·</strong></span> <span class='ocrx_word' id='word_1_267' title='bbox 1601 958 1630 984; x_wconf 82' lang='grc' dir='ltr'>ὲν</span> <span class='ocrx_word' id='word_1_268' title='bbox 1648 958 1681 993; x_wconf 81' lang='grc' dir='ltr'>τῇ</span> <span class='ocrx_word' id='word_1_269' title='bbox 1698 957 1767 992; x_wconf 80' lang='grc' dir='ltr'>μέσῃ</span> <span class='ocrx_word' id='word_1_270' title='bbox 1783 956 1824 988; x_wconf 81' lang='grc' dir='ltr'><strong>δὲ,</strong></span> 
     </span>
    </p>
   </div>
   <div class='ocr_carea' id='block_1_44' title="bbox 1032 1003 1827 1042">
    <p class='ocr_par' dir='ltr' id='par_1_44' title="bbox 1032 1003 1827 1042">
     <span class='ocr_line' id='line_1_44' title="bbox 1032 1003 1827 1042; baseline -0.005 -9"><span class='ocrx_word' id='word_1_271' title='bbox 1032 1007 1195 1042; x_wconf 78' lang='grc' dir='ltr'>φωταγωγεῖ</span> <span class='ocrx_word' id='word_1_272' title='bbox 1207 1006 1270 1037; x_wconf 83' lang='grc' dir='ltr'>τοὺς</span> <span class='ocrx_word' id='word_1_273' title='bbox 1283 1005 1478 1040; x_wconf 82' lang='grc' dir='ltr'>καθαρθέντας·</span> <span class='ocrx_word' id='word_1_274' title='bbox 1489 1005 1519 1031; x_wconf 83' lang='grc' dir='ltr'>ὲν</span> <span class='ocrx_word' id='word_1_275' title='bbox 1531 1004 1632 1040; x_wconf 71' lang='grc' dir='ltr'>ἐσχάτῃ</span> <span class='ocrx_word' id='word_1_276' title='bbox 1645 1003 1673 1030; x_wconf 76' lang='grc' dir='ltr'><strong>δὲ</strong></span> <span class='ocrx_word' id='word_1_277' title='bbox 1687 1003 1732 1030; x_wconf 69' lang='grc' dir='ltr'>καὶ</span> <span class='ocrx_word' id='word_1_278' title='bbox 1742 1004 1827 1039; x_wconf 69' lang='grc' dir='ltr'>ἀκρος</span> 
     </span>
    </p>
   </div>
   <div class='ocr_carea' id='block_1_45' title="bbox 1031 1049 1827 1089">
    <p class='ocr_par' dir='ltr' id='par_1_45' title="bbox 1031 1049 1827 1089">
     <span class='ocr_line' id='line_1_45' title="bbox 1031 1049 1827 1089; baseline -0.005 -10"><span class='ocrx_word' id='word_1_279' title='bbox 1031 1053 1099 1089; x_wconf 76' lang='grc' dir='ltr'><strong>τὰτῃ</strong></span> <span class='ocrx_word' id='word_1_280' title='bbox 1119 1053 1173 1079; x_wconf 90' lang='grc' dir='ltr'>τὼν</span> <span class='ocrx_word' id='word_1_281' title='bbox 1194 1052 1342 1088; x_wconf 84' lang='grc' dir='ltr'>ἱερουργῶν</span> <span class='ocrx_word' id='word_1_282' title='bbox 1360 1051 1500 1087; x_wconf 79' lang='grc' dir='ltr'><strong>δυνάμεων</strong></span> <span class='ocrx_word' id='word_1_283' title='bbox 1518 1050 1671 1078; x_wconf 80' lang='grc' dir='ltr'>ἀποτελειοτ</span> <span class='ocrx_word' id='word_1_284' title='bbox 1694 1050 1758 1081; x_wconf 84' lang='grc' dir='ltr'>τοὺς</span> <span class='ocrx_word' id='word_1_285' title='bbox 1785 1049 1827 1086; x_wconf 82' lang='grc' dir='ltr'>τῷ</span> 
     </span>
    </p>
   </div>
   <div class='ocr_carea' id='block_1_46' title="bbox 1033 1097 1826 1135">
    <p class='ocr_par' dir='ltr' id='par_1_46' title="bbox 1033 1097 1826 1135">
     <span class='ocr_line' id='line_1_46' title="bbox 1033 1097 1826 1135; baseline -0.004 -9"><span class='ocrx_word' id='word_1_286' title='bbox 1033 1099 1097 1135; x_wconf 81' lang='grc' dir='ltr'>θείῳ</span> <span class='ocrx_word' id='word_1_287' title='bbox 1110 1100 1180 1134; x_wconf 72' lang='grc' dir='ltr'>φωτὶ</span> <span class='ocrx_word' id='word_1_288' title='bbox 1201 1098 1434 1134; x_wconf 74' lang='grc' dir='ltr'><strong>κεκοινωνηκότας</strong></span> <span class='ocrx_word' id='word_1_289' title='bbox 1455 1098 1484 1124; x_wconf 82' lang='grc' dir='ltr'><strong>ὲν</strong></span> <span class='ocrx_word' id='word_1_290' title='bbox 1495 1099 1555 1130; x_wconf 85' lang='grc' dir='ltr'>ταῖς</span> <span class='ocrx_word' id='word_1_291' title='bbox 1566 1097 1620 1124; x_wconf 86' lang='grc' dir='ltr'>τῶν</span> <span class='ocrx_word' id='word_1_292' title='bbox 1634 1097 1826 1133; x_wconf 78' lang='grc' dir='ltr'>θεωρηθεισῶν</span> 
     </span>
    </p>
   </div>
   <div class='ocr_carea' id='block_1_47' title="bbox 1033 1143 1828 1182">
    <p class='ocr_par' dir='ltr' id='par_1_47' title="bbox 1033 1143 1828 1182">
     <span class='ocr_line' id='line_1_47' title="bbox 1033 1143 1828 1182; baseline -0.004 -9"><span class='ocrx_word' id='word_1_293' title='bbox 1033 1146 1192 1182; x_wconf 82' lang='grc' dir='ltr'>ὲλλάμψεων</span> <span class='ocrx_word' id='word_1_294' title='bbox 1203 1146 1429 1181; x_wconf 85' lang='grc' dir='ltr'>ὲπιστημονικαῖς</span> <span class='ocrx_word' id='word_1_295' title='bbox 1439 1143 1610 1171; x_wconf 87' lang='grc' dir='ltr'>τελειώσεσιν</span> <span class='ocrx_word' id='word_1_296' title='bbox 1623 1144 1656 1170; x_wconf 86' lang='grc'><strong>³³.</strong></span> <span class='ocrx_word' id='word_1_297' title='bbox 1676 1144 1707 1170; x_wconf 84' lang='grc' dir='ltr'><strong>Ἡ</strong></span> <span class='ocrx_word' id='word_1_298' title='bbox 1729 1143 1757 1170; x_wconf 80' lang='grc' dir='ltr'><strong>δὲ</strong></span> <span class='ocrx_word' id='word_1_299' title='bbox 1771 1143 1828 1170; x_wconf 82' lang='grc' dir='ltr'>τῶν</span> 
     </span>
    </p>
   </div>
   <div class='ocr_carea' id='block_1_48' title="bbox 1032 1190 1828 1228">
    <p class='ocr_par' dir='ltr' id='par_1_48' title="bbox 1032 1190 1828 1228">
     <span class='ocr_line' id='line_1_48' title="bbox 1032 1190 1828 1228; baseline -0.004 -9"><span class='ocrx_word' id='word_1_300' title='bbox 1032 1192 1201 1228; x_wconf 81' lang='grc' dir='ltr'><strong>τελουμένων</strong></span> <span class='ocrx_word' id='word_1_301' title='bbox 1219 1191 1332 1227; x_wconf 81' lang='grc' dir='ltr'>δύναμις</span> <span class='ocrx_word' id='word_1_302' title='bbox 1353 1192 1369 1227; x_wconf 82' lang='grc' dir='ltr'>ἡ</span> <span class='ocrx_word' id='word_1_303' title='bbox 1391 1190 1486 1226; x_wconf 83' lang='grc' dir='ltr'><strong>πρώτη</strong></span> <span class='ocrx_word' id='word_1_304' title='bbox 1508 1190 1558 1226; x_wconf 85' lang='grc' dir='ltr'>μὲν</span> <span class='ocrx_word' id='word_1_305' title='bbox 1572 1190 1644 1217; x_wconf 81' lang='grc' dir='ltr'>ἐστιν</span> <span class='ocrx_word' id='word_1_306' title='bbox 1664 1191 1680 1225; x_wconf 82' lang='grc' dir='ltr'>ἡ</span> <span class='ocrx_word' id='word_1_307' title='bbox 1696 1190 1828 1226; x_wconf 83' lang='grc' dir='ltr'>καθαιρο-</span> 
     </span>
    </p>
   </div>
   <div class='ocr_carea' id='block_1_49' title="bbox 1035 1235 1828 1275">
    <p class='ocr_par' dir='ltr' id='par_1_49' title="bbox 1035 1235 1828 1275">
     <span class='ocr_line' id='line_1_49' title="bbox 1035 1235 1828 1275; baseline -0.003 -10"><span class='ocrx_word' id='word_1_308' title='bbox 1035 1239 1114 1275; x_wconf 72' lang='grc' dir='ltr'>μένηο</span> <span class='ocrx_word' id='word_1_309' title='bbox 1135 1238 1204 1274; x_wconf 83' lang='grc' dir='ltr'><strong>μέση</strong></span> <span class='ocrx_word' id='word_1_310' title='bbox 1217 1238 1245 1265; x_wconf 79' lang='grc' dir='ltr'><strong>δὲ</strong></span> <span class='ocrx_word' id='word_1_311' title='bbox 1258 1237 1327 1274; x_wconf 86' lang='grc' dir='ltr'>μετὰ</span> <span class='ocrx_word' id='word_1_312' title='bbox 1338 1237 1387 1273; x_wconf 82' lang='grc' dir='ltr'>τὴν</span> <span class='ocrx_word' id='word_1_313' title='bbox 1401 1236 1534 1272; x_wconf 82' lang='grc' dir='ltr'>κάθαρσιν</span> <span class='ocrx_word' id='word_1_314' title='bbox 1553 1237 1570 1272; x_wconf 85' lang='grc' dir='ltr'>ὴ</span> <span class='ocrx_word' id='word_1_315' title='bbox 1584 1236 1765 1272; x_wconf 80' lang='grc' dir='ltr'>φωτιζομένη,</span> <span class='ocrx_word' id='word_1_316' title='bbox 1779 1235 1828 1263; x_wconf 82' lang='grc' dir='ltr'><strong>καί</strong></span> 
     </span>
    </p>
   </div>
   <div class='ocr_carea' id='block_1_50' title="bbox 1033 1281 1830 1322">
    <p class='ocr_par' dir='ltr' id='par_1_50' title="bbox 1033 1281 1830 1322">
     <span class='ocr_line' id='line_1_50' title="bbox 1033 1281 1830 1322; baseline -0.005 -9"><span class='ocrx_word' id='word_1_317' title='bbox 1033 1294 1114 1313; x_wconf 86' lang='grc' dir='ltr'>τινων</span> <span class='ocrx_word' id='word_1_318' title='bbox 1137 1285 1218 1322; x_wconf 83' lang='grc' dir='ltr'>ίερῶν</span> <span class='ocrx_word' id='word_1_319' title='bbox 1237 1284 1409 1321; x_wconf 86' lang='grc' dir='ltr'>θεωρητική·</span> <span class='ocrx_word' id='word_1_320' title='bbox 1432 1283 1576 1310; x_wconf 85' lang='grc' dir='ltr'>τελευταία</span> <span class='ocrx_word' id='word_1_321' title='bbox 1590 1283 1618 1309; x_wconf 77' lang='grc' dir='ltr'><strong>δὲ</strong></span> <span class='ocrx_word' id='word_1_322' title='bbox 1640 1283 1687 1310; x_wconf 71' lang='grc' dir='ltr'>καὶ</span> <span class='ocrx_word' id='word_1_323' title='bbox 1702 1281 1830 1318; x_wconf 81' lang='grc' dir='ltr'>θειοτέρα</span> 
     </span>
    </p>
   </div>
   <div class='ocr_carea' id='block_1_51' title="bbox 1034 1325 1829 1366">
    <p class='ocr_par' dir='ltr' id='par_1_51' title="bbox 1034 1325 1829 1366">
     <span class='ocr_line' id='line_1_51' title="bbox 1034 1325 1829 1366; baseline -0.006 -7"><span class='ocrx_word' id='word_1_324' title='bbox 1034 1332 1088 1359; x_wconf 84' lang='grc' dir='ltr'><strong>τῶν</strong></span> <span class='ocrx_word' id='word_1_325' title='bbox 1104 1331 1191 1359; x_wconf 75' lang='grc' dir='ltr'>ἄλλων</span> <span class='ocrx_word' id='word_1_326' title='bbox 1205 1332 1222 1366; x_wconf 88' lang='grc' dir='ltr'>ἡ</span> <span class='ocrx_word' id='word_1_327' title='bbox 1237 1330 1291 1357; x_wconf 86' lang='grc' dir='ltr'>τῶν</span> <span class='ocrx_word' id='word_1_328' title='bbox 1304 1330 1385 1365; x_wconf 84' lang='grc' dir='ltr'>ιερῶν</span> <span class='ocrx_word' id='word_1_329' title='bbox 1398 1329 1546 1365; x_wconf 83' lang='grc' dir='ltr'>φωτισμῶν</span> <span class='ocrx_word' id='word_1_330' title='bbox 1556 1349 1563 1361; x_wconf 95' lang='grc'><strong>,</strong></span> <span class='ocrx_word' id='word_1_331' title='bbox 1576 1325 1613 1355; x_wconf 83' lang='grc' dir='ltr'>ὧν</span> <span class='ocrx_word' id='word_1_332' title='bbox 1626 1328 1747 1363; x_wconf 74' lang='grc' dir='ltr'>ἐγεγόνει</span> <span class='ocrx_word' id='word_1_333' title='bbox 1760 1328 1829 1354; x_wconf 89' lang='grc' dir='ltr'>θεω-</span> 
     </span>
    </p>
   </div>
   <div class='ocr_carea' id='block_1_52' title="bbox 1037 1373 1829 1415">
    <p class='ocr_par' dir='ltr' id='par_1_52' title="bbox 1037 1373 1829 1415">
     <span class='ocr_line' id='line_1_52' title="bbox 1037 1373 1829 1415; baseline -0.008 -10"><span class='ocrx_word' id='word_1_334' title='bbox 1037 1379 1098 1415; x_wconf 81' lang='grc' dir='ltr'>ρὸς,</span> <span class='ocrx_word' id='word_1_335' title='bbox 1117 1377 1309 1413; x_wconf 76' lang='grc' dir='ltr'>ὲλλαμπομένη</span> <span class='ocrx_word' id='word_1_336' title='bbox 1331 1376 1380 1412; x_wconf 80' lang='grc' dir='ltr'>τὴν</span> <span class='ocrx_word' id='word_1_337' title='bbox 1394 1375 1569 1411; x_wconf 82' lang='grc' dir='ltr'>τελειωτικὴν</span> <span class='ocrx_word' id='word_1_338' title='bbox 1582 1374 1746 1410; x_wconf 73' lang='grc' dir='ltr'>ἐπιστήμην.</span> <span class='ocrx_word' id='word_1_339' title='bbox 1771 1373 1829 1409; x_wconf 82' lang='grc' dir='ltr'><strong>Τῆς</strong></span> 
     </span>
    </p>
   </div>
   <div class='ocr_carea' id='block_1_53' title="bbox 1037 1418 1830 1461">
    <p class='ocr_par' dir='ltr' id='par_1_53' title="bbox 1037 1418 1830 1461">
     <span class='ocr_line' id='line_1_53' title="bbox 1037 1418 1830 1461; baseline -0.009 -9"><span class='ocrx_word' id='word_1_340' title='bbox 1037 1425 1086 1461; x_wconf 82' lang='grc' dir='ltr'><strong>μὲν</strong></span> <span class='ocrx_word' id='word_1_341' title='bbox 1097 1422 1143 1451; x_wconf 83' lang='grc' dir='ltr'>οὖν</span> <span class='ocrx_word' id='word_1_342' title='bbox 1155 1423 1236 1458; x_wconf 83' lang='grc' dir='ltr'><strong>ἁγίας</strong></span> <span class='ocrx_word' id='word_1_343' title='bbox 1246 1422 1300 1449; x_wconf 85' lang='grc' dir='ltr'><strong>τῶν</strong></span> <span class='ocrx_word' id='word_1_344' title='bbox 1311 1421 1427 1449; x_wconf 84' lang='grc' dir='ltr'>τελετῶν</span> <span class='ocrx_word' id='word_1_345' title='bbox 1441 1421 1596 1458; x_wconf 83' lang='grc' dir='ltr'>ἱερουργίας</span> <span class='ocrx_word' id='word_1_346' title='bbox 1607 1421 1624 1456; x_wconf 87' lang='grc' dir='ltr'>ὴ</span> <span class='ocrx_word' id='word_1_347' title='bbox 1638 1420 1736 1456; x_wconf 82' lang='grc' dir='ltr'>τρισσὴ</span> <span class='ocrx_word' id='word_1_348' title='bbox 1747 1418 1830 1446; x_wconf 81' lang='grc' dir='ltr'><strong>δύνα-</strong></span> 
     </span>
    </p>
   </div>
   <div class='ocr_carea' id='block_1_54' title="bbox 1038 1464 1831 1508">
    <p class='ocr_par' dir='ltr' id='par_1_54' title="bbox 1038 1464 1831 1508">
     <span class='ocr_line' id='line_1_54' title="bbox 1038 1464 1831 1508; baseline -0.008 -11"><span class='ocrx_word' id='word_1_349' title='bbox 1038 1480 1083 1508; x_wconf 89' lang='grc' dir='ltr'><strong>μις</strong></span> <span class='ocrx_word' id='word_1_350' title='bbox 1108 1470 1237 1506; x_wconf 81' lang='grc' dir='ltr'>ὕμνηται,</span> <span class='ocrx_word' id='word_1_351' title='bbox 1258 1469 1309 1504; x_wconf 78' lang='grc' dir='ltr'>τῆς</span> <span class='ocrx_word' id='word_1_352' title='bbox 1330 1468 1379 1504; x_wconf 79' lang='grc' dir='ltr'>μὲν</span> <span class='ocrx_word' id='word_1_353' title='bbox 1400 1468 1474 1503; x_wconf 78' lang='grc' dir='ltr'>ἱερᾶς</span> <span class='ocrx_word' id='word_1_354' title='bbox 1487 1466 1657 1501; x_wconf 78' lang='grc' dir='ltr'>θεογενεσίας</span> <span class='ocrx_word' id='word_1_355' title='bbox 1669 1467 1700 1492; x_wconf 78' lang='grc' dir='ltr'>ὲκ</span> <span class='ocrx_word' id='word_1_356' title='bbox 1711 1465 1765 1492; x_wconf 84' lang='grc' dir='ltr'>τῶν</span> <span class='ocrx_word' id='word_1_357' title='bbox 1783 1464 1831 1491; x_wconf 81' lang='grc' dir='ltr'>λο-</span> 
     </span>
    </p>
   </div>
   <div class='ocr_carea' id='block_1_55' title="bbox 1037 1510 1829 1552">
    <p class='ocr_par' dir='ltr' id='par_1_55' title="bbox 1037 1510 1829 1552">
     <span class='ocr_line' id='line_1_55' title="bbox 1037 1510 1829 1552; baseline -0.009 -9"><span class='ocrx_word' id='word_1_358' title='bbox 1037 1517 1103 1552; x_wconf 87' lang='grc' dir='ltr'>γίων</span> <span class='ocrx_word' id='word_1_359' title='bbox 1126 1515 1331 1550; x_wconf 81' lang='grc' dir='ltr'>ἀποδειχθείσης</span> <span class='ocrx_word' id='word_1_360' title='bbox 1354 1513 1515 1549; x_wconf 81' lang='grc' dir='ltr'>καθάρσεως</span> <span class='ocrx_word' id='word_1_361' title='bbox 1536 1512 1583 1539; x_wconf 71' lang='grc' dir='ltr'>καὶ</span> <span class='ocrx_word' id='word_1_362' title='bbox 1598 1511 1762 1547; x_wconf 77' lang='grc' dir='ltr'>φωτιστικῆς</span> <span class='ocrx_word' id='word_1_363' title='bbox 1783 1510 1829 1536; x_wconf 76' lang='grc' dir='ltr'><strong>ἐλ-</strong></span> 
     </span>
    </p>
   </div>
   <div class='ocr_carea' id='block_1_56' title="bbox 198 1556 984 1599">
    <p class='ocr_par' dir='ltr' id='par_1_56' title="bbox 198 1560 984 1599">
     <span class='ocr_line' id='line_1_56' title="bbox 198 1560 984 1599; baseline -0.006 -7"><span class='ocrx_word' id='word_1_364' title='bbox 198 1571 299 1592; x_wconf 76' lang='grc' dir='ltr'>ιεοιηςιη</span> <span class='ocrx_word' id='word_1_365' title='bbox 325 1572 387 1592; x_wconf 65' lang='lat' dir='ltr'><strong>esse</strong></span> <span class='ocrx_word' id='word_1_366' title='bbox 403 1565 483 1592; x_wconf 84' lang='lat' dir='ltr'><strong>simul</strong></span> <span class='ocrx_word' id='word_1_367' title='bbox 496 1564 679 1599; x_wconf 85' lang='lat' dir='ltr'><strong>expiationem</strong></span> <span class='ocrx_word' id='word_1_368' title='bbox 699 1567 727 1590; x_wconf 87' lang='lat' dir='ltr'><strong>et</strong></span> <span class='ocrx_word' id='word_1_369' title='bbox 741 1561 911 1597; x_wconf 86' lang='lat' dir='ltr'><strong>splendorem</strong></span> <span class='ocrx_word' id='word_1_370' title='bbox 926 1560 984 1587; x_wconf 88' lang='lat' dir='ltr'><strong>illu-</strong></span> 
     </span>
    </p>
   </div>
   <div class='ocr_carea' id='block_1_57' title="bbox 1037 1556 1828 1599">
    <p class='ocr_par' dir='ltr' id='par_1_57' title="bbox 1037 1556 1828 1599">
     <span class='ocr_line' id='line_1_57' title="bbox 1037 1556 1828 1599; baseline -0.01 -9"><span class='ocrx_word' id='word_1_371' title='bbox 1037 1563 1165 1599; x_wconf 78' lang='grc' dir='ltr'>λάμψεως</span> <span class='ocrx_word' id='word_1_372' title='bbox 1173 1571 1179 1577; x_wconf 92' lang='grc'><strong>·</strong></span> <span class='ocrx_word' id='word_1_373' title='bbox 1193 1562 1242 1597; x_wconf 85' lang='grc' dir='ltr'>τῆς</span> <span class='ocrx_word' id='word_1_374' title='bbox 1256 1560 1391 1593; x_wconf 75' lang='grc' dir='ltr'>συνάξεως</span> <span class='ocrx_word' id='word_1_375' title='bbox 1403 1559 1432 1586; x_wconf 83' lang='grc' dir='ltr'><strong>δὲ</strong></span> <span class='ocrx_word' id='word_1_376' title='bbox 1441 1558 1546 1595; x_wconf 73' lang='grc' dir='ltr'>καὶτῆς</span> <span class='ocrx_word' id='word_1_377' title='bbox 1553 1557 1600 1585; x_wconf 78' lang='grc' dir='ltr'>τοῦ</span> <span class='ocrx_word' id='word_1_378' title='bbox 1612 1557 1697 1593; x_wconf 85' lang='grc' dir='ltr'>μύρου</span> <span class='ocrx_word' id='word_1_379' title='bbox 1706 1556 1828 1592; x_wconf 82' lang='grc' dir='ltr'>τελετῆς,</span> 
     </span>
    </p>
   </div>
   <div class='ocr_carea' id='block_1_58' title="bbox 198 1607 984 1647">
    <p class='ocr_par' dir='ltr' id='par_1_58' title="bbox 198 1607 984 1647">
     <span class='ocr_line' id='line_1_58' title="bbox 198 1607 984 1647; baseline -0.005 -10"><span class='ocrx_word' id='word_1_380' title='bbox 198 1616 348 1646; x_wconf 69' lang='lat' dir='ltr'><strong>=trantem;</strong></span> <span class='ocrx_word' id='word_1_381' title='bbox 363 1611 519 1647; x_wconf 72' lang='lat' dir='ltr'><strong>mysterium</strong></span> <span class='ocrx_word' id='word_1_382' title='bbox 535 1615 624 1638; x_wconf 89' lang='lat' dir='ltr'><strong>antem</strong></span> <span class='ocrx_word' id='word_1_383' title='bbox 639 1616 774 1645; x_wconf 80' lang='lat' dir='ltr'><strong>synaxeos</strong></span> <span class='ocrx_word' id='word_1_384' title='bbox 789 1614 818 1635; x_wconf 91' lang='lat' dir='ltr'><strong>et</strong></span> <span class='ocrx_word' id='word_1_385' title='bbox 842 1607 984 1643; x_wconf 74' lang='lat' dir='ltr'><strong>unguenti,</strong></span> 
     </span>
    </p>
   </div>
   <div class='ocr_carea' id='block_1_59' title="bbox 196 1654 985 1695">
    <p class='ocr_par' dir='ltr' id='par_1_59' title="bbox 196 1654 985 1695">
     <span class='ocr_line' id='line_1_59' title="bbox 196 1654 985 1695; baseline -0.004 -12"><span class='ocrx_word' id='word_1_386' title='bbox 196 1658 381 1693; x_wconf 65' lang='lat' dir='ltr'><strong>cognitionem</strong></span> <span class='ocrx_word' id='word_1_387' title='bbox 395 1664 456 1685; x_wconf 87' lang='lat' dir='ltr'><strong>esse</strong></span> <span class='ocrx_word' id='word_1_388' title='bbox 471 1656 552 1695; x_wconf 59' lang='lat'><strong>235</strong></span> <span class='ocrx_word' id='word_1_389' title='bbox 569 1661 649 1691; x_wconf 88' lang='lat' dir='ltr'><strong>atque</strong></span> <span class='ocrx_word' id='word_1_390' title='bbox 662 1655 806 1684; x_wconf 85' lang='lat' dir='ltr'><strong>scientiam</strong></span> <span class='ocrx_word' id='word_1_391' title='bbox 821 1662 883 1689; x_wconf 58' lang='lat' dir='ltr'><strong>quae</strong></span> <span class='ocrx_word' id='word_1_392' title='bbox 894 1654 985 1681; x_wconf 84' lang='lat' dir='ltr'><strong>divina</strong></span> 
     </span>
    </p>
   </div>
   <div class='ocr_carea' id='block_1_60' title="bbox 198 1699 989 1738">
    <p class='ocr_par' dir='ltr' id='par_1_60' title="bbox 198 1699 989 1738">
     <span class='ocr_line' id='line_1_60' title="bbox 198 1699 989 1738; baseline -0.005 -8"><span class='ocrx_word' id='word_1_393' title='bbox 198 1710 281 1738; x_wconf 70' lang='lat' dir='ltr'><strong>opera</strong></span> <span class='ocrx_word' id='word_1_394' title='bbox 297 1709 477 1736; x_wconf 86' lang='lat' dir='ltr'><strong>consummat,</strong></span> <span class='ocrx_word' id='word_1_395' title='bbox 503 1711 552 1738; x_wconf 89' lang='lat' dir='ltr'><strong>per</strong></span> <span class='ocrx_word' id='word_1_396' title='bbox 576 1710 657 1738; x_wconf 84' lang='lat' dir='ltr'><strong>quam</strong></span> <span class='ocrx_word' id='word_1_397' title='bbox 674 1706 850 1730; x_wconf 87' lang='lat' dir='ltr'><strong>sacrosancte</strong></span> <span class='ocrx_word' id='word_1_398' title='bbox 870 1700 903 1727; x_wconf 87' lang='lat' dir='ltr'><strong>ad</strong></span> <span class='ocrx_word' id='word_1_399' title='bbox 920 1699 989 1727; x_wconf 85' lang='lat' dir='ltr'><strong>divi-</strong></span> 
     </span>
    </p>
   </div>
   <div class='ocr_carea' id='block_1_61' title="bbox 200 1746 987 1785">
    <p class='ocr_par' dir='ltr' id='par_1_61' title="bbox 200 1746 987 1785">
     <span class='ocr_line' id='line_1_61' title="bbox 200 1746 987 1785; baseline -0.008 -7"><span class='ocrx_word' id='word_1_400' title='bbox 200 1758 263 1778; x_wconf 82' lang='lat' dir='ltr'><strong>num</strong></span> <span class='ocrx_word' id='word_1_401' title='bbox 278 1750 462 1785; x_wconf 84' lang='lat' dir='ltr'><strong>principatum</strong></span> <span class='ocrx_word' id='word_1_402' title='bbox 478 1755 505 1776; x_wconf 85' lang='lat' dir='ltr'><strong>et</strong></span> <span class='ocrx_word' id='word_1_403' title='bbox 518 1748 617 1776; x_wconf 86' lang='lat' dir='ltr'><strong>unilica</strong></span> <span class='ocrx_word' id='word_1_404' title='bbox 632 1748 763 1780; x_wconf 83' lang='lat' dir='ltr'><strong>adductio</strong></span> <span class='ocrx_word' id='word_1_405' title='bbox 780 1751 809 1774; x_wconf 92' lang='lat' dir='ltr'><strong>et</strong></span> <span class='ocrx_word' id='word_1_406' title='bbox 827 1746 987 1774; x_wconf 84' lang='lat' dir='ltr'><strong>beatissima</strong></span> 
     </span>
    </p>
   </div>
   <div class='ocr_carea' id='block_1_62' title="bbox 200 1794 989 1829">
    <p class='ocr_par' dir='ltr' id='par_1_62' title="bbox 200 1794 989 1829">
     <span class='ocr_line' id='line_1_62' title="bbox 200 1794 989 1829; baseline -0.006 -4"><span class='ocrx_word' id='word_1_407' title='bbox 200 1799 230 1826; x_wconf 82' lang='lat' dir='ltr'><strong>tit</strong></span> <span class='ocrx_word' id='word_1_408' title='bbox 246 1797 410 1824; x_wconf 83' lang='lat' dir='ltr'><strong>connuunio.</strong></span> <span class='ocrx_word' id='word_1_409' title='bbox 425 1795 501 1824; x_wconf 82' lang='lat' dir='ltr'><strong>Nunc</strong></span> <span class='ocrx_word' id='word_1_410' title='bbox 516 1801 606 1824; x_wconf 87' lang='lat' dir='ltr'><strong>autctn</strong></span> <span class='ocrx_word' id='word_1_411' title='bbox 619 1795 748 1829; x_wconf 77' lang='lat' dir='ltr'><strong>deinCeps</strong></span> <span class='ocrx_word' id='word_1_412' title='bbox 770 1794 930 1828; x_wconf 83' lang='lat' dir='ltr'><strong>exponenda</strong></span> <span class='ocrx_word' id='word_1_413' title='bbox 947 1798 989 1820; x_wconf 88' lang='lat' dir='ltr'><strong>est</strong></span> 
     </span>
    </p>
   </div>
   <div class='ocr_carea' id='block_1_63' title="bbox 201 1840 986 1878">
    <p class='ocr_par' dir='ltr' id='par_1_63' title="bbox 201 1840 986 1878">
     <span class='ocr_line' id='line_1_63' title="bbox 201 1840 986 1878; baseline -0.004 -8"><span class='ocrx_word' id='word_1_414' title='bbox 201 1844 340 1871; x_wconf 68' lang='lat' dir='ltr'><strong>distinctio</strong></span> <span class='ocrx_word' id='word_1_415' title='bbox 352 1843 535 1876; x_wconf 84' lang='lat' dir='ltr'><strong>sacerdotum,</strong></span> <span class='ocrx_word' id='word_1_416' title='bbox 550 1851 611 1878; x_wconf 72' lang='lat' dir='ltr'><strong>qua:</strong></span> <span class='ocrx_word' id='word_1_417' title='bbox 626 1843 654 1869; x_wconf 91' lang='lat' dir='ltr'><strong>in</strong></span> <span class='ocrx_word' id='word_1_418' title='bbox 670 1842 794 1869; x_wconf 88' lang='lat' dir='ltr'><strong>ordinem</strong></span> <span class='ocrx_word' id='word_1_419' title='bbox 819 1840 986 1876; x_wconf 86' lang='lat' dir='ltr'><strong>expiantem,</strong></span> 
     </span>
    </p>
   </div>
   <div class='ocr_carea' id='block_1_64' title="bbox 200 1889 808 1926">
    <p class='ocr_par' dir='ltr' id='par_1_64' title="bbox 200 1889 808 1926">
     <span class='ocr_line' id='line_1_64' title="bbox 200 1889 808 1926; baseline -0.005 -8"><span class='ocrx_word' id='word_1_420' title='bbox 200 1890 379 1918; x_wconf 81' lang='lat' dir='ltr'><strong>illnstrantem</strong></span> <span class='ocrx_word' id='word_1_421' title='bbox 390 1910 397 1924; x_wconf 90' lang='lat'><strong>,</strong></span> <span class='ocrx_word' id='word_1_422' title='bbox 415 1889 653 1926; x_wconf 83' lang='lat' dir='ltr'><strong>perlicientemque</strong></span> <span class='ocrx_word' id='word_1_423' title='bbox 669 1889 808 1918; x_wconf 88' lang='lat' dir='ltr'><strong>dividitur.</strong></span> 
     </span>
    </p>
   </div>
   <div class='ocr_carea' id='block_1_65' title="bbox 1038 1602 1829 1642">
    <p class='ocr_par' dir='ltr' id='par_1_65' title="bbox 1038 1602 1829 1642">
     <span class='ocr_line' id='line_1_65' title="bbox 1038 1602 1829 1642; baseline -0.011 -7"><span class='ocrx_word' id='word_1_424' title='bbox 1038 1607 1214 1642; x_wconf 84' lang='grc' dir='ltr'>τελειωτικῆς</span> <span class='ocrx_word' id='word_1_425' title='bbox 1226 1605 1280 1632; x_wconf 84' lang='grc' dir='ltr'><strong>τῶν</strong></span> <span class='ocrx_word' id='word_1_426' title='bbox 1291 1604 1440 1641; x_wconf 83' lang='grc' dir='ltr'>θεουργιῶν</span> <span class='ocrx_word' id='word_1_427' title='bbox 1459 1602 1586 1638; x_wconf 80' lang='grc' dir='ltr'>γνώσεως</span> <span class='ocrx_word' id='word_1_428' title='bbox 1600 1602 1647 1629; x_wconf 81' lang='grc' dir='ltr'>καὶ</span> <span class='ocrx_word' id='word_1_429' title='bbox 1662 1602 1829 1637; x_wconf 77' lang='grc' dir='ltr'>ἐπιστήμης,</span> 
     </span>
    </p>
   </div>
   <div class='ocr_carea' id='block_1_66' title="bbox 1038 1647 1829 1691">
    <p class='ocr_par' dir='ltr' id='par_1_66' title="bbox 1038 1647 1829 1691">
     <span class='ocr_line' id='line_1_66' title="bbox 1038 1647 1829 1691; baseline -0.011 -9"><span class='ocrx_word' id='word_1_430' title='bbox 1038 1656 1072 1682; x_wconf 82' lang='grc' dir='ltr'><strong>δι’</strong></span> <span class='ocrx_word' id='word_1_431' title='bbox 1085 1652 1119 1691; x_wconf 86' lang='grc' dir='ltr'>ἦς</span> <span class='ocrx_word' id='word_1_432' title='bbox 1133 1653 1213 1689; x_wconf 86' lang='grc' dir='ltr'>ἱερῶς</span> <span class='ocrx_word' id='word_1_433' title='bbox 1225 1654 1242 1689; x_wconf 82' lang='grc' dir='ltr'><strong>ἡ</strong></span> <span class='ocrx_word' id='word_1_434' title='bbox 1253 1652 1321 1689; x_wconf 80' lang='grc' dir='ltr'>πρὸς</span> <span class='ocrx_word' id='word_1_435' title='bbox 1332 1652 1382 1687; x_wconf 85' lang='grc' dir='ltr'>τὴν</span> <span class='ocrx_word' id='word_1_436' title='bbox 1392 1649 1520 1686; x_wconf 81' lang='grc' dir='ltr'>θεαρχίαν</span> <span class='ocrx_word' id='word_1_437' title='bbox 1532 1648 1653 1680; x_wconf 77' lang='grc' dir='ltr'>ἑνοποιὺς</span> <span class='ocrx_word' id='word_1_438' title='bbox 1664 1647 1688 1664; x_wconf 66' lang='grc'><strong>⁸⁸</strong></span> <span class='ocrx_word' id='word_1_439' title='bbox 1699 1647 1829 1683; x_wconf 82' lang='grc' dir='ltr'>ἀναγωγὴ</span> 
     </span>
    </p>
   </div>
   <div class='ocr_carea' id='block_1_67' title="bbox 1039 1692 1831 1736">
    <p class='ocr_par' dir='ltr' id='par_1_67' title="bbox 1039 1692 1831 1736">
     <span class='ocr_line' id='line_1_67' title="bbox 1039 1692 1831 1736; baseline -0.01 -9"><span class='ocrx_word' id='word_1_440' title='bbox 1039 1701 1086 1727; x_wconf 72' lang='grc' dir='ltr'>καὶ</span> <span class='ocrx_word' id='word_1_441' title='bbox 1104 1699 1299 1736; x_wconf 80' lang='grc' dir='ltr'>μακαριωτάτη</span> <span class='ocrx_word' id='word_1_442' title='bbox 1320 1697 1446 1724; x_wconf 81' lang='grc' dir='ltr'>κοινωνία</span> <span class='ocrx_word' id='word_1_443' title='bbox 1466 1695 1704 1731; x_wconf 82' lang='grc' dir='ltr'>τελεσιουργεῖται.</span> <span class='ocrx_word' id='word_1_444' title='bbox 1726 1693 1783 1720; x_wconf 83' lang='grc' dir='ltr'><strong>Νῦν</strong></span> <span class='ocrx_word' id='word_1_445' title='bbox 1801 1692 1831 1720; x_wconf 72' lang='grc' dir='ltr'><strong>δὲ</strong></span> 
     </span>
    </p>
   </div>
   <div class='ocr_carea' id='block_1_68' title="bbox 1039 1740 1830 1782">
    <p class='ocr_par' dir='ltr' id='par_1_68' title="bbox 1039 1740 1830 1782">
     <span class='ocr_line' id='line_1_68' title="bbox 1039 1740 1830 1782; baseline -0.011 -8"><span class='ocrx_word' id='word_1_446' title='bbox 1039 1747 1089 1782; x_wconf 78' lang='grc' dir='ltr'>τὴν</span> <span class='ocrx_word' id='word_1_447' title='bbox 1103 1746 1242 1782; x_wconf 83' lang='grc' dir='ltr'>ἱερατικὴν</span> <span class='ocrx_word' id='word_1_448' title='bbox 1259 1744 1437 1779; x_wconf 82' lang='grc' dir='ltr'>διακόσμησιν</span> <span class='ocrx_word' id='word_1_449' title='bbox 1455 1742 1519 1777; x_wconf 78' lang='grc' dir='ltr'><strong>ἑξῆς</strong></span> <span class='ocrx_word' id='word_1_450' title='bbox 1532 1741 1699 1777; x_wconf 78' lang='grc' dir='ltr'>ἀφηγητέον,</span> <span class='ocrx_word' id='word_1_451' title='bbox 1720 1740 1760 1771; x_wconf 84' lang='grc' dir='ltr'><strong>εἰς</strong></span> <span class='ocrx_word' id='word_1_452' title='bbox 1778 1748 1830 1765; x_wconf 85' lang='grc' dir='ltr'>κα-</span> 
     </span>
    </p>
   </div>
   <div class='ocr_carea' id='block_1_69' title="bbox 1042 1784 1831 1827">
    <p class='ocr_par' dir='ltr' id='par_1_69' title="bbox 1042 1784 1831 1827">
     <span class='ocr_line' id='line_1_69' title="bbox 1042 1784 1831 1827; baseline -0.01 -9"><span class='ocrx_word' id='word_1_453' title='bbox 1042 1791 1172 1827; x_wconf 79' lang='grc' dir='ltr'>θαρτικὴν</span> <span class='ocrx_word' id='word_1_454' title='bbox 1192 1791 1238 1818; x_wconf 78' lang='grc' dir='ltr'>καὶ</span> <span class='ocrx_word' id='word_1_455' title='bbox 1257 1789 1423 1825; x_wconf 82' lang='grc' dir='ltr'>φωτιστικὴν</span> <span class='ocrx_word' id='word_1_456' title='bbox 1441 1787 1489 1815; x_wconf 76' lang='grc' dir='ltr'>καὶ</span> <span class='ocrx_word' id='word_1_457' title='bbox 1508 1785 1683 1821; x_wconf 80' lang='grc' dir='ltr'>τελειωτικὴν</span> <span class='ocrx_word' id='word_1_458' title='bbox 1707 1784 1831 1818; x_wconf 70' lang='grc' dir='ltr'>εὑταξίιν</span> 
     </span>
    </p>
   </div>
   <div class='ocr_carea' id='block_1_70' title="bbox 1041 1839 1242 1876">
    <p class='ocr_par' dir='ltr' id='par_1_70' title="bbox 1041 1839 1242 1876">
     <span class='ocr_line' id='line_1_70' title="bbox 1041 1839 1242 1876; baseline -0.005 -8"><span class='ocrx_word' id='word_1_459' title='bbox 1041 1839 1242 1876; x_wconf 73' lang='grc' dir='ltr'>διαιρουμένην.</span> 
     </span>
    </p>
   </div>
   <div class='ocr_carea' id='block_1_71' title="bbox 980 1979 1065 2016">
    <p class='ocr_par' dir='ltr' id='par_1_71' title="bbox 980 1979 1065 2016">
     <span class='ocr_line' id='line_1_71' title="bbox 980 1979 1065 2016; baseline 0 -6"><span class='ocrx_word' id='word_1_460' title='bbox 980 1980 994 2016; x_wconf 84' lang='lat'><strong>§</strong></span> <span class='ocrx_word' id='word_1_461' title='bbox 1011 1979 1065 2010; x_wconf 82' lang='lat' dir='ltr'><strong>IV.</strong></span> 
     </span>
    </p>
   </div>
   <div class='ocr_carea' id='block_1_72' title="bbox 238 2075 990 2114">
    <p class='ocr_par' dir='ltr' id='par_1_72' title="bbox 238 2075 990 2114">
     <span class='ocr_line' id='line_1_72' title="bbox 238 2075 990 2114; baseline -0.007 -7"><span class='ocrx_word' id='word_1_462' title='bbox 238 2080 292 2107; x_wconf 81' lang='lat' dir='ltr'><strong>Lex</strong></span> <span class='ocrx_word' id='word_1_463' title='bbox 308 2079 418 2114; x_wconf 88' lang='lat' dir='ltr'><strong>quidem</strong></span> <span class='ocrx_word' id='word_1_464' title='bbox 440 2079 498 2106; x_wconf 72' lang='lat' dir='ltr'><strong>lucc</strong></span> <span class='ocrx_word' id='word_1_465' title='bbox 515 2082 558 2105; x_wconf 90' lang='lat' dir='ltr'><strong>est</strong></span> <span class='ocrx_word' id='word_1_466' title='bbox 571 2081 751 2105; x_wconf 66' lang='lat' dir='ltr'><strong>sacrosancta:</strong></span> <span class='ocrx_word' id='word_1_467' title='bbox 764 2083 877 2104; x_wconf 70' lang='lat' dir='ltr'><strong>summm</strong></span> <span class='ocrx_word' id='word_1_468' title='bbox 898 2075 990 2102; x_wconf 87' lang='lat' dir='ltr'><strong>Deita-</strong></span> 
     </span>
    </p>
   </div>
   <div class='ocr_carea' id='block_1_73' title="bbox 205 2121 989 2161">
    <p class='ocr_par' dir='ltr' id='par_1_73' title="bbox 205 2121 989 2161">
     <span class='ocr_line' id='line_1_73' title="bbox 205 2121 989 2161; baseline -0.009 -7"><span class='ocrx_word' id='word_1_469' title='bbox 205 2127 251 2158; x_wconf 78' lang='lat' dir='ltr'><strong>lis,</strong></span> <span class='ocrx_word' id='word_1_470' title='bbox 272 2130 302 2153; x_wconf 93' lang='lat' dir='ltr'><strong>nt</strong></span> <span class='ocrx_word' id='word_1_471' title='bbox 317 2133 365 2161; x_wconf 90' lang='lat' dir='ltr'><strong>per</strong></span> <span class='ocrx_word' id='word_1_472' title='bbox 378 2125 465 2160; x_wconf 83' lang='lat' dir='ltr'><strong>prima</strong></span> <span class='ocrx_word' id='word_1_473' title='bbox 483 2132 544 2159; x_wconf 72' lang='lat' dir='ltr'><strong>qua:</strong></span> <span class='ocrx_word' id='word_1_474' title='bbox 558 2128 718 2158; x_wconf 69' lang='lat' dir='ltr'><strong>sequuntttr,</strong></span> <span class='ocrx_word' id='word_1_475' title='bbox 734 2123 768 2150; x_wconf 82' lang='lat' dir='ltr'><strong>ad</strong></span> <span class='ocrx_word' id='word_1_476' title='bbox 790 2121 989 2149; x_wconf 83' lang='lat' dir='ltr'><strong>divinissitnam</strong></span> 
     </span>
    </p>
   </div>
   <div class='ocr_carea' id='block_1_74' title="bbox 202 2167 991 2205">
    <p class='ocr_par' dir='ltr' id='par_1_74' title="bbox 202 2167 991 2205">
     <span class='ocr_line' id='line_1_74' title="bbox 202 2167 991 2205; baseline -0.009 -6"><span class='ocrx_word' id='word_1_477' title='bbox 202 2173 262 2205; x_wconf 70' lang='lat' dir='ltr'><strong>ejus</strong></span> <span class='ocrx_word' id='word_1_478' title='bbox 278 2171 368 2198; x_wconf 84' lang='lat' dir='ltr'><strong>lucem</strong></span> <span class='ocrx_word' id='word_1_479' title='bbox 381 2172 561 2197; x_wconf 83' lang='lat' dir='ltr'><strong>adducantur.</strong></span> <span class='ocrx_word' id='word_1_480' title='bbox 584 2170 682 2198; x_wconf 85' lang='lat' dir='ltr'><strong>Annon</strong></span> <span class='ocrx_word' id='word_1_481' title='bbox 717 2167 861 2195; x_wconf 72' lang='lat' dir='ltr'><strong>senSibiles</strong></span> <span class='ocrx_word' id='word_1_482' title='bbox 882 2174 991 2202; x_wconf 87' lang='lat' dir='ltr'><strong>quoque</strong></span> 
     </span>
    </p>
   </div>
   <div class='ocr_carea' id='block_1_75' title="bbox 1078 2064 1835 2108">
    <p class='ocr_par' dir='ltr' id='par_1_75' title="bbox 1078 2064 1835 2108">
     <span class='ocr_line' id='line_1_75' title="bbox 1078 2064 1835 2108; baseline -0.013 -9"><span class='ocrx_word' id='word_1_483' title='bbox 1078 2072 1182 2108; x_wconf 79' lang='grc' dir='ltr'>Θεσμδς</span> <span class='ocrx_word' id='word_1_484' title='bbox 1198 2071 1247 2106; x_wconf 80' lang='grc' dir='ltr'><strong>μὲν</strong></span> <span class='ocrx_word' id='word_1_485' title='bbox 1257 2067 1332 2101; x_wconf 72' lang='grc' dir='ltr'>οὗτος</span> <span class='ocrx_word' id='word_1_486' title='bbox 1346 2070 1403 2096; x_wconf 78' lang='grc' dir='ltr'>ἐστι</span> <span class='ocrx_word' id='word_1_487' title='bbox 1413 2068 1462 2103; x_wconf 82' lang='grc' dir='ltr'>τῆς</span> <span class='ocrx_word' id='word_1_488' title='bbox 1474 2066 1602 2102; x_wconf 81' lang='grc' dir='ltr'>θεαρχίας</span> <span class='ocrx_word' id='word_1_489' title='bbox 1619 2066 1634 2092; x_wconf 82' lang='grc' dir='ltr'>ὁ</span> <span class='ocrx_word' id='word_1_490' title='bbox 1652 2064 1788 2099; x_wconf 85' lang='grc' dir='ltr'>πανίερος,</span> <span class='ocrx_word' id='word_1_491' title='bbox 1802 2064 1835 2090; x_wconf 82' lang='grc' dir='ltr'>τδ</span> 
     </span>
    </p>
   </div>
   <div class='ocr_carea' id='block_1_76' title="bbox 1043 2110 1834 2154">
    <p class='ocr_par' dir='ltr' id='par_1_76' title="bbox 1043 2110 1834 2154">
     <span class='ocr_line' id='line_1_76' title="bbox 1043 2110 1834 2154; baseline -0.014 -8"><span class='ocrx_word' id='word_1_492' title='bbox 1043 2119 1088 2146; x_wconf 75' lang='grc' dir='ltr'>διὰ</span> <span class='ocrx_word' id='word_1_493' title='bbox 1101 2118 1155 2146; x_wconf 84' lang='grc' dir='ltr'>τῶν</span> <span class='ocrx_word' id='word_1_494' title='bbox 1169 2117 1285 2154; x_wconf 83' lang='grc' dir='ltr'>πρώτων</span> <span class='ocrx_word' id='word_1_495' title='bbox 1298 2116 1333 2143; x_wconf 81' lang='grc' dir='ltr'>τὰ</span> <span class='ocrx_word' id='word_1_496' title='bbox 1346 2115 1459 2150; x_wconf 81' lang='grc' dir='ltr'>δεύτερα</span> <span class='ocrx_word' id='word_1_497' title='bbox 1478 2114 1545 2148; x_wconf 83' lang='grc' dir='ltr'>πρὸς</span> <span class='ocrx_word' id='word_1_498' title='bbox 1555 2112 1585 2139; x_wconf 79' lang='grc' dir='ltr'>τὸ</span> <span class='ocrx_word' id='word_1_499' title='bbox 1604 2111 1737 2139; x_wconf 86' lang='grc' dir='ltr'>θειότατον</span> <span class='ocrx_word' id='word_1_500' title='bbox 1750 2110 1834 2145; x_wconf 78' lang='grc' dir='ltr'>αὐτῆς</span> 
     </span>
    </p>
   </div>
   <div class='ocr_carea' id='block_1_77' title="bbox 1045 2156 1834 2200">
    <p class='ocr_par' dir='ltr' id='par_1_77' title="bbox 1045 2156 1834 2200">
     <span class='ocr_line' id='line_1_77' title="bbox 1045 2156 1834 2200; baseline -0.014 -7"><span class='ocrx_word' id='word_1_501' title='bbox 1045 2165 1192 2200; x_wconf 82' lang='grc' dir='ltr'>ἀνάγεσθαι</span> <span class='ocrx_word' id='word_1_502' title='bbox 1213 2163 1323 2199; x_wconf 80' lang='grc' dir='ltr'>φέγγος,</span> <span class='ocrx_word' id='word_1_503' title='bbox 1337 2163 1372 2189; x_wconf 83' lang='grc' dir='ltr'>Ἦ</span> <span class='ocrx_word' id='word_1_504' title='bbox 1396 2161 1457 2196; x_wconf 77' lang='grc' dir='ltr'>οὐχὶ</span> <span class='ocrx_word' id='word_1_505' title='bbox 1481 2161 1529 2187; x_wconf 75' lang='grc' dir='ltr'>καὶ</span> <span class='ocrx_word' id='word_1_506' title='bbox 1549 2159 1599 2191; x_wconf 84' lang='grc' dir='ltr'>τὰς</span> <span class='ocrx_word' id='word_1_507' title='bbox 1624 2156 1756 2192; x_wconf 75' lang='grc' dir='ltr'>αἰσθητὰς</span> <span class='ocrx_word' id='word_1_508' title='bbox 1779 2156 1834 2182; x_wconf 79' lang='grc' dir='ltr'><strong>τῶν</strong></span> 
     </span>
    </p>
   </div>
   <div class='ocr_carea' id='block_1_78' title="bbox 203 2204 984 2247">
    <p class='ocr_par' dir='ltr' id='par_1_78' title="bbox 203 2213 984 2247">
     <span class='ocr_line' id='line_1_78' title="bbox 203 2213 984 2247; baseline -0.008 -3"><span class='ocrx_word' id='word_1_509' title='bbox 203 2217 371 2246; x_wconf 66' lang='lat' dir='ltr'><strong>substantias</strong></span> <span class='ocrx_word' id='word_1_510' title='bbox 387 2215 584 2243; x_wconf 87' lang='lat' dir='ltr'><strong>elementorum</strong></span> <span class='ocrx_word' id='word_1_511' title='bbox 602 2217 741 2241; x_wconf 82' lang='lat' dir='ltr'><strong>cernimus</strong></span> <span class='ocrx_word' id='word_1_512' title='bbox 762 2213 880 2247; x_wconf 86' lang='lat' dir='ltr'><strong>primum</strong></span> <span class='ocrx_word' id='word_1_513' title='bbox 896 2213 929 2239; x_wconf 89' lang='lat' dir='ltr'><strong>ad</strong></span> <span class='ocrx_word' id='word_1_514' title='bbox 948 2220 984 2243; x_wconf 61' lang='lat' dir='ltr'><strong>ea1</strong></span> 
     </span>
    </p>
   </div>
   <div class='ocr_carea' id='block_1_79' title="bbox 1037 2204 1835 2247">
    <p class='ocr_par' dir='ltr' id='par_1_79' title="bbox 1045 2204 1835 2247">
     <span class='ocr_line' id='line_1_79' title="bbox 1045 2204 1835 2247; baseline -0.014 -8"><span class='ocrx_word' id='word_1_515' title='bbox 1045 2212 1184 2247; x_wconf 86' lang='grc' dir='ltr'>στοιχείων</span> <span class='ocrx_word' id='word_1_516' title='bbox 1196 2210 1289 2241; x_wconf 82' lang='grc' dir='ltr'>οὐσίας</span> <span class='ocrx_word' id='word_1_517' title='bbox 1301 2209 1408 2245; x_wconf 83' lang='grc' dir='ltr'>ὁρῶμεν</span> <span class='ocrx_word' id='word_1_518' title='bbox 1422 2208 1461 2239; x_wconf 85' lang='grc' dir='ltr'><strong>εἰς</strong></span> <span class='ocrx_word' id='word_1_519' title='bbox 1472 2206 1507 2234; x_wconf 82' lang='grc' dir='ltr'><strong>τὰ</strong></span> <span class='ocrx_word' id='word_1_520' title='bbox 1521 2205 1619 2241; x_wconf 74' lang='grc' dir='ltr'>μᾶλλον</span> <span class='ocrx_word' id='word_1_521' title='bbox 1633 2204 1727 2235; x_wconf 75' lang='grc' dir='ltr'>αὑταῖς</span> <span class='ocrx_word' id='word_1_522' title='bbox 1740 2210 1835 2236; x_wconf 82' lang='grc' dir='ltr'>συγγε-</span> 
     </span>
    </p>
   </div>
   <div class='ocr_carea' id='block_1_80' title="bbox 204 2257 991 2297">
    <p class='ocr_par' dir='ltr' id='par_1_80' title="bbox 204 2257 991 2297">
     <span class='ocr_line' id='line_1_80' title="bbox 204 2257 991 2297; baseline -0.006 -8"><span class='ocrx_word' id='word_1_523' title='bbox 204 2271 265 2297; x_wconf 73' lang='lat' dir='ltr'><strong>ane</strong></span> <span class='ocrx_word' id='word_1_524' title='bbox 281 2263 348 2297; x_wconf 75' lang='lat' dir='ltr'><strong>ipsis</strong></span> <span class='ocrx_word' id='word_1_525' title='bbox 362 2262 450 2297; x_wconf 78' lang='lat' dir='ltr'><strong>magis</strong></span> <span class='ocrx_word' id='word_1_526' title='bbox 461 2266 576 2296; x_wconf 69' lang='lat' dir='ltr'><strong>cognata</strong></span> <span class='ocrx_word' id='word_1_527' title='bbox 590 2265 663 2294; x_wconf 90' lang='lat' dir='ltr'><strong>sunt,</strong></span> <span class='ocrx_word' id='word_1_528' title='bbox 677 2259 818 2292; x_wconf 76' lang='lat' dir='ltr'><strong>accedere,</strong></span> <span class='ocrx_word' id='word_1_529' title='bbox 836 2267 868 2285; x_wconf 87' lang='lat' dir='ltr'><strong>ac</strong></span> <span class='ocrx_word' id='word_1_530' title='bbox 886 2266 934 2292; x_wconf 80' lang='lat' dir='ltr'><strong>per</strong></span> <span class='ocrx_word' id='word_1_531' title='bbox 947 2257 991 2284; x_wconf 83' lang='lat' dir='ltr'><strong>illa</strong></span> 
     </span>
    </p>
   </div>
   <div class='ocr_carea' id='block_1_81' title="bbox 203 2304 992 2337">
    <p class='ocr_par' dir='ltr' id='par_1_81' title="bbox 203 2304 992 2337">
     <span class='ocr_line' id='line_1_81' title="bbox 203 2304 992 2337; baseline -0.008 0"><span class='ocrx_word' id='word_1_532' title='bbox 203 2309 302 2337; x_wconf 71' lang='lat' dir='ltr'><strong>deinde</strong></span> <span class='ocrx_word' id='word_1_533' title='bbox 320 2308 509 2336; x_wconf 77' lang='lat' dir='ltr'><strong>elﬁcacitatent</strong></span> <span class='ocrx_word' id='word_1_534' title='bbox 523 2315 600 2335; x_wconf 89' lang='lat' dir='ltr'><strong>suam</strong></span> <span class='ocrx_word' id='word_1_535' title='bbox 616 2307 650 2334; x_wconf 83' lang='lat' dir='ltr'><strong>ad</strong></span> <span class='ocrx_word' id='word_1_536' title='bbox 664 2306 716 2333; x_wconf 86' lang='lat' dir='ltr'><strong>alia</strong></span> <span class='ocrx_word' id='word_1_537' title='bbox 740 2304 883 2333; x_wconf 82' lang='lat' dir='ltr'><strong>derivare?</strong></span> <span class='ocrx_word' id='word_1_538' title='bbox 897 2304 992 2331; x_wconf 83' lang='lat' dir='ltr'><strong>Merito</strong></span> 
     </span>
    </p>
   </div>
   <div class='ocr_carea' id='block_1_82' title="bbox 206 2350 993 2390">
    <p class='ocr_par' dir='ltr' id='par_1_82' title="bbox 206 2350 993 2390">
     <span class='ocr_line' id='line_1_82' title="bbox 206 2350 993 2390; baseline -0.01 -7"><span class='ocrx_word' id='word_1_539' title='bbox 206 2355 289 2390; x_wconf 62' lang='lat' dir='ltr'><strong>igitur</strong></span> <span class='ocrx_word' id='word_1_540' title='bbox 307 2355 396 2383; x_wconf 87' lang='lat' dir='ltr'><strong>omnis</strong></span> <span class='ocrx_word' id='word_1_541' title='bbox 416 2361 478 2382; x_wconf 84' lang='lat' dir='ltr'><strong>cuin</strong></span> <span class='ocrx_word' id='word_1_542' title='bbox 503 2353 650 2381; x_wconf 81' lang='lat' dir='ltr'><strong>invisibilis</strong></span> <span class='ocrx_word' id='word_1_543' title='bbox 674 2357 730 2379; x_wconf 91' lang='lat' dir='ltr'><strong>tum</strong></span> <span class='ocrx_word' id='word_1_544' title='bbox 750 2351 866 2378; x_wconf 78' lang='lat' dir='ltr'><strong>visibilis</strong></span> <span class='ocrx_word' id='word_1_545' title='bbox 893 2350 993 2377; x_wconf 81' lang='lat' dir='ltr'><strong>distin-</strong></span> 
     </span>
    </p>
   </div>
   <div class='ocr_carea' id='block_1_83' title="bbox 205 2395 994 2431">
    <p class='ocr_par' dir='ltr' id='par_1_83' title="bbox 205 2395 994 2431">
     <span class='ocr_line' id='line_1_83' title="bbox 205 2395 994 2431; baseline -0.009 -2"><span class='ocrx_word' id='word_1_546' title='bbox 205 2402 304 2429; x_wconf 66' lang='lat' dir='ltr'><strong>ctionis</strong></span> <span class='ocrx_word' id='word_1_547' title='bbox 320 2400 426 2428; x_wconf 84' lang='lat' dir='ltr'><strong>initium</strong></span> <span class='ocrx_word' id='word_1_548' title='bbox 448 2407 481 2426; x_wconf 82' lang='lat' dir='ltr'><strong>ac</strong></span> <span class='ocrx_word' id='word_1_549' title='bbox 501 2399 580 2426; x_wconf 85' lang='lat' dir='ltr'><strong>sedes</strong></span> <span class='ocrx_word' id='word_1_550' title='bbox 603 2398 637 2424; x_wconf 86' lang='lat' dir='ltr'><strong>ad</strong></span> <span class='ocrx_word' id='word_1_551' title='bbox 655 2404 712 2429; x_wconf 77' lang='lat' dir='ltr'><strong>eos,</strong></span> <span class='ocrx_word' id='word_1_552' title='bbox 731 2397 776 2431; x_wconf 92' lang='lat' dir='ltr'><strong>qni</strong></span> <span class='ocrx_word' id='word_1_553' title='bbox 803 2395 994 2424; x_wconf 78' lang='lat' dir='ltr'><strong>deil‘ortniores</strong></span> 
     </span>
    </p>
   </div>
   <div class='ocr_carea' id='block_1_84' title="bbox 206 2444 993 2482">
    <p class='ocr_par' dir='ltr' id='par_1_84' title="bbox 206 2444 993 2482">
     <span class='ocr_line' id='line_1_84' title="bbox 206 2444 993 2482; baseline -0.009 -6"><span class='ocrx_word' id='word_1_554' title='bbox 206 2452 280 2482; x_wconf 78' lang='lat' dir='ltr'><strong>sunt,</strong></span> <span class='ocrx_word' id='word_1_555' title='bbox 295 2447 408 2475; x_wconf 83' lang='lat' dir='ltr'><strong>deiﬁcos</strong></span> <span class='ocrx_word' id='word_1_556' title='bbox 431 2454 496 2474; x_wconf 77' lang='lat' dir='ltr'><strong>sues</strong></span> <span class='ocrx_word' id='word_1_557' title='bbox 513 2445 603 2473; x_wconf 87' lang='lat' dir='ltr'><strong>radios</strong></span> <span class='ocrx_word' id='word_1_558' title='bbox 621 2444 755 2479; x_wconf 88' lang='lat' dir='ltr'><strong>permittit</strong></span> <span class='ocrx_word' id='word_1_559' title='bbox 770 2444 921 2478; x_wconf 85' lang='lat' dir='ltr'><strong>pervenire,</strong></span> <span class='ocrx_word' id='word_1_560' title='bbox 952 2449 993 2470; x_wconf 89' lang='lat' dir='ltr'><strong>at-</strong></span> 
     </span>
    </p>
   </div>
   <div class='ocr_carea' id='block_1_85' title="bbox 206 2490 994 2529">
    <p class='ocr_par' dir='ltr' id='par_1_85' title="bbox 206 2490 994 2529">
     <span class='ocr_line' id='line_1_85' title="bbox 206 2490 994 2529; baseline -0.006 -8"><span class='ocrx_word' id='word_1_561' title='bbox 206 2503 259 2529; x_wconf 78' lang='lat' dir='ltr'><strong>que</strong></span> <span class='ocrx_word' id='word_1_562' title='bbox 271 2501 319 2529; x_wconf 86' lang='lat' dir='ltr'><strong>per</strong></span> <span class='ocrx_word' id='word_1_563' title='bbox 335 2493 405 2525; x_wconf 83' lang='lat' dir='ltr'><strong>illos,</strong></span> <span class='ocrx_word' id='word_1_564' title='bbox 422 2497 517 2527; x_wconf 82' lang='lat' dir='ltr'><strong>utpote</strong></span> <span class='ocrx_word' id='word_1_565' title='bbox 531 2491 700 2526; x_wconf 86' lang='lat' dir='ltr'><strong>limpidiores</strong></span> <span class='ocrx_word' id='word_1_566' title='bbox 711 2490 834 2526; x_wconf 87' lang='lat' dir='ltr'><strong>spiritus.</strong></span> <span class='ocrx_word' id='word_1_567' title='bbox 845 2495 871 2518; x_wconf 89' lang='lat' dir='ltr'><strong>et</strong></span> <span class='ocrx_word' id='word_1_568' title='bbox 882 2490 916 2517; x_wconf 90' lang='lat' dir='ltr'><strong>ad</strong></span> <span class='ocrx_word' id='word_1_569' title='bbox 929 2497 994 2525; x_wconf 89' lang='lat' dir='ltr'><strong>par-</strong></span> 
     </span>
    </p>
   </div>
   <div class='ocr_carea' id='block_1_86' title="bbox 208 2537 993 2576">
    <p class='ocr_par' dir='ltr' id='par_1_86' title="bbox 208 2537 993 2576">
     <span class='ocr_line' id='line_1_86' title="bbox 208 2537 993 2576; baseline -0.008 -8"><span class='ocrx_word' id='word_1_570' title='bbox 208 2541 374 2576; x_wconf 85' lang='lat' dir='ltr'><strong>ticipandnm</strong></span> <span class='ocrx_word' id='word_1_571' title='bbox 389 2540 641 2573; x_wconf 84' lang='lat' dir='ltr'><strong>traducendumque</strong></span> <span class='ocrx_word' id='word_1_572' title='bbox 658 2538 750 2565; x_wconf 87' lang='lat' dir='ltr'><strong>lumen</strong></span> <span class='ocrx_word' id='word_1_573' title='bbox 773 2537 860 2572; x_wconf 79' lang='lat' dir='ltr'><strong>magis</strong></span> <span class='ocrx_word' id='word_1_574' title='bbox 871 2537 993 2569; x_wconf 83' lang='lat' dir='ltr'><strong>idoneos,</strong></span> 
     </span>
    </p>
   </div>
   <div class='ocr_carea' id='block_1_87' title="bbox 208 2582 995 2620">
    <p class='ocr_par' dir='ltr' id='par_1_87' title="bbox 208 2582 995 2620">
     <span class='ocr_line' id='line_1_87' title="bbox 208 2582 995 2620; baseline -0.009 -5"><span class='ocrx_word' id='word_1_575' title='bbox 208 2586 384 2615; x_wconf 73' lang='lat' dir='ltr'><strong>inferioribus</strong></span> <span class='ocrx_word' id='word_1_576' title='bbox 404 2593 453 2620; x_wconf 87' lang='lat' dir='ltr'><strong>pro</strong></span> <span class='ocrx_word' id='word_1_577' title='bbox 479 2585 587 2612; x_wconf 88' lang='lat' dir='ltr'><strong>illorttttt</strong></span> <span class='ocrx_word' id='word_1_578' title='bbox 616 2584 765 2619; x_wconf 85' lang='lat' dir='ltr'><strong>capacitate</strong></span> <span class='ocrx_word' id='word_1_579' title='bbox 795 2582 939 2614; x_wconf 85' lang='lat' dir='ltr'><strong>illucescit,</strong></span> <span class='ocrx_word' id='word_1_580' title='bbox 966 2587 995 2609; x_wconf 85' lang='lat' dir='ltr'><strong>et</strong></span> 
     </span>
    </p>
   </div>
   <div class='ocr_carea' id='block_1_88' title="bbox 208 2630 994 2668">
    <p class='ocr_par' dir='ltr' id='par_1_88' title="bbox 208 2630 994 2668">
     <span class='ocr_line' id='line_1_88' title="bbox 208 2630 994 2668; baseline -0.006 -8"><span class='ocrx_word' id='word_1_581' title='bbox 208 2636 330 2668; x_wconf 75' lang='lat' dir='ltr'><strong>apparet.</strong></span> <span class='ocrx_word' id='word_1_582' title='bbox 348 2632 461 2659; x_wconf 89' lang='lat' dir='ltr'><strong>Istorum</strong></span> <span class='ocrx_word' id='word_1_583' title='bbox 477 2632 559 2667; x_wconf 74' lang='lat' dir='ltr'><strong>igitur</strong></span> <span class='ocrx_word' id='word_1_584' title='bbox 572 2636 633 2664; x_wconf 83' lang='lat' dir='ltr'><strong>est,</strong></span> <span class='ocrx_word' id='word_1_585' title='bbox 656 2630 702 2665; x_wconf 89' lang='lat' dir='ltr'><strong>qui</strong></span> <span class='ocrx_word' id='word_1_586' title='bbox 721 2630 802 2665; x_wconf 92' lang='lat' dir='ltr'><strong>pritni</strong></span> <span class='ocrx_word' id='word_1_587' title='bbox 823 2631 907 2658; x_wconf 90' lang='lat' dir='ltr'><strong>Deum</strong></span> <span class='ocrx_word' id='word_1_588' title='bbox 932 2636 994 2657; x_wconf 85' lang='lat' dir='ltr'><strong>cer-</strong></span> 
     </span>
    </p>
   </div>
   <div class='ocr_carea' id='block_1_89' title="bbox 208 2676 995 2714">
    <p class='ocr_par' dir='ltr' id='par_1_89' title="bbox 208 2676 995 2714">
     <span class='ocr_line' id='line_1_89' title="bbox 208 2676 995 2714; baseline -0.006 -8"><span class='ocrx_word' id='word_1_589' title='bbox 208 2684 286 2712; x_wconf 88' lang='lat' dir='ltr'><strong>nunt,</strong></span> <span class='ocrx_word' id='word_1_590' title='bbox 303 2678 480 2714; x_wconf 82' lang='lat' dir='ltr'><strong>sequentibus</strong></span> <span class='ocrx_word' id='word_1_591' title='bbox 494 2679 553 2705; x_wconf 88' lang='lat' dir='ltr'><strong>sine</strong></span> <span class='ocrx_word' id='word_1_592' title='bbox 566 2678 676 2712; x_wconf 84' lang='lat' dir='ltr'><strong>invidia,</strong></span> <span class='ocrx_word' id='word_1_593' title='bbox 695 2685 742 2713; x_wconf 85' lang='lat' dir='ltr'><strong>pro</strong></span> <span class='ocrx_word' id='word_1_594' title='bbox 771 2677 879 2705; x_wconf 90' lang='lat' dir='ltr'><strong>modulo</strong></span> <span class='ocrx_word' id='word_1_595' title='bbox 903 2676 995 2711; x_wconf 83' lang='lat' dir='ltr'><strong>cujus-</strong></span> 
     </span>
    </p>
   </div>
   <div class='ocr_carea' id='block_1_90' title="bbox 1045 2248 1834 2292">
    <p class='ocr_par' dir='ltr' id='par_1_90' title="bbox 1045 2248 1834 2292">
     <span class='ocr_line' id='line_1_90' title="bbox 1045 2248 1834 2292; baseline -0.015 -8"><span class='ocrx_word' id='word_1_596' title='bbox 1045 2258 1158 2292; x_wconf 80' lang='grc' dir='ltr'>νέστερα</span> <span class='ocrx_word' id='word_1_597' title='bbox 1178 2256 1285 2292; x_wconf 85' lang='grc' dir='ltr'>πρῶτον</span> <span class='ocrx_word' id='word_1_598' title='bbox 1301 2254 1401 2285; x_wconf 83' lang='grc' dir='ltr'>ἰούσας,</span> <span class='ocrx_word' id='word_1_599' title='bbox 1414 2253 1460 2280; x_wconf 76' lang='grc' dir='ltr'>καὶ</span> <span class='ocrx_word' id='word_1_600' title='bbox 1471 2251 1503 2278; x_wconf 88' lang='grc' dir='ltr'><strong>δι’</strong></span> <span class='ocrx_word' id='word_1_601' title='bbox 1517 2251 1627 2277; x_wconf 78' lang='grc' dir='ltr'>ἐκείνων</span> <span class='ocrx_word' id='word_1_602' title='bbox 1638 2249 1679 2284; x_wconf 71' lang='grc' dir='ltr'><strong>ἐφ’</strong></span> <span class='ocrx_word' id='word_1_603' title='bbox 1694 2248 1775 2283; x_wconf 75' lang='grc' dir='ltr'>ἕτερα</span> <span class='ocrx_word' id='word_1_604' title='bbox 1785 2248 1834 2282; x_wconf 64' lang='grc' dir='ltr'><strong>τὴν</strong></span> 
     </span>
    </p>
   </div>
   <div class='ocr_carea' id='block_1_91' title="bbox 1045 2293 1835 2335">
    <p class='ocr_par' dir='ltr' id='par_1_91' title="bbox 1045 2293 1835 2335">
     <span class='ocr_line' id='line_1_91' title="bbox 1045 2293 1835 2335; baseline -0.015 -5"><span class='ocrx_word' id='word_1_605' title='bbox 1045 2303 1147 2330; x_wconf 82' lang='grc' dir='ltr'>οἰκείαν</span> <span class='ocrx_word' id='word_1_606' title='bbox 1167 2301 1286 2333; x_wconf 78' lang='grc' dir='ltr'>διιούσας</span> <span class='ocrx_word' id='word_1_607' title='bbox 1299 2301 1322 2316; x_wconf 80' lang='grc'><strong><em>⁵⁵</em></strong></span> <span class='ocrx_word' id='word_1_608' title='bbox 1343 2300 1497 2335; x_wconf 79' lang='grc' dir='ltr'>ὲνέργειαν;</span> <span class='ocrx_word' id='word_1_609' title='bbox 1513 2296 1632 2327; x_wconf 81' lang='grc' dir='ltr'>Εἰκότως</span> <span class='ocrx_word' id='word_1_610' title='bbox 1645 2293 1690 2322; x_wconf 79' lang='grc' dir='ltr'>οὖν</span> <span class='ocrx_word' id='word_1_611' title='bbox 1711 2295 1727 2329; x_wconf 88' lang='grc' dir='ltr'>ἡ</span> <span class='ocrx_word' id='word_1_612' title='bbox 1745 2293 1835 2328; x_wconf 84' lang='grc' dir='ltr'>πάσης</span> 
     </span>
    </p>
   </div>
   <div class='ocr_carea' id='block_1_92' title="bbox 1046 2339 1835 2385">
    <p class='ocr_par' dir='ltr' id='par_1_92' title="bbox 1046 2339 1835 2385">
     <span class='ocr_line' id='line_1_92' title="bbox 1046 2339 1835 2385; baseline -0.016 -8"><span class='ocrx_word' id='word_1_613' title='bbox 1046 2350 1160 2385; x_wconf 76' lang='grc' dir='ltr'>ἀοράτου</span> <span class='ocrx_word' id='word_1_614' title='bbox 1174 2348 1220 2375; x_wconf 72' lang='grc' dir='ltr'>καὶ</span> <span class='ocrx_word' id='word_1_615' title='bbox 1232 2347 1330 2383; x_wconf 86' lang='grc' dir='ltr'>ὁρατῆς</span> <span class='ocrx_word' id='word_1_616' title='bbox 1345 2345 1492 2380; x_wconf 79' lang='grc' dir='ltr'>εὐκοσμίας</span> <span class='ocrx_word' id='word_1_617' title='bbox 1510 2343 1581 2380; x_wconf 86' lang='grc' dir='ltr'>ἁρχὴ</span> <span class='ocrx_word' id='word_1_618' title='bbox 1596 2342 1643 2368; x_wconf 74' lang='grc' dir='ltr'>κα).</span> <span class='ocrx_word' id='word_1_619' title='bbox 1663 2341 1777 2376; x_wconf 79' lang='grc' dir='ltr'>ἵδρυσις,</span> <span class='ocrx_word' id='word_1_620' title='bbox 1795 2339 1835 2385; x_wconf 80' lang='grc' dir='ltr'><strong>εἰς</strong></span> 
     </span>
    </p>
   </div>
   <div class='ocr_carea' id='block_1_93' title="bbox 1045 2383 1835 2428">
    <p class='ocr_par' dir='ltr' id='par_1_93' title="bbox 1045 2383 1835 2428">
     <span class='ocr_line' id='line_1_93' title="bbox 1045 2383 1835 2428; baseline -0.016 -5"><span class='ocrx_word' id='word_1_621' title='bbox 1045 2397 1107 2427; x_wconf 77' lang='grc' dir='ltr'>τοὺς</span> <span class='ocrx_word' id='word_1_622' title='bbox 1119 2393 1333 2428; x_wconf 79' lang='grc' dir='ltr'>θεοειδεστὲρους</span> <span class='ocrx_word' id='word_1_623' title='bbox 1345 2390 1467 2427; x_wconf 77' lang='grc' dir='ltr'>πρώτους</span> <span class='ocrx_word' id='word_1_624' title='bbox 1482 2389 1601 2416; x_wconf 75' lang='grc' dir='ltr'>ἐνδίδωσι</span> <span class='ocrx_word' id='word_1_625' title='bbox 1612 2387 1661 2418; x_wconf 76' lang='grc' dir='ltr'><strong>τὰς</strong></span> <span class='ocrx_word' id='word_1_626' title='bbox 1675 2383 1835 2420; x_wconf 71' lang='grc' dir='ltr'>θεουργικὰς</span> 
     </span>
    </p>
   </div>
   <div class='ocr_carea' id='block_1_94' title="bbox 1046 2429 1834 2472">
    <p class='ocr_par' dir='ltr' id='par_1_94' title="bbox 1046 2429 1834 2472">
     <span class='ocr_line' id='line_1_94' title="bbox 1046 2429 1834 2472; baseline -0.016 -4"><span class='ocrx_word' id='word_1_627' title='bbox 1046 2443 1158 2472; x_wconf 82' lang='grc' dir='ltr'>ἀκτῖνας</span> <span class='ocrx_word' id='word_1_628' title='bbox 1178 2439 1255 2470; x_wconf 81' lang='grc' dir='ltr'>ἰέναι,</span> <span class='ocrx_word' id='word_1_629' title='bbox 1267 2438 1314 2464; x_wconf 78' lang='grc' dir='ltr'>καὶ</span> <span class='ocrx_word' id='word_1_630' title='bbox 1325 2437 1358 2464; x_wconf 75' lang='grc' dir='ltr'><strong>δι’</strong></span> <span class='ocrx_word' id='word_1_631' title='bbox 1372 2435 1493 2465; x_wconf 77' lang='grc' dir='ltr'>ἐκείνων,</span> <span class='ocrx_word' id='word_1_632' title='bbox 1506 2434 1543 2466; x_wconf 81' lang='grc' dir='ltr'>ὡς</span> <span class='ocrx_word' id='word_1_633' title='bbox 1554 2432 1740 2467; x_wconf 77' lang='grc' dir='ltr'>διειδεστέρων</span> <span class='ocrx_word' id='word_1_634' title='bbox 1756 2429 1834 2461; x_wconf 78' lang='grc' dir='ltr'>νοῶν,</span> 
     </span>
    </p>
   </div>
   <div class='ocr_carea' id='block_1_95' title="bbox 1049 2476 1837 2523">
    <p class='ocr_par' dir='ltr' id='par_1_95' title="bbox 1049 2476 1837 2523">
     <span class='ocr_line' id='line_1_95' title="bbox 1049 2476 1837 2523; baseline -0.018 -8"><span class='ocrx_word' id='word_1_635' title='bbox 1049 2487 1173 2523; x_wconf 77' lang='grc' dir='ltr'>καὶπρὸς</span> <span class='ocrx_word' id='word_1_636' title='bbox 1188 2485 1303 2522; x_wconf 77' lang='grc' dir='ltr'>μετοχὴν</span> <span class='ocrx_word' id='word_1_637' title='bbox 1316 2483 1404 2519; x_wconf 76' lang='grc' dir='ltr'>φωτὸς</span> <span class='ocrx_word' id='word_1_638' title='bbox 1423 2482 1470 2509; x_wconf 70' lang='grc' dir='ltr'>καὶ</span> <span class='ocrx_word' id='word_1_639' title='bbox 1489 2480 1630 2516; x_wconf 73' lang='grc' dir='ltr'>μετάδοσιν</span> <span class='ocrx_word' id='word_1_640' title='bbox 1644 2477 1750 2508; x_wconf 84' lang='grc' dir='ltr'>οἰκείως</span> <span class='ocrx_word' id='word_1_641' title='bbox 1762 2476 1837 2511; x_wconf 74' lang='grc' dir='ltr'>ἑχόν-</span> 
     </span>
    </p>
   </div>
   <div class='ocr_carea' id='block_1_96' title="bbox 1048 2523 1835 2567">
    <p class='ocr_par' dir='ltr' id='par_1_96' title="bbox 1048 2523 1835 2567">
     <span class='ocr_line' id='line_1_96' title="bbox 1048 2523 1835 2567; baseline -0.02 -4"><span class='ocrx_word' id='word_1_642' title='bbox 1048 2544 1112 2566; x_wconf 84' lang='grc' dir='ltr'>των,</span> <span class='ocrx_word' id='word_1_643' title='bbox 1133 2536 1172 2566; x_wconf 82' lang='grc' dir='ltr'><strong>εἰς</strong></span> <span class='ocrx_word' id='word_1_644' title='bbox 1182 2533 1246 2565; x_wconf 73' lang='grc' dir='ltr'>τοὺς</span> <span class='ocrx_word' id='word_1_645' title='bbox 1260 2531 1420 2567; x_wconf 75' lang='grc' dir='ltr'>ὑφειμένους</span> <span class='ocrx_word' id='word_1_646' title='bbox 1437 2528 1574 2562; x_wconf 80' lang='grc' dir='ltr'>ἀναλόγως</span> <span class='ocrx_word' id='word_1_647' title='bbox 1590 2526 1680 2556; x_wconf 74' lang='grc' dir='ltr'>αὐτοῖς</span> <span class='ocrx_word' id='word_1_648' title='bbox 1692 2523 1835 2558; x_wconf 84' lang='grc' dir='ltr'>ὲλλάμπει,</span> 
     </span>
    </p>
   </div>
   <div class='ocr_carea' id='block_1_97' title="bbox 1049 2568 1836 2614">
    <p class='ocr_par' dir='ltr' id='par_1_97' title="bbox 1049 2568 1836 2614">
     <span class='ocr_line' id='line_1_97' title="bbox 1049 2568 1836 2614; baseline -0.019 -5"><span class='ocrx_word' id='word_1_649' title='bbox 1049 2582 1095 2609; x_wconf 66' lang='grc' dir='ltr'>καὶ</span> <span class='ocrx_word' id='word_1_650' title='bbox 1117 2579 1296 2614; x_wconf 58' lang='grc' dir='ltr'>ὲπιψαίνεται.</span> <span class='ocrx_word' id='word_1_651' title='bbox 1324 2576 1432 2604; x_wconf 80' lang='grc' dir='ltr'>Τούτων</span> <span class='ocrx_word' id='word_1_652' title='bbox 1455 2573 1502 2601; x_wconf 81' lang='grc' dir='ltr'>οὖν</span> <span class='ocrx_word' id='word_1_653' title='bbox 1525 2574 1582 2599; x_wconf 81' lang='grc' dir='ltr'>ἐστι</span> <span class='ocrx_word' id='word_1_654' title='bbox 1606 2571 1660 2598; x_wconf 86' lang='grc' dir='ltr'><strong>τῶν</strong></span> <span class='ocrx_word' id='word_1_655' title='bbox 1687 2569 1802 2606; x_wconf 85' lang='grc' dir='ltr'>πρώτων</span> <span class='ocrx_word' id='word_1_656' title='bbox 1813 2568 1836 2583; x_wconf 79' lang='grc'>⁵⁸</span> 
     </span>
    </p>
   </div>
   <div class='ocr_carea' id='block_1_98' title="bbox 1050 2613 1836 2658">
    <p class='ocr_par' dir='ltr' id='par_1_98' title="bbox 1050 2613 1836 2658">
     <span class='ocr_line' id='line_1_98' title="bbox 1050 2613 1836 2658; baseline -0.02 -4"><span class='ocrx_word' id='word_1_657' title='bbox 1050 2613 1199 2656; x_wconf 78' lang='grc' dir='ltr'>θεοπτικῶν</span> <span class='ocrx_word' id='word_1_658' title='bbox 1219 2624 1250 2652; x_wconf 80' lang='grc' dir='ltr'>τὸ</span> <span class='ocrx_word' id='word_1_659' title='bbox 1267 2625 1323 2655; x_wconf 86' lang='grc' dir='ltr'>τοῖς</span> <span class='ocrx_word' id='word_1_660' title='bbox 1339 2621 1475 2658; x_wconf 77' lang='grc' dir='ltr'>δευτέροις</span> <span class='ocrx_word' id='word_1_661' title='bbox 1492 2619 1615 2654; x_wconf 67' lang='grc' dir='ltr'>ἀφθόνως</span> <span class='ocrx_word' id='word_1_662' title='bbox 1633 2618 1662 2643; x_wconf 81' lang='grc' dir='ltr'>ὲν</span> <span class='ocrx_word' id='word_1_663' title='bbox 1682 2613 1836 2650; x_wconf 65' lang='grc' dir='ltr'>συμμετρίᾳ.</span> 
     </span>
    </p>
   </div>
   <div class='ocr_carea' id='block_1_99' title="bbox 1049 2660 1837 2709">
    <p class='ocr_par' dir='ltr' id='par_1_99' title="bbox 1049 2660 1837 2709">
     <span class='ocr_line' id='line_1_99' title="bbox 1049 2660 1837 2709; baseline -0.019 -9"><span class='ocrx_word' id='word_1_664' title='bbox 1049 2675 1081 2709; x_wconf 88' lang='grc' dir='ltr'>τῇ</span> <span class='ocrx_word' id='word_1_665' title='bbox 1100 2673 1157 2699; x_wconf 77' lang='grc' dir='ltr'>κατ’</span> <span class='ocrx_word' id='word_1_666' title='bbox 1176 2672 1272 2702; x_wconf 71' lang='grc' dir='ltr'>αὐτοὺς</span> <span class='ocrx_word' id='word_1_667' title='bbox 1289 2669 1425 2702; x_wconf 64' lang='grc' dir='ltr'>ὑποδεῖξαι</span> <span class='ocrx_word' id='word_1_668' title='bbox 1441 2667 1476 2694; x_wconf 70' lang='grc' dir='ltr'><strong>τὰ</strong></span> <span class='ocrx_word' id='word_1_669' title='bbox 1494 2666 1562 2702; x_wconf 68' lang='grc' dir='ltr'>πρὸς</span> <span class='ocrx_word' id='word_1_670' title='bbox 1578 2663 1667 2690; x_wconf 74' lang='grc' dir='ltr'>αὐτῶν</span> <span class='ocrx_word' id='word_1_671' title='bbox 1684 2661 1765 2698; x_wconf 75' lang='grc' dir='ltr'>ίερὼς</span> <span class='ocrx_word' id='word_1_672' title='bbox 1779 2660 1837 2686; x_wconf 77' lang='grc' dir='ltr'>ἐπο-</span> 
     </span>
    </p>
   </div>
   <div class='ocr_carea' id='block_1_100' title="bbox 863 2761 1197 2793">
    <p class='ocr_par' dir='ltr' id='par_1_100' title="bbox 863 2761 1197 2793">
     <span class='ocr_line' id='line_1_100' title="bbox 863 2761 1197 2793; baseline -0.015 0"><span class='ocrx_word' id='word_1_673' title='bbox 863 2764 978 2793; x_wconf 65' lang='lat' dir='ltr'><strong>VARUS</strong></span> <span class='ocrx_word' id='word_1_674' title='bbox 998 2761 1197 2793; x_wconf 56' lang='lat' dir='ltr'><strong>LECTHWES.</strong></span> 
     </span>
    </p>
   </div>
   <div class='ocr_carea' id='block_1_101' title="bbox 246 2857 573 2896">
    <p class='ocr_par' dir='ltr' id='par_1_101' title="bbox 246 2857 573 2896">
     <span class='ocr_line' id='line_1_101' title="bbox 246 2857 573 2896; baseline -0.009 -8"><span class='ocrx_word' id='word_1_675' title='bbox 246 2859 268 2876; x_wconf 77' lang='grc'><strong>³²</strong></span> <span class='ocrx_word' id='word_1_676' title='bbox 283 2859 461 2896; x_wconf 75' lang='grc' dir='ltr'>θεωρήσεσιν.</span> <span class='ocrx_word' id='word_1_677' title='bbox 476 2857 512 2886; x_wconf 79' lang='grc' dir='ltr'><strong>Μ.</strong></span> <span class='ocrx_word' id='word_1_678' title='bbox 529 2858 573 2886; x_wconf 85' lang='lat' dir='ltr'><strong>Sc.</strong></span> 
     </span>
    </p>
   </div>
   <div class='ocr_carea' id='block_1_102' title="bbox 613 2856 881 2891">
    <p class='ocr_par' dir='ltr' id='par_1_102' title="bbox 613 2856 881 2891">
     <span class='ocr_line' id='line_1_102' title="bbox 613 2856 881 2891; baseline -0.015 -5"><span class='ocrx_word' id='word_1_679' title='bbox 613 2858 634 2874; x_wconf 76' lang='grc'><strong>⁵³</strong></span> <span class='ocrx_word' id='word_1_680' title='bbox 646 2857 684 2891; x_wconf 81' lang='grc' dir='ltr'>ὡς</span> <span class='ocrx_word' id='word_1_681' title='bbox 696 2858 827 2889; x_wconf 73' lang='grc' dir='ltr'>ἑνοποιάς,</span> <span class='ocrx_word' id='word_1_682' title='bbox 848 2856 881 2883; x_wconf 78' lang='grc' dir='ltr'><strong>Μ.</strong></span> 
     </span>
    </p>
   </div>
   <div class='ocr_carea' id='block_1_103' title="bbox 931 2845 1666 2887">
    <p class='ocr_par' dir='ltr' id='par_1_103' title="bbox 931 2845 1666 2887">
     <span class='ocr_line' id='line_1_103' title="bbox 931 2845 1666 2887; baseline -0.016 -5"><span class='ocrx_word' id='word_1_683' title='bbox 931 2855 953 2871; x_wconf 65' lang='grc'><strong>⁸⁵</strong></span> <span class='ocrx_word' id='word_1_684' title='bbox 968 2854 1077 2887; x_wconf 70' lang='grc' dir='ltr'>διείσας,</span> <span class='ocrx_word' id='word_1_685' title='bbox 1095 2853 1124 2880; x_wconf 80' lang='lat' dir='ltr'><strong>l&#39;.</strong></span> <span class='ocrx_word' id='word_1_686' title='bbox 1142 2852 1171 2879; x_wconf 84' lang='lat' dir='ltr'><strong>ll.</strong></span> <span class='ocrx_word' id='word_1_687' title='bbox 1188 2851 1236 2880; x_wconf 75' lang='lat' dir='ltr'><strong>Ch.</strong></span> <span class='ocrx_word' id='word_1_688' title='bbox 1276 2851 1299 2867; x_wconf 67' lang='grc'><strong>⁸⁵</strong></span> <span class='ocrx_word' id='word_1_689' title='bbox 1316 2849 1440 2886; x_wconf 75' lang='grc' dir='ltr'>πρώτως,</span> <span class='ocrx_word' id='word_1_690' title='bbox 1453 2847 1481 2874; x_wconf 85' lang='lat' dir='ltr'><strong>S.</strong></span> <span class='ocrx_word' id='word_1_691' title='bbox 1499 2846 1529 2874; x_wconf 85' lang='grc' dir='ltr'><strong>ι).</strong></span> <span class='ocrx_word' id='word_1_692' title='bbox 1544 2851 1570 2873; x_wconf 87' lang='lat' dir='ltr'><strong>et</strong></span> <span class='ocrx_word' id='word_1_693' title='bbox 1593 2845 1666 2871; x_wconf 87' lang='lat' dir='ltr'><strong>\&#39;ien.</strong></span> 
     </span>
    </p>
   </div>
  </div>
