1929 3068
643 185 686 212 ΒΕ
705 184 846 213 ECCLES.
866 183 1065 217 IIIERARCH.,
1083 184 1159 212 CAP.
1182 185 1211 214 Υ.

1691 186 1743 216 506

109 235 262 263 πτευθέντα
278 236 336 265 θεῖα
348 238 486 275 θεάματα·
505 240 551 267 καὶ
567 241 596 267 τὸ
613 242 714 277 μυῆσαι
729 242 764 269 τὰ
782 243 885 278 ἱεραρχι

939 273 941 278 ,
956 252 1025 278 quc,
1042 243 1093 271 sibi
1111 247 1289 270 sacrosancte
1313 247 1455 278 perspecta
1473 243 1563 271 dit-ina
1588 244 1742 278 spectacula

109 280 147 306 κὰ
170 281 225 308 τῶν
251 284 310 318 μετ’
335 285 490 322 ἐπιστήμης
513 287 687 324 τελειωτικῆς
711 288 746 315 τὰ
769 288 827 315 θεῖα
851 288 902 324 τῆς

109 327 169 353 κατ’
193 328 291 361 αὐτοὺς
318 330 456 367 ἱεραρχίας
482 333 588 361 ἃπαντα
612 334 703 366 καλῶς
732 334 901 370 μυηθέντων,

108 373 156 398 καὶ
171 373 222 410 τὴν
237 375 424 412 τελεσιουργὸν
441 379 488 406 τοῦ
507 380 609 416 μυῆσαι
628 380 740 416 δύναμιν
757 381 902 417 προσειλη-

108 420 196 454 φότων
208 428 216 436 ο
234 422 327 449 καὶτὸ
346 425 505 459 μεταδοῦναι
528 427 589 454 κατ’
614 427 691 461 ἀξίαν
717 427 752 454 τὰ
769 427 830 463 ἱερὰ
846 427 901 454 τῶν

106 465 328 501 ἐπιστημονικῶς
339 469 386 496 καὶ
393 469 548 508 ὁλοκλήρως
565 473 755 508 μετασχόντων
766 473 815 509 τῆς
827 473 900 508 ἱερα-

105 513 185 547 τικῆς
201 513 380 548 τελειώσεως.

954 291 1096 318 insirtuare
1110 299 1116 317 :
1131 290 1231 317 docere
1247 290 1328 317 etiam
1342 297 1372 316 ca
1387 298 1447 324 qua:
1462 290 1620 317 ltierarcltiae
1633 290 1741 325 propria

954 343 1026 369 sunt,
1045 345 1139 364 eorum
1160 342 1213 368 cst.
1231 337 1277 371 qui
1299 344 1360 364 cum
1379 337 1535 370 perlicientc
1549 336 1661 364 scientia
1674 336 1742 364 divi-

955 393 988 412 na
1004 391 1119 420 quaeque
1144 383 1215 411 sacri
1232 383 1272 410 sui
1296 383 1400 410 ordinis
1424 384 1551 419 mysteria
1573 383 1656 415 probe
1678 387 1740 410 sunt

953 432 1053 464 edocti,
1080 436 1354 464 cortsuummtautque
1373 429 1488 456 docendi
1515 430 1583 456 alios
1610 431 1738 456 virtutem

955 483 1140 514 acceperunt;
1157 482 1328 504 sacramenta
1346 483 1409 502 rem
1424 483 1474 510 pro
1485 476 1615 510 dignitate
1632 477 1739 503 tradere

953 525 1062 552 illorum
1091 529 1150 555 est,
1177 523 1224 558 qui
1247 525 1315 550 sene
1338 526 1420 557 atque
1442 523 1546 557 integre
1559 521 1738 549 sacerdotalis

951 571 1114 598 iuitiationis
1130 570 1278 606 participes
1293 568 1437 596 exsistunt.

887 649 954 687 5V.

138 736 243 764 Οὖκοῦν
266 737 283 773 ἡ
308 738 368 765 θεία
394 739 447 766 τῶν
474 739 608 776 ἰεραρχῶν
630 740 708 774 τάξις
727 740 822 777 πρώτη
848 741 897 776 μὲν

102 780 161 808 ἐστι
178 781 232 809 τῶν
244 783 395 811 Θεοπτικῶν
411 785 671 823 τάξεων,ἁκροτάτη
689 787 716 814 δὲ
734 787 779 814 καὶ
794 787 896 824 ἐσχάτη

102 827 183 854 πάλιν
200 829 217 863 ἡ
234 829 314 864 αὑτὴ,
331 831 377 857 καὶ
394 830 447 867 γὰρ
464 832 504 864 εἰς
521 832 605 869 αὐτὴν
626 833 797 860 ἀποτελεῖται
810 834 832 850 ⁸⁷
849 835 896 861 καὶ

101 872 309 908 ἀποπληροῦται
321 876 394 902 πᾶσα
404 877 455 912 τῆς
475 877 536 905 καθ’
553 879 625 914 ἡμᾶς
643 879 784 915 ἱεραρχίας
800 880 817 915 ἡ
833 879 892 906 δια-

100 920 246 955 κόσμησις,
270 920 313 952 Ὡς
330 921 384 958 γὰρ
400 923 510 951 ἃπασαν
527 924 666 960 ἱεραρχίαν
677 925 784 961 ὁρῶμεν
795 927 835 958 είς
847 926 893 953 τὸν

107 965 211 1000 Ἰησοῦν
224 967 493 1005 ἁποπεραιουμένην,
507 969 594 1003 οὕτως
611 971 729 1006 ἑκάστην
745 973 786 1004 εἰς
802 973 848 1000 τὸν
859 973 894 999 οἰ-

98 1013 172 1038 κεῖον
190 1011 279 1040 ἔνθεον
292 1013 433 1050 ἱεράρχην.
457 1016 489 1042 'ﬂ
504 1015 532 1043 δὲ
547 1017 597 1053 τῆς
615 1018 774 1054 ἱεραρχικῆς
789 1018 893 1052 τάξεως

97 1057 213 1094 δύναμις
239 1059 268 1086 ὲν
287 1061 388 1093 πάσαις
409 1064 495 1098 χωρεῖ
509 1064 568 1096 ταῖς
593 1065 678 1100 ἱεραῖς
701 1065 820 1101 ὀλότησι,
845 1068 893 1094 καὶ

96 1102 142 1130 διὰ
155 1104 248 1131 πασῶν
264 1105 317 1132 τῶν
335 1107 416 1142 ἱερῶν
431 1108 534 1141 τάξεων
550 1110 656 1146 ἐνεργεῖ
672 1110 708 1138 τὰ
723 1112 772 1147 τῆς
789 1113 893 1146 οἰκείας

98 1150 242 1186 ίεραρχίας
266 1154 417 1189 μυστήρια·
445 1155 579 1191 ὲκκρίτως
604 1156 633 1183 δὲ
655 1157 724 1194 αὐτῇ
751 1158 827 1194 παρὰ
842 1159 892 1192 τὰς

95 1194 194 1228 λοιπὰς
207 1197 299 1230 τάξεις
315 1199 354 1230 εἰς
371 1199 537 1235 αὐτουργίαν
552 1203 566 1228 ό
583 1201 655 1234 θεῖος
675 1202 776 1239 θεσμὸς
792 1205 891 1232 ἀπονε-

96 1241 200 1278 νέμηκε
217 1243 265 1276 τὰς
282 1244 419 1281 θειοτέρας
445 1247 616 1283 ἱερουργίας·
633 1246 713 1276 αὗται
735 1250 763 1277 δέ
781 1251 848 1277 εἰσιν
863 1252 891 1278 αἱ

95 1285 280 1324 τελεσιουργοὶ
296 1290 345 1326 τῆς
363 1290 510 1327 θεαρχικῆς
531 1292 671 1328 δυνάμεως
687 1294 801 1326 εἰκόνες,
823 1296 891 1321 ἀπο-

94 1332 220 1360 τελοῦσαι
238 1335 261 1350 ⁵⁸
279 1336 368 1363 πάντα
385 1336 420 1364 τὰ
436 1336 563 1365 θειότατα
588 1338 709 1375 σύμϐολα
726 1340 773 1367 καὶ
799 1340 890 1373 πάσας

93 1378 145 1410 τὰς
169 1379 244 1415 ἱερὰς
260 1376 472 1418 ’διακοσμήσεις.
497 1384 529 1410 Εἰ
552 1384 607 1420 γὰρ
624 1385 671 1412 καὶ
689 1385 757 1422 πρὸς
779 1386 834 1413 τῶν
852 1388 890 1413 ίε-

94 1422 165 1458 ρέων
197 1425 336 1453 τελοῦνταί
365 1435 425 1454 τινα
452 1427 508 1455 τῶν
541 1429 696 1465 σεϐασμίων
729 1431 888 1466 συμϐόλων,

93 1466 152 1494 ἀλλ’
167 1467 197 1494 οὗ
224 1478 287 1497 ποτε
303 1472 354 1507 τὴν
380 1472 455 1508 ἱερὰν
478 1473 647 1509 θεογενεσίαν
663 1477 678 1502 ό
702 1476 792 1513 ἱερεὺς
812 1477 888 1513 ἐνερ-

93 1514 174 1559 γήσει
207 1515 252 1542 τοῦ
283 1517 422 1545 θειοτάτου
452 1519 539 1555 μύρου
565 1521 666 1557 χωρὶς,
685 1522 746 1549 οὐδε
775 1522 810 1550 τὰ
837 1524 887 1559 τῆς

91 1558 167 1591 θείας
192 1562 335 1594 κοινωνίας
360 1563 465 1591 τελέσει
492 1566 652 1601 μυστήρια,
682 1566 718 1602 μὴ
745 1567 784 1602 τῷ
815 1567 886 1594 θειο-

90 1604 165 1640 τάτῳ
183 1605 368 1644 θυσιαστηρίῳ
380 1609 434 1636 τῶν
449 1611 614 1638 κοινωνικῶν
628 1611 806 1639 ὲπιτεθέντων
820 1622 851 1639 συ
856 1622 886 1649 μ-

91 1651 177 1677 ϐόλων
189 1660 195 1667 ’
213 1652 270 1680 ἀλλ’
287 1654 347 1682 οὐδὲ
369 1656 451 1688 αὐτὸς
475 1657 565 1694 ἱερεὺς
581 1657 657 1685 ἔσται
668 1677 676 1691 ,
696 1659 733 1694 μὴ
750 1659 818 1694 πρὸς
830 1660 884 1686 τῶν

91 1696 257 1733 ἱεραρχικῶν
281 1700 447 1729 τελειώσεων
474 1704 514 1735 είς
547 1703 627 1730 τοῦτο
661 1704 880 1741 κεκληρωμένος.

90 1741 172 1770 Ὅθεν
197 1744 214 1779 ὴ
240 1744 299 1773 θεία
324 1746 503 1783 θεσμοθεσία,
526 1749 577 1786 τὴν
604 1749 658 1777 τῶν
676 1750 842 1787 ίεραρχικῶν
858 1752 881 1768 ⁵⁹

87 1787 192 1833 τάξεων
214 1790 390 1825 ἀγιαστείαν,
413 1794 460 1820 καὶ
482 1795 533 1830 τὴν
555 1795 604 1823 τοῦ
628 1795 702 1823 θείου
727 1797 814 1833 μύρου
839 1807 885 1824 τε-

87 1831 208 1878 λείωσιν,
230 1836 277 1862 καὶ.
293 1837 343 1873 τὴν
361 1838 436 1873 ἱερὰν
452 1838 499 1865 τοῦ
525 1831 882 1878 θυσιαστηρίουγτελετουρ-

87 1877 161 1911 γίαν,
179 1880 240 1912 ταῖς
255 1881 309 1908 τῶν
326 1882 424 1910 ἐνθέων
440 1883 576 1920 ίεραρχῶν
591 1884 791 1921 τελεσιουργοῖς
806 1886 882 1914 δυνά-

89 1931 169 1958 μεσιν
186 1925 294 1960 ἐνιαίως
310 1928 518 1966 ἀπεκλήρωσεν.

985 739 1146 767 Pontiﬁcum
1160 739 1252 773 itaque
1268 738 1377 765 divinus
1394 739 1461 764 ordo
1476 738 1578 771 primus
1589 743 1630 765 est
1641 744 1737 764 eorum

949 785 1077 813 ordinum
1094 785 1140 820 qui
1154 785 1235 812 DCIIIII
1254 784 1367 816 rident,
1387 785 1513 818 idemque
1530 788 1557 810 et
1571 791 1694 811 summus
1710 787 1737 810 et

949 833 1070 864 ultinnts,
1089 832 1189 867 quippe
1216 831 1242 858 in
1268 839 1322 866 quo
1346 836 1374 858 et
1396 831 1547 857 absolvitur
1569 835 1595 857 et
1611 830 1736 865 expletur

946 879 1036 906 Omnis
1057 878 1220 905 bicrarcltiaa
1244 882 1345 904 nostra:
1362 877 1512 904 distinctio.
1529 875 1563 903 Ut
1579 876 1651 904 enim
1678 876 1736 904 bie-

945 925 1081 952 rarcltiam
1107 931 1215 951 ontnem
1241 923 1364 951 videmus
1381 923 1408 950 in
1425 922 1517 950 Jesntn
1535 923 1680 955 desinere,
1694 923 1735 950 sic

945 978 1165 1006 unamquamque
1180 971 1206 997 in
1222 977 1301 997 suum
1321 970 1442 997 divinum
1459 970 1624 1004 pontiﬁcem.
1650 969 1734 996 l’orro

945 1018 1031 1044 virtus
1046 1017 1151 1044 ordinis
1166 1016 1330 1044 hierarcltici
1349 1016 1374 1043 in
1391 1019 1476 1043 sacris
1496 1016 1623 1043 omnibus
1639 1015 1735 1042 distin-

944 1063 1084 1090 ctionibus
1113 1062 1238 1097 capitur,
1261 1069 1288 1089 et
1312 1070 1361 1096 pu-r
1386 1069 1481 1089 otnnes
1503 1069 1596 1089 sacros
1623 1062 1755 1092 ordines‘

945 1108 1108 1135 ltierareltim
1126 1116 1186 1142 qua:
1201 1107 1250 1142 ipsi
1266 1107 1374 1142 propria
1392 1112 1434 1135 est
1456 1107 1585 1142 mysteria
1604 1107 1732 1142 perﬁcit;

942 1161 1035 1181 verunt
1063 1154 1126 1181 huic
1142 1154 1309 1181 excellenter
1326 1161 1381 1189 pra.-
1406 1154 1513 1181 casteris
1539 1153 1681 1180 ordinibus
1704 1152 1731 1179 in

942 1201 983 1227 sui
1000 1200 1182 1227 ministerium
1199 1200 1292 1227 divina
1309 1199 1351 1226 lcx
1375 1199 1462 1227 ollicia
1479 1199 1612 1226 diviniora
1637 1199 1732 1226 distri-

941 1245 1011 1278 buit,
1024 1254 1084 1281 quae
1101 1247 1228 1274 nitnirum
1243 1251 1307 1273 sunt
1333 1246 1466 1281 imagines
1485 1246 1627 1280 praecipuas
1650 1245 1732 1278 perli-

941 1292 1037 1320 cieutis
1060 1292 1172 1319 virtutis
1198 1292 1266 1323 Dei.
1288 1292 1388 1328 quibus
1415 1291 1585 1319 divinissiina
1617 1297 1731 1325 qua-que

939 1337 1061 1375 symbolo
1073 1345 1212 1373 sacratqne
1223 1338 1414 1365 distinctiones
1427 1345 1522 1364 omnes
1536 1343 1730 1363 consumman-

940 1389 994 1411 tur.
1014 1383 1091 1411 Licet
1106 1384 1180 1411 ettint
1198 1391 1213 1410 a
1230 1383 1421 1411 sacerdotibus
1435 1383 1588 1410 veneranda
1604 1381 1730 1415 qumdam

939 1435 1109 1457 sacramenta
1125 1430 1318 1461 coniiciuntur,
1336 1436 1475 1464 nunqttaut
1493 1433 1583 1455 tamen
1599 1427 1729 1454 sacerdos

938 1475 1059 1503 divinam
1075 1475 1149 1503 illaut
1168 1476 1408 1511 regenerationem
1424 1476 1485 1502 sine
1500 1473 1670 1501 divinissimo
1684 1472 1730 1499 illo

939 1527 1077 1557 unguento
1096 1523 1308 1553 consuunnabit,
1324 1529 1414 1556 neque
1437 1521 1537 1548 divina:
1557 1519 1730 1548 communio-

939 1571 982 1597 nis
995 1570 1124 1605 mysteria
1140 1569 1326 1602 consecrabit,
1345 1569 1398 1597 nisi
1420 1569 1620 1596 corntnuniouis
1636 1575 1729 1595 sacra-

939 1622 1028 1644 tncuta
1049 1616 1220 1644 dirinissinto
1245 1615 1326 1652 235
1348 1615 1428 1642 altari
1452 1614 1553 1641 fuerint
1581 1614 1725 1648 intpOsita,

938 1663 1003 1697 quin
1020 1669 1054 1689 ne
1069 1664 1199 1689 sacerdos
1214 1663 1323 1696 quidem
1340 1662 1392 1688 erit
1404 1681 1412 1694 ,
1436 1661 1487 1688 nisi
1506 1659 1653 1695 pontiﬁciis
1675 1659 1728 1686 ini-

936 1710 1095 1736 tiationibus
1109 1713 1142 1736 ad
1161 1714 1261 1736 sortem
1279 1709 1358 1736 istaut
1378 1708 1462 1735 fuerit
1482 1712 1634 1742 promotus.
1652 1706 1727 1739 Qua-

935 1759 1046 1790 propter
1064 1755 1106 1782 lex
1119 1756 1211 1782 divina
1228 1755 1461 1782 bierarcbicorum
1483 1754 1608 1781 ordinum
1621 1753 1727 1781 sancti-

934 1802 1111 1835 ticationent,
1137 1807 1164 1830 et
1195 1802 1325 1836 unguenti
1354 1801 1439 1828 divini
1468 1801 1722 1834 consecrationem,

933 1856 1098 1883 sacramque
1132 1848 1226 1875 altaris
1264 1847 1484 1876 benedictionem
1519 1847 1724 1882 perﬁcientibus

933 1897 1088 1924 divinorum
1108 1895 1268 1930 pontificum
1282 1895 1430 1922 virtutibus
1446 1894 1621 1930 singulariter
1644 1893 1724 1920 attri-

932 1943 1004 1970 ltuit.

873 2023 886 2059 §
902 2022 955 2053 Vl.

122 2099 215 2126 Ἔστιν
231 2097 278 2127 οὖν
296 2101 312 2136 ἠ
330 2101 473 2139 ἱεραρχικὴ
484 2104 505 2119 ⁶⁰
520 2104 597 2136 τάξις
608 2124 615 2137 ,
635 2105 652 2140 ἡ
671 2105 722 2140 τῆς
741 2105 876 2133 τελειωτι-

965 2106 1012 2134 Est.
1041 2105 1122 2140 igitur
1143 2105 1317 2139 pontiIiCatus
1347 2113 1394 2133 seu
1428 2105 1601 2140 episcopatus
1623 2105 1713 2138 ordo,

85 2144 137 2198 κῆς
148 2145 288 2198 δυνάμεως
307 2148 536 2187 ἀναπεπλησμένῃ
547 2171 555 2183 ,
578 2151 613 2178 τὰ
631 2152 809 2189 τελεσιουργά
826 2153 876 2188 τῆς

939 2152 987 2187 lui,
1001 2156 1208 2180 consuunnante
1222 2152 1323 2179 virtute
1343 2151 1437 2182 fultus,
1462 2150 1629 2186 perlicieutia
1646 2158 1720 2185 quae-

84 2192 225 2227 ἱεραρχίας
246 2193 381 2229 ἐκκρίτως
402 2195 663 2232 τελετῠυργοῦσα⁶¹,
685 2199 730 2225 καὶ
749 2198 799 2230 τὰς
816 2199 876 2225 ἐπι-

84 2237 188 2272 στήμας
200 2238 254 2264 τῶν
273 2239 354 2275 ἱερῶν
374 2241 577 2277 ὲκφαντορικῶς
593 2243 715 2278 μυοῦσα,
737 2244 784 2270 καὶ
803 2244 877 2271 ἐκδι-

81 2282 218 2310 δάσκουσα
230 2284 279 2317 τὰς
298 2285 445 2321 ἀναλόγους
465 2288 553 2315 αὐτῶν
572 2290 618 2316 καὶ
639 2290 714 2325 ἱερὰς
726 2290 796 2324 ἕξεις
805 2291 826 2306 ⁸¹
844 2299 874 2317 τε

82 2329 129 2356 καὶ
150 2329 286 2365 δυνάμεις.
316 2332 347 2359 Ὴ
365 2332 394 2359 δὲ
413 2333 467 2360 τῶν
487 2335 582 2370 ἱερέων
601 2337 785 2372 φωταγωγικὴ
797 2336 875 2370 τάξις

81 2375 127 2402 ἐπὶ
141 2375 190 2407 τὰς
209 2375 283 2409 θείας
302 2377 356 2405 τῶν
370 2379 486 2406 τελετῶν
502 2381 617 2416 ἐποψίας
630 2384 797 2418 χειραγωγεί
808 2382 873 2415 τοὺς

80 2421 255 2456 τελουμένους
267 2424 319 2450 ὑπὸ
330 2426 362 2460 τῇ
374 2425 429 2452 τῶν
444 2427 543 2454 ἐνθέων
561 2429 695 2464 ἱεραρχῶν
712 2428 805 2462 τάξει,
824 2429 872 2456 καὶ

81 2466 139 2510 μετ’
160 2467 247 2503 αὐτῆς
268 2469 445 2506 ἱερουργοῦσα
463 2472 512 2504 τὰς
532 2473 635 2505 οἰκείας
654 2474 807 2510 ἱερουργίας
819 2483 826 2490 ο
841 2476 872 2501 ἐν

78 2508 118 2542 οἷς
132 2512 183 2547 μὲν
196 2513 264 2549 αὑτὴ
276 2513 327 2550 δρᾷ
341 2515 390 2547 τὰς
409 2516 552 2553 θεουργίας
571 2508 783 2547 ὑποδεικνύουσα
792 2521 813 2536 ⁵³
827 2520 871 2548 διὰ

77 2558 131 2584 τῶν
165 2560 319 2595 ἱερωτάτων
348 2563 489 2597 συμϐόλων
516 2565 562 2591 καὶ
593 2566 776 2602 θεωρητικοὺς
806 2567 870 2599 τοὺς

77 2603 240 2638 προσιόντας
258 2605 441 2640 ἀποτελοῦσα,
462 2610 509 2636 καὶ
527 2609 581 2636 τῶν
593 2611 675 2637 ὁσίων
686 2611 800 2638 τελετῶν
814 2621 871 2639 κοι-

76 2649 187 2680 νωνοὺς,
201 2650 243 2682 είς
254 2650 299 2677 τὸν
310 2652 441 2689 ίεράρχην
450 2653 473 2669 ⁸⁵
488 2654 516 2682 δὲ
528 2655 726 2683 ἁναπέιιπουσα
740 2658 802 2690 τοὺς
818 2657 868 2692 τῆς

927 2206 981 2233 que
995 2199 1065 2225 sacri
1078 2198 1183 2225 ordinis
1200 2198 1290 2224 tuunia
1307 2197 1518 2232 praeminenter
1534 2199 1716 2228 consummat.

927 2249 1009 2279 atque
1019 2251 1159 2271 sacrorum
1176 2243 1334 2279 disciplinas
1352 2243 1558 2278 interpretando
1575 2243 1673 2276 tradit,
1689 2247 1718 2269 et

926 2290 1022 2318 edocet
1042 2297 1165 2324 quaenam
1183 2290 1248 2323 ipsis
1263 2297 1348 2317 sacra:
1368 2294 1525 2324 competant
1542 2288 1717 2316 habitudines

925 2340 1007 2370 atque
1031 2335 1155 2363 virtutes.
1180 2336 1359 2362 Sacerdotum
1378 2340 1468 2361 autent
1483 2336 1561 2367 ordo,
1579 2335 1624 2368 qui
1652 2333 1714 2360 illuc

925 2382 1024 2414 tuinat,
1046 2382 1079 2408 ad
1098 2388 1177 2408 sacra
1195 2382 1324 2416 mysteria
1344 2381 1499 2408 contnenda
1520 2380 1640 2407 initiatos
1656 2387 1715 2406 uta-

925 2427 1040 2454 nuducil
1067 2427 1219 2454 divinorqu
1249 2427 1339 2454 ordini
1369 2427 1528 2462 poutil'teuut
1554 2427 1713 2461 subjectus,

921 2479 983 2499 cunt
998 2479 1052 2506 quo
1067 2472 1175 2506 propria
1195 2479 1242 2499 sua
1257 2472 1380 2500 celebrat
1401 2471 1489 2499 oliieia
1504 2491 1511 2503 .
1530 2476 1613 2505 atque
1635 2471 1661 2497 in
1678 2471 1714 2497 iis

921 2519 1031 2554 quidem
1048 2526 1108 2554 quae
1122 2519 1186 2545 facit
1201 2519 1292 2546 divina
1312 2527 1393 2554 opera
1419 2518 1600 2545 sanctissimis
1625 2517 1710 2552 signis

920 2571 947 2592 et
959 2565 1141 2592 sacramentis
1167 2565 1308 2598 ostendit,
1338 2570 1560 2599 spectatoresque
1591 2571 1637 2591 eos
1663 2562 1710 2597 qui

920 2611 1054 2637 accedunt
1079 2610 1181 2643 eliicit,
1207 2615 1235 2638 et
1264 2611 1290 2638 in
1326 2616 1482 2637 sattctorum
1514 2609 1708 2644 mysteriorum

921 2657 1080 2684 societatem
1114 2658 1389 2693 coutuutniouemque
1424 2658 1564 2688 admittit,
1595 2656 1643 2683 sed
1674 2654 1709 2684 ad

726 2734 844 2763 VARUS
863 2735 962 2764 LECTI
968 2736 1066 2764 UNES.

111 2819 132 2834 ⁵⁷
146 2818 330 2858 ἀποτελευτᾷ,
413 2821 443 2858 li.
473 2823 522 2850 (2b.

75 2856 245 2895 pompae-36$,-
255 2857 305 2895 Ub.
345 2856 366 2895 ίξ
380 2856 529 2892 ἀναλόγως,
545 2860 594 2887 (Ili.
610 2861 684 2895 ἱερὰς
697 2861 798 2894 τάξεις,
814 2866 841 2888 δ.

76 2894 141 2932 bris,
159 2890 184 2928 i_n
200 2890 261 2918 aliis
274 2890 444 2926 δεικνύουσα,
459 2890 486 2921 et.
504 2895 539 2921 ita
556 2896 582 2922 in
598 2890 657 2923 aliis
673 2890 796 2924 casibui.’
810 2899 885 2925 Uutttl

940 2905 998 2924 ηυδ
1016 2903 1111 2924 notate
1124 2897 1232 2932 longum
1255 2890 1336 2925 esset.

74 2931 126 2952 non
140 2923 205 2952 τῶν.

571 2824 594 2840 ⁸⁸
607 2825 812 2853 ἀποτελειοῦσαι
824 2846 830 2857 ,
853 2826 902 2853 Ch.
919 2826 952 2852 1).

882 2862 904 2877 ⁵³
920 2862 1007 2888 variat
1023 2863 1048 2888 in
1066 2862 1107 2888 nis
1122 2861 1214 2888 verbis
1228 2862 1363 2896 scriptura
1380 2871 1385 2889 :
1403 2861 1531 2889 δεικνῦτα
1557 2870 1581 2888 ιιι
1608 2863 1650 2889 bis
1671 2863 1703 2890 li-

998 2825 1200 2866 ”'_i:ps1:xtbv,
1216 2826 1246 2853 P.
1351 2827 1373 2842 ‘°
1395 2827 1534 2866 ἱερατιαή.
1552 2826 1581 2854 S.
1608 2863 1613 2866 _
1629 2828 1650 2866 _"
1666 2828 1705 2866 ζει-

1382 2897 1404 2914 “
1426 2900 1461 2925 ita
1484 2898 1625 2933 legendum
1649 2904 1702 2932 est,
