1929 3068
194 172 245 200 59'!

751 166 754 168 ’
781 175 809 204 s.
828 176 977 205 mout'su
994 177 1225 207 annonem;

1769 178 1820 207 508

194 232 348 267 poutdicem
368 233 483 261 remittit
506 240 553 261 eos
575 235 620 268 qui
647 235 820 270 disciplinam
847 242 976 271 expetunt

1032 239 1186 275 ἐπιστήμης
1199 238 1253 265 τῶν
1268 238 1456 274 θεωρηθεισῶν
1471 236 1632 274 ἱερουργιῶν
1648 236 1819 272 ἐφιεμένους.

194 278 387 312 mysteriorum
402 286 463 313 qute
480 280 615 306 viderunt.
636 279 734 307 Verum
752 283 820 308 ordo
841 282 982 309 ministro-

194 331 253 350 rum
266 331 313 350 seu
329 324 508 352 diaconorum
531 331 590 359 est,
613 327 660 361 qui
684 328 776 361 expiat
793 333 822 355 et
835 329 980 356 dissimilia

194 370 334 402 discernit,
351 376 496 406 antequam
513 373 546 399 ad
561 373 732 400 sacerdotum
752 381 829 401 saera
854 375 978 408 veniant;

193 416 356 443 accedentes
370 417 451 444 etiattt
467 417 576 451 lustrat,
592 424 620 446 ut
633 427 680 447 eos
695 427 709 446 a
725 421 869 447 contrariis
882 421 981 448 immu-

194 468 242 487 nes
257 462 361 494 reddat,
380 468 461 497 atque
486 472 630 491 saeroruttt
654 466 845 500 mysteriorum
870 472 978 500 specta-

193 507 253 533 culo
265 512 292 534 et
307 510 498 537 communione
522 511 626 545 dignos.
653 511 744 545 Itaque
769 513 795 538 itt
823 519 903 539 sacra
932 512 978 539 Dei

192 554 400 587 regeneratione
423 555 528 583 dtaconi
546 565 608 584 eum
623 577 631 590 ,
649 558 695 592 qui
713 558 745 584 ad
766 558 839 585 illam
856 559 978 593 accedit,

192 599 303 634 atttiqtta
320 606 393 628 veste
408 607 510 629 exuunt
533 607 614 637 atque
640 604 807 631 discaleeant
821 624 829 635 ,
845 609 873 631 et
887 605 919 631 ad
934 611 980 631 oc-

191 645 326 672 cidentem
350 646 560 674 abrenuntiandi
588 656 668 675 causa
693 649 811 682 sistunt,
832 656 980 682 rttrsttsque

192 692 383 720 traducuutad
397 695 527 721 orientem
544 694 618 730 (sunt
642 695 714 722 enim
740 694 881 730 purgantis
906 694 981 722 ordi-

192 740 234 767 nis
247 744 327 774 atque
343 741 461 775 virtutts)
482 741 622 768 hortantes
646 749 694 768 eos
719 742 763 775 qui
780 742 914 769 accedunt
925 762 934 774 ,
951 746 980 768 ut

191 786 292 820 prioris
307 787 368 814 vitae
388 788 543 814 indumenta
563 789 672 820 penitus
689 789 842 823 deponant;
861 790 979 816 erroris—

191 841 245 868 que
260 834 367 868 pristini
385 835 507 862 tenebris
529 835 674 869 pati-factis
695 836 793 863 docent
811 844 858 863 eos
882 841 911 863 ut
929 837 979 864 ob-

193 880 281 906 scuris
299 881 380 907 rebus
393 881 526 915 ablegatis
539 902 546 914 ,
563 889 622 909 sese
648 882 813 910 transferant
827 882 859 909 ad
873 890 904 909 ea
919 890 979 917 qum

1037 284 1070 311 Ἦ
1085 285 1114 311 δὲ
1132 285 1186 312 τῶν
1207 285 1370 320 λειτουργῶν
1388 284 1480 316 τάξις,
1497 285 1513 319 ἠ
1528 283 1679 319 καθαρτικὴ
1697 283 1744 309 καὶ
1765 283 1819 308 τῶν

1032 330 1164 365 ἀνομοίων
1181 331 1335 366 διακριτικὴ
1349 350 1356 361 ,
1375 330 1428 366 πρὸ
1436 331 1458 346 ⁸⁵
1475 329 1525 364 τῆς
1539 330 1586 356 ἐπὶ
1597 328 1645 360 τὰς
1658 328 1712 355 τῶν
1724 328 1820 364 ἰερέων

1032 374 1184 410 ἱερουργίας
1204 374 1401 410 προσαγωγῆς,
1421 373 1600 408 ἀποκαθαίρει
1619 373 1682 404 τοὺς
1695 371 1822 408 προσιόν-

1030 428 1089 451 τας,
1103 421 1211 456 ἀμιγεῖς
1230 420 1328 451 αὺτοὺς
1347 418 1515 446 ἀποτελοῦσα
1531 418 1585 445 τῶν
1605 417 1734 444 ἐναντίων
1746 437 1753 449 ,
1773 417 1821 444 καὶ

1031 467 1100 502 πρὸς
1112 467 1284 502 ἰεφυργικὴν
1299 466 1414 502 ἐποψίαν
1426 466 1474 492 καὶ
1485 464 1625 492 κοινωνίαν
1640 464 1818 499 ἐπιτηδείους.

1033 513 1113 540 Ὅθεν
1135 514 1181 539 ἐπί
1201 513 1252 548 τῆς
1275 513 1350 548 ἱερᾶς
1371 511 1541 546 θεογενεσίας
1561 512 1586 537 οἱ
1602 510 1754 544 λειτουργοὶ
1773 508 1821 535 τὸν

1031 557 1175 593 προσιόντα
1202 557 1251 592 τῆς
1272 556 1389 589 παλαιᾶς
1410 555 1612 591 ἀπογυμνοῦσιν
1636 554 1758 589 ἐσθῆτος,
1779 553 1821 580 έτι

1033 603 1085 638 μὴν
1098 603 1144 629 καὶ
1164 602 1307 629 ὑπολύουσι
1320 622 1327 632 ,
1348 601 1395 628 καὶ
1413 602 1481 638 πρὸς
1498 600 1602 636 δυσμὰς
1622 602 1663 632 εἰς
1681 599 1821 635 ἀποταγὴν

1032 647 1135 679 ἑστῶσι,
1150 648 1196 673 καὶ
1207 645 1283 679 αὖθις
1296 647 1363 682 πρὸς
1373 646 1410 673 ’ἐω
1431 647 1592 682 μετάγουσι,
1607 645 1672 680 (τῆς
1691 644 1821 680 καθαρτι-

1031 694 1082 728 κῆς
1102 694 1156 729 γάρ
1181 695 1234 720 εἰσι
1262 692 1365 725 τάξεως
1387 693 1434 720 καί
1454 692 1631 728 δυνάμεως,)
1656 690 1821 718 ἀποϐάλλειν

1030 741 1127 773 ὑλικῶς
1144 740 1348 776 ἐγκελευόμενοι
1362 741 1417 772 τοῖς
1439 739 1579 775 προσιοῦσι
1596 738 1645 770 τὰς
1657 738 1708 773 τῆς
1723 736 1822 772 προτέ-

1033 797 1081 824 ρας
1099 787 1171 822 ζωῆς
1188 787 1341 822 ἀμφιέσεις,
1355 787 1401 813 καὶ
1417 786 1448 812 τὸ
1462 785 1509 812 τοῦ
1528 785 1660 821 προτέρου
1678 783 1735 819 βίου
1758 791 1821 810 σκο-

1030 834 1116 861 τεινὸν
1130 833 1345 865 ὑποδεικνύντες,
1356 833 1402 859 καὶ
1414 832 1617 862 ἐκδιδάσκοντες
1630 829 1738 862 αὐτοὺς,
1753 829 1822 855 ἀπο-

1030 879 1198 915 ταξαμένους
1211 880 1267 911 τοῖς
1281 878 1444 914 ἀλαμπέσιν,
1460 879 1505 905 ἐπὶ
1517 877 1553 904 τὰ
1568 875 1719 912 φωτιστικὰ
1739 883 1821 910 μετα-

191 925 544 954 illuminant.Diaconorum
559 928 650 963 itaque
666 929 733 955 ordo
747 934 788 955 est
802 928 976 962 expiatorius.

1030 926 1172 962 ταχθῆναι.
1206 925 1364 961 Καθαρτικὴ
1393 925 1482 951 τοίνυν
1505 924 1578 950 ἐστὶν
1605 923 1622 958 ὴ
1648 919 1822 956 λειτουργικὴ

189 971 223 998 aJ
246 971 375 1005 pra-clara
390 973 560 1000 sacerdotum
580 981 658 1001 saera
682 974 783 1001 ducens
800 981 847 1001 eos
864 974 909 1008 qui
932 981 980 1001 ex-

190 1017 255 1051 piati
271 1023 345 1050 sunt,
370 1024 451 1052 atque
476 1019 569 1053 expiat
593 1019 769 1054 imperfectos
783 1040 791 1052 ,
812 1027 880 1054 quos
895 1020 978 1047 etiam

190 1063 262 1089 fovet
277 1064 455 1099 purgantibus
469 1065 637 1099 eloquiorunt
654 1065 883 1093 illustrationilttts
898 1070 979 1099 atque

189 1109 338 1141 doctrinis;
351 1115 378 1137 et
398 1116 529 1145 praeterea
553 1112 679 1146 profanos
693 1120 707 1138 a
724 1111 911 1139 sacerdotibus
934 1119 978 1137 ar-

190 1159 243 1187 cet,
259 1161 371 1190 propter
395 1157 468 1190 qnod
487 1157 627 1191 pontificio
652 1157 776 1184 instituto
798 1157 885 1184 sacris
909 1164 978 1192 quo-

189 1208 242 1235 que
259 1201 362 1230 foribus
385 1203 541 1237 praeficitur,
559 1208 587 1230 ut
600 1203 788 1239 significetur.
812 1210 906 1230 eorum
931 1203 976 1237 qui

189 1247 222 1274 ad
237 1254 313 1275 saera
327 1248 439 1275 veniunt
464 1256 603 1276 accessum
627 1250 790 1277 omnimodis
816 1249 976 1277 illustratio-

189 1293 268 1320 nibus
281 1301 341 1320 esse
356 1294 533 1328 expiandum,
549 1295 767 1330 quandoquidem
784 1296 816 1322 ad
835 1299 975 1330 aspectant

188 1340 465 1376 communionemque
488 1349 628 1369 sacrortttn
659 1342 851 1373 introduc-cudi
879 1349 976 1368 munus

188 1385 349 1419 cxpiatoriis
365 1385 510 1415 virtutibus
524 1388 559 1414 sit
576 1387 764 1422 commissum,
781 1395 796 1414 a
809 1388 906 1422 quibus
919 1388 976 1422 alii,

188 1431 233 1464 qui
251 1431 284 1458 ab
304 1432 377 1459 ontni
395 1433 478 1469 236
499 1435 604 1462 macula
635 1434 756 1462 tnundati
782 1441 843 1463 sunt
856 1454 864 1468 ,
891 1435 976 1462 intro-

188 1476 341 1504 mittantur.

1030 973 1219 1008 διακόσμησις,
1231 972 1278 998 ἐπὶ
1291 971 1340 1003 τὰς
1355 970 1442 1006 φανὰς
1459 969 1513 996 τῶν
1528 969 1623 1005 ἱερέων
1631 968 1654 984 ⁵⁵
1666 966 1822 1003 ἱερουργίας

1030 1018 1167 1052 ἁνάγουσα
1186 1017 1250 1049 τοὺς
1269 1016 1501 1052 κεκαθαρμένους,
1514 1015 1562 1041 καὶ
1581 1013 1643 1045 τοὺς
1660 1012 1821 1043 ἀτελέστους

1030 1064 1253 1100 ἀποκαθαίρουσα
1284 1064 1330 1090 καὶ
1362 1061 1526 1098 μαιευομένη
1554 1061 1614 1091 ταῖς
1640 1058 1825 1094 καθαρτικοῖς

1029 1109 1084 1136 τῶν
1095 1109 1192 1143 λογίων
1213 1109 1360 1144 ἐλλάμψεσι
1378 1107 1424 1134 καὶ
1437 1106 1630 1137 διδασκαλίαις,
1646 1105 1693 1132 καὶ
1709 1103 1821 1140 προσέτι

1030 1157 1092 1187 τοὺς
1105 1155 1228 1191 ἁνιέρους
1245 1155 1300 1181 τῶν
1319 1154 1413 1190 ἱερέων
1430 1153 1537 1188 ἀμιγῶς
1556 1150 1801 1178 ὰποδιαστέλλουσα
1813 1158 1819 1164 ·

1029 1203 1069 1230 διὸ
1083 1202 1130 1229 καὶ
1148 1203 1207 1234 ταῖς
1226 1202 1312 1237 ἱεραῖς
1333 1199 1416 1235 αὐτὴν
1437 1199 1563 1234 ἐφίστησι
1581 1197 1678 1228 πύλαις
1692 1198 1709 1232 ἡ
1729 1197 1824 1232 ἱεραρ-

1028 1253 1092 1289 χικὴ
1107 1252 1281 1288 θεσμοθεσία,
1300 1252 1349 1287 τὴν
1369 1251 1436 1286 πρὸς
1453 1249 1488 1276 τὰ
1503 1248 1564 1285 ἱερὰ
1581 1248 1634 1274 τῶν
1655 1247 1823 1282 προσιόντων

1027 1300 1128 1326 εἴσοδον
1147 1300 1176 1325 ἐν
1196 1300 1256 1330 ταῖς
1275 1296 1418 1324 παντελέσι
1441 1295 1606 1331 καθάρσεσιν
1625 1293 1820 1328 αἱνισσομένη.

1027 1346 1074 1373 καὶ
1087 1345 1136 1381 τὴν
1147 1345 1194 1371 ἐπὶ
1206 1344 1256 1376 τὰς
1270 1344 1345 1380 ἱερὰς
1365 1342 1455 1369 αὐτῶν
1476 1341 1591 1377 ἐποψίας
1612 1341 1659 1367 καὶ
1679 1339 1822 1370 κοινωνίας

1028 1390 1210 1426 προσαγωγὴν
1232 1390 1293 1420 ταῖς
1324 1388 1502 1423 καθαρτικαῖς
1527 1386 1673 1421 δυνάμεσιν
1701 1383 1822 1419 ἐγχειρί-

1029 1434 1122 1467 ξουσα,
1145 1436 1191 1461 καὶ
1209 1433 1253 1460 διὰ
1272 1433 1374 1459 τούτων
1396 1432 1494 1463 αὐτοὺς
1512 1430 1693 1466 ἀκηλιδώτους
1705 1429 1823 1464 εἰσδεχο-

1031 1481 1110 1517 μένη-

949 1562 964 1599 §
979 1561 1048 1592 ΥΠ.

223 1627 442 1656 Dcmonstralum
459 1636 500 1659 est
513 1632 597 1667 igitur
626 1634 782 1668 pontificum
803 1635 912 1670 quidem
931 1644 976 1662 or-
989 1643 1011 1672 ο

186 1673 276 1700 dinem
293 1676 452 1708 perficiendi
471 1678 524 1704 vim
541 1680 652 1712 habere,
671 1689 702 1707 ac
721 1682 809 1716 rcipsa
825 1682 974 1716 perlicere:

187 1721 359 1748 sacerdotum
381 1727 471 1750 autent
494 1723 665 1753 illutttittandi
682 1726 735 1753 vim
753 1726 853 1754 habere
867 1748 875 1760 ,
893 1731 975 1761 atque

185 1765 357 1801 illuminare;
375 1769 454 1797 tttiuis
470 1777 560 1798 rorum
577 1779 643 1799 vero
665 1773 791 1808 expiandi
816 1781 848 1800 ac
870 1773 975 1800 discer-

186 1814 267 1841 nendi
283 1814 442 1843 facultatem
457 1818 591 1845 obtinere.
614 1819 752 1854 Siquidem
776 1819 844 1846 ordo
866 1820 974 1854 pontifl‘

185 1860 246 1886 cius
270 1868 322 1888 tton
350 1862 508 1896 perficiendi
536 1869 659 1896 tantum,
683 1865 730 1891 sed
757 1870 785 1892 et
805 1865 975 1892 illumittandi

184 1905 360 1941 simulatque
376 1908 504 1942 expiandi
525 1909 577 1936 vim
603 1911 701 1944 habet;
727 1918 759 1938 ac
784 1916 905 1946 potestas
929 1919 974 1938 sa—

184 1952 340 1988 cerdotum,
358 1958 458 1987 praeter
471 1954 639 1983 illumittandi
659 1956 826 1990 facultatem,
847 1958 973 1992 expiandi

184 2006 292 2033 quoque
317 1999 441 2026 contittet
467 2001 634 2030 scientiam:
662 2010 756 2029 verum
781 2004 924 2031 inferiores
940 2005 975 2032 ad

183 2044 355 2078 superiorum
373 2045 528 2073 functiones
546 2048 683 2074 trattsilire
706 2056 878 2084 nequaquam
905 2057 975 2084 pos-

183 2094 246 2116 sunt
261 2111 267 2122 ,
286 2099 370 2125 quare
394 2092 470 2119 nefas
494 2093 529 2120 sit
553 2101 600 2120 eos
624 2094 658 2121 ad
681 2099 783 2122 tantam
809 2096 973 2130 proterriam

183 2139 322 2167 devenire.
337 2139 459 2168 Virtutes
472 2146 562 2169 autem
577 2150 637 2177 quae
651 2143 797 2170 diviniores
812 2147 886 2176 sunt,
905 2151 974 2179 prm-

184 2189 226 2212 ter
242 2185 387 2213 facultates
412 2187 538 2222 proprias
561 2188 722 2216 inferiorum
748 2197 855 2224 quoque
881 2198 974 2218 sacras

182 2231 311 2259 scientias
326 2232 493 2267 perfectione
515 2241 562 2260 sua
587 2235 738 2262 continent.
774 2236 906 2269 Quoniam
935 2241 975 2264 ta-

182 2285 243 2305 nten
261 2278 457 2306 ecclesiastica:
476 2279 673 2314 descriptiones
696 2281 850 2308 divinarum
876 2282 973 2317 imagi-

1064 1635 1202 1662 Δέδεικται
1222 1635 1312 1662 τοίνυν
1331 1635 1398 1670 ἡμῖν
1418 1634 1435 1669 ἡ
1455 1633 1504 1669 μὲν
1523 1633 1576 1659 τῶν
1599 1631 1732 1668 ἰεραρχῶν
1744 1631 1824 1663 τάξις

1026 1682 1185 1718 τελειωτικὴ
1204 1682 1250 1708 καί¹
1265 1681 1469 1716 τελεσιουργός·
1490 1681 1506 1716 ἡ
1527 1680 1556 1706 δὲ
1576 1679 1630 1706 τῶν
1649 1679 1743 1714 ἱερέων
1765 1687 1824 1713 φω-

1025 1727 1133 1763 τιστικὴ
1152 1727 1200 1754 καὶ
1217 1726 1384 1762 φωταγωγός
1396 1733 1402 1741 ·
1426 1726 1443 1761 ἡ
1464 1724 1492 1751 δὲ
1513 1723 1567 1750 τῶν
1587 1723 1751 1759 λειτουργῶν
1772 1731 1824 1749 κα-

1026 1773 1141 1809 θαρτικὴ
1159 1773 1206 1800 καὶ
1222 1772 1392 1807 διακριτικὴ,
1414 1771 1514 1808 δηλαδὴ
1527 1771 1578 1806 τῆς
1598 1769 1758 1805 ἰεραρχικῆς
1773 1768 1824 1794 τά-

1026 1818 1112 1852 ξεως,
1135 1818 1165 1844 οὺ
1187 1817 1387 1854 τελεσιουργεῐν
1415 1816 1513 1853 μόνον,
1543 1815 1610 1842 ἀλλὰ
1621 1814 1668 1841 καὶ
1693 1813 1822 1848 φωτίζειν

1026 1865 1084 1900 ἅμα
1096 1865 1142 1892 καὶ
1154 1864 1296 1901 καθαίρειν
1307 1863 1504 1899 ἐπισταμένης,
1520 1863 1566 1889 καί
1584 1862 1634 1897 τῆς
1651 1860 1705 1887 τῶν
1724 1861 1823 1896 ἱερέων

1025 1911 1164 1946 δυνάμεως
1182 1911 1295 1946 ἐχούσης
1306 1911 1334 1936 ἐν
1346 1911 1429 1945 ἑαυτῇ
1448 1908 1516 1945 μετὰ
1529 1909 1578 1944 τῆς
1593 1907 1758 1943 φωτιστικῆς
1772 1906 1822 1933 καὶ

1024 1957 1074 1992 τὴν
1086 1956 1257 1992 καθαρτικὴν
1278 1956 1443 1991 ἐπιστήμην.
1465 1956 1497 1981 Αἰ
1517 1955 1566 1990 μὲν
1585 1953 1640 1989 γὰρ
1659 1953 1755 1988 ἥττους
1775 1953 1823 1978 ἐπὶ

1024 2003 1059 2030 τὰ
1071 2003 1187 2040 κρείττω
1207 2002 1364 2039 μεταπηδᾷν
1384 2000 1564 2033 ἀδυνατοῦσι,
1588 2000 1656 2035 πρὸς
1673 1999 1731 2025 to”
1752 1998 1823 2034 μηδὲ

1026 2049 1134 2085 θεμιτὸν
1145 2049 1239 2080 αὑταῖς
1252 2046 1319 2074 εἶναι
1333 2048 1401 2083 πρὸς
1420 2047 1548 2082 τοιαύτην
1568 2047 1702 2082 ἐγχειρεῖν
1720 2044 1821 2077 ἀλαζο-

1025 2096 1098 2123 νείαν
1111 2104 1116 2110 ·
1131 2097 1158 2122 αἱ
1170 2095 1199 2122 δὲ
1211 2095 1346 2130 θειότεραι
1358 2094 1487 2128 δυνάμεις
1500 2092 1569 2128 μετὰ
1582 2091 1637 2119 τῶν
1650 2090 1757 2118 οἰκείων
1773 2091 1822 2117 καὶ

1023 2142 1073 2174 τὰς
1089 2141 1236 2177 ὑφειμένας
1249 2141 1298 2176 τῆς
1314 2139 1404 2167 αὐτῶν
1424 2139 1590 2175 τελειότητος
1611 2137 1686 2174 ἱερὰς
1707 2137 1824 2172 ἐπιστή-

1026 2197 1078 2224 μας
1101 2187 1308 2223 γιγνώσκουσιν.
1333 2187 1427 2222 Ὅμως
1448 2184 1542 2220 ἐπειδὴ
1559 2184 1639 2210 θείων
1655 2183 1724 2209 εἰσὶν
1743 2183 1822 2218 ἐνερ-

1025 2234 1108 2269 γειῶν
1130 2233 1234 2264 εἰκόνες
1252 2234 1279 2259 αἰ
1305 2232 1442 2268 ἱερατικαὶ
1459 2231 1651 2265 διακοσμήσεις
1672 2229 1721 2264 τῆς
1741 2227 1822 2254 εὐκό-

1027 2288 1095 2315 σμου
1107 2280 1155 2306 καὶ
1168 2279 1321 2314 ἀσυγχύτου
1334 2278 1387 2304 τῶν
1407 2277 1485 2303 θείων
1502 2275 1648 2312 ἐνεργειῶν
1661 2274 1775 2307 τάξεως,
1790 2274 1821 2300 ἐν

183 2331 231 2350 nes
245 2329 307 2350 sunt
324 2325 472 2357 actionum,
487 2325 557 2359 quod
584 2327 673 2353 ornati
698 2327 874 2362 distinctique
902 2328 972 2355 diri-

1028 2327 1133 2357 ἑαυταῖς
1144 2324 1282 2352 δεικνῦσαι
1300 2323 1350 2355 τὰς
1367 2323 1536 2359 τεταγμένας
1556 2321 1702 2356 ἐλλάμψεις
1718 2322 1757 2353 εἰς
1769 2319 1821 2352 τὰς

182 2378 278 2397 narunt
293 2371 430 2398 actionum
452 2373 556 2400 ordinis
579 2377 670 2400 certas
694 2377 821 2407 ratasque
850 2374 970 2401 illustra-

183 2416 272 2443 tiones
287 2417 313 2443 in
327 2424 355 2444 se
370 2417 510 2451 exhibent,
538 2419 563 2446 in
588 2421 700 2454 primas,
719 2425 747 2447 et
760 2421 862 2448 tttcdias
881 2421 972 2448 novis-

183 2462 323 2497 simasque
336 2471 429 2491 sacras
455 2463 608 2492 functiones
634 2469 716 2500 alqtte
737 2466 845 2494 ordines
860 2467 886 2493 itt
913 2467 971 2494 ltie—

183 2509 317 2537 rarelticis
344 2510 566 2538 distinctionibus
593 2515 657 2538 suttt
685 2511 855 2544 distt-ibntat,
881 2513 970 2547 quod,

182 2555 222 2581 ιιιί
239 2555 305 2588 dixi,
327 2556 481 2583 divinarum
498 2558 637 2585 actionum
656 2558 778 2586 ordinent
806 2565 887 2594 atque
913 2559 970 2586 dis-

182 2601 342 2628 tinetimtent
360 2603 386 2629 iIt
403 2604 557 2638 semetipsis
571 2605 712 2632 exhibent.
737 2605 803 2632 Cum
826 2606 897 2632 enim
926 2605 970 2632 illa

182 2646 287 2675 summa
316 2649 406 2677 Deitas
432 2656 536 2678 utentes
559 2659 626 2683 eas,
651 2652 748 2686 quibus
775 2659 804 2679 se
829 2652 949 2679 insinuat.
964 2673 971 2684 ,

182 2694 298 2728 printunt
323 2696 411 2731 expiet
426 2716 433 2729 .
454 2705 485 2724 ac
508 2697 605 2725 deimle
629 2698 762 2726 illuutinet
777 2719 785 2732 ,
805 2704 886 2734 atque
909 2699 970 2725 illn-

1024 2372 1135 2408 πρώτας
1156 2373 1202 2399 καὶ
1224 2371 1310 2407 μέσας
1330 2371 1377 2398 καὶ
1400 2369 1557 2400 τελευταίας
1579 2368 1654 2404 ἱερὰς
1679 2367 1821 2402 ἐνεργείας

1024 2421 1071 2447 καὶ
1089 2419 1179 2452 τάξεις
1191 2439 1198 2450 ,
1219 2419 1247 2444 ἐν
1266 2417 1433 2452 διακρίσεσιν
1454 2416 1624 2452 ἱεραρχικαῖς
1645 2413 1820 2448 ἐτάχθησαν,

1024 2466 1223 2502 ἐμφαίνουσαι,
1241 2464 1366 2499 καθάπερ
1388 2463 1456 2498 ἔφην
1467 2482 1475 2494 ,
1497 2463 1526 2488 ἐν
1547 2462 1656 2492 ἑαυταῖς
1669 2459 1723 2486 τῶν
1738 2459 1820 2485 Θείων

1024 2512 1168 2548 ἐνεργειῶν
1188 2511 1219 2538 τὸ
1239 2509 1404 2545 τεταγμένον
1426 2509 1474 2535 καὶ
1496 2507 1679 2543 ἁσύμφυρτον.
1709 2503 1819 2539 Ἐπειδὴ

1025 2558 1079 2594 γὰρ
1094 2559 1110 2594 ἡ
1126 2556 1239 2594 θεαρχία
1251 2557 1313 2587 τοὺς
1330 2556 1358 2581 ἐν
1376 2551 1416 2586 οἷς
1431 2554 1463 2581 ἂν
1475 2553 1620 2588 ἐγγένηται
1636 2551 1698 2582 νόας
1713 2550 1819 2576 ἀποκα-

1026 2605 1114 2641 θαίρει
1128 2603 1236 2639 πρῶτον
1247 2623 1255 2636 ,
1274 2601 1333 2629 εἶτα
1354 2601 1476 2637 φωτίζει,
1492 2601 1540 2627 καὶ
1551 2597 1735 2634 φωτισθέντας
1747 2597 1818 2622 ἀπο-

1024 2651 1121 2678 τελειοῐ
1134 2651 1201 2687 πρὸς
1212 2649 1315 2684 θεοειδῆ
1331 2647 1549 2683 τελεσιουργίαν,
1567 2645 1678 2676 εἰκότως
1694 2644 1710 2679 ὴ
1725 2644 1818 2679 ἰεραρ‹

1024 2697 1088 2734 χικὴ
1104 2697 1159 2724 τῶν
1174 2697 1253 2724 θείων
1267 2696 1378 2723 εἰκόνων
1389 2695 1411 2711 εδ
1431 2696 1471 2726 εἰς
1486 2691 1695 2728 διακεκριμένοις
1715 2689 1815 2725 ἑαυτὴν

836 2777 951 2804 νΑῐὶίᾹΞ
975 2775 1176 2805 LECTIONES.

226 2867 248 2906 ’ᾖ
264 2866 340 2902 πρός.
381 2868 403 2906 δῇ
418 2868 570 2902 cautorem;
581 2890 587 2900 ,
611 2868 643 2896 Μ.
660 2869 713 2898 τῶν
727 2870 822 2906 ἱερῶν,
838 2868 867 2897 Ρ.
884 2874 910 2898 ct
930 2876 990 2896 mox
1009 2867 1062 2895 τῶν
1075 2867 1155 2904 ἱερῶν
1169 2866 1292 2902 ἁμιγῶς;
1328 2864 1485 2900 astipulatur
1499 2863 1548 2891 Ch.
1567 2862 1596 2889 ἰ).
1636 2861 1656 2878 ⁶⁷
1671 2860 1737 2897 πρὸς
1763 2859 1813 2896 τῷ,

185 2900 219 2928 λι.
239 2902 266 2928 ι’.
286 2900 326 2919 ’⁵⁸
341 2900 430 2935 εἰκώνζ
444 2905 493 2932 Ch.
516 2906 545 2931 υ.
