1929 3068
97 199 151 226 509

624 197 668 224 DE
689 197 829 225 ECCLES.
853 194 1049 226 lilERARCH.,
1065 194 1141 222 CAP.
1161 194 1192 221 V.
1683 190 1737 216 5H)

95 257 195 291 διαιρεῖ
208 255 298 289 τάξεις
310 264 340 282 τε
354 255 402 282 καὶ
413 255 550 291 δυνάμεις,
566 255 696 291 ἐναργῶς
706 254 888 281 ὑποῦεικνῦσα

944 257 1041 279 stratas
1055 253 1162 278 domum
1178 252 1210 277 ad
1229 251 1387 277 deiforntcm
1403 250 1548 285 quamdam
1571 253 1727 283 promoveat

94 302 145 334 τὰς
160 300 308 338 θεαρχικλὰς
322 303 458 338 ἐνεργείας
475 304 503 328 ἐν
522 302 739 336 παναγεστάταις
760 302 807 328 καὶ
825 301 891 336 ἀμι-

95 347 156 381 γεσι
178 348 286 380 τάξεσιν
309 347 449 379 εὐσταθῶς
472 347 520 374 καὶ
547 347 707 382 ἀσυγχύτως
732 346 888 380 ἑστηκυίας.

103 394 173 420 Ἀλλ’
187 394 280 430 ἐπειδὴ
293 393 342 426 τὰς
357 393 499 430 ἱερατικὰς
511 393 602 427 τάξεις
615 402 644 420 τε
662 394 708 420 καὶ
726 391 892 427 ἀποπληρώι

97 449 155 473 σεις
165 442 198 473 ⁸³,
211 441 340 476 δυνάμεις
351 449 381 467 τε
394 440 484 467 αὐτῶν
497 440 545 467 καὶ
559 439 700 475 ἐνεργείας
721 438 873 474 εἰρήκαμεν
884 458 890 469 ,

97 488 135 520 ὡς
149 489 215 523 ἡμῖν
228 488 347 522 ἐφικτὸν,
366 487 414 514 καὶ
427 487 477 519 τὰς
492 487 641 522 ίερωτάτας
661 485 750 512 αὐτῶν
760 505 767 517 ,
785 485 823 516 ὡς
842 483 892 511 οἶοί

97 534 128 560 τέ
142 535 236 569 ὲσμεν,
252 533 466 569 ἐποπτεύσωμεν
481 531 645 564 τελειώσεις,

942 298 1147 333 perfectionem.
1164 303 1237 324 recte
1249 304 1326 324 sacer
1342 296 1420 327 ordo,
1434 296 1478 330 qui
1503 294 1603 322 divinis
1629 298 1732 328 praeest

944 344 1120 376 imaginibus.
1136 343 1161 370 in
1177 343 1299 369 diversos
1320 341 1495 374 semetipsum
1512 340 1623 367 ordines
1644 339 1732 366 virtu—

944 394 1038 424 tesque
1062 389 1221 422 distinguit;
1250 393 1344 422 aperte
1377 387 1590 419 demonstrans,
1626 386 1734 413 divinas

945 436 1006 463 illas
1019 436 1173 471 prazcipuas
1190 435 1315 462 actiones
1330 433 1356 460 in
1371 433 1554 461 sanctissimis
1571 432 1735 468 purissimis

944 491 997 518 que
1012 483 1153 510 ordinibus
1179 485 1339 509 constanter
1364 480 1546 513 distincteque
1570 479 1732 507 consistere.

946 529 998 556 Sed
1012 529 1137 563 quoniam
1150 528 1322 555 sacerdotum
1339 527 1450 553 ordines
1467 534 1498 552 ac
1515 525 1622 557 munia,
1648 525 1727 551 virtu-

98 587 194 615 tesque
224 588 318 608 eorum
331 585 358 607 et
381 581 506 607 actiones
540 586 590 614 pro
601 578 673 605 virili
699 577 895 612 exposuimus,
919 575 1121 603 sacratissitnas
1146 575 1227 602 etiatn
1253 581 1347 601 eorum
1370 573 1611 604 consecrationes,
1646 569 1731 604 quoad

97 635 254 663 possumus,
269 626 487 654 consideremus.

194 707 228 733 ll.
250 705 424 739 Μυστήριον
438 703 589 739 Ιερατικῶν
605 701 795 730 τελειώσεων.

137 771 166 797 '0
182 771 231 806 μὲν
253 771 399 806 ίεράρχης,
420 770 466 796 ἐπὶ
485 769 534 805 τὴν
565 768 723 804 ἱεραρχικὴν
752 766 891 794 τελείωσιν

95 816 313 853 προσαγόμενος,
332 816 415 851 ἄμφω
429 814 468 841 τὼ
481 814 543 840 πόδε
564 814 655 845 κλίνας
667 812 830 848 ἐπίπροσθεν
844 810 890 836 τοῦ

972 695 1005 724 ll.
1020 695 1173 731 Mysterium
1189 696 1395 723 consecrationis
1417 704 1553 722 sacrarunt
1570 696 1703 724 ordinum.

980 763 1105 790 Pontifex
1124 763 1234 798 quidem
1260 763 1307 798 qtti
1333 763 1366 789 ad
1392 762 1556 796 pontiﬁcium
1583 770 1732 791 consecra-

945 810 1045 837 tionem
1059 814 1102 837 est
1117 816 1227 837 evectus
1244 815 1358 844 utroque
1375 817 1444 844 genu
1463 809 1532 836 ﬂexo
1549 815 1612 837 ante
1633 810 1729 844 altare,

95 861 287 896 θυσιαστηρίου
298 861 338 893 ⁷ο,
363 860 409 886 ἐπὶ
432 859 553 894 κεφαλῆς
578 859 633 894 ἔχει
652 858 686 884 τὰ
707 858 888 893 θεοπαράδοτσ

944 864 1025 892 supra
1042 860 1122 890 caput
1138 856 1219 883 habet
1237 856 1392 890 Scripturas
1409 865 1423 884 a
1441 857 1494 884 Deo
1521 857 1646 889 traditas,
1673 865 1732 884 Ina-

94 908 191 941 λόγια,
215 907 263 933 καὶ
286 906 335 941 τὴν
357 905 516 941 ίεραρχικὴν
547 905 644 939 χεῖρα,
674 903 721 929 καὶ
743 902 831 937 τούτῳ
851 901 889 937 τῷ

94 955 189 990 τρόπῳ
202 953 270 989 πρὸς
283 952 330 978 τοῦ
352 951 492 983 τελοῦντος
514 950 594 976 αὑτὸν
606 950 732 985 ἱεράρχου
744 950 803 980 ταῖς
823 956 891 974 παν-

95 998 260 1033 αγεστὰταις
278 997 451 1032 ἑπικλήσεσιν
474 994 688 1022 ἀποτελειοῦται.
709 995 738 1020 'U
750 993 777 1019 δὲ
790 994 888 1028 ἱερεὺς,

95 1045 179 1079 ἄμφω
191 1043 230 1069 τὼ
243 1043 304 1069 πόδε
320 1042 413 1073 κλίνας
427 1041 591 1076 ἐπίπροσθεν
605 1039 651 1066 τοῦ
664 1040 736 1066 θείου
746 1039 890 1074 θυσιαστη-

98 1088 167 1124 ρίου,
189 1088 235 1114 ἐπὶ
253 1087 374 1121 κεφαλῆς
396 1087 452 1122 ἔχει
471 1087 520 1122 τὴν
540 1086 698 1122 ίεραρχικὴν
719 1084 824 1117 δεξιὰν,
845 1085 891 1111 καὶ

94 1133 182 1169 τούτῳ
196 1133 235 1168 τῷ
253 1133 346 1168 τρόπῳ
365 1133 432 1169 πρὸς
448 1132 495 1158 τοῦ
512 1132 653 1164 τελοῦντος
667 1131 748 1158 αὑτὸν
762 1131 889 1167 ἱεράρχου

94 1180 155 1210 ταῖς
168 1179 313 1213 ἱεροποιοῖς
326 1178 502 1214 ἐπικλήσεσιν
514 1176 668 1211 ἁγιάζεται.
689 1176 718 1203 Ὀ
729 1176 756 1202 δὲ
769 1176 889 1212 λειτουρ-

94 1224 153 1258 γὸς,
170 1223 217 1250 ἕνα
232 1225 288 1250 τοῖν
301 1223 390 1250 ποδοῖν
401 1223 494 1255 κλίνας
505 1222 671 1258 ἐπίπροσθεν
685 1222 732 1248 τοῦ
752 1222 825 1249 θείου
842 1222 890 1249 θυ-

96 1270 254 1306 σιαστηρίου
270 1290 277 1302 ,
301 1270 347 1296 ἐπὶ
372 1269 491 1305 κεφαλῆς
521 1269 576 1304 ἔχει
602 1269 651 1305 τὴν
681 1269 728 1296 τοῦ
751 1269 891 1301 τελοῦντος

95 1314 177 1340 αὐτὸν
199 1314 325 1349 ἱεράρχου
338 1314 428 1347 δεξιὰν
441 1335 448 1346 ,
472 1313 658 1349 τελειούμενος
670 1315 716 1342 ὑπ’
730 1314 812 1341 αὐτοῦ
831 1316 890 1346 ταῖς

95 1359 152 1385 τῶν
174 1359 339 1395 λειτουργῶν
362 1359 530 1391 τελεστικαῖς
553 1360 738 1396 ὲπικλήσεσιν.
769 1360 890 1395 Ἑκάστῳ

95 1405 126 1432 δὲ
138 1406 226 1432 αὑτῶν
246 1407 261 1441 ἡ
284 1406 456 1442 σταυροειδὴς
476 1407 667 1442 ἐνσημαίνεται
691 1408 758 1444 πρὸς
778 1407 826 1434 τοῦ
846 1416 891 1434 τε-

95 1451 205 1483 λοῦντος
228 1451 355 1487 ἱεράρχου
379 1452 513 1486 σφραγὶς,
530 1453 577 1479 καὶ
598 1452 658 1479 καθ’
674 1452 788 1480 ἕκαστον
805 1454 890 1490 ἀνάρ-

95 1498 174 1532 ρησις
188 1497 246 1533 ἱερὰ
257 1497 389 1532 γίγνεται,
401 1498 623 1531 καὶτελειωτικδς
636 1499 788 1534 ἀσπασμὸς,
801 1500 889 1527 ἀσπα-

944 910 1063 937 numque
1091 903 1247 936 poutil‘tcis,
1269 907 1348 936 atque
1377 904 1427 930 hoc
1457 904 1536 930 modo
1551 911 1565 929 a
1582 903 1710 938 pontiﬁce
1722 925 1731 938 ,

941 949 987 984 qui
1004 949 1088 982 ipsum
1106 953 1260 980 consecrat,
1286 949 1466 976 sanctissimis
1493 949 1731 983 adprecationibus

941 1000 1128 1022 consecratur.
1156 993 1290 1021 Sacerdos
1308 1002 1372 1021 vero
1400 999 1515 1028 utroque
1541 994 1641 1029 poplite
1666 1001 1731 1022 ante

941 1040 1029 1067 altare
1042 1039 1121 1071 ﬂexo,
1140 1040 1165 1067 in
1180 1040 1266 1074 capio
1289 1040 1370 1067 habet
1393 1040 1518 1067 dextram
1542 1041 1688 1074 pontiﬁcis,
1704 1045 1732 1068 et

942 1087 992 1113 hoc
1010 1087 1090 1114 modo
1102 1087 1135 1113 ab
1158 1086 1202 1113 illo
1225 1086 1368 1120 pontiﬁce.
1396 1087 1441 1121 qui
1471 1087 1544 1114 illum
1568 1092 1730 1119 consecrat,

940 1132 1040 1159 sanctis
1055 1133 1269 1160 invocationibns
1283 1139 1469 1161 consecratur.
1490 1135 1576 1162 Porro
1599 1134 1732 1161 diaconus

941 1178 1021 1213 237
1040 1186 1122 1205 unum
1139 1186 1206 1213 genu
1222 1178 1333 1206 ﬂectens
1345 1184 1408 1206 ante
1421 1180 1539 1207 divinum
1552 1180 1638 1207 altare
1649 1188 1729 1214 supra

941 1230 1020 1259 caput
1036 1225 1116 1252 habet
1133 1225 1255 1252 dextram
1270 1225 1405 1259 pontiﬁcis
1421 1226 1506 1260 ipstttn
1533 1227 1730 1257 eoosecrantis.

940 1276 968 1297 et
982 1272 1015 1297 ab
1030 1278 1062 1298 eo
1079 1276 1255 1298 consecratur
1269 1271 1484 1299 invocationibus
1495 1272 1528 1299 ad
1545 1273 1730 1300 ministrorum

941 1317 1174 1344 consecrationem
1206 1317 1429 1345 accommodatis.
1464 1317 1614 1352 Unicuique
1640 1322 1730 1345 autem

940 1370 1032 1390 eorum
1045 1363 1150 1397 signum
1167 1363 1256 1390 crucis
1274 1371 1287 1389 a
1303 1368 1479 1390 consecrante
1498 1364 1624 1397 pontiﬁce
1639 1363 1732 1397 impri-

941 1408 1034 1442 mitur,
1060 1413 1087 1435 et
1108 1408 1223 1442 singulis
1247 1413 1339 1435 sancta
1359 1409 1515 1443 praedicatio
1534 1409 1732 1443 perliciensqae

940 1453 1066 1480 salutatio
1089 1453 1242 1486 adhibetur,
1263 1453 1368 1480 cunctis
1399 1453 1577 1488 praesnntibus
1602 1453 1730 1481 ecclesia-

941 1500 1025 1531 sticis.
1041 1507 1092 1526 una
1106 1507 1166 1526 cum
1184 1499 1311 1534 pontiﬁce
1327 1504 1517 1531 consecrante,
1533 1499 1730 1527 consalutauti-

95 1543 209 1579 ζομένου
242 1544 342 1575 παντὸς
371 1544 508 1579 ἱερατικοῦ
542 1545 675 1581 ’παρόντος
702 1546 816 1582 ἀνδρὸς,
844 1548 888 1573 καὶ

944 1547 991 1574 bus
1006 1546 1079 1573 illum
1095 1547 1139 1581 qtti
1155 1547 1180 1573 in
1195 1546 1310 1581 aliquem
1327 1547 1458 1573 dictorum
1485 1545 1610 1573 ordinum
1636 1552 1731 1572 sacro-

93 1588 141 1614 τοῦ
152 1588 310 1620 τελέσαντος
325 1589 452 1624 ἱεράρχου
463 1589 511 1616 τὸν
524 1590 592 1624 πρός
613 1599 640 1617 τι
659 1590 714 1617 τῶν
735 1592 888 1627 εἰρημένων

95 1635 239 1670 ίερατικῶν
252 1635 399 1670 ταγμάτων
414 1635 637 1664 ἁποτελεσθὲντα.

396 1694 441 1719 Ill.
464 1693 583 1727 Θεωρία.

943 1600 1002 1618 runt
1017 1597 1058 1620 est
1072 1597 1226 1627 cooptatus.

1202 1689 1245 1717 Ill.
1266 1689 1470 1723 Contemplatio.

883 1753 938 1790 ﬁl.

130 1811 217 1837 Κοινὰ
232 1811 281 1845 μὲν
300 1812 359 1838 ἐστι
377 1814 435 1845 τοῖς
451 1814 592 1849 ίεράρχαις
611 1823 642 1841 τε
662 1815 709 1841 καὶ
727 1813 829 1850 ἱερεῦσι
844 1814 890 1840 καὶ

93 1856 260 1892 λειτουργοῖς
279 1858 307 1884 ὲν
326 1860 386 1890 ταῖς
406 1860 558 1895 ἱερατικαῖς
576 1859 665 1886 αὐτῶν
683 1859 854 1886 τελειώσεσιν
873 1860 888 1895 ἠ

93 1902 164 1938 πρὸς
177 1903 207 1929 τὸ
219 1903 288 1930 θεῖον
301 1904 491 1941 θυσιαστήριον
505 1907 682 1943 προσαγωγὴ,
701 1907 748 1934 καὶ
763 1907 889 1934 ὑπόπτω-

94 1957 148 1981 σις,
163 1949 180 1984 ἡ
191 1948 241 1984 τῆς
253 1949 411 1986 ἱεραρχικῆς
427 1951 517 1986 χειρὸς
529 1951 660 1983 ἐπίθεσις,
678 1952 695 1987 ἡ
714 1951 887 1988 σταυροειδὴς

94 1995 230 2030 σφραγὶς,
253 1995 269 2030 ὴ
293 1995 462 2031 ἀνάρῤησις,
490 1998 504 2024 ὁ
524 1997 696 2029 τελειωτικὸς
721 1998 885 2034 ἀσπασμός·

93 2039 220 2075 ἐξαίρετα
241 2040 269 2067 δὲ
291 2042 338 2067 καὶ
355 2041 469 2077 ἔκκριτοι
486 2044 542 2074 τοῖς
561 2043 700 2079 ἱεράρχαις
727 2044 776 2079 μὲν
794 2045 810 2079 ἡ
832 2044 886 2070 τῶν

93 2085 192 2119 λογίων
217 2086 263 2113 ὲπί
282 2087 402 2122 κεφαλῆς
426 2088 564 2121 ἐπίθεσις,
589 2089 639 2115 οὐκ
666 2089 782 2124 ἐχόντων
809 2090 886 2116 τοῦτο

92 2131 148 2158 τῶν
161 2132 313 2166 ὑφειμένων
325 2133 471 2168 ταγμάτων
482 2142 488 2147 ·
504 2135 560 2165 τοῖς
571 2134 599 2160 δὲ
613 2134 741 2170 ἱερεῦσιν,
754 2136 770 2170 ὴ
783 2136 884 2171 ἀμφοῖν

92 2177 150 2203 τοῖν
160 2175 359 2209 ποδοῖνπκλίσις,
381 2177 431 2204 οὐκ
453 2178 568 2213 ἐχούσης
588 2178 666 2205 τοῦτο
686 2179 736 2214 τῆς
754 2179 808 2206 τῶν
828 2180 884 2207 λει-

979 1811 1138 1840 Communia
1154 1812 1261 1846 quidem
1276 1817 1339 1839 sunt
1356 1817 1383 1839 ct
1397 1810 1579 1846 pontiﬁcibus,
1596 1814 1622 1836 et
1639 1815 1730 1835 sacer-

942 1859 1062 1892 dotibus,
1079 1863 1105 1885 et
1119 1858 1251 1885 ministris
1266 1866 1325 1885 cunt
1340 1862 1543 1890 consecrantur,
1557 1863 1682 1883 accessus
1696 1855 1731 1882 ad

942 1905 1063 1932 divinum
1081 1905 1185 1937 altare,
1209 1912 1324 1939 genuum
1340 1904 1439 1938 ﬁexio,
1465 1904 1608 1939 pontiﬁcize
1633 1911 1730 1931 manus

940 1950 1076 1985 impositio
1089 1970 1096 1982 ,
1111 1951 1200 1978 crucis
1214 1950 1356 1985 impressio
1369 1971 1376 1982 ,
1391 1950 1547 1984 praedicatio
1560 1971 1567 1982 ,
1585 1950 1730 1985 porﬁciens

938 1996 1085 2029 salutatio;
1113 1996 1248 2030 praacipua
1276 2003 1340 2022 vero
1366 2001 1394 2022 et
1412 1996 1547 2030 episcopis
1561 1995 1669 2030 propria
1687 2000 1730 2022 est

939 2041 1141 2076 Scripturarum
1166 2049 1245 2076 supra
1260 2046 1340 2076 capttt
1356 2042 1492 2076 imposilio
1504 2062 1511 2074 ,
1530 2041 1600 2076 quod
1617 2040 1730 2068 inferio-

937 2096 980 2116 res
994 2089 1102 2117 ordines
1117 2097 1168 2116 non
1184 2089 1302 2122 habent;
1319 2089 1507 2116 sacerdotibus
1522 2094 1612 2115 autem
1628 2088 1729 2114 utrius-

938 2142 990 2168 que
1010 2134 1085 2169 pedis
1104 2134 1246 2161 inclinatio
1260 2155 1268 2167 ,
1289 2142 1344 2169 quo
1369 2138 1443 2160 caret
1461 2133 1632 2160 consecratio
1651 2131 1730 2158 inini-

936 2185 1070 2213 strorum,
1085 2181 1200 2207 ministri
1216 2180 1298 2214 enitn,
1312 2185 1340 2207 ut
1353 2180 1455 2208 dictum
1472 2185 1523 2212 est,
1538 2179 1651 2208 alterum
1664 2182 1725 2205 latt-

92 2219 217 2254 τουργῶν
233 2220 397 2253 τελειώσεως
407 2229 413 2236 ·
426 2223 450 2248 οἱ
463 2222 517 2258 γὰρ
532 2222 692 2259 λειτουργοὶ,
705 2223 796 2255 καθὼς
810 2224 885 2261 εἴοη-
901 2223 923 2251 ἰ)
939 2231 994 2254 ιυιιι
1007 2234 1075 2261 genu
1089 2226 1211 2254 ﬂectunt.

92 2272 148 2297 ται,
163 2265 209 2292 τὸν
220 2266 267 2293 ἕνα
278 2267 411 2293 κλίνουσιν
425 2269 482 2295 τοῖν
496 2267 585 2295 ποδοῖν
598 2268 687 2304 μόνον.

864 2329 878 2365 ς
896 2328 936 2360 ll.

133 2394 168 2422 Ἦ
183 2395 232 2430 μὲν
249 2392 296 2422 οὖν
315 2396 362 2423 ἐπὶ
374 2396 404 2422 τὺ
418 2396 487 2423 θεῖον
510 2396 701 2433 θυσιαστήριον
722 2400 888 2436 προσαγωγὴ

93 2441 141 2468 καὶ
155 2441 312 2473 ὑπόπτωσις
327 2441 476 2468 αἰνίσσεται
488 2443 555 2469 πᾶσι
570 2444 625 2475 τοῖς
641 2444 786 2479 ίερατικῶς
798 2445 890 2471 τελου-

94 2488 196 2522 μένοις,
227 2488 381 2515 ὑποτιθέναι
397 2488 511 2516 καθόλου
524 2490 545 2505 τι
574 2490 724 2528 τελετάρχῃ
753 2491 811 2527 Θεῷ
838 2493 889 2529 τὴν

91 2533 196 2560 οἰκείαν
211 2533 294 2569 ζωὴν,
311 2534 358 2560 καὶ
372 2534 422 2569 τὴν
440 2535 544 2562 ἑαυτῶν
564 2537 661 2573 γοερὰν
679 2537 804 2574 ὀλότητα,
822 2539 889 2566 πάν-

92 2589 174 2614 αγνον
205 2579 279 2615 αὺτῷ
312 2581 358 2607 καὶ
381 2581 585 2618 καθιερωμένην
613 2586 815 2619 προσαγαγεῖν,
841 2586 888 2612 καὶ

91 2626 201 2662 ὁμοειδῆ
212 2627 245 2659 τ’,
267 2628 323 2659 καὶ,
347 2627 384 2659 ὡς
399 2627 526 2660 δυνατὸν,
545 2628 622 2661 ἀξίαν
642 2628 726 2657 οὖσαν
744 2630 790 2657 τοῦ
806 2631 886 2667 θεαρ-

94 2671 174 2706 χικοῦ
189 2671 236 2697 καὶ
256 2671 461 2705 παναγεστάτου
484 2672 531 2698 καὶ
552 2673 651 2708 ἱερείου
673 2674 719 2700 καὶ
739 2674 886 2710 θυσιαστη-

93 2717 153 2751 ρίου
163 2717 187 2733 ⁷³
205 2716 252 2744 τοῦ
273 2716 464 2753 καθιεροῦντος
480 2719 624 2754 ἱερατικῶς
642 2719 706 2752 τοὺς
727 2719 853 2753 θεοειδεῖς
864 2721 887 2737 ⁷⁸

93 2763 166 2795 νόας.

977 2400 1070 2435 Itaque
1094 2408 1221 2429 accessus
1236 2400 1280 2428 ille
1296 2401 1329 2428 ad
1346 2400 1467 2428 divinum
1495 2399 1581 2427 altare
1600 2407 1728 2435 genuum-

941 2455 994 2483 que
1009 2448 1090 2476 ﬁexio
1115 2449 1235 2476 insinuat
1260 2448 1386 2476 ontttibus
1404 2448 1437 2475 iis
1454 2448 1498 2483 qui
1515 2447 1601 2475 sacris
1624 2446 1731 2473 ordini-

940 2495 990 2522 bus
1006 2495 1159 2527 initiantur,
1172 2495 1253 2521 vitam
1267 2494 1406 2529 propriam
1424 2493 1478 2521 Deo
1491 2513 1498 2525 ,
1516 2492 1731 2520 consecrationis

940 2541 1056 2574 auctori,
1073 2541 1181 2576 penitus
1194 2540 1402 2575 subjiciendam,
1429 2547 1480 2566 nec
1500 2547 1554 2566 non
1580 2538 1730 2573 spiritalem

941 2586 1123 2620 integritatem
1151 2587 1262 2614 omnino
1290 2594 1385 2621 puram
1419 2589 1617 2621 pttrgalamqtte
1649 2589 1731 2618 atque

941 2632 1102 2660 uniformem
1119 2632 1282 2660 oﬂerendam
1299 2639 1376 2666 csse,
1397 2636 1442 2664 ut,
1459 2637 1588 2666 quantum
1608 2631 1664 2658 ﬁcri
1681 2639 1732 2666 po-

942 2683 1014 2710 test,
1030 2679 1109 2713 digna
1135 2680 1169 2706 sit
1193 2679 1283 2706 divino
1308 2679 1407 2714 templo
1431 2683 1459 2706 et
1483 2678 1562 2705 altari
1588 2677 1667 2711 eius,
1687 2678 1732 2712 qui

941 2724 1069 2751 sanctiori
1095 2724 1200 2751 ratione
1225 2723 1372 2752 deiforntes
1390 2728 1494 2751 mentes
1508 2728 1659 2751 consecrat.

753 2822 868 2851 VARle
886 2823 1078 2852 LECTIONES

130 2889 152 2904 “5'
169 2888 384 2923 ἀποκληρώσεις.

95 2924 216 2958 amplcti,
231 2924 259 2952 δ.
276 2924 306 2952 Ρ.
321 2925 351 2953 ι).
404 2926 429 2968 ἶδ
443 2924 539 2958 θείους.

424 2889 488 2928 "ﬁo
500 2889 571 2918 θείου
586 2891 691 2926 θησίας,
710 2892 759 2920 Ch.
774 2892 802 2919 D.
842 2893 861 2909 ⁷¹
875 2893 936 2921 add.
951 2892 998 2928 τῷ.
1027 2893 1059 2923 ’Ξ¹
1077 2893 1172 2922 desunt
1190 2893 1247 2921 lucc
1266 2893 1292 2921 in
1309 2892 1336 2921 S.
1347 2898 1373 2921 et
1384 2893 1413 2921 Ρ.
1452 2894 1474 2910 ⁷³
1488 2892 1533 2920 καὶ
1548 2891 1622 2928 ἱεροῦ
1637 2891 1729 2920 θυῖε.-
