1929 3068
203 133 258 163 519

789 134 816 161 S.
836 133 983 162 DIONYSII
1006 135 1239 165 AREOPAGITA‘I

1781 135 1839 165 520

203 191 367 230 ter-directa!
383 191 493 230 luerunt.
512 191 539 219 in
551 191 671 230 Matthia;
689 191 834 230 electione.
860 191 954 230 itaque
969 196 1057 230 sortes
1077 193 1225 230 divisoria,
1242 202 1302 229 qua:
1324 202 1376 222 nec
1392 195 1492 223 cedunt
1512 195 1539 223 in
1554 195 1683 230 iniuriam
1701 196 1775 224 tertii
1788 202 1836 225 aut

204 228 274 264 reip,
285 231 330 255 aut
343 227 481 264 Ecclesiae,
497 235 584 264 neque
596 229 719 261 iri-agant
735 227 943 264 irreverentiam
956 228 1038 254 rebus
1050 229 1147 264 sacris,
1160 234 1190 257 ut
1201 227 1265 257 dum
1279 230 1425 257 liazreditas
1436 230 1548 264 profana
1563 227 1645 258 datur
1660 231 1779 258 sortibus
1788 240 1836 260 ac-

202 262 290 301 ceptis
306 270 338 289 ex
357 262 653 301 libro‘Evangeliorum
664 283 672 294 ,
685 262 834 295 etc.,licitae
845 266 908 289 sunt
926 267 1021 301 natura
1039 270 1098 290 sua.
1115 263 1295 301 Consultoriae
1309 270 1400 301 autem
1419 262 1447 292 et
1460 267 1634 294 divinaloria:
1651 274 1834 301 nequaquam,

203 298 254 335 nisi
270 297 423 335 intercedat
435 298 579 335 inspiratio
592 299 696 329 divina,
712 301 753 335 vel
769 305 867 335 magna
893 298 1056 335 necessitate
1070 305 1188 335 urgente
1206 300 1286 326 aliter
1304 300 1415 328 dubium
1439 302 1529 328 dirimi
1551 302 1656 335 nequit,
1683 297 1833 330 tunc-enini

202 331 310 364 liceret,
328 331 623 372 praemissa_'or:it_iune._
636 338 710 360 sorte
727 331 950 372 ill_ud_dirime_re..
963 331 996 359 Et
1016 333 1055 372 sit:
1068 334 1096 362 S.
1109 331 1224 372 August.
1246 336 1273 363 in
1299 337 1368 371 psal.
1391 344 1446 363 xu
1469 337 1544 369 dicit,
1570 331 1659 365 sortes
1678 336 1747 365 nihil
1759 337 1833 366 aliud

202 374 274 400 esse,
295 376 378 403 quam
395 368 421 395 in
435 369 605 396 dubitatione
616 369 736 396 humana
750 367 881 395 iudicium
897 367 996 394 divina:
1007 367 1168 398 voluntatis:

723 511 968 540 PARAPHRASIS
990 511 1215 540 PACHYMERIE
1234 511 1303 548 (‘26).

236 582 251 620 ᾗ
268 582 288 610 Ι.
305 582 367 610 liam
379 582 511 610 dedivino
521 582 688 618 mysticoque
701 587 848 618 unguento;
863 587 979 610 ueterum

1078 582 1092 618 ᾗ
1109 582 1128 609 1.
1150 582 1242 609 Ταῦτα
1255 581 1289 608 τὰ
1303 582 1366 617 περὶ
1378 581 1424 608 τοῦ
1438 581 1511 607 ϐείου
1528 581 1574 608 καὶ
1589 581 1718 617 μυστικοῦ
1733 581 1830 617 μύρου.

200 631 280 656 modo
301 634 408 662 tempus
421 637 436 655 e
453 633 464 655 t
485 630 636 663 exponendi
653 629 783 664 ipsosmet
800 636 895 656 sacros
913 630 987 656 ordi-

198 683 259 707 nes,
287 682 319 702 ac
341 675 500 702 sortitiones
518 682 565 701 seu
590 675 806 703 distributiones.
822 674 878 702 llac
894 679 986 703 autem

198 727 266 748 voce
280 721 373 754 utitur,
395 721 458 754 quia
479 720 593 755 quilibet
608 721 675 748 ordo
689 720 893 748 ecclesiasticus
909 729 989 756 sepa-

197 767 276 794 ratim
291 767 372 794 habet
382 767 569 794 ecclesiastica
591 766 745 794 ministeria
759 771 834 794 sorte
852 767 986 801 quodam-

197 814 276 840 modo
295 813 346 840 sibi
359 813 500 844 attribula.
514 821 574 847 qua:
588 814 728 848 praeterire
744 814 848 848 nequit.
866 813 987 842 Virtutes

196 863 286 886 autem
305 863 332 886 et
349 858 473 886 actiones
489 866 543 885 uno
556 858 706 893 eodemque
719 866 801 886 sensu
816 859 940 893 accipere
954 859 988 885 li-

195 909 267 938 ceat,
296 912 358 932 cum
384 904 455 931 idem
485 903 592 931 valeant
608 911 616 930 :
633 904 767 938 siquidem
791 904 897 932 dicendi
923 908 987 931 sunt

194 950 383 978 doctrinaliter
399 950 527 985 expiandi
547 955 575 977 et
598 950 768 978 illnminandi
786 950 840 977 vim
854 954 880 978 et.
896 950 986 978 eliica-

195 998 267 1026 ciam
283 998 417 1026 obtinere.
441 997 561 1025 Primum
576 998 649 1026 enim
665 1005 820 1033 possumus,
840 1006 872 1025 ac
887 998 985 1025 deinde

195 1044 314 1078 agimus.
329 1043 424 1071 Liceat
440 1051 548 1078 quoque
559 1043 639 1071 aliter
651 1044 831 1079 distinguere,
847 1052 879 1072 ac
896 1044 984 1071 virtu-

194 1095 235 1117 tes
252 1091 360 1125 quidem
376 1091 501 1125 accipere
513 1098 562 1125 pro
577 1091 655 1118 donis
671 1091 839 1125 spiritalibus
855 1098 888 1118 ac
900 1092 982 1118 nteri-

194 1138 247 1170 tis;
268 1137 392 1165 actiones
403 1144 467 1164 vero
483 1145 532 1172 pro
548 1137 727 1170 ministeriis;
742 1137 923 1172 perfectiones
936 1145 985 1164 au-

193 1186 248 1209 tem
274 1182 446 1209 manifestum
463 1187 515 1213 est,
541 1182 612 1217 quod
636 1182 662 1209 in
684 1182 922 1210 constitutionibus
936 1190 984 1210 seu

192 1227 414 1255 ordinationibus
429 1229 607 1263 accipiemus.
624 1227 670 1255 S'c
681 1230 752 1255 enim
771 1229 797 1255 in
813 1235 904 1256 nostra
916 1236 984 1263 quo-

1040 629 1134 665 καιρὸς
1145 629 1167 656 δ’
1181 629 1213 656 ἂν
1225 628 1267 664 εἴη
1277 627 1369 655 λοιπὸν
1382 627 1451 664 μετὰ
1462 627 1547 654 ταῦτα
1560 628 1685 655 ἐκθέσθαι
1695 628 1744 660 τὰς
1759 629 1832 663 ἱερα-

1038 676 1117 708 τικὰς
1130 675 1220 709 τάξεις
1234 676 1280 702 καὶ
1295 675 1509 711 ἀποχληρώσεις.
1524 675 1610 702 Τοῦτο
1621 674 1649 701 δὲ
1662 674 1734 708 λέγει
1747 674 1791 700 διὰ
1801 674 1831 701 τὸ

1039 722 1157 757 ἑκάστην
1165 720 1240 754 τάξιν
1255 720 1393 756 ἱερατικὴν
1403 720 1592 755 ἀφορισμὲνως
1603 719 1674 754 ἔχειν
1691 719 1741 754 τῆς
1757 720 1831 755 ἱερα-

1037 769 1111 800 τείας
1124 767 1274 803 ὑπηρεσίας
1288 766 1555 802 ἀποκεκληρωμένας
1565 763 1619 792 οἷον
1628 765 1743 800 αὑτῇ,ἃς
1750 765 1830 800 ὑπερς

1038 815 1117 850 ϐῆναι
1131 815 1160 841 οὐ
1172 814 1292 841 δύναται.
1299 813 1432 848 Δυνάμεις
1440 812 1467 839 δὲ
1475 813 1520 839 καὶ
1529 811 1667 848 ἐνεργείας
1674 812 1712 838 ἔνι
1719 811 1767 847 μὲν
1782 811 1830 837 λα-

1038 862 1095 889 ϐεῖν
1104 861 1146 896 ἐφ’
1155 861 1213 892 ἑνὸς
1221 861 1364 896 νοήματος,
1373 860 1412 892 ὼς
1420 859 1647 894 ταῦτοδυνάμους”
1659 858 1707 894 τὴν
1719 858 1773 894 γὰρ
1781 858 1828 885 τοῦ

1037 907 1178 944 καθαίρειν
1183 907 1230 934 καὶ
1238 906 1364 940 φωτίζειν
1371 905 1565 936 διδασκαλικῶς
1575 906 1713 940 ἐνέργειαν
1718 904 1829 930 λεκτέον

1037 953 1084 980 καὶ
1091 952 1214 988 δύναμιν.
1225 951 1334 988 Πρῶτον
1342 951 1396 987 γὰρ
1403 950 1549 986 δυνάμεθα,
1561 951 1607 977 καὶ
1614 950 1699 981 οὕτως
1707 949 1830 986 ἐνεργοῦ-

1038 1008 1096 1035 μεν.
1102 999 1178 1025 Ἔστι
1185 998 1212 1025 δὲ
1219 999 1265 1025 καὶ
1271 997 1585 1033 ἐτέρωςδιαστείλασθαι,
1592 997 1638 1023 καὶ
1644 996 1772 1032 δυνάμεις
1779 995 1829 1031 μὲν

1035 1046 1198 1074 ἐκλαὸέσθαι
1208 1045 1257 1077 τὰς
1274 1044 1458 1080 πνευματικὰς
1471 1044 1575 1080 δωρεὰς
1588 1044 1635 1071 καὶ
1647 1043 1735 1077 ἀξίας
1751 1044 1828 1078 ἐνερ-

1035 1102 1066 1128 γε
1071 1093 1144 1125 ίαςδὲ
1151 1093 1199 1124 τὰς
1207 1092 1293 1118 λειτου
1298 1091 1384 1127 ργίας’
1393 1091 1442 1123 τὰς
1449 1091 1477 1117 δὲ
1484 1090 1782 1125 τελειώσεις,πρόδηλον
1789 1091 1827 1122 ὡς

1035 1141 1082 1167 ἐπὶ
1094 1140 1147 1167 τῶν
1161 1139 1353 1167 καταστάσεων
1362 1158 1369 1170 ,
1389 1138 1472 1174 ἡγουν
1491 1137 1661 1174 χειροτονιῶν
1673 1137 1827 1172 ὲκληψόμε-

1035 1187 1080 1213 θα.
1095 1186 1174 1213 Οὕτω
1186 1185 1240 1222 γὰρ
1253 1186 1299 1212 καὶ
1312 1185 1356 1212 ἐπὶ
1367 1185 1417 1220 τῆς
1429 1185 1489 1212 καθ’
1500 1185 1574 1220 ἡμᾶς
1587 1184 1726 1220 ίεραρχίας
1733 1183 1764 1210 τὸ
1776 1184 1826 1219 μὲν

1034 1233 1152 1261 ἄτακτον
1165 1233 1211 1260 καὶ
1224 1233 1378 1268 ἀκόσμητον
1393 1231 1500 1267 ἀμιγῶς
1512 1230 1729 1266 διασταλήσεται,
1749 1230 1780 1257 τὸ
1796 1228 1826 1257 δὲ

192 1282 246 1310 que
269 1275 424 1302 liierarchia
447 1276 577 1311 quidquid
600 1276 809 1311 incompositum
831 1282 859 1304 et
874 1277 979 1304 inorna-

1035 1278 1165 1305 εὔτακτον
1179 1279 1226 1304 καὶ
1238 1277 1350 1312 κόσμιον
1364 1277 1577 1311 ἀναφανήσεται.
1592 1276 1652 1301 ’Ὁτι
1673 1276 1764 1301 τοίνυν
1777 1275 1825 1302 καὶ

193 1325 249 1347 ttnn
275 1325 328 1352 est.
354 1328 421 1355 pure
439 1321 638 1357 segregabitur,
665 1327 754 1349 rectus
769 1326 858 1349 autent
875 1323 941 1349 ordo
957 1327 984 1350 et

191 1371 303 1393 ornatus
315 1367 554 1394 demonstrabitur.
564 1367 697 1401 Quoniam
708 1373 773 1395 vero
786 1368 812 1395 in
824 1368 895 1396 omni
910 1368 983 1396 hier-

200 1412 292 1439 art-hia
321 1412 418 1448 triplex
433 1418 475 1440 est
490 1413 639 1447 distinctio,
654 1414 723 1442 sicut
743 1414 867 1449 pulchre,
882 1420 911 1442 ut
925 1415 984 1443 exi-

192 1458 288 1491 Slillto,
315 1458 478 1494 jampridem
503 1459 674 1488 ostendimus
700 1468 708 1487 :
731 1461 864 1496 siquidem
894 1462 983 1489 omnis

192 1504 297 1532 functio
315 1505 488 1532 hierarcliica
499 1505 631 1533 dividitur
645 1507 672 1533 in
688 1506 760 1541 ipsas
775 1507 939 1535 initiationes
954 1512 982 1535 et

190 1555 307 1587 mystas,
321 1555 348 1578 et
361 1559 409 1579 eos
421 1551 466 1586 qui
484 1552 640 1580 initiantur.
913 1573 915 1576 τ

228 1597 242 1632 ς
257 1597 286 1624 ΙΙ.
304 1596 398 1632 itaque
408 1597 529 1625 caelestis
545 1597 653 1632 quidem
669 1598 820 1626 hierarchia
834 1598 915 1635 25.3
931 1606 980 1634 pro

190 1642 342 1671 initiatione
367 1643 450 1671 habet
467 1651 549 1678 qttam
570 1645 690 1672 maxime
708 1645 916 1673 immaterialem
937 1653 981 1673 re-

189 1697 249 1716 rum
274 1690 429 1718 divinarum
459 1690 688 1726 intelligentiam.
715 1697 887 1728 quantusque
919 1693 978 1721 dari

188 1740 289 1770 potest,
312 1737 410 1764 divina:
421 1737 582 1766 imitationis
599 1742 702 1765 statum
716 1747 723 1772 ;
738 1746 788 1773 pro
801 1739 898 1775 mystis
913 1747 978 1767 vero

190 1782 296 1817 primas
317 1782 377 1810 illas
400 1783 554 1811 essentias:
572 1784 614 1811 ha:
627 1784 698 1811 enim
717 1785 750 1812 ad
771 1784 917 1814 inferiores
937 1787 980 1814 di-

188 1828 251 1856 vina
274 1837 385 1856 munera
405 1829 527 1858 beneﬁce
550 1831 692 1864 derivant;
720 1831 864 1860 inferiores
886 1837 977 1860 autem

188 1874 303 1903 virtutes
323 1881 387 1904 sunt
410 1877 462 1905 illa:
483 1885 544 1910 quae
558 1877 701 1905 initiantur
720 1883 748 1905 et
771 1883 976 1906 consecrantur.

188 1918 253 1948 Post
278 1921 419 1949 caelestem
446 1929 511 1949 vero
537 1922 623 1955 illam,
647 1928 766 1950 nostratu
787 1923 857 1950 hanc
873 1923 977 1950 hierar-

189 1966 279 1993 chiam
310 1967 402 1994 divina
427 1968 534 1996 bonitas
554 1969 734 2000 constituens.
757 1969 976 2004 quandoquidem

189 2013 307 2041 infantes
320 2021 440 2046 eramus,
459 2015 572 2050 legalem
593 2015 775 2043 hierarchiam
790 2015 911 2048 indulsit,
925 2017 976 2043 im-

188 2059 374 2087 becillioribus
389 2061 492 2088 nostris
505 2061 592 2089 oculis
610 2061 700 2088 lumen
719 2061 773 2088 illis
789 2062 978 2096 proportiona-

189 2110 245 2131 tum
258 2112 306 2139 per
320 2106 450 2133 obscuras
464 2107 596 2140 quasdam
610 2107 741 2142 imagines
753 2107 904 2139 aliundens.
918 2116 977 2143 qum

189 2157 243 2176 non
258 2150 294 2177 ita
314 2149 462 2184 dijudicatu
480 2150 585 2179 facilem
603 2152 809 2188 intelligentiam
828 2154 975 2183 habebant.

189 2195 323 2229 Quoniam
345 2203 410 2224 vero
431 2197 510 2230 dixit,
531 2205 640 2225 onmem
668 2199 851 2227 bierarcliiam
877 2200 978 2229 habere

189 2241 385 2276 initiationem,
412 2248 440 2270 et
469 2249 580 2280 mystas,
606 2249 634 2271 et
657 2245 789 2280 initiatos,
805 2247 838 2273 ad
863 2247 976 2282 legalem

189 2287 292 2314 cnltmn
308 2289 418 2316 veniens
433 2290 586 2318 istiusmodi
602 2291 715 2318 triadem
735 2293 878 2320 ostendere
891 2293 975 2328 cupit.

191 2333 312 2361 lnitiatio
329 2335 420 2369 itaque
436 2336 498 2363 huic
513 2342 565 2368 est,
586 2345 600 2364 ιι
619 2338 687 2373 typis
707 2338 740 2365 ad
752 2339 901 2372 spiritalem
918 2339 977 2366 cul—

191 2385 247 2406 tum
266 2381 412 2414 traductio,
434 2383 660 2417 quemadmodum
675 2384 915 2420 etiamTheologus
933 2385 978 2412 ille

189 2425 338 2462 Gregorius
355 2434 494 2455 asseverat
510 2436 517 2454 :
535 2429 744 2456 tnanuductores
765 2437 830 2456 vero
846 2431 878 2455 ad
896 2429 976 2462 hanc,

189 2472 246 2500 sive
261 2478 354 2508 mystm
366 2479 440 2506 sunt,
454 2474 498 2508 qui
511 2482 525 2501 a
540 2474 639 2510 Moyse,
655 2475 743 2509 primo
756 2475 868 2503 doctore
880 2483 912 2502 ac
929 2476 978 2502 du-

189 2522 274 2552 ctore,
287 2519 374 2546 cdocti
385 2525 446 2547 sunt
462 2521 665 2548 tabernaculum
685 2521 748 2548 illud
769 2529 822 2549 non
842 2530 923 2549 manu
935 2522 974 2550 l'a-

189 2569 275 2597 ctum,
300 2566 448 2592 sccundum
472 2567 544 2601 quod
566 2567 638 2593 illam
659 2566 773 2602 legalem
796 2569 976 2596 hierarchiam

1032 1324 1079 1350 ἐπὶ
1093 1324 1184 1359 πάσης
1200 1323 1342 1359 ἱεραρχίας
1364 1322 1380 1358 ἡ
1400 1321 1525 1358 τριαδικὴ
1539 1319 1669 1355 διαίρεσίς
1690 1322 1758 1352 ἐστι,
1772 1329 1824 1348 κα-

1032 1371 1086 1403 λῶς
1100 1371 1146 1398 καὶ
1163 1369 1269 1407 πρώην⁷
1282 1370 1319 1401 ὡς
1332 1367 1419 1405 οἶμαι,
1440 1366 1687 1404 παρεδηλώσαμεν·
1707 1367 1824 1403 διαιρεῖ-

1031 1425 1076 1445 ται
1100 1417 1154 1453 γὰρ
1185 1417 1260 1444 πᾶσα
1289 1414 1430 1451 ίεραρχικὴ
1461 1413 1636 1450 πραγματεία
1669 1414 1709 1445 εἰς
1738 1413 1824 1446 αὐτὰς

1031 1462 1063 1498 δὴ
1083 1462 1132 1494 τὰς
1142 1461 1264 1493 τελετὰς,
1278 1462 1318 1493 εἰς
1330 1460 1393 1492 τοὺς
1407 1459 1521 1495 μύστας,
1536 1457 1583 1484 καὶ
1603 1459 1644 1490 εις
1662 1459 1724 1490 τοὺς
1738 1467 1823 1494 μυου-

1033 1518 1141 1545 μενους.

1067 1601 1081 1638 §
1095 1602 1124 1629 ll.
1139 1600 1243 1628 Οὐκοῦν
1265 1601 1282 1636 ἡ
1308 1600 1356 1635 μὲν
1376 1599 1489 1635 οὐρανία
1503 1597 1628 1634 ἰεραρχία
1640 1596 1751 1632 τελετὴν
1765 1596 1835 1632 ἔχει·

1029 1647 1078 1683 τὴν
1090 1647 1144 1673 τῶν
1157 1647 1236 1674 Θείων
1258 1645 1516 1680 ἀῦλοτάτηντνὸησιν,
1528 1644 1574 1670 καὶ
1584 1643 1643 1679 τὴν,
1654 1643 1692 1675 ὡς
1699 1642 1822 1676 ἐφικτὸν,

1031 1693 1195 1729 θεομίμητον
1213 1691 1285 1725 ἕξιν·
1303 1691 1406 1727 μύστας
1419 1691 1447 1717 δὲ
1467 1692 1516 1722 τὰς
1535 1689 1691 1726 πρωτίστας
1709 1688 1820 1720 οὺσεας·

1030 1737 1168 1776 αὗταιγὰρ
1175 1739 1240 1775 πρὸς
1245 1739 1307 1770 τοὺς
1313 1736 1514 1773 ὐποδεῧηκότας
1523 1736 1686 1771 ἀγαθοειδῶς
1692 1734 1740 1766 τὰς
1747 1734 1822 1766 θείας

1029 1785 1133 1822 δωρεὰς
1156 1784 1390 1821 μετοχετεύουσιν·
1412 1784 1440 1810 αἱ
1463 1783 1491 1810 δὲ
1520 1782 1664 1817 ὑφειμέναι
1691 1781 1822 1815 δυνάμεις

1031 1832 1182 1870 μυούμεναί
1195 1833 1249 1858 εἱσι
1262 1831 1309 1858 καὶ
1321 1830 1491 1866 τελούμεναι.
1507 1829 1585 1856 Μετὰ
1598 1829 1663 1863 γοῦν
1674 1828 1723 1863 τὴν
1735 1828 1821 1862 οὐρα-

1029 1879 1088 1907 νίαν
1100 1878 1257 1907 καθιστῶσα
1274 1877 1323 1913 τὴν
1341 1876 1401 1904 καθ’
1415 1877 1488 1913 ἡμᾶς
1501 1875 1641 1911 ἱεραρχίαν
1654 1876 1670 1909 ἠ
1683 1874 1821 1910 ἀγαϐότης

1028 1925 1075 1952 τοῦ
1088 1924 1166 1957 Θεοῦ,
1179 1925 1223 1951 ὂτε
1238 1924 1286 1960 μὲν
1299 1923 1390 1958 νήπιοι
1404 1920 1485 1957 ἦμεν,
1500 1921 1548 1957 τὴν
1568 1920 1638 1948 κατὰ
1650 1920 1732 1955 νόμον
1752 1920 1821 1950 ἐδω-

1031 1973 1102 2008 ρεῖτο
1127 1970 1267 2006 ἱεραρχίαν
1286 1970 1346 2001 ταῖς
1376 1968 1516 1994 ἀσθενέσιν
1542 1967 1619 2002 ἡμῶν
1643 1966 1735 2000 ὄψεσιν
1758 1967 1820 1992 ὲπμ

1027 2017 1172 2053 λάμπουσα
1186 2016 1216 2042 τὸ
1229 2014 1358 2049 ἀνάλογον
1380 2013 1437 2049 φῶς
1457 2013 1500 2040 διά
1512 2021 1592 2039 τινων
1608 2012 1736 2048 ἀμυδρῶν
1748 2011 1821 2038 εἰκό-

1027 2072 1090 2095 νων,
1105 2064 1152 2090 καὶ
1163 2062 1212 2088 οὐκ
1225 2060 1391 2096 εὐδιάκριτον
1402 2059 1517 2095 ἐχόντων
1527 2058 1575 2094 τὴν
1585 2058 1710 2094 θεωρίαν.
1733 2058 1822 2084 Ἐπει-

1027 2109 1115 2146 δήπερ
1127 2106 1214 2140 εἶπεν,
1228 2108 1269 2134 ὅτι
1280 2107 1356 2133 ’πᾶσα
1370 2105 1494 2142 ἱεραρχεα
1504 2104 1615 2140 τελετὴν
1629 2104 1695 2139 ἔχει,
1710 2104 1757 2130 καὶ
1769 2103 1820 2139 p.6-

1028 2164 1104 2187 στας,
1116 2155 1162 2182 καὶ
1173 2153 1353 2190 μυουμένους,
1366 2151 1452 2179 ἐλθὼν
1465 2151 1512 2178 ἐπὶ
1524 2150 1573 2186 τὴν
1586 2150 1701 2186 νομικὴν
1713 2151 1821 2185 ῑερουρ-

1027 2199 1099 2234 γίαν,
1124 2199 1247 2234 βούλεται
1265 2197 1350 2230 δεῖξαι
1370 2197 1420 2233 τὴν
1438 2195 1566 2231 τοιαύτην
1587 2196 1693 2232 τριάδα.
1717 2195 1820 2232 Τελετὴ

1029 2246 1078 2281 μὲν
1094 2243 1139 2271 οὖν
1152 2244 1238 2280 ταύτῃ
1251 2244 1326 2270 ἐστὶν
1340 2244 1356 2278 ἡ
1370 2242 1423 2269 ἀπὸ
1436 2241 1491 2269 τῶν
1503 2241 1597 2268 τύπων
1614 2242 1661 2268 ἐπὶ
1672 2241 1722 2277 τὴν
1735 2250 1819 2268 πνευ-

1029 2289 1144 2327 ματικὴν
1169 2290 1295 2325 λατρείαν
1319 2287 1458 2323 ἀναγωγὴ,
1482 2285 1575 2319 καθὼς
1593 2287 1641 2314 καὶ
1661 2288 1675 2314 ὁ
1691 2287 1819 2321 Θεολὸγος

1027 2337 1121 2371 ἀνάγει
1135 2337 1155 2363 Γ
1159 2335 1285 2373 ρηγόριος
1295 2344 1300 2349 ·
1317 2333 1481 2371 χειραγωγοὶ
1490 2333 1519 2361 δι
1530 2332 1598 2369 πρὸς
1611 2332 1723 2368 ταύτην,
1734 2333 1819 2368 ἤγουν

1030 2383 1141 2419 μύσται,
1154 2383 1179 2410 οι
1196 2382 1249 2409 ὑπὸ
1262 2381 1384 2413 Μωσέως
1394 2379 1441 2407 τοῦ
1456 2378 1564 2415 πρώτου
1578 2379 1679 2415 μύστου
1694 2380 1740 2406 καὶ
1753 2380 1819 2414 ἠγε-

1028 2431 1107 2467 μὸνος
1129 2429 1278 2466 μυηθέντες
1293 2427 1342 2463 τὴν
1359 2425 1564 2463 ἀχειροποίητον
1578 2425 1685 2460 ἐκείνην
1703 2425 1817 2460 σκηνὴν,

1027 2477 1094 2514 πρὸς
1105 2476 1139 2512 ἠν
1152 2473 1323 2512 ῑερογραφῶν
1336 2473 1386 2509 τὴν
1399 2471 1469 2500 κατὰ
1485 2471 1568 2507 νόμον
1581 2470 1731 2507 ίεραρχίαν,
1746 2469 1817 2496 εἰκό-

1026 2531 1060 2550 να
1071 2521 1106 2549 τὰ
1119 2520 1191 2548 κατὰ
1208 2519 1289 2556 νόμον
1301 2517 1392 2545 ἐκάλει
1404 2525 1411 2532 ·
1427 2517 1509 2553 1ἔμιουε
1527 2516 1591 2552 γάρ·
1608 2515 1711 2542 Πάντα
1732 2514 1817 2547 ποιή-

1025 2577 1093 2602 σεις
1109 2567 1185 2595 κατὰ
1206 2566 1260 2594 τὸν
1279 2564 1376 2592 τύπον
1399 2563 1454 2590 τὸν·
1471 2561 1628 2597 δειχθέντα
1645 2569 1694 2587 σοι
1720 2560 1757 2587 ἐν
1776 2560 1816 2593 τῷ

189 2609 356 2642 describens.
371 2610 467 2646 legalia
482 2612 526 2640 illa
539 2612 639 2645 ﬁguras
653 2620 700 2640 seu
717 2614 847 2649 imagines
857 2614 976 2650 appella-

1032 2616 1099 2650 ὄρει.
1111 2610 1324 2650 Προτελούμενοι
1335 2609 1364 2636 δὲ
1377 2606 1431 2635 εἷεν
1445 2608 1487 2640 ἂν,
1501 2609 1525 2634 οἱ
1539 2607 1593 2634 ἀπὸ
1604 2606 1706 2640 ταύτης
1718 2605 1765 2632 ἐπὶ
1777 2613 1814 2631 τεη

189 2655 236 2682 bat
253 2663 262 2682 :
276 2656 380 2683 audivit
395 2657 468 2684 enim
482 2665 489 2683 :
507 2657 603 2685 Omnia
626 2658 706 2693 facies
728 2659 870 2687 secundum
882 2669 975 2688 exem-

154 2713 161 2719 »
187 2700 248 2734 plur
260 2702 329 2736 quod
342 2702 389 2729 tibi
402 2707 575 2730 iitonatratum
586 2709 624 2731 est
640 2705 666 2732 in
681 2711 766 2733 monte
775 2711 796 2732 9.
812 2705 913 2733 initiati
927 2714 975 2735 ve-

241 2776 252 2790 !
265 2770 349 2798 Exod.
363 2780 425 2806 xxv,
441 2772 486 2800 40.

1026 2660 1163 2696 λεωτέραν
1174 2657 1336 2693 ἀναγόμενοι
1361 2654 1460 2691 μύησιν
1471 2674 1479 2686 ,
1499 2654 1532 2689 ἢν
1556 2653 1604 2680 καὶ
1619 2651 1814 2688 ἀποπλήρωσιι

1025 2709 1075 2744 τῆς
1088 2706 1200 2743 πρώτης
1212 2704 1260 2732 καὶ
1272 2701 1349 2739 ἰιρὰν
1360 2701 1435 2738 λῆξιν
1449 2702 1476 2728 αἱ
1489 2699 1596 2736 Γραφαὶ
1607 2698 1727 2732 λέγουσι,
1748 2697 1815 2726 καθὸ

226 2851 282 2886 (26)
313 2851 378 2879 \‘ide
397 2850 505 2880 Scholia
526 2852 554 2880 S.
584 2851 691 2880 Maximi
725 2856 791 2880 tom.
816 2851 849 2884 ll,
867 2858 926 2885 cap.
942 2850 958 2877 5
986 2849 1086 2877 Eccles.
1110 2846 1175 2874 Im:
