1929 3068
106 156 158 186 521

412 153 455 180 DE
474 152 616 181 ECCLES.
634 152 837 185 HIERARCH.,
855 151 932 180 CAP.
951 150 1029 178 V.—
1046 150 1220 180 PARAPHR.
1239 151 1473 180 PACHYMERA‘Z.

1689 154 1739 181 τις

107 215 157 241 καὶ
169 212 314 249 πληρωτὴς
326 212 452 248 νόμου,οὺ
466 212 619 248 καταλυτὴς
635 213 650 240 6
665 211 768 248 Κύριος
779 211 896 245 λέγεται·

954 218 984 237 ro
999 215 1088 243 erant,
1108 211 1154 245 qui
1175 211 1210 238 ab
1223 210 1331 243 hac_ad
1354 211 1543 246 perfectiorem
1567 211 1740 248 disciplinam

107 259 204 295 ὥσπερ
222 259 268 286 καὶ
287 260 302 286 6
320 260 366 286 ἐπὶ
379 259 525 295 σκιάσματι
542 259 645 291 εἰκόνος
658 257 788 290 ἐπιτιθεὶς
801 256 900 284 πολλά-

107 315 153 337 κις
166 305 202 332 τὰ
214 304 346 341 χρώματα
358 306 490 340 γραφεὺς,
513 305 658 341 πληρωτὴς
669 304 719 340 τῆς
733 303 845 335 εἰκόνος,
867 303 897 330 οὺ

107 351 259 387 καταλυτὴς
270 351 368 386 λέγοιτ’
383 352 425 379 ἄν.
440 352 471 379 Εἰ
484 352 511 379 δὲ
521 352 561 379 δεῖ
570 352 670 385 Παύλῳ
679 350 819 377 πείθεσθαι
830 348 898 384 πρὸς

113 398 255 434 Ἐϐραίους
269 398 412 434 γράφοντι,
427 398 484 425 ἔστι
495 407 522 424 τι
537 398 618 434 μέσον
629 397 679 433 τῆς
689 395 817 432 οὐρανίας
828 395 900 422 ὲκεί-

107 454 157 480 νης
171 446 217 471 καὶ
232 445 281 481 τῆς
294 445 364 473 κατὰ
377 445 458 481 νόμον
469 444 605 480 λατρείας,
618 445 636 480 ὴ
649 443 709 471 καθ’
723 443 796 479 ἡμᾶς
807 442 898 477 ἱεραρ-

108 491 165 525 χία,
178 492 211 527 τῇ
227 492 275 527 μὲν
286 491 400 526 οὐρανίᾳ
409 490 584 522 κοινωνοῦσα,
597 490 638 516 ὅτι
651 489 698 516 καὶ
711 487 780 524 αὐτὴ
790 488 898 523 νοηταῖς

107 537 235 573 θεωρίαις
247 538 346 574 χρῆται
356 546 362 553 ·
376 539 409 573 τῇ
426 538 455 564 δὲ
473 537 544 564 κατὰ
557 537 648 572 νόμον,
665 537 707 562 ὅτι
719 535 766 562 καὶ
778 534 847 570 αὐτὴ
860 533 898 566 ὡς

107 584 199 621 ἐκείνη
211 584 349 620 αἰσθητοῖς
363 583 506 620 συμϐόλοις
517 583 694 611 ποικίλλεται.

951 256 1175 290 traducebantur,
1187 263 1269 290 quam
1280 263 1307 283 et
1316 256 1501 291 impletioncm
1514 258 1607 292 prima:
1618 265 1741 286 sacram-

950 309 1004 338 que
1015 306 1117 329 sortem
1130 300 1278 336 Scriptura:
1293 306 1401 334 vocant,
1415 304 1562 331 secundum
1572 305 1643 339 quod
1655 305 1739 332 etiam

953 347 1084 375 Dominus
1103 348 1265 381 adimpletor
1280 348 1358 383 legis,
1371 354 1398 376 et
1414 357 1466 376 non
1481 351 1585 378 solator
1601 351 1702 379 dicitur
1716 352 1738 378 ι.

949 392 1185 426 Quemadmodum
1201 394 1281 422 etiam
1294 395 1394 429 pictor,
1408 396 1453 430 qui
1467 396 1529 423 dum
1545 397 1647 426 umbrae
1667 398 1738 425 ima-

950 439 1022 475 ginis
1044 447 1115 474 saepe
1128 439 1234 467 colores
1254 440 1338 474 addit,
1360 440 1466 468 dicetur
1485 441 1557 469 illam
1579 443 1737 478 adimplere,

951 490 979 512 et
991 492 1162 520 nequaquam
1175 485 1291 513 solvere.
1305 485 1333 513 Si
1345 493 1410 513 vero
1423 485 1507 514 Paulo
1520 488 1684 516 credendum
1696 492 1738 516 est

952 532 985 559 ad
999 531 1127 560 llebrazos
1144 532 1286 564 scribenti,
1304 533 1422 560 medium
1437 534 1501 568 quid
1514 535 1584 562 inter
1599 537 1738 564 ctelestem

953 578 1029 606 illum
1043 582 1072 606 et
1087 578 1199 613 legalem
1213 579 1316 606 cultum
1331 584 1423 607 nostra
1436 584 1477 607 est
1492 579 1663 615 hierarchia;
1678 589 1738 616 qua:

108 637 172 657 cum
187 630 293 658 caelesti
305 630 416 664 quidem
431 630 625 662 communicat,
645 629 716 665 quod
735 626 903 664 spiritalibus
922 629 1016 653 utatur
1028 624 1324 659 contemplationibus;
1356 631 1417 652 cum
1432 624 1512 660 legali
1526 633 1602 658 vero,
1622 628 1694 661 quod
1710 631 1739 655 ut

106 675 152 703 illa
173 682 280 710 quoque
291 675 437 703 sensilibus
452 675 537 711 signis
553 676 718 709 variegetur.

143 719 157 755 §
170 720 216 745 lll.
233 719 309 754 Ἔχει
322 719 351 746 δὲ
363 720 409 747 καὶ
422 719 491 756 αὐτὴ
504 719 535 746 τὸ
545 719 655 756 τρισσδν
667 719 718 755 τῆς
737 717 897 756 ἱεραρχικῆς

105 765 277 801 διαιρέσεως,
293 765 470 802 διαιρουμένη
491 765 532 798 είς
544 775 574 792 τε
588 766 637 798 τὰς
659 765 770 798 τελετὰς
790 766 838 792 και¹
857 765 897 798 είς

105 812 170 843 τοὺς
188 811 328 847 ὑπηρέτας
340 811 394 838 τῶν
406 812 497 844 θείων,
511 812 557 839 καὶ
571 813 662 848 ἱερεῖς,
677 812 724 839 καὶ
737 812 845 848 τρίτους
857 813 897 844 είς

104 858 170 889 τοὺς
189 857 409 894 προσαγομένους
423 858 468 885 ὑπ’
487 858 576 885 αὐτῶν
588 859 628 891 εἰς
639 858 674 885 τὰ
688 859 758 894 ἱερά.
777 859 894 894 Ἐκάστη

105 904 135 930 δὲ.
144 903 247 930 τούτων
259 903 375 939 τριττῶς
388 904 467 932 πάλιν
478 904 614 941 διῄρηται.
629 904 689 931 Τῶν
700 904 767 939 γοῦν
779 904 896 932 τελετῶν

106 950 203 985 πρώτη
217 950 233 985 ὴ
253 950 386 986 κάθαρσις
398 959 404 965 ·
417 951 531 987 δευτέρα
543 951 596 978 τῶν
609 951 798 987 καθαρθέντων
811 952 825 978 ό
838 960 895 986 φω-

104 995 221 1030 τισμός·
245 996 291 1023 καὶ
312 997 390 1032 τρίτη
409 998 426 1033 ἠ
447 997 661 1034 συμπληρωτικὴ
679 997 734 1024 τῶν
756 998 895 1034 προτέρων

104 1040 255 1073 τελείωσις.
270 1042 363 1074 Πάλιν,
377 1043 393 1078 ἡ
404 1042 458 1069 τῶν
472 1043 619 1079 ἱερουργῶν
631 1043 809 1079 διακόσμησις
822 1042 896 1079 πρώ-

105 1097 160 1120 τως
180 1088 316 1124 καθαίρει,
337 1087 395 1116 εἶτα
414 1090 535 1124 φωτίζει,
556 1090 604 1117 καὶ
621 1089 716 1117 ἔπειτα
735 1090 841 1117 τελειοῖ.
865 1091 895 1117 0i

105 1133 224 1160 διάκονοι
245 1134 431 1171 καθαίρουσιν,
446 1136 470 1162 οἰ
485 1135 666 1172 πρεσϐύτεροι
679 1136 835 1171 φωτίζουσι,
850 1136 896 1164 καὶ

103 1180 129 1205 οἱ
143 1180 288 1207 ἐπίσκοποι
299 1180 442 1208 τελειοῦσι.
460 1181 519 1208 Τῶν
532 1182 560 1208 δὲ
572 1182 740 1217 τελουμένων
753 1182 776 1209 oi
789 1182 894 1218 πρῶτοι

106 1224 282 1261 καθαίρονται
302 1226 345 1253 διὰ
359 1227 546 1262 κατηχήσεων,
557 1228 582 1254 οί
598 1227 717 1264 δεύτεροι
735 1228 896 1263 φωτίζονται

105 1269 150 1296 διὰ
164 1269 212 1296 τοῦ
227 1269 423 1306 βαπτίσματος,
447 1273 494 1299 καὶ
513 1273 537 1299 ot
554 1273 641 1309 τρίτοι
661 1273 826 1301 τελειοῦνται
847 1274 895 1311 τὴν

105 1315 280 1353 τελειωτικὴν
302 1318 456 1353 ἐπιστήμην
468 1317 662 1354 λαμϐάνοντες,
675 1316 712 1346 ὧν
734 1320 762 1347 ὲν
781 1320 820 1356 τῷ
840 1329 896 1354 φω-

105 1361 196 1396 τισμῷ
221 1362 317 1398 θεωροὶ
339 1363 520 1398 ἐγεγόνεισαν,
541 1365 570 1390 ὲν
595 1364 724 1400 μετουσίᾳ
745 1365 795 1401 τῆς
822 1365 896 1397 θείας

106 1407 290 1443 Εὑχαριστίας
309 1409 454 1444 γινόμενοι.
473 1409 510 1436 T6
529 1407 577 1437 οὖν
591 1411 698 1446 τριττὸν
718 1411 768 1446 τῆς
786 1411 840 1438 τῶν
852 1420 897 1438 τε-

105 1451 190 1480 λετῶν
199 1454 351 1491 ἱερουργίας
360 1456 494 1491 ὑμνεῖται·
504 1455 535 1483 τὸ
542 1455 596 1492 γὰρ
602 1457 672 1484 θεῖον
679 1457 821 1493 βάπτισμα
829 1455 897 1485 ἁπε-

985 714 1000 752 §
1018 715 1059 744 Ill.
1073 715 1160 744 liabet
1171 720 1261 744 autem
1273 716 1355 744 etiam
1369 716 1427 752 ipsa
1441 717 1575 753 triplicem
1592 718 1663 746 hanc
1679 719 1738 748 hie-

951 762 1105 790 rarchicam
1121 763 1337 796 distinctionem,
1355 764 1442 792 divisa
1463 765 1491 792 in
1511 767 1652 801 mysteria,
1665 771 1692 794 et
1709 768 1736 795 in

951 807 1104 835 divinorum
1119 809 1312 844 mysteriorum
1328 809 1507 838 administros
1523 819 1555 838 ac
1569 813 1736 846 sacerdotes.

948 856 975 879 et
990 851 1016 879 in
1033 853 1129 881 tertios
1145 854 1204 881 illos
1218 854 1264 889 qui
1279 854 1313 882 ab
1328 855 1370 882 his
1385 856 1418 882 ad
1433 863 1512 883 sacra
1529 863 1734 891 promoventur.

946 898 1081 931 Qumlibet
1097 904 1187 927 autem
1203 901 1301 928 horum
1314 901 1419 929 functio
1432 902 1522 930 denuo
1535 903 1679 938 tripliciter
1693 904 1735 931 di-

945 945 1058 972 viditur.
1071 944 1257 974 lnitiationum
1274 946 1365 981 itaque
1384 947 1472 982 prima
1487 953 1530 976 est
1543 949 1673 984 expiatio,
1690 957 1735 978 se—

946 991 1056 1024 cunda,
1081 991 1253 1026 expiatorum
1284 993 1464 1028 illuminatio,
1491 999 1519 1022 et
1547 996 1649 1030 tertia,
1675 1005 1736 1031 qua

946 1036 1053 1070 priores
1074 1038 1194 1072 complet
1218 1038 1360 1073 perfectio.
1386 1039 1453 1068 Item
1477 1041 1545 1068 ordo
1568 1042 1735 1070 initiantium

947 1081 1064 1116 primum
1078 1083 1180 1117 expiat,
1191 1082 1290 1111 deinde
1303 1084 1448 1118 illuminat,
1461 1093 1493 1113 ac
1506 1090 1599 1121 postea
1614 1087 1732 1122 perﬁcit;

946 1127 1053 1154 diaconi
1082 1129 1204 1163 expiant,
1228 1130 1384 1157 sacerdotes
1404 1130 1567 1164 illuminant,
1582 1132 1664 1168 244
1675 1134 1734 1167 epi-

946 1173 1021 1207 scopi
1050 1173 1205 1207 perﬁciunt.
1229 1174 1329 1202 Eorum
1359 1180 1449 1204 autem
1486 1178 1531 1212 qui
1565 1178 1732 1212 initiantur,

946 1219 1027 1253 primi
1050 1219 1195 1254 expiantur
1214 1228 1262 1255 per
1280 1222 1568 1254 calechesiu,sccundi
1581 1223 1736 1251 illuminan-

954 1265 999 1288 tur
1011 1270 1060 1297 per
1075 1262 1250 1298 baptismum,
1266 1268 1295 1292 et
1311 1265 1384 1292 tertii
1397 1266 1586 1300 perﬁciuntur,
1596 1275 1658 1295 cum
1671 1275 1734 1303 per-

946 1306 1071 1335 iectivam
1097 1308 1242 1336 scientiam
1270 1310 1407 1344 accipiunt
1428 1319 1523 1339 eorum
1549 1319 1610 1347 quae
1635 1313 1662 1341 in
1686 1314 1735 1342 ba-

947 1353 1046 1388 ptismo
1059 1359 1271 1389 conspexerunt,
1290 1356 1389 1384 divinae
1401 1357 1574 1385 eucharistia:
1586 1360 1734 1394 participes

947 1399 1044 1426 cll'ccti.
1058 1399 1167 1435 Triplex
1179 1401 1274 1436 itaque
1287 1407 1520 1430 sacramentorum
1535 1411 1614 1431 sacra
1630 1404 1735 1433 functio

947 1445 1124 1474 celebratur:
1151 1455 1214 1474 nam
1240 1448 1349 1475 divinus
1373 1449 1525 1484 baptismus
1543 1455 1670 1479 ostensus
1693 1457 1734 1479 est

105 1499 199 1535 ὃείχθη
221 1501 267 1527 καὶ
288 1500 421 1537 κάθαρσις
441 1502 488 1528 καὶ
507 1503 661 1539 φωτισμός·
685 1503 701 1539 ὴ
721 1503 749 1530 δὲ
768 1503 895 1530 κοινωνία

949 1499 1008 1520 esse
1025 1493 1147 1527 expiatio
1170 1498 1199 1521 et
1224 1494 1398 1527 illuminatio,
1417 1497 1618 1532 communionis
1643 1503 1734 1527 autem

104 1543 157 1579 τῆς
170 1544 355 1581 μεταλήψεως,
365 1546 412 1572 καὶ
424 1546 440 1582 ὴ
452 1545 498 1573 τοῦ
511 1547 595 1582 μύρου
608 1547 712 1583 τελετὴ,
726 1548 774 1583 τῆς
784 1547 895 1575 τελειω-

104 1588 185 1624 τικῆς
199 1588 326 1622 γνώσεως
345 1590 392 1617 καὶ
414 1591 570 1628 ἐπιστήμης
591 1590 646 1620 εἷεν
664 1593 851 1630 γνωρίσματα,
862 1594 896 1621 δι’

104 1631 139 1670 ἧς
160 1634 241 1670 ἰερῶς
255 1636 271 1670 ἡ
284 1636 352 1671 πρὸς
365 1635 411 1662 τὸν
431 1636 496 1663 Θεὸν
510 1638 637 1665 κοινωνία
656 1638 896 1675 τελεσιουργεῖται.

142 1680 156 1716 §
168 1679 213 1707 ιν.
230 1681 287 1708 Νῦν
299 1681 326 1708 δὲ
340 1682 404 1718 περὶ
415 1683 463 1718 τῆς
476 1683 615 1720 ἱερατικῆς
626 1683 736 1712 λεκτέον
746 1686 897 1722 διακοσμή-

106 1734 186 1758 σεως,
200 1727 246 1754 καὶ
259 1727 360 1763 ταύτης
371 1728 561 1766 διαιρουμένης
571 1730 681 1766 τριχῶς,
695 1731 735 1763 εἰς
752 1732 896 1767 κάθαρσιν,

105 1773 146 1803 εἰς
161 1773 308 1808 φωτισμὸν,
322 1775 362 1807 εἰς
374 1775 512 1803 τελείωσιν
524 1784 531 1791 ⁸
551 1776 631 1811 νόμος
651 1777 724 1804 ἐστὶν
736 1774 812 1809 οὗτος
825 1778 897 1806 ἁπά-

107 1825 157 1851 σης
171 1817 310 1853 ἱεραρχίας
331 1819 469 1855 πανίερος,
491 1820 522 1847 τὸ
534 1821 577 1847 διὰ
590 1821 644 1848 τῶν
662 1821 777 1857 πρώτων
789 1822 823 1850 τὰ
837 1822 896 1849 δεύ-

105 1871 174 1898 τερα
195 1864 353 1899 ἀνάγεσθαι.
368 1867 404 1893 Ἢ
424 1866 478 1902 γὰρ
490 1867 520 1893 οὐ
540 1867 617 1894 τοῦτο
630 1867 774 1903 βλέπομεν,
789 1869 836 1895 καὶ
851 1870 896 1895 ἐπὶ

106 1907 141 1934 τὰ
152 1908 269 1944 αἰσθητὰ
280 1909 366 1936 ταῦτα
379 1910 426 1937 καὶ
438 1911 532 1946 ὀρατά;
544 1911 640 1947 (ταῦτα
652 1911 706 1948 γὰρ
719 1913 838 1947 στοιχεῖα
850 1921 897 1939 κα-

105 1949 148 1979 λεῖ
159 1956 178 1989 ·)
191 1953 228 1986 ὡς
240 1955 285 1981 ἐπὶ
296 1954 343 1981 τοῦ
356 1956 433 1983 ὑέλου
446 1956 518 1983 ἔστιν
540 1957 603 1984 ἰδεῖν
616 1957 646 1984 τὺ
659 1957 716 1992 φῶς
735 1958 895 1993 δεχομένου,

106 1999 154 2024 καὶ
173 1998 245 2026 οὕτω
264 2000 440 2034 φωτίζοντος·
463 2002 509 2028 καὶ
528 2003 573 2030 ὲπὶ
583 2002 631 2030 τοῦ
645 2003 740 2039 πυρὸς,
759 2004 828 2038 ὅπερ
849 2004 897 2030 καὶ

107 2043 239 2080 πρότερον
250 2046 299 2081 τῆς
313 2047 536 2083 εὑκαταπρήστου
551 2048 616 2084 ὕλης
629 2049 829 2085 ἐπιδράττεται,
849 2051 896 2077 καὶ

106 2089 151 2116 διὰ
168 2090 269 2127 ταύτης
288 2091 337 2124 τὰς
351 2093 554 2129 ἀνεπιτηδείους
567 2095 635 2131 πρὸς
658 2096 800 2131 μετουσίαν
813 2097 895 2124 αὐτοῦ

107 2135 203 2171 φύσεις
215 2138 338 2174 ὲκπυροῖ.
352 2139 400 2166 Διὰ
414 2140 492 2167 τοῦτο
504 2141 550 2167 καὶ
570 2141 659 2177 πάσης
672 2142 830 2178 εὐκοσμίας,
845 2142 895 2169 κᾶν

948 1539 1119 1574 participatio
1132 1544 1159 1566 et
1173 1540 1302 1575 unguenti
1317 1541 1510 1576 mysteriorum
1527 1543 1654 1571 notiones
1670 1550 1733 1571 sunt

948 1583 1106 1618 perfectivae
1130 1585 1294 1620 cognitionis
1320 1591 1402 1621 atque
1424 1587 1558 1622 scientiae,
1572 1596 1625 1624 qua
1640 1597 1735 1618 sacro-

948 1636 1042 1659 sancte
1058 1631 1150 1659 divina
1164 1633 1322 1660 connnunio
1337 1633 1503 1661 celebratur.

983 1675 996 1711 §
1011 1675 1055 1703 ιν.
1071 1675 1148 1703 Nunc
1170 1682 1261 1704 autem
1285 1678 1318 1704 de
1331 1678 1519 1706 ecclesiastico
1532 1680 1627 1708 ordine
1641 1681 1734 1709 dicen-

947 1721 1012 1748 dum
1028 1725 1080 1754 est,
1095 1723 1140 1756 qui
1157 1729 1219 1749 cum
1234 1723 1317 1750 etiam
1335 1723 1482 1757 trifariam,
1495 1725 1524 1752 in
1532 1724 1732 1760 ‘expiationem,

948 1767 1186 1801 illuminationem,
1212 1768 1409 1804 perfectionem
1433 1770 1569 1798 dividatur
1585 1780 1592 1805 ;
1607 1772 1650 1799 lex
1676 1773 1734 1802 haec

947 1819 1121 1841 sacrosancta
1144 1818 1186 1842 est
1210 1815 1301 1842 omnis
1325 1815 1497 1850 hierarchiaa,
1516 1821 1546 1844 ut
1571 1825 1619 1851 per
1643 1819 1734 1853 prima

946 1861 1065 1889 secunda
1085 1862 1264 1890 adducantur.
1286 1863 1394 1891 Annon‘
1411 1863 1494 1891 etiam
1518 1863 1583 1892 illud
1601 1865 1628 1892 in
1652 1866 1733 1893 rebus

947 1907 1122 1935 scnsibilibus
1139 1913 1167 1935 et
1191 1909 1400 1944 aspectabilibus
1415 1909 1557 1938 videmus?
1573 1911 1643 1946 (haec
1661 1914 1734 1940 enim

946 1954 1080 1981 elementa
1096 1955 1184 1989 vocat)
1199 1959 1229 1982 ut
1250 1955 1277 1981 in
1295 1955 1366 1982 vitro
1390 1956 1546 1991 perspicere
1574 1957 1647 1989 licet,
1662 1959 1734 1992 quod

946 2000 1030 2027 solem
1055 2001 1161 2034 recipit,
1184 2004 1266 2034 atque
1288 2001 1340 2028 hoc
1365 2001 1448 2029 modo
1476 2001 1630 2038 illuminat;
1655 2009 1683 2032 et
1706 2005 1733 2032 in

946 2045 1019 2081 igne,
1037 2046 1085 2080 qui
1104 2046 1177 2080 prius
1201 2047 1235 2073 ad
1258 2047 1413 2080 materiam,
1427 2054 1489 2081 quae
1506 2047 1587 2075 facile
1611 2050 1732 2078 comburi

947 2096 1046 2127 potest,
1063 2091 1177 2123 accedit,
1193 2095 1223 2118 et
1243 2098 1292 2126 per
1306 2091 1378 2119 hanc
1393 2092 1476 2119 etiam
1497 2093 1587 2120 minus
1603 2099 1680 2128 aptas
1698 2097 1733 2123 ad

947 2146 1009 2165 eum
1034 2138 1218 2172 recipiendum
1245 2142 1356 2164 naturas
1379 2139 1480 2165 exurit.
1498 2138 1603 2166 Idcirco
1624 2148 1734 2175 quoque

106 2183 156 2218 τὴν
168 2183 296 2220 οὐρανίαν
313 2185 404 2221 εἴπῃς,
420 2186 472 2213 κᾶν
488 2186 538 2222 τὴν
558 2187 624 2213 καθ’
637 2187 720 2222 ἡμᾶς,
735 2189 752 2223 ἡ
765 2188 835 2224 ἀρχὴ
849 2189 896 2215 καὶ

949 2184 1038 2212 stnnis
1063 2189 1143 2212 rectae
1166 2184 1359 2218 ordinationis,
1376 2185 1434 2212 sive
1449 2185 1587 2213 caelestem
1613 2187 1670 2214 sive
1684 2195 1734 2214 no-

106 2229 123 2264 ἡ
137 2229 240 2265 ἵδρυσις
252 2231 291 2262 εἰς
311 2232 373 2263 τοὺς
386 2231 510 2268 πρώτους
523 2233 669 2265 ἐνδίδωσιν,
682 2233 751 2260 ὥστε
766 2234 834 2261 ίέναι
846 2234 896 2267 τὰς

106 2275 182 2306 θείας
203 2276 313 2308 ἀκτῖνας
324 2296 331 2309 ,
347 2278 394 2304 καὶ
411 2277 456 2305 διὰ
474 2278 576 2306 τούτων
597 2279 643 2306 καὶ
661 2281 716 2311 τοῖς
742 2280 897 2316 ὑφειμένοις

106 2320 290 2355 ἐπιφαίνεται.

134 2367 149 2403 §
159 2366 190 2394 ν.
200 2368 307 2395 Τούτων
316 2369 369 2396 τῶν
378 2370 492 2406 πρώτων
503 2372 561 2398 ἐστὶ
569 2372 598 2399 τὸ
608 2374 664 2404 τοῖς
670 2373 806 2409 δευτέροις
814 2372 895 2408 ἀφθός

106 2422 160 2445 νως
173 2415 340 2449 μεταδιδόναι
350 2413 387 2442 ὧν
393 2417 468 2444 αὐτοὶ
480 2418 618 2454 μετέσχον.
627 2420 730 2446 Οὐκοῦν
742 2421 758 2456 ἡ
769 2420 827 2447 θεία
844 2421 898 2447 τῶν

107 2459 243 2494 ίεραρχῶν
251 2459 325 2492 τάξις
334 2461 428 2497 πρώτη
439 2463 496 2489 ἐστὶ
504 2464 550 2490 καὶ
558 2464 705 2500 ἀκροτάτη,
715 2465 762 2492 καὶ
770 2466 870 2501 ἐσχάτη
881 2467 898 2501 ἡ

105 2504 175 2539 αὐτή
185 2513 192 2520 ·
203 2505 307 2541 πρώτη,
316 2507 356 2533 ὅτι
364 2507 392 2541 ἐξ
401 2508 507 2544 ἐκείνης
514 2511 569 2541 τοῖς
577 2510 665 2542 ἄλλοις
675 2511 898 2546 μεταδίδονταιτὰ

105 2552 194 2577 οἰκεῖα
204 2559 211 2565 ·
227 2552 339 2587 ἐσχάτη,
354 2553 393 2580 ὃτι
405 2555 444 2586 είς
458 2555 543 2590 αὐτὴν
555 2556 721 2592 ἀποτελευτᾷ
733 2558 808 2584 πᾶσα
823 2558 899 2593 ἱερα-

105 2597 169 2632 τικὴ
182 2596 370 2634 διακόσμησις.
385 2600 489 2636 ’Ὠσπερ
507 2601 561 2637 γὰρ
575 2604 649 2629 πᾶσα
663 2603 787 2639 ίεραρχία
800 2605 839 2635 είς
852 2604 897 2630 τὸν

106 2642 222 2678 Σωτῆρα
233 2645 249 2679 ἠ
254 2644 312 2679 μῶν
329 2646 430 2681 Ἰησοῦν
440 2647 555 2682 Χριστὸν
567 2648 782 2685 ἀποπληροῦται,
793 2651 807 2676 6
822 2649 897 2685 πρώ-

106 2696 198 2720 τιστος
220 2689 274 2725 γὰρ
294 2691 424 2727 ίεράρχης
443 2690 518 2724 οὗτός
538 2693 627 2720 ἐστιν·
641 2694 771 2721 οὕτωκαὶ
792 2695 894 2730 ἑκάστη

108 2735 236 2771 ιεραρχία
248 2738 288 2768 εἰς
300 2737 346 2764 τὸν
358 2739 456 2765 οἰκεῖον
470 2739 599 2776 ἱεράρχην
613 2741 660 2776 τὴν
673 2741 814 2777 ἀναφορὰν
827 2741 895 2777 ἕχει,

107 2785 145 2817 ὡς
161 2785 244 2812 αὑτοῦ
262 2786 307 2813 διὰ
324 2787 378 2815 τῶν
391 2789 437 2815 ὑπ’
457 2789 538 2817 αὑτὸν
554 2791 701 2826 ταγμάτων
719 2790 807 2820 πάντα
822 2793 897 2828 ἐνερ-

147 2886 157 2905 ί
173 2886 267 2913 Matth.
282 2895 307 2919 ν,
327 2887 368 2916 17.

212 2934 348 2965 lutum.
367 2937 424 2966 Gn.
444 2937 485 2967 ιιι

947 2235 1032 2258 stram
1049 2230 1162 2265 dixeris,
1180 2230 1343 2265 principium
1359 2237 1391 2258 ac
1414 2232 1493 2259 sedes
1508 2231 1536 2258 in
1564 2233 1666 2266 primos
1689 2241 1734 2260 or-

946 2279 1024 2306 dines
1045 2278 1152 2307 divinos
1178 2287 1242 2307 suos
1266 2280 1356 2307 radios
1380 2280 1490 2313 emittit,
1512 2285 1596 2315 atque
1612 2288 1664 2316 pct-
1685 2281 1735 2309 hos

946 2332 1053 2360 quoque
1067 2325 1241 2354 inferioribus
1255 2326 1378 2354 collucet.

983 2372 1042 2407 εγ.
1066 2372 1166 2400 llornm
1194 2374 1342 2408 primorum
1369 2378 1422 2406 est,
1449 2373 1648 2408 posterioribus
1673 2374 1732 2402 sine

948 2419 1048 2446 invidia
1073 2420 1275 2448 communicare
1297 2419 1341 2447 illa
1360 2427 1474 2454 quorum
1497 2421 1548 2455 ipsi
1569 2425 1633 2447 sunt
1646 2423 1733 2455 parti-

947 2465 1032 2499 cipes.
1050 2464 1140 2500 Itaque
1160 2466 1268 2493 divinus
1291 2466 1358 2493 ordo
1377 2465 1534 2500 pontiﬁcum
1551 2466 1622 2493 idem
1647 2470 1689 2493 est
1706 2471 1734 2493 et

949 2512 1053 2546 primus
1066 2516 1093 2539 et
1107 2519 1261 2546 supremus,
1277 2516 1304 2539 et
1323 2512 1435 2539 ultimus
1454 2520 1463 2539 :
1477 2512 1591 2547 primus,
1605 2512 1733 2546 quoniam

946 2565 978 2585 ex
1001 2565 1034 2585 eo
1046 2558 1152 2585 caeteris
1167 2565 1227 2592 quas
1242 2559 1352 2591 propria
1364 2562 1428 2585 sunt
1440 2558 1593 2590 donantur;
1608 2557 1734 2592 ultimus,

946 2604 1074 2639 quoniam
1090 2605 1116 2631 in
1129 2604 1216 2639 ipsum
1228 2605 1318 2632 omnis
1330 2604 1532 2632 ecclesiasticus
1544 2605 1611 2631 ordo
1622 2603 1721 2631 desinit

945 2652 1180 2685 Quemadmodum
1194 2652 1266 2680 enim
1279 2652 1435 2680 hiernrchia
1449 2652 1539 2680 omnis
1550 2653 1576 2680 in
1590 2652 1734 2680 Salvatore

946 2704 1040 2727 nostro
1064 2699 1127 2727 Jesu
1144 2699 1255 2727 Christo
1275 2705 1490 2730 consummatur,
1507 2703 1537 2726 ut
1559 2701 1604 2733 qui
1628 2698 1722 2733 primu.

947 2745 1091 2772 hierarcha
1116 2749 1174 2778 est;
1196 2745 1236 2773 sic
1259 2746 1342 2772 etiam
1370 2744 1499 2779 quaelibet
1527 2743 1680 2771 hierarchia
1705 2743 1724 2770 it

946 2792 1086 2828 proprium
1103 2799 1180 2819 suum
1202 2792 1374 2820 hierarcham
1391 2791 1519 2823 refertur,
1535 2795 1564 2818 ut
1581 2790 1627 2824 qui
1640 2789 1715 2816 omni

1578 2938 1614 2966 17
