1929 3068
207 161 260 189 523

785 160 814 188 S.
834 159 981 188 DIONYSII
999 159 1230 187 ΑΒΕΟΡΑΩΙΤΑΞ

1773 160 1826 189 εει

206 227 256 253 per
267 218 376 246 ordines
397 217 448 246 sibi
463 218 586 246 subditos
604 222 743 252 operetur,
758 219 857 252 quibus
876 218 990 252 praebuit

1045 216 1160 252 γοῦντος,
1170 215 1210 249 οἷς
1221 217 1267 244 καὶ
1279 217 1398 253 παρέσχε
1414 218 1463 254 τὴν
1474 218 1588 254 δύναμιν
1598 218 1645 245 τοῦ
1658 217 1743 246 ταῦτα
1756 221 1828 257 ἐνερ-

207 268 368 300 potestatem
384 263 442 291 haec
456 264 551 298 agendi
567 264 706 299 (ὁλότητας
720 263 792 290 enim
806 268 885 290 vocat
899 270 992 290 omnes

207 310 331 342 ordines,
347 309 386 336 ιιΙὶ
401 309 481 343 paulo
493 313 553 344 post
564 308 705 344 explicat);
720 313 840 336 attamen
857 308 992 344 przecipue

207 355 340 389 pontiﬁci,
356 359 385 382 ut
408 355 522 389 ipsemet
547 360 671 390 peragat,
686 359 714 381 et
741 362 793 382 non
807 362 856 389 per
876 354 990 381 aliorum

206 401 403 433 ministerium,
418 400 548 427 attributa
565 405 607 428 est
619 400 748 435 unguenti
765 399 952 432 sanctiﬁcatio,
965 403 993 427 et

208 447 304 474 altaris
324 447 505 478 consecratio.
521 451 549 474 et
569 446 817 474 ecclesiasticorum
838 447 988 480 ordinatio,

208 501 269 529 quae
291 493 372 520 etiam
389 491 564 527 perfectionis
581 491 733 520 ell‘cctrices
749 493 879 528 imagines
893 493 992 519 divinat

207 539 351 574 potestatis
367 538 475 566 vocavit
499 547 506 565 :
521 538 562 565 ha:
580 539 651 564 enim
674 541 809 572 suntquae
823 537 990 565 divinissima

208 591 322 619 qumque
334 582 455 618 symbola
464 582 616 617 perﬁciunt.
625 582 680 609 Nisi
689 582 761 609 enim
769 582 804 609 sit
813 587 990 617 unguentum,

208 629 260 656 nisi
284 629 320 656 sit
340 628 435 660 altare,
461 627 513 655 nisi
539 627 575 656 sit
598 627 678 663 245
703 634 827 655 summus
851 627 990 660 sacerdos,

209 675 276 703 nihil
292 675 374 702 etiam
390 674 461 709 quod
478 674 513 701 sit
527 675 649 701 muneris
664 673 842 702 sacerdotalis
865 674 991 709 perﬁcie-

209 727 263 748 tur.
283 721 397 754 Deinde,
420 727 451 747 ac
476 720 497 747 si
515 720 576 754 quis
595 719 737 754 objiceret,
760 719 896 754 quomodo
909 719 990 746 etiam

208 766 341 801 baptisma
356 774 406 801 per
428 765 583 793 sacerdotes
597 765 714 792 conferri
731 766 827 800 possit,
840 766 888 797 ait,
904 772 991 799 neque

209 813 262 841 hoc
275 813 358 840 etiam
373 812 492 847 perfecte
507 819 556 846 per
569 818 599 839 se
611 811 778 838 sacerdotem
790 811 913 846 operari;
929 818 989 837 nam

208 865 237 887 et
253 859 374 887 antistite
386 865 454 893 opus
469 858 530 891 erit,
546 863 576 885 ut
593 862 730 894 unguento
743 857 857 893 inungat
869 858 992 893 baptiza-

1042 265 1100 298 γεῖν
1113 263 1251 299 (ὁλότητας
1264 264 1318 299 γὰρ
1330 264 1418 296 πάσας
1429 264 1478 296 τὰς
1489 264 1578 297 τάξεις
1592 266 1682 301 φησιν,
1696 265 1733 297 ὡς
1746 265 1828 298 εὐθὺς

1043 309 1241 345 ὲπεξηγείται)·
1258 310 1326 342 τέως
1347 310 1376 337 δὲ
1389 311 1463 346 ὅμως
1483 310 1629 346 ἐξαιρέτως
1651 311 1690 346 τῷ
1712 311 1828 348 ίεράρχῃ

1041 355 1110 392 πρὸς
1123 356 1295 392 αὐτουργίαν,
1315 357 1362 383 καὶ
1383 357 1413 383 οὑ
1432 356 1475 383 διὰ
1485 357 1535 391 τῆς
1553 357 1651 392 ἐτέρων
1665 357 1826 393 ὑπουργίας,

1042 400 1265 436 ἀποκεκλήρωται
1279 402 1293 427 6
1309 400 1355 427 τοῦ
1375 401 1459 437 μύρου
1480 401 1623 437 ἁγιασμὸς,
1643 401 1718 437 ἢτοῦ
1731 402 1828 430 θυσια-

1043 447 1153 482 στηρίου
1168 446 1340 483 καθιέρωσις,
1355 448 1428 484 καὶὴ
1439 448 1493 475 τῶν
1508 449 1652 484 ίερατικῶν
1665 449 1826 485 χειροτονία,

1043 493 1121 520 ἆτινα
1132 493 1179 519 καὶ
1195 493 1403 529 τελεσιουργοὺς
1415 495 1521 527 εἰκόνας
1533 495 1582 531 τῆς
1603 495 1676 528 Θείας
1686 495 1827 531 δυνάμεως

1043 539 1212 568 ἁπεκάλεσεν
1224 549 1230 556 ·
1244 541 1324 568 αὑταὶ
1335 541 1388 576 γάρ
1402 543 1469 568 εἰσιν
1481 543 1508 569 at
1521 542 1724 569 ἀπωελειοῦσαι
1738 543 1828 570 πάντα

1040 585 1075 612 τὰ
1088 586 1211 613 θειότατα
1225 586 1354 622 σύμϐολα.
1367 588 1398 615 Et
1414 587 1468 624 γὰρ
1481 588 1518 624 μὴ
1533 588 1626 624 μύρον,
1639 590 1663 615 εί
1676 589 1712 625 μὴ
1732 588 1828 616 θυσια-

1042 632 1162 668 στήριον,
1171 634 1194 659 εί
1208 633 1244 668 μὴ
1257 633 1410 668 ἀρχιερεὺς,
1424 634 1474 660 οὐκ
1486 634 1518 661 ἄν
1529 642 1555 660 τι
1568 634 1703 669 ἱερατικὸν
1715 635 1828 669 ἐνεργη-

1041 677 1161 713 θήσεται,
1178 676 1243 705 Εἶτα
1261 678 1355 715 ὥσπερ
1373 680 1446 712 τινὸς
1464 680 1704 715 ἀνθυποφέροντος,
1725 681 1766 707 ὅτι
1780 680 1828 707 καὶ

1040 723 1100 755 πῶς
1120 723 1259 760 βάπτισμα
1277 724 1321 752 διὰ
1341 725 1395 752 τῶν
1415 726 1509 761 ἱερέων
1525 726 1652 757 τελεῖται,
1674 726 1765 762 φησὶν,
1785 727 1827 754 ὅτι

1041 769 1101 795 οὐδὲ
1112 769 1190 796 τοῦτο
1202 769 1311 802 τελείως
1323 771 1429 806 ἐνεργεῖ
1438 772 1452 798 6
1465 771 1649 808 πρεσϐύτερος
1660 781 1666 787 ·
1682 773 1760 808 χρεία
1773 773 1828 808 γὰρ

1040 813 1087 840 τοῦ
1101 815 1249 850 ἀρχιερέως
1260 815 1394 847 ἕσται,είς
1405 815 1435 842 τὸ
1447 817 1536 852 χρῖσαι
1555 817 1593 852 τῷ
1614 817 1690 853 μύρῳ
1711 817 1756 844 τὸν
1780 818 1829 853 βα-

1041 860 1186 887 πτισθέντα
1197 869 1203 876 ·
1218 861 1286 897 αὕτη
1300 861 1354 898 γὰρ
1373 860 1406 898 ἦν
1419 864 1435 898 ἡ
1455 863 1555 898 ἀρχαία
1575 864 1710 899 συνήθεια.
1724 864 1787 896 Πῶς
1798 864 1827 890 δὲ

209 909 265 933 tum
275 925 283 938 ,
302 905 434 940 siquidem
451 904 508 932 hinc
522 904 635 937 antiqua
649 909 708 931 erat
722 904 900 932 consuetudo.
916 903 989 938 Quo.

1045 907 1087 932 καὶ
1095 907 1111 942 ἡ
1119 907 1178 933 θεία
1186 908 1311 934 κοινωνία
1318 909 1470 944 γενήσεται,
1486 910 1522 945 μὴ
1536 910 1726 946 θυσιαστηρίου
1739 910 1826 943 ὄντος

208 950 290 978 modo
312 955 403 977 autem
425 949 506 976 etiam
521 950 610 977 divina
625 950 780 977 communio
794 950 841 977 ﬁet
856 958 909 978 non
920 951 992 978 exsi-

208 1001 298 1024 steute
321 995 423 1023 altari?
447 995 497 1023 Ubi
525 995 577 1023 erit
603 997 749 1028 sacerdos,
774 996 826 1024 nisi
849 997 991 1031 episcopus

207 1043 295 1076 ipsum
313 1041 503 1070 ordinaverit?
525 1041 610 1068 Recte
625 1041 715 1075 itaque
729 1041 856 1073 diximus,
874 1041 923 1068 tria
936 1042 993 1069 hzec

207 1087 337 1122 mysteria
358 1086 475 1114 virtutes
498 1093 559 1113 esse
575 1085 751 1121 perfectivas,
771 1091 800 1114 et
822 1086 993 1122 singulariter

212 1133 342 1168 episcopo
365 1131 487 1164 attribui,
505 1132 530 1159 id
554 1137 598 1160 est
621 1132 833 1166 particulariter,
860 1137 887 1160 et
910 1132 994 1160 semel

209 1179 381 1214 simpliciter,
404 1185 457 1206 non
484 1182 574 1205 autem
595 1179 744 1206 secundum
759 1179 823 1214 quid
837 1185 869 1207 ac
892 1179 994 1214 partia-

208 1226 281 1254 titer.
572 1218 575 1221 ί

245 1272 260 1308 §
273 1271 318 1299 Vl.
340 1271 472 1305 Quoniam
487 1270 581 1299 divisit
594 1271 810 1300 ecclesiasticum
826 1271 948 1300 ordinem
963 1273 990 1300 in

209 1317 408 1354 perﬁcieutem,
423 1317 449 1344 in
464 1316 671 1351 illuminantem,
687 1316 714 1343 in
730 1318 897 1352 expiantem,
912 1318 993 1346 modo

214 1363 300 1391 tradit
311 1363 376 1398 quid
389 1363 489 1398 cuique
504 1362 593 1390 ordini
611 1363 802 1397 sitproprium.
816 1362 888 1391 Ordo
903 1364 994 1400 itaque

213 1409 379 1444 episcopalis
401 1408 558 1443 perﬁciendi
585 1409 610 1436 vi
634 1408 725 1443 pollet,
748 1413 777 1436 et
799 1409 944 1445 perﬁciens
966 1415 994 1438 et

211 1455 359 1492 perfectus,
377 1462 411 1482 ac
433 1454 600 1490 disciplinas,
624 1454 799 1490 habitusque,
823 1463 856 1483 ac
879 1456 993 1484 virtutes

211 1508 352 1529 sacrorum
374 1499 528 1528 conferens.
545 1499 618 1528 Ordo
639 1507 704 1528 vero
727 1501 916 1535 sacerdotum,
936 1502 993 1529 sive

210 1546 440 1583 presbyterorum,
461 1546 631 1574 illuminandi
653 1554 750 1574 munus
766 1547 879 1579 obtinet,
895 1547 928 1575 ad
950 1555 994 1574 sa-

211 1600 320 1620 crorum
333 1596 510 1627 conspectum
522 1591 707 1620 manuducens
719 1599 765 1620 eos
779 1593 824 1627 qui
839 1593 991 1626 initiantur,

211 1638 274 1665 dum
298 1638 385 1665 sacris
408 1637 517 1672 quidem
533 1638 591 1672 ipse
605 1641 745 1672 operatur,
770 1643 798 1666 et
825 1646 874 1673 per
897 1646 993 1666 manus

211 1683 384 1710 sacerdotum
397 1683 506 1719 propria
522 1683 672 1711 divinitatis
693 1691 777 1718 opera
799 1685 909 1712 exhibet
924 1693 931 1711 :
945 1692 993 1711 ve-

211 1737 270 1756 rum
281 1737 328 1757 eos
338 1729 384 1764 qui
393 1729 546 1757 divinarum
560 1737 650 1757 rerum
663 1730 806 1757 scientiam
827 1730 992 1765 adipiscendi

210 1775 346 1802 desiderio
358 1779 495 1808 tenentur,
507 1775 540 1802 ad
555 1776 710 1810 episcopum
727 1776 899 1804 transmittit.
915 1776 993 1804 Mini-

211 1825 330 1847 strurum
350 1826 425 1851 vero,
445 1819 472 1847 id
488 1824 529 1847 est
551 1820 737 1854 diacouorum,
752 1821 818 1848 ordo
836 1827 878 1848 est
900 1821 994 1855 expia—

212 1866 309 1897 torius,
323 1870 351 1892 et
363 1865 498 1894 discretor
510 1866 642 1894 bonarutn
653 1871 681 1894 et
696 1867 840 1899 malarum,
854 1867 910 1894 sive
931 1874 994 1902 per-

211 1917 340 1937 sonarum
365 1910 426 1938 sive
450 1917 556 1944 rerum;
574 1911 731 1939 discernunt
753 1912 825 1939 enim
842 1912 922 1939 etiam
937 1917 993 1939 tam

211 1961 345 1988 personas
368 1955 566 1988 accedentium,
585 1964 665 1991 quam
696 1957 811 1985 virtutes
835 1964 939 1990 rerum,
966 1962 995 1984 et

212 2000 300 2035 qualia
313 2000 384 2028 bona
398 2001 454 2029 sint
468 2006 496 2028 et
513 2002 603 2036 qualia
616 2009 710 2037 prava.
728 2002 805 2031 Unde
821 2007 847 2030 et
865 2003 914 2037 ipsi
926 2010 994 2037 quo-

211 2051 265 2077 que
287 2048 365 2072 vetus
388 2046 580 2073 vestimentum
612 2046 767 2081 deponunt,
792 2048 864 2081 quod
893 2048 994 2076 veteris

212 2088 322 2116 malitiae
341 2089 493 2125 symbolum
516 2090 611 2123 refert,
639 2091 807 2126 abluuntque
831 2096 859 2119 et
882 2092 993 2125 sistunt,

211 2140 239 2161 et
251 2135 388 2162 adducunt
402 2143 463 2163 eum
479 2137 526 2171 qui
544 2137 578 2164 ad
596 2137 758 2172 baptismum
771 2138 895 2171 accedit;
910 2139 994 2173 siqui-

211 2181 273 2207 dem
292 2181 350 2208 haec
371 2182 463 2209 omnia
481 2183 590 2211 virtutis
602 2187 630 2210 et
645 2183 748 2211 ordinis
763 2188 828 2211 sunt
847 2184 993 2219 expiantis.

213 2227 315 2255 Doceat
328 2228 399 2255 enim
417 2228 489 2260 illos,
506 2233 536 2256 ut
549 2229 630 2257 rebus
649 2229 773 2257 obscuris
797 2231 993 2264 renuntiantes,
1010 2245 1032 2273 ι)

211 2273 245 2299 ad
266 2280 298 2300 ea
323 2280 384 2308 qua:
397 2274 552 2302 illuminant
578 2274 758 2303 adducantur.
774 2276 891 2303 Adducit
905 2277 995 2311 itaque

212 2319 349 2353 expiatos,
361 2321 452 2354 expiat
468 2321 654 2355 imperfectos,
672 2321 745 2349 favet
765 2322 994 2354 institutionibus,

212 2365 331 2392 secernit
352 2373 445 2393 sacros
467 2373 483 2393 a
496 2367 628 2402 profanis.
644 2367 718 2395 fores
739 2369 866 2395 custodit.
884 2367 995 2395 Diaconi

213 2411 286 2438 enim
312 2415 377 2439 tunc
391 2411 463 2439 fores
486 2412 633 2446 habebant,
649 2420 721 2440 nunc
744 2419 809 2440 vero
833 2420 880 2440 eas
906 2416 997 2441 tenent

213 2457 383 2485 subdiaconi.
396 2457 453 2486 Lex
472 2458 566 2493 itaque
586 2459 771 2487 ecclesiastica
784 2459 914 2487 diaconos
931 2459 998 2486 fori-

213 2503 265 2531 bus
290 2504 412 2538 praeﬁcit,
431 2505 573 2532 insinuans
593 2505 683 2539 qualis
697 2509 724 2532 et
743 2506 815 2540 quali
838 2505 946 2532 futurus
960 2506 996 2533 sit

214 2551 249 2576 ad
261 2557 337 2576 sacra
354 2550 493 2584 introitus,
509 2555 538 2578 et
553 2550 699 2579 virtutibus
715 2551 773 2579 istis
790 2551 994 2585 expiatricibus,

215 2595 291 2629 ipsis,
308 2596 429 2631 inquam,
450 2596 572 2625 diaconis
588 2597 622 2624 ad
633 2605 774 2625 sacrorum
798 2603 935 2632 aspectum
952 2599 995 2625 iu-

216 2641 372 2668 troducendi
388 2649 486 2669 munus
502 2642 685 2676 committens,
707 2647 735 2670 et
750 2651 798 2678 per
813 2643 921 2670 eosdem
946 2644 996 2670 ad-

215 2687 325 2714 mittens
350 2686 409 2714 illos
427 2695 496 2723 quos
520 2688 571 2723 ipsi
594 2696 734 2717 sacrorum
765 2694 877 2725 aspectu
899 2690 996 2725 dignos

213 2731 406 2766 iudicaverint.

252 2821 333 2858 246
347 2822 510 2851 Summatim
524 2831 588 2852 vero
602 2825 692 2853 omnia
710 2827 854 2861 repetendo
867 2827 916 2858 ait,
930 2834 997 2862 pon-

218 2868 316 2896 ιίίιεειιι
329 2870 438 2905 quidem
453 2871 596 2906 perlicere,
608 2873 773 2901 sacerdotem
787 2879 876 2903 autem
898 2874 997 2903 illumi-

1042 951 1097 979 Ποῦ
1110 953 1138 980 δὲ
1158 953 1233 980 ἔσται
1245 953 1259 980 6
1272 954 1370 990 ἱερεὺς,
1383 956 1407 982 εί
1428 955 1465 992 μὴ
1484 957 1627 992 ἀρχιερεὺς
1639 957 1718 983 αὐτὸν
1737 966 1828 993 χειρο-

1041 999 1148 1034 τονήσει
1161 1007 1167 1031 ;
1181 999 1278 1032 Καλῶς
1290 1000 1343 1036 ἄρα
1355 1000 1495 1036 ἐλέγομεν,
1508 1002 1548 1029 ὅτι
1561 1002 1648 1029 ταῦτα
1658 1002 1693 1028 τὰ
1703 1003 1765 1038 τρία
1781 1012 1829 1039 μυ-

1044 1045 1142 1080 στήρια
1154 1045 1369 1081 τελεσιουργικαὶ
1381 1046 1507 1082 δυνάμεις
1519 1048 1581 1079 εἰσὶ,
1594 1048 1640 1074 καὶ
1662 1047 1771 1078 ὲνιαίως
1788 1047 1828 1082 τῷ

1043 1091 1165 1127 ἀρχιερεῖ
1184 1091 1427 1128 ἀπεκληρώθησαν,
1441 1092 1512 1119 τοῦτ’
1525 1093 1582 1119 ἔστι
1605 1093 1761 1130 μονομερῶς
1781 1095 1828 1121 καὶ

1043 1137 1220 1172 ἁπαξαπλῶς,
1233 1139 1280 1165 καὶ
1291 1139 1321 1165 οὗ
1336 1139 1407 1166 κατά
1416 1148 1443 1166 τι
1455 1140 1501 1166 καὶ
1518 1140 1647 1176 μερικῶς.

1079 1267 1147 1304 ξνι.
1166 1269 1242 1296 Ἐπεὶ
1261 1268 1341 1296 διεῖλε
1360 1268 1409 1305 τὴν
1430 1269 1568 1306 ίερατικὴν
1589 1270 1769 1307 διακόσμησιν
1788 1273 1830 1304 είς

1043 1315 1226 1351 τελειωτικὴν,
1250 1317 1290 1347 είς
1312 1316 1486 1352 φωτιστικὴν,
1512 1318 1551 1349 εἰς
1576 1318 1753 1353 καθαρτικὴν,
1777 1318 1827 1354 ἤδη

1043 1360 1134 1386 δίδωσι
1145 1359 1177 1386 τὺ
1187 1362 1284 1388 οἰκεῖον
1299 1362 1401 1398 ἑκάστῃ
1413 1362 1498 1394 τάξει.
1519 1362 1550 1388 Ἦ
1569 1362 1634 1397 γοῦν
1647 1363 1828 1399 ἁρχιερατικὴ

1043 1406 1092 1442 τὴν
1101 1406 1274 1443 τελειωτικὴν
1287 1407 1343 1443 ἔχει
1360 1407 1482 1444 δύναμιν,
1494 1409 1716 1445 τελεσιουργοῦσα
1727 1409 1761 1436 τὰ
1782 1418 1827 1436 τε-

1044 1452 1198 1489 λεσιουργὰ,
1211 1454 1258 1480 καὶ
1269 1454 1429 1480 διδάσκουσα
1441 1454 1490 1486 τὰς
1502 1454 1656 1490 ἐπιστήμας
1668 1455 1721 1482 τῶν
1735 1455 1826 1490 ἰερῶν,

1045 1498 1156 1530 καὶτὰς
1174 1499 1253 1532 ἕξεις,
1274 1498 1381 1530 καὶτὰς
1400 1499 1542 1535 δυνάμεις·
1563 1501 1579 1536 ή
1597 1500 1626 1527 δὲ
1649 1501 1703 1526 τῶν
1722 1501 1828 1535 ἱερέων,

1045 1544 1127 1579 ἤγουν
1145 1544 1199 1571 τῶν
1212 1545 1413 1581 πρεσϐυτέρων,
1426 1545 1501 1577 τάξιν
1512 1545 1561 1581 τὴν
1582 1547 1747 1581 φωτιστικὴν
1760 1546 1827 1581 ἔχει,

1045 1589 1251 1625 χειραγωγοῦσα
1276 1592 1316 1622 εἰς
1339 1590 1388 1623 τὰς
1409 1591 1523 1625 ὲποψίας
1547 1591 1610 1623 τοὺς
1633 1590 1828 1626 τελουμένους,

1043 1635 1134 1672 δρῶσα
1147 1637 1195 1671 μὲν
1208 1637 1254 1662 καὶ
1265 1636 1344 1671 αὑτὴ,
1358 1637 1404 1663 καὶ
1416 1636 1465 1668 τὰς
1487 1636 1627 1672 θεουργίας
1648 1637 1829 1664 ὑπώεικνῦσα

1043 1681 1086 1708 διὰ
1106 1681 1155 1717 τῆς
1176 1682 1242 1713 ιδίας
1261 1682 1314 1709 τῶν
1327 1682 1406 1718 ἱερῶν
1427 1683 1646 1718 μεταχειρίσεως,
1658 1684 1720 1715 τοὺς
1739 1683 1767 1709 δὲ
1779 1683 1829 1718 τῆς

1044 1728 1198 1763 ἐπιστήμης
1216 1727 1270 1755 τῶν
1293 1728 1452 1763 ἱερουργιῶν
1473 1729 1632 1763 ἐφιεμένους
1652 1728 1691 1763 τῷ
1714 1729 1829 1764 ιεράρχῃ

1044 1773 1274 1809 παραπέμπουσα.
1303 1774 1334 1800 Ἡ
1354 1773 1382 1800 δὲ
1402 1774 1455 1800 τῶν
1467 1773 1639 1809 λειτουργῶν,
1654 1774 1753 1810 δηλαδὴ
1775 1774 1829 1800 τῶν

1043 1818 1173 1845 διακόνων
1190 1818 1276 1851 τάξις,
1293 1818 1444 1854 καθαρτικὴ
1469 1818 1526 1844 ἐστι
1545 1819 1591 1845 καὶ
1603 1819 1755 1855 διακριτικὴ
1775 1819 1829 1845 τῶν

1044 1865 1134 1891 καλῶν
1153 1865 1200 1891 καὶ
1220 1865 1273 1891 τῶν
1294 1864 1432 1900 χειρόνων,
1446 1864 1500 1890 εἴτε
1523 1863 1686 1899 προσώπων,
1702 1865 1756 1891 εἴτε
1776 1865 1830 1900 μὴν

1044 1911 1091 1937 καὶ
1106 1910 1274 1946 πραγμάτων
1284 1918 1290 1924 ·
1303 1909 1467 1945 διακρίνουσι
1480 1909 1535 1945 γὰρ
1546 1910 1591 1936 καὶ
1599 1908 1693 1936 τὰτῶν
1706 1910 1831 1945 προσιόν-

1044 1965 1097 1982 των
1123 1956 1265 1991 πρὸσωπα,
1288 1955 1335 1981 καὶ
1359 1954 1409 1986 τὰς
1429 1954 1483 1981 τῶν
1497 1955 1666 1990 πραγμάτων
1687 1955 1829 1991 δυνάμεις,

1045 2002 1107 2028 ποῖα
1126 2001 1196 2028 καλὰ
1213 2001 1260 2027 καὶ
1279 2002 1341 2027 ποῖα
1360 2001 1478 2036 χείρονα.
1493 2001 1572 2027 Ὅθεν
1593 2001 1668 2027 αὐτοί
1680 2002 1732 2027 εἱσι
1745 2002 1793 2028 καὶ
1805 2002 1830 2028 oi

1045 2045 1262 2080 ἀπογυμνοῦντες
1287 2045 1338 2079 τῆς
1362 2045 1480 2077 παλαιᾶς
1502 2045 1623 2081 ἐσθῆτος,
1646 2045 1696 2081 τῆς
1714 2046 1831 2082 ἐχούσης

1046 2091 1177 2126 σύμϐολον
1188 2091 1236 2127 τῆς
1248 2091 1365 2122 παλαιᾶς
1378 2091 1476 2123 κακίας
1486 2100 1492 2106 ·
1507 2092 1552 2118 καὶ
1564 2092 1587 2118 οἱ
1600 2091 1770 2124 ὑπολύοντες,
1785 2093 1831 2118 καὶ

1045 2138 1182 2169 ἱστῶντος,
1197 2137 1244 2163 καὶ
1256 2138 1418 2172 μετάγοντες
1430 2137 1475 2163 τὸν
1487 2137 1525 2172 τῷ
1537 2137 1702 2172 βαπτίσματι
1714 2146 1832 2173 προσερ-

1045 2183 1175 2219 χόμενον·
1189 2182 1274 2209 ταῦτα
1299 2183 1352 2217 γὰρ
1375 2183 1473 2215 πάντα,
1497 2183 1547 2217 τῆς
1569 2182 1737 2218 καθαρτικῆς
1762 2185 1831 2210 εἰσιν

1046 2228 1184 2265 ἐνεργείας
1195 2229 1241 2255 καὶ
1252 2227 1362 2260 τάξεως.
1382 2227 1580 2255 Ἐκδιδάσκουσι
1592 2228 1645 2263 γὰρ
1657 2229 1764 2261 αὐτοὺς,
1776 2229 1832 2261 ἵνα,

1047 2275 1245 2309 ἀποταξάμενοι
1258 2274 1292 2300 τὰ
1303 2274 1426 2309 ἀλαμπῆ,
1440 2273 1612 2309 καταχοῶσιν
1627 2275 1673 2300 ἐπὶ
1691 2274 1725 2300 τὰ
1746 2283 1833 2309 φωτι-

1048 2322 1136 2349 crusta.
1157 2321 1263 2355 Ἀνάγει
1273 2319 1338 2355 γοῦν
1349 2321 1412 2351 τοὺς
1434 2320 1665 2355 κεκαθαρμένους,
1679 2321 1833 2348 ἀποκαθαί‹

1048 2376 1089 2403 ρει
1106 2367 1170 2398 τοὺς
1190 2365 1361 2397 ἀτελέστους,
1384 2364 1522 2400 μαιεύεται
1545 2366 1606 2396 ταῖς
1627 2365 1811 2397 διδασκαλίαις
1823 2385 1831 2397 ,

1047 2412 1249 2440 ἀποδιαστέλλει
1266 2411 1320 2438 τῶν
1340 2412 1454 2446 ἀνιέρων
1471 2411 1534 2442 τοὺς
1556 2411 1654 2446 ἱεροὺς,
1675 2410 1724 2442 τὰς
1745 2411 1834 2443 πύλας

1047 2460 1180 2495 ἐπιτηρεῖ.
1197 2459 1229 2485 Oi
1248 2458 1364 2485 διάκονοι
1385 2457 1439 2493 γὰρ
1452 2457 1511 2484 τότε
1529 2456 1578 2488 τὰς
1590 2456 1676 2488 πύλας
1689 2455 1771 2492 εἶχον,
1784 2457 1834 2483 νῦν

1046 2507 1074 2533 δὲ
1095 2508 1118 2533 οἱ
1139 2505 1317 2532 ὑποδιάκονοι.
1340 2505 1478 2540 Ἐφίστησι
1499 2503 1588 2531 τοίνυν
1609 2503 1673 2535 τοὺς
1693 2504 1834 2535 διακόνους

1046 2553 1106 2584 ταῖς
1125 2550 1221 2582 πύλαις
1240 2550 1257 2585 ἡ
1277 2549 1455 2585 ἀρχιερατικὴ
1477 2548 1637 2583 νομοθεσία,
1657 2547 1833 2582 αἰνισσομένη

1047 2598 1127 2625 ὁποία
1144 2598 1191 2623 καὶ
1212 2596 1297 2630 ὁποίῳ
1319 2595 1395 2621 ἔσται
1412 2595 1429 2630 ἡ
1452 2594 1520 2630 πρὸς
1541 2593 1576 2620 τὰ
1590 2593 1650 2629 ιερὰ
1661 2593 1773 2624 εἴσοδος,
1786 2592 1834 2618 καῖ¹

1047 2643 1235 2679 ὲγχειρίζουσα
1254 2642 1314 2673 ταῖς
1332 2641 1509 2677 καθαρτικαῖς
1527 2639 1672 2674 δυνάμεσιν
1691 2639 1781 2670 αὐτοῖς
1800 2638 1833 2674 δὴ

1047 2692 1103 2721 τοῖς
1121 2688 1253 2720 διακόνοις
1270 2688 1320 2722 τὴν
1337 2687 1383 2713 ἐπὶ
1395 2686 1443 2718 τὰς
1458 2686 1532 2722 ἱερὰς
1554 2686 1668 2720 ὲποψίας
1686 2693 1832 2720 προσαγω-

1047 2737 1108 2772 γὴν,
1121 2736 1167 2762 καὶ
1178 2735 1221 2761 διὰ
1232 2734 1333 2760 τούτων
1344 2732 1433 2759 αὐτῶν
1445 2732 1629 2767 είσδεχομένη,
1638 2731 1716 2767 εἴπερ
1730 2740 1834 2767 μαρτυ-

1049 2782 1166 2819 ρηθεῖεν,
1180 2781 1243 2816 παρ’
1257 2781 1345 2807 αὐτῶν
1357 2779 1456 2816 δηλαδὴ
1467 2779 1517 2813 τῆς
1528 2777 1642 2812 ὲποψίας
1663 2777 1742 2810 ἄξιοι.

1092 2826 1310 2861 Ἀνακεφαλαιού
1315 2834 1395 2861 μενος
1407 2825 1435 2851 δὲ
1447 2824 1481 2851 τὰ
1495 2824 1585 2851 πάντα
1597 2823 1688 2858 φησὶν,
1702 2824 1743 2850 ὄτι
1756 2825 1771 2850 6
1784 2824 1834 2859 μὲν

1049 2874 1192 2910 ἀρχιερεὺς
1209 2872 1316 2906 τελειοῑ,
1331 2873 1345 2899 6
1357 2872 1385 2899 δὲ
1405 2870 1494 2906 ίερεὺς
1507 2869 1630 2905 φωτίζει,
1641 2871 1656 2897 ὁ
1668 2869 1695 2896 δὲ
1710 2869 1835 2902 διάκονος
