1929 3068
87 147 144 175 525

369 147 413 175 DE
433 147 573 176 ECCLES.
595 146 796 181 HIERARCH.,
812 147 890 175 CAP.
908 147 942 176 V.
959 162 992 167 —
1009 147 1185 175 PARAPHR.
1197 146 1433 176 PACHYMERE.

1666 147 1720 176 ἥξει

87 203 217 240 καθαίρει
239 205 287 232 καὶ
307 205 440 241 διακρίνει
459 206 506 232 τὸν
519 207 614 233 πιστὸν
634 207 680 233 καὶ
691 206 737 232 τὸν
757 206 881 238 ἄπιστον,

940 212 1011 236 itare,
1026 204 1173 230 diaconum
1190 211 1255 231 vero
1266 203 1386 238 expiare,
1402 211 1434 230 ac
1450 209 1595 238 segregare
1612 203 1718 230 ﬁdelem

87 249 135 277 τὸν
147 249 222 283 ἄξιον
236 250 284 276 καὶ
294 250 339 277 τὺν
351 250 469 284 ἀνάξιον,
482 253 553 287 ὅπερ
574 252 646 283 ἰδίως
658 251 765 287 ἔχουσιν
778 251 802 277 οἱ
815 251 883 277 ὐπο-

87 294 219 322 διάκονοι.
235 295 309 327 Τέως
320 295 348 322 δὲ
366 297 380 322 ὁ
394 296 443 331 μὲν
460 296 617 328 ἐπίσκοπος,
639 295 730 323 καὶτὰ
740 295 794 322 τῶν
805 296 883 330 ὑφει-

90 339 181 374 μένων
195 342 277 372 ποιεῖ,
292 341 321 367 οὺ
335 341 387 376 μὴν
400 341 424 367 οἱ
438 341 521 376 ἱερεῖς
535 341 568 367 τὰ
578 341 633 368 τῶν
645 341 802 368 ἐπισκόπων
812 350 819 356 ’
835 341 883 367 καὶ

89 386 122 412 ὲκ
134 387 228 414 τούτου
242 387 417 423 σημειωθείη,
429 387 467 419 ὡς
479 387 593 415 ἕκαστον
604 388 633 415 οὐ
645 388 697 424 χρὴ
710 387 883 423 κατατολμᾷν

89 432 148 459 τῶν
168 433 308 469 μειζόνων.
323 435 354 460 Αἰ
367 435 395 461 δὲ
417 434 550 471 θειότεραι
564 435 693 471 δυνάμεις
711 435 757 462 καὶ
776 435 811 462 τὰ
830 435 884 462 τῶν

94 479 212 515 ἡττόνων
232 479 332 515 ἔχουσι,
353 481 400 507 καὶ
417 480 531 515 ἠδύνατο
544 481 632 508 πάντα
647 483 733 508 ποιεῖν
745 483 758 508 ὁ
772 482 883 508 ἐπίσκο-

91 534 159 557 πος·
184 526 242 552 ἀλλ’
263 526 358 562 ἐπειδὴ
379 527 458 554 θείων
480 527 548 553 εἰσὶν
568 527 670 559 εἰκόνες
690 528 834 564 ἐνεργειῶν
857 529 884 554 αἱ

93 573 231 607 ἱερατικαὶ
242 573 447 609 διακοσμήσεις,
461 574 613 601 δεικνὺεται
626 575 672 601 καὶ
686 575 714 601 ὲν
731 574 843 607 ταὺταις
854 575 885 602 τὸ

93 619 228 654 εὔκοσμον
247 620 293 646 καὶ
305 619 466 655 ἀσύγχυτον.
482 620 545 652 Πῶς
556 620 584 647 δὲ
596 620 665 647 κατὰ
682 621 732 657 τὴν
744 621 820 654 τάξιν
831 621 885 648 τῶν

92 664 174 691 θείων
186 664 221 691 τὰ
233 665 354 701 ἡμέτερα
370 666 499 700 γίνονται,
514 666 597 701 λέγει.
616 667 659 698 Ὠς
671 667 764 702 ἐπειδὴ
777 668 793 702 ὴ
806 667 886 703 θεαρ-

91 711 140 746 χία
151 712 216 743 τοὺς
231 712 260 738 ἐν
272 709 312 744 οἷς
325 712 357 738 ἂν
379 712 524 748 ἐγγένηται
542 713 615 745 νόας,
638 713 693 740 εἶτε
712 713 884 748 ἀγγελικοὺς,

91 757 149 783 εἴτε
164 758 211 784 καὶ
221 758 417 794 ἀνθρωπίνους,
427 759 535 795 πρῶτον
546 759 681 795 καθαίρει,
692 757 751 786 εἶτα
763 760 884 795 φωτίζει,

91 803 141 829 καὶ
160 803 252 830 ἔκτοτε
273 803 379 837 τελειοῖ,
396 804 442 830 καὶ
462 804 535 831 ἔστιν
557 805 600 832 ἀεὶ
620 805 828 841 ἀπαράλλακτος
839 805 887 832 καὶ

91 850 140 876 ἐπὶ
155 851 238 876 πᾶσιν
251 850 268 885 ἡ
290 850 400 886 τοιαύτη
420 850 506 883 τάξις,
519 851 566 878 καὶ
584 852 613 877 οὐ
638 852 800 887 μεταπίπτει
819 852 885 879 ποτὲ

91 895 161 931 πρὸς
175 895 284 922 ἀλλοίαν
305 896 480 922 κατάστασιν.
505 896 567 928 Πῶς
586 885 644 933 γὰρ.
660 897 860 933 φωτισθήσεται
871 898 885 924 ὁ
900 885 921 912 Β

94 942 133 978 μὴ
155 941 319 978 καθαρθείς;
339 943 386 969 καὶ
405 942 464 974 πῶς
484 942 691 978 τελειωθήσεται
709 944 723 970 ὁ
743 943 779 979 μὴ
800 952 884 978 φωτι-

93 987 169 1019 σθείς
182 995 188 1020 ;
202 987 251 1014 Διὰ
270 987 350 1014 τοῦτο
368 988 417 1024 τὴν
436 988 562 1023 τοιαύτην
581 988 656 1020 τάξιν
677 988 884 1025 ἀπαράλλακτον

94 1032 219 1068 μαθοῦσα
237 1035 253 1069 ἡ
271 1034 332 1060 καθ’
352 1035 426 1069 ἡμᾶς
450 1034 588 1070 ἱεραρχία,
609 1034 707 1070 διαιρεῖ
728 1035 825 1071 ἑαυτὴν
845 1037 885 1068 εἰς

91 1079 305 1115 διακεκριμένας
315 1079 407 1113 τάξεις
419 1089 448 1107 τε
461 1081 507 1107 καὶ
524 1080 653 1116 δυνάμεις
662 1089 669 1096 ·
683 1082 729 1108 καὶ
747 1081 777 1108 τὸ
796 1083 885 1118 κρεῖτ-

92 1134 140 1153 τον
158 1127 227 1163 αὐτὴ
247 1129 313 1164 παρ’
329 1128 411 1163 ὲαυτῇ
433 1128 692 1163 παρακατασχοῦσα,
705 1129 735 1156 τὸ
748 1130 889 1166 καθαίρειν

92 1173 143 1199 καὶ
163 1173 194 1199 τδ
213 1173 342 1208 φωτίζειν
359 1175 414 1206 τοῖς
434 1175 537 1211 ἑτέροις
557 1175 627 1201 κατὰ
639 1173 715 1207 τάξιν
736 1175 886 1202 ἀπέδωκεν.

99 1218 171 1244 Ἀλλ’
192 1219 284 1255 ἐπειδὴ
307 1220 371 1255 περὶ
390 1220 491 1248 τούτων
515 1220 615 1253 ἱκανῶς
626 1222 737 1258 ἐρρέθη,
759 1221 826 1258 φέρε
838 1220 888 1254 τὰς

94 1267 247 1304 ἱερωτάτας
261 1267 351 1295 αὐτῶν
362 1268 505 1302 τελεώσεις
517 1268 740 1304 ἐποπτεύσωμεν.

935 250 969 278 ab
985 249 1096 283 inﬁdeli,
1110 254 1138 276 et
1156 249 1266 285 dignum
1292 249 1326 277 ab
1340 249 1462 285 indigno,
1485 250 1558 284 quod
1579 251 1719 285 proprium

933 301 975 324 est
990 296 1230 323 subdiaconorum.
1246 295 1357 322 Interim
1372 295 1518 330 episcopus
1531 296 1614 322 etiam
1632 299 1721 331 potest

934 341 1010 369 obire
1036 347 1147 368 munera
1163 340 1332 373 inferiorum,
1348 348 1399 367 non
1424 345 1514 368 tamen
1539 341 1668 369 sacerdos
1688 349 1720 369 ea

934 395 994 422 qua:
1018 391 1083 414 sunt
1098 387 1306 421 episcoporum;
1324 393 1358 413 ex
1380 393 1434 421 quo
1455 386 1636 421 signiﬁcatur,
1650 394 1721 422 quo-

934 433 1015 461 modo
1029 440 1108 460 nemo
1123 433 1219 459 debeat
1235 431 1337 466 majora
1353 439 1382 459 se
1392 439 1558 466 praesumere
1570 439 1617 459 seu
1631 437 1719 460 atten-

936 483 1005 507 tare.
1025 478 1160 505 Caeterum
1182 481 1298 505 virtutes
1314 477 1422 512 quidem
1445 477 1496 505 illa:
1519 478 1674 512 superiores
1688 486 1719 505 ea

935 533 996 561 qua:
1019 524 1177 552 inferiorum
1196 528 1269 555 sunt,
1290 524 1400 556 habent,
1417 529 1445 551 et
1466 523 1607 559 episcopus
1631 529 1721 559 potest

935 571 1037 598 omnia.
1060 569 1196 604 Quoniam
1210 574 1299 597 tamen
1316 570 1508 598 ecclesiastica:
1525 571 1722 605 descriptiones

941 617 1094 644 divinarum
1121 617 1252 650 imagines
1275 621 1338 644 sunt
1362 617 1515 650 actionum,
1531 617 1557 644 in
1580 617 1634 645 illis
1658 617 1724 652 ipsis

935 670 1044 698 quoque
1059 667 1151 690 rectus
1163 664 1232 690 ordo
1245 662 1439 698 distinctioque
1454 663 1620 690 ostenditur.
1638 663 1723 691 Deni-

936 726 989 754 que
1005 719 1099 752 refert,
1114 720 1249 754 quomodo
1266 720 1323 747 haec
1347 719 1479 747 nostratia
1501 727 1611 756 quaque
1625 729 1723 749 secun-

936 765 1000 792 dum
1014 766 1137 793 ordinem
1151 765 1271 792 divinum
1286 765 1362 794 ﬁant.
1371 766 1475 801 Quippe
1488 774 1549 794 cum
1562 767 1606 794 illa
1616 775 1723 796 summa

936 812 1028 840 Deitas
1051 815 1155 838 mentes
1176 818 1223 839 eas
1236 811 1337 847 quibus
1354 819 1383 840 se
1395 812 1525 845 insinuat,
1540 813 1599 841 sive
1618 814 1724 850 angeli-

937 864 984 884 cas
1001 856 1059 884 sive
1080 857 1224 889 humanas,
1241 857 1356 892 primum
1379 858 1483 892 expiet,
1500 858 1598 887 deinde
1618 859 1721 888 illumi-

938 909 992 936 net,
1009 909 1092 938 atque
1106 903 1205 930 exinde
1219 903 1351 938 perli'ciat,
1366 905 1434 931 ordo
1453 904 1498 932 hic
1515 905 1598 932 etiam
1614 913 1724 942 semper

937 954 979 977 est
992 950 1147 981 inviolatus,
1162 948 1229 976 etin
1243 948 1371 977 omnibus
1384 955 1521 982 servatur,
1539 958 1589 979 nec
1600 959 1721 988 unquam

937 992 1081 1020 invertitur
1090 998 1136 1020 aut
1147 993 1174 1020 in
1187 993 1269 1020 alium
1282 997 1489 1021 transmutatur.
1499 993 1639 1027 Quomodo
1649 999 1723 1026 enim

938 1039 1137 1067 illuminabitur
1151 1039 1175 1066 is
1192 1039 1239 1074 qui
1261 1047 1314 1067 non
1327 1044 1370 1067 est
1387 1042 1533 1077 expiatus?
1548 1047 1576 1070 et
1587 1045 1724 1078 quomodo

937 1085 1096 1121 perﬁcietur
1118 1085 1164 1119 qui
1191 1092 1247 1113 non
1271 1090 1311 1112 est
1334 1086 1639 1117 illuminatustldcirco
1661 1098 1724 1119 cum

938 1130 1093 1158 bierarchia
1114 1134 1207 1157 nostra
1233 1129 1315 1164 sciat,
1338 1130 1491 1160 istiusmodi
1514 1134 1639 1162 ordinem
1663 1143 1724 1164 esse

939 1176 1114 1209 invariatum,
1134 1176 1308 1211 semetipsam
1331 1177 1474 1212 distinguit
1495 1179 1523 1206 in
1543 1179 1665 1208 diversos
1679 1189 1726 1209 or-

938 1221 1016 1248 dines
1028 1228 1060 1248 ac
1073 1221 1205 1254 virtutes;
1223 1227 1250 1248 et
1263 1221 1335 1256 quod
1355 1223 1527 1257 potissimum
1544 1230 1598 1258 est,
1614 1233 1662 1260 per
1679 1234 1725 1254 se-

939 1268 1082 1303 tnetipsam
1094 1275 1256 1303 exsequens,
1267 1268 1437 1297 illutuinandi
1449 1275 1476 1297 et
1486 1271 1614 1306 expiandi
1627 1280 1726 1301 munus

94 1316 204 1342 ueteris
218 1316 366 1343 secundum
381 1316 514 1352 cujusque
525 1317 651 1346 ordinem
665 1315 814 1345 commisit.
829 1315 885 1345 Sed
904 1315 1034 1351 quoniam
1047 1315 1081 1343 de
1096 1316 1139 1343 bis
1152 1316 1221 1343 satis
1235 1316 1338 1344 dictum
1369 1320 1421 1349 est,
1450 1324 1510 1352 age,
1523 1319 1725 1348 sacratissimas

94 1362 178 1389 etiam
192 1369 289 1390 eorum
300 1364 521 1391 consecrationes
534 1364 749 1392 consideremus.

363 1421 397 1447 ll.
415 1420 600 1455 Μυστνήριογ.

138 1475 168 1503 '0
180 1476 230 1511 μὲν
250 1477 390 1513 ίεράρχης,
412 1478 616 1514 προσαγόμενος
637 1479 677 1510 εἰς
689 1477 720 1504 τδ
732 1486 886 1515 χειροτονη-

1215 1418 1248 1446 ll.
1264 1419 1432 1455 Myaterium.

973 1480 1120 1509 ﬂlerarcha
1135 1478 1244 1515 quidem
1258 1487 1308 1507 seu
1323 1481 1470 1515 episcopus
1485 1487 1547 1508 cum
1563 1480 1598 1508 ad
1614 1481 1726 1510 ordines

95 1521 188 1558 θῆναι,
198 1523 282 1559 ἄμφω
292 1523 331 1550 τὼ
341 1524 405 1550 πόδε
417 1524 519 1557 κλίνας,
531 1525 577 1551 ἐπὶ
589 1525 708 1561 κεφαλῆς
719 1525 774 1560 ἔχει
785 1525 819 1552 τὰ
829 1525 886 1553 θεῖα

940 1527 1127 1561 suscipiendos
1155 1526 1308 1559 adducitur,
1336 1531 1482 1561 utrumque
1506 1535 1576 1562 genu
1602 1527 1725 1561 ﬂectens,

96 1569 145 1595 καὶ
170 1568 231 1605 ίερὰ
255 1569 428 1604 Εὐαγγέλια,
454 1571 501 1597 καὶ
523 1571 573 1607 τὴν
598 1571 645 1597 τοῦ
674 1571 888 1607 χειροτονοῦντος

96 1616 186 1650 χεῖρα,
204 1616 252 1642 καὶ
262 1615 305 1642 διὰ
317 1616 371 1643 τῶν
389 1617 602 1651 παναγεστάτων
616 1617 703 1653 εὐχῶν
716 1617 888 1644 ἀποτελειοῦ-

94 1670 152 1688 ται.
170 1662 199 1688 '0
209 1662 237 1688 δὲ
250 1662 340 1698 ἱερεὺς
353 1663 401 1690 καὶ
418 1663 497 1695 αὐτὸς
509 1664 593 1699 ἄμφω
605 1662 690 1690 κλίνει
702 1663 741 1690 τὼ
755 1664 828 1696 τώδε,
839 1662 889 1691 καὶ

95 1705 149 1744 τὴν
157 1708 204 1734 τοῦ
223 1709 435 1744 χειροτονοῦντος
456 1709 545 1742 δεξιὰν
557 1710 603 1736 ὲπὶ
623 1710 742 1746 κεφαλῆς
762 1710 827 1745 ἔχει,
841 1710 888 1736 καὶ

96 1754 169 1781 οὕτω
182 1755 228 1781 καὶ
240 1755 320 1787 αὐτὸς
336 1757 396 1787 ταῖς
412 1756 557 1791 ίεροποιοῖς
576 1757 669 1792 εὐχαῖς
683 1755 835 1791 ἁγιάζεται.
856 1756 885 1783 '0

95 1799 125 1825 δὲ
137 1799 260 1831 διάκονος
272 1800 320 1826 ἕνα
333 1801 390 1826 τοῖν
402 1801 493 1827 ποδοῖν
505 1800 607 1833 κλίνας,
628 1801 675 1828 ἐπὶ
694 1801 814 1837 κεφαλῆς
831 1800 888 1836 ἔχει

97 1845 146 1871 καὶ
159 1845 241 1877 αὐτὸς
253 1845 302 1882 τὴν
313 1845 361 1873 τοῦ
373 1846 588 1882 χειροτονοῦντος
600 1847 700 1880 δεξιὰν,
713 1848 759 1874 καὶ
770 1846 889 1874 τελειοῦ-

97 1899 143 1917 ται
162 1892 222 1923 ταῖς
242 1891 295 1918 τῶν
316 1891 479 1928 λειτουργῶν
500 1892 670 1928 ἐπικλήσεσι,
689 1892 810 1928 δηλονότι
828 1895 888 1925 ταῖς

101 1936 258 1972 λεγομέναις
266 1938 400 1973 αίτήσεσι,
410 1939 605 1974 συννοουμένου
614 1938 712 1972 ἔξωθεν
720 1939 766 1965 καὶ
773 1940 834 1970 ταῖς
841 1938 887 1965 τοῦ

99 1983 226 2019 ίεράρχου
245 1984 347 2019 εὐχαῖς.
368 1985 465 2012 Κοινὺν
487 1984 514 2011 δὲ
527 1986 583 2016 τοῖς
595 1984 683 2020 τρισίν
702 1986 760 2011 ἐστι
781 1985 812 2011 τὸ
830 1984 890 2012 ὲπί-

98 2029 216 2064 προσ-θεν
227 2029 274 2056 τοῦ
289 2030 362 2065 ἰεροῠ
376 2030 569 2066 θυσιαστηρίου
583 2030 791 2066 χειροτονεῖσθαι
813 2030 859 2057 καὶ
871 2031 888 2066 ἡ

99 2075 274 2110 σταυροειδὴς
289 2076 418 2110 σφραγὶς,
431 2076 478 2102 καὶ
491 2077 508 2112 ὴ
520 2075 566 2102 τοῦ
580 2076 709 2112 ὀνόματος
727 2076 887 2112 ἀνάῤῥησις,

99 2120 146 2146 καὶ
157 2120 172 2146 ὁ
183 2120 354 2153 τελειωτικὸς
366 2121 520 2157 ἀσπασμός.
531 2122 600 2158 Ὀρα
612 2122 639 2148 δὲ
652 2122 691 2148 em
703 2123 805 2154 πάντας
815 2123 888 2157 λέγει

100 2168 162 2200 τοὺς
174 2168 203 2195 ὲν
214 2167 253 2203 τῷ
265 2169 391 2204 ἱερατείῳ
403 2168 448 2195 τὸν
461 2168 611 2205 χειροτονού
616 2177 695 2204 μενον
708 2169 887 2201 ἀσπάζεσθαι.

400 2269 446 2295 ΙΙΙ.
468 2269 587 2303 Θεωρία.

135 2324 150 2359 §
177 2325 198 2351 ι.
225 2325 272 2357 Εἰς
296 2325 412 2362 θεωρίαν
438 2326 586 2354 εἰσϐάλλων
614 2327 669 2354 τῶν
698 2326 887 2362 τελουμένων,

97 2371 207 2407 πρῶτον
218 2373 251 2400 τὰ
265 2373 342 2400 κοινὰ
358 2376 415 2406 τοῖς
432 2375 505 2410 τρισὶ
522 2375 568 2401 καὶ
580 2375 614 2401 τὰ
627 2374 680 2401 ἴδια
693 2375 801 2409 ἑκάστῳ
814 2374 888 2400 ἀπα-

97 2418 246 2455 ριθμεῖται.
260 2420 346 2447 Κοινὰ
357 2421 422 2455 γοῦν
435 2423 451 2457 ἡ
465 2422 511 2448 ἐπὶ
525 2421 571 2448 τοῦ
591 2421 784 2457 θυσιαστηρίου
797 2429 887 2456 χειρο-

95 2466 184 2497 τονία,
197 2467 214 2502 ὴ
227 2467 401 2503 σταυροειδὴς
415 2469 541 2504 σφραγὶς,
564 2470 580 2504 ἡ
599 2467 646 2494 τοῦ
660 2468 791 2502 ὀνόματος
804 2467 888 2502 ἀνάρ-

97 2513 131 2547 ῥη
137 2520 189 2544 σις,
204 2513 250 2539 καὶ
262 2514 276 2540 ὀ
288 2513 459 2546 τελειωτικὸς
472 2514 629 2549 ἀσπασμός⁸
647 2514 717 2545 ἰδίως
728 2513 756 2540 δὲ
769 2514 825 2544 τοῖς
840 2512 889 2548 μὲν

97 2558 239 2594 ἰεράρχαις
262 2559 410 2586 ἐπιτίθεται
430 2560 460 2586 τὺ
482 2560 554 2596 ίερὺν
574 2559 756 2594 Εὑαγγέλιον·
781 2560 837 2590 τοῖς
860 2558 888 2584 δὲ

97 2603 201 2638 ἱερεῦσι
218 2604 249 2630 τὸ
262 2604 363 2631 κλίνειν
376 2604 435 2631 ἐστὶ
452 2605 498 2631 καὶ
517 2604 689 2640 ἀμφοτέρους
708 2604 772 2635 τοὺς
784 2603 868 2634 πόδας
879 2611 887 2618 ·

97 2652 153 2681 τοῖς
166 2650 194 2676 δὲ
208 2650 373 2686 λειτουργοῖς
385 2651 415 2678 τὸ
428 2651 527 2678 κλίνειν
544 2650 590 2677 τὸν
605 2651 708 2686 ἕτερον.

136 2696 150 2732 ﬁ
171 2697 204 2723 II.
225 2697 348 2732 Λέγομεν
372 2695 417 2724 οὖν
441 2697 549 2733 πρῶτον
569 2697 632 2732 περὶ
644 2696 695 2732 τῆς
713 2696 806 2731 κοινῆς
820 2695 888 2731 πρὸς

96 2742 128 2769 τὸ
141 2742 219 2776 ἅγιον
231 2743 423 2779 θυσιαστήριον
437 2743 621 2778 προσαγωγῆς
638 2751 668 2769 τε
690 2743 737 2769 καὶ
760 2741 888 2768 ὑποπτώ-

98 2797 167 2821 σεως
179 2798 185 2804 ·
200 2790 352 2816 αἰνίσσεται
364 2790 428 2826 γὰρ,
451 2790 492 2816 ὅτι
514 2790 614 2821 πάντες
627 2786 698 2816 οὗτοι
710 2789 808 2821 ὑλικῶς
820 2789 887 2816 ἀνα-

98 2835 203 2861 τιθέασι
215 2836 253 2870 τῷ
269 2836 419 2872 τελετάρχῃ
437 2835 496 2871 Θεῷ
516 2835 564 2872 τὴν
585 2835 653 2862 ἰδίαν
667 2834 756 2870 ζωὴν,
776 2835 887 2870 ὁμοειδῆ

99 2881 168 2908 κατὰ
181 2881 211 2908 τὸ
223 2882 334 2909 δυνατὸν
355 2882 514 2918 ὀφείλουσαν
538 2879 608 2909 εἶναι
630 2881 668 2917 τῷ
690 2881 887 2916 παναγεστάτῳ

939 1580 1021 1607 supra
1044 1576 1126 1607 caput
1149 1572 1232 1599 habet
1253 1572 1344 1599 divina
1371 1579 1503 1607 sacraque
1518 1572 1675 1608 Evangelia,
1700 1577 1727 1602 et

939 1625 1049 1645 manum
1062 1617 1262 1650 consecrantis,
1278 1625 1311 1644 ac
1325 1618 1506 1646 sanctissimis
1520 1619 1647 1653 precibus
1660 1626 1728 1647 con-

939 1669 1075 1692 secratur.
1105 1664 1240 1692 Sacerdos
1265 1669 1357 1691 autem
1387 1670 1533 1699 utrumque
1559 1666 1643 1693 etiam
1668 1666 1728 1702 ipse

938 1718 1008 1746 genu
1023 1711 1118 1743 tlectit,
1136 1715 1164 1738 et
1180 1710 1206 1737 in
1222 1711 1310 1745 capite
1324 1711 1405 1738 habet
1421 1711 1544 1738 dextram
1560 1719 1726 1740 consecran-

937 1757 984 1791 tis,
1007 1762 1088 1791 atque
1105 1757 1143 1784 ita
1158 1756 1241 1784 etiam
1263 1757 1321 1791 ipse
1344 1756 1579 1785 sanctiﬁcantibns
1599 1759 1729 1792 precibus

938 1803 1135 1830 sanctiﬁcatur.
1159 1802 1297 1830 DiacOnus
1320 1810 1384 1829 vero
1403 1810 1486 1829 unum
1504 1810 1574 1837 genu
1600 1802 1726 1838 flectens,

939 1857 1022 1884 super
1036 1854 1118 1883 caput
1132 1848 1215 1876 habet
1230 1852 1257 1875 et
1273 1849 1331 1883 ipse
1347 1848 1472 1876 dextram
1487 1851 1687 1883 consecrantis,
1701 1855 1728 1878 et

939 1898 1115 1922 consecratur
1132 1894 1349 1922 invocationibus
1364 1895 1562 1928 ministrorum,
1578 1903 1639 1930 quae
1652 1896 1728 1924 vide-

940 1939 1005 1967 licet
1021 1939 1047 1966 in
1071 1939 1229 1967 earumdem
1251 1940 1459 1968 consecratione
1478 1940 1602 1968 adhiberi
1623 1941 1726 1976 solent,

940 1983 1084 2011 hierarcha
1106 1992 1215 2018 quoque
1239 1985 1366 2019 precibus
1388 1985 1559 2013 extrinsecus
1579 1994 1728 2014 annuente.

940 2028 988 2056 His
1004 2030 1092 2057 tribus
1104 2030 1197 2064 itaque
1210 2037 1354 2058 commune
1366 2035 1420 2064 est,
1433 2036 1497 2059 ante
1508 2031 1629 2058 divinum
1642 2032 1729 2060 altare

939 2076 1072 2110 ordinari,
1097 2081 1124 2104 et
1145 2076 1231 2104 forma
1252 2077 1342 2104 crucis
1361 2078 1472 2112 signari,
1489 2082 1519 2105 et
1537 2086 1637 2106 nomen
1656 2079 1728 2107 reci-

941 2122 1005 2153 tari.
1020 2126 1047 2149 et
1067 2122 1094 2149 in
1117 2122 1170 2149 [ine
1185 2122 1309 2149 salutari.
1323 2121 1447 2150 Observa
1462 2130 1531 2150 vero.
1546 2123 1619 2158 quod
1642 2123 1726 2157 dica',

940 2167 1021 2204 247
1035 2175 1130 2197 omnes
1143 2169 1189 2204 qui
1202 2168 1230 2196 in
1250 2169 1371 2196 sacrario
1390 2174 1455 2196 sunt
1473 2169 1632 2197 ordinatum
1647 2170 1724 2198 salu-

904 2231 927 2260 Β
941 2219 1009 2242 tare.

1203 2271 1245 2299 lll.
1266 2271 1468 2306 Contemplatio.

976 2327 991 2364 §
1005 2327 1026 2357 1.
1045 2327 1214 2363 Aggrediens
1226 2335 1321 2355 eorutn
1336 2327 1381 2362 qui
1397 2334 1592 2356 consecrantur
1605 2333 1728 2357 contem-

939 2373 1101 2408 plationem,
1120 2374 1239 2408 primum
1254 2380 1286 2400 ea
1302 2381 1362 2408 qua:
1382 2374 1470 2401 tribus
1488 2375 1629 2402 ordinibus
1652 2383 1728 2402 com-

942 2421 1034 2448 munia
1049 2440 1056 2453 ,
1082 2427 1196 2455 quaeque
1220 2418 1334 2447 cuilibet
1359 2419 1468 2454 propria
1493 2424 1568 2453 sunt,
1590 2425 1726 2447 recenset.

940 2466 1100 2494 Communia
1116 2466 1198 2501 igitur
1211 2470 1284 2498 sunt,
1296 2465 1432 2492 ordinatio
1442 2465 1476 2492 ad
1492 2465 1613 2492 divinum
1628 2466 1726 2500 altare,

941 2512 1038 2540 forma:
1053 2513 1143 2540 crucis
1157 2512 1286 2548 signatio,
1300 2515 1328 2539 et
1339 2511 1457 2538 nominis
1470 2511 1605 2545 recitatio,
1618 2516 1646 2538 et
1661 2512 1729 2539 lina-

940 2558 973 2586 lis
991 2558 1128 2586 salutatio.
1142 2557 1258 2592 Propria
1274 2564 1339 2585 vero
1353 2561 1393 2584 est
1406 2557 1540 2592 episcopis
1552 2557 1622 2584 sacri
1637 2557 1728 2584 Evan—

940 2605 1001 2640 gelii
1017 2604 1166 2639 impositio,
1181 2604 1368 2632 sacerdotibus
1389 2603 1531 2638 utriusque
1551 2604 1627 2638 pedis
1647 2604 1726 2632 incli-

940 2650 1026 2682 natio,
1044 2650 1167 2677 diaconis
1179 2649 1337 2676 alterutrius
1351 2648 1469 2676 inllexio.

977 2695 992 2731 ᾗ
1011 2695 1042 2722 ll.
1064 2695 1186 2722 Dicimus
1200 2695 1290 2729 itaque
1304 2694 1421 2730 primum
1433 2695 1467 2722 de
1477 2696 1614 2723 communi
1630 2695 1675 2722 illa
1691 2695 1727 2722 ad

940 2742 1027 2770 altare
1040 2749 1148 2769 sacrum
1164 2742 1327 2769 adductione
1343 2749 1375 2769 ac
1388 2741 1514 2774 ﬂexione,
1531 2741 1664 2769 insinuari
1679 2749 1727 2776 per

939 2789 991 2815 hoc
1001 2795 1098 2815 omnes
1109 2787 1169 2814 illos
1181 2787 1397 2816 consecrationis
1415 2788 1519 2815 auctori
1534 2787 1590 2815 Deo
1607 2794 1641 2814 ex
1656 2788 1728 2814 inte-

939 2842 988 2869 gro
1003 2833 1086 2861 vitam
1108 2841 1186 2860 suam
1201 2841 1379 2867 consecrare,
1399 2841 1533 2868 eamque,
1555 2833 1642 2866 quoad
1665 2833 1725 2860 ﬁeri

939 2885 1040 2916 potest,
1064 2879 1232 2908 conformem
1248 2887 1308 2908 esse
1325 2880 1424 2909 debere
1436 2879 1609 2909 sanctissimo
1626 2879 1664 2907 illi
1680 2878 1723 2907 al-
