1929 3068
168 162 183 170 ’·
210 157 261 185 527

792 154 820 181 S.
839 152 988 181 DlONYSll
1007 152 1240 181 AREOPAGITE

1787 156 1840 184 528

210 219 275 252 turi,
291 217 426 246 Salvatori
437 217 553 251 scilicet,
562 217 672 246 Christo
687 225 719 246 ac
733 217 859 252 Domino,
874 218 922 254 qui
933 225 983 246 con

1048 215 1243 252 θυσιαστηρίῳ,
1266 215 1305 251 τῷ
1326 215 1433 252 Σωτῆρι
1453 208 1565 254 Χριστῷ
1585 218 1632 245 καὶ
1643 219 1767 257 Δεσπότῃ
1779 240 1786 252 ,
1800 221 1840 257 τῷ

209 271 300 294 secrat
315 271 421 294 mentes
434 266 591 294 deii'ormes.

245 313 260 350 ς
282 313 324 341 ιιι.
346 313 441 341 Manus
457 318 547 342 autem
563 313 701 348 impositio
717 313 815 349 partim
828 313 936 347 quidem
955 313 999 341 de-

209 361 300 396 signat
314 361 432 388 divinam
448 360 656 395 protectionem,
671 367 731 395 quae
743 361 776 387 ad
793 367 823 387 se
837 360 998 387 accedentes

210 411 338 442 tanquam
358 406 428 434 lilios
446 411 559 442 paterne
574 406 708 441 protegit;
724 405 821 440 partim
837 412 903 432 vero
917 404 996 432 docet

208 453 245 480 ita
272 458 468 485 consecratos,
494 455 624 487 tanquam
644 452 694 479 sub
718 451 772 478 Deo
795 458 902 478 sacram
919 458 996 478 suam

206 499 371 527 litin-tionem
386 499 462 526 obire
476 497 585 526 debere.
598 497 666 524 Nam
679 504 775 524 manus
788 496 939 532 symbolum
953 501 996 524 est

207 545 385 580 operationis.

243 590 257 627 §
278 590 322 618 ιν.
341 590 427 618 Porro
442 590 549 625 signum
564 590 655 617 crucis
665 589 789 625 designat
800 589 921 616 omnium
933 596 995 616 car-

206 637 309 664 nalittm
335 637 514 671 cupiditatum
540 636 738 668 cessationem,
761 636 914 670 divinaque
932 636 994 663 vita:

205 683 383 710 imitationem
406 682 463 717 ejus
479 682 524 717 qui
543 682 576 709 ad
589 689 698 709 crucem
719 686 748 708 et
769 687 884 709 mortetn
906 681 990 708 venit.

204 728 355 763 Episcopus
369 733 459 755 autem
476 734 573 754 nomen
587 726 660 754 illius
675 726 719 761 qui
734 726 877 754 ordinatur
888 725 993 762 procla-

204 780 269 806 mat,
284 774 412 810 quoniam
432 773 489 801 Deo
503 773 603 801 charus
617 773 742 800 ordinum
758 771 872 800 collator
887 777 990 799 tantum

202 820 323 855 explicat
341 820 458 848 divinam
475 819 652 851 electionem,
668 820 732 853 quia
750 826 803 846 non
825 818 929 851 favore,
943 818 990 846 sed

202 874 217 894 ιι
236 868 290 894 Dco
304 871 405 898 motus,
420 866 506 900 ipsum
526 865 616 900 elegit.
632 864 696 892 Haec
710 865 782 892 enim
799 864 989 901 promulgatio,

201 911 387 940 manifestatio
402 916 444 939 est
456 911 554 938 divinae
568 910 728 938 voluntatis.

236 1000 251 1037 §
270 1000 304 1029 ν.
324 999 382 1028 Hoc
402 1000 482 1027 modo
505 999 588 1027 etiam
608 998 704 1035 legalis
723 999 849 1027 ordinum
875 999 989 1028 collator

199 1046 306 1082 Moyses
322 1046 436 1074 fratrem
456 1053 535 1073 suum
554 1045 645 1073 Aaron
658 1064 666 1078 ,
684 1045 808 1080 quamvis
828 1052 890 1072 eum
905 1045 990 1073 sciret

199 1093 252 1121 isto
268 1099 380 1120 munere
397 1092 525 1127 dignum,
541 1098 714 1126 nequaquam
734 1090 826 1125 elegit,
840 1091 927 1118 donec
945 1091 987 1118 di-

198 1139 301 1166 vinitus
313 1138 347 1165 ad
361 1138 412 1165 hoc
427 1142 594 1164 moveretur.
611 1136 666 1164 Sed
680 1136 744 1172 quid
758 1136 831 1164 illum
848 1137 988 1165 memoro?

198 1193 260 1213 cum
277 1185 392 1220 ipsemet
406 1184 510 1219 primus
523 1183 651 1211 ordinum
664 1183 778 1210 collator
790 1191 823 1210 ac
836 1183 988 1211 viviﬁcator

197 1231 277 1259 Jesns
300 1230 333 1257 ad
354 1230 462 1257 Patrem
485 1229 610 1257 clamet:
627 1227 722 1263 Pater,
742 1228 861 1262 clariﬁca
884 1229 987 1257 Filium

197 1282 272 1304 tuum
283 1281 310 1311 τι,
333 1276 568 1304 conﬁrmationem
593 1276 796 1310 quodammodo
824 1276 886 1303 inde
912 1276 988 1304 acci-

197 1323 291 1357 piens,
306 1322 414 1349 tametsi
437 1322 509 1349 Deus
528 1326 601 1349 esset
621 1329 653 1349 ac
669 1321 811 1354 Dominus,
828 1326 855 1349 et
871 1321 899 1349 in
922 1330 986 1350 vera

197 1367 282 1402 gloria
300 1367 382 1395 simul
395 1374 456 1394 cum
475 1366 558 1394 Patre
571 1372 598 1394 et
618 1367 723 1402 Spiritu
743 1373 840 1395 sancto
861 1375 922 1395 esse
937 1376 986 1396 no-

195 1418 332 1441 sceretur.
348 1413 376 1441 Si
394 1420 458 1440 vero
469 1413 606 1441 credimus
621 1420 654 1441 ea
673 1420 734 1448 quze
745 1414 883 1449 propheta;
901 1414 984 1442 locuti

196 1462 271 1490 sunt,
285 1462 368 1486 verba
385 1466 445 1486 esse
460 1458 520 1491 Dei.
536 1459 605 1487 sicut
619 1466 684 1487 vere
697 1464 772 1493 sunt,
784 1464 813 1487 et
824 1468 838 1487 a
856 1460 910 1488 Deo
921 1468 984 1495 pro-

196 1505 339 1539 feruntur;
363 1505 453 1533 illud:
474 1505 512 1532 Tu
533 1514 561 1533 es
582 1507 705 1534 sacerdos
727 1507 755 1533 in
774 1512 900 1534 aeternum
913 1511 936 1541 ',
957 1511 986 1534 et

1049 262 1220 298 καθιεροῦντι
1231 262 1295 295 τοὺς
1307 262 1436 295 θεοειδεῖς
1446 263 1519 296 νόας.

1085 309 1099 345 §
1121 310 1167 336 ΙΙΙ.
1195 310 1226 336 Ἠ
1238 310 1266 336 δὲ
1279 310 1330 345 τῆς
1343 311 1433 346 χειρὸς
1448 311 1568 344 ἐπίθεσις
1588 313 1655 348 όμου
1671 312 1719 348 μὲν
1739 314 1840 349 ἐμφαί-

1047 363 1087 381 νει
1099 355 1149 390 τὴν
1160 355 1192 381 ἐκ
1205 354 1273 381 Θεοῦ
1287 355 1403 390 σκέπην,
1424 355 1474 391 τὴν
1492 355 1676 390 φυλάττουσαν
1696 358 1838 391 πατρικῶς

1046 401 1084 433 ὡς
1097 401 1194 433 παῖδας
1212 402 1276 434 τοὺς
1297 401 1370 437 αὐτῷ
1390 403 1621 438 προσανέχοντας”
1643 405 1701 440 ἅμα
1718 405 1745 432 δὲ
1764 405 1836 433 διδά-

1048 455 1107 474 σκει
1120 448 1166 474 καὶ
1178 448 1209 474 τὸ
1220 447 1430 484 ὲποφειλόμενον
1443 448 1514 484 ἔχειν
1525 451 1588 482 τοὺς
1599 450 1774 484 τελεσθέντας
1786 452 1836 488 τὴν

1046 494 1150 522 ἑαυτῶν
1173 494 1326 530 ὑπηρεσίαν
1349 494 1436 521 τελεῖν
1449 495 1487 527 ὡς
1501 495 1554 522 ὑπὸ
1574 496 1633 532 Θεῷ
1648 498 1834 533 πράττοντας”

1046 541 1179 577 σύμϐολον
1192 541 1246 578 γὰρ
1258 542 1274 577 ἡ
1288 542 1347 578 χεὶρ
1360 541 1495 577 πράξεως.

1083 587 1096 623 §
1113 586 1157 614 IV.
1173 587 1205 613 'H
1217 587 1245 613 δέ
1257 588 1429 624 σταυροειδὴς
1442 589 1558 624 σφραγὶς
1571 589 1620 626 τὴν
1639 590 1835 627 ἀνενεργησίαν

1043 633 1098 660 τῶν
1128 633 1267 669 σαρκικῶν
1287 633 1401 666 παθῶν,
1426 635 1472 661 καὶ
1499 636 1550 671 τὴν
1573 635 1736 672 θεομίμητον
1761 638 1833 673 ζωὴν

1044 679 1170 714 ἐμφαίνει
1191 680 1224 714 τῇ
1245 679 1313 715 πρὸς
1326 679 1408 706 αὑτὸν
1431 680 1563 715 μιμήσει,
1578 681 1607 712 ὂς
1622 681 1701 717 μέχρι
1715 683 1833 718 σταυροῦ

1043 727 1091 753 καὶ
1109 725 1223 752 θανάτου
1243 725 1382 761 ἐλήλυθεν.
1405 726 1518 762 Ἀναϐοᾷ
1536 727 1563 753 δὲ
1577 727 1607 753 τὸ
1617 728 1701 763 ὄνομα
1713 728 1759 755 τοῦ
1778 738 1834 764 χει-

1044 772 1236 807 ροτονουμένου
1269 772 1283 798 6
1314 772 1459 807 ἱεράρχης,
1483 772 1523 799 ὅτι
1545 773 1560 798 ό
1584 772 1704 808 φιλόθεος
1731 774 1832 810 ἰεροτε-

1042 817 1140 852 λεστὴς
1166 817 1246 852 μόνον
1269 818 1394 851 ἐκφαίνει
1413 818 1463 853 τὴν
1487 818 1562 845 θείαν
1585 818 1716 855 ἐκλογὴν,
1738 820 1778 846 ὅτι
1800 821 1831 847 οὺ

1041 864 1149 898 χάριτι,
1166 863 1224 890 ἀλλ’
1242 863 1294 890 ὑπὸ
1311 863 1379 890 Θεοῦ
1399 863 1556 899 κινούμενος
1578 865 1657 892 αὑτὸν
1675 865 1829 900 ἐξελέξατο·

1040 910 1119 937 τοῦτο
1130 911 1185 947 γάρ
1197 911 1271 938 ἐστιν
1281 912 1298 947 ἡ
1313 911 1466 947 ἐκφώνησις
1476 930 1483 944 ,
1496 912 1513 948 ή
1535 912 1665 947 ἕκφανσις
1685 913 1734 949 τῆς
1755 913 1831 947 θείας

1040 956 1148 992 βουλῆς.

1077 1002 1090 1039 §
1112 1003 1142 1030 V.
1152 1003 1230 1030 Οὕτω
1245 1010 1291 1030 και
1302 1004 1316 1030 6
1328 1003 1438 1039 νομικὸς
1453 1005 1637 1042 ίεροτελεστὴς
1649 1007 1770 1043 Μωῦσῆς
1783 1007 1830 1034 τὸν

1040 1049 1152 1085 ἀδελφὺν
1171 1050 1253 1077 αὑτοῦ
1280 1050 1395 1087 Ἀαρὼν,
1408 1053 1455 1079 καὶ
1475 1053 1553 1085 εἰδὼς
1565 1053 1639 1087 ἄξιον
1656 1054 1707 1089 τῆς
1727 1054 1830 1090 ὑπουρ-

1038 1095 1101 1130 γίας
1110 1116 1117 1128 ,
1130 1097 1179 1123 οὐκ
1192 1096 1340 1131 ἐξελέξατο,
1354 1098 1406 1131 ἕως
1417 1096 1446 1126 οὗ
1459 1099 1550 1126 θεόθεν
1562 1099 1673 1136 ἐκινήθη
1687 1101 1727 1132 εἰς
1739 1100 1828 1127 τοῦτο.

1038 1141 1093 1167 Καὶ
1114 1141 1141 1168 τί
1163 1142 1235 1177 λέγω
1258 1144 1322 1180 περὶ
1343 1144 1456 1177 τούτου;
1470 1145 1551 1177 αὐτὸς
1568 1147 1582 1172 6
1602 1146 1711 1182 πρῶτος
1725 1147 1828 1183 ίεροτε-

1038 1186 1135 1223 λεστὴς
1153 1189 1167 1215 6
1186 1188 1339 1225 ζωαρχικὸς
1363 1190 1466 1227 Ἰησοῦς
1488 1192 1555 1228 πρὸς
1572 1191 1617 1219 τὸν
1629 1192 1739 1229 Πατέρα
1761 1193 1827 1228 βοᾷ·

1037 1233 1143 1267 Πάτερ,
1167 1234 1301 1267 δόξασόν
1323 1243 1381 1263 σου
1404 1237 1459 1263 τὸν
1488 1238 1574 1264 Υὶύν·
1588 1238 1637 1274 τὴν
1662 1238 1828 1275 ἐπικύρωσιν

1036 1279 1136 1307 ὡσανεὶ
1147 1282 1251 1309 ἐκεῖθεν
1270 1282 1424 1318 δεχόμενος,
1439 1284 1527 1311 καίτοι
1540 1285 1604 1317 Θεὸς
1616 1284 1653 1311 ὢν
1667 1286 1714 1312 καὶ
1726 1285 1829 1312 Δεσπό-

1036 1335 1096 1363 της,
1111 1329 1158 1354 καὶ
1176 1328 1206 1355 ἐν
1229 1328 1317 1364 τελείᾳ.
1329 1329 1392 1366 δόξῃ
1406 1330 1465 1365 ἅμα
1481 1330 1520 1366 τῷ
1532 1331 1621 1368 Πατρὶ
1632 1332 1679 1359 καὶ
1697 1331 1736 1367 τῷ
1756 1333 1828 1368 ἁγίῳ

1037 1371 1182 1408 Πνεύματι’
1199 1373 1408 1409 γνωριζόμενος.
1429 1375 1460 1401 Εἰ
1481 1375 1509 1402 δὲ
1530 1376 1712 1412 πιστεύομεν,
1732 1377 1773 1403 ὅτι
1792 1377 1827 1404 τὰ

1037 1418 1089 1444 ὑπὸ
1110 1419 1258 1455 προφητῶν
1280 1419 1431 1455 λαλούμενα
1448 1421 1559 1457 ῥήματά
1571 1423 1624 1448 εισι
1637 1422 1714 1455 Θεοῦ,
1735 1422 1825 1454 καθὼς

1036 1465 1085 1491 καὶ
1097 1465 1151 1491 εἰσὶ
1162 1485 1169 1497 ,
1183 1466 1230 1492 καὶ
1242 1466 1296 1492 ἀπὸ
1313 1465 1382 1492 Θεοῦ
1400 1466 1540 1501 λέγονται·
1554 1468 1595 1501 τὸ,
1609 1468 1650 1495 Σὺ
1667 1468 1763 1502 ιερεὺς
1782 1470 1826 1502 εὶς

1035 1512 1090 1538 τὸν
1100 1512 1201 1544 αἰῶνα,
1217 1514 1265 1540 καὶ
1277 1514 1312 1541 τὰ
1324 1515 1388 1550 ἐξῆς
1400 1534 1407 1546 ,
1420 1514 1449 1540 οὑ
1462 1513 1509 1540 τοῦ
1527 1515 1608 1541 Δαυὶδ
1619 1515 1727 1546 πάντως
1738 1516 1825 1551 φήσο-

195 1559 256 1587 qua:
278 1555 440 1587 sequuntur,
462 1558 633 1587 nequaquam
655 1551 766 1579 omnino
791 1552 901 1581 Davidis
922 1561 983 1581 esse

1037 1566 1085 1593 μεν
1096 1556 1164 1585 εἶναι
1174 1578 1182 1590 ,
1194 1559 1262 1586 ἀλλὰ
1273 1559 1320 1586 τοῦ
1333 1560 1379 1587 ἐπὶ
1393 1559 1501 1586 πάντων
1512 1560 1580 1586 Θεοῦ
1593 1569 1600 1575 ·
1623 1560 1825 1595 ἐπιλαμϐάνεται

194 1597 326 1628 dicimus.
344 1597 392 1624 sed
412 1596 496 1633 248
517 1597 620 1625 dictum
644 1596 714 1624 Dei:
734 1598 869 1633 accipitur
891 1603 982 1626 autem

195 1644 229 1671 de
243 1643 325 1670 Patre
336 1642 406 1671 Filio
423 1651 472 1671 suo
487 1644 673 1671 testimonium
688 1644 847 1678 perhibente
860 1646 983 1673 sacerdo-

197 1691 226 1717 tii
249 1690 320 1717 illius
341 1690 436 1717 aeterni
459 1691 606 1718 secundum
623 1691 745 1718 ordinem
768 1691 981 1720 Melchisedech.

193 1736 228 1764 Et
243 1736 402 1772 discipulos,
418 1737 526 1764 tametsi
540 1736 611 1764 Deus
621 1741 704 1768 esset.
727 1744 779 1764 non
799 1745 814 1764 a
836 1739 982 1772 semetipso

193 1782 304 1818 proprie
323 1782 469 1815 ordinavit,
486 1783 534 1810 sed
559 1783 683 1818 promisit
704 1790 734 1811 se
757 1783 903 1811 missurum
918 1784 950 1812 iis
965 1792 981 1812 a

192 1828 276 1856 Patre
292 1828 426 1863 Spiritum
438 1835 572 1857 sanctum.
592 1829 660 1862 Quin
679 1834 707 1857 et
724 1830 838 1864 ipsemet
857 1830 982 1865 princeps

193 1875 394 1909 apostolorum,
405 1883 460 1903 una
468 1883 529 1903 cum
541 1876 643 1903 deeade
654 1875 861 1910 discipulorum,
873 1877 981 1911 quando

193 1920 391 1948 duodenarium
407 1921 484 1948 illum
504 1921 617 1956 implere
638 1921 759 1954 volebat,
775 1929 947 1956 nequaquam
964 1929 980 1949 a

192 1968 341 2003 setiietipso
355 1968 501 1996 ordinabat
525 1974 718 2003 quemcunque
732 1967 824 2001 vellet,
840 1968 888 1995 sed
906 1968 980 1995 dice-

191 2014 261 2041 bat:
287 2013 402 2042 Ostende
419 2022 496 2050 quem
516 2014 663 2050 elegeritx;
681 2018 708 2042 et
730 2013 804 2041 illum
828 2013 980 2049 accipiebat

191 2068 273 2096 quem
296 2060 419 2095 Spiritus
439 2066 550 2089 sanctus
572 2060 747 2094 ostenderat,
776 2060 916 2089 Matthiam
939 2062 980 2088 in-

191 2115 284 2143 quam.
301 2107 338 2134 De
352 2107 441 2135 divina
458 2115 523 2136 vero
533 2112 608 2135 sorte
622 2108 648 2135 in
663 2107 738 2135 Actis
749 2108 794 2135 alii
805 2107 913 2143 quidem
927 2107 979 2135 alia

190 2153 378 2186 tradiderunt,
394 2153 503 2181 interim
528 2158 618 2181 tamen
633 2161 686 2181 non
712 2158 806 2182 sancte
829 2153 979 2182 istiusmodi

191 2205 280 2228 sortes
298 2200 497 2235 acciperemus,
514 2200 607 2236 quales
621 2208 693 2235 sape
708 2201 790 2228 etiam
811 2201 914 2229 ethnici
933 2208 979 2236 po-

1034 1603 1062 1630 δέ
1074 1603 1111 1635 ὡς
1123 1604 1177 1631 ἀπὸ
1186 1604 1233 1631 τοῦ
1244 1605 1351 1640 Πατρὺς
1359 1606 1427 1641 πρὸς
1441 1607 1486 1633 τὸν
1502 1606 1561 1633 Υἱὸν
1574 1605 1825 1641 ἐπιμαρτυροῦντος

1032 1648 1118 1684 τούτῳ
1133 1649 1181 1685 τὴν
1201 1651 1241 1682 εἰς
1259 1650 1346 1677 αἰῶνα
1360 1652 1508 1688 ἱερωσύνην
1522 1651 1591 1678 κατὰ
1602 1652 1651 1686 τὴν
1663 1651 1738 1683 τάξιν
1750 1652 1824 1679 Μελ-

1033 1695 1149 1730 χισεδέκ.
1172 1696 1228 1722 Καὶ
1250 1696 1314 1728 τοὺς
1344 1697 1486 1733 μαθητὰς,
1510 1697 1598 1724 καίτοι
1617 1697 1683 1730 Θεὸς
1702 1697 1750 1729 ὢν,
1773 1699 1824 1725 οὐκ

1032 1741 1114 1773 αὐτὸς
1134 1742 1322 1778 ἐχειροτόνησε
1339 1743 1411 1775 ιδίως
1425 1743 1472 1778 ἀφ’
1489 1743 1597 1775 ἑαυτοῦ,
1615 1743 1672 1770 ἀλλ’
1693 1744 1824 1778 ἐπηγγεί-

1031 1787 1095 1814 λατο
1109 1786 1229 1822 πέμπειν
1242 1788 1318 1824 παρὰ
1329 1788 1376 1815 τοῦ
1392 1789 1498 1825 Πατρὺς
1511 1789 1541 1815 τὸ
1554 1788 1667 1824 Πνεῦμα
1686 1789 1716 1816 τὺ
1732 1790 1822 1824 ἅγιον.

1031 1832 1086 1858 Καὶ
1107 1832 1160 1867 μὴν
1176 1833 1223 1859 καὶ
1236 1833 1317 1865 αὐτὸς
1337 1835 1351 1860 6
1371 1833 1425 1860 τῶν
1444 1833 1572 1869 μαθητῶν
1586 1835 1733 1869 κορυφαῖος
1753 1834 1823 1870 μετὰ

1031 1877 1081 1912 τῆς
1095 1877 1206 1909 δεκάδος
1217 1878 1271 1904 τῶν
1288 1877 1428 1914 μαθητῶν,
1449 1878 1633 1914 ὲπεὶῆμελλεν
1646 1878 1822 1914 ἀναπληροῦν

1030 1923 1078 1958 τὴν
1090 1923 1236 1956 δωδεκάδα,
1250 1924 1300 1950 οὐκ
1310 1924 1355 1958 ἀφ’
1370 1923 1466 1950 ἐαυτοῦ
1479 1924 1640 1959 ἐχειροτόνει
1653 1924 1682 1951 ὃν
1697 1923 1730 1951 ἂν
1745 1924 1822 1951 ἐϐού-

1031 1969 1100 2001 λετο,
1120 1969 1177 1996 ἀλλ’
1195 1970 1303 2005 ἐλεγενο
1325 1969 1497 2003 Ἀνάδειξον
1511 1970 1548 1997 ὃν
1562 1970 1707 2003 ἐξελέξω’
1725 1971 1821 1997 κάκεῖ-

1031 2024 1075 2042 νον
1100 2015 1209 2048 ἐδέξατο
1231 2016 1261 2043 ὃν
1284 2016 1315 2043 τὸ
1338 2017 1451 2052 Πνεῦμα
1472 2016 1504 2043 τὸ
1524 2017 1602 2051 ἆγιον
1625 2016 1760 2050 ἀνέδειξε,
1776 2017 1821 2043 τὸν

1030 2061 1155 2088 Ματθίαν
1167 2070 1202 2097 φη
1208 2061 1247 2097 μί.
1265 2062 1334 2098 Περὶ
1343 2062 1372 2089 δὲ
1386 2062 1434 2089 τοῦ
1450 2062 1522 2089 θείου
1536 2061 1636 2098 κλήρου
1649 2062 1695 2088 τοῦ
1717 2062 1745 2088 ἐν
1758 2063 1821 2094 ταῖς

1030 2106 1174 2142 Πράξεσιν,
1192 2108 1281 2143 ἕτεροι
1296 2108 1346 2143 μὲν
1361 2107 1428 2135 ἄλλα
1447 2108 1590 2144 εἰρήκασι,
1608 2107 1676 2140 τέως
1689 2107 1739 2134 οὐκ
1755 2108 1820 2134 εὺα-

1029 2153 1086 2188 γῶς
1106 2152 1282 2188 ἐκλαϐόμενοι
1306 2153 1379 2186 ι’σους
1402 2154 1537 2190 κλήρους,
1555 2153 1600 2186 οὒς
1616 2153 1746 2186 πολλάκις
1765 2154 1820 2180 ἐτί-

1031 2198 1104 2231 θουν,
1119 2199 1167 2226 καὶ
1180 2199 1310 2235 ’Έλληνες
1320 2199 1428 2226 κατὰτὸ
1439 2200 1503 2235 παρ’
1524 2200 1635 2235 Ὁμήρῳ
1650 2198 1768 2226 πάλλεν
1785 2199 1820 2227 δὲ

191 2247 310 2278 nebant,
335 2247 407 2274 sicut
440 2235 686 2282 apudHomerum
709 2247 829 2282 jaciebat
848 2235 980 2276 Gerenius

1037 2245 1174 2280 Γερήνιος
1184 2247 1294 2272 ίππότα
1308 2246 1441 2281 Νέστωρ.
1459 2245 1529 2281 Ἐγὼ
1544 2246 1573 2273 δὲ
1586 2246 1667 2281 λέγω,
1685 2245 1715 2272 σύ
1721 2245 1819 2281 μὸολόν

190 2299 274 2328 eques
290 2292 400 2321 Nestor.
419 2292 475 2329 Ego
488 2297 579 2320 autem
605 2292 683 2325 dico,
706 2297 808 2320 sortem
832 2292 917 2320 fuisse
942 2293 980 2320 si-

190 2346 273 2373 gnum
287 2338 395 2374 aliquod
407 2339 594 2371 revelationis,
606 2343 652 2366 aut
663 2338 804 2366 alllationis
815 2339 978 2366 sanctissimi

190 2385 321 2420 Spiritus,
335 2386 407 2420 quod
423 2385 539 2413 cadebat
558 2393 641 2421 super
655 2393 715 2414 eum
733 2386 778 2420 qui
801 2385 977 2413 sortiebalur.

191 2431 268 2459 Unde
283 2432 363 2459 etiam
378 2431 411 2460 de
426 2432 556 2459 lscariota
581 2432 716 2459 maximus
741 2432 785 2459 ille
809 2432 905 2459 Petrus
918 2432 954 2459 ait
968 2441 976 2459 :

190 2476 225 2507 Et
248 2481 384 2511 acceperat
410 2477 544 2504 nobiscum
563 2483 659 2504 sortem
681 2476 823 2503 ministerii
846 2475 925 2510 hujus
942 2480 975 2508 Y;

189 2530 347 2557 quanquam
363 2523 462 2550 usitata
482 2523 562 2558 vulgo
589 2530 649 2549 sors
674 2529 726 2549 non
749 2521 799 2549 fuit
815 2521 937 2549 adhibita
961 2528 976 2548 a

190 2568 305 2601 Domino
321 2576 383 2596 cum
397 2568 534 2603 apostolos
548 2569 637 2604 elegit.
660 2568 782 2602 Denique
797 2567 830 2594 ad
854 2567 978 2602 proposi-

190 2619 246 2641 tutn
261 2613 388 2647 dicimus,
406 2614 563 2648 episcopum
580 2621 595 2640 a
607 2613 780 2641 sanctissimo
795 2612 898 2648 Spiritu
916 2620 976 2640 mo-

190 2665 247 2686 tum
260 2659 408 2687 electiones
421 2659 513 2687 facere
528 2659 637 2687 debere.

227 2704 241 2740 ﬁ
263 2705 306 2732 \‘l.
328 2705 413 2733 Porro
427 2713 533 2739 omnes,
549 2706 630 2733 etiam
644 2705 758 2740 ipsemet
773 2706 898 2733 ordinum
918 2705 976 2732 col-

191 2750 271 2783 lator,
291 2751 447 2780 ordinatum
463 2753 599 2784 salutant;
613 2753 741 2787 quoniam
754 2760 815 2779 cum
830 2753 880 2779 hoc
896 2751 976 2779 modo

190 2805 267 2825 mens
279 2803 389 2832 sancta,
406 2798 494 2826 divina
513 2799 655 2827 vocatione
677 2804 704 2826 et
720 2798 914 2826 ecclesiasticis
936 2798 977 2824 in-

223 2892 235 2906 u
252 2882 329 2912 .loan.
348 2893 416 2916 xvu.
430 2886 455 2913 l.
489 2885 588 2914 "Psal.
609 2885 705 2919 cu,4.

1027 2300 1054 2317 τι
1076 2291 1106 2325 ἐξ
1130 2291 1327 2327 ἀποκαλύψεως
1355 2292 1371 2328 ἢ
1397 2293 1582 2328 ἐνεργήματος
1611 2291 1658 2318 τοῦ
1681 2292 1819 2326 παναγίου

1028 2337 1185 2373 Πνεύματος
1202 2340 1300 2365 πῖπτον
1311 2339 1357 2365 ἐπὶ
1370 2338 1416 2365 τὸν
1432 2338 1616 2374 κληρούμενον
1628 2339 1642 2365 6
1659 2338 1758 2374 κλῆρος
1771 2336 1817 2373 ἦν,

1029 2383 1110 2410 Ὅθεν
1133 2384 1180 2411 καὶ
1202 2384 1266 2420 περὶ
1286 2384 1333 2410 τοῦ
1353 2383 1523 2420 Ἰσκαριώτου
1543 2384 1626 2419 φησὶν
1650 2385 1664 2411 6
1689 2384 1817 2420 μέγιστος

1028 2429 1147 2466 Πέτρος,
1170 2430 1210 2456 ὅτι
1237 2430 1347 2457 Ἐλαϐε
1372 2429 1433 2456 σὺν
1455 2429 1527 2464 ἡμῖν
1551 2429 1604 2456 τὸν
1625 2429 1740 2464 κλῆρον
1760 2429 1818 2463 τῆς

1025 2475 1178 2509 διακονίας
1192 2477 1301 2510 ταύτης
1310 2484 1316 2491 ·
1329 2476 1417 2502 καίτοι
1431 2474 1549 2512 συνήθης
1561 2477 1617 2507 τοῖς
1630 2475 1736 2507 πολλοῖς
1749 2475 1817 2511 κλῆ-

1026 2530 1073 2558 ρος
1088 2522 1138 2549 οὐκ
1150 2523 1196 2548 ἐπὶ
1211 2521 1265 2548 τῶν
1280 2522 1434 2549 ἀποστόλων
1453 2522 1565 2557 γέγονεν
1582 2522 1634 2548 ὑπὸ
1649 2521 1695 2548 τοῦ
1713 2522 1816 2557 Κυρίου

1024 2567 1072 2594 τοῦ
1087 2568 1281 2604 ἐπιλεξαμένου
1294 2569 1402 2600 αὐτούς.
1413 2568 1486 2604 Πλὴν
1502 2568 1582 2595 πάλιν
1591 2568 1623 2594 τὸ
1636 2568 1816 2604 προκείμενον

1025 2614 1150 2650 λέγομεν,
1165 2615 1205 2641 ὅτι
1223 2615 1275 2651 χρὴ
1291 2615 1337 2641 τὸν
1356 2615 1487 2651 ίεράρχην
1506 2614 1664 2650 κινούμενον
1678 2614 1752 2650 παρὰ
1766 2614 1814 2641 τοῦ

1026 2660 1157 2694 παναγίου
1172 2660 1328 2696 Πνεὺματος
1341 2660 1390 2692 τὰς
1404 2660 1518 2694 ἐκλογὰς
1534 2660 1677 2686 ποιεῖσθαι.

1062 2705 1076 2742 §
1097 2705 1140 2733 Vl.
1162 2706 1267 2738 Πάντες
1280 2706 1308 2733 δέ
1322 2705 1500 2738 ἀσπάζονται,
1519 2706 1566 2732 καὶ
1577 2705 1657 2737 αὐτὸς
1666 2706 1680 2731 6
1694 2713 1815 2740 χειροτο-

1025 2754 1127 2788 νήσας,
1154 2752 1200 2778 τὸν
1221 2752 1399 2780 τελεσθέντα·
1421 2753 1488 2779 διότι
1513 2752 1577 2779 ὅταν
1599 2752 1814 2787 τοιουτοτρόπως

1025 2798 1080 2824 ἀπὸ
1106 2797 1181 2829 θείας
1206 2797 1329 2834 κλήσεως
1345 2799 1392 2826 καὶ
1413 2798 1557 2834 ίερατικῶν
1576 2798 1717 2833 δυνάμεων
1744 2796 1814 2833 πρὸς

745 2892 757 2905 x
772 2886 831 2913 Act.
849 2893 868 2919 ι,
884 2885 931 2912 et.
969 2889 983 2908 ι
1004 2884 1082 2916 lbid.,
1101 2884 1145 2912 ιι.
