1929 3068
87 180 144 208 5Ξ9

608 179 653 208 DE
671 179 814 208 ECCLES.
834 179 1037 212 HIERARCH.,
1052 179 1129 208 CAP.
1147 180 1191 209 Vl.

1667 176 1719 205 530

88 236 243 274 ἱερωσύνην
256 237 388 272 ἀφίκηται
405 237 468 269 νοῦς
482 236 554 274 ἱερὸς
572 238 581 273 (
590 239 637 265 καὶ
659 238 810 274 σημείωσαι
820 257 827 271 ,
839 237 875 264 δτι

934 241 1036 265 structa
1051 237 1200 265 virtutibus
1211 236 1246 264 ad
1259 235 1440 264 sacerdotium
1451 235 1558 264 accedit
1573 235 1612 270 (et
1623 235 1720 262 obser-

88 285 186 319 ὥσπερ
204 283 311 319 πρῶτος
324 284 339 310 6
358 283 420 316 νοῦς
432 284 597 320 ἐλλάμπεται
612 285 657 311 ἐπὶ
667 285 722 312 τῶν
736 284 815 312 θείων
830 284 882 312 δω-

90 329 174 365 ρεῶν,
188 329 258 355 οὕτω
276 330 322 356 καὶ
337 329 444 365 πρῶτος
459 331 473 356 6
489 330 552 362 νοῦς
565 330 614 366 τὴν
633 331 829 366 ἱεροτελεστίαν
840 331 882 358 δέ-

89 383 178 410 χεται,
192 374 230 406 ὡς
246 375 316 402 θετον
328 375 413 411 δῶρον
427 376 474 402 καὶ
487 374 558 411 ὑ“πὲρ
581 376 751 413 ἄνθρωπον),
767 376 882 412 ὲραστός

89 422 150 447 ἐστι
164 422 222 453 τοῖς
238 421 396 457 ὁμοταγέσι,
411 421 457 448 καὶ
478 421 548 457 ἐρῶν
569 422 616 448 καὶ
636 421 774 458 ἐρώμενος
785 431 792 437 ·
812 422 881 449 ὐπο-

88 467 217 503 δηλοῦται
230 467 284 503 γὰρ
301 467 425 495 ἐντεῦθεν
438 468 469 494 τὸ
482 468 639 495 κοινωνικὸν
656 469 702 495 καὶ
713 470 730 504 ὴ
741 469 784 496 ἐπ’
798 468 881 505 ἀλλή-

89 513 148 546 λοις
160 514 198 546 ὡς
209 515 358 550 όμοειδέσιν
369 515 472 550 ὲραστὴ
485 514 637 551 εὐφροσύνη
647 523 654 530 ·
669 515 759 551 χαίρει
775 515 829 551 γὰρ
844 518 883 554 τῷ

88 560 176 596 ὁμοίῳ
189 561 219 587 τὸ
232 561 333 596 ὅμοιον.

129 604 143 640 §
167 605 222 632 νυ,
250 605 401 633 Ἐπίκειται
423 606 453 633 δὲ
471 606 502 634 τὺ
521 606 592 642 ἱερὸν
612 607 776 642 Εὑαγγέλιον
788 606 828 643 τῷ
840 607 881 639 εις

88 651 222 686 ἀρχιερέα
240 652 412 688 τελουμένου
433 653 500 680 διότι
521 654 595 680 πᾶσα
619 653 733 689 δύναμις
755 654 801 681 καὶ
821 654 881 680 ὲπι-

89 698 140 732 στή
145 706 182 732 μη
196 697 294 724 δίδοται
308 698 394 734 τούτῳ
404 707 410 713 ·
426 699 473 726 καὶ
487 699 641 735 περίκειται
653 699 740 735 τούτῳ
752 698 788 726 τὰ
801 708 880 735 περι-

87 743 188 770 εκτικὰ
209 744 308 776 παντὸς
323 744 396 779 ἱεροῦ
418 745 466 772 καὶ
486 745 565 780 λόγου
590 746 638 773 καὶ
658 746 738 782 ἔργου
760 746 797 777 ὡς
819 746 880 772 ὁλο-

87 789 199 824 κλήρως
211 790 302 826 πάσης
324 791 463 826 μεθέξοντι
483 792 533 827 τῆς
556 792 716 828 ίεραρχικῆς
727 792 878 828 δυνάμεως,

88 835 137 860 καὶ
150 834 188 870 μὴ
203 835 282 870 μόνον
298 836 358 863 καθ’
378 836 459 864 αὑτὸν
475 837 735 873 ὲλλαμφθησομὲνῳ,
752 836 819 864 ἀλλὰ
832 837 879 863 καὶ

86 882 145 913 τοῖς
157 881 247 914 ἄλλοις
262 882 316 910 τῶν
328 882 496 919 δωρημάτων
511 883 700 919 μεταδώσοντι.

126 969 141 1005 §
162 969 231 996 VIII.
251 970 284 996 Τί
294 970 322 996 δέ
334 971 417 1003 ὲσ-τιν,
434 970 474 997 ὅτι
488 971 502 997 6
515 971 564 1006 μὲν
578 971 723 1007 ἀρχιερεὺς
743 971 827 1007 ἄμφω
839 971 879 998 τὼ

88 1015 154 1042 πόδε
168 1016 283 1048 κλίνων,
300 1017 374 1052 ὅμως
388 1017 444 1052 ἔχει
456 1017 503 1044 ἐπὶ
518 1018 638 1053 κεφαλῆς
652 1017 736 1044 αὑτοῦ
758 1018 788 1044 τὺ
808 1018 879 1045 θεῖον

87 1062 269 1096 Εὑαγγέλιοψ
289 1063 304 1089 6
324 1063 352 1089 δὲ
373 1063 463 1099 ἱερεὺς
476 1063 560 1090 κλίνει
581 1064 627 1090 καὶ¹
646 1063 727 1096 αὐτὸς
739 1064 823 1099 ἄμφω
840 1065 879 1092 τὼ

87 1108 152 1135 πόδε
167 1109 256 1144 μόνον,
275 1110 290 1135 6
302 1109 331 1136 δὲ
343 1109 465 1142 διάκονος
480 1110 592 1145 Θάτερον
609 1109 663 1137 τῶν
677 1110 782 1143 ποδῶν;
797 1111 878 1138 Συνε-

87 1153 141 1180 λὼν
152 1154 234 1188 λέγω,
250 1155 291 1181 ὅτι
302 1155 395 1191 ἐπειδὴ
406 1157 480 1191 τρεῖς
492 1156 560 1182 εἰσιν
572 1157 600 1182 αἱ
615 1155 784 1182 τελειωτικαὶ
797 1156 877 1183 δυνά-

88 1208 149 1234 μεις
159 1220 167 1231 ,
187 1200 351 1236 καθαρτικὴ,
367 1202 528 1238 φωτιστικὴ,
546 1203 594 1228 καὶ
607 1201 766 1238 τελειωτική
776 1210 783 1217 ’
797 1203 844 1229 καὶ
863 1204 878 1230 6

87 1246 137 1281 μὲν
150 1245 274 1279 διάκονος
287 1246 343 1283 ἔχει
355 1247 404 1283 τὴν
419 1247 493 1283 μίαν,
507 1249 521 1275 6
538 1247 566 1274 δὲ
580 1247 764 1284 πρεσϐύτερος
775 1248 877 1284 ταύτην

84 1300 116 1318 τε
128 1294 175 1319 καὶ
186 1293 235 1328 τὴν
247 1294 424 1330 φωτιστικὴν,
439 1294 454 1320 6
465 1294 493 1320 δὲ
505 1294 650 1330 ἀρχιερεὺς
663 1295 711 1321 σὺν
723 1295 818 1327 αὑταῖς
829 1295 877 1321 καὶ

84 1335 135 1370 τὴν
147 1336 321 1372 τελειωτικήν
332 1345 339 1352 ·
358 1337 402 1364 διὰ
416 1338 493 1365 τοῦτο
507 1339 521 1364 6
532 1338 664 1371 διάκονος,
680 1339 718 1371 ὡς
740 1339 809 1375 ἔχων
826 1340 876 1375 τὴν

84 1381 254 1418 καθαρτικὴν
267 1383 361 1420 μόνην,
381 1383 493 1420 θάτερον
514 1385 568 1412 τῶν
587 1385 674 1412 ποδῶν
695 1385 796 1412 κλίνει·
816 1387 830 1412 6
846 1386 875 1413 δὲ

85 1427 192 1463 ἱερεὺς,
212 1428 250 1461 ὡς
270 1428 339 1464 ἔχων
361 1431 410 1458 σὺν
428 1431 496 1466 αὐτῇ
510 1431 557 1458 καὶ
574 1431 623 1467 τὴν
637 1432 814 1468 φωτιστικὴν,
828 1433 874 1459 καὶ

83 1473 169 1510 ἄμφω
181 1474 220 1501 τὼ
231 1476 295 1503 πόδε
315 1476 415 1508 κλίνει’
437 1478 450 1504 6
471 1478 562 1514 μέντοι
587 1487 619 1513 γε
638 1479 768 1515 ιεράρχης
788 1479 873 1507 κλίνει

83 1520 131 1546 καὶ
143 1521 223 1553 αὐτὸς
234 1522 317 1557 ἄμφω
328 1522 366 1549 τὼ
379 1522 452 1556 πόδε,
465 1524 629 1560 καθαρτικὺς
640 1524 677 1551 ὢν
689 1525 735 1551 καὶ
747 1533 875 1559 φωτιστι-

84 1567 133 1598 κός
142 1575 149 1582 ⁸
166 1567 273 1600 ἔπειτα,
289 1569 350 1595 ἐπεὶ
369 1570 416 1596 καὶ
428 1569 599 1603 τελειωτικός
610 1571 678 1603 ἐστι,
693 1572 741 1599 καὶ
751 1572 805 1598 ἀπὸ
818 1571 872 1599 τῶν

83 1610 164 1637 θείων
180 1612 352 1647 Εὐαγγελίων
369 1614 418 1650 τὴν
436 1615 575 1642 τελείωσιν
593 1618 720 1649 ποιεῖται,
733 1617 776 1643 διὰ
794 1617 872 1644 τοῦτο
885 1605 906 1634 C

82 1656 232 1683 ἐπιτίθεται
250 1657 335 1693 τούτῳ
356 1659 402 1685 καὶ
421 1658 451 1685 τὸ
471 1659 541 1694 ἱερὸν
556 1660 729 1694 Εὑαγγέλιον.
753 1655 826 1692 Τέως
844 1660 873 1687 δὲ

82 1702 251 1735 ἁπαξαπλῶς
273 1705 289 1739 ἡ
313 1703 367 1731 τῶν
390 1704 478 1732 ποδῶν
499 1705 586 1738 κλίσις
606 1706 690 1741 δηλοῖ,
712 1707 763 1739 ὅτι,
777 1708 802 1734 ει
826 1708 874 1735 καὶ

82 1748 266 1783 προσάγοντες
284 1750 362 1781 εἰσιν,
379 1751 392 1776 6
411 1751 460 1785 μὲν
478 1751 507 1778 ἐν
526 1751 565 1786 τῷ
586 1752 737 1788 καθαίρειν,
763 1754 777 1779 ὁ
797 1753 826 1780 δὲ
843 1754 873 1780 ὲν

80 1792 120 1827 τῷ
140 1793 281 1828 καθαίρειν
294 1794 351 1829 ἅμα
365 1796 412 1821 καὶ
430 1795 470 1831 τῷ
489 1795 627 1830 φωτίζειν,
641 1797 655 1823 6
669 1797 698 1823 δὲ
717 1798 746 1825 ὲν
765 1798 872 1830 τούτοις

81 1838 139 1873 ἅμα
159 1839 205 1865 καὶ
223 1839 262 1874 τῷ
279 1840 409 1873 τελειοῦν,
430 1841 487 1868 ἀλλ’
500 1839 546 1868 οὖν
567 1842 741 1878 ὑποκείμενοί
762 1844 815 1870 είσι
832 1843 871 1879 τῷ

79 1883 149 1918 Θεῷ,
163 1884 210 1910 καὶ
221 1884 295 1920 αὐτῷ
309 1886 460 1914 ὑποτιθεῖσι
476 1887 522 1915 τὸν
534 1889 748 1924 προσαγόμενον.

85 2069 1553 2085 _——_______________—____

261 2127 583 2172 ΚΕΦΑΛΑΙΟΝ
611 2127 659 2172 τῖ’.

209 2197 232 2223 Ι.
251 2197 321 2231 Περὶ
337 2197 396 2224 τῶν
409 2199 595 2233 τελουμένων
608 2199 730 2233 τάξεων.

933 291 978 317 va,
993 283 1064 318 quod
1077 283 1146 310 sicut
1164 283 1280 318 primum
1296 289 1374 310 mens
1387 281 1487 309 divinis
1501 281 1579 309 donis
1594 281 1718 317 illust'ra-

933 334 988 362 tur,
1003 329 1043 357 sic
1057 329 1140 357 etiam
1155 329 1242 365 prima
1263 328 1498 356 consecrationem
1519 327 1644 362 suscipit,
1658 333 1719 354 tan<

931 383 1013 411 quam
1027 375 1147 403 divinum
1166 374 1301 409 quoddam
1325 381 1434 408 munus,
1457 377 1485 401 et
1507 373 1617 401 homine
1632 373 1718 402 subli-

932 421 1031 457 mius),
1047 420 1173 448 amabilis
1190 420 1298 448 exsistit
1323 419 1482 454 aequalibus,
1508 418 1571 446 dum
1595 423 1670 446 amat
1690 424 1718 446 et

931 471 1039 494 amatur
1056 473 1064 493 :
1080 466 1145 493 hinc
1169 466 1243 493 enim
1269 464 1416 499 aequalium
1442 463 1487 490 illa
1506 463 1719 492 communicatio

932 512 1057 540 amabilis
1073 517 1222 548 mutuaque
1238 511 1331 539 latitia
1351 502 1627 539 insinuatur.‘Simile
1644 509 1717 537 enim

931 558 1011 585 simili
1028 558 1136 592 gaudet.

969 603 983 640 §
1005 603 1060 632 Vll.
1092 604 1243 639 lmponitur
1259 608 1350 632 autem
1371 603 1546 639 Evangelium
1567 603 1604 631 illi
1624 603 1670 638 qui
1691 603 1717 630 in

930 649 1089 684 episcopum
1108 654 1301 682 consecratur;
1325 649 1389 683 quia
1412 650 1502 677 onmis
1526 648 1576 684 ipsi
1597 653 1718 683 potestas

931 700 958 723 et
972 695 1087 723 scientia
1102 696 1231 729 traditur,
1248 695 1362 731 ipsique,
1379 699 1508 730 tanquam
1524 694 1657 722 universa:
1670 702 1719 729 po-

932 741 1038 768 testatis
1062 741 1241 769 bierarcbicze
1260 749 1296 769 ex
1316 742 1422 776 integro
1449 740 1594 776 participi,
1622 740 1716 767 insunt

930 794 1100 821 quaecunque
1123 794 1202 814 sacro
1223 786 1346 821 quolibet
1368 787 1426 814 sive
1444 786 1528 814 verbo
1551 785 1609 815 sive
1635 792 1718 819 opere

929 832 1116 865 continentur;
1134 836 1164 859 ut
1187 832 1232 867 qui
1258 840 1312 859 non
1337 832 1365 859 in
1388 832 1535 866 semetipso
1562 835 1666 858 tantum
1686 831 1718 858 il-

931 877 1063 906 lustratus
1084 878 1137 912 sit,
1160 885 1254 906 verum
1278 878 1361 905 etiam
1384 877 1447 906 aliis
1470 877 1624 905 istiusmodi
1647 877 1718 904 dona

896 931 918 960 Β
934 924 1073 960 largiatur.

969 972 983 1007 ς
1004 971 1070 999 Vlll.
1090 971 1161 1006 Quid
1186 975 1277 998 autem
1303 971 1354 999 sibi
1378 971 1453 1004 vult,
1477 970 1549 1006 quod
1575 971 1718 1005 episcopus

931 1023 1076 1053 utrumque
1091 1025 1160 1053 genu
1182 1016 1304 1051 ﬂectens,
1321 1016 1403 1044 simul
1428 1017 1455 1044 in
1478 1017 1569 1052 capite
1596 1016 1717 1043 divinum

930 1063 1013 1090 habet
1033 1063 1220 1098 Evangeiium,
1240 1063 1367 1090 sacerdos
1382 1070 1449 1090 vero
1471 1067 1614 1097 utrumque
1633 1062 1716 1089 etiunt

929 1117 999 1145 genu
1025 1108 1125 1139 ﬂectit.
1144 1116 1238 1136 verum
1261 1109 1395 1136 diaconus
1422 1108 1538 1136 alterum
1563 1107 1717 1135 duntaxat?

928 1154 1152 1190 Compreliensim
1166 1154 1248 1190 249
1262 1155 1334 1188 dico,
1344 1155 1416 1189 quod
1429 1162 1488 1181 cum
1500 1159 1555 1181 tres
1566 1154 1620 1181 sint
1632 1154 1717 1181 virtu-

929 1206 970 1228 tes
978 1201 1136 1235 perfectioni
1146 1202 1306 1234 servientes,
1315 1200 1419 1228 scilicet
1426 1201 1550 1236 expians,
1559 1200 1716 1227 illuminans

927 1251 954 1275 et
964 1254 1168 1280 consummans,
1182 1251 1210 1274 et
1220 1248 1350 1274 diaconus
1360 1247 1469 1281 quidem
1480 1247 1596 1281 primam
1605 1245 1715 1277 hbeat.

927 1293 1056 1320 sacerdos
1071 1299 1162 1320 autem
1176 1297 1274 1328 praeter
1289 1293 1360 1320 lianc
1373 1313 1381 1327 ,
1397 1293 1479 1321 etiam
1504 1292 1716 1325 illuminantem,

927 1339 1075 1374 episcopus
1089 1348 1154 1367 vero
1168 1348 1220 1368 una
1236 1348 1297 1368 cum
1320 1340 1364 1368 bis
1385 1340 1508 1369 obtineat
1521 1347 1715 1368 consumman-

928 1390 980 1413 lem
995 1394 1002 1413 :
1017 1385 1120 1414 idcirco
1136 1387 1277 1421 diaconus,
1293 1392 1421 1423 tanquam
1437 1387 1483 1423 qui
1497 1387 1651 1422 expiantem
1667 1394 1713 1414 so-

925 1432 979 1459 lam
996 1432 1089 1465 habet.
1103 1433 1219 1460 alterum
1234 1441 1305 1469 genu
1319 1434 1420 1466 ﬂectit;
1439 1433 1569 1461 sacerdos
1587 1440 1668 1466 vero,
1685 1437 1714 1460 ut

924 1479 1048 1514 quicum
1067 1480 1118 1506 hac
1132 1480 1214 1507 etiam
1232 1480 1430 1508 illuminantem
1449 1484 1549 1514 teneat,
1567 1483 1713 1515 utrumque

924 1531 995 1560 genu
1009 1524 1105 1557 ﬂectit,
1117 1524 1235 1559 denique
1249 1525 1391 1560 episcopus
1404 1525 1488 1552 ﬂectit
1498 1530 1526 1553 et
1539 1525 1597 1560 ipse
1608 1530 1714 1552 utrum-

925 1577 978 1605 que
994 1578 1077 1605 genu,
1090 1575 1119 1598 ut
1128 1571 1174 1606 qui
1189 1571 1316 1606 expiandi
1331 1575 1359 1598 et
1372 1571 1540 1599 illuminandi
1553 1572 1578 1599 vi
1595 1571 1711 1606 polleat:

923 1616 958 1644 ad
975 1616 1032 1643 Ι]ωο
1047 1623 1122 1650 vero,
1137 1624 1198 1643 cum
1215 1616 1296 1644 etiam
1312 1616 1470 1652 perﬁciendi
1484 1617 1509 1643 vi
1524 1617 1652 1651 praeditus
1663 1618 1711 1649 sit,

925 1666 953 1690 et
962 1669 977 1688 a
989 1662 1088 1689 divinis
1096 1661 1251 1696 Evangeliis
1260 1661 1456 1696 perfectionem
1465 1661 1598 1694 conferat,
1611 1662 1712 1689 idcirco

925 1708 975 1743 ipsi
992 1715 1102 1742 quoque
1123 1716 1231 1735 sacrum
1246 1707 1423 1743 Evangelium
1449 1708 1607 1742 imponitur.
1625 1708 1712 1735 Caete-

925 1761 986 1781 rum
999 1755 1149 1782 universim
1162 1754 1207 1781 illa
1222 1755 1319 1789 pedum
1334 1754 1476 1782 inclinatio
1490 1754 1622 1787 declarat,
1638 1754 1712 1789 quod

924 1801 975 1828 etsi
991 1802 1118 1828 ductores
1130 1802 1195 1834 sint,
1211 1802 1256 1829 hic
1267 1801 1378 1836 quidem
1401 1802 1436 1828 ad
1457 1801 1650 1836 expiationem,
1665 1801 1710 1828 ille

923 1854 989 1876 Vero
1006 1847 1040 1874 ad
1055 1847 1238 1882 expiationem
1258 1847 1338 1874 simul
1359 1851 1387 1875 et
1408 1847 1643 1880 illuminationem,
1663 1848 1710 1874 de-

923 1893 1006 1927 nique
1019 1893 1087 1920 alius
1101 1898 1232 1928 praeterea
1249 1893 1282 1920 ad
1296 1893 1501 1927 perfectionem,
1511 1897 1631 1920 attamen
1645 1893 1711 1920 sub-

922 1939 985 1973 jecti
1002 1939 1059 1966 sint
1075 1939 1148 1972 Deo,
1167 1939 1273 1974 ipsique
1290 1938 1438 1973 subjiciunt
1451 1947 1512 1967 eum
1527 1946 1607 1974 quem
1624 1938 1709 1966 addu-

922 1989 995 2012 cunt.

1558 2075 1694 2084 _—_

1150 2135 1341 2181 CAPUT
1376 2138 1461 2182 Vl.

1085 2203 1106 2231 Ι.
1127 2203 1166 2232 De
1181 2205 1320 2232 ordinibus
1333 2205 1379 2241 qui
1391 2205 1540 2234 initiantur.

729 2277 897 2307 SYNOPSIS
923 2279 1070 2309 CAPlTIS.

167 2343 416 2388 Maiestas“
426 2345 455 2388 1-.
460 2345 821 2388 esimtetéimeeienez:
834 2348 985 2388 thesim
997 2349 1172 2388 illunu'mmz-
1184 2351 1227 2388 nt-
1252 2352 1364 2388 animm.
1375 2352 1542 2388 perﬁciantur.
1562 2354 1624 2388 inter
1644 2362 1704 2388 quos

101 2376 411 2418 ῘζιοιιίιςΙιῖρῙςηιξλ-
423 2377 703 2418 Secunldgzpaurtitrgdft
712 2376 760 2418 quo
774 2378 823 2404 ritu
832 2376 942 2418 "tonitoni
953 2385 1128 2407 consecrenmr.
1144 2376 1228 2418 Tertio
1239 2376 1704 2418 pﬁi‘ié‘__3§ity’u}jéii'Eéiziébziiléiimﬁ}

102 2407 127 2438 in
139 2413 187 2435 qua
209 2407 308 2438 exponit
320 2408 337 2432 l.
354 2410 402 2432 Cur
414 2407 525 2433 monac/ti
540 2407 586 2433 non

100 2437 148 2470 Ill,
163 2438 225 2467 Quid
238 2439 317 2470 crucis
333 2438 446 2470 signatio.
474 2439 513 2470 ιν.
539 2438 585 2468 Qui

100 2469 194 2494 ratione
211 2469 316 2495 caelestes
328 2468 427 2495 ordines
436 2469 572 2502 expientur,

858 2530 910 2567 δι.

628 2407 669 2443 Iis
678 2407 776 2444 genibus
788 2429 804 2446 τι
811 2410 854 2446 sed
865 2414 952 2446 stantes
963 2417 1137 2446 consecrantur.
1162 2407 1198 2438 [Ιξ
1208 2407 1276 2444 Quid
1286 2407 1426 2446 initiati
1431 2407 1531 2441 "addi;
1536 2407 1702 2443 ’ἳὲὶῑιὶἓᾶἲῐὶὲὸῖ

629 2441 722 2471 prioris
746 2441 816 2467 vestis
837 2442 875 2474 de;

929 2442 964 2468 to.
987 2443 1015 2469 V.
1039 2444 1102 2474 Quid
1131 2441 1386 2472 sacra'cammunio.’
1400 2449 1440 2474 VI.
1465 2441 1702 2480 amoenitatum

102 2594 188 2625 Αδται
208 2597 257 2634 μὲν
269 2598 296 2625 al
315 2599 451 2635 ίερατικαὶ
470 2600 562 2634 τάξεις
583 2610 612 2628 τε
629 2602 676 2628 καὶ
698 2602 861 2639 ἀποκληρὼ-

950 2605 1038 2640 Atque
1054 2606 1081 2633 hi
1095 2606 1202 2641 quidem
1215 2610 1278 2633 sunt
1291 2605 1360 2633 scri
1369 2605 1478 2634 ordines
1486 2611 1634 2640 eorumque
1645 2605 1704 2633 dis-

69 2651 133 2675 σεις,
156 2643 284 2679 δυνάμεις
302 2653 331 2670 τε
353 2645 442 2673 αὐτῶν
460 2647 507 2673 καὶ
528 2646 663 2683 ἐνέργειαι
685 2649 733 2675 καὶ
751 2648 861 2675 τελειώ-

68 2697 138 2720 σεις·
163 2688 212 2724 τὴν
242 2690 270 2716 δὲ
300 2690 346 2717 ὑπ’
373 2691 458 2723 αὐτὰς
481 2692 577 2728 τριάδα
603 2692 657 2720 τῶν
685 2693 852 2729 τελουμένων

67 2734 167 2768 τάξεων
186 2734 250 2769 ἑξῆς
269 2735 434 2772 ἁφηγητέον.

100 2783 222 2819 Λέτομεν
234 2784 366 2818 τοίνυνη,
380 2786 420 2813 ὃτι
431 2787 626 2825 καθαιρόμεναι
639 2788 687 2825 μέν
696 2790 748 2816 εισι
760 2789 852 2822 τάξεις

917 2652 1079 2680 tributiones
1099 2660 1131 2680 ac
1154 2653 1271 2680 virtutes
1287 2657 1314 2679 et
1326 2652 1497 2686 operationes
1512 2655 1593 2685 atque
1607 2659 1700 2678 conse-

915 2699 1053 2726 crationes
1070 2707 1077 2725 :
1096 2699 1194 2734 triplex
1216 2700 1296 2727 modo
1310 2706 1395 2734 genus
1415 2698 1540 2726 ordinum
1557 2698 1702 2726 initiando-

916 2751 974 2770 rum
988 2750 1110 2778 superest
1124 2745 1325 2779 exponendum.

949 2789 1071 2819 Dicimus
1086 2791 1178 2826 igitur,
1192 2791 1302 2820 ordines
1315 2790 1375 2819 illos
1387 2791 1434 2827 qui
1456 2790 1611 2826 expiantur,
1636 2797 1698 2817 esse

706 2866 825 2895 VARIIE
842 2866 1047 2897 LECTIONES.

107 2919 130 2937 ⁸⁵
142 2919 267 2957 λέγωμεν
278 2921 378 2956 τοίνυν,
395 2922 429 2950 Μ.
445 2922 475 2950 Ρ.
