1929 3068
798 150 826 178 S.
845 151 993 180 DlONYSll
1011 153 1244 183 AREOPAGITE

1792 156 1850 185 533

222 203 315 232 turbas
329 203 388 233 illas
399 211 460 240 qua!
473 212 487 232 a
506 206 592 233 sacris
606 204 788 235 lunctionibus
806 213 835 236 et
854 216 998 237 consecra~

1056 213 1078 238 ιὶ
1103 211 1156 239 τῶν
1179 212 1340 248 ἱερουργιῶν
1351 213 1398 240 καὶ
1419 212 1616 248 τελετουργιῶν
1627 213 1650 231 ⁹⁸
1664 213 1762 242 ἀποδια
1771 214 1851 241 στελ-

218 251 338 279 tionibus
359 256 548 288 segregantur,
565 259 679 286 quarum
695 255 818 288 superius
838 257 1001 283 mentionem

219 297 335 326 fecimus
352 307 360 326 :
377 306 491 334 quorum
509 297 578 326 alius
599 299 708 333 quidem
731 307 747 327 a
770 301 855 328 sacris
879 307 1001 334 arcetur,

217 345 289 379 quod
312 344 401 372 adhuc
421 352 435 371 a
452 345 582 372 ministris
602 346 635 373 ad
660 346 769 374 vitalem
791 352 897 381 partum
913 349 1003 377 verbis

217 391 460 419 obstetricantibus
483 391 607 420 foveatur
625 397 706 427 atque
731 393 908 426 efformetur;
934 394 1004 422 alter

218 444 294 470 vero,
312 438 382 473 quod
402 439 550 466 etiamnum
569 439 602 466 ad
620 446 692 472 eam,
709 447 724 467 a
740 447 791 474 qua
815 440 922 473 defecit,
941 441 1004 468 vitae

218 486 428 513 sanctimoniam
443 487 628 514 adhortatoria
646 494 802 514 sermonum
817 488 948 515 bonorum
962 489 1004 515 di-

218 532 330 566 scipllna
347 538 506 566 revocetur;
523 533 593 561 alius
618 538 725 566 autem,
741 534 812 568 quod
834 534 923 562 adhuc
938 542 1004 562 con-

219 577 312 605 trariis
327 579 474 612 pavoribus
495 579 628 614 ignaviter
647 583 794 609 terreatur.
814 583 895 614 alque
906 584 1003 614 poten-

219 624 292 652 tibus
304 624 389 660 250
399 625 514 659 eloquiis
526 625 736 659 corroboretur;
753 627 822 654 alius
839 633 914 660 vero,
933 627 1003 662 quod

218 669 306 697 adhuc
320 672 355 697 ab
367 671 494 705 operibus
510 672 646 705 perversis
658 673 692 699 ad
708 680 800 700 sacras
812 673 934 700 actiones
949 677 1004 700 tra-

218 715 345 748 ducatur;
358 716 440 751 alius,
453 717 523 751 quod
540 717 595 751 jam
612 718 755 746 traductus
773 719 881 753 quidem
894 719 940 751 sit,
957 719 1004 746 sed

218 762 337 789 nondum
365 763 542 790 constantiam
565 763 592 790 in
613 763 711 791 divinis
739 763 1005 799 immutabilibusque

218 807 340 834 scientiis
348 808 383 835 sit
392 812 564 835 consecutus.
575 807 607 834 lli
616 808 687 835 enim
696 812 760 836 sunt
768 808 878 836 ordines
885 808 930 843 qui
939 816 1006 836 cura

218 853 403 881 ministrorum
419 858 446 881 et
461 855 593 888 purgandi
607 854 632 881 vi
648 855 801 890 expiantur,
823 862 890 889 quos
907 855 940 882 ad
955 855 1006 883 hoc

1053 257 1163 292 λόμεναι
1177 258 1311 294 πληθύες,
1331 255 1369 285 ὧν
1382 258 1430 294 ἤδη
1452 260 1561 295 μνήμην
1574 259 1777 295 ἐποιησάμεθαο
1801 259 1851 294 τῆς

1056 303 1115 338 μὲν,
1128 303 1166 335 ὡς
1188 303 1229 331 ἔτι
1252 305 1319 341 πρὸς
1340 305 1395 331 τῶν
1418 304 1581 341 λειτουργῶν
1599 307 1655 337 τοῖς
1676 307 1852 341 μιευτικοίς

1054 348 1153 383 λογίοις
1173 350 1242 385 πρὸς
1259 350 1376 386 ζωτικὴν
1395 350 1520 382 ἀπότεξιν
1535 351 1724 387 μορφουμένης
1743 359 1774 377 τε
1795 351 1846 377 καὶ

1053 395 1283 432 διαπλαττομένης
1295 405 1301 412 ·
1321 397 1370 432 τῆς
1388 397 1427 428 δὲ,
1441 396 1479 429 ὡς
1494 396 1534 423 ἔτι
1553 397 1623 433 πρὸς
1637 397 1688 432 τὴν
1709 397 1794 432 ίερὰν,
1809 394 1846 433 ἦς

1054 440 1158 476 ἀπέστη
1192 440 1265 476 ζωῆς
1293 441 1565 477 ὰνακικλησκομένης
1589 443 1622 478 τῇ
1650 441 1706 468 τῶν
1732 441 1847 476 ἀγαθῶν

1054 486 1151 521 λογίων
1173 488 1352 522 ὲπιτρεπτικῇ
1362 487 1384 502 ⁸⁸
1405 487 1580 524 διδασκαλίᾳ·
1605 488 1654 524 τῆς
1673 487 1720 519 δὲ,
1743 487 1782 519 ὡς
1803 487 1846 514 ἔτι

1055 533 1123 569 πρὸς
1135 532 1189 559 τῶν
1202 533 1330 559 ἐναντίων
1354 533 1453 559 ἰτ-ποιῶν
1473 534 1610 570 ἀνάνδρως
1629 533 1846 569 ἐκδειματοιιμέ-

1054 586 1103 613 νης
1114 597 1121 609 ,
1136 578 1263 614 καὶπρὸς
1280 577 1333 605 τῶν
1353 578 1540 613 δυναμοτιοιῶν
1558 578 1655 613 λογίων
1675 579 1846 614 ὲπιρῤωννυ-

1058 623 1141 659 μένης
1152 632 1159 639 ⁵
1175 624 1224 659 τῆς
1239 624 1278 655 δὲ,
1294 624 1332 656 ὼς
1349 624 1390 650 ἔτι
1404 624 1471 660 πρὸς
1482 625 1532 656 τὰς
1552 624 1629 660 ἱερὰς
1647 619 1847 660 ἐνεργείας’ὲκ

1055 669 1110 696 τῶν
1119 670 1247 705 χειρόνων
1260 670 1445 706 μεταγομένης
1457 679 1463 685 ·
1475 670 1525 705 τῆς
1535 670 1574 702 δὲ,
1583 670 1621 702 ὡς
1633 670 1814 706 μεταχθείσης
1821 670 1845 686 ⁸⁷

1058 717 1116 752 μὲν,
1133 716 1210 743 οῠπω
1224 717 1252 743 δὲ
1265 717 1295 743 τὸ
1311 718 1456 751 τπανάγνως
1476 717 1673 752 ἀνεπίστροφον
1698 718 1726 743 ἐν
1744 717 1846 744 θειοτέ-

1058 773 1118 801 ραις
1140 764 1213 798 ἕξεσι
1238 765 1286 792 καὶ
1311 765 1471 796 ἁσαλεύτοις
1494 765 1654 800 ἐσχηκυίας.
1682 763 1768 793 Abeat
1788 766 1847 802 γάρ

1056 812 1126 838 εἰσιν
1143 812 1170 838 ai
1184 811 1381 847 καθαιρόμεναι
1405 812 1497 844 τάξεις
1514 812 1567 839 ὑπὸ
1581 812 1631 847 τῆς
1653 812 1847 848 λειτουργικῆς

1059 856 1211 892 μαιεύσεως
1235 857 1283 883 καὶ
1310 856 1479 893 καθάρσια-ῆς
1505 857 1660 892 δυνάμεως·
1689 857 1791 889 ταύτας
1817 858 1846 884 οἱ

219 898 334 926 ministri
347 899 433 926 sacris
447 899 502 927 suis
516 900 661 927 virtutibus
677 901 839 935 provehunt.
849 905 878 927 ut
889 901 1004 936 perfecte

1057 889 1208 937 λειτουργοὶ
1222 903 1283 934 ταῖς
1307 889 1393 937 ἱεραῖς
1421 889 1510 929 αὐτῶν
1537 889 1665 937 δυνάμεσι
1691 902 1846 937 τελεσιουρ-

219 945 337 980 purgati,
356 945 390 972 ad
412 945 610 974 illuminantem
632 947 878 975 illustrissimorum
896 948 1004 974 sacrifi-

219 991 323 1018 ciorum
341 991 598 1026 contemplationem
620 997 648 1020 et
672 993 893 1021 communionem
911 993 1004 1021 tradu-

217 1043 326 1065 cantur.
403 1055 420 1072 ι.

991 1129 1005 1166 §

253 1231 358 1259 Medius
373 1235 464 1258 autem
479 1230 548 1258 ordo
561 1235 603 1258 est
618 1230 643 1258 is
655 1231 699 1265 qui
718 1237 858 1258 Sacrorum
874 1237 1006 1265 quorum-

217 1278 280 1306 dam
299 1282 409 1313 aspectu
425 1277 542 1313 gaudet,
559 1281 640 1311 atque
655 1279 811 1304 earumdem
831 1285 880 1312 pro
896 1277 1005 1304 modulo

217 1331 266 1352 suo
283 1324 310 1351 in
325 1323 399 1351 omni
411 1323 527 1358 puritate
541 1322 675 1358 particeps
689 1323 808 1355 exsistit,
819 1323 865 1357 qui
880 1322 1003 1355 luminis,

218 1369 368 1404 accipiendi
384 1368 472 1404 gratia
494 1369 667 1396 sacerdotum
685 1376 758 1396 curze
775 1374 817 1396 est
834 1369 1004 1397 commissus.

218 1416 396 1450 Perspicuum
419 1420 461 1443 est
484 1415 556 1443 enim
568 1435 577 1449 ,
595 1419 626 1442 ut
641 1416 772 1447 arbitror,
786 1415 858 1442 hunc
881 1415 916 1442 ab
931 1415 1004 1442 omni

218 1461 280 1490 labe
295 1461 399 1490 nefaria
415 1462 566 1497 expiatum,
581 1466 609 1489 et
621 1467 724 1489 castam
740 1466 822 1496 atque
839 1461 1004 1490 immobilem

219 1510 319 1538 mentis
337 1518 394 1538 sua:
404 1511 495 1538 sedem
508 1511 646 1545 adeptum,
656 1510 688 1537 ad
700 1509 902 1545 contemplandi
915 1509 1005 1537 scien-

221 1556 286 1584 tiam
304 1561 388 1591 alque
401 1556 530 1583 virtutem
547 1556 720 1583 sacerdotum
738 1563 821 1591 opera
837 1555 1004 1590 promoveri.

1055 947 1133 982 γοῦσι
1155 947 1224 983 πρὸς
1247 947 1277 974 τὸ
1299 947 1399 979 τελέως
1415 947 1438 963 ’⁸
1455 947 1670 981 ὲκκαθαρθείσας
1693 946 1778 978 αὑτὰς
1805 947 1847 977 εἰς

1056 993 1104 1029 τὴν
1121 992 1286 1028 φωτιστικὴν
1303 992 1358 1019 τῶν
1378 993 1533 1027 φανοτάτων
1554 992 1715 1028 ἱερουργιῶν
1728 992 1848 1028 θεωρίαν

1055 1048 1086 1066 τε
1097 1040 1144 1066 καὶ
1158 1039 1299 1066 κοινωνίαν
1315 1038 1482 1075 μεταχθῆναι
1492 1040 1526 1065 θ’.

1029 1128 1068 1158 ll.

1090 1232 1169 1270 Μέση
1181 1232 1209 1260 δὲ
1222 1232 1299 1266 τάξις
1313 1233 1385 1260 ἐστὶν
1399 1233 1416 1268 ή
1431 1232 1583 1269 θεωρητικὴ
1604 1232 1651 1259 καί
1667 1241 1747 1259 τινων
1763 1231 1849 1268 ιερῶν

1054 1278 1195 1313 ἀναλόγως
1220 1279 1250 1305 ὲν
1276 1278 1443 1314 καθαρότητι
1474 1279 1549 1316 πάσῃ
1573 1278 1716 1310 κοινωνὸς,
1740 1279 1757 1313 ἡ
1783 1279 1843 1309 τοῖς

1055 1323 1173 1360 ἱερεῦσιν
1192 1325 1232 1356 είς
1252 1325 1283 1351 τὸ
1305 1323 1431 1359 φωτίζειν
1451 1324 1536 1360 αὐτὴν
1556 1323 1768 1360 ἁπονεμηθεῖσα.
1789 1323 1847 1350 Καὶ

1053 1370 1108 1404 γάρ
1121 1369 1205 1401 ἐστιν,
1220 1369 1258 1400 ὠς
1273 1369 1350 1404 οἶμαι
1360 1389 1367 1400 ,
1381 1368 1471 1404 δῆλον,
1485 1369 1522 1401 ὡς
1537 1370 1553 1405 ἡ
1572 1369 1739 1404 καθαρθείσα
1754 1369 1845 1404 πάσης

1054 1415 1161 1450 ἀνιέρου
1183 1415 1308 1450 κηλίδος,
1334 1415 1382 1442 καὶ
1410 1415 1545 1450 πάναγνον
1568 1416 1700 1451 ἐσχηκυῖα
1724 1415 1773 1450 τὴν
1795 1415 1845 1442 τοῦ

1053 1460 1154 1487 οἰκείου
1170 1460 1229 1492 νοὸς
1251 1459 1379 1494 ἀκίνητον
1395 1459 1509 1494 ἵδρυσιν,
1529 1459 1577 1485 ἐπὶ
1601 1459 1654 1494 τὴν
1673 1458 1846 1494 θεωρητικὴν

1054 1505 1110 1540 ἕξιν
1126 1507 1172 1533 καὶ
1191 1506 1305 1542 δύναμιν
1321 1505 1500 1542 ίερουργικῶς
1511 1505 1544 1521 ¹⁰⁶
1560 1505 1715 1540 μετάγεται,
1727 1505 1774 1531 καὶ
1786 1513 1845 1531 κοι-

1055 1554 1134 1580 νωνεῖ
1147 1554 1204 1585 τοῖς
1219 1553 1278 1580 κατ’
1299 1553 1384 1587 αὐτὴν
1400 1552 1548 1583 θειοτάτοις
1567 1551 1726 1587 συμϐόλοις,
1741 1552 1771 1577 ὲν
1785 1553 1845 1582 ταῖς

218 1601 470 1636 divinissimisque,
496 1602 596 1636 quibus
617 1601 653 1628 illi
671 1601 711 1628 las
734 1605 796 1633 est.
822 1601 1003 1628 sacramentis

1056 1599 1183 1635 θεωρίαις
1199 1599 1291 1626 αὐτῶν
1314 1599 1361 1626 καὶ
1379 1598 1542 1630 κοινωνίαις,
1565 1598 1675 1633 ἀπάσης
1700 1598 1776 1633 ἱερᾶς
1801 1599 1846 1624 εὑ-

217 1647 438 1678 communicare,
456 1646 483 1673 in
499 1654 614 1682 quorum
636 1646 912 1681 coutemplationibus
927 1654 1005 1674 com-

218 1692 449 1727 tnuniouibusque
464 1692 539 1720 omni
561 1699 640 1719 sacro
661 1692 759 1727 gaudio
783 1692 912 1728 repletur,
928 1697 956 1720 et
971 1692 1005 1720 ad

219 1737 338 1765 divinum
353 1738 510 1765 earumdem
525 1738 648 1766 scientia:
663 1745 783 1766 amorem
800 1745 850 1774 per
872 1739 1006 1773 anagogi-

217 1791 264 1811 cas
279 1784 395 1811 virtutes
410 1791 459 1819 pro
471 1784 542 1812 virili
559 1792 610 1812 suo
624 1785 760 1813 subvolat.
778 1785 854 1814 lluuc
868 1793 933 1821 ergo
944 1794 1007 1813 san-

217 1835 270 1857 ctm
283 1829 370 1864 plebis
382 1830 508 1857 ordinem
520 1831 642 1866 appello;
660 1831 760 1866 quippe
776 1831 822 1866 qui
838 1838 886 1866 per
899 1839 1007 1859 omnem

217 1873 403 1908 expiationem
418 1881 453 1902 eo
464 1875 627 1909 pervenerit.
643 1880 673 1902 ut
687 1881 864 1904 sacrosancto
878 1882 1007 1911 praestan-

219 1919 385 1947 tissimorum
395 1924 629 1948 sacramentorum
643 1924 751 1955 aspectu
764 1925 791 1949 et
802 1922 1006 1954 communione,

217 1969 350 2001 quantum
367 1965 409 1994 fas
421 1970 473 2000 est,
488 1966 587 2001 dignus
600 1967 636 1994 sit
650 1966 769 1994 habitus.

1054 1645 1191 1683 φροσύνης
1208 1645 1456 1682 ἀποπληρουμένη,
1480 1646 1527 1672 καῖ
1550 1645 1618 1681 προς
1634 1644 1680 1671 τὸν
1699 1644 1771 1671 Θεῖον
1793 1643 1847 1678 τῆς

1054 1694 1209 1729 ἐπιστήμης
1232 1692 1321 1719 αὐτῶν
1344 1693 1434 1729 ἔρωτα
1461 1695 1521 1725 ταῖς
1548 1691 1733 1726 ἀναγωγικαίς
1753 1691 1845 1717 αὐτῶν

1054 1740 1200 1776 δυνάμεσιν
1231 1740 1370 1774 ἀναλόγως
1397 1740 1631 1775 άνατπερουμὲνη.
1653 1738 1762 1774 Ταύτην
1789 1738 1846 1772 ἐγώ

1056 1795 1126 1823 φημι
1142 1787 1191 1823 τὴν
1204 1787 1251 1814 τοῦ
1270 1786 1344 1822 ἱεροῦ
1362 1786 1427 1813 λαοῦ
1447 1786 1534 1819 τάξιν,
1555 1786 1592 1818 ὡς
1611 1784 1654 1812 διὰ
1675 1785 1764 1820 πάσης
1780 1784 1845 1820 ὲλη-

1056 1831 1168 1858 λυθυϊαν
1191 1832 1366 1867 καθάρσεως,
1384 1831 1431 1858 καὶ
1447 1831 1497 1866 τῆς
1520 1832 1595 1866 ἱερᾶς
1611 1830 1665 1857 τῶν
1688 1829 1846 1865 φανοτάτων

1055 1877 1171 1905 τελετῶν
1189 1877 1303 1913 ὲποψίας
1320 1878 1366 1904 καὶ
1390 1876 1592 1910 κοινωνίας,ὡς
1615 1876 1740 1912 θεμιτὸν,
1760 1874 1842 1910 ἠξιω-

1057 1923 1149 1959 μένην-

983 2051 997 2087 §
1018 2049 1075 2080 ΠΙ.

254 2141 382 2170 Summus
392 2149 458 2171 vero
468 2151 561 2171 eorum
577 2145 697 2172 omnium
712 2144 757 2180 qui
773 2143 950 2180 perficiuntur
961 2148 1004 2171 est

217 2189 286 2216 ordo
297 2197 377 2216 sacer
389 2190 597 2223 monachorum,
613 2198 674 2217 cum
689 2195 716 2218 et
728 2190 800 2218 omni
815 2190 933 2225 piaculo.
947 2195 1002 2217 tota

218 2236 256 2268 vi,
270 2236 401 2271 omnique
415 2237 554 2265 actionum
575 2245 686 2265 suarum
708 2237 886 2264 sanctimonia
906 2237 942 2263 sit
954 2243 1003 2264 ex~

216 2282 319 2316 piatus.
338 2286 366 2309 et
381 2282 469 2309 omnis
488 2283 627 2317 mysterii,
643 2282 713 2317 quod
730 2282 839 2316 quidem
862 2281 887 2308 ei
911 2281 951 2308 fas
968 2281 1003 2308 sit

218 2328 359 2363 aspicere.
385 2334 523 2363 spectator
541 2329 732 2364 particepsque
748 2329 783 2356 sit
803 2329 902 2361 factus,
919 2328 1005 2354 tradi-

218 2379 318 2410 tusque
339 2375 492 2410 perficienti
517 2375 677 2410 pontificum
698 2375 798 2406 ordini,
815 2374 893 2407 cujus
906 2374 1005 2401 divinis

218 2421 447 2449 illustrationibus
460 2421 662 2456 pontiﬁciisque
675 2421 805 2448 institutis
816 2427 956 2447 sacrorum
969 2419 1003 2446 ad

219 2475 248 2495 se
265 2468 445 2502 spectantium
465 2468 656 2503 mysteriorum
671 2466 893 2495 consecrationes
910 2465 1003 2493 erudi-

217 2519 273 2545 tus,
289 2514 322 2541 ab
337 2513 494 2540 earumdem
511 2520 590 2540 sacra
603 2513 717 2539 scientia
731 2511 764 2539 ad
778 2511 1005 2546 perfectissimam

218 2566 268 2593 pro
280 2566 331 2586 suo
345 2559 454 2586 modulo
468 2558 663 2593 perfectionem
675 2558 818 2585 evehatur.
834 2557 902 2584 Hinc
914 2556 1002 2584 sancti

218 2612 401 2641 praeceptores
417 2606 502 2634 nostri
520 2606 621 2632 diviuis
638 2613 685 2632 eos
700 2603 924 2639 appellationibus
939 2606 1003 2631 sunt

219 2653 375 2687 prosecuti;
401 2652 446 2679 alii
471 2652 579 2687 quidem
605 2652 790 2686 therapeutas,
807 2658 857 2678 seu
873 2649 998 2682 cultores,

217 2698 264 2726 alii
278 2705 343 2725 vero
360 2698 508 2726 monachos
520 2717 528 2729 ,
545 2705 608 2725 cum
629 2705 643 2725 a
667 2698 777 2725 sincero
801 2697 848 2724 Dei
873 2696 1002 2724 tetuulatu

1097 2144 1129 2172 Ἡ
1150 2144 1178 2171 δὲ
1199 2144 1254 2171 τῶν
1274 2142 1443 2179 τελουμένων
1458 2143 1572 2170 ἁπασῶν
1596 2142 1749 2178 ὑψηλοτέρα
1768 2143 1844 2176 τάξις

1056 2190 1073 2225 ὴ
1092 2189 1147 2216 τῶν
1170 2189 1294 2225 μοναχῶν
1310 2190 1383 2215 ἐστιν
1401 2188 1461 2224 ἱερὰ
1478 2188 1666 2224 διακόσμησις,
1687 2189 1776 2214 πᾶσαν
1795 2189 1843 2224 μὲν

1057 2234 1319 2270 ἀποκεκαθαρμένην
1337 2234 1481 2269 κάθαρσιν,
1503 2233 1580 2268 ὁλικῇ
1591 2233 1705 2268 δυνάμει
1718 2234 1765 2260 καὶ
1777 2243 1843 2260 παν-

1054 2281 1127 2308 τελεῖ
1149 2281 1202 2307 τῶν
1224 2281 1331 2307 οἰκείων
1354 2280 1498 2316 ἐνεργειῶν
1519 2279 1663 2314 ἁγνότητι,
1689 2280 1779 2314 πάσης
1795 2280 1840 2311 δὲ,

1055 2327 1122 2363 ὅσης
1141 2326 1250 2362 θεμιτὸν
1267 2327 1335 2362 αὐτῇ
1350 2346 1357 2358 ,
1380 2325 1492 2362 Θεωρεῑν
1519 2325 1689 2361 ἱερουργίας,
1716 2325 1744 2351 ὲν
1763 2326 1843 2361 νοερᾷ

1055 2372 1156 2408 θεωρίᾳ
1186 2373 1233 2399 καὶ
1264 2371 1390 2407 κοινωνίᾳ
1415 2371 1585 2407 γεγενημένη
1599 2391 1605 2402 ,
1632 2371 1679 2397 καὶ
1703 2372 1763 2402 ταῖς
1788 2371 1841 2397 τῶν

1054 2419 1189 2455 ίεραρχῶν
1219 2418 1403 2450 τελειωτικαίς
1437 2418 1585 2453 δυνάμεσιν
1614 2417 1839 2454 ἐγχειριζομένη,

1054 2465 1102 2492 καὶ
1126 2467 1186 2497 ταῖς
1206 2465 1307 2496 ἐνθέοις
1328 2464 1416 2491 αὐτῶν
1437 2464 1585 2500 ὲλλάμψεσι
1607 2464 1654 2490 καὶ
1672 2465 1840 2500 ἱεραρχικαῖς

1052 2510 1232 2545 παραδόσεσιν
1251 2509 1462 2544 ὲκδιδασκομένη
1483 2509 1533 2540 τὰς
1558 2509 1770 2540 ἐποπτευθείσας
1786 2508 1840 2534 τῶν

1053 2556 1113 2583 κατ’
1126 2555 1209 2590 αὐτὴν
1225 2554 1303 2590 ἱερῶν
1316 2554 1431 2581 τελετῶν
1446 2555 1600 2590 ἱερουργίας
1614 2575 1621 2587 ,
1646 2554 1693 2581 καὶ
1712 2554 1780 2590 πρὸς
1792 2554 1838 2589 τῆς

1053 2604 1129 2639 ἱερᾶς
1149 2601 1238 2628 αὐτῶν
1261 2601 1416 2636 ἐπιστήμης
1442 2600 1580 2635 ἀναλόγως
1606 2602 1645 2633 εἰς
1667 2600 1837 2636 τελειοτάτην

1052 2647 1208 2682 ἀναγομένη
1225 2645 1374 2673 τελείωσιν.
1399 2645 1494 2672 Ἔνθεν
1517 2647 1543 2672 οἱ
1562 2646 1628 2672 θεῖοι
1650 2647 1837 2682 καθηγεμόνες

1052 2694 1129 2730 ἡμῶν
1151 2691 1312 2727 ὲπωνυμιῶν
1330 2691 1428 2723 αὐτοὺς
1450 2691 1530 2728 ἱερῶν
1550 2691 1678 2727 ἠξίωσαν.
1693 2693 1717 2719 οἱ
1733 2692 1783 2727 μὲν
1797 2692 1840 2719 θε-

852 2787 969 2817 VARUE
986 2783 1187 2815 LECTlONES.

251 2851 276 2867 "
299 2851 489 2886 ἱερουργικῶν,
508 2850 538 2877 Ρ.
561 2850 751 2886 λειτουργιῶν,
772 2849 806 2876 Μ.
843 2850 867 2865 ⁸⁸
891 2845 1141 2886 ὲπιστρεπτικῇεΡ.

1190 2846 1219 2887 ’ζ
1237 2845 1459 2887 μετ-αταχθείσης,
1481 2843 1511 2872 P.
1558 2844 1580 2861 ’⁸
1607 2843 1726 2875 τελείως,
1751 2842 1781 2870 S.
1804 2841 1833 2870 P.

231 2887 241 2901 '
257 2876 468 2922 “gitimam,
484 2876 514 2914 Β,
531 2876 562 2914 D.
577 2876 613 2914 ita
625 2876 718 2914 dum
731 2876 893 2913 b’icunensis
909 2876 1006 2912 codex.
1045 2876 1251 2918 ¹⁰⁶”ῐερουργῶξ,
1269 2881 1303 2908 Μ.
