1929 3068
99 164 152 191 535

626 167 670 195 DE
687 167 827 196 ECCLES.
845 169 1045 204 HIERARCH.,
1062 169 1139 199 CAP.
1160 171 1203 200 Vl.

1676 175 1728 204 554

98 219 264 268 ραπευτὰς,
290 221 314 247 si
337 221 366 248 δὲ
390 222 523 258 μοναχοὺς
549 223 727 259 ὀνομάζοντες
741 225 762 257 ι,
785 225 818 252 ὲκ
840 225 892 261 τῆς

948 232 1025 262 atque
1041 227 1125 261 cultu,
1139 232 1196 256 tum
1209 228 1244 256 ab
1261 229 1399 259 individua
1412 236 1440 260 et
1452 232 1581 268 singulari
1605 233 1660 261 vita
1680 234 1726 261 de‘

97 263 146 290 τοῦ
168 265 234 292 Θεοῦ
248 266 370 302 καθαρᾶς
383 268 534 304 ὑπηρεσίας
549 270 596 296 καὶ
608 269 766 305 θεραπείας,
780 271 827 297 καὶ
843 272 892 307 τῆς

98 309 253 347 ἀμερίστου
273 313 320 339 καὶ
335 313 437 346 ἐνιαίας
450 313 521 350 ζωῆς
531 335 538 347 ,
550 315 588 347 ὡς
605 316 779 352 ὲνοποιούσης
793 317 892 349 αὐτοὺς

98 356 130 382 ἐν
146 359 206 390 ταῖς
218 357 271 385 τῶν
281 358 424 395 διαιρετῶν
437 361 522 396 ἱεραῖς
534 361 726 396 συμπτύξεσιν,
738 364 777 394 εἰς
789 362 892 399 θεοειδῆ

105 405 208 439 μονάδα
227 405 274 432 καὶ
295 405 417 440 φιλόθεον
436 407 590 434 τελείωσιν·
613 408 652 435 διὸ
669 408 717 435 καὶ
735 409 894 446 τελεστικὴν

103 451 197 482 αὐτοῖς
209 451 364 487 ἐδωρήσατο
376 452 454 488 χάριν
466 453 482 488 ἡ
496 453 557 489 ἱερὰ
568 453 730 490 θεσμοθεσία
739 474 746 486 ,
760 455 808 482 καί
820 464 893 487 τινος

103 497 205 529 αὐτοὺς
218 497 333 532 ἠξίωσεν
346 499 530 534 ἀφιερωτικῆς
549 499 727 535 ἐπικλήσεως,
734 500 784 536 οὺχ
803 501 894 536 ίεραρ-

103 543 185 580 χικῆς
206 543 313 580 (ἐκείνη
331 544 385 580 γὰρ
406 545 452 571 ἐπὶ
470 545 565 580 μόναις
585 546 707 581 γίγνεται
719 548 779 580 ταῖς
791 548 892 584 ἱερατι-

103 590 168 621 καῖς
197 589 342 626 τάξεσιν),
364 591 422 618 ἀλλ’
447 592 620 628 ἱερουργικῆς
649 593 702 620 ὑπὸ
726 593 781 621 τῶν
812 594 894 621 ὁσίων

104 634 202 670 ἱερέων
220 637 253 671 τῇ
276 635 417 673 ίεραρχικῇ
441 637 614 674 τελετουργίᾳ
636 638 768 674 δευτέρως
787 639 893 676 ίερουρ-

103 681 251 716 γουμένης.

194 740 227 766 II.
251 740 426 774 Μυστήριον
436 741 605 776 μοναχικῆς
614 742 803 777 τελειώσεως.

146 795 176 823 Ὁ
190 797 238 832 μὲν
261 797 350 832 ἱερεὺς
371 797 488 834 ἔστηκεν
505 798 672 834 ἐπίπροσθεν
691 799 738 825 τοῦ
759 798 832 826 θείου
845 799 893 826 θυ-

105 842 276 878 σιαστηρίου,
288 843 339 878 τὴν
353 843 501 879 μοναχικὴν
514 844 658 881 ἐπίκλησιν
678 845 833 881 ίερολογῶν.
865 846 894 872 '0

943 274 1126 307 nominantes,
1139 275 1239 311 quippe
1258 283 1318 311 quae
1331 278 1434 306 sanctis
1448 286 1538 307 rerum
1555 279 1727 307 dividuarum

943 319 1178 354 coniunctionibus
1193 322 1268 357 ipsos
1280 323 1314 350 ad
1334 323 1493 353 deiformem
1506 326 1652 360 quamdam
1667 327 1730 354 uni-

944 371 1026 395 tatem
1042 367 1153 403 Deoque
1172 373 1277 404 gratam
1299 369 1496 404 perfectionem
1521 371 1639 400 adducat
1652 381 1661 401 :
1675 376 1729 408 qua

944 413 978 441 de
1000 421 1083 442 causa
1102 422 1210 450 quoque
1226 415 1271 443 lex
1295 421 1391 444 saneta
1407 417 1594 452 perﬁcientem
1611 419 1652 446 eis
1664 426 1730 454 gra-

943 460 1008 487 tiam
1025 461 1147 494 indulsit,
1163 461 1256 497 eisque
1267 467 1473 490 consecrantem
1494 465 1639 498 quamdam
1656 465 1730 492 adhi-

943 506 990 534 bet
1003 506 1083 543 251
1101 508 1311 542 invocationem,
1323 517 1376 537 non
1387 509 1496 545 quidem
1509 510 1685 545 pontiﬁcium,
1697 518 1729 539 ea

943 552 1016 580 enim
1030 554 1056 581 in
1069 554 1136 582 solis
1146 555 1233 583 sacris
1247 555 1390 584 ordinibus
1404 556 1557 589 adhibetur,
1572 558 1620 584 sed
1632 564 1730 585 conse—

944 597 1091 626 cratoriam
1113 599 1251 634 aliquam,
1265 607 1325 636 quae
1344 608 1360 628 a
1377 601 1482 629 sanctis
1498 601 1687 630 sacerdotibus
1702 601 1730 629 in

944 643 1115 673 hierarcbica
1132 646 1285 676 initiatione
1298 647 1419 676 secundo
1432 647 1493 676 loco
1506 647 1661 676 adhibetur.

1024 736 1056 762 ll.
1076 735 1233 771 Mysterium
1253 737 1411 765 monasticat
1427 738 1644 766 consecrationis.

979 795 1116 823 Sacerdos
1129 795 1238 830 quidem
1260 801 1315 823 stat
1339 800 1404 824 ante
1427 796 1524 828 altare,
1552 796 1731 825 monasticam

944 844 1038 868 sancte
1053 840 1172 868 recitans
1187 840 1406 874 invocationem;
1421 840 1445 868 is
1463 846 1554 868 autem
1570 841 1617 877 qui
1637 849 1732 869 conse-

105 888 135 914 δὲ
146 887 304 923 τελούμενος
324 888 411 915 ὀπίσω
422 889 469 915 τοῦ
482 889 577 925 ἱερέως
598 890 714 926 ἔστηκεν
723 910 730 923 ,
742 891 792 917 οὐκ
810 890 894 926 ἄμφω

948 890 1037 913 aratur
1051 890 1106 913 stat
1119 891 1183 920 post
1199 885 1380 919 sacerdotem,
1407 893 1457 914 nec
1483 891 1629 921 utrumque
1645 895 1733 921 neque

103 932 144 959 τὼ
157 933 220 959 πόδε
232 933 338 966 κλίνων,
352 934 402 969 οὐχ
413 934 461 960 ἕνα
476 936 532 962 τοῖν
543 935 643 968 ποδοῖν,
655 936 705 962 οὐκ
716 936 762 962 ἐπὶ
773 936 894 971 κεφαλῆς

103 979 175 1014 ἔχων
185 979 221 1006 τὰ
230 980 414 1015 θεοπαράδοτα
427 981 514 1016 λόγια,
530 981 610 1016 μόνον
620 982 648 1008 δὲ
666 982 704 1018 τῷ
723 983 790 1018 ἱερεῖ
809 991 895 1019 παρε-

105 1025 176 1057 στὼς
203 1026 383 1062 ἱερολογοῦντι
396 1027 445 1062 τὴν
457 1027 500 1054 ἐπ’
509 1027 583 1063 αὐτῷ
593 1028 726 1064 μυστικὴν
738 1028 893 1064 ἐπίκλησιν.

105 1071 225 1103 Τελέσας
236 1072 264 1098 δὲ
277 1073 360 1108 αὐτὴν
372 1075 385 1100 ὁ
399 1074 500 1109 ἱερεὺς,
513 1074 559 1100 ἐπὶ
570 1074 616 1101 τὸν
627 1074 787 1110 τελούμενον
798 1074 893 1107 ἐλθὼν,

105 1117 233 1153 ἐπερωτᾷ
245 1118 352 1153 πρῶτον
364 1118 455 1150 αὐτὸν,
469 1120 493 1145 εί
514 1120 615 1151 πάσαις
628 1119 810 1147 ἀποτάσσεται
834 1121 895 1152 ταῖς

103 1162 254 1198 διαιρεταῖς
264 1164 294 1190 οὐ
309 1164 387 1200 μόνον
401 1165 494 1197 ζωαῖς,
508 1165 575 1192 ἀλλὰ
587 1165 634 1192 καὶ
648 1166 818 1200 φαντασίαις.
828 1164 895 1193 Εἶτα

103 1208 156 1244 τὴν
165 1209 335 1246 τελειοτάτην
347 1211 421 1246 αὺτῷ
433 1210 504 1247 ζωὴν
515 1212 660 1247 ὑφηγεῖται
671 1232 679 1244 ,
703 1212 894 1248 μαρτυρούμε-

105 1262 161 1286 νος,
186 1254 227 1281 ὅτι
249 1254 301 1291 χρὴ
322 1255 372 1290 τῆς
398 1256 484 1292 μέσης
506 1257 587 1283 αὑτὸν
608 1258 858 1294 ὑπερανεστηκέναι
872 1260 893 1286 ³.

104 1302 198 1329 Ταῦτα
209 1303 238 1329 δὲ
249 1303 336 1330 πάντα
354 1303 401 1330 τοῦ
418 1304 580 1340 τελουμένου
599 1306 742 1341 προσεχῶς
759 1305 894 1342 ὁμολογή-

106 1357 212 1381 σαντος,
227 1349 266 1384 τῷ
280 1350 448 1385 σταυροειδεῖ
458 1350 535 1385 τύπῳ
548 1352 768 1387 σφραγισάμενος
787 1352 868 1379 αὐτὸν
881 1353 895 1378 ό

105 1394 208 1429 ἱερεὺς,
220 1395 371 1431 ἀποκείρει,
384 1396 434 1431 τὴν
445 1397 559 1432 τρισσὴν
571 1397 622 1431 τῆς
635 1397 709 1429 θείας
724 1398 895 1434 μακαριότη-

104 1448 152 1472 τος
160 1441 308 1477 ὲπιϐοήσας
316 1442 474 1476 ὑπόστασιν,
483 1444 530 1470 καὶ
539 1443 587 1479 τὴν
596 1443 697 1478 ἐσθῆτα
707 1444 794 1470 πᾶσαν
802 1444 896 1479 ἀπαμ-

105 1486 214 1521 φιέσας,
235 1487 332 1524 έτέραν
345 1489 517 1524 ἁμφιέννυσι,
531 1490 577 1516 καὶ
590 1489 659 1525 μετά
677 1489 732 1522 τῶν
750 1489 836 1516 ἄλλων
859 1491 896 1516 ἱει-

108 1532 162 1568 ρῶν
174 1533 184 1548 ³
195 1533 310 1570 ἀνδρῶν,
322 1535 378 1561 ὅσοι
390 1535 525 1571 πάρεισιν,
535 1535 739 1571 ἀσπασάμενος,
750 1535 830 1562 αὐτὸν
843 1544 896 1562 κοι-

105 1579 190 1606 νωνὸν
202 1579 328 1607 ἀποτελεῖ
337 1580 392 1609 τῶν
409 1581 561 1617 θεαρχικῶν
574 1581 741 1617 μυστηρίων.

407 1638 453 1664 Ill.
482 1638 600 1672 Θεωρία.

945 931 1027 959 etiam
1044 931 1159 959 alterum
1173 938 1245 966 genu
1258 931 1357 964 ﬂectit,
1373 939 1424 960 nec
1440 939 1522 968 supra
1541 937 1622 968 caput
1651 934 1733 961 habet

946 976 1104 1011 Scripturas
1120 984 1134 1004 a
1155 976 1211 1004 Deo
1226 977 1354 1009 traditas,
1369 977 1417 1005 sed
1431 981 1538 1005 tantum
1551 982 1624 1006 astat
1638 985 1732 1006 sacer-

946 1023 1002 1051 doti
1030 1030 1113 1058 supra
1140 1022 1215 1050 illum
1240 1024 1382 1056 mysticam
1414 1023 1615 1052 invocationem
1639 1032 1733 1060 prosc-

945 1069 1050 1103 quenti.
1063 1069 1121 1102 Qua
1134 1068 1220 1102 ﬁnita,
1233 1069 1362 1097 sacerdos
1377 1070 1412 1097 ad
1424 1076 1486 1097 eum
1498 1070 1641 1101 accedens.
1655 1075 1734 1106 rogat

945 1115 1033 1149 ipsum
1047 1115 1176 1150 primum,
1198 1122 1232 1142 an
1245 1115 1374 1143 omnibus
1400 1115 1482 1143 rebus
1496 1115 1613 1143 dividuis
1632 1123 1733 1143 renun-

946 1161 1005 1192 tiet,
1019 1167 1072 1188 non
1085 1160 1172 1188 solum
1189 1160 1263 1192 vitis,
1274 1167 1369 1188 verum
1382 1160 1466 1188 etiam
1479 1160 1733 1195 imaginationibus.

947 1207 1051 1235 Deinde
1066 1206 1178 1242 exponit
1193 1206 1232 1233 illi
1257 1206 1342 1233 vitam
1367 1206 1608 1242 perfectissimam,
1636 1211 1732 1235 conte-

945 1257 1023 1280 stans
1038 1252 1113 1280 illum
1129 1252 1231 1280 debere
1246 1252 1362 1280 mediam
1379 1252 1487 1280 vivendi
1497 1252 1630 1280 rationem
1648 1259 1729 1287 supe-

946 1305 1017 1326 rare.
1033 1298 1098 1332 Qua
1113 1298 1158 1326 ubi
1180 1298 1273 1325 omnia
1301 1298 1324 1326 is
1345 1297 1390 1333 qui
1415 1297 1540 1325 initiatur
1561 1299 1734 1326 continenter

945 1345 1084 1381 professus
1097 1350 1151 1378 est,
1163 1345 1291 1373 sacerdos
1301 1351 1363 1372 eum
1380 1344 1462 1379 signo
1478 1345 1569 1373 crucis
1587 1346 1731 1380 consignao

947 1397 1003 1420 tum
1018 1392 1122 1425 tondet,
1141 1396 1198 1419 tres
1211 1398 1345 1426 personas
1356 1391 1455 1419 divina:
1467 1391 1644 1420 beatitudinis
1657 1393 1735 1419 invo~

945 1438 1046 1471 cando,
1064 1438 1196 1472 omnique
1207 1441 1284 1465 veste
1295 1438 1430 1469 detracta,
1443 1445 1504 1465 eum
1521 1438 1574 1464 alia
1592 1438 1689 1471 induit,
1706 1444 1735 1465 et

946 1491 1006 1512 cum
1021 1484 1082 1512 aliis
1097 1484 1163 1512 viris
1179 1485 1283 1512 sanctis
1303 1484 1460 1512 astantibus
1484 1485 1571 1520 ipsum
1598 1484 1735 1518 salutans,

946 1532 1106 1568 participem
1123 1532 1189 1561 facit
1202 1533 1357 1562 divinorqu
1375 1534 1580 1569 mysteriorum.

1205 1635 1252 1662 III.
1273 1633 1478 1670 Contemplatio.

901 1705 956 1743 ΕΙ.

142 1787 179 1814 Τὸ
192 1787 292 1824 μηδένα
303 1789 361 1815 τοῖν
373 1789 462 1816 ποδοῖν
481 1789 581 1817 κλίνειν
593 1810 600 1822 ,
626 1790 687 1826 μηδ’
711 1791 757 1817 ἐπὶ
779 1791 902 1827 κεφαλῆς

105 1832 179 1868 ἔχειν
189 1833 224 1860 τὰ
243 1833 426 1869 θεοπαράδοτα
439 1834 525 1869 λόγια,
538 1836 705 1871 παρεστάναι
728 1837 756 1863 δὲ
776 1836 815 1872 τῷ
836 1837 904 1872 ἱερεῖ

105 1879 154 1914 τὴν
169 1878 311 1914 ἐπίκλησιν
324 1879 511 1914 ἱερολογούντι,
520 1879 595 1915 δηλοῖ
606 1880 655 1916 τὴν
667 1881 814 1916 μοναχικὴν
826 1880 902 1913 τάξιν

105 1925 156 1950 οὐκ
165 1922 234 1951 εἶναι
246 1925 455 1961 προσαγωγικὴν
468 1926 576 1962 ἑτέρων,
589 1926 644 1952 ἀλλ’
656 1926 698 1961 ἐφ’
711 1927 808 1962 ἑαυτῆς
817 1926 902 1952 ἐπῶ-

107 1978 158 1997 σαν
165 1971 193 1996 έν
203 1970 330 2006 μοναδικῇ
344 1971 391 1997 καὶ
400 1972 460 2007 ἱερᾷ
468 1972 568 2004 στάσει,
577 1972 636 2002 ταῖς
647 1971 795 2007 ἱερατικαῖς
804 1970 904 2006 ἑπομέ-

105 2025 156 2052 νην
166 2016 269 2049 τάξεσι,
282 2018 329 2043 καὶ
341 2016 407 2052 πρὸς
419 2017 518 2048 αὐτῶν,
529 2017 567 2049 ὡς
580 2017 689 2048 ὀπαδὸν,
703 2017 749 2043 ἐπὶ
760 2017 810 2052 τὴν
823 2017 898 2044 θείαν

106 2064 161 2090 τῶν
173 2063 232 2090 κατ’
244 2063 328 2099 αὐτὴν
342 2063 423 2099 ἱερῶν
434 2064 590 2100 ἐπιστήμην
608 2062 742 2095 εὐπειθῶς
762 2063 898 2099 ἀναγομέ-

107 2117 167 2144 νην.

985 1789 1063 1824 Quod
1077 1793 1202 1816 neutrum
1214 1795 1283 1823 genu
1296 1786 1425 1820 inﬂectat,
1443 1793 1531 1821 neque
1547 1785 1629 1821 capiti
1646 1785 1736 1820 impo-

950 1836 1016 1864 sitas
1030 1835 1131 1862 habeat
1142 1834 1272 1862 divinitus
1285 1833 1400 1861 traditas
1417 1832 1574 1867 Scripturas
1583 1852 1591 1866 ,
1603 1832 1652 1860 sed
1664 1832 1736 1859 assi-

949 1885 1004 1909 stat
1014 1880 1149 1908 sacerdoti
1173 1881 1359 1914 precationem
1376 1878 1517 1910 recitanti.
1533 1878 1666 1911 declarat,
1687 1885 1735 1904 or-

950 1926 1022 1953 dinis
1036 1925 1182 1952 monastici
1198 1932 1251 1952 non
1263 1931 1335 1958 esse,
1351 1924 1420 1952 alios
1433 1924 1580 1956 adducere,
1594 1925 1640 1952 sed
1653 1930 1736 1958 penes

951 1971 1130 2005 semetipsum
1147 1975 1304 1998 manentem
1319 1970 1347 1997 in
1367 1970 1491 1998 solitario
1512 1977 1648 2004 sacroque
1661 1973 1735 1996 Statu

946 2016 1129 2046 sacerdotales
1142 2016 1255 2045 ordines
1269 2017 1357 2052 sequi,
1376 2017 1445 2045 etab
1459 2017 1504 2049 iis,
1517 2021 1643 2051 tanquam
1661 2021 1736 2042 asse-

946 2064 1016 2092 clam
1035 2071 1140 2097 eorum,
1154 2064 1187 2092 ad
1196 2064 1319 2091 divinam
1334 2071 1477 2092 sacrorum
1488 2070 1548 2098 quae
1562 2062 1641 2090 illum
1653 2061 1736 2089 attin-

946 2113 1013 2145 gunt
1032 2110 1175 2138 scientiam
1189 2110 1269 2137 Facile
1284 2109 1403 2139 traduci.

884 2190 899 2226 θ
916 2187 956 2218 ιι.

149 2281 181 2308 Ἡ
193 2281 221 2308 δὲ
233 2281 288 2308 τῶν
301 2281 435 2318 μεριστῶν
447 2282 476 2308 οὐ
488 2281 566 2318 μόνον
580 2282 668 2316 ζωῶν,
689 2281 758 2309 ἀλλὰ
770 2281 824 2318 μὴν
848 2282 895 2309 καὶ

983 2283 1069 2311 Porro
1084 2283 1234 2312 divisarum
1243 2291 1296 2312 non
1309 2283 1394 2312 solum
1407 2283 1638 2318 vitarum,verum
1650 2285 1735 2312 etiam

108 2327 263 2363 φαντασιῶν
276 2328 410 2364 ἀποταγὴ,
422 2328 470 2364 τὴν
489 2328 661 2364 τελειοτάτην
673 2329 684 2344 ⁵
696 2329 823 2364 ἐμφαίνει
841 2328 896 2355 τῶν

110 2373 233 2410 μοναχιῖΝ
246 2373 414 2409 φιλοσοφίαν,
429 2374 457 2400 ὲν
469 2373 608 2410 ἐπιστήμῃ
620 2373 674 2400 τῶν
686 2374 815 2400 ἑνοποιῶν
822 2374 896 2400 ὲντο-

108 2419 161 2445 λῶν
175 2419 382 2455 ἐνεργουμένην.
397 2420 475 2446 Ἔστι
489 2420 553 2456 γὰρ,
567 2420 604 2453 ὡς
617 2419 735 2455 ἔφην,οὐ
744 2419 794 2455 τῆς
810 2420 896 2455 μέσης

107 2465 161 2492 τῶν
173 2465 339 2501 τελουμένων
350 2465 462 2498 τάξεως,
477 2465 544 2492 ἀλλὰ
553 2465 603 2501 τῆς
611 2465 705 2492 πασῶν
718 2465 895 2501 ὑψηλοτέρας.

108 2512 153 2538 Διὸ
165 2512 212 2538 καὶ
225 2511 310 2538 πολλά
320 2511 375 2538 τῶν
387 2512 455 2547 πρὸς
469 2512 519 2547 τῆς
532 2512 618 2548 μέσης
629 2510 732 2545 τάξεως
744 2511 896 2546 ἀκατακρί-

108 2566 161 2589 to);
169 2558 371 2593 ἐνεργουμένων
379 2558 523 2594 ἀπείρηται
531 2558 624 2594 τρόπῳ
633 2558 714 2585 παντὶ
724 2559 779 2590 τοῖς
787 2558 897 2589 ένιαίοις

110 2606 248 2640 μοναχοῖς,
261 2605 298 2637 ὡς
309 2605 377 2639 πρὸς
388 2605 419 2631 τὸ
431 2605 460 2631 ἓν
473 2605 563 2632 αὐτῶν
586 2605 746 2640 ὀφειλόντων
767 2607 898 2632 ἐνοποιεῖ-

109 2650 181 2682 σθαι,
194 2651 240 2677 καὶ
250 2652 317 2687 πρὸς
327 2652 402 2687 ίεράν
413 2652 513 2687 μονάδα
525 2652 699 2686 συνάγεσθαι,
710 2652 757 2678 καὶ
768 2652 836 2688 πρὸς
847 2653 896 2688 τὴν

108 2696 261 2733 ιιρατικὴν,
277 2698 315 2730 ὡς
334 2698 454 2734 θεμιτὸν,
473 2697 698 2734 ἀπομορφοῦσθαι
715 2698 797 2734 ζωὴν,
809 2700 846 2731 ὼς
867 2699 897 2726 τὸ
922 2708 926 2712 '

947 2329 1143 2364 cogitationum
1159 2330 1337 2363 renuntiatio,
1350 2330 1577 2365 perfectissimam
1590 2330 1662 2358 illam
1677 2339 1737 2358 mo-

949 2374 1098 2402 nachorum
1114 2375 1315 2410 philosophiam
1331 2376 1473 2408 declarat,
1490 2383 1550 2411 quae
1567 2383 1600 2403 ex
1621 2377 1736 2404 uniiico-

948 2427 1007 2447 rum
1025 2421 1213 2448 mandatorum
1228 2421 1343 2449 scicntia
1357 2422 1504 2450 conﬂatur.
1531 2422 1579 2449 Est
1594 2422 1679 2454 enim,
1706 2427 1736 2448 nt

949 2466 1016 2499 dixi,
1032 2474 1085 2494 non
1097 2468 1178 2495 medii
1191 2468 1296 2496 ordinis
1308 2475 1402 2496 eorum
1417 2470 1464 2504 qui
1478 2469 1577 2496 initiati
1600 2473 1664 2496 sunt
1685 2468 1735 2495 ba-

949 2511 1060 2546 piismo,
1092 2512 1140 2538 sed
1159 2512 1282 2540 celsioris
1311 2513 1437 2541 omnibus
1456 2513 1609 2541 ordinibus.
1635 2512 1735 2545 Quam-

948 2558 1042 2585 obrem
1059 2558 1142 2585 multa
1154 2566 1187 2585 ex
1203 2559 1247 2592 iis,
1261 2567 1321 2594 qua:
1331 2568 1345 2586 a
1357 2560 1445 2587 medio
1459 2561 1554 2588 ordine
1563 2560 1622 2587 sine
1640 2567 1734 2594 repre-

948 2604 1079 2633 hensione
1088 2605 1168 2638 fiunt,
1178 2606 1319 2634 monachis
1331 2607 1389 2633 istis
1397 2606 1477 2641 252
1486 2606 1670 2640 singularibus
1678 2613 1721 2632 om
1730 2620 1735 2624 -

949 2653 1014 2681 nino
1029 2653 1172 2680 interdicta
1186 2657 1260 2685 sunt,
1273 2653 1372 2687 quippe
1389 2654 1436 2687 qui
1461 2661 1522 2680 cum
1536 2660 1590 2680 uno
1608 2652 1735 2687 conjungi

949 2701 1076 2733 debeant,
1089 2705 1116 2728 et
1129 2707 1192 2727 cum
1207 2707 1284 2727 sacra
1301 2700 1419 2727 inonade
1433 2699 1565 2734 copulari,
1590 2704 1618 2727 et
1641 2699 1675 2726 ad
1689 2705 1734 2724 sa-

755 2791 868 2819 VARl/E
886 2791 1089 2822 LECTIONES.

143 2858 152 2898 ξ
167 2857 360 2898 ὀνομάσαντες,
381 2859 412 2886 D.
427 2858 458 2886 P.
496 2860 507 2875 ²
521 2859 747 2898 ὺ-πανεστηκέναι,
766 2861 797 2888 1).
836 2861 963 2898 ³1ερέων,
976 2862 1009 2889 Μ.
1048 2862 1060 2878 ⁸
1070 2862 1248 2898 τελεωτάτην,
1272 2863 1299 2890 S.
1315 2862 1446 2890 P.Varial
1460 2867 1590 2898 perpetuo
1600 2862 1735 2897 scriptura

109 2892 190 2928 hujus
217 2892 307 2927 vocis,
321 2895 379 2922 sive
394 2903 503 2929 nomen,
518 2896 575 2923 sive
588 2892 710 2931 verbum,
727 2899 782 2925 sive
800 2892 961 2926 adverbium
974 2899 1017 2927 sit.
1037 2898 1126 2928 Semel
1137 2899 1189 2927 hoc
1204 2892 1333 2935 iittellege,
1350 2907 1383 2927 ne
1396 2892 1501 2934 longior
1510 2892 1575 2926 'sim.
