1929 3068
182 158 235 188 ῶδ
764 155 793 184 5.
815 157 963 186 DIONYSH
979 157 1215 187 AREOPAGITE
1751 160 1805 189 336

181 214 361 247 cei-dotalem,
376 218 509 249 quantum
525 211 568 240 l‘as
577 216 630 245 est.
645 213 729 241 vitam
743 215 892 246 eﬂ'ormari.
908 220 942 243 tat

1042 217 1153 251 υγγενὲς
1166 216 1251 252 αὐτῆς
1264 216 1378 251 ἔχουσαν
1389 216 1419 243 ἐν
1429 215 1546 249 πολλοῖς,
1559 217 1607 244 καὶ
1620 216 1719 253 μᾶλλον
1733 219 1803 255 αὐτῇ

181 268 264 297 quam
279 260 325 294 qui
343 267 398 294 pra:
410 259 517 286 caeteris
533 259 660 291 initiatis,
674 267 736 287 cum
752 261 804 288 hoc
824 262 920 289 ordine
936 263 942 290 i

1043 263 1095 299 ιρὰ
1106 263 1156 296 τὰς
1167 262 1263 291 λοιπὰς
1273 263 1327 290 τῶν
1343 262 1513 298 τελουμένων
1532 263 1623 296 τάξεις
1641 263 1804 300 πλησιάζον.

183 306 308 341 plurimis
330 305 507 338 conveniunt,
537 304 724 340 maioremque
739 305 897 334 allinitatcm
915 307 966 334 ha-
1019 317 1077 336 σαν.

182 352 256 380 bent.

953 424 967 460 ᾗ
983 421 1038 453 III.

219 495 331 530 Signum
352 502 416 522 vero
428 494 520 530 figurae
537 494 638 528 crucis,
658 499 688 522 ut
707 495 808 523 dictum
823 499 877 528 est,
894 495 967 522 desi-

1058 494 1090 521 Ἦ
1101 493 1130 521 δὲ
1140 493 1187 521 τοῦ
1202 494 1389 531 σταυροειδοῦς
1400 494 1486 521 τύπου
1498 493 1668 530 σφραγὶς,ὠς
1677 493 1726 530 ἤδη
1741 492 1808 529 παρ’

185 546 249 575 gnat
265 541 387 572 omnium
403 541 553 568 carnalium
564 541 760 569 desideriorum
777 542 946 576 privationen

1048 539 1096 566 ιῶν
1107 539 1230 575 εἴρηται,
1243 539 1317 576 δηλοί
1327 539 1375 575 τὴν
1396 540 1490 566 πασῶν
1509 539 1577 575 ὁμοῦ
1596 539 1651 566 τῶν
1669 539 1809 575 σαρκικῶν

185 585 310 613 Tonsura
324 593 406 620 porro
430 586 602 621 capillorum,
632 585 713 613 vitam
738 587 848 614 omnino
867 586 946 613 indic:

1048 585 1136 619 νέξεων
1148 587 1352 623 ἀνενεργησίαν.
1375 587 1408 614 Ἡ
1420 587 1449 614 δὲ
1467 587 1522 614 τῶν
1538 587 1641 624 τριχῶν
1654 588 1809 623 ἀπόκαρσις

186 632 343 660 nullatenus
355 631 483 665 fucatam,
496 639 583 666 neque
596 632 691 666 ﬁguris
700 631 769 659 (ictis
796 632 947 660 ascititiisw

1049 631 1146 666 ιφαίνει
1158 632 1208 668 τὴν
1232 632 1356 668 καθαρὰν
1380 633 1427 659 καὶ
1445 633 1648 669 ἀσχημάτιστον
1668 632 1741 668 ζωὴν
1759 634 1810 660 οὐκ

186 677 285 712 quibus
310 678 412 704 mentis
428 677 588 704 deformitas
603 682 720 712 tegatur.
739 678 947 704 calamistratam

1049 676 1196 710 ειπλάστοις
1209 679 1330 714 σχήμασι
1341 679 1372 705 τὸ
1384 678 1455 705 κατὰ
1466 678 1528 705 νοῦν
1545 679 1665 710 δυσειδὲς
1687 678 1810 705 ἐπιθετι-

186 723 233 750 sed
248 730 297 757 per
310 723 426 758 seipsam
443 731 496 750 non
511 723 636 750 humanis
659 724 837 755 ornamentis,
849 723 895 750 sed
914 723 947 750 sit

1050 723 1080 755 Βς
1091 723 1313 756 καλλωπίζουσαν
1323 744 1330 757 ,
1352 724 1408 751 ἀλλ’
1430 725 1514 760 αὐτὴν
1536 725 1578 759 ἐφ’
1591 724 1691 759 ἑαυτῆς
1702 724 1751 750 οὐκ
1762 725 1811 750 ἀν-

186 769 326 804 gularibus
337 777 368 796 ac
386 769 493 796 unilicis
508 768 656 796 virtutibus
677 769 712 796 ad
727 769 847 796 divinam
861 769 947 804 penitt

1050 770 1170 801 ›ωπικοῖς
1183 769 1316 802 κάλλεσιν,
1339 770 1395 796 ἀλλ’
1408 770 1517 802 ἐνιαίοις
1538 770 1585 797 καὶ
1606 771 1731 805 μοναχοῖς
1746 770 1756 786 ⁸
1771 769 1811 801 εἰς

187 814 404 842 conformitatem
419 819 552 841 evectam.

1024 815 1054 841 τὸ
1067 814 1265 843 θεοειδέστατον
1278 816 1458 852 ἀναγομένην.

955 909 970 945 ς
986 906 1036 938 ιν.

222 979 326 1007 Prioris
339 985 430 1006 autem
442 978 527 1006 vestis
537 979 681 1010 detractio.
698 984 725 1006 et
737 978 850 1006 alterius
864 986 971 1006 assmu-

1061 980 1093 1007 'H
1105 980 1135 1007 δὲ
1145 980 1196 1015 τῆς
1211 980 1346 1016 προτέρας
1357 979 1470 1015 ἐσθῆτος
1481 978 1612 1015 ἀποϐολὴ.
1625 979 1671 1006 καὶ
1688 979 1739 1014 τῆς
1755 978 1813 1005 ἐτέ-

187 1025 254 1060 ptio,
273 1024 409 1058 signiﬁcat
423 1032 439 1051 a
452 1024 540 1052 media
552 1029 646 1052 sancta
657 1025 711 1050 vita
723 1024 756 1050 ad
778 1024 948 1058 perlectioret

1053 1034 1076 1057 ις
1089 1026 1179 1060 λῆψις,
1193 1026 1242 1062 τὴν
1261 1026 1315 1052 ἀπὸ
1329 1025 1413 1060 μέσης
1427 1026 1502 1061 ἱερᾶς
1513 1024 1585 1060 ζωῆς
1596 1025 1642 1052 ἐπὶ
1653 1025 1702 1060 τὴν
1714 1025 1814 1052 τελειο-

189 1071 401 1103 traductionem,
426 1071 500 1098 sicut
522 1070 549 1097 in
574 1070 664 1098 divina
694 1069 739 1097 illa
767 1070 950 1105 regeneration

1053 1080 1106 1107 ipav
1119 1072 1265 1108 μετάταξιν
1281 1072 1425 1107 ἐμφαίνει,
1450 1071 1575 1107 καθάπερ
1598 1071 1644 1097 ἐπὶ
1665 1071 1714 1106 τῆς
1738 1072 1814 1107 ἱερᾶς

188 1116 274 1143 vestis
292 1115 446 1142 immutatio
458 1115 614 1142 declarabat
640 1115 755 1149 expiata:
772 1115 835 1142 vitae
859 1116 893 1142 ad
907 1123 949 1142 cor

1052 1118 1196 1152 ιογενεσίας
1212 1119 1229 1154 ἡ
1240 1118 1290 1153 τῆς
1297 1118 1408 1154 ἐσθῆτος
1420 1118 1532 1154 ἀμειψις
1542 1118 1635 1154 ἐδήλου
1648 1117 1697 1153 τὴν
1709 1118 1813 1144 ἀποκα-

189 1161 334 1196 templandi
351 1166 381 1188 et
395 1161 560 1196 intelligendi
575 1166 676 1188 statum
700 1161 950 1196 transmigrationel

1053 1164 1193 1200 ιιρομένης
1205 1164 1276 1199 ζωῆς
1288 1164 1328 1196 είς
1341 1163 1510 1200 θεωρητικὴν
1523 1164 1569 1190 καὶ
1582 1163 1747 1198 φωτιστικὴν
1758 1163 1814 1196 ἕξιν

188 1211 216 1234 et
228 1206 408 1234 evectionem.
424 1206 500 1239 Quod
513 1207 535 1233 si
551 1207 630 1234 modo
646 1213 754 1241 quoque
774 1211 828 1234 tam
844 1210 949 1234 sacerdt

1054 1211 1170 1246 ίαγωγήν
1179 1211 1199 1237 ⁸.
1212 1211 1243 1236 Ei
1256 1210 1284 1237 δὲ
1296 1210 1343 1236 καὶ
1357 1210 1403 1237 νῦν
1416 1210 1430 1236 ὁ
1440 1209 1530 1245 ἱερεύς
1542 1218 1571 1236 τε
1584 1210 1632 1236 καὶ
1645 1210 1745 1241 πάντες
1757 1210 1815 1236 ὅσοι

188 1259 271 1287 quam
287 1257 408 1280 astantes
425 1260 522 1279 omnes
535 1253 587 1280 viri
603 1253 689 1279 sancti
714 1252 850 1280 initiatum
874 1261 949 1280 cons:

1053 1257 1152 1294 ipsum
1164 1258 1240 1293 ἱεροὶ,
1253 1257 1299 1284 τὸν
1311 1257 1502 1292 τετελεσμένον
1516 1255 1693 1288 ἀσπάζονται,
1712 1256 1761 1291 τὴν
1776 1256 1814 1282 ξε-

190 1298 288 1328 lutent.
305 1305 337 1324 ex
359 1298 411 1325 hoc
436 1302 560 1324 sanctam
580 1298 700 1333 intellige
727 1298 848 1325 virorum
873 1299 951 1326 deil'ol

1055 1306 1078 1330 tv
1089 1303 1143 1330 τῶν
1155 1303 1278 1330 Θεοειδῶν
1291 1304 1418 1340 ἐννόησον
1430 1303 1581 1335 κοινωνίαν,
1596 1302 1774 1338 ἀγαπητικιῖκ
1788 1303 1816 1329 ὲν

192 1343 274 1370 mium
289 1344 460 1375 societatem.
473 1343 561 1371 amice
577 1343 628 1371 sibi
643 1349 737 1371 mutuo
747 1343 839 1372 divina
854 1351 916 1372 cum
929 1344 953 1372 la

838 1366 839 1371 η
854 1351 916 1372 cum
929 1344 975 1372 la:-
1026 1348 1181 1385 εὐφροσύνῃ
1192 1348 1252 1385 θείᾳ
1265 1349 1451 1385 συνηδομένων
1463 1347 1599 1384 ἀλλήλοις.

191 1390 250 1417 titla
261 1389 517 1426 congratulandum.

981 1473 1050 1510 εν.

228 1545 286 1574 Sub
297 1544 378 1573 linem
394 1544 511 1580 denique
525 1544 653 1573 sacerdos
671 1545 809 1574 initiatum
832 1546 929 1574 invitet
942 1547 977 1575 ad

1070 1547 1113 1575 Ἐν
1131 1548 1203 1575 τέλει
1222 1548 1251 1575 δὲ
1275 1548 1380 1575 πάντων
1401 1547 1414 1574 ὁ
1427 1546 1516 1582 ἱερεὺς
1536 1545 1582 1572 ἐπὶ
1598 1544 1648 1580 τὴν
1668 1542 1817 1579 θεαρχικὴν

193 1591 356 1627 praecipuam
369 1590 440 1618 illam
456 1591 502 1618 Dei
515 1592 744 1626 communionem,
759 1597 853 1620 sancte
866 1600 914 1628 per
927 1593 954 1620 h(

1055 1595 1170 1622 uvwvlav
1181 1593 1258 1621 καλεῖ
1275 1594 1321 1620 τὸν
1340 1593 1547 1628 τετελεσμένον,
1565 1590 1703 1627 ἐμφαίνων
1725 1589 1816 1626 ἱερῶς,

193 1638 329 1670 indicans,
345 1645 407 1665 eum
424 1637 469 1672 qui
486 1637 609 1665 initiatus
621 1642 674 1670 est,
695 1638 718 1666 si
739 1646 803 1666 vere
827 1639 861 1666 ad
880 1647 954 1667 mon:

1056 1649 1067 1672 ς
1079 1641 1092 1667 ὁ
1103 1639 1248 1673 τελεσοεὶς,
1264 1640 1343 1675 εἴπερ
1356 1639 1463 1675 ἀληθῶς
1474 1639 1518 1665 ἐπὶ
1530 1639 1579 1674 τὴν
1595 1636 1741 1673 μοναχικὴν
1754 1636 1817 1670 ἀφί-

193 1685 292 1712 slicml
307 1685 373 1712 illud
388 1683 525 1719 singulare
541 1684 695 1711 institutum
721 1685 897 1719 pervenerit,
922 1692 954 1712 no

1057 1694 1102 1713 ιιτο
1117 1685 1163 1712 καὶ
1183 1686 1285 1715 ἑνιαίαν
1309 1685 1452 1721 ἀναγωγὴν
1464 1686 1489 1717 ⁷,
1508 1685 1538 1711 οὺ
1553 1683 1717 1720 θεωρητικὸς
1738 1682 1818 1718 μόνον

194 1732 282 1759 solum
293 1739 386 1758 eorum
399 1738 459 1765 qua:
471 1730 503 1757 ad
517 1730 601 1765 ipSum
616 1731 754 1765 pertinent
766 1739 905 1758 sacrorum
917 1739 955 1766 Spt

1056 1741 1105 1758 παι
1118 1732 1172 1758 τῶν
1185 1732 1244 1758 κατ’
1257 1731 1336 1759 αὐτὸν
1361 1731 1452 1766 ἱερῶν,
1474 1730 1532 1757 οὐδὲ
1545 1729 1615 1756 κατὰ
1637 1729 1722 1764 μέσην
1741 1727 1817 1760 τάξιν

193 1783 326 1806 clatorem
344 1778 414 1808 fore.
430 1784 481 1804 nec
493 1784 526 1804 ea
538 1777 670 1804 duntaxat
685 1777 790 1806 rati0ne
801 1785 853 1811 qua
871 1778 954 1804 medit

1058 1778 1075 1804 :1
1086 1777 1135 1813 τὴν
1148 1778 1288 1804 κοινωνίαν
1295 1777 1356 1812 ἣξει
1367 1776 1420 1803 τῶν
1429 1776 1581 1812 ἱερωτάτων
1592 1774 1743 1810 συμϐόλων,
1751 1773 1819 1800 ἀλλὰ

194 1823 261 1850 ordo
272 1825 306 1850 ad
324 1822 558 1850 sanctissimorum
588 1825 824 1849 sacramentorum
854 1830 955 1850 comnu

1057 1823 1101 1850 ετά
1114 1823 1188 1855 θείας
1195 1823 1249 1849 τῶν
1257 1824 1302 1850 ὑπ’
1315 1822 1396 1849 αὑτοῦ
1410 1821 1596 1858 μετεχομένων
1604 1819 1684 1855 ίερῶν
1691 1817 1818 1854 γνώσεως

196 1871 303 1897 nionem
319 1875 508 1900 accessurum;
523 1875 618 1894 verum
646 1867 727 1894 etiam
753 1868 846 1895 divina
870 1867 957 1894 illorut

1061 1869 1114 1905 έρῳ
1125 1869 1217 1904 τρόπῳ
1231 1868 1305 1904 παρὰ
1315 1868 1361 1894 τὸν
1373 1867 1444 1904 ἱερὸν
1457 1866 1520 1893 λαὸν
1537 1867 1583 1893 ἐπὶ
1599 1866 1647 1901 τὴν
1669 1864 1819 1901 μετάληψιν

195 1923 256 1951 quae
283 1915 406 1950 percepit
430 1918 666 1941 sacramentorum
692 1913 847 1948 cognitione
867 1913 956 1940 fretun

1058 1917 1089 1948 ίει
1102 1915 1153 1950 τῆς
1167 1915 1312 1951 θεαρχικῆς
1323 1914 1474 1945 κοινωνίας.
1484 1913 1528 1940 Διὸ
1539 1913 1586 1940 καὶ
1598 1913 1657 1943 ταῖς
1666 1911 1819 1947 ἱερατικαῖς

197 1962 251 1989 alio
262 1961 343 1988 modo
353 1968 434 1994 quam
452 1964 565 1986 sanctus
575 1958 690 1994 populus
705 1959 738 1985 ad
750 1959 847 1986 divina:
857 1966 958 1986 conum

1060 1961 1149 1995 ιξεσιν,
1158 1962 1186 1988 ὲν
1195 1963 1255 1993 ταῖς
1267 1962 1289 1987 ia
1294 1960 1492 1996 ροτελεστικαῖς
1499 1958 1588 1986 αὐτῶν
1601 1957 1779 1993 ἁγιαστείαις,
1791 1957 1821 1982 ὲν

198 2007 286 2034 nionis
299 2005 535 2041 participatiOnem
554 2004 778 2039 promovendum.
792 2003 869 2030 Hanc
886 2003 959 2038 utiqu

1059 2008 1101 2035 Ast
1111 2008 1164 2034 τῶν
1176 2007 1330 2043 ἱερωτάτων
1343 2006 1432 2033 αὐτῶν
1443 2005 1632 2042 ἀφιερώσεων,
1645 2005 1661 2040 ὴ
1672 2004 1720 2039 τῆς
1734 2004 1820 2037 ἁγιω-

196 2054 232 2081 ob
249 2059 370 2082 causam,
383 2050 470 2078 sacris
480 2050 563 2076 etiam
581 2048 733 2081 ordinibus.
761 2048 811 2076 sub
827 2049 907 2075 linen-
931 2056 957 2076 et

1060 2063 1114 2090 ιτης
1127 2053 1299 2089 εὐχαριστίας
1320 2052 1446 2079 κοινωνία
1461 2050 1703 2087 μεταδίδοταιπρὺς
1716 2049 1762 2076 τοῦ
1775 2057 1821 2076 τε-

197 2100 318 2127 rumdem
343 2097 523 2125 sanctissimae
552 2095 776 2128 consecrationis.
805 2096 955 2123 divinissim

1063 2107 1156 2130 σαντος
1168 2098 1251 2129 αὐτὰς
1263 2098 1405 2134 ίεράρχου·
1420 2098 1449 2123 οὐ
1474 2097 1553 2132 μόνον
1571 2096 1612 2122 ὅτι
1637 2094 1691 2121 τῶν
1712 2094 1822 2130 θεαρχι-

197 2145 370 2174 eucltaristia:
386 2143 541 2172 communio
554 2142 672 2169 traditur
685 2150 699 2169 a
716 2142 844 2177 pontifice
858 2142 904 2177 qui
921 2143 958 2170 illt

1059 2145 1087 2171 ὒν
1102 2145 1258 2180 μυστηρίων
1271 2145 1288 2180 ἡ
1302 2143 1449 2179 μετάληψις
1459 2143 1577 2177 ἑκάστης
1589 2140 1749 2177 ίεραρχικῆς
1760 2139 1820 2174 μεθ-

197 2192 384 2224 consecravit;
405 2199 458 2217 non
486 2189 588 2216 idcirco
610 2190 708 2221 solum,
728 2189 799 2223 quod
828 2189 958 2216 divinorui

1063 2190 1115 2223 εὼς
1126 2191 1183 2217 ἐστι
1203 2191 1234 2217 τὺ
1252 2190 1409 2225 κεφάλαιον,
1421 2188 1478 2215 ἀλλ’
1491 2189 1533 2215 ὅτι
1545 2187 1591 2214 καὶ
1609 2186 1695 2220 αὐτῆς
1706 2186 1755 2220 τῆς
1766 2193 1822 2211 κοι-

197 2238 336 2274 perccptio
351 2236 542 2272 mysteriorum
561 2235 597 2262 sit
612 2241 718 2262 summa
734 2235 856 2269 quaedam
869 2234 955 2267 cujusl

1059 2238 1149 2273 ονικῆς
1160 2238 1207 2264 καὶ
1220 2238 1359 2272 θειοτάτης
1367 2237 1377 2252 ³
1387 2236 1489 2272 δωρεᾶς
1501 2234 1639 2268 ἀναλόγως
1652 2233 1747 2263 αὑταῖς
1760 2231 1820 2267 καθ’

199 2286 246 2312 bet
271 2283 447 2311 Iticrarchica:
461 2280 678 2316 participationis
693 2300 701 2312 ,
724 2288 818 2308 verum
837 2280 933 2312 etiam,
954 2288 960 2306 I

1060 2285 1150 2319 εάστην
1170 2284 1196 2309 αἱ
1211 2283 1281 2318 ἱεραὶ
1303 2283 1389 2308 πᾶσαι
1412 2281 1504 2314 τάξεις
1527 2278 1669 2314 μετέχουσι
1682 2276 1750 2312 πρὸς
1772 2276 1821 2311 τὴν

198 2338 292 2357 omnes
303 2329 373 2356 sacri
387 2328 497 2356 ordines
508 2328 603 2362 ipsius,
618 2328 689 2361 quod
711 2327 929 2354 communicatur
941 2327 956 2353 d

1060 2329 1135 2356 κείαν
1146 2329 1234 2355 αὐτῶν
1245 2329 1293 2364 τῆς
1307 2327 1431 2359 θεώσεως
1442 2327 1452 2343 ³
1465 2325 1608 2360 ἀναγωγὴν
1617 2324 1663 2350 καὶ
1672 2322 1820 2349 τελείωσιν.

199 2376 331 2403 vinissinti
347 2375 468 2402 muneris
479 2382 529 2408 pro
539 2379 619 2408 captu
628 2381 676 2400 suo
684 2373 829 2408 participes
840 2373 959 2400 exsistan

1061 2375 1172 2410 υνῆκται
1183 2374 1272 2401 τοίνυν
1284 2374 1360 2408 ἡμῖν,
1371 2373 1408 2404 ὡς
1417 2373 1443 2398 αἱ
1458 2372 1506 2407 μὲν
1518 2371 1593 2405 ἀγιαι
1604 2367 1710 2394 τελεταὶ
1723 2366 1822 2401 κάθαρ-

200 2423 234 2450 ad
248 2430 304 2450 suae
319 2421 500 2448 deiﬁcationis
528 2421 727 2454 pruntotionem
744 2425 824 2454 atque
837 2419 961 2454 perfectit

1060 2421 1080 2452 ῖς
1092 2421 1144 2446 είσι
1158 2420 1205 2446 καὶ
1217 2419 1356 2454 φωτισμὺς
1368 2419 1415 2445 καὶ
1427 2417 1565 2448 τελείωσις
1574 2423 1580 2430 ·
1595 2415 1618 2440 oi.
1630 2414 1658 2440 δὲ
1670 2411 1821 2446 λειτουργοὶ

201 2476 274 2496 nem.
289 2466 452 2495 Conclusum
464 2466 546 2500 igitur
555 2473 570 2491 a
583 2465 660 2492 nobis
671 2465 743 2500 quod
757 2471 860 2492 sancta:
875 2466 962 2500 quidet

1060 2467 1190 2503 ιθαρτιχὴ
1201 2466 1286 2499 τάξις,
1299 2467 1323 2492 οἱ
1336 2465 1364 2492 δὲ
1385 2466 1466 2499 ἱερεῖς
1488 2461 1655 2498 φωτιστικήο
1679 2457 1821 2492 τελεστιχὴ

201 2513 371 2540 initiationes
390 2510 589 2545 sintexpiatio,
601 2515 627 2537 et
640 2510 816 2542 illutninatio,
841 2515 870 2538 et
895 2511 962 2545 perit

1060 2524 1064 2540 z
1077 2515 1101 2540 οἱ
1114 2513 1238 2545 Θεοειδεῖς
1250 2512 1385 2548 ἱεράρχαι.
1398 2508 1590 2545 Καοαιρομένη
1603 2506 1630 2533 δὲ
1643 2505 1719 2536 τάξις
1731 2505 1747 2539 ἠ
1772 2503 1821 2538 τῆς

202 2565 274 2591 cllo;
291 2558 407 2585 ministri
421 2565 486 2585 vero
498 2557 553 2584 sint
566 2557 671 2584 ordinis
685 2557 841 2590 expiatorii,
856 2557 963 2584 sacerdc

1056 2561 1113 2596 ;ρᾶς
1127 2560 1240 2594 ὲποψίας
1254 2559 1300 2584 καί
1313 2556 1453 2587 κοινωνίας
1466 2554 1608 2590 ἀμέτοχος,
1620 2551 1658 2583 ὡς
1669 2550 1708 2577 ἔτι
1728 2549 1817 2576 καθαι-

202 2611 244 2632 tes
258 2604 338 2640 253
348 2603 520 2635 illustrantis,
537 2603 679 2637 pontiﬁces
695 2603 812 2636 denique
825 2602 963 2630 deifornxe:

1059 2595 1148 2641 ομένη.
1158 2603 1316 2640 Θεωρητικὴ
1326 2603 1354 2629 δὲ
1362 2601 1437 2634 τάξις
1446 2602 1460 2628 ὁ
1471 2600 1541 2636 ἱερὸς
1550 2598 1623 2630 λαός.
1636 2595 1820 2642 Τετελεσμέχη

201 2653 423 2680 consumtnantis.
445 2652 516 2679 Ordo
535 2655 625 2678 autem
639 2651 684 2685 qui
701 2651 828 2685 expiatur
841 2658 962 2678 sacrorut

1060 2638 1182 2686 :‘tdgtqﬁ
1277 2648 1383 2675 ὲνιαίων
1401 2646 1533 2682 μοναχῶν.
1555 2643 1632 2691 Οὕτω
1651 2641 1706 2691 γάρ
1723 2641 1740 2690 1:1
1760 2638 1821 2691 καθ’

202 2703 312 2733 aspectu
325 2703 406 2733 atque
419 2698 610 2725 conununiozte
622 2696 771 2724 frustratur
784 2716 793 2729 ,
806 2698 877 2732 quod
895 2697 963 2724 adlnt

1061 2697 1110 2732 μᾶς
1124 2685 1258 2730 ἱεραρχία,
1271 2694 1330 2725 ταῖς
1342 2691 1547 2728 θεοπαραδὸτοις
1559 2687 1667 2722 τάξεσιν
1680 2685 1761 2720 ἱερῶς
1779 2685 1822 2709 εὐ-

835 2766 953 2796 νΑιιιλΕ
971 2764 1174 2794 LECTIONES.
1186 2786 1188 2788 .

239 2845 250 2864 ³
266 2849 430 2882 μοναχνκοϊς,
448 2847 495 2874 (Ἰ).
511 2845 541 2873 P.
590 2846 601 2882 ξ
614 2846 660 2872 καὶ
674 2845 827 2881 ἀναγωγήν,
842 2845 892 2872 (Jb.
931 2844 940 2858 ⁷
953 2844 1082 2879 ἁςίκετο,
1097 2847 1122 2870 et
1136 2841 1257 2877 ἀγωγήν,
1273 2840 1302 2868 D.
1319 2838 1347 2868 S.
1359 2843 1386 2867 et
1404 2837 1480 2867 Vien.
1530 2836 1541 2853 ⁸
1552 2832 1703 2866 κοινωνίας.
1718 2831 1766 2860 (Αιι
1784 2830 1820 2860 Π·

204 2883 249 2909 καὶ
263 2881 346 2914 θείας,
362 2885 390 2909 υ.
430 2883 440 2899 ν
459 2882 568 2914 θέσεως.
587 2881 620 2908 M.
638 2882 665 2909 S.
