  <div class='ocr_page' id='page_1' title='image "/cluster/home/n/w/nwhite01/storage/ocr_20150623/3/njp.32101077772356/336.png"; bbox 0 0 1929 3068; ppageno 0'>
   <div class='ocr_carea' id='block_1_1' title="bbox 139 137 900 171">
    <p class='ocr_par' dir='ltr' id='par_1_1' title="bbox 139 138 889 171">
     <span class='ocr_line' id='line_1_1' title="bbox 139 138 889 171; baseline -0.005 -1"><span class='ocrx_word' id='word_1_1' title='bbox 139 142 175 170; x_wconf 69' lang='lat'><strong>37</strong></span> <span class='ocrx_word' id='word_1_2' title='bbox 463 140 507 167; x_wconf 84' lang='lat' dir='ltr'><strong>DE</strong></span> <span class='ocrx_word' id='word_1_3' title='bbox 527 140 669 168; x_wconf 83' lang='lat' dir='ltr'><strong>ECCLES.</strong></span> <span class='ocrx_word' id='word_1_4' title='bbox 689 138 889 171; x_wconf 61' lang='lat' dir='ltr'><strong>HIERARCIL</strong></span> 
     </span>
    </p>
   </div>
   <div class='ocr_carea' id='block_1_2' title="bbox 953 137 1412 171">
    <p class='ocr_par' dir='ltr' id='par_1_2' title="bbox 954 137 1412 168">
     <span class='ocr_line' id='line_1_2' title="bbox 954 137 1412 168; baseline -0.002 -2"><span class='ocrx_word' id='word_1_5' title='bbox 954 139 985 168; x_wconf 84' lang='lat' dir='ltr'><strong>P.</strong></span> <span class='ocrx_word' id='word_1_6' title='bbox 1004 139 1048 167; x_wconf 81' lang='lat' dir='ltr'><strong>VI.</strong></span> <span class='ocrx_word' id='word_1_7' title='bbox 1067 155 1100 159; x_wconf 97' lang='lat'><strong>—</strong></span> <span class='ocrx_word' id='word_1_8' title='bbox 1119 138 1281 167; x_wconf 77' lang='lat' dir='ltr'><strong>CORDERII</strong></span> <span class='ocrx_word' id='word_1_9' title='bbox 1297 137 1412 165; x_wconf 63' lang='grc' dir='ltr'><strong>ΝΟΤᾸΕ.</strong></span> 
     </span>
    </p>
   </div>
   <div class='ocr_carea' id='block_1_3' title="bbox 1699 137 1752 164">
    <p class='ocr_par' dir='ltr' id='par_1_3' title="bbox 1699 137 1752 164">
     <span class='ocr_line' id='line_1_3' title="bbox 1699 137 1752 164; baseline 0.019 -1"><span class='ocrx_word' id='word_1_10' title='bbox 1699 137 1752 164; x_wconf 68' lang='grc'><strong>558</strong></span> 
     </span>
    </p>
   </div>
   <div class='ocr_carea' id='block_1_4' title="bbox 118 195 900 233">
    <p class='ocr_par' dir='ltr' id='par_1_4' title="bbox 118 196 894 233">
     <span class='ocr_line' id='line_1_4' title="bbox 118 196 894 233; baseline -0.003 -9"><span class='ocrx_word' id='word_1_11' title='bbox 118 197 283 233; x_wconf 77' lang='grc' dir='ltr'>θετουμένη,</span> <span class='ocrx_word' id='word_1_12' title='bbox 296 198 357 229; x_wconf 80' lang='grc' dir='ltr'>ταῖς</span> <span class='ocrx_word' id='word_1_13' title='bbox 369 197 506 233; x_wconf 74' lang='grc' dir='ltr'><strong>οὐρανίαις</strong></span> <span class='ocrx_word' id='word_1_14' title='bbox 525 196 675 232; x_wconf 84' lang='grc' dir='ltr'>ἱεραρχίαις</span> <span class='ocrx_word' id='word_1_15' title='bbox 693 196 817 232; x_wconf 77' lang='grc' dir='ltr'>ὁμοειδής</span> <span class='ocrx_word' id='word_1_16' title='bbox 836 197 894 222; x_wconf 76' lang='grc' dir='ltr'>ἐστι</span> 
     </span>
    </p>
   </div>
   <div class='ocr_carea' id='block_1_5' title="bbox 953 195 1747 233">
    <p class='ocr_par' dir='ltr' id='par_1_5' title="bbox 964 195 1747 230">
     <span class='ocr_line' id='line_1_5' title="bbox 964 195 1747 230; baseline -0.003 -7"><span class='ocrx_word' id='word_1_17' title='bbox 964 196 1113 230; x_wconf 83' lang='lat' dir='ltr'><strong>expiationi</strong></span> <span class='ocrx_word' id='word_1_18' title='bbox 1129 201 1217 224; x_wconf 70' lang='lat' dir='ltr'><strong>vacet.</strong></span> <span class='ocrx_word' id='word_1_19' title='bbox 1235 195 1308 223; x_wconf 84' lang='lat' dir='ltr'><strong>Ordo</strong></span> <span class='ocrx_word' id='word_1_20' title='bbox 1325 201 1416 223; x_wconf 87' lang='lat' dir='ltr'><strong>autem</strong></span> <span class='ocrx_word' id='word_1_21' title='bbox 1444 195 1487 222; x_wconf 88' lang='lat' dir='ltr'><strong>cui</strong></span> <span class='ocrx_word' id='word_1_22' title='bbox 1503 202 1647 222; x_wconf 77' lang='lat' dir='ltr'><strong>sacrorum</strong></span> <span class='ocrx_word' id='word_1_23' title='bbox 1672 202 1747 228; x_wconf 75' lang='lat' dir='ltr'><strong>aspc-</strong></span> 
     </span>
    </p>
   </div>
   <div class='ocr_carea' id='block_1_6' title="bbox 117 241 910 280">
    <p class='ocr_par' dir='ltr' id='par_1_6' title="bbox 117 241 910 280">
     <span class='ocr_line' id='line_1_6' title="bbox 117 241 910 280; baseline -0.004 -8"><span class='ocrx_word' id='word_1_24' title='bbox 117 246 182 276; x_wconf 77' lang='grc' dir='ltr'>τοὺς</span> <span class='ocrx_word' id='word_1_25' title='bbox 191 244 373 280; x_wconf 76' lang='grc' dir='ltr'>Θιομιμήτους</span> <span class='ocrx_word' id='word_1_26' title='bbox 383 244 468 278; x_wconf 71' lang='grc' dir='ltr'>αὐτῆς</span> <span class='ocrx_word' id='word_1_27' title='bbox 479 243 515 276; x_wconf 87' lang='grc' dir='ltr'>ὡς</span> <span class='ocrx_word' id='word_1_28' title='bbox 524 244 553 270; x_wconf 77' lang='grc' dir='ltr'>ὲν</span> <span class='ocrx_word' id='word_1_29' title='bbox 560 244 688 280; x_wconf 80' lang='grc' dir='ltr'><strong>ἀνδράσιν</strong></span> <span class='ocrx_word' id='word_1_30' title='bbox 700 241 880 275; x_wconf 78' lang='grc' dir='ltr'>ἀποσώζουσα</span> <span class='ocrx_word' id='word_1_31' title='bbox 889 242 910 259; x_wconf 81' lang='grc'><strong>¹⁰</strong></span> 
     </span>
    </p>
   </div>
   <div class='ocr_carea' id='block_1_7' title="bbox 116 289 504 325">
    <p class='ocr_par' dir='ltr' id='par_1_7' title="bbox 116 289 504 325">
     <span class='ocr_line' id='line_1_7' title="bbox 116 289 504 325; baseline -0.005 -8"><span class='ocrx_word' id='word_1_32' title='bbox 116 291 168 317; x_wconf 76' lang='grc' dir='ltr'>καὶ</span> <span class='ocrx_word' id='word_1_33' title='bbox 181 289 305 322; x_wconf 81' lang='grc' dir='ltr'><strong>θεοειδεῖς</strong></span> <span class='ocrx_word' id='word_1_34' title='bbox 318 289 504 325; x_wconf 80' lang='grc' dir='ltr'>χαρακτῆρας.</span> 
     </span>
    </p>
   </div>
   <div class='ocr_carea' id='block_1_8' title="bbox 964 241 1749 277">
    <p class='ocr_par' dir='ltr' id='par_1_8' title="bbox 964 241 1749 277">
     <span class='ocr_line' id='line_1_8' title="bbox 964 241 1749 277; baseline -0.004 -8"><span class='ocrx_word' id='word_1_35' title='bbox 964 248 1025 269; x_wconf 86' lang='lat' dir='ltr'><strong>ctus</strong></span> <span class='ocrx_word' id='word_1_36' title='bbox 1050 242 1215 275; x_wconf 74' lang='lat' dir='ltr'><strong>indulgetur,</strong></span> <span class='ocrx_word' id='word_1_37' title='bbox 1245 243 1305 277; x_wconf 88' lang='lat' dir='ltr'><strong>pius</strong></span> <span class='ocrx_word' id='word_1_38' title='bbox 1330 246 1374 268; x_wconf 89' lang='lat' dir='ltr'><strong>est</strong></span> <span class='ocrx_word' id='word_1_39' title='bbox 1395 241 1522 276; x_wconf 91' lang='lat' dir='ltr'><strong>populus.</strong></span> <span class='ocrx_word' id='word_1_40' title='bbox 1553 241 1628 268; x_wconf 83' lang='lat' dir='ltr'><strong>Ordo</strong></span> <span class='ocrx_word' id='word_1_41' title='bbox 1657 245 1749 267; x_wconf 86' lang='lat' dir='ltr'><strong>autem</strong></span> 
     </span>
    </p>
   </div>
   <div class='ocr_carea' id='block_1_9' title="bbox 964 286 1749 323">
    <p class='ocr_par' dir='ltr' id='par_1_9' title="bbox 964 286 1749 323">
     <span class='ocr_line' id='line_1_9' title="bbox 964 286 1749 323; baseline -0.003 -8"><span class='ocrx_word' id='word_1_42' title='bbox 964 287 1102 322; x_wconf 85' lang='lat' dir='ltr'><strong>perfectus</strong></span> <span class='ocrx_word' id='word_1_43' title='bbox 1123 293 1165 315; x_wconf 90' lang='lat' dir='ltr'><strong>est</strong></span> <span class='ocrx_word' id='word_1_44' title='bbox 1181 287 1361 323; x_wconf 76' lang='lat' dir='ltr'><strong>singularinm</strong></span> <span class='ocrx_word' id='word_1_45' title='bbox 1388 287 1596 315; x_wconf 81' lang='lat' dir='ltr'><strong>monachorum.</strong></span> <span class='ocrx_word' id='word_1_46' title='bbox 1612 286 1651 314; x_wconf 87' lang='lat' dir='ltr'><strong>Ita</strong></span> <span class='ocrx_word' id='word_1_47' title='bbox 1674 287 1749 314; x_wconf 90' lang='lat' dir='ltr'><strong>enim</strong></span> 
     </span>
    </p>
   </div>
   <div class='ocr_carea' id='block_1_10' title="bbox 116 331 1748 369">
    <p class='ocr_par' dir='ltr' id='par_1_10' title="bbox 116 331 1748 369">
     <span class='ocr_line' id='line_1_10' title="bbox 116 331 1748 369; baseline -0.003 -6"><span class='ocrx_word' id='word_1_48' title='bbox 116 336 276 364; x_wconf 68' lang='lat' dir='ltr'><strong>inierarchia</strong></span> <span class='ocrx_word' id='word_1_49' title='bbox 305 340 397 363; x_wconf 85' lang='lat' dir='ltr'><strong>nostra</strong></span> <span class='ocrx_word' id='word_1_50' title='bbox 410 335 553 362; x_wconf 81' lang='lat' dir='ltr'><strong>ordinibus</strong></span> <span class='ocrx_word' id='word_1_51' title='bbox 568 342 582 361; x_wconf 92' lang='lat' dir='ltr'><strong>a</strong></span> <span class='ocrx_word' id='word_1_52' title='bbox 597 335 652 362; x_wconf 91' lang='lat' dir='ltr'><strong>Deo</strong></span> <span class='ocrx_word' id='word_1_53' title='bbox 668 333 778 361; x_wconf 86' lang='lat' dir='ltr'><strong>traditis</strong></span> <span class='ocrx_word' id='word_1_54' title='bbox 806 337 899 360; x_wconf 82' lang='lat' dir='ltr'><strong>sancte</strong></span> <span class='ocrx_word' id='word_1_55' title='bbox 921 333 1038 369; x_wconf 78' lang='lat' dir='ltr'><strong>digesta,</strong></span> <span class='ocrx_word' id='word_1_56' title='bbox 1054 333 1203 360; x_wconf 81' lang='lat' dir='ltr'><strong>conformis</strong></span> <span class='ocrx_word' id='word_1_57' title='bbox 1225 338 1268 360; x_wconf 86' lang='lat' dir='ltr'><strong>est</strong></span> <span class='ocrx_word' id='word_1_58' title='bbox 1295 332 1452 360; x_wconf 62' lang='lat' dir='ltr'><strong>coelestibus</strong></span> <span class='ocrx_word' id='word_1_59' title='bbox 1481 331 1659 364; x_wconf 80' lang='lat' dir='ltr'><strong>hierarchiis,</strong></span> <span class='ocrx_word' id='word_1_60' title='bbox 1685 332 1748 358; x_wconf 89' lang='lat' dir='ltr'><strong>dum</strong></span> 
     </span>
    </p>
   </div>
   <div class='ocr_carea' id='block_1_11' title="bbox 117 378 1160 416">
    <p class='ocr_par' dir='ltr' id='par_1_11' title="bbox 117 378 1160 416">
     <span class='ocr_line' id='line_1_11' title="bbox 117 378 1160 416; baseline -0.004 -8"><span class='ocrx_word' id='word_1_61' title='bbox 117 381 266 409; x_wconf 85' lang='lat' dir='ltr'><strong>dciformes</strong></span> <span class='ocrx_word' id='word_1_62' title='bbox 288 385 368 408; x_wconf 85' lang='lat' dir='ltr'><strong>notas</strong></span> <span class='ocrx_word' id='word_1_63' title='bbox 381 380 511 416; x_wconf 76' lang='lat' dir='ltr'><strong>signaque</strong></span> <span class='ocrx_word' id='word_1_64' title='bbox 529 381 612 407; x_wconf 89' lang='lat' dir='ltr'><strong>Deum</strong></span> <span class='ocrx_word' id='word_1_65' title='bbox 623 378 806 414; x_wconf 79' lang='lat' dir='ltr'><strong>exprimentia</strong></span> <span class='ocrx_word' id='word_1_66' title='bbox 822 386 872 413; x_wconf 89' lang='lat' dir='ltr'><strong>pro</strong></span> <span class='ocrx_word' id='word_1_67' title='bbox 890 378 994 407; x_wconf 83' lang='lat' dir='ltr'><strong>viribus</strong></span> <span class='ocrx_word' id='word_1_68' title='bbox 1005 382 1160 406; x_wconf 89' lang='lat' dir='ltr'><strong>conservat.</strong></span> 
     </span>
    </p>
   </div>
   <div class='ocr_carea' id='block_1_12' title="bbox 900 457 986 495">
    <p class='ocr_par' dir='ltr' id='par_1_12' title="bbox 900 457 986 495">
     <span class='ocr_line' id='line_1_12' title="bbox 900 457 986 495; baseline 0.023 -8"><span class='ocrx_word' id='word_1_69' title='bbox 900 458 914 495; x_wconf 59' lang='grc' dir='ltr'>ᾖ</span> <span class='ocrx_word' id='word_1_70' title='bbox 930 457 986 489; x_wconf 83' lang='lat' dir='ltr'><strong>VL</strong></span> 
     </span>
    </p>
   </div>
   <div class='ocr_carea' id='block_1_13' title="bbox 153 530 905 568">
    <p class='ocr_par' dir='ltr' id='par_1_13' title="bbox 153 530 905 568">
     <span class='ocr_line' id='line_1_13' title="bbox 153 530 905 568; baseline 0 -11"><span class='ocrx_word' id='word_1_71' title='bbox 153 530 221 557; x_wconf 81' lang='grc' dir='ltr'><strong>Ἀλλ’</strong></span> <span class='ocrx_word' id='word_1_72' title='bbox 233 532 316 567; x_wconf 76' lang='grc' dir='ltr'>ἐρεῖς,</span> <span class='ocrx_word' id='word_1_73' title='bbox 327 532 368 558; x_wconf 77' lang='grc' dir='ltr'>ὅτι</span> <span class='ocrx_word' id='word_1_74' title='bbox 379 532 438 564; x_wconf 81' lang='grc' dir='ltr'>ταῖς</span> <span class='ocrx_word' id='word_1_75' title='bbox 449 531 586 568; x_wconf 85' lang='grc' dir='ltr'>οὐρανίαις</span> <span class='ocrx_word' id='word_1_76' title='bbox 595 531 746 567; x_wconf 81' lang='grc' dir='ltr'>ίεραρχίαις</span> <span class='ocrx_word' id='word_1_77' title='bbox 754 530 905 558; x_wconf 77' lang='grc' dir='ltr'><strong>ἐλλείπουσι</strong></span> 
     </span>
    </p>
   </div>
   <div class='ocr_carea' id='block_1_14' title="bbox 115 577 906 615">
    <p class='ocr_par' dir='ltr' id='par_1_14' title="bbox 115 577 906 615">
     <span class='ocr_line' id='line_1_14' title="bbox 115 577 906 615; baseline 0 -12"><span class='ocrx_word' id='word_1_78' title='bbox 115 578 227 609; x_wconf 77' lang='grc' dir='ltr'>πάντως</span> <span class='ocrx_word' id='word_1_79' title='bbox 239 579 267 604; x_wconf 85' lang='grc' dir='ltr'>αἱ</span> <span class='ocrx_word' id='word_1_80' title='bbox 281 578 479 614; x_wconf 85' lang='grc' dir='ltr'>καθαιρόμεναι</span> <span class='ocrx_word' id='word_1_81' title='bbox 488 578 579 612; x_wconf 81' lang='grc' dir='ltr'><strong>τάξεις</strong></span> <span class='ocrx_word' id='word_1_82' title='bbox 592 578 632 615; x_wconf 89' lang='grc' dir='ltr'><strong>(οὺ</strong></span> <span class='ocrx_word' id='word_1_83' title='bbox 644 578 698 613; x_wconf 83' lang='grc' dir='ltr'>γὰρ</span> <span class='ocrx_word' id='word_1_84' title='bbox 715 578 834 613; x_wconf 81' lang='grc' dir='ltr'>θεμιτὸν,</span> <span class='ocrx_word' id='word_1_85' title='bbox 846 577 906 604; x_wconf 76' lang='grc' dir='ltr'>οὐδὲ</span> 
     </span>
    </p>
   </div>
   <div class='ocr_carea' id='block_1_15' title="bbox 113 623 906 660">
    <p class='ocr_par' dir='ltr' id='par_1_15' title="bbox 113 623 906 660">
     <span class='ocr_line' id='line_1_15' title="bbox 113 623 906 660; baseline -0.001 -10"><span class='ocrx_word' id='word_1_86' title='bbox 113 623 215 659; x_wconf 74' lang='grc' dir='ltr'><strong>ἀληθὲς</strong></span> <span class='ocrx_word' id='word_1_87' title='bbox 227 625 324 655; x_wconf 83' lang='grc' dir='ltr'>εἰπεῖν,</span> <span class='ocrx_word' id='word_1_88' title='bbox 338 624 375 656; x_wconf 79' lang='grc' dir='ltr'>ὡς</span> <span class='ocrx_word' id='word_1_89' title='bbox 389 624 447 651; x_wconf 75' lang='grc' dir='ltr'>ἔστι</span> <span class='ocrx_word' id='word_1_90' title='bbox 464 633 506 656; x_wconf 81' lang='grc' dir='ltr'><strong>τις</strong></span> <span class='ocrx_word' id='word_1_91' title='bbox 517 625 630 660; x_wconf 80' lang='grc' dir='ltr'>οὐρανία</span> <span class='ocrx_word' id='word_1_92' title='bbox 647 624 825 659; x_wconf 82' lang='grc' dir='ltr'><strong>διακόσμησις</strong></span> <span class='ocrx_word' id='word_1_93' title='bbox 844 624 906 650; x_wconf 80' lang='grc' dir='ltr'><strong>ἐνα-</strong></span> 
     </span>
    </p>
   </div>
   <div class='ocr_carea' id='block_1_16' title="bbox 113 667 904 705">
    <p class='ocr_par' dir='ltr' id='par_1_16' title="bbox 113 667 904 705">
     <span class='ocr_line' id='line_1_16' title="bbox 113 667 904 705; baseline 0.001 -11"><span class='ocrx_word' id='word_1_94' title='bbox 113 668 193 704; x_wconf 88' lang='grc' dir='ltr'>γής)·</span> <span class='ocrx_word' id='word_1_95' title='bbox 205 668 260 702; x_wconf 77' lang='grc' dir='ltr'><strong>ἐγὼ</strong></span> <span class='ocrx_word' id='word_1_96' title='bbox 271 669 309 700; x_wconf 81' lang='grc' dir='ltr'><strong>δὲ,</strong></span> <span class='ocrx_word' id='word_1_97' title='bbox 323 670 363 696; x_wconf 81' lang='grc' dir='ltr'>ὅτι</span> <span class='ocrx_word' id='word_1_98' title='bbox 377 669 426 704; x_wconf 78' lang='grc' dir='ltr'>μὲν</span> <span class='ocrx_word' id='word_1_99' title='bbox 439 669 573 705; x_wconf 77' lang='grc' dir='ltr'>ἀλώϐητοι</span> <span class='ocrx_word' id='word_1_100' title='bbox 587 669 726 701; x_wconf 83' lang='grc' dir='ltr'><strong>παντελῶς</strong></span> <span class='ocrx_word' id='word_1_101' title='bbox 737 670 800 701; x_wconf 84' lang='grc' dir='ltr'>είσι,</span> <span class='ocrx_word' id='word_1_102' title='bbox 815 669 861 695; x_wconf 76' lang='grc' dir='ltr'>καὶ</span> <span class='ocrx_word' id='word_1_103' title='bbox 874 667 904 695; x_wconf 74' lang='grc' dir='ltr'><strong>τὸ</strong></span> 
     </span>
    </p>
   </div>
   <div class='ocr_carea' id='block_1_17' title="bbox 113 714 902 750">
    <p class='ocr_par' dir='ltr' id='par_1_17' title="bbox 113 714 902 750">
     <span class='ocr_line' id='line_1_17' title="bbox 113 714 902 750; baseline -0.001 -9"><span class='ocrx_word' id='word_1_104' title='bbox 113 715 250 748; x_wconf 80' lang='grc' dir='ltr'>πάναγνον</span> <span class='ocrx_word' id='word_1_105' title='bbox 259 715 450 750; x_wconf 82' lang='grc' dir='ltr'>ὑπερκοσμίως</span> <span class='ocrx_word' id='word_1_106' title='bbox 457 714 573 750; x_wconf 74' lang='grc' dir='ltr'>ἔχουσιν,</span> <span class='ocrx_word' id='word_1_107' title='bbox 581 714 779 750; x_wconf 84' lang='grc' dir='ltr'>ὀμολογήσαιμι</span> <span class='ocrx_word' id='word_1_108' title='bbox 785 714 902 744; x_wconf 81' lang='grc' dir='ltr'>πάντως,</span> 
     </span>
    </p>
   </div>
   <div class='ocr_carea' id='block_1_18' title="bbox 113 760 902 797">
    <p class='ocr_par' dir='ltr' id='par_1_18' title="bbox 113 760 902 797">
     <span class='ocr_line' id='line_1_18' title="bbox 113 760 902 797; baseline 0 -11"><span class='ocrx_word' id='word_1_109' title='bbox 113 761 139 786; x_wconf 87' lang='grc' dir='ltr'><strong>εἰ</strong></span> <span class='ocrx_word' id='word_1_110' title='bbox 155 760 192 796; x_wconf 83' lang='grc' dir='ltr'>μὴ</span> <span class='ocrx_word' id='word_1_111' title='bbox 210 761 348 793; x_wconf 78' lang='grc' dir='ltr'><strong>παντελῶς</strong></span> <span class='ocrx_word' id='word_1_112' title='bbox 359 761 524 797; x_wconf 80' lang='grc' dir='ltr'>ἀποπέσοιμι</span> <span class='ocrx_word' id='word_1_113' title='bbox 542 761 590 788; x_wconf 79' lang='grc' dir='ltr'>τοῦ</span> <span class='ocrx_word' id='word_1_114' title='bbox 611 761 757 796; x_wconf 77' lang='grc' dir='ltr'>ἱερωτάτου</span> <span class='ocrx_word' id='word_1_115' title='bbox 779 760 847 792; x_wconf 83' lang='grc' dir='ltr'>νοός.</span> <span class='ocrx_word' id='word_1_116' title='bbox 870 761 902 786; x_wconf 85' lang='lat' dir='ltr'><strong>El</strong></span> 
     </span>
    </p>
   </div>
   <div class='ocr_carea' id='block_1_19' title="bbox 111 807 902 843">
    <p class='ocr_par' dir='ltr' id='par_1_19' title="bbox 111 807 902 843">
     <span class='ocr_line' id='line_1_19' title="bbox 111 807 902 843; baseline -0.003 -9"><span class='ocrx_word' id='word_1_117' title='bbox 111 807 168 842; x_wconf 81' lang='grc' dir='ltr'>γάρ</span> <span class='ocrx_word' id='word_1_118' title='bbox 181 816 222 840; x_wconf 87' lang='grc' dir='ltr'><strong>τις</strong></span> <span class='ocrx_word' id='word_1_119' title='bbox 235 808 324 834; x_wconf 83' lang='grc' dir='ltr'>αὐτῶν</span> <span class='ocrx_word' id='word_1_120' title='bbox 337 808 388 834; x_wconf 81' lang='grc' dir='ltr'><strong>ὑπὸ</strong></span> <span class='ocrx_word' id='word_1_121' title='bbox 400 808 498 839; x_wconf 79' lang='grc' dir='ltr'><strong>κακίας</strong></span> <span class='ocrx_word' id='word_1_122' title='bbox 509 807 590 839; x_wconf 75' lang='grc' dir='ltr'>ἑάλω,</span> <span class='ocrx_word' id='word_1_123' title='bbox 598 807 647 843; x_wconf 83' lang='grc' dir='ltr'>τῆς</span> <span class='ocrx_word' id='word_1_124' title='bbox 660 808 709 843; x_wconf 88' lang='grc' dir='ltr'>μὲν</span> <span class='ocrx_word' id='word_1_125' title='bbox 720 807 845 843; x_wconf 78' lang='grc' dir='ltr'>οὐρανίας</span> <span class='ocrx_word' id='word_1_126' title='bbox 854 807 902 833; x_wconf 75' lang='grc' dir='ltr'>καὶ</span> 
     </span>
    </p>
   </div>
   <div class='ocr_carea' id='block_1_20' title="bbox 993 528 1748 564">
    <p class='ocr_par' dir='ltr' id='par_1_20' title="bbox 993 528 1748 564">
     <span class='ocr_line' id='line_1_20' title="bbox 993 528 1748 564; baseline 0.001 -8"><span class='ocrx_word' id='word_1_127' title='bbox 993 529 1048 556; x_wconf 84' lang='lat' dir='ltr'><strong>Sed</strong></span> <span class='ocrx_word' id='word_1_128' title='bbox 1064 528 1188 564; x_wconf 85' lang='lat' dir='ltr'><strong>objicies.</strong></span> <span class='ocrx_word' id='word_1_129' title='bbox 1204 528 1230 555; x_wconf 92' lang='lat' dir='ltr'><strong>in</strong></span> <span class='ocrx_word' id='word_1_130' title='bbox 1244 528 1401 564; x_wconf 75' lang='lat' dir='ltr'><strong>coelestibus</strong></span> <span class='ocrx_word' id='word_1_131' title='bbox 1413 529 1578 557; x_wconf 75' lang='lat' dir='ltr'><strong>hieran-hiis</strong></span> <span class='ocrx_word' id='word_1_132' title='bbox 1606 538 1659 557; x_wconf 89' lang='lat' dir='ltr'><strong>non</strong></span> <span class='ocrx_word' id='word_1_133' title='bbox 1686 537 1748 557; x_wconf 84' lang='lat' dir='ltr'><strong>esse</strong></span> 
     </span>
    </p>
   </div>
   <div class='ocr_carea' id='block_1_21' title="bbox 958 574 1748 610">
    <p class='ocr_par' dir='ltr' id='par_1_21' title="bbox 958 574 1748 610">
     <span class='ocr_line' id='line_1_21' title="bbox 958 574 1748 610; baseline -0.001 -7"><span class='ocrx_word' id='word_1_134' title='bbox 958 575 1068 603; x_wconf 84' lang='lat' dir='ltr'><strong>ordines</strong></span> <span class='ocrx_word' id='word_1_135' title='bbox 1082 574 1127 609; x_wconf 91' lang='lat' dir='ltr'><strong>qui</strong></span> <span class='ocrx_word' id='word_1_136' title='bbox 1140 575 1286 609; x_wconf 72' lang='lat' dir='ltr'><strong>expientur</strong></span> <span class='ocrx_word' id='word_1_137' title='bbox 1299 574 1388 610; x_wconf 80' lang='lat' dir='ltr'><strong>(nefas</strong></span> <span class='ocrx_word' id='word_1_138' title='bbox 1403 575 1474 602; x_wconf 90' lang='lat' dir='ltr'><strong>enim</strong></span> <span class='ocrx_word' id='word_1_139' title='bbox 1486 580 1514 602; x_wconf 88' lang='lat' dir='ltr'><strong>et</strong></span> <span class='ocrx_word' id='word_1_140' title='bbox 1532 575 1630 602; x_wconf 89' lang='lat' dir='ltr'><strong>falsum</strong></span> <span class='ocrx_word' id='word_1_141' title='bbox 1644 581 1688 602; x_wconf 87' lang='lat' dir='ltr'><strong>est</strong></span> <span class='ocrx_word' id='word_1_142' title='bbox 1706 576 1748 602; x_wconf 86' lang='lat' dir='ltr'><strong>di-</strong></span> 
     </span>
    </p>
   </div>
   <div class='ocr_carea' id='block_1_22' title="bbox 958 620 1746 655">
    <p class='ocr_par' dir='ltr' id='par_1_22' title="bbox 958 620 1746 655">
     <span class='ocr_line' id='line_1_22' title="bbox 958 620 1746 655; baseline -0.003 -7"><span class='ocrx_word' id='word_1_143' title='bbox 958 628 1031 652; x_wconf 83' lang='lat' dir='ltr'><strong>cere,</strong></span> <span class='ocrx_word' id='word_1_144' title='bbox 1046 620 1187 647; x_wconf 78' lang='lat' dir='ltr'><strong>cmlestem</strong></span> <span class='ocrx_word' id='word_1_145' title='bbox 1202 621 1359 655; x_wconf 81' lang='lat' dir='ltr'><strong>quampiam</strong></span> <span class='ocrx_word' id='word_1_146' title='bbox 1379 621 1583 648; x_wconf 88' lang='lat' dir='ltr'><strong>distinctionetn</strong></span> <span class='ocrx_word' id='word_1_147' title='bbox 1609 628 1670 648; x_wconf 77' lang='lat' dir='ltr'><strong>esse</strong></span> <span class='ocrx_word' id='word_1_148' title='bbox 1685 628 1746 648; x_wconf 67' lang='grc' dir='ltr'><strong>ςερ-</strong></span> 
     </span>
    </p>
   </div>
   <div class='ocr_carea' id='block_1_23' title="bbox 958 665 1740 702">
    <p class='ocr_par' dir='ltr' id='par_1_23' title="bbox 958 665 1740 702">
     <span class='ocr_line' id='line_1_23' title="bbox 958 665 1740 702; baseline 0 -9"><span class='ocrx_word' id='word_1_149' title='bbox 958 666 1007 693; x_wconf 90' lang='lat' dir='ltr'><strong>leri</strong></span> <span class='ocrx_word' id='word_1_150' title='bbox 1019 665 1197 699; x_wconf 72' lang='lat' dir='ltr'><strong>obnoxiam);</strong></span> <span class='ocrx_word' id='word_1_151' title='bbox 1214 673 1264 700; x_wconf 74' lang='lat' dir='ltr'><strong>ego</strong></span> <span class='ocrx_word' id='word_1_152' title='bbox 1277 673 1354 697; x_wconf 83' lang='lat' dir='ltr'><strong>vero,</strong></span> <span class='ocrx_word' id='word_1_153' title='bbox 1371 666 1424 693; x_wconf 85' lang='lat' dir='ltr'><strong>nisi</strong></span> <span class='ocrx_word' id='word_1_154' title='bbox 1444 674 1458 693; x_wconf 88' lang='lat' dir='ltr'><strong>a</strong></span> <span class='ocrx_word' id='word_1_155' title='bbox 1472 667 1647 693; x_wconf 88' lang='lat' dir='ltr'><strong>sanctissima</strong></span> <span class='ocrx_word' id='word_1_156' title='bbox 1666 675 1740 702; x_wconf 86' lang='lat' dir='ltr'><strong>pror-</strong></span> 
     </span>
    </p>
   </div>
   <div class='ocr_carea' id='block_1_24' title="bbox 957 711 1746 746">
    <p class='ocr_par' dir='ltr' id='par_1_24' title="bbox 957 711 1746 746">
     <span class='ocr_line' id='line_1_24' title="bbox 957 711 1746 746; baseline 0.001 -6"><span class='ocrx_word' id='word_1_157' title='bbox 957 720 1004 740; x_wconf 88' lang='lat' dir='ltr'><strong>sus</strong></span> <span class='ocrx_word' id='word_1_158' title='bbox 1016 717 1106 740; x_wconf 89' lang='lat' dir='ltr'><strong>mente</strong></span> <span class='ocrx_word' id='word_1_159' title='bbox 1122 713 1260 746; x_wconf 89' lang='lat' dir='ltr'><strong>aherrem,</strong></span> <span class='ocrx_word' id='word_1_160' title='bbox 1279 713 1392 740; x_wconf 90' lang='lat' dir='ltr'><strong>omnino</strong></span> <span class='ocrx_word' id='word_1_161' title='bbox 1415 711 1592 745; x_wconf 78' lang='lat' dir='ltr'><strong>atiirmarim,</strong></span> <span class='ocrx_word' id='word_1_162' title='bbox 1619 714 1746 741; x_wconf 67' lang='lat' dir='ltr'><strong>caelestes</strong></span> 
     </span>
    </p>
   </div>
   <div class='ocr_carea' id='block_1_25' title="bbox 957 760 1745 795">
    <p class='ocr_par' dir='ltr' id='par_1_25' title="bbox 957 760 1745 795">
     <span class='ocr_line' id='line_1_25' title="bbox 957 760 1745 795; baseline -0.003 -7"><span class='ocrx_word' id='word_1_163' title='bbox 957 760 1092 788; x_wconf 87' lang='lat' dir='ltr'><strong>essentias</strong></span> <span class='ocrx_word' id='word_1_164' title='bbox 1106 767 1167 787; x_wconf 82' lang='lat' dir='ltr'><strong>esse</strong></span> <span class='ocrx_word' id='word_1_165' title='bbox 1181 760 1288 795; x_wconf 87' lang='lat' dir='ltr'><strong>penitus</strong></span> <span class='ocrx_word' id='word_1_166' title='bbox 1313 760 1512 790; x_wconf 84' lang='lat' dir='ltr'><strong>immaculatas.</strong></span> <span class='ocrx_word' id='word_1_167' title='bbox 1543 764 1625 795; x_wconf 82' lang='lat' dir='ltr'><strong>atque</strong></span> <span class='ocrx_word' id='word_1_168' title='bbox 1647 768 1745 795; x_wconf 85' lang='lat' dir='ltr'><strong>supra-</strong></span> 
     </span>
    </p>
   </div>
   <div class='ocr_carea' id='block_1_26' title="bbox 956 805 1744 840">
    <p class='ocr_par' dir='ltr' id='par_1_26' title="bbox 956 805 1744 840">
     <span class='ocr_line' id='line_1_26' title="bbox 956 805 1744 840; baseline -0.001 -7"><span class='ocrx_word' id='word_1_169' title='bbox 956 806 1089 833; x_wconf 88' lang='lat' dir='ltr'><strong>ntundiali</strong></span> <span class='ocrx_word' id='word_1_170' title='bbox 1105 807 1186 833; x_wconf 90' lang='lat' dir='ltr'><strong>modo</strong></span> <span class='ocrx_word' id='word_1_171' title='bbox 1201 813 1310 833; x_wconf 90' lang='lat' dir='ltr'><strong>omnem</strong></span> <span class='ocrx_word' id='word_1_172' title='bbox 1325 806 1424 833; x_wconf 87' lang='lat' dir='ltr'><strong>habere</strong></span> <span class='ocrx_word' id='word_1_173' title='bbox 1437 806 1594 840; x_wconf 83' lang='lat' dir='ltr'><strong>puritatem.</strong></span> <span class='ocrx_word' id='word_1_174' title='bbox 1620 805 1688 832; x_wconf 87' lang='lat' dir='ltr'><strong>Nam</strong></span> <span class='ocrx_word' id='word_1_175' title='bbox 1720 813 1744 832; x_wconf 84' lang='lat' dir='ltr'><strong>si</strong></span> 
     </span>
    </p>
   </div>
   <div class='ocr_carea' id='block_1_27' title="bbox 111 851 900 888">
    <p class='ocr_par' dir='ltr' id='par_1_27' title="bbox 111 851 900 888">
     <span class='ocr_line' id='line_1_27' title="bbox 111 851 900 888; baseline -0.001 -9"><span class='ocrx_word' id='word_1_176' title='bbox 111 853 230 888; x_wconf 83' lang='grc' dir='ltr'><strong>ἀμιγοῦς</strong></span> <span class='ocrx_word' id='word_1_177' title='bbox 248 853 442 880; x_wconf 84' lang='grc' dir='ltr'>ἀποπεπτὼκει</span> <span class='ocrx_word' id='word_1_178' title='bbox 462 853 517 880; x_wconf 83' lang='grc' dir='ltr'><strong>τῶν</strong></span> <span class='ocrx_word' id='word_1_179' title='bbox 529 853 608 880; x_wconf 82' lang='grc' dir='ltr'>θείων</span> <span class='ocrx_word' id='word_1_180' title='bbox 625 852 693 880; x_wconf 87' lang='grc' dir='ltr'><strong>νοῶν</strong></span> <span class='ocrx_word' id='word_1_181' title='bbox 703 851 847 888; x_wconf 82' lang='grc' dir='ltr'><strong>ἁρμονίας,</strong></span> <span class='ocrx_word' id='word_1_182' title='bbox 864 852 900 883; x_wconf 82' lang='grc' dir='ltr'>εἰς</span> 
     </span>
    </p>
   </div>
   <div class='ocr_carea' id='block_1_28' title="bbox 953 851 1743 888">
    <p class='ocr_par' dir='ltr' id='par_1_28' title="bbox 954 852 1743 887">
     <span class='ocr_line' id='line_1_28' title="bbox 954 852 1743 887; baseline -0.003 -7"><span class='ocrx_word' id='word_1_183' title='bbox 954 860 1015 887; x_wconf 66' lang='lat' dir='ltr'><strong>quae</strong></span> <span class='ocrx_word' id='word_1_184' title='bbox 1031 853 1059 880; x_wconf 93' lang='lat' dir='ltr'><strong>in</strong></span> <span class='ocrx_word' id='word_1_185' title='bbox 1072 853 1169 880; x_wconf 87' lang='lat' dir='ltr'><strong>vitium</strong></span> <span class='ocrx_word' id='word_1_186' title='bbox 1186 852 1313 887; x_wconf 88' lang='lat' dir='ltr'><strong>prolapsa</strong></span> <span class='ocrx_word' id='word_1_187' title='bbox 1324 852 1369 886; x_wconf 86' lang='lat' dir='ltr'><strong>sit,</strong></span> <span class='ocrx_word' id='word_1_188' title='bbox 1387 853 1517 879; x_wconf 91' lang='lat' dir='ltr'><strong>continuo</strong></span> <span class='ocrx_word' id='word_1_189' title='bbox 1536 852 1620 879; x_wconf 84' lang='lat' dir='ltr'><strong>etiam</strong></span> <span class='ocrx_word' id='word_1_190' title='bbox 1633 860 1648 878; x_wconf 91' lang='lat' dir='ltr'><strong>a</strong></span> <span class='ocrx_word' id='word_1_191' title='bbox 1659 852 1743 879; x_wconf 75' lang='lat' dir='ltr'><strong>code-</strong></span> 
     </span>
    </p>
   </div>
   <div class='ocr_carea' id='block_1_29' title="bbox 110 898 903 935">
    <p class='ocr_par' dir='ltr' id='par_1_29' title="bbox 110 898 903 935">
     <span class='ocr_line' id='line_1_29' title="bbox 110 898 903 935; baseline -0.001 -10"><span class='ocrx_word' id='word_1_192' title='bbox 110 900 161 935; x_wconf 81' lang='grc' dir='ltr'>τὴν</span> <span class='ocrx_word' id='word_1_193' title='bbox 184 898 296 935; x_wconf 82' lang='grc' dir='ltr'>ἀλαμπῆ</span> <span class='ocrx_word' id='word_1_194' title='bbox 315 899 409 927; x_wconf 83' lang='grc' dir='ltr'><strong>δὲτῶν</strong></span> <span class='ocrx_word' id='word_1_195' title='bbox 432 898 623 927; x_wconf 82' lang='grc' dir='ltr'>ἀποστατικῶν</span> <span class='ocrx_word' id='word_1_196' title='bbox 640 898 766 934; x_wconf 82' lang='grc' dir='ltr'><strong>πληθύων</strong></span> <span class='ocrx_word' id='word_1_197' title='bbox 790 898 903 933; x_wconf 78' lang='grc' dir='ltr'><strong>ἐφέρετο</strong></span> 
     </span>
    </p>
   </div>
   <div class='ocr_carea' id='block_1_30' title="bbox 111 944 903 981">
    <p class='ocr_par' dir='ltr' id='par_1_30' title="bbox 111 944 903 981">
     <span class='ocr_line' id='line_1_30' title="bbox 111 944 903 981; baseline -0.001 -10"><span class='ocrx_word' id='word_1_198' title='bbox 111 945 226 972; x_wconf 85' lang='grc' dir='ltr'>πτῶσιν.</span> <span class='ocrx_word' id='word_1_199' title='bbox 249 945 319 972; x_wconf 83' lang='grc' dir='ltr'><strong>Ἀλλ’</strong></span> <span class='ocrx_word' id='word_1_200' title='bbox 329 946 402 972; x_wconf 74' lang='grc' dir='ltr'>ἐστιν</span> <span class='ocrx_word' id='word_1_201' title='bbox 418 947 504 973; x_wconf 80' lang='grc' dir='ltr'>εἰπεῖν</span> <span class='ocrx_word' id='word_1_202' title='bbox 530 945 609 981; x_wconf 84' lang='grc' dir='ltr'>ίερῶς</span> <span class='ocrx_word' id='word_1_203' title='bbox 635 946 682 972; x_wconf 72' lang='grc' dir='ltr'><strong>ἐπὶ</strong></span> <span class='ocrx_word' id='word_1_204' title='bbox 701 945 751 980; x_wconf 83' lang='grc' dir='ltr'>τῆς</span> <span class='ocrx_word' id='word_1_205' title='bbox 773 944 903 980; x_wconf 79' lang='grc' dir='ltr'><strong>οὐρανίας</strong></span> 
     </span>
    </p>
   </div>
   <div class='ocr_carea' id='block_1_31' title="bbox 111 990 902 1028">
    <p class='ocr_par' dir='ltr' id='par_1_31' title="bbox 111 990 902 1028">
     <span class='ocr_line' id='line_1_31' title="bbox 111 990 902 1028; baseline -0.003 -11"><span class='ocrx_word' id='word_1_206' title='bbox 111 990 264 1026; x_wconf 80' lang='grc' dir='ltr'>ιεραρχίας,</span> <span class='ocrx_word' id='word_1_207' title='bbox 283 992 323 1018; x_wconf 77' lang='grc' dir='ltr'>ὅτι</span> <span class='ocrx_word' id='word_1_208' title='bbox 335 991 468 1028; x_wconf 84' lang='grc' dir='ltr'>κάθαρσίς</span> <span class='ocrx_word' id='word_1_209' title='bbox 479 993 537 1018; x_wconf 75' lang='grc' dir='ltr'>ἐστι</span> <span class='ocrx_word' id='word_1_210' title='bbox 549 993 608 1023; x_wconf 86' lang='grc' dir='ltr'>ταῖς</span> <span class='ocrx_word' id='word_1_211' title='bbox 626 991 786 1026; x_wconf 79' lang='grc' dir='ltr'>ὑφειμέναις</span> <span class='ocrx_word' id='word_1_212' title='bbox 798 990 902 1021; x_wconf 81' lang='grc' dir='ltr'>οὐσίαις</span> 
     </span>
    </p>
   </div>
   <div class='ocr_carea' id='block_1_32' title="bbox 109 1034 902 1072">
    <p class='ocr_par' dir='ltr' id='par_1_32' title="bbox 109 1034 902 1072">
     <span class='ocr_line' id='line_1_32' title="bbox 109 1034 902 1072; baseline 0.001 -12"><span class='ocrx_word' id='word_1_213' title='bbox 109 1036 127 1070; x_wconf 83' lang='grc' dir='ltr'><strong>ἡ</strong></span> <span class='ocrx_word' id='word_1_214' title='bbox 143 1034 220 1070; x_wconf 74' lang='grc' dir='ltr'>παρὰ</span> <span class='ocrx_word' id='word_1_215' title='bbox 233 1035 301 1062; x_wconf 80' lang='grc' dir='ltr'>Θεοῦ</span> <span class='ocrx_word' id='word_1_216' title='bbox 319 1035 373 1062; x_wconf 88' lang='grc' dir='ltr'>τῶν</span> <span class='ocrx_word' id='word_1_217' title='bbox 396 1037 465 1068; x_wconf 85' lang='grc' dir='ltr'>τέως</span> <span class='ocrx_word' id='word_1_218' title='bbox 484 1036 672 1072; x_wconf 79' lang='grc' dir='ltr'><strong>ἀγνοουμένων</strong></span> <span class='ocrx_word' id='word_1_219' title='bbox 690 1035 836 1071; x_wconf 76' lang='grc' dir='ltr'>ἐλλαμψις,</span> <span class='ocrx_word' id='word_1_220' title='bbox 856 1035 902 1062; x_wconf 74' lang='grc' dir='ltr'><strong>ἐπὶ</strong></span> 
     </span>
    </p>
   </div>
   <div class='ocr_carea' id='block_1_33' title="bbox 108 1080 901 1118">
    <p class='ocr_par' dir='ltr' id='par_1_33' title="bbox 108 1080 901 1118">
     <span class='ocr_line' id='line_1_33' title="bbox 108 1080 901 1118; baseline 0.001 -11"><span class='ocrx_word' id='word_1_221' title='bbox 108 1080 281 1117; x_wconf 79' lang='grc' dir='ltr'><strong>τελειοτέραν</strong></span> <span class='ocrx_word' id='word_1_222' title='bbox 300 1081 383 1114; x_wconf 83' lang='grc' dir='ltr'>αὑτὰς</span> <span class='ocrx_word' id='word_1_223' title='bbox 404 1083 559 1118; x_wconf 71' lang='grc' dir='ltr'><strong>ἐπιστήμην</strong></span> <span class='ocrx_word' id='word_1_224' title='bbox 571 1082 673 1118; x_wconf 81' lang='grc' dir='ltr'>ἄγουσα</span> <span class='ocrx_word' id='word_1_225' title='bbox 683 1082 737 1108; x_wconf 84' lang='grc' dir='ltr'>τῶν</span> <span class='ocrx_word' id='word_1_226' title='bbox 749 1080 901 1118; x_wconf 79' lang='grc' dir='ltr'>θεαρχικῶν</span> 
     </span>
    </p>
   </div>
   <div class='ocr_carea' id='block_1_34' title="bbox 108 1126 901 1164">
    <p class='ocr_par' dir='ltr' id='par_1_34' title="bbox 108 1126 901 1164">
     <span class='ocr_line' id='line_1_34' title="bbox 108 1126 901 1164; baseline 0.001 -11"><span class='ocrx_word' id='word_1_227' title='bbox 108 1126 253 1160; x_wconf 86' lang='grc' dir='ltr'>γνώσεων,</span> <span class='ocrx_word' id='word_1_228' title='bbox 275 1129 322 1154; x_wconf 74' lang='grc' dir='ltr'>καὶ</span> <span class='ocrx_word' id='word_1_229' title='bbox 338 1128 388 1163; x_wconf 83' lang='grc' dir='ltr'>τῆς</span> <span class='ocrx_word' id='word_1_230' title='bbox 407 1129 518 1163; x_wconf 82' lang='grc' dir='ltr'>ἀγνοίας</span> <span class='ocrx_word' id='word_1_231' title='bbox 537 1126 575 1156; x_wconf 81' lang='grc' dir='ltr'><strong>ὧν</strong></span> <span class='ocrx_word' id='word_1_232' title='bbox 594 1127 670 1155; x_wconf 82' lang='grc' dir='ltr'><strong>οὔπω</strong></span> <span class='ocrx_word' id='word_1_233' title='bbox 681 1128 732 1164; x_wconf 87' lang='grc' dir='ltr'>τὴν</span> <span class='ocrx_word' id='word_1_234' title='bbox 747 1129 901 1163; x_wconf 76' lang='grc' dir='ltr'>ἐπιστήμην</span> 
     </span>
    </p>
   </div>
   <div class='ocr_carea' id='block_1_35' title="bbox 107 1170 900 1210">
    <p class='ocr_par' dir='ltr' id='par_1_35' title="bbox 107 1170 900 1210">
     <span class='ocr_line' id='line_1_35' title="bbox 107 1170 900 1210; baseline 0.003 -12"><span class='ocrx_word' id='word_1_235' title='bbox 107 1170 200 1207; x_wconf 70' lang='grc' dir='ltr'>εἶχον,</span> <span class='ocrx_word' id='word_1_236' title='bbox 225 1170 280 1200; x_wconf 71' lang='grc' dir='ltr'>οἷον</span> <span class='ocrx_word' id='word_1_237' title='bbox 301 1174 322 1189; x_wconf 89' lang='grc'>¹¹</span> <span class='ocrx_word' id='word_1_238' title='bbox 340 1174 563 1210; x_wconf 77' lang='grc' dir='ltr'>ἀποκαθαίρουσα</span> <span class='ocrx_word' id='word_1_239' title='bbox 581 1174 626 1201; x_wconf 87' lang='grc' dir='ltr'><strong>διὰ</strong></span> <span class='ocrx_word' id='word_1_240' title='bbox 643 1173 697 1201; x_wconf 88' lang='grc' dir='ltr'>τῶν</span> <span class='ocrx_word' id='word_1_241' title='bbox 715 1173 830 1210; x_wconf 88' lang='grc' dir='ltr'>πρώτων</span> <span class='ocrx_word' id='word_1_242' title='bbox 853 1174 900 1200; x_wconf 81' lang='grc' dir='ltr'>καὶ</span> 
     </span>
    </p>
   </div>
   <div class='ocr_carea' id='block_1_36' title="bbox 108 1217 899 1256">
    <p class='ocr_par' dir='ltr' id='par_1_36' title="bbox 108 1217 899 1256">
     <span class='ocr_line' id='line_1_36' title="bbox 108 1217 899 1256; baseline 0 -11"><span class='ocrx_word' id='word_1_243' title='bbox 108 1217 252 1255; x_wconf 78' lang='grc' dir='ltr'>θειοτέρων</span> <span class='ocrx_word' id='word_1_244' title='bbox 273 1219 371 1246; x_wconf 70' lang='grc' dir='ltr'>οὐσιῶν</span> <span class='ocrx_word' id='word_1_245' title='bbox 384 1220 561 1256; x_wconf 34' lang='grc' dir='ltr'>ξλάναγομένας</span> <span class='ocrx_word' id='word_1_246' title='bbox 578 1221 618 1252; x_wconf 81' lang='grc' dir='ltr'><strong>εἰς</strong></span> <span class='ocrx_word' id='word_1_247' title='bbox 639 1219 688 1252; x_wconf 86' lang='grc' dir='ltr'><strong>τὰς</strong></span> <span class='ocrx_word' id='word_1_248' title='bbox 713 1219 864 1255; x_wconf 79' lang='grc' dir='ltr'>ὑπερτέρας</span> <span class='ocrx_word' id='word_1_249' title='bbox 878 1220 899 1235; x_wconf 88' lang='grc'>¹¹</span> 
     </span>
    </p>
   </div>
   <div class='ocr_carea' id='block_1_37' title="bbox 106 1264 899 1302">
    <p class='ocr_par' dir='ltr' id='par_1_37' title="bbox 106 1264 899 1302">
     <span class='ocr_line' id='line_1_37' title="bbox 106 1264 899 1302; baseline 0.001 -11"><span class='ocrx_word' id='word_1_250' title='bbox 106 1265 162 1291; x_wconf 81' lang='grc' dir='ltr'>τῶν</span> <span class='ocrx_word' id='word_1_251' title='bbox 175 1264 308 1292; x_wconf 60' lang='grc' dir='ltr'>θεοπιῶν</span> <span class='ocrx_word' id='word_1_252' title='bbox 323 1266 345 1281; x_wconf 80' lang='grc'><strong>¹³</strong></span> <span class='ocrx_word' id='word_1_253' title='bbox 356 1266 404 1293; x_wconf 65' lang='grc' dir='ltr'>καὶ</span> <span class='ocrx_word' id='word_1_254' title='bbox 426 1266 577 1302; x_wconf 80' lang='grc' dir='ltr'>φανοτέρας</span> <span class='ocrx_word' id='word_1_255' title='bbox 604 1266 789 1302; x_wconf 84' lang='grc' dir='ltr'>μαρμαρυγάς</span> <span class='ocrx_word' id='word_1_256' title='bbox 801 1274 807 1280; x_wconf 90' lang='grc'>·</span> <span class='ocrx_word' id='word_1_257' title='bbox 827 1266 899 1292; x_wconf 76' lang='grc' dir='ltr'>οὗτοι)</span> 
     </span>
    </p>
   </div>
   <div class='ocr_carea' id='block_1_38' title="bbox 107 1311 900 1347">
    <p class='ocr_par' dir='ltr' id='par_1_38' title="bbox 107 1311 900 1347">
     <span class='ocr_line' id='line_1_38' title="bbox 107 1311 900 1347; baseline 0 -10"><span class='ocrx_word' id='word_1_258' title='bbox 107 1312 155 1338; x_wconf 74' lang='grc' dir='ltr'>καὶ</span> <span class='ocrx_word' id='word_1_259' title='bbox 167 1311 349 1347; x_wconf 72' lang='grc' dir='ltr'>φωτιζόμεναι</span> <span class='ocrx_word' id='word_1_260' title='bbox 360 1311 452 1345; x_wconf 77' lang='grc' dir='ltr'>τάξεις</span> <span class='ocrx_word' id='word_1_261' title='bbox 465 1313 518 1339; x_wconf 71' lang='lat' dir='ltr'><strong>elei.</strong></span> <span class='ocrx_word' id='word_1_262' title='bbox 530 1313 575 1339; x_wconf 74' lang='grc' dir='ltr'>καὶ</span> <span class='ocrx_word' id='word_1_263' title='bbox 593 1312 762 1347; x_wconf 71' lang='grc' dir='ltr'>τελούμεναι,</span> <span class='ocrx_word' id='word_1_264' title='bbox 784 1311 831 1337; x_wconf 85' lang='grc' dir='ltr'>καὶ</span> <span class='ocrx_word' id='word_1_265' title='bbox 850 1319 900 1337; x_wconf 80' lang='grc' dir='ltr'>κα-</span> 
     </span>
    </p>
   </div>
   <div class='ocr_carea' id='block_1_39' title="bbox 107 1356 899 1393">
    <p class='ocr_par' dir='ltr' id='par_1_39' title="bbox 107 1356 899 1393">
     <span class='ocr_line' id='line_1_39' title="bbox 107 1356 899 1393; baseline 0.001 -10"><span class='ocrx_word' id='word_1_266' title='bbox 107 1356 244 1391; x_wconf 77' lang='grc' dir='ltr'>θαρτικαὶ,</span> <span class='ocrx_word' id='word_1_267' title='bbox 258 1366 304 1384; x_wconf 77' lang='grc' dir='ltr'><strong>και</strong></span> <span class='ocrx_word' id='word_1_268' title='bbox 317 1358 487 1392; x_wconf 76' lang='grc' dir='ltr'>φωτιστικαὶ,</span> <span class='ocrx_word' id='word_1_269' title='bbox 497 1358 544 1385; x_wconf 74' lang='grc' dir='ltr'>καὶ</span> <span class='ocrx_word' id='word_1_270' title='bbox 552 1358 706 1385; x_wconf 79' lang='grc' dir='ltr'>τελεστικαὶ</span> <span class='ocrx_word' id='word_1_271' title='bbox 715 1357 784 1384; x_wconf 74' lang='grc' dir='ltr'>κατὰ</span> <span class='ocrx_word' id='word_1_272' title='bbox 792 1357 840 1393; x_wconf 86' lang='grc' dir='ltr'><strong>τὴν</strong></span> <span class='ocrx_word' id='word_1_273' title='bbox 851 1358 899 1384; x_wconf 80' lang='grc' dir='ltr'><strong>οὺ-</strong></span> 
     </span>
    </p>
   </div>
   <div class='ocr_carea' id='block_1_40' title="bbox 109 1403 900 1440">
    <p class='ocr_par' dir='ltr' id='par_1_40' title="bbox 109 1403 900 1440">
     <span class='ocr_line' id='line_1_40' title="bbox 109 1403 900 1440; baseline 0 -11"><span class='ocrx_word' id='word_1_274' title='bbox 109 1403 202 1438; x_wconf 79' lang='grc' dir='ltr'>ρανίαν</span> <span class='ocrx_word' id='word_1_275' title='bbox 215 1403 365 1438; x_wconf 86' lang='grc' dir='ltr'>ἱεραρχίαν,</span> <span class='ocrx_word' id='word_1_276' title='bbox 374 1403 411 1436; x_wconf 85' lang='grc' dir='ltr'>ὡς</span> <span class='ocrx_word' id='word_1_277' title='bbox 418 1404 471 1430; x_wconf 85' lang='grc' dir='ltr'><strong>τῶν</strong></span> <span class='ocrx_word' id='word_1_278' title='bbox 479 1404 637 1440; x_wconf 77' lang='grc' dir='ltr'>ὑπερτάτων</span> <span class='ocrx_word' id='word_1_279' title='bbox 645 1405 692 1430; x_wconf 76' lang='grc' dir='ltr'><strong>καὶ</strong></span> <span class='ocrx_word' id='word_1_280' title='bbox 705 1403 790 1429; x_wconf 85' lang='grc' dir='ltr'>θειοτέ</span> <span class='ocrx_word' id='word_1_281' title='bbox 794 1412 847 1439; x_wconf 84' lang='grc' dir='ltr'><strong>ρων</strong></span> <span class='ocrx_word' id='word_1_282' title='bbox 857 1403 900 1430; x_wconf 81' lang='grc' dir='ltr'><strong>οὐ·</strong></span> 
     </span>
    </p>
   </div>
   <div class='ocr_carea' id='block_1_41' title="bbox 107 1447 897 1484">
    <p class='ocr_par' dir='ltr' id='par_1_41' title="bbox 107 1447 897 1484">
     <span class='ocr_line' id='line_1_41' title="bbox 107 1447 897 1484; baseline 0 -10"><span class='ocrx_word' id='word_1_283' title='bbox 107 1447 240 1480; x_wconf 74' lang='grc' dir='ltr'>σιῶν,τὰς</span> <span class='ocrx_word' id='word_1_284' title='bbox 251 1448 398 1484; x_wconf 74' lang='grc' dir='ltr'>ὑφειμένας</span> <span class='ocrx_word' id='word_1_285' title='bbox 411 1449 487 1484; x_wconf 74' lang='grc' dir='ltr'>ἱερὰς</span> <span class='ocrx_word' id='word_1_286' title='bbox 500 1449 546 1475; x_wconf 79' lang='grc' dir='ltr'><strong>καὶ</strong></span> <span class='ocrx_word' id='word_1_287' title='bbox 561 1448 688 1484; x_wconf 82' lang='grc' dir='ltr'>οὐρανίας</span> <span class='ocrx_word' id='word_1_288' title='bbox 704 1447 897 1483; x_wconf 81' lang='grc' dir='ltr'>διακοσμήσεις</span> 
     </span>
    </p>
   </div>
   <div class='ocr_carea' id='block_1_42' title="bbox 106 1493 897 1530">
    <p class='ocr_par' dir='ltr' id='par_1_42' title="bbox 106 1493 897 1530">
     <span class='ocr_line' id='line_1_42' title="bbox 106 1493 897 1530; baseline 0.001 -11"><span class='ocrx_word' id='word_1_289' title='bbox 106 1493 218 1527; x_wconf 80' lang='grc' dir='ltr'>ἀγνοίας</span> <span class='ocrx_word' id='word_1_290' title='bbox 236 1493 287 1529; x_wconf 86' lang='grc' dir='ltr'>μὲν</span> <span class='ocrx_word' id='word_1_291' title='bbox 299 1493 408 1528; x_wconf 81' lang='grc' dir='ltr'>ἁπάσης</span> <span class='ocrx_word' id='word_1_292' title='bbox 420 1493 665 1530; x_wconf 81' lang='grc' dir='ltr'>ἁποκαθαιρουσῶν</span> <span class='ocrx_word' id='word_1_293' title='bbox 679 1493 719 1529; x_wconf 83' lang='grc' dir='ltr'><strong>(ὲν</strong></span> <span class='ocrx_word' id='word_1_294' title='bbox 732 1493 825 1526; x_wconf 80' lang='grc' dir='ltr'>τάξεσι</span> <span class='ocrx_word' id='word_1_295' title='bbox 849 1494 897 1520; x_wconf 77' lang='grc' dir='ltr'><strong>καὶ</strong></span> 
     </span>
    </p>
   </div>
   <div class='ocr_carea' id='block_1_43' title="bbox 955 898 1743 934">
    <p class='ocr_par' dir='ltr' id='par_1_43' title="bbox 955 898 1743 934">
     <span class='ocr_line' id='line_1_43' title="bbox 955 898 1743 934; baseline -0.004 -6"><span class='ocrx_word' id='word_1_296' title='bbox 955 901 988 928; x_wconf 91' lang='lat' dir='ltr'><strong>sti</strong></span> <span class='ocrx_word' id='word_1_297' title='bbox 1001 899 1045 927; x_wconf 89' lang='lat' dir='ltr'><strong>illa</strong></span> <span class='ocrx_word' id='word_1_298' title='bbox 1060 899 1261 934; x_wconf 83' lang='lat' dir='ltr'><strong>purissimaque</strong></span> <span class='ocrx_word' id='word_1_299' title='bbox 1276 898 1430 926; x_wconf 83' lang='lat' dir='ltr'><strong>divinarum</strong></span> <span class='ocrx_word' id='word_1_300' title='bbox 1445 899 1576 926; x_wconf 81' lang='lat' dir='ltr'><strong>mentium</strong></span> <span class='ocrx_word' id='word_1_301' title='bbox 1599 899 1743 926; x_wconf 89' lang='lat' dir='ltr'><strong>harmonia</strong></span> 
     </span>
    </p>
   </div>
   <div class='ocr_carea' id='block_1_44' title="bbox 954 945 1741 981">
    <p class='ocr_par' dir='ltr' id='par_1_44' title="bbox 954 945 1741 981">
     <span class='ocr_line' id='line_1_44' title="bbox 954 945 1741 981; baseline -0.004 -6"><span class='ocrx_word' id='word_1_302' title='bbox 954 947 1064 980; x_wconf 87' lang='lat' dir='ltr'><strong>defecit,</strong></span> <span class='ocrx_word' id='word_1_303' title='bbox 1080 951 1108 973; x_wconf 92' lang='lat' dir='ltr'><strong>et</strong></span> <span class='ocrx_word' id='word_1_304' title='bbox 1130 946 1165 972; x_wconf 89' lang='lat' dir='ltr'><strong>ad</strong></span> <span class='ocrx_word' id='word_1_305' title='bbox 1180 946 1326 973; x_wconf 83' lang='lat' dir='ltr'><strong>obscuram</strong></span> <span class='ocrx_word' id='word_1_306' title='bbox 1341 945 1497 981; x_wconf 67' lang='lat' dir='ltr'><strong>apostalicae</strong></span> <span class='ocrx_word' id='word_1_307' title='bbox 1526 946 1611 972; x_wconf 72' lang='lat' dir='ltr'><strong>turba:</strong></span> <span class='ocrx_word' id='word_1_308' title='bbox 1636 947 1741 973; x_wconf 84' lang='lat' dir='ltr'><strong>ruinam</strong></span> 
     </span>
    </p>
   </div>
   <div class='ocr_carea' id='block_1_45' title="bbox 953 991 1743 1027">
    <p class='ocr_par' dir='ltr' id='par_1_45' title="bbox 953 991 1743 1027">
     <span class='ocr_line' id='line_1_45' title="bbox 953 991 1743 1027; baseline -0.001 -8"><span class='ocrx_word' id='word_1_309' title='bbox 953 992 1081 1027; x_wconf 84' lang='lat' dir='ltr'><strong>pertinet.</strong></span> <span class='ocrx_word' id='word_1_310' title='bbox 1098 992 1198 1019; x_wconf 86' lang='lat' dir='ltr'><strong>Sancte</strong></span> <span class='ocrx_word' id='word_1_311' title='bbox 1215 995 1304 1018; x_wconf 83' lang='lat' dir='ltr'><strong>tamen</strong></span> <span class='ocrx_word' id='word_1_312' title='bbox 1316 991 1399 1018; x_wconf 83' lang='lat' dir='ltr'><strong>etiam</strong></span> <span class='ocrx_word' id='word_1_313' title='bbox 1415 991 1494 1018; x_wconf 82' lang='lat' dir='ltr'><strong>fateri</strong></span> <span class='ocrx_word' id='word_1_314' title='bbox 1509 991 1599 1024; x_wconf 82' lang='lat' dir='ltr'><strong>liceat,</strong></span> <span class='ocrx_word' id='word_1_315' title='bbox 1615 991 1642 1018; x_wconf 92' lang='lat' dir='ltr'><strong>in</strong></span> <span class='ocrx_word' id='word_1_316' title='bbox 1656 992 1743 1019; x_wconf 67' lang='lat' dir='ltr'><strong>coale-</strong></span> 
     </span>
    </p>
   </div>
   <div class='ocr_carea' id='block_1_46' title="bbox 952 1037 1742 1073">
    <p class='ocr_par' dir='ltr' id='par_1_46' title="bbox 952 1037 1742 1073">
     <span class='ocr_line' id='line_1_46' title="bbox 952 1037 1742 1073; baseline -0.001 -8"><span class='ocrx_word' id='word_1_317' title='bbox 952 1038 986 1065; x_wconf 91' lang='lat' dir='ltr'><strong>sti</strong></span> <span class='ocrx_word' id='word_1_318' title='bbox 1011 1038 1177 1071; x_wconf 83' lang='lat' dir='ltr'><strong>hicrarchia,</strong></span> <span class='ocrx_word' id='word_1_319' title='bbox 1200 1045 1290 1064; x_wconf 88' lang='lat' dir='ltr'><strong>rerum</strong></span> <span class='ocrx_word' id='word_1_320' title='bbox 1315 1045 1384 1071; x_wconf 90' lang='lat' dir='ltr'><strong>quas</strong></span> <span class='ocrx_word' id='word_1_321' title='bbox 1407 1037 1542 1065; x_wconf 83' lang='lat' dir='ltr'><strong>hactenus</strong></span> <span class='ocrx_word' id='word_1_322' title='bbox 1568 1038 1742 1073; x_wconf 78' lang='lat' dir='ltr'><strong>ignorarunt.</strong></span> 
     </span>
    </p>
   </div>
   <div class='ocr_carea' id='block_1_47' title="bbox 953 1083 1741 1117">
    <p class='ocr_par' dir='ltr' id='par_1_47' title="bbox 953 1083 1741 1117">
     <span class='ocr_line' id='line_1_47' title="bbox 953 1083 1741 1117; baseline 0 -7"><span class='ocrx_word' id='word_1_323' title='bbox 953 1083 1164 1111; x_wconf 86' lang='lat' dir='ltr'><strong>illustrationcm</strong></span> <span class='ocrx_word' id='word_1_324' title='bbox 1186 1083 1362 1111; x_wconf 84' lang='lat' dir='ltr'><strong>inferioribus</strong></span> <span class='ocrx_word' id='word_1_325' title='bbox 1381 1083 1488 1110; x_wconf 87' lang='lat' dir='ltr'><strong>naturis</strong></span> <span class='ocrx_word' id='word_1_326' title='bbox 1509 1090 1569 1110; x_wconf 88' lang='lat' dir='ltr'><strong>esse</strong></span> <span class='ocrx_word' id='word_1_327' title='bbox 1593 1084 1741 1117; x_wconf 85' lang='lat' dir='ltr'><strong>quamdam</strong></span> 
     </span>
    </p>
   </div>
   <div class='ocr_carea' id='block_1_48' title="bbox 951 1128 1741 1164">
    <p class='ocr_par' dir='ltr' id='par_1_48' title="bbox 951 1128 1741 1164">
     <span class='ocr_line' id='line_1_48' title="bbox 951 1128 1741 1164; baseline -0.001 -8"><span class='ocrx_word' id='word_1_328' title='bbox 951 1129 1027 1156; x_wconf 82' lang='lat' dir='ltr'><strong>velut</strong></span> <span class='ocrx_word' id='word_1_329' title='bbox 1041 1129 1244 1163; x_wconf 79' lang='lat' dir='ltr'><strong>expiationem,</strong></span> <span class='ocrx_word' id='word_1_330' title='bbox 1269 1136 1322 1164; x_wconf 83' lang='lat' dir='ltr'><strong>qua</strong></span> <span class='ocrx_word' id='word_1_331' title='bbox 1339 1135 1367 1156; x_wconf 86' lang='lat' dir='ltr'><strong>et</strong></span> <span class='ocrx_word' id='word_1_332' title='bbox 1387 1129 1421 1155; x_wconf 85' lang='lat' dir='ltr'><strong>ad</strong></span> <span class='ocrx_word' id='word_1_333' title='bbox 1441 1128 1632 1163; x_wconf 89' lang='lat' dir='ltr'><strong>pcrfectiorem</strong></span> <span class='ocrx_word' id='word_1_334' title='bbox 1651 1137 1741 1156; x_wconf 89' lang='lat' dir='ltr'><strong>rerum</strong></span> 
     </span>
    </p>
   </div>
   <div class='ocr_carea' id='block_1_49' title="bbox 951 1175 1742 1209">
    <p class='ocr_par' dir='ltr' id='par_1_49' title="bbox 951 1175 1742 1209">
     <span class='ocr_line' id='line_1_49' title="bbox 951 1175 1742 1209; baseline -0.001 -7"><span class='ocrx_word' id='word_1_335' title='bbox 951 1175 1105 1202; x_wconf 86' lang='lat' dir='ltr'><strong>divinarum</strong></span> <span class='ocrx_word' id='word_1_336' title='bbox 1119 1175 1263 1202; x_wconf 84' lang='lat' dir='ltr'><strong>scientiam</strong></span> <span class='ocrx_word' id='word_1_337' title='bbox 1278 1175 1462 1207; x_wconf 87' lang='lat' dir='ltr'><strong>adducuntur,</strong></span> <span class='ocrx_word' id='word_1_338' title='bbox 1478 1179 1506 1201; x_wconf 86' lang='lat' dir='ltr'><strong>et</strong></span> <span class='ocrx_word' id='word_1_339' title='bbox 1518 1183 1533 1201; x_wconf 90' lang='lat' dir='ltr'><strong>a</strong></span> <span class='ocrx_word' id='word_1_340' title='bbox 1549 1181 1640 1201; x_wconf 90' lang='lat' dir='ltr'><strong>rerum</strong></span> <span class='ocrx_word' id='word_1_341' title='bbox 1653 1194 1662 1207; x_wconf 82' lang='grc'>,</span> <span class='ocrx_word' id='word_1_342' title='bbox 1677 1183 1742 1209; x_wconf 88' lang='lat' dir='ltr'><strong>qna-</strong></span> 
     </span>
    </p>
   </div>
   <div class='ocr_carea' id='block_1_50' title="bbox 951 1220 1741 1255">
    <p class='ocr_par' dir='ltr' id='par_1_50' title="bbox 951 1220 1741 1255">
     <span class='ocr_line' id='line_1_50' title="bbox 951 1220 1741 1255; baseline -0.001 -8"><span class='ocrx_word' id='word_1_343' title='bbox 951 1228 1010 1248; x_wconf 92' lang='lat' dir='ltr'><strong>rum</strong></span> <span class='ocrx_word' id='word_1_344' title='bbox 1028 1221 1162 1248; x_wconf 85' lang='lat' dir='ltr'><strong>hactenus</strong></span> <span class='ocrx_word' id='word_1_345' title='bbox 1182 1220 1299 1248; x_wconf 81' lang='lat' dir='ltr'><strong>scientia</strong></span> <span class='ocrx_word' id='word_1_346' title='bbox 1312 1225 1471 1252; x_wconf 81' lang='lat' dir='ltr'><strong>caruerunt.</strong></span> <span class='ocrx_word' id='word_1_347' title='bbox 1487 1220 1657 1255; x_wconf 74' lang='lat' dir='ltr'><strong>ignoratione</strong></span> <span class='ocrx_word' id='word_1_348' title='bbox 1670 1228 1741 1254; x_wconf 85' lang='lat' dir='ltr'><strong>qun-</strong></span> 
     </span>
    </p>
   </div>
   <div class='ocr_carea' id='block_1_51' title="bbox 950 1266 1740 1302">
    <p class='ocr_par' dir='ltr' id='par_1_51' title="bbox 950 1266 1740 1302">
     <span class='ocr_line' id='line_1_51' title="bbox 950 1266 1740 1302; baseline -0.001 -7"><span class='ocrx_word' id='word_1_349' title='bbox 950 1267 1100 1295; x_wconf 83' lang='lat' dir='ltr'><strong>dammodo.</strong></span> <span class='ocrx_word' id='word_1_350' title='bbox 1115 1271 1276 1302; x_wconf 81' lang='lat' dir='ltr'><strong>purgantur,</strong></span> <span class='ocrx_word' id='word_1_351' title='bbox 1286 1266 1351 1293; x_wconf 89' lang='lat' dir='ltr'><strong>dum</strong></span> <span class='ocrx_word' id='word_1_352' title='bbox 1368 1274 1383 1294; x_wconf 82' lang='lat' dir='ltr'><strong>a</strong></span> <span class='ocrx_word' id='word_1_353' title='bbox 1395 1267 1496 1301; x_wconf 89' lang='lat' dir='ltr'><strong>printis</strong></span> <span class='ocrx_word' id='word_1_354' title='bbox 1510 1271 1538 1294; x_wconf 90' lang='lat' dir='ltr'><strong>et</strong></span> <span class='ocrx_word' id='word_1_355' title='bbox 1556 1267 1740 1295; x_wconf 82' lang='lat' dir='ltr'><strong>diviniorihus</strong></span> 
     </span>
    </p>
   </div>
   <div class='ocr_carea' id='block_1_52' title="bbox 950 1312 1738 1347">
    <p class='ocr_par' dir='ltr' id='par_1_52' title="bbox 950 1312 1738 1347">
     <span class='ocr_line' id='line_1_52' title="bbox 950 1312 1738 1347; baseline -0.001 -7"><span class='ocrx_word' id='word_1_356' title='bbox 950 1313 1079 1341; x_wconf 87' lang='lat' dir='ltr'><strong>essentiis</strong></span> <span class='ocrx_word' id='word_1_357' title='bbox 1105 1313 1138 1340; x_wconf 82' lang='lat' dir='ltr'><strong>ad</strong></span> <span class='ocrx_word' id='word_1_358' title='bbox 1163 1313 1340 1340; x_wconf 88' lang='lat' dir='ltr'><strong>sublimiores</strong></span> <span class='ocrx_word' id='word_1_359' title='bbox 1367 1312 1554 1347; x_wconf 82' lang='lat' dir='ltr'><strong>clarioresque</strong></span> <span class='ocrx_word' id='word_1_360' title='bbox 1582 1313 1738 1340; x_wconf 86' lang='lat' dir='ltr'><strong>divinarum</strong></span> 
     </span>
    </p>
   </div>
   <div class='ocr_carea' id='block_1_53' title="bbox 949 1358 1741 1393">
    <p class='ocr_par' dir='ltr' id='par_1_53' title="bbox 949 1358 1741 1393">
     <span class='ocr_line' id='line_1_53' title="bbox 949 1358 1741 1393; baseline -0.003 -7"><span class='ocrx_word' id='word_1_361' title='bbox 949 1358 1208 1393; x_wconf 87' lang='lat' dir='ltr'><strong>contetnplationnm</strong></span> <span class='ocrx_word' id='word_1_362' title='bbox 1223 1358 1419 1385; x_wconf 85' lang='lat' dir='ltr'><strong>illustrationes</strong></span> <span class='ocrx_word' id='word_1_363' title='bbox 1430 1364 1643 1392; x_wconf 84' lang='lat' dir='ltr'><strong>promoventur:</strong></span> <span class='ocrx_word' id='word_1_364' title='bbox 1659 1364 1741 1392; x_wconf 85' lang='lat' dir='ltr'><strong>atque</strong></span> 
     </span>
    </p>
   </div>
   <div class='ocr_carea' id='block_1_54' title="bbox 950 1404 1739 1438">
    <p class='ocr_par' dir='ltr' id='par_1_54' title="bbox 950 1404 1739 1438">
     <span class='ocr_line' id='line_1_54' title="bbox 950 1404 1739 1438; baseline -0.001 -7"><span class='ocrx_word' id='word_1_365' title='bbox 950 1405 986 1432; x_wconf 85' lang='lat' dir='ltr'><strong>ita</strong></span> <span class='ocrx_word' id='word_1_366' title='bbox 1002 1405 1029 1431; x_wconf 94' lang='lat' dir='ltr'><strong>in</strong></span> <span class='ocrx_word' id='word_1_367' title='bbox 1056 1404 1161 1432; x_wconf 59' lang='lat' dir='ltr'><strong>caelesti</strong></span> <span class='ocrx_word' id='word_1_368' title='bbox 1187 1404 1347 1432; x_wconf 86' lang='lat' dir='ltr'><strong>hierarchia</strong></span> <span class='ocrx_word' id='word_1_369' title='bbox 1366 1405 1448 1432; x_wconf 90' lang='lat' dir='ltr'><strong>etiam</strong></span> <span class='ocrx_word' id='word_1_370' title='bbox 1472 1404 1584 1431; x_wconf 86' lang='lat' dir='ltr'><strong>ordines</strong></span> <span class='ocrx_word' id='word_1_371' title='bbox 1610 1408 1673 1431; x_wconf 90' lang='lat' dir='ltr'><strong>sunt</strong></span> <span class='ocrx_word' id='word_1_372' title='bbox 1692 1405 1739 1438; x_wconf 89' lang='lat' dir='ltr'><strong>qui</strong></span> 
     </span>
    </p>
   </div>
   <div class='ocr_carea' id='block_1_55' title="bbox 949 1450 1738 1486">
    <p class='ocr_par' dir='ltr' id='par_1_55' title="bbox 949 1450 1738 1486">
     <span class='ocr_line' id='line_1_55' title="bbox 949 1450 1738 1486; baseline -0.001 -9"><span class='ocrx_word' id='word_1_373' title='bbox 949 1451 1124 1478; x_wconf 84' lang='lat' dir='ltr'><strong>illustrantur</strong></span> <span class='ocrx_word' id='word_1_374' title='bbox 1139 1456 1167 1478; x_wconf 88' lang='lat' dir='ltr'><strong>et</strong></span> <span class='ocrx_word' id='word_1_375' title='bbox 1183 1451 1229 1486; x_wconf 89' lang='lat' dir='ltr'><strong>qui</strong></span> <span class='ocrx_word' id='word_1_376' title='bbox 1255 1450 1448 1485; x_wconf 83' lang='lat' dir='ltr'><strong>perﬁciuntur,</strong></span> <span class='ocrx_word' id='word_1_377' title='bbox 1463 1450 1535 1478; x_wconf 84' lang='lat' dir='ltr'><strong>sicut</strong></span> <span class='ocrx_word' id='word_1_378' title='bbox 1547 1450 1592 1484; x_wconf 90' lang='lat' dir='ltr'><strong>qui</strong></span> <span class='ocrx_word' id='word_1_379' title='bbox 1609 1455 1738 1484; x_wconf 76' lang='lat' dir='ltr'><strong>purgant.</strong></span> 
     </span>
    </p>
   </div>
   <div class='ocr_carea' id='block_1_56' title="bbox 948 1496 1738 1532">
    <p class='ocr_par' dir='ltr' id='par_1_56' title="bbox 948 1496 1738 1532">
     <span class='ocr_line' id='line_1_56' title="bbox 948 1496 1738 1532; baseline -0.001 -9"><span class='ocrx_word' id='word_1_380' title='bbox 948 1501 976 1524; x_wconf 88' lang='lat' dir='ltr'><strong>et</strong></span> <span class='ocrx_word' id='word_1_381' title='bbox 991 1496 1038 1532; x_wconf 90' lang='lat' dir='ltr'><strong>qui</strong></span> <span class='ocrx_word' id='word_1_382' title='bbox 1055 1496 1206 1530; x_wconf 81' lang='lat' dir='ltr'><strong>illustrant,</strong></span> <span class='ocrx_word' id='word_1_383' title='bbox 1218 1502 1246 1525; x_wconf 86' lang='lat' dir='ltr'><strong>et</strong></span> <span class='ocrx_word' id='word_1_384' title='bbox 1259 1498 1305 1532; x_wconf 93' lang='lat' dir='ltr'><strong>qui</strong></span> <span class='ocrx_word' id='word_1_385' title='bbox 1323 1498 1489 1532; x_wconf 86' lang='lat' dir='ltr'><strong>perficiunt;</strong></span> <span class='ocrx_word' id='word_1_386' title='bbox 1507 1497 1547 1524; x_wconf 89' lang='lat' dir='ltr'><strong>sic</strong></span> <span class='ocrx_word' id='word_1_387' title='bbox 1576 1503 1605 1524; x_wconf 86' lang='lat' dir='ltr'><strong>ut</strong></span> <span class='ocrx_word' id='word_1_388' title='bbox 1621 1503 1738 1527; x_wconf 71' lang='lat' dir='ltr'><strong>naturw,</strong></span> 
     </span>
    </p>
   </div>
   <div class='ocr_carea' id='block_1_57' title="bbox 106 1538 900 1577">
    <p class='ocr_par' dir='ltr' id='par_1_57' title="bbox 106 1538 896 1576">
     <span class='ocr_line' id='line_1_57' title="bbox 106 1538 896 1576; baseline 0.001 -10"><span class='ocrx_word' id='word_1_389' title='bbox 106 1538 262 1572; x_wconf 77' lang='grc' dir='ltr'>ἀναλογίαις</span> <span class='ocrx_word' id='word_1_390' title='bbox 279 1540 332 1566; x_wconf 86' lang='grc' dir='ltr'>τῶν</span> <span class='ocrx_word' id='word_1_391' title='bbox 345 1541 477 1576; x_wconf 77' lang='grc' dir='ltr'>οὐρανίων</span> <span class='ocrx_word' id='word_1_392' title='bbox 490 1539 658 1576; x_wconf 84' lang='grc' dir='ltr'>ίεραρχιῶν),</span> <span class='ocrx_word' id='word_1_393' title='bbox 683 1539 844 1576; x_wconf 81' lang='grc' dir='ltr'>πληρουσῶν</span> <span class='ocrx_word' id='word_1_394' title='bbox 868 1539 896 1568; x_wconf 85' lang='grc' dir='ltr'><strong>δὲ</strong></span> 
     </span>
    </p>
   </div>
   <div class='ocr_carea' id='block_1_58' title="bbox 953 1538 1738 1577">
    <p class='ocr_par' dir='ltr' id='par_1_58' title="bbox 953 1543 1738 1577">
     <span class='ocr_line' id='line_1_58' title="bbox 953 1543 1738 1577; baseline 0.001 -9"><span class='ocrx_word' id='word_1_395' title='bbox 953 1550 1008 1577; x_wconf 74' lang='lat' dir='ltr'><strong>quae</strong></span> <span class='ocrx_word' id='word_1_396' title='bbox 1024 1549 1157 1576; x_wconf 72' lang='lat' dir='ltr'><strong>supremae</strong></span> <span class='ocrx_word' id='word_1_397' title='bbox 1186 1551 1218 1570; x_wconf 91' lang='lat' dir='ltr'><strong>ac</strong></span> <span class='ocrx_word' id='word_1_398' title='bbox 1240 1544 1348 1570; x_wconf 61' lang='lat' dir='ltr'><strong>caeteris</strong></span> <span class='ocrx_word' id='word_1_399' title='bbox 1365 1543 1526 1576; x_wconf 84' lang='lat' dir='ltr'><strong>diviniores,</strong></span> <span class='ocrx_word' id='word_1_400' title='bbox 1541 1543 1738 1570; x_wconf 79' lang='lat' dir='ltr'><strong>subordinatas</strong></span> 
     </span>
    </p>
   </div>
   <div class='ocr_carea' id='block_1_59' title="bbox 106 1585 898 1622">
    <p class='ocr_par' dir='ltr' id='par_1_59' title="bbox 106 1585 898 1622">
     <span class='ocr_line' id='line_1_59' title="bbox 106 1585 898 1622; baseline 0.003 -12"><span class='ocrx_word' id='word_1_401' title='bbox 106 1585 190 1617; x_wconf 83' lang='grc' dir='ltr'>αὑτὰς</span> <span class='ocrx_word' id='word_1_402' title='bbox 203 1585 256 1612; x_wconf 85' lang='grc' dir='ltr'>τῶν</span> <span class='ocrx_word' id='word_1_403' title='bbox 269 1585 412 1613; x_wconf 82' lang='grc' dir='ltr'>Θειοτάτων</span> <span class='ocrx_word' id='word_1_404' title='bbox 427 1586 585 1622; x_wconf 78' lang='grc' dir='ltr'>ὲλλάμψεων</span> <span class='ocrx_word' id='word_1_405' title='bbox 597 1606 605 1618; x_wconf 88' lang='lat'><strong>,</strong></span> <span class='ocrx_word' id='word_1_406' title='bbox 632 1586 677 1612; x_wconf 81' lang='grc' dir='ltr'>καὶ</span> <span class='ocrx_word' id='word_1_407' title='bbox 694 1585 855 1613; x_wconf 84' lang='grc' dir='ltr'>τελειουσῶν</span> <span class='ocrx_word' id='word_1_408' title='bbox 875 1585 898 1602; x_wconf 70' lang='grc'><strong>¹⁸</strong></span> 
     </span>
    </p>
   </div>
   <div class='ocr_carea' id='block_1_60' title="bbox 105 1631 896 1668">
    <p class='ocr_par' dir='ltr' id='par_1_60' title="bbox 105 1631 896 1668">
     <span class='ocr_line' id='line_1_60' title="bbox 105 1631 896 1668; baseline 0.001 -11"><span class='ocrx_word' id='word_1_409' title='bbox 105 1631 135 1657; x_wconf 80' lang='grc' dir='ltr'>ὲν</span> <span class='ocrx_word' id='word_1_410' title='bbox 145 1633 178 1666; x_wconf 82' lang='grc' dir='ltr'>τῇ</span> <span class='ocrx_word' id='word_1_411' title='bbox 188 1633 380 1668; x_wconf 80' lang='grc' dir='ltr'>παναγεστάτῃ</span> <span class='ocrx_word' id='word_1_412' title='bbox 390 1633 445 1659; x_wconf 83' lang='grc' dir='ltr'><strong>τῶν</strong></span> <span class='ocrx_word' id='word_1_413' title='bbox 455 1632 608 1668; x_wconf 83' lang='grc' dir='ltr'>Θεαρχικῶν</span> <span class='ocrx_word' id='word_1_414' title='bbox 615 1633 661 1668; x_wconf 84' lang='grc' dir='ltr'>νοή</span> <span class='ocrx_word' id='word_1_415' title='bbox 666 1640 734 1658; x_wconf 83' lang='grc' dir='ltr'>σεων</span> <span class='ocrx_word' id='word_1_416' title='bbox 744 1632 843 1667; x_wconf 86' lang='grc' dir='ltr'>ὲπιστή</span> <span class='ocrx_word' id='word_1_417' title='bbox 848 1639 896 1668; x_wconf 82' lang='grc' dir='ltr'><strong>μῃ.</strong></span> 
     </span>
    </p>
   </div>
   <div class='ocr_carea' id='block_1_61' title="bbox 106 1678 897 1715">
    <p class='ocr_par' dir='ltr' id='par_1_61' title="bbox 106 1678 897 1715">
     <span class='ocr_line' id='line_1_61' title="bbox 106 1678 897 1715; baseline 0 -11"><span class='ocrx_word' id='word_1_418' title='bbox 106 1678 160 1704; x_wconf 71' lang='grc' dir='ltr'><strong>Καὶ</strong></span> <span class='ocrx_word' id='word_1_419' title='bbox 180 1678 234 1714; x_wconf 78' lang='grc' dir='ltr'><strong>γὰρ</strong></span> <span class='ocrx_word' id='word_1_420' title='bbox 246 1678 295 1714; x_wconf 78' lang='grc' dir='ltr'><strong>ἥδη</strong></span> <span class='ocrx_word' id='word_1_421' title='bbox 319 1678 387 1714; x_wconf 80' lang='grc' dir='ltr'>πρὸς</span> <span class='ocrx_word' id='word_1_422' title='bbox 411 1678 490 1714; x_wconf 77' lang='grc' dir='ltr'>ἡμῶν</span> <span class='ocrx_word' id='word_1_423' title='bbox 513 1679 630 1715; x_wconf 83' lang='grc' dir='ltr'>εἴρηται,</span> <span class='ocrx_word' id='word_1_424' title='bbox 654 1679 701 1705; x_wconf 67' lang='grc' dir='ltr'>καὶ</span> <span class='ocrx_word' id='word_1_425' title='bbox 723 1679 779 1711; x_wconf 85' lang='grc' dir='ltr'>τοῖς</span> <span class='ocrx_word' id='word_1_426' title='bbox 799 1678 897 1712; x_wconf 88' lang='grc' dir='ltr'>λογίοις</span> 
     </span>
    </p>
   </div>
   <div class='ocr_carea' id='block_1_62' title="bbox 105 1722 897 1760">
    <p class='ocr_par' dir='ltr' id='par_1_62' title="bbox 105 1722 897 1760">
     <span class='ocr_line' id='line_1_62' title="bbox 105 1722 897 1760; baseline 0.001 -11"><span class='ocrx_word' id='word_1_427' title='bbox 105 1722 223 1755; x_wconf 80' lang='grc' dir='ltr'>θειωδῶς</span> <span class='ocrx_word' id='word_1_428' title='bbox 235 1725 256 1740; x_wconf 80' lang='grc'><strong>⁸⁵</strong></span> <span class='ocrx_word' id='word_1_429' title='bbox 269 1724 452 1759; x_wconf 81' lang='grc' dir='ltr'>διηγόρευται,</span> <span class='ocrx_word' id='word_1_430' title='bbox 465 1725 496 1751; x_wconf 84' lang='grc' dir='ltr'>τὸ</span> <span class='ocrx_word' id='word_1_431' title='bbox 510 1725 546 1760; x_wconf 87' lang='grc' dir='ltr'>μὴ</span> <span class='ocrx_word' id='word_1_432' title='bbox 558 1725 659 1756; x_wconf 85' lang='grc' dir='ltr'>ταὺτὰς</span> <span class='ocrx_word' id='word_1_433' title='bbox 671 1722 740 1751; x_wconf 82' lang='grc' dir='ltr'>εἶναι</span> <span class='ocrx_word' id='word_1_434' title='bbox 752 1725 841 1756; x_wconf 84' lang='grc' dir='ltr'>πάσας</span> <span class='ocrx_word' id='word_1_435' title='bbox 849 1724 897 1756; x_wconf 82' lang='grc' dir='ltr'>τὰς</span> 
     </span>
    </p>
   </div>
   <div class='ocr_carea' id='block_1_63' title="bbox 105 1769 895 1806">
    <p class='ocr_par' dir='ltr' id='par_1_63' title="bbox 105 1769 895 1806">
     <span class='ocr_line' id='line_1_63' title="bbox 105 1769 895 1806; baseline 0.003 -12"><span class='ocrx_word' id='word_1_436' title='bbox 105 1769 234 1804; x_wconf 73' lang='grc' dir='ltr'>οὐρανίας</span> <span class='ocrx_word' id='word_1_437' title='bbox 257 1770 461 1806; x_wconf 81' lang='grc' dir='ltr'>διακοσμήσεις,</span> <span class='ocrx_word' id='word_1_438' title='bbox 485 1772 514 1797; x_wconf 88' lang='grc' dir='ltr'><strong>ὲν</strong></span> <span class='ocrx_word' id='word_1_439' title='bbox 528 1770 629 1802; x_wconf 81' lang='grc' dir='ltr'>πάσαις</span> <span class='ocrx_word' id='word_1_440' title='bbox 652 1771 713 1802; x_wconf 82' lang='grc' dir='ltr'>ταῖς</span> <span class='ocrx_word' id='word_1_441' title='bbox 735 1771 821 1806; x_wconf 82' lang='grc' dir='ltr'>ἱεραῖς</span> <span class='ocrx_word' id='word_1_442' title='bbox 841 1769 895 1796; x_wconf 85' lang='grc' dir='ltr'>τῶν</span> 
     </span>
    </p>
   </div>
   <div class='ocr_carea' id='block_1_64' title="bbox 105 1811 895 1850">
    <p class='ocr_par' dir='ltr' id='par_1_64' title="bbox 105 1811 895 1850">
     <span class='ocr_line' id='line_1_64' title="bbox 105 1811 895 1850; baseline 0.004 -13"><span class='ocrx_word' id='word_1_443' title='bbox 105 1811 254 1839; x_wconf 80' lang='grc' dir='ltr'>θεοπτικῶν</span> <span class='ocrx_word' id='word_1_444' title='bbox 271 1813 429 1849; x_wconf 78' lang='grc' dir='ltr'>ἐλλάμψεων</span> <span class='ocrx_word' id='word_1_445' title='bbox 446 1814 626 1850; x_wconf 77' lang='grc' dir='ltr'>ἐπιστήμαις·</span> <span class='ocrx_word' id='word_1_446' title='bbox 642 1814 699 1840; x_wconf 83' lang='grc' dir='ltr'><strong>ἀλλ’</strong></span> <span class='ocrx_word' id='word_1_447' title='bbox 713 1815 745 1840; x_wconf 84' lang='grc' dir='ltr'>ὲκ</span> <span class='ocrx_word' id='word_1_448' title='bbox 763 1814 830 1840; x_wconf 84' lang='grc' dir='ltr'><strong>Θεοῦ</strong></span> <span class='ocrx_word' id='word_1_449' title='bbox 846 1815 895 1850; x_wconf 79' lang='grc' dir='ltr'>μὲν</span> 
     </span>
    </p>
   </div>
   <div class='ocr_carea' id='block_1_65' title="bbox 104 1857 893 1895">
    <p class='ocr_par' dir='ltr' id='par_1_65' title="bbox 104 1857 893 1895">
     <span class='ocr_line' id='line_1_65' title="bbox 104 1857 893 1895; baseline 0.003 -11"><span class='ocrx_word' id='word_1_450' title='bbox 104 1857 214 1892; x_wconf 83' lang='grc' dir='ltr'>ἀμέσως</span> <span class='ocrx_word' id='word_1_451' title='bbox 236 1858 286 1890; x_wconf 78' lang='grc' dir='ltr'><strong>τὰς</strong></span> <span class='ocrx_word' id='word_1_452' title='bbox 298 1858 420 1895; x_wconf 86' lang='grc' dir='ltr'>πρώτας,</span> <span class='ocrx_word' id='word_1_453' title='bbox 433 1859 468 1886; x_wconf 85' lang='grc' dir='ltr'><strong>δι’</strong></span> <span class='ocrx_word' id='word_1_454' title='bbox 482 1861 594 1887; x_wconf 79' lang='grc' dir='ltr'>ἐκείνων</span> <span class='ocrx_word' id='word_1_455' title='bbox 608 1861 630 1876; x_wconf 79' lang='grc'><strong>¹⁸</strong></span> <span class='ocrx_word' id='word_1_456' title='bbox 647 1859 675 1886; x_wconf 81' lang='grc' dir='ltr'><strong>δὲ</strong></span> <span class='ocrx_word' id='word_1_457' title='bbox 687 1859 767 1886; x_wconf 82' lang='grc' dir='ltr'>πάλιν</span> <span class='ocrx_word' id='word_1_458' title='bbox 780 1860 812 1886; x_wconf 84' lang='grc' dir='ltr'>ὲκ</span> <span class='ocrx_word' id='word_1_459' title='bbox 825 1859 893 1887; x_wconf 77' lang='grc' dir='ltr'>Θεοῦ</span> 
     </span>
    </p>
   </div>
   <div class='ocr_carea' id='block_1_66' title="bbox 103 1903 894 1942">
    <p class='ocr_par' dir='ltr' id='par_1_66' title="bbox 103 1903 894 1942">
     <span class='ocr_line' id='line_1_66' title="bbox 103 1903 894 1942; baseline 0.004 -13"><span class='ocrx_word' id='word_1_460' title='bbox 103 1903 151 1935; x_wconf 84' lang='grc' dir='ltr'>τὰς</span> <span class='ocrx_word' id='word_1_461' title='bbox 165 1904 322 1940; x_wconf 81' lang='grc' dir='ltr'>ὑφειμένας,</span> <span class='ocrx_word' id='word_1_462' title='bbox 334 1906 471 1940; x_wconf 84' lang='grc' dir='ltr'>ἀναλόγως</span> <span class='ocrx_word' id='word_1_463' title='bbox 481 1907 576 1938; x_wconf 74' lang='grc' dir='ltr'>αὐταῖς</span> <span class='ocrx_word' id='word_1_464' title='bbox 584 1905 770 1942; x_wconf 78' lang='grc' dir='ltr'>ἐλλάμπεσθαι</span> <span class='ocrx_word' id='word_1_465' title='bbox 781 1905 832 1938; x_wconf 85' lang='grc' dir='ltr'><strong>τὰς</strong></span> <span class='ocrx_word' id='word_1_466' title='bbox 842 1915 894 1941; x_wconf 83' lang='grc' dir='ltr'>φα-</span> 
     </span>
    </p>
   </div>
   <div class='ocr_carea' id='block_1_67' title="bbox 104 1949 674 1987">
    <p class='ocr_par' dir='ltr' id='par_1_67' title="bbox 104 1949 674 1987">
     <span class='ocr_line' id='line_1_67' title="bbox 104 1949 674 1987; baseline 0.005 -12"><span class='ocrx_word' id='word_1_467' title='bbox 104 1949 217 1982; x_wconf 80' lang='grc' dir='ltr'>νοτάτας</span> <span class='ocrx_word' id='word_1_468' title='bbox 229 1951 277 1986; x_wconf 87' lang='grc' dir='ltr'>τῆς</span> <span class='ocrx_word' id='word_1_469' title='bbox 294 1951 442 1987; x_wconf 85' lang='grc' dir='ltr'>Θεαρχικῆς</span> <span class='ocrx_word' id='word_1_470' title='bbox 454 1952 561 1983; x_wconf 81' lang='grc' dir='ltr'>ἀκτῖνος</span> <span class='ocrx_word' id='word_1_471' title='bbox 575 1952 674 1985; x_wconf 82' lang='grc' dir='ltr'>αὐγάς.</span> 
     </span>
    </p>
   </div>
   <div class='ocr_carea' id='block_1_68' title="bbox 946 1583 1739 1624">
    <p class='ocr_par' dir='ltr' id='par_1_68' title="bbox 946 1583 1739 1624">
     <span class='ocr_line' id='line_1_68' title="bbox 946 1583 1739 1624; baseline 0.001 -10"><span class='ocrx_word' id='word_1_472' title='bbox 946 1589 999 1615; x_wconf 82' lang='lat' dir='ltr'><strong>sibi</strong></span> <span class='ocrx_word' id='word_1_473' title='bbox 1014 1595 1107 1616; x_wconf 87' lang='lat' dir='ltr'><strong>sacras</strong></span> <span class='ocrx_word' id='word_1_474' title='bbox 1118 1596 1151 1615; x_wconf 90' lang='lat' dir='ltr'><strong>ac</strong></span> <span class='ocrx_word' id='word_1_475' title='bbox 1163 1588 1289 1616; x_wconf 60' lang='lat' dir='ltr'><strong>caelestes</strong></span> <span class='ocrx_word' id='word_1_476' title='bbox 1312 1589 1509 1617; x_wconf 85' lang='lat' dir='ltr'><strong>adornationes</strong></span> <span class='ocrx_word' id='word_1_477' title='bbox 1534 1589 1568 1616; x_wconf 83' lang='lat' dir='ltr'><strong>ab</strong></span> <span class='ocrx_word' id='word_1_478' title='bbox 1583 1589 1657 1616; x_wconf 93' lang='lat' dir='ltr'><strong>omni</strong></span> <span class='ocrx_word' id='word_1_479' title='bbox 1678 1583 1739 1624; x_wconf 83' lang='lat' dir='ltr'><strong>qui-</strong></span> 
     </span>
    </p>
   </div>
   <div class='ocr_carea' id='block_1_69' title="bbox 947 1634 1739 1671">
    <p class='ocr_par' dir='ltr' id='par_1_69' title="bbox 947 1634 1739 1671">
     <span class='ocr_line' id='line_1_69' title="bbox 947 1634 1739 1671; baseline 0.003 -11"><span class='ocrx_word' id='word_1_480' title='bbox 947 1634 1007 1661; x_wconf 88' lang='lat' dir='ltr'><strong>dem</strong></span> <span class='ocrx_word' id='word_1_481' title='bbox 1024 1634 1198 1669; x_wconf 82' lang='lat' dir='ltr'><strong>ignoratione</strong></span> <span class='ocrx_word' id='word_1_482' title='bbox 1209 1635 1310 1670; x_wconf 89' lang='lat' dir='ltr'><strong>(modis</strong></span> <span class='ocrx_word' id='word_1_483' title='bbox 1322 1636 1428 1671; x_wconf 83' lang='lat' dir='ltr'><strong>scilicet</strong></span> <span class='ocrx_word' id='word_1_484' title='bbox 1439 1635 1599 1663; x_wconf 67' lang='lat' dir='ltr'><strong>coelestibus</strong></span> <span class='ocrx_word' id='word_1_485' title='bbox 1609 1635 1668 1663; x_wconf 88' lang='lat' dir='ltr'><strong>istis</strong></span> <span class='ocrx_word' id='word_1_486' title='bbox 1681 1635 1739 1662; x_wconf 85' lang='lat' dir='ltr'><strong>hie-</strong></span> 
     </span>
    </p>
   </div>
   <div class='ocr_carea' id='block_1_70' title="bbox 947 1681 1738 1717">
    <p class='ocr_par' dir='ltr' id='par_1_70' title="bbox 947 1681 1738 1717">
     <span class='ocr_line' id='line_1_70' title="bbox 947 1681 1738 1717; baseline 0.003 -11"><span class='ocrx_word' id='word_1_487' title='bbox 947 1681 1064 1708; x_wconf 86' lang='lat' dir='ltr'><strong>rarchiis</strong></span> <span class='ocrx_word' id='word_1_488' title='bbox 1079 1682 1303 1717; x_wconf 85' lang='lat' dir='ltr'><strong>accommodatis)</strong></span> <span class='ocrx_word' id='word_1_489' title='bbox 1315 1687 1440 1717; x_wconf 79' lang='lat' dir='ltr'><strong>purgent;</strong></span> <span class='ocrx_word' id='word_1_490' title='bbox 1454 1682 1582 1716; x_wconf 90' lang='lat' dir='ltr'><strong>impleant</strong></span> <span class='ocrx_word' id='word_1_491' title='bbox 1590 1690 1653 1708; x_wconf 85' lang='lat' dir='ltr'><strong>vero</strong></span> <span class='ocrx_word' id='word_1_492' title='bbox 1665 1682 1738 1716; x_wconf 85' lang='lat' dir='ltr'><strong>ipsas</strong></span> 
     </span>
    </p>
   </div>
   <div class='ocr_carea' id='block_1_71' title="bbox 947 1726 1736 1762">
    <p class='ocr_par' dir='ltr' id='par_1_71' title="bbox 947 1726 1736 1762">
     <span class='ocr_line' id='line_1_71' title="bbox 947 1726 1736 1762; baseline -0.001 -9"><span class='ocrx_word' id='word_1_493' title='bbox 947 1726 1126 1754; x_wconf 87' lang='lat' dir='ltr'><strong>divinissimis</strong></span> <span class='ocrx_word' id='word_1_494' title='bbox 1155 1727 1405 1760; x_wconf 81' lang='lat' dir='ltr'><strong>illustrationibus,</strong></span> <span class='ocrx_word' id='word_1_495' title='bbox 1435 1727 1635 1762; x_wconf 80' lang='lat' dir='ltr'><strong>pet&#39;ficiantque</strong></span> <span class='ocrx_word' id='word_1_496' title='bbox 1655 1726 1736 1760; x_wconf 76' lang='lat' dir='ltr'><strong>liqui-</strong></span> 
     </span>
    </p>
   </div>
   <div class='ocr_carea' id='block_1_72' title="bbox 949 1771 1737 1807">
    <p class='ocr_par' dir='ltr' id='par_1_72' title="bbox 949 1771 1737 1807">
     <span class='ocr_line' id='line_1_72' title="bbox 949 1771 1737 1807; baseline 0.005 -11"><span class='ocrx_word' id='word_1_497' title='bbox 949 1771 1063 1798; x_wconf 70' lang='lat' dir='ltr'><strong>dissima</strong></span> <span class='ocrx_word' id='word_1_498' title='bbox 1080 1771 1234 1798; x_wconf 88' lang='lat' dir='ltr'><strong>divinarutn</strong></span> <span class='ocrx_word' id='word_1_499' title='bbox 1253 1772 1497 1807; x_wconf 74' lang='lat' dir='ltr'><strong>intelligentiarnm</strong></span> <span class='ocrx_word' id='word_1_500' title='bbox 1523 1772 1647 1799; x_wconf 88' lang='lat' dir='ltr'><strong>scientia.</strong></span> <span class='ocrx_word' id='word_1_501' title='bbox 1671 1772 1737 1800; x_wconf 53' lang='lat' dir='ltr'><strong>lite:</strong></span> 
     </span>
    </p>
   </div>
   <div class='ocr_carea' id='block_1_73' title="bbox 948 1817 1735 1853">
    <p class='ocr_par' dir='ltr' id='par_1_73' title="bbox 948 1817 1735 1853">
     <span class='ocr_line' id='line_1_73' title="bbox 948 1817 1735 1853; baseline 0.003 -11"><span class='ocrx_word' id='word_1_502' title='bbox 948 1817 1003 1843; x_wconf 89' lang='lat' dir='ltr'><strong>nim</strong></span> <span class='ocrx_word' id='word_1_503' title='bbox 1015 1817 1071 1852; x_wconf 85' lang='lat' dir='ltr'><strong>jam</strong></span> <span class='ocrx_word' id='word_1_504' title='bbox 1088 1826 1103 1844; x_wconf 92' lang='lat' dir='ltr'><strong>a</strong></span> <span class='ocrx_word' id='word_1_505' title='bbox 1117 1818 1196 1845; x_wconf 87' lang='lat' dir='ltr'><strong>nobis</strong></span> <span class='ocrx_word' id='word_1_506' title='bbox 1207 1818 1309 1846; x_wconf 91' lang='lat' dir='ltr'><strong>dictum</strong></span> <span class='ocrx_word' id='word_1_507' title='bbox 1325 1824 1384 1851; x_wconf 84' lang='lat' dir='ltr'><strong>est,</strong></span> <span class='ocrx_word' id='word_1_508' title='bbox 1397 1824 1424 1846; x_wconf 88' lang='lat' dir='ltr'><strong>et</strong></span> <span class='ocrx_word' id='word_1_509' title='bbox 1444 1819 1477 1846; x_wconf 87' lang='lat' dir='ltr'><strong>ab</strong></span> <span class='ocrx_word' id='word_1_510' title='bbox 1496 1819 1611 1853; x_wconf 75' lang='lat' dir='ltr'><strong>eloquiis</strong></span> <span class='ocrx_word' id='word_1_511' title='bbox 1635 1818 1735 1844; x_wconf 86' lang='lat' dir='ltr'><strong>divinis</strong></span> 
     </span>
    </p>
   </div>
   <div class='ocr_carea' id='block_1_74' title="bbox 947 1864 1736 1897">
    <p class='ocr_par' dir='ltr' id='par_1_74' title="bbox 947 1864 1736 1897">
     <span class='ocr_line' id='line_1_74' title="bbox 947 1864 1736 1897; baseline 0.001 -8"><span class='ocrx_word' id='word_1_512' title='bbox 947 1864 1165 1897; x_wconf 90' lang='lat' dir='ltr'><strong>pronuntiatum,</strong></span> <span class='ocrx_word' id='word_1_513' title='bbox 1196 1872 1250 1891; x_wconf 91' lang='lat' dir='ltr'><strong>non</strong></span> <span class='ocrx_word' id='word_1_514' title='bbox 1270 1865 1379 1892; x_wconf 86' lang='lat' dir='ltr'><strong>easdem</strong></span> <span class='ocrx_word' id='word_1_515' title='bbox 1402 1873 1463 1893; x_wconf 87' lang='lat' dir='ltr'><strong>esse</strong></span> <span class='ocrx_word' id='word_1_516' title='bbox 1487 1873 1582 1892; x_wconf 86' lang='lat' dir='ltr'><strong>onmcs</strong></span> <span class='ocrx_word' id='word_1_517' title='bbox 1610 1865 1736 1892; x_wconf 72' lang='lat' dir='ltr'><strong>caelestes</strong></span> 
     </span>
    </p>
   </div>
   <div class='ocr_carea' id='block_1_75' title="bbox 947 1908 1736 1946">
    <p class='ocr_par' dir='ltr' id='par_1_75' title="bbox 947 1908 1736 1946">
     <span class='ocr_line' id='line_1_75' title="bbox 947 1908 1736 1946; baseline 0.001 -11"><span class='ocrx_word' id='word_1_518' title='bbox 947 1908 1159 1944; x_wconf 85' lang='lat' dir='ltr'><strong>descriptiones,</strong></span> <span class='ocrx_word' id='word_1_519' title='bbox 1175 1918 1263 1945; x_wconf 85' lang='lat' dir='ltr'><strong>neque</strong></span> <span class='ocrx_word' id='word_1_520' title='bbox 1280 1919 1360 1946; x_wconf 90' lang='lat' dir='ltr'><strong>pares</strong></span> <span class='ocrx_word' id='word_1_521' title='bbox 1374 1912 1400 1939; x_wconf 92' lang='lat' dir='ltr'><strong>in</strong></span> <span class='ocrx_word' id='word_1_522' title='bbox 1424 1912 1551 1939; x_wconf 89' lang='lat' dir='ltr'><strong>omnibus</strong></span> <span class='ocrx_word' id='word_1_523' title='bbox 1571 1912 1631 1938; x_wconf 82' lang='lat' dir='ltr'><strong>istis</strong></span> <span class='ocrx_word' id='word_1_524' title='bbox 1648 1910 1736 1937; x_wconf 83' lang='lat' dir='ltr'><strong>sacris</strong></span> 
     </span>
    </p>
   </div>
   <div class='ocr_carea' id='block_1_76' title="bbox 946 1954 1733 1990">
    <p class='ocr_par' dir='ltr' id='par_1_76' title="bbox 946 1954 1733 1990">
     <span class='ocr_line' id='line_1_76' title="bbox 946 1954 1733 1990; baseline 0.003 -9"><span class='ocrx_word' id='word_1_525' title='bbox 946 1954 1100 1982; x_wconf 89' lang='lat' dir='ltr'><strong>divinarum</strong></span> <span class='ocrx_word' id='word_1_526' title='bbox 1115 1956 1327 1984; x_wconf 85' lang='lat' dir='ltr'><strong>illustrationqu</strong></span> <span class='ocrx_word' id='word_1_527' title='bbox 1341 1958 1475 1990; x_wconf 79' lang='lat' dir='ltr'><strong>scientiis,</strong></span> <span class='ocrx_word' id='word_1_528' title='bbox 1488 1959 1534 1985; x_wconf 86' lang='lat' dir='ltr'><strong>sed</strong></span> <span class='ocrx_word' id='word_1_529' title='bbox 1551 1964 1584 1984; x_wconf 79' lang='lat' dir='ltr'><strong>ex</strong></span> <span class='ocrx_word' id='word_1_530' title='bbox 1599 1957 1655 1984; x_wconf 88' lang='lat' dir='ltr'><strong>Dco</strong></span> <span class='ocrx_word' id='word_1_531' title='bbox 1668 1956 1733 1990; x_wconf 82' lang='lat' dir='ltr'><strong>qui-</strong></span> 
     </span>
    </p>
   </div>
   <div class='ocr_carea' id='block_1_77' title="bbox 104 1996 1734 2039">
    <p class='ocr_par' dir='ltr' id='par_1_77' title="bbox 104 1996 1734 2039">
     <span class='ocr_line' id='line_1_77' title="bbox 104 1996 1734 2039; baseline 0.005 -18"><span class='ocrx_word' id='word_1_532' title='bbox 104 1996 164 2022; x_wconf 87' lang='lat' dir='ltr'><strong>dem</strong></span> <span class='ocrx_word' id='word_1_533' title='bbox 179 1996 336 2024; x_wconf 85' lang='lat' dir='ltr'><strong>immediate</strong></span> <span class='ocrx_word' id='word_1_534' title='bbox 347 1999 460 2032; x_wconf 86' lang='lat' dir='ltr'><strong>primas,</strong></span> <span class='ocrx_word' id='word_1_535' title='bbox 478 2005 526 2032; x_wconf 88' lang='lat' dir='ltr'><strong>per</strong></span> <span class='ocrx_word' id='word_1_536' title='bbox 553 1998 614 2025; x_wconf 87' lang='lat' dir='ltr'><strong>illas</strong></span> <span class='ocrx_word' id='word_1_537' title='bbox 628 2003 718 2025; x_wconf 79' lang='lat' dir='ltr'><strong>autent</strong></span> <span class='ocrx_word' id='word_1_538' title='bbox 733 2006 841 2026; x_wconf 86' lang='lat' dir='ltr'><strong>rursum</strong></span> <span class='ocrx_word' id='word_1_539' title='bbox 865 2006 898 2026; x_wconf 79' lang='lat' dir='ltr'><strong>ex</strong></span> <span class='ocrx_word' id='word_1_540' title='bbox 917 1999 972 2027; x_wconf 85' lang='lat' dir='ltr'><strong>Deo</strong></span> <span class='ocrx_word' id='word_1_541' title='bbox 990 2001 1146 2035; x_wconf 83' lang='lat' dir='ltr'><strong>inferiores,</strong></span> <span class='ocrx_word' id='word_1_542' title='bbox 1164 2011 1214 2038; x_wconf 91' lang='lat' dir='ltr'><strong>pro</strong></span> <span class='ocrx_word' id='word_1_543' title='bbox 1226 2003 1345 2039; x_wconf 87' lang='lat' dir='ltr'><strong>ipsarum</strong></span> <span class='ocrx_word' id='word_1_544' title='bbox 1373 2004 1481 2031; x_wconf 86' lang='lat' dir='ltr'><strong>modulo</strong></span> <span class='ocrx_word' id='word_1_545' title='bbox 1504 2009 1531 2032; x_wconf 92' lang='lat' dir='ltr'><strong>et</strong></span> <span class='ocrx_word' id='word_1_546' title='bbox 1561 2008 1640 2038; x_wconf 90' lang='lat' dir='ltr'><strong>captu</strong></span> <span class='ocrx_word' id='word_1_547' title='bbox 1666 2001 1734 2029; x_wconf 90' lang='lat' dir='ltr'><strong>lnci-</strong></span> 
     </span>
    </p>
   </div>
   <div class='ocr_carea' id='block_1_78' title="bbox 104 2042 790 2079">
    <p class='ocr_par' dir='ltr' id='par_1_78' title="bbox 104 2042 790 2079">
     <span class='ocr_line' id='line_1_78' title="bbox 104 2042 790 2079; baseline 0.003 -9"><span class='ocrx_word' id='word_1_548' title='bbox 104 2042 222 2070; x_wconf 77' lang='lat' dir='ltr'><strong>dissimis</strong></span> <span class='ocrx_word' id='word_1_549' title='bbox 236 2044 320 2071; x_wconf 86' lang='lat' dir='ltr'><strong>divini</strong></span> <span class='ocrx_word' id='word_1_550' title='bbox 335 2045 404 2071; x_wconf 85' lang='lat' dir='ltr'><strong>radii</strong></span> <span class='ocrx_word' id='word_1_551' title='bbox 418 2044 611 2079; x_wconf 85' lang='lat' dir='ltr'><strong>splendorihus</strong></span> <span class='ocrx_word' id='word_1_552' title='bbox 627 2044 790 2072; x_wconf 83' lang='lat' dir='ltr'><strong>illuminari.</strong></span> 
     </span>
    </p>
   </div>
   <div class='ocr_carea' id='block_1_79' title="bbox 636 2197 1210 2235">
    <p class='ocr_par' dir='ltr' id='par_1_79' title="bbox 636 2197 1210 2235">
     <span class='ocr_line' id='line_1_79' title="bbox 636 2197 1210 2235; baseline 0.003 -9"><span class='ocrx_word' id='word_1_553' title='bbox 636 2197 719 2235; x_wconf 67' lang='lat'><strong>254</strong></span> <span class='ocrx_word' id='word_1_554' title='bbox 742 2197 1007 2228; x_wconf 79' lang='lat' dir='ltr'><strong>ADNOTATIONES</strong></span> <span class='ocrx_word' id='word_1_555' title='bbox 1036 2198 1210 2228; x_wconf 76' lang='lat' dir='ltr'><strong>connsnn.</strong></span> 
     </span>
    </p>
   </div>
   <div class='ocr_carea' id='block_1_80' title="bbox 137 2263 1731 2304">
    <p class='ocr_par' dir='ltr' id='par_1_80' title="bbox 137 2263 1731 2304">
     <span class='ocr_line' id='line_1_80' title="bbox 137 2263 1731 2304; baseline 0.006 -15"><span class='ocrx_word' id='word_1_556' title='bbox 137 2263 220 2290; x_wconf 84' lang='lat' dir='ltr'><strong>Parte</strong></span> <span class='ocrx_word' id='word_1_557' title='bbox 238 2263 336 2298; x_wconf 87' lang='lat' dir='ltr'><strong>prima,</strong></span> <span class='ocrx_word' id='word_1_558' title='bbox 352 2263 366 2299; x_wconf 85' lang='lat'>§</span> <span class='ocrx_word' id='word_1_559' title='bbox 380 2263 399 2291; x_wconf 95' lang='grc' dir='ltr'><strong>Ι.</strong></span> <span class='ocrx_word' id='word_1_560' title='bbox 413 2264 532 2304; x_wconf 68' lang='lat' dir='ltr'><strong>Dicimus</strong></span> <span class='ocrx_word' id='word_1_561' title='bbox 547 2265 629 2300; x_wconf 81' lang='lat' dir='ltr'><strong>igitur</strong></span> <span class='ocrx_word' id='word_1_562' title='bbox 642 2265 825 2304; x_wconf 70' lang='lat' dir='ltr'><strong>ordin_es_illpc</strong></span> <span class='ocrx_word' id='word_1_563' title='bbox 835 2266 882 2301; x_wconf 85' lang='lat' dir='ltr'><strong>qui</strong></span> <span class='ocrx_word' id='word_1_564' title='bbox 897 2266 1050 2301; x_wconf 73' lang='lat' dir='ltr'><strong>expiantur,</strong></span> <span class='ocrx_word' id='word_1_565' title='bbox 1064 2271 1119 2295; x_wconf 90' lang='lat' dir='ltr'><strong>etc.</strong></span> <span class='ocrx_word' id='word_1_566' title='bbox 1134 2266 1214 2298; x_wconf 85' lang='lat' dir='ltr'><strong>Nota,</strong></span> <span class='ocrx_word' id='word_1_567' title='bbox 1226 2269 1450 2302; x_wconf 85' lang='lat' dir='ltr'><strong>catechumenos,</strong></span> <span class='ocrx_word' id='word_1_568' title='bbox 1461 2273 1632 2304; x_wconf 85' lang='lat' dir='ltr'><strong>peccatores,</strong></span> <span class='ocrx_word' id='word_1_569' title='bbox 1647 2278 1731 2300; x_wconf 87' lang='lat' dir='ltr'><strong>ener-</strong></span> 
     </span>
    </p>
   </div>
   <div class='ocr_carea' id='block_1_81' title="bbox 103 2301 1732 2336">
    <p class='ocr_par' dir='ltr' id='par_1_81' title="bbox 103 2301 1732 2336">
     <span class='ocr_line' id='line_1_81' title="bbox 103 2301 1732 2336; baseline 0.006 -12"><span class='ocrx_word' id='word_1_570' title='bbox 103 2306 231 2334; x_wconf 70' lang='lat' dir='ltr'><strong>gumenos</strong></span> <span class='ocrx_word' id='word_1_571' title='bbox 252 2303 466 2336; x_wconf 62' lang='lat' dir='ltr'><strong>etpmnitentes,</strong></span> <span class='ocrx_word' id='word_1_572' title='bbox 485 2302 524 2326; x_wconf 89' lang='lat' dir='ltr'><strong>uti</strong></span> <span class='ocrx_word' id='word_1_573' title='bbox 536 2308 618 2336; x_wconf 83' lang='lat' dir='ltr'><strong>supra</strong></span> <span class='ocrx_word' id='word_1_574' title='bbox 632 2307 691 2334; x_wconf 87' lang='lat' dir='ltr'><strong>cap.</strong></span> <span class='ocrx_word' id='word_1_575' title='bbox 712 2301 729 2327; x_wconf 81' lang='grc'><strong>5</strong></span> <span class='ocrx_word' id='word_1_576' title='bbox 744 2301 912 2328; x_wconf 83' lang='lat' dir='ltr'><strong>declaratum</strong></span> <span class='ocrx_word' id='word_1_577' title='bbox 924 2306 976 2334; x_wconf 91' lang='lat' dir='ltr'><strong>est,</strong></span> <span class='ocrx_word' id='word_1_578' title='bbox 995 2310 1011 2329; x_wconf 88' lang='lat' dir='ltr'><strong>a</strong></span> <span class='ocrx_word' id='word_1_579' title='bbox 1028 2310 1116 2330; x_wconf 74' lang='lat' dir='ltr'><strong>sacris</strong></span> <span class='ocrx_word' id='word_1_580' title='bbox 1130 2303 1231 2336; x_wconf 86' lang='lat' dir='ltr'><strong>arceri,</strong></span> <span class='ocrx_word' id='word_1_581' title='bbox 1257 2303 1347 2330; x_wconf 84' lang='lat' dir='ltr'><strong>donec</strong></span> <span class='ocrx_word' id='word_1_582' title='bbox 1373 2312 1389 2331; x_wconf 83' lang='lat' dir='ltr'><strong>a</strong></span> <span class='ocrx_word' id='word_1_583' title='bbox 1416 2301 1541 2332; x_wconf 76' lang='lat' dir='ltr'><strong>diaconis</strong></span> <span class='ocrx_word' id='word_1_584' title='bbox 1558 2301 1732 2334; x_wconf 78' lang='lat' dir='ltr'><strong>sufficienter</strong></span> 
     </span>
    </p>
   </div>
   <div class='ocr_carea' id='block_1_82' title="bbox 105 2333 900 2375">
    <p class='ocr_par' dir='ltr' id='par_1_82' title="bbox 105 2333 896 2375">
     <span class='ocr_line' id='line_1_82' title="bbox 105 2333 896 2375; baseline 0.006 -16"><span class='ocrx_word' id='word_1_585' title='bbox 105 2333 204 2360; x_wconf 77' lang='lat' dir='ltr'><strong>iuerint</strong></span> <span class='ocrx_word' id='word_1_586' title='bbox 226 2334 338 2375; x_wconf 51' lang='lat' dir='ltr'><strong>egpiati.</strong></span> <span class='ocrx_word' id='word_1_587' title='bbox 355 2333 421 2375; x_wconf 45' lang='lat' dir='ltr'><strong>lﬁam</strong></span> <span class='ocrx_word' id='word_1_588' title='bbox 438 2336 491 2375; x_wconf 81' lang='lat' dir='ltr'><strong>(_ut_i_</strong></span> <span class='ocrx_word' id='word_1_589' title='bbox 503 2343 534 2362; x_wconf 86' lang='lat' dir='ltr'><strong>ex</strong></span> <span class='ocrx_word' id='word_1_590' title='bbox 551 2333 602 2362; x_wconf 80' lang='lat' dir='ltr'><strong>hoc</strong></span> <span class='ocrx_word' id='word_1_591' title='bbox 614 2333 675 2375; x_wconf 67' lang='lat' dir='ltr'><strong>loco</strong></span> <span class='ocrx_word' id='word_1_592' title='bbox 687 2335 806 2375; x_wconf 79' lang='lat' dir='ltr'><strong>Dionysii</strong></span> <span class='ocrx_word' id='word_1_593' title='bbox 819 2337 896 2364; x_wconf 86' lang='lat' dir='ltr'><strong>docet</strong></span> 
     </span>
    </p>
   </div>
   <div class='ocr_carea' id='block_1_83' title="bbox 953 2333 1732 2375">
    <p class='ocr_par' dir='ltr' id='par_1_83' title="bbox 953 2333 1732 2375">
     <span class='ocr_line' id='line_1_83' title="bbox 953 2333 1732 2375; baseline 0.006 -11"><span class='ocrx_word' id='word_1_594' title='bbox 953 2333 1086 2375; x_wconf 65' lang='lat' dir='ltr'><strong>Thomas,</strong></span> <span class='ocrx_word' id='word_1_595' title='bbox 1105 2333 1230 2375; x_wconf 72' lang='lat' dir='ltr'><strong>partem</strong></span> <span class='ocrx_word' id='word_1_596' title='bbox 1244 2358 1250 2370; x_wconf 84' lang='lat'>.</span> <span class='ocrx_word' id='word_1_597' title='bbox 1264 2339 1415 2373; x_wconf 66' lang='lat' dir='ltr'><strong>quaastione</strong></span> <span class='ocrx_word' id='word_1_598' title='bbox 1432 2339 1476 2372; x_wconf 77' lang='grc' dir='ltr'><strong>σι,</strong></span> <span class='ocrx_word' id='word_1_599' title='bbox 1490 2345 1544 2367; x_wconf 86' lang='lat' dir='ltr'><strong>art.</strong></span> <span class='ocrx_word' id='word_1_600' title='bbox 1566 2341 1591 2372; x_wconf 82' lang='grc'><strong>1,</strong></span> <span class='ocrx_word' id='word_1_601' title='bbox 1611 2342 1645 2368; x_wconf 85' lang='lat' dir='ltr'><strong>ad</strong></span> <span class='ocrx_word' id='word_1_602' title='bbox 1662 2343 1687 2375; x_wconf 88' lang='lat' dir='ltr'><strong>l,</strong></span> <span class='ocrx_word' id='word_1_603' title='bbox 1704 2333 1732 2370; x_wconf 81' lang='lat' dir='ltr'><strong>et</strong></span> 
     </span>
    </p>
   </div>
   <div class='ocr_carea' id='block_1_84' title="bbox 105 2369 1732 2412">
    <p class='ocr_par' dir='ltr' id='par_1_84' title="bbox 105 2369 1732 2412">
     <span class='ocr_line' id='line_1_84' title="bbox 105 2369 1732 2412; baseline 0.006 -17"><span class='ocrx_word' id='word_1_604' title='bbox 105 2375 213 2412; x_wconf 36' lang='lat' dir='ltr'><strong>quiest:</strong></span> <span class='ocrx_word' id='word_1_605' title='bbox 227 2369 272 2402; x_wconf 84' lang='grc'><strong>67,</strong></span> <span class='ocrx_word' id='word_1_606' title='bbox 288 2375 340 2412; x_wconf 72' lang='lat' dir='ltr'><strong>art.</strong></span> <span class='ocrx_word' id='word_1_607' title='bbox 358 2370 404 2412; x_wconf 26' lang='lat' dir='ltr'><strong>in),</strong></span> <span class='ocrx_word' id='word_1_608' title='bbox 419 2369 452 2397; x_wconf 88' lang='lat' dir='ltr'><strong>ad</strong></span> <span class='ocrx_word' id='word_1_609' title='bbox 467 2371 596 2412; x_wconf 84' lang='lat' dir='ltr'><strong>diaconos</strong></span> <span class='ocrx_word' id='word_1_610' title='bbox 608 2369 762 2412; x_wconf 69' lang='lat' dir='ltr'><strong>pertinebat</strong></span> <span class='ocrx_word' id='word_1_611' title='bbox 780 2371 1033 2412; x_wconf 50' lang='lat' dir='ltr'><strong>ntnu&#39;usexpiamli.</strong></span> <span class='ocrx_word' id='word_1_612' title='bbox 1051 2373 1076 2399; x_wconf 88' lang='lat' dir='ltr'><strong>id</strong></span> <span class='ocrx_word' id='word_1_613' title='bbox 1097 2369 1140 2400; x_wconf 69' lang='lat' dir='ltr'><strong>est</strong></span> <span class='ocrx_word' id='word_1_614' title='bbox 1152 2369 1281 2412; x_wconf 38' lang='lat' dir='ltr'><strong>,lcjicere-</strong></span> <span class='ocrx_word' id='word_1_615' title='bbox 1301 2369 1474 2407; x_wconf 45' lang='lat' dir='ltr'><strong>inuuundos;</strong></span> <span class='ocrx_word' id='word_1_616' title='bbox 1486 2380 1514 2412; x_wconf 76' lang='lat' dir='ltr'><strong>et</strong></span> <span class='ocrx_word' id='word_1_617' title='bbox 1531 2369 1625 2403; x_wconf 80' lang='lat' dir='ltr'><strong>fideles</strong></span> <span class='ocrx_word' id='word_1_618' title='bbox 1640 2369 1732 2412; x_wconf 68' lang='lat' dir='ltr'><strong>dispo-</strong></span> 
     </span>
    </p>
   </div>
   <div class='ocr_carea' id='block_1_85' title="bbox 110 2405 1597 2445">
    <p class='ocr_par' dir='ltr' id='par_1_85' title="bbox 110 2405 1597 2445">
     <span class='ocr_line' id='line_1_85' title="bbox 110 2405 1597 2445; baseline 0.006 -16"><span class='ocrx_word' id='word_1_619' title='bbox 110 2411 183 2445; x_wconf 49' lang='lat' dir='ltr'><strong>neare-</strong></span> <span class='ocrx_word' id='word_1_620' title='bbox 201 2410 251 2445; x_wconf 55' lang='grc' dir='ltr'>μοι·</span> <span class='ocrx_word' id='word_1_621' title='bbox 265 2405 522 2445; x_wconf 39' lang='lat' dir='ltr'><strong>adtttonitiones.‘ul</strong></span> <span class='ocrx_word' id='word_1_622' title='bbox 535 2413 550 2432; x_wconf 88' lang='lat' dir='ltr'><strong>a</strong></span> <span class='ocrx_word' id='word_1_623' title='bbox 567 2406 754 2445; x_wconf 65' lang='lat' dir='ltr'><strong>sacerdotibus</strong></span> <span class='ocrx_word' id='word_1_624' title='bbox 770 2406 868 2445; x_wconf 75' lang='lat' dir='ltr'><strong>deinde</strong></span> <span class='ocrx_word' id='word_1_625' title='bbox 880 2405 1125 2445; x_wconf 76' lang='lat' dir='ltr'><strong>illnininentur,ac</strong></span> <span class='ocrx_word' id='word_1_626' title='bbox 1141 2405 1221 2442; x_wconf 77' lang='lat' dir='ltr'><strong>digne</strong></span> <span class='ocrx_word' id='word_1_627' title='bbox 1246 2414 1417 2436; x_wconf 88' lang='lat' dir='ltr'><strong>sacramenta</strong></span> <span class='ocrx_word' id='word_1_628' title='bbox 1435 2405 1597 2445; x_wconf 88' lang='lat' dir='ltr'><strong>suscipiant.</strong></span> 
     </span>
    </p>
   </div>
   <div class='ocr_carea' id='block_1_86' title="bbox 137 2438 1728 2479">
    <p class='ocr_par' dir='ltr' id='par_1_86' title="bbox 137 2438 1728 2479">
     <span class='ocr_line' id='line_1_86' title="bbox 137 2438 1728 2479; baseline 0.006 -13"><span class='ocrx_word' id='word_1_629' title='bbox 217 2439 320 2479; x_wconf 40' lang='lat' dir='ltr'><strong>Medi-us</strong></span> <span class='ocrx_word' id='word_1_630' title='bbox 344 2445 430 2467; x_wconf 82' lang='lat' dir='ltr'><strong>autem</strong></span> <span class='ocrx_word' id='word_1_631' title='bbox 441 2441 520 2472; x_wconf 81' lang='lat' dir='ltr'><strong>ordo,</strong></span> <span class='ocrx_word' id='word_1_632' title='bbox 536 2446 592 2468; x_wconf 87' lang='lat' dir='ltr'><strong>etc.</strong></span> <span class='ocrx_word' id='word_1_633' title='bbox 609 2441 738 2479; x_wconf 82' lang='lat' dir='ltr'><strong>intelligit</strong></span> <span class='ocrx_word' id='word_1_634' title='bbox 752 2441 875 2479; x_wconf 72' lang='lat' dir='ltr'><strong>ordinent</strong></span> <span class='ocrx_word' id='word_1_635' title='bbox 889 2442 1033 2479; x_wconf 82' lang='lat' dir='ltr'><strong>laicorum,</strong></span> <span class='ocrx_word' id='word_1_636' title='bbox 1047 2444 1093 2477; x_wconf 92' lang='lat' dir='ltr'><strong>qui</strong></span> <span class='ocrx_word' id='word_1_637' title='bbox 1110 2438 1249 2477; x_wconf 68' lang='lat' dir='ltr'><strong>baptismo</strong></span> <span class='ocrx_word' id='word_1_638' title='bbox 1267 2449 1372 2470; x_wconf 86' lang='lat' dir='ltr'><strong>tantum</strong></span> <span class='ocrx_word' id='word_1_639' title='bbox 1390 2445 1489 2472; x_wconf 89' lang='lat' dir='ltr'><strong>initiati</strong></span> <span class='ocrx_word' id='word_1_640' title='bbox 1502 2438 1566 2473; x_wconf 73' lang='lat' dir='ltr'><strong>sunt</strong></span> <span class='ocrx_word' id='word_1_641' title='bbox 1581 2455 1589 2473; x_wconf 73' lang='grc' dir='ltr'><strong>ε</strong></span> <span class='ocrx_word' id='word_1_642' title='bbox 1612 2447 1638 2474; x_wconf 90' lang='lat' dir='ltr'><strong>hi</strong></span> <span class='ocrx_word' id='word_1_643' title='bbox 1654 2448 1728 2475; x_wconf 87' lang='lat' dir='ltr'><strong>enim</strong></span> 
     </span>
    </p>
   </div>
   <div class='ocr_carea' id='block_1_87' title="bbox 104 2475 1725 2516">
    <p class='ocr_par' dir='ltr' id='par_1_87' title="bbox 104 2475 1725 2516">
     <span class='ocr_line' id='line_1_87' title="bbox 104 2475 1725 2516; baseline 0.007 -17"><span class='ocrx_word' id='word_1_644' title='bbox 104 2475 183 2516; x_wconf 58' lang='lat' dir='ltr'><strong>tne-lii</strong></span> <span class='ocrx_word' id='word_1_645' title='bbox 198 2479 264 2516; x_wconf 84' lang='lat' dir='ltr'><strong>sunt</strong></span> <span class='ocrx_word' id='word_1_646' title='bbox 287 2475 581 2516; x_wconf 72' lang='lat' dir='ltr'><strong>iiiter_catecti_tii_neiios</strong></span> <span class='ocrx_word' id='word_1_647' title='bbox 593 2476 638 2510; x_wconf 91' lang='lat' dir='ltr'><strong>qui</strong></span> <span class='ocrx_word' id='word_1_648' title='bbox 650 2477 848 2516; x_wconf 78' lang='lat' dir='ltr'><strong>purganturad</strong></span> <span class='ocrx_word' id='word_1_649' title='bbox 864 2477 1044 2516; x_wconf 78' lang='lat' dir='ltr'><strong>baptismum,</strong></span> <span class='ocrx_word' id='word_1_650' title='bbox 1055 2475 1089 2505; x_wconf 61' lang='grc' dir='ltr'><strong>ἶςι</strong></span> <span class='ocrx_word' id='word_1_651' title='bbox 1103 2475 1174 2516; x_wconf 65' lang='lat' dir='ltr'><strong>inter</strong></span> <span class='ocrx_word' id='word_1_652' title='bbox 1196 2480 1434 2516; x_wconf 78' lang='lat' dir='ltr'><strong>communicantes</strong></span> <span class='ocrx_word' id='word_1_653' title='bbox 1460 2481 1506 2515; x_wconf 91' lang='lat' dir='ltr'><strong>qui</strong></span> <span class='ocrx_word' id='word_1_654' title='bbox 1532 2482 1725 2516; x_wconf 73' lang='lat' dir='ltr'><strong>perficiuntur.</strong></span> 
     </span>
    </p>
   </div>
   <div class='ocr_carea' id='block_1_88' title="bbox 106 2508 1728 2547">
    <p class='ocr_par' dir='ltr' id='par_1_88' title="bbox 106 2508 1728 2547">
     <span class='ocr_line' id='line_1_88' title="bbox 106 2508 1728 2547; baseline 0.007 -13"><span class='ocrx_word' id='word_1_655' title='bbox 106 2508 180 2547; x_wconf 76' lang='lat' dir='ltr'><strong>Hunc</strong></span> <span class='ocrx_word' id='word_1_656' title='bbox 194 2514 285 2547; x_wconf 79' lang='lat' dir='ltr'><strong>autem</strong></span> <span class='ocrx_word' id='word_1_657' title='bbox 306 2511 429 2547; x_wconf 82' lang='lat' dir='ltr'><strong>ordinem</strong></span> <span class='ocrx_word' id='word_1_658' title='bbox 445 2511 531 2545; x_wconf 82' lang='lat' dir='ltr'><strong>plebis</strong></span> <span class='ocrx_word' id='word_1_659' title='bbox 545 2508 756 2547; x_wconf 32' lang='lat' dir='ltr'><strong>satictéeijocat</strong></span> <span class='ocrx_word' id='word_1_660' title='bbox 779 2515 807 2538; x_wconf 80' lang='lat' dir='ltr'><strong>et</strong></span> <span class='ocrx_word' id='word_1_661' title='bbox 831 2508 1067 2547; x_wconf 70' lang='lat' dir='ltr'><strong>contemplativce;</strong></span> <span class='ocrx_word' id='word_1_662' title='bbox 1089 2514 1152 2547; x_wconf 83' lang='lat' dir='ltr'><strong>quia</strong></span> <span class='ocrx_word' id='word_1_663' title='bbox 1186 2515 1315 2540; x_wconf 89' lang='lat' dir='ltr'><strong>nimirum</strong></span> <span class='ocrx_word' id='word_1_664' title='bbox 1344 2515 1376 2541; x_wconf 92' lang='lat' dir='ltr'><strong>ad</strong></span> <span class='ocrx_word' id='word_1_665' title='bbox 1402 2508 1554 2543; x_wconf 65' lang='lat' dir='ltr'><strong>contititufn</strong></span> <span class='ocrx_word' id='word_1_666' title='bbox 1570 2508 1728 2545; x_wconf 72' lang='lat' dir='ltr'><strong>divinorum</strong></span> 
     </span>
    </p>
   </div>
   <div class='ocr_carea' id='block_1_89' title="bbox 104 2544 1728 2587">
    <p class='ocr_par' dir='ltr' id='par_1_89' title="bbox 104 2544 1728 2587">
     <span class='ocr_line' id='line_1_89' title="bbox 104 2544 1728 2587; baseline 0.006 -18"><span class='ocrx_word' id='word_1_667' title='bbox 104 2544 286 2587; x_wconf 47' lang='lat' dir='ltr'><strong>sxtiiholorUIii</strong></span> <span class='ocrx_word' id='word_1_668' title='bbox 307 2544 471 2587; x_wconf 81' lang='lat' dir='ltr'><strong>admittitur,</strong></span> <span class='ocrx_word' id='word_1_669' title='bbox 484 2553 545 2587; x_wconf 73' lang='lat' dir='ltr'><strong>cum</strong></span> <span class='ocrx_word' id='word_1_670' title='bbox 559 2546 640 2587; x_wconf 72' lang='lat' dir='ltr'><strong>sitad</strong></span> <span class='ocrx_word' id='word_1_671' title='bbox 654 2544 1065 2587; x_wconf 69' lang='lat' dir='ltr'><strong>illuminandum_sacerdotibns</strong></span> <span class='ocrx_word' id='word_1_672' title='bbox 1080 2544 1254 2587; x_wconf 78' lang='lat' dir='ltr'><strong>commissus,</strong></span> <span class='ocrx_word' id='word_1_673' title='bbox 1272 2553 1312 2587; x_wconf 23' lang='lat' dir='ltr'><strong>ut»</strong></span> <span class='ocrx_word' id='word_1_674' title='bbox 1328 2550 1375 2576; x_wconf 87' lang='lat' dir='ltr'><strong>fiat</strong></span> <span class='ocrx_word' id='word_1_675' title='bbox 1392 2550 1544 2585; x_wconf 84' lang='lat' dir='ltr'><strong>aliquarum</strong></span> <span class='ocrx_word' id='word_1_676' title='bbox 1568 2544 1728 2587; x_wconf 47' lang='lat' dir='ltr'><strong>intelligen¥</strong></span> 
     </span>
    </p>
   </div>
   <div class='ocr_carea' id='block_1_90' title="bbox 105 2581 1728 2618">
    <p class='ocr_par' dir='ltr' id='par_1_90' title="bbox 105 2581 1728 2618">
     <span class='ocr_line' id='line_1_90' title="bbox 105 2581 1728 2618; baseline 0.007 -14"><span class='ocrx_word' id='word_1_677' title='bbox 105 2581 200 2618; x_wconf 73' lang='lat' dir='ltr'><strong>tiaram</strong></span> <span class='ocrx_word' id='word_1_678' title='bbox 214 2587 271 2618; x_wconf 81' lang='lat' dir='ltr'><strong>pro</strong></span> <span class='ocrx_word' id='word_1_679' title='bbox 293 2586 372 2618; x_wconf 83' lang='lat' dir='ltr'><strong>captu</strong></span> <span class='ocrx_word' id='word_1_680' title='bbox 387 2588 436 2607; x_wconf 84' lang='lat' dir='ltr'><strong>suo</strong></span> <span class='ocrx_word' id='word_1_681' title='bbox 448 2587 474 2608; x_wconf 90' lang='lat' dir='ltr'><strong>et</strong></span> <span class='ocrx_word' id='word_1_682' title='bbox 492 2581 624 2616; x_wconf 76' lang='lat' dir='ltr'><strong>dignitate</strong></span> <span class='ocrx_word' id='word_1_683' title='bbox 640 2581 786 2618; x_wconf 78' lang='lat' dir='ltr'><strong>particeps,</strong></span> <span class='ocrx_word' id='word_1_684' title='bbox 803 2582 1038 2618; x_wconf 85' lang='lat' dir='ltr'><strong>quodetiamuum</strong></span> <span class='ocrx_word' id='word_1_685' title='bbox 1056 2592 1105 2618; x_wconf 82' lang='lat' dir='ltr'><strong>per</strong></span> <span class='ocrx_word' id='word_1_686' title='bbox 1126 2585 1283 2610; x_wconf 77' lang='lat' dir='ltr'><strong>sacerdotes</strong></span> <span class='ocrx_word' id='word_1_687' title='bbox 1307 2585 1333 2611; x_wconf 93' lang='lat' dir='ltr'><strong>in</strong></span> <span class='ocrx_word' id='word_1_688' title='bbox 1348 2581 1528 2614; x_wconf 74' lang='lat' dir='ltr'><strong>concionibus</strong></span> <span class='ocrx_word' id='word_1_689' title='bbox 1539 2593 1567 2615; x_wconf 86' lang='lat' dir='ltr'><strong>et</strong></span> <span class='ocrx_word' id='word_1_690' title='bbox 1581 2581 1728 2615; x_wconf 69' lang='lat' dir='ltr'><strong>cathoiicis</strong></span> 
     </span>
    </p>
   </div>
   <div class='ocr_carea' id='block_1_91' title="bbox 105 2616 1729 2654">
    <p class='ocr_par' dir='ltr' id='par_1_91' title="bbox 105 2616 1729 2654">
     <span class='ocr_line' id='line_1_91' title="bbox 105 2616 1729 2654; baseline 0.006 -14"><span class='ocrx_word' id='word_1_691' title='bbox 105 2616 319 2654; x_wconf 81' lang='lat' dir='ltr'><strong>institutiu_nilnis</strong></span> <span class='ocrx_word' id='word_1_692' title='bbox 336 2616 381 2654; x_wconf 84' lang='lat' dir='ltr'><strong>_lit,</strong></span> <span class='ocrx_word' id='word_1_693' title='bbox 393 2623 454 2650; x_wconf 73' lang='lat' dir='ltr'><strong>quae</strong></span> <span class='ocrx_word' id='word_1_694' title='bbox 471 2617 637 2654; x_wconf 73' lang='lat' dir='ltr'><strong>noudebent</strong></span> <span class='ocrx_word' id='word_1_695' title='bbox 648 2617 736 2654; x_wconf 76' lang='lat' dir='ltr'><strong>nimis</strong></span> <span class='ocrx_word' id='word_1_696' title='bbox 744 2624 804 2644; x_wconf 79' lang='lat' dir='ltr'><strong>esse</strong></span> <span class='ocrx_word' id='word_1_697' title='bbox 815 2616 959 2654; x_wconf 71' lang='lat' dir='ltr'><strong>sublimes,</strong></span> <span class='ocrx_word' id='word_1_698' title='bbox 974 2619 1022 2645; x_wconf 85' lang='lat' dir='ltr'><strong>sed</strong></span> <span class='ocrx_word' id='word_1_699' title='bbox 1037 2616 1069 2644; x_wconf 78' lang='lat' dir='ltr'><strong>ad</strong></span> <span class='ocrx_word' id='word_1_700' title='bbox 1086 2620 1137 2652; x_wconf 78' lang='lat' dir='ltr'><strong>pia:</strong></span> <span class='ocrx_word' id='word_1_701' title='bbox 1151 2619 1237 2653; x_wconf 77' lang='lat' dir='ltr'><strong>plebis</strong></span> <span class='ocrx_word' id='word_1_702' title='bbox 1262 2625 1372 2653; x_wconf 87' lang='lat' dir='ltr'><strong>capttnn</strong></span> <span class='ocrx_word' id='word_1_703' title='bbox 1392 2624 1604 2650; x_wconf 76' lang='lat' dir='ltr'><strong>accommodata:</strong></span> <span class='ocrx_word' id='word_1_704' title='bbox 1617 2643 1624 2654; x_wconf 83' lang='lat'><strong>,</strong></span> <span class='ocrx_word' id='word_1_705' title='bbox 1642 2628 1670 2650; x_wconf 92' lang='lat' dir='ltr'><strong>nt</strong></span> <span class='ocrx_word' id='word_1_706' title='bbox 1684 2624 1729 2650; x_wconf 90' lang='lat' dir='ltr'><strong>hic</strong></span> 
     </span>
    </p>
   </div>
   <div class='ocr_carea' id='block_1_92' title="bbox 104 2649 1726 2693">
    <p class='ocr_par' dir='ltr' id='par_1_92' title="bbox 104 2649 1726 2693">
     <span class='ocr_line' id='line_1_92' title="bbox 104 2649 1726 2693; baseline 0.006 -19"><span class='ocrx_word' id='word_1_707' title='bbox 104 2654 223 2693; x_wconf 57' lang='lat' dir='ltr'><strong>sanctusl</strong></span> <span class='ocrx_word' id='word_1_708' title='bbox 233 2649 377 2693; x_wconf 68' lang='lat' dir='ltr'><strong>Dionysius</strong></span> <span class='ocrx_word' id='word_1_709' title='bbox 392 2649 575 2693; x_wconf 69' lang='lat' dir='ltr'><strong>commendat.</strong></span> <span class='ocrx_word' id='word_1_710' title='bbox 592 2651 685 2693; x_wconf 31' lang='lat' dir='ltr'><strong>aeque</strong></span> <span class='ocrx_word' id='word_1_711' title='bbox 696 2652 874 2693; x_wconf 45' lang='lat' dir='ltr'><strong>euiiul‘omnia</strong></span> <span class='ocrx_word' id='word_1_712' title='bbox 888 2652 960 2686; x_wconf 86' lang='lat' dir='ltr'><strong>plebi</strong></span> <span class='ocrx_word' id='word_1_713' title='bbox 975 2649 1232 2693; x_wconf 50' lang='lat' dir='ltr'><strong>propalaiida_&#39;suttt,</strong></span> <span class='ocrx_word' id='word_1_714' title='bbox 1242 2649 1374 2693; x_wconf 46' lang='lat' dir='ltr'><strong>cun—inec</strong></span> <span class='ocrx_word' id='word_1_715' title='bbox 1383 2655 1488 2693; x_wconf 81' lang='lat' dir='ltr'><strong>Moyses</strong></span> <span class='ocrx_word' id='word_1_716' title='bbox 1510 2649 1602 2692; x_wconf 75' lang='lat' dir='ltr'><strong>neque</strong></span> <span class='ocrx_word' id='word_1_717' title='bbox 1611 2649 1726 2693; x_wconf 47' lang='lat' dir='ltr'><strong>septua?</strong></span> 
     </span>
    </p>
   </div>
   <div class='ocr_carea' id='block_1_93' title="bbox 104 2684 1670 2730">
    <p class='ocr_par' dir='ltr' id='par_1_93' title="bbox 104 2684 1670 2730">
     <span class='ocr_line' id='line_1_93' title="bbox 104 2684 1670 2730; baseline 0.008 -20"><span class='ocrx_word' id='word_1_718' title='bbox 104 2684 177 2719; x_wconf 75' lang='lat' dir='ltr'><strong>ginta</strong></span> <span class='ocrx_word' id='word_1_719' title='bbox 197 2684 353 2712; x_wconf 63' lang='lat' dir='ltr'><strong>illtarcana:</strong></span> <span class='ocrx_word' id='word_1_720' title='bbox 366 2685 433 2721; x_wconf 69' lang='lat' dir='ltr'><strong>legis</strong></span> <span class='ocrx_word' id='word_1_721' title='bbox 449 2684 740 2722; x_wconf 38' lang='lat' dir='ltr'><strong>intelligentia—periti,</strong></span> <span class='ocrx_word' id='word_1_722' title='bbox 759 2687 833 2714; x_wconf 86' lang='lat' dir='ltr'><strong>illam</strong></span> <span class='ocrx_word' id='word_1_723' title='bbox 849 2684 985 2715; x_wconf 76' lang='lat' dir='ltr'><strong>secretam</strong></span> <span class='ocrx_word' id='word_1_724' title='bbox 1002 2684 1069 2723; x_wconf 69' lang='lat' dir='ltr'><strong>legis</strong></span> <span class='ocrx_word' id='word_1_725' title='bbox 1084 2689 1295 2724; x_wconf 61' lang='lat' dir='ltr'><strong>intelligentiam</strong></span> <span class='ocrx_word' id='word_1_726' title='bbox 1313 2690 1341 2717; x_wconf 88' lang='lat' dir='ltr'><strong>iu</strong></span> <span class='ocrx_word' id='word_1_727' title='bbox 1368 2684 1463 2726; x_wconf 53' lang='lat' dir='ltr'><strong>vulg&#39;us</strong></span> <span class='ocrx_word' id='word_1_728' title='bbox 1488 2684 1670 2730; x_wconf 49' lang='lat' dir='ltr'><strong>profitderiiirt;</strong></span> 
     </span>
    </p>
   </div>
   <div class='ocr_carea' id='block_1_94' title="bbox 767 2766 1110 2811">
    <p class='ocr_par' dir='ltr' id='par_1_94' title="bbox 767 2766 1110 2811">
     <span class='ocr_line' id='line_1_94' title="bbox 767 2766 1110 2811; baseline 0 -16"><span class='ocrx_word' id='word_1_729' title='bbox 767 2766 884 2811; x_wconf 66' lang='grc' dir='ltr'><strong>ΫᾼΠΙᾸΞ.</strong></span> <span class='ocrx_word' id='word_1_730' title='bbox 906 2766 1110 2796; x_wconf 85' lang='lat' dir='ltr'><strong>LECTIONES.</strong></span> 
     </span>
    </p>
   </div>
   <div class='ocr_carea' id='block_1_95' title="bbox 137 2842 800 2877">
    <p class='ocr_par' dir='ltr' id='par_1_95' title="bbox 137 2842 800 2877">
     <span class='ocr_line' id='line_1_95' title="bbox 137 2842 800 2877; baseline 0.005 -6"><span class='ocrx_word' id='word_1_731' title='bbox 137 2845 158 2861; x_wconf 84' lang='grc'><strong>¹⁰</strong></span> <span class='ocrx_word' id='word_1_732' title='bbox 171 2844 357 2877; x_wconf 80' lang='grc' dir='ltr'>ἀνασώζουσα.</span> <span class='ocrx_word' id='word_1_733' title='bbox 373 2844 401 2872; x_wconf 82' lang='grc'><strong>5.</strong></span> <span class='ocrx_word' id='word_1_734' title='bbox 435 2845 455 2861; x_wconf 86' lang='grc'><strong>¹¹</strong></span> <span class='ocrx_word' id='word_1_735' title='bbox 471 2842 525 2872; x_wconf 73' lang='grc' dir='ltr'>οἷον</span> <span class='ocrx_word' id='word_1_736' title='bbox 539 2853 590 2873; x_wconf 87' lang='lat' dir='ltr'><strong>non</strong></span> <span class='ocrx_word' id='word_1_737' title='bbox 605 2846 707 2873; x_wconf 86' lang='lat' dir='ltr'><strong>habent</strong></span> <span class='ocrx_word' id='word_1_738' title='bbox 722 2846 742 2874; x_wconf 92' lang='lat' dir='ltr'><strong>D</strong></span> <span class='ocrx_word' id='word_1_739' title='bbox 771 2846 800 2877; x_wconf 47' lang='grc' dir='ltr'>ὃν</span> 
     </span>
    </p>
   </div>
   <div class='ocr_carea' id='block_1_96' title="bbox 106 2881 662 2914">
    <p class='ocr_par' dir='ltr' id='par_1_96' title="bbox 106 2881 662 2914">
     <span class='ocr_line' id='line_1_96' title="bbox 106 2881 662 2914; baseline 0.002 -7"><span class='ocrx_word' id='word_1_740' title='bbox 106 2887 180 2914; x_wconf 70' lang='grc' dir='ltr'>πων,</span> <span class='ocrx_word' id='word_1_741' title='bbox 199 2882 229 2909; x_wconf 84' lang='lat' dir='ltr'><strong>s.</strong></span> <span class='ocrx_word' id='word_1_742' title='bbox 268 2881 289 2897; x_wconf 80' lang='lat'>”</span> <span class='ocrx_word' id='word_1_743' title='bbox 306 2881 439 2913; x_wconf 81' lang='grc' dir='ltr'>θεοειδῶς,</span> <span class='ocrx_word' id='word_1_744' title='bbox 457 2882 487 2910; x_wconf 87' lang='grc' dir='ltr'><strong>υ.</strong></span> <span class='ocrx_word' id='word_1_745' title='bbox 509 2881 531 2897; x_wconf 84' lang='grc'><strong>¹¹</strong></span> <span class='ocrx_word' id='word_1_746' title='bbox 544 2881 662 2914; x_wconf 71' lang='grc' dir='ltr'>ὶκείνας.</span> 
     </span>
    </p>
   </div>
   <div class='ocr_carea' id='block_1_97' title="bbox 847 2846 1457 2881">
    <p class='ocr_par' dir='ltr' id='par_1_97' title="bbox 847 2846 1457 2881">
     <span class='ocr_line' id='line_1_97' title="bbox 847 2846 1457 2881; baseline 0.01 -9"><span class='ocrx_word' id='word_1_747' title='bbox 847 2847 867 2862; x_wconf 85' lang='grc'><strong>¹²</strong></span> <span class='ocrx_word' id='word_1_748' title='bbox 881 2846 1044 2881; x_wconf 70' lang='grc' dir='ltr'>ὑπερτάτας,</span> <span class='ocrx_word' id='word_1_749' title='bbox 1061 2848 1089 2875; x_wconf 91' lang='lat' dir='ltr'><strong>D.</strong></span> <span class='ocrx_word' id='word_1_750' title='bbox 1104 2847 1134 2876; x_wconf 85' lang='lat' dir='ltr'><strong>P.</strong></span> <span class='ocrx_word' id='word_1_751' title='bbox 1176 2849 1197 2864; x_wconf 83' lang='lat'>&quot;</span> <span class='ocrx_word' id='word_1_752' title='bbox 1211 2847 1361 2876; x_wconf 72' lang='grc' dir='ltr'>Θεοπτικῶν</span> <span class='ocrx_word' id='word_1_753' title='bbox 1378 2848 1409 2877; x_wconf 79' lang='grc' dir='ltr'><strong>Ρ.</strong></span> <span class='ocrx_word' id='word_1_754' title='bbox 1428 2850 1457 2878; x_wconf 86' lang='lat' dir='ltr'><strong>S.</strong></span> 
     </span>
    </p>
   </div>
   <div class='ocr_carea' id='block_1_98' title="bbox 1508 2849 1715 2878">
    <p class='ocr_par' dir='ltr' id='par_1_98' title="bbox 1508 2849 1715 2878">
     <span class='ocr_line' id='line_1_98' title="bbox 1508 2849 1715 2878; baseline 0.005 -1"><span class='ocrx_word' id='word_1_755' title='bbox 1508 2849 1529 2866; x_wconf 80' lang='lat'>“</span> <span class='ocrx_word' id='word_1_756' title='bbox 1547 2851 1593 2877; x_wconf 73' lang='grc' dir='ltr'><strong>καὶ</strong></span> <span class='ocrx_word' id='word_1_757' title='bbox 1616 2850 1715 2878; x_wconf 74' lang='grc' dir='ltr'>τελςιὼ</span> 
     </span>
    </p>
   </div>
  </div>
