1929 3068
138 156 186 183 541
422 155 466 182 DE
485 154 625 184 ECCLES.
645 153 847 186 HIERARCH”
863 153 942 181 CAP.
961 153 1007 181 VI.
1024 168 1058 174 -—
1075 152 1249 180 PARAPHR.
1267 151 1499 179 PACHYMERIE-

1715 151 1766 179 56!

138 214 228 250 μένων
247 213 332 246 ὲστὶν,
346 213 629 249 ἀνακεφαλαιούμενος
640 213 689 245 τὰς
709 222 763 240 των
782 212 919 239 τελούντω¹

982 211 1028 245 qui
1044 214 1253 241 consecrantur,
1277 213 1334 236 tres
1353 209 1412 236 illo:
1429 216 1525 237 sacros
1538 208 1651 237 ordines
1668 216 1766 237 recen-

135 262 211 297 τρεῑς
231 260 332 294 τάξεις,
345 260 399 287 τῶν
418 259 561 296 ἰεραρχῶν,
580 259 635 286 τῶν
655 259 858 295 πρεσϐυτέρων,
871 258 925 285 τῶν

136 306 268 332 διακόνων
278 326 285 338 ,
299 303 336 333 ὧν
360 305 461 341 ἑκάστῃ
475 305 700 341 ἀποκεκλήρωται
713 306 729 341 ή
750 306 926 340 προσήκουσα

135 351 250 387 δύναμις
263 352 309 378 καὶ
323 352 456 387 ἐνέργεια,
469 353 485 387 ή
499 351 661 388 καθαρτικὴ,
675 352 756 387 φημὶ,
771 353 787 387 ἡ
801 360 927 386 φωτιστμ-

136 399 184 434 κὴ,
199 399 272 434 καὶὴ
292 398 464 434 τελειωτική·
480 399 504 425 εἰ
525 398 561 434 μὴ
574 397 629 434 γὰρ
648 398 797 434 δυνηθεῖεν,
820 399 870 425 οὐκ
893 399 926 425 ἀν

136 444 304 480 ὲνεργήσειε.
318 444 398 479 Λέγει
411 446 458 472 καὶ
477 445 541 480 περὶ
552 445 606 471 τῶν
624 445 793 481 τελουμένων
811 445 925 477 τάξεων,

136 490 237 523 αἵτινές
248 492 299 517 είσι
311 491 515 527 καθαιρόμεναι,
528 491 718 527 φωτιζόμεναι,
729 491 923 527 τελειούμεναι·

136 536 282 572 τοιγαροῦν
302 538 371 564 εἰσιν
390 537 483 565 αἰτῶν
506 538 716 573 κατηχουμένων
735 537 848 564 καὶτῶν
867 537 926 562 ένο-

136 582 291 618 χλουμένων
303 584 349 610 καὶ
360 582 399 610 ἔτι
409 583 464 610 τῶν
477 582 618 618 ὲμπαθῶν,
632 584 679 609 καὶ
690 582 744 609 τῶν
757 583 786 608 ὲν
798 581 926 617 μετανοίᾳ

135 628 267 664 πληθύες,
277 628 334 655 ἔστι
348 629 397 664 μὲν
407 631 494 655 εἰπεῖν
506 630 552 656 καὶ
563 630 622 655 κατ’
634 629 750 665 ἀριθμὸν
760 628 814 655 τῶν
828 628 928 655 ἁπλου-

136 673 252 708 στέρων,
266 674 361 710 ἐπειδὴ
375 675 421 701 ἐπὶ
435 674 515 701 πλέον
526 675 556 701 τὸ
567 674 662 706 κακὸν,
675 675 719 700 ἐπ’
732 673 842 701 ἔλαττον
856 674 884 700 δὲ
896 673 927 700 τὸ

134 717 238 752 ἀγαθόν
262 719 329 745 ἐστι.
357 720 435 745 Ἔστι
457 719 485 745 δὲ
505 720 555 746 καὶ
579 719 742 754 κρειττόνως
765 720 862 750 εἰπεῖν,
885 718 927 745 ὄτι

135 762 230 798 ἐπειδὴ
243 763 306 794 τοὺς
319 763 358 798 τῷ
378 763 437 799 Θεῷ
458 763 689 799 προσεγγίζοντας
708 764 747 796 ὡς
766 763 926 799 ὲνουμένους

133 805 174 841 τῷ
187 807 227 833 ἐνὶ
238 807 363 839 ένοειδείς
377 816 469 843 φησιν,
483 808 594 840 εἰκότως
606 809 630 834 οἱ
641 807 687 834 τοῦ
702 808 760 840 ἐνὸς
775 808 927 844 ἀφιστάμε-

133 861 186 884 νοι,
199 853 318 888 πληθύες
330 853 436 888 ῥηθείεν
449 853 482 881 ἀν
493 862 500 869 ·
515 855 562 880 καὶ
573 855 627 889 ὅσῳ
641 853 824 890 πορρώτερον,
832 854 927 881 τοσοῦ-

977 261 1028 285 set.
1038 256 1142 283 scilicet
1149 255 1521 290 epismporum,sacerdotum
1534 260 1562 282 et
1576 255 1765 289 diaconorum,

976 309 1091 335 quorum
1103 300 1213 328 cuilibet
1226 300 1314 327 virtus
1323 300 1488 327 conveniens
1497 306 1522 328 et
1534 301 1658 336 operatio
1668 305 1712 328 est
1724 305 1765 327 at-

979 348 1079 374 tributa
1093 368 1100 380 ,
1131 346 1269 382 expiandi,
1295 346 1416 380 inquam.
1442 347 1609 374 illuminandi
1627 352 1656 374 et
1673 347 1764 382 .pcrli-

976 392 1082 424 ciendi;
1099 391 1150 419 nisi
1163 392 1237 419 enim
1253 391 1353 418 virtute
1368 396 1540 426 praestarent,
1557 392 1593 419 nil
1609 391 1762 420 etiicerent.

976 437 1039 472 Agit
1055 438 1137 465 etiam
1154 437 1188 465 de
1203 437 1348 465 ordinibus
1364 437 1410 472 qui
1426 443 1634 470 consecrantur.
1657 443 1686 465 ut
1701 442 1764 466 sunt

977 484 1033 516 isti,
1049 483 1097 518 qui
1117 484 1276 518 expiantur,
1292 483 1494 516 illuminat-tur,
1510 483 1709 518 perficiuntur;
1723 485 1763 511 si-

977 531 1085 566 quidem
1095 530 1249 558 suntetiam
1259 531 1530 562 catecliumenorum,
1541 534 1568 558 et
1577 531 1763 563 obsessorum,

977 582 1004 605 et
1019 577 1209 612 impotentium
1225 581 1253 604 et
1265 576 1458 612 ptenilentium
1471 578 1570 610 turbat,
1582 577 1622 605 sic
1633 577 1705 605 enim
1718 585 1765 606 eas

979 622 1060 650 liceat
1076 622 1213 657 appellare
1227 627 1352 656 respectu
1370 622 1476 650 numeri
1493 623 1679 656 innoxiorum,
1694 631 1763 658 ψιθ-

977 670 1050 696 niam
1063 669 1162 696 malum
1180 674 1222 696 est
1237 668 1420 703 frequentiam,
1437 674 1465 696 et
1479 669 1580 696 bonum
1595 670 1694 697 rarius.
1713 669 1763 698 Vel

977 716 1068 750 potius
1081 716 1237 748 dicendum,
1258 716 1330 750 quod
1349 723 1410 742 cum
1435 716 1468 742 ad
1487 717 1569 744 Deum
1588 719 1763 750 accedentes,

977 767 1107 797 tanquam
1126 762 1165 789 illi
1182 761 1229 788 uni
1246 761 1421 795 coniunctos,
1438 762 1522 789 etiam
1539 762 1692 791 uniformes
1715 771 1764 790 vo-

977 813 1032 841 cet,
1048 807 1148 836 merito
1163 808 1210 843 qui
1224 808 1259 836 ab
1272 815 1327 835 uno
1344 808 1390 835 illo
1408 808 1514 835 distant
1529 810 1616 837 turba:
1630 817 1678 837 seu
1694 811 1764 837 mul-

979 854 1107 882 titudines
1128 854 1311 889 appellentur,
1335 854 1418 890 256
1432 859 1589 889 quantoque
1611 857 1697 891 magis
1719 857 1762 884 di-

133 897 181 924 τὸν
190 906 222 932 γε
235 897 469 933 πληθυνθήσονται
479 907 485 913 ·
501 900 525 925 εί
538 900 585 926 καὶ
599 899 636 935 μὴ
651 900 712 925 κατ’
726 899 842 935 ἀριθμόν
854 900 919 926 εἰσιν

973 905 1059 932 stant.
1079 904 1155 928 tanto
1179 900 1267 935 magis
1282 901 1516 936 multiplicemur;
1532 901 1598 930 licet
1610 903 1761 930 secundum

133 944 320 980 ἐκτεταμένοι,
336 944 393 972 ἀλλ’
405 945 489 980 ὀλίγοι
500 945 573 977 τινὲς
585 947 632 972 καὶ
645 945 832 981 εὐαρίθμητοι.
847 946 922 972 Διαι-

135 990 191 1026 ρῶν
202 988 249 1017 οὖν
259 991 309 1023 τὰς
321 991 375 1018 τῶν
388 992 594 1028 καθαιρομένων
609 991 710 1025 τάξεις,
719 992 782 1024 τοὺς
796 992 845 1028 μὲν
857 1000 923 1019 κατ-

132 1037 299 1072 ηχουμένους
321 1037 394 1072 λέγει
415 1039 575 1074 μαιεύεσθαι
597 1038 674 1074 παρὰ
701 1037 756 1065 τῶν
781 1038 921 1070 διακόνων,

132 1083 180 1109 καὶ
198 1083 365 1118 μορφώσθαι
385 1085 425 1116 είς
445 1084 564 1120 ζωτικὴν
585 1084 633 1120 τὴν
653 1083 697 1110 διὰ
713 1084 764 1119 τῆς
784 1083 923 1119 κολυμϐή-

133 1127 200 1163 θρας
217 1128 343 1162 ἁπότεξιν
356 1138 362 1144 ·
384 1130 446 1162 τοὺς
466 1130 495 1156 δὲ
513 1130 648 1165 ἐμπαθεῖς
667 1129 860 1156 ἀνακαλεῖσθαι
879 1129 923 1155 διὰ

130 1173 183 1208 τῆς
195 1174 249 1200 τῶν
261 1173 359 1208 λογίων
372 1175 551 1209 ἀναγνώσεως
562 1184 569 1191 ⁶
588 1176 652 1207 τοὺς
664 1175 692 1202 δὲ
715 1175 922 1211 ἐνοχλουμένους

131 1219 209 1255 παρὰ
220 1219 274 1246 τῶν
291 1220 418 1247 ἐναντίων
431 1221 522 1255 φόϐων
535 1221 768 1257 ὲπιῤῥωννύεσθαι
779 1230 785 1238 ·
806 1221 869 1252 τοὺς
892 1221 922 1247 ὲν

133 1265 263 1301 μετανοίᾳ
276 1267 308 1292 ὲκ
318 1266 374 1293 τῶν
387 1267 514 1303 χειρόνων
535 1267 711 1303 μετάγεσθαι,
733 1268 781 1294 καὶ
800 1267 863 1298 τοὺς
884 1266 921 1302 μὴ

131 1315 273 1347 παντελῶς
283 1315 470 1351 καθαρθέντας
482 1317 630 1352 λαμϐάνειν
642 1317 673 1344 τὸ
685 1317 752 1353 πρὸς
765 1317 801 1344 τὰ
814 1317 922 1352 χείρονα

130 1359 338 1395 ἀνεπίστροφον.
366 1360 604 1388 Ὑποδιασταλτέον
616 1361 644 1388 δὲ
662 1362 703 1393 είς
714 1361 754 1394 τὸ,
775 1361 859 1388 οὔπω
875 1359 920 1393 δέ,

131 1405 180 1430 καὶ
206 1404 305 1437 ἔξωθεν
327 1405 476 1441 ἐκληπτέον
502 1406 551 1440 τὸ,
581 1406 688 1440 τελέως
701 1407 919 1442 καθαρθείσης·

130 1449 203 1475 οὕτω
213 1449 268 1484 γὰρ
278 1449 308 1475 τὸ
318 1450 368 1484 τῆς
379 1450 482 1482 ἐννοίας
495 1450 657 1486 σωθήσεται.

160 1498 175 1534 §
196 1499 228 1525 Π.
248 1499 340 1526 Εἰπὼν
368 1500 396 1526 δὲ
417 1500 481 1535 περὶ
499 1500 554 1527 τῶν
573 1500 780 1537 καθαιρομένων
806 1500 920 1535 τάξεων,

130 1544 164 1576 ἃς
179 1545 254 1580 παρὰ
266 1546 319 1572 τῶν
330 1546 460 1573 διακόνων
479 1545 539 1573 εἷπε
553 1547 722 1582 μαιεύεσθαι,
735 1548 781 1574 καὶ
794 1548 834 1580 εἰς
855 1548 921 1574 ὑπο-

129 1591 211 1627 δοχὴν
223 1591 271 1618 τοῦ
285 1593 372 1627 φωτὸς
385 1593 604 1629 εὐτρεπίζεσθαι,
617 1594 667 1629 ἤδη
680 1593 859 1630 διαλαμϐάνει
872 1595 920 1621 καὶ

130 1638 196 1674 περὶ
216 1638 265 1674 τῆς
288 1639 343 1666 τῶν
365 1639 556 1676 φωτιζομένων
577 1640 690 1673 τάξεως,
709 1641 743 1676 ἢν
765 1641 812 1667 καὶ
834 1640 920 1676 μέσην

130 1684 207 1719 φησὶ,
219 1684 268 1720 τῆς
281 1693 310 1711 τε
323 1685 423 1722 δηλαδὴ
434 1686 594 1722 καθάρσεως
608 1687 656 1713 καὶ
671 1686 722 1720 τῆς
733 1685 898 1718 τελειώσεως
911 1695 917 1702 ·

130 1730 178 1755 atat
190 1729 358 1766 θεωρητικὴν
370 1730 453 1765 λέγει,
467 1732 505 1764 ὡς
527 1732 682 1768 ἠξιωμένην
696 1732 747 1767 τῆς
766 1731 841 1764 θείας
853 1731 920 1758 θεω-

132 1774 192 1810 ρίας
202 1777 249 1802 καὶ
260 1776 374 1811 έποψίας
386 1786 392 1792 ·
408 1778 482 1812 λέγει
494 1777 522 1804 δὲ
541 1779 605 1810 τοὺς
617 1779 646 1804 ὲν
657 1777 695 1813 τῷ
707 1777 773 1813 ἱερῷ
790 1777 848 1813 λαῷ
859 1777 916 1804 όλο-

130 1821 246 1857 κλήρους
267 1823 314 1849 καὶ
333 1823 559 1859 ἀνεπιτιμήτους·
582 1822 654 1851 οὗτοι
675 1824 740 1860 γὰρ,
762 1824 919 1860 ἀποκαθαρ-

130 1866 232 1900 θέντες,
245 1870 301 1901 τοῖς
314 1869 476 1904 φωτίζουσιν
489 1871 696 1906 ὲγχειρίζονται.
711 1871 766 1897 Καὶ
784 1871 839 1906 γάρ
859 1871 918 1896 ἐστι

129 1912 219 1947 δῆλον,
231 1913 268 1945 ὡς
280 1915 296 1949 ὴ
311 1914 478 1950 καθαρθεῖσα
489 1915 564 1947 τάξις
578 1916 667 1951 πάσης
680 1916 796 1952 κηλῖδος,
810 1917 858 1944 καὶ
869 1917 917 1952 τὴν

129 1957 176 1984 τοῦ
191 1959 250 1991 νοὸς
263 1960 368 1995 κίνησιν
382 1960 436 1988 ἀπὸ
447 1961 547 1993 παντὸς
560 1961 662 1993 πάθους
674 1962 859 1997 διαφυλάξασα
872 1963 918 1989 ἐπὶ

128 2004 179 2039 τὴν
204 2003 375 2040 Θεωρητικὴν
399 2005 454 2039 ἕξιν
478 2006 607 2041 ἀνάγεται
621 2027 628 2040 ,
651 2008 699 2034 καὶ
719 2009 842 2035 κοινωνεῖ
862 2009 918 2040 τοῖς

130 2048 273 2083 συμϐόλοις
286 2050 314 2076 ὲν
328 2050 430 2086 θεωρίᾳ
442 2051 488 2078 καὶ
503 2054 603 2088 μετοχῇ
618 2053 707 2080 αὐτῶν
719 2053 859 2089 γινομένη,
872 2054 918 2081 καὶ

129 2093 162 2120 δι’
181 2094 327 2130 ἀναγωγῆς
345 2095 543 2132 ἀναπτεροῠται
562 2097 623 2124 καθ’
643 2098 704 2125 ὅσον
722 2098 761 2125 ἔνι
785 2099 852 2134 πρὸς
872 2099 917 2126 τὸν

129 2139 199 2166 θεῖον
211 2140 300 2167 αὐτῶν
319 2140 416 2176 ἔρωτα.
432 2142 506 2178 Ὂσῳ
518 2143 572 2179 γὰρ
582 2143 617 2170 τὰ
635 2144 757 2180 σύμϐολα
775 2145 916 2171 ἀναπτύσ-

129 2193 231 2218 σονται,
245 2187 291 2213 καὶ
304 2187 334 2213 τὸ
345 2187 503 2223 ἀπόκρυφον
515 2188 667 2224 θεωρεῖται,
682 2189 800 2224 τοσούτῳ
812 2190 891 2216 ποθεῖ
902 2190 916 2216 ό

130 2233 250 2268 μετέχων
262 2233 331 2260 κατά.
342 2242 402 2260 τινα
413 2234 483 2261 θεῖον
495 2236 541 2261 καὶ
552 2235 706 2271 ἀπόρρητον
715 2240 811 2272 ερωτα.
823 2237 915 2264 Εἰπὼν

128 2279 192 2314 περί
203 2287 233 2305 τε
244 2278 298 2305 τῶν
310 2278 526 2315 καθαιρομένων,
539 2281 603 2316 περί
615 2289 645 2307 τε
657 2281 711 2308 τῶν
723 2281 915 2318 φωτιζομένων

127 2326 240 2359 τάξεων,
249 2326 342 2361 ἐπειδὴ
353 2327 424 2353 κατὰ
434 2327 544 2359 τούτους
556 2328 572 2362 ἡ
584 2327 639 2354 τῶν
651 2327 820 2363 τελουμένων
832 2329 913 2356 ἐστίν.

127 2372 188 2398 Εἰσὶ
207 2372 236 2398 δὲ
256 2371 326 2408 μετὰ
347 2372 460 2405 πολλοὺς
487 2374 603 2409 τρόπους
628 2374 652 2399 oi.
673 2375 848 2410 τελούμενοι·
869 2375 917 2402 καὶ

127 2417 182 2452 γὰρ
200 2418 246 2444 καὶ.
264 2419 288 2444 oi
308 2417 347 2453 τῷ
367 2418 533 2454 βαπτίσματι
553 2419 744 2455 τελειούμενοι,
758 2421 805 2446 καὶ
818 2421 842 2447 οἱ
861 2420 916 2447 τῶν

128 2461 206 2488 θείων
220 2463 375 2498 μυστηρίων
390 2464 557 2499 μετέχοντες,
570 2465 615 2491 καὶ
627 2466 651 2491 οἱ
671 2465 820 2501 ἱερωσύνην
834 2475 914 2502 περι-

127 2507 270 2543 τιθέμενοι,
284 2510 331 2536 καὶ
342 2511 366 2535 οἱ
386 2510 535 2545 μοναχικῆς
547 2510 701 2546 ἀξιούμενοι
713 2512 914 2545 καταστάσεως,

127 2555 245 2587 ἅπαντες
261 2555 314 2582 ὑπὸ
323 2555 372 2591 τὴν
383 2555 458 2588 τάξιν
471 2556 526 2583 τῶν
538 2557 708 2592 τελουμένων
719 2558 798 2584 εἰσιν.

163 2654 177 2690 §
198 2655 243 2681 III.
258 2655 327 2690 Περὶ
345 2655 399 2682 τῶν
410 2655 498 2683 ἄλλων
510 2656 706 2692 πρώιαλαόὼν,
721 2657 768 2684 νῦν
779 2658 843 2694 περὶ
863 2658 914 2693 τῆς

128 2700 277 2736 μοναχικῆς
289 2700 398 2733 διέξεισι
409 2701 620 2738 τελεσιουργίας,
634 2703 668 2738 ἣν
680 2703 727 2729 καὶ
745 2703 913 2739 ὑψηλοτέραν

127 2744 220 2779 φησὶν,
233 2745 262 2770 οὐ
277 2746 346 2781 πρὸς
358 2746 407 2782 τὴν
419 2746 472 2773 τῶν
483 2747 610 2774 τοιούτων
622 2748 738 2775 τελετῶν
750 2749 804 2775 τῶν
825 2749 912 2784 μόνως

126 2789 318 2824 τελειουμένων
343 2791 502 2827 σύγκρισιν·
530 2792 581 2819 ποῦ
604 2792 657 2828 γὰρ
679 2794 695 2829 ἡ
726 2794 913 2830 βαπτίσματος

127 2835 250 2870 δύναμις,
262 2836 314 2863 ποῦ
327 2837 354 2864 δὲ
367 2839 383 2873 ή
397 2838 447 2873 τῆς
460 2839 608 2875 ἱερωσύνης
627 2841 812 2877 ὑπερκειμένη
826 2843 911 2870 κατά-

128 2889 230 2915 στασις,
241 2882 310 2910 ὥστε
323 2883 454 2920 κληθῆναι
466 2884 566 2921 ταύτην
578 2886 744 2922 ὑψηλοτέραν
754 2896 761 2921 ;
773 2888 810 2915 Οὐ
822 2889 910 2917 τοίνυν

974 953 1115 974 numerum
1132 953 1185 973 non
1201 946 1397 980 extendantur,
1414 948 1462 975 sed
1480 948 1560 983 pauci
1583 949 1639 975 sint
1662 953 1690 976 et
1707 956 1761 976 nu-

973 996 1079 1019 meralu
1094 991 1198 1019 faciles.
1213 991 1313 1019 Eorum
1327 992 1419 1027 itaque
1430 993 1477 1028 qui
1492 993 1638 1028 expiantur
1648 993 1763 1021 ordines

973 1038 1162 1073 distinguens,
1187 1038 1398 1066 catechumenos
1423 1039 1534 1073 quidem
1560 1039 1600 1066 ait
1629 1039 1716 1066 foveri
1745 1048 1759 1066 a

975 1084 1111 1117 diaconis,
1126 1090 1152 1111 et
1167 1084 1200 1110 ad
1215 1083 1325 1111 vitalem
1342 1089 1450 1119 partum
1463 1092 1513 1119 per
1527 1085 1666 1112 lavacrum
1678 1085 1759 1113 επον-

973 1130 1058 1163 mari;
1084 1129 1256 1164 passionibus
1273 1137 1337 1157 vero
1359 1130 1493 1158 obnoxios
1517 1131 1640 1158 revocari
1657 1132 1696 1158 ait
1711 1140 1761 1166 per

971 1175 1144 1203 oraculorum
1172 1176 1338 1209 lectionem;
1367 1184 1415 1204 eos
1443 1184 1508 1204 vero
1536 1177 1582 1211 qui
1610 1179 1758 1206 contrariis

972 1220 1118 1255 pavoribus
1131 1226 1275 1253 vexantur,
1289 1221 1449 1248 confirmari
1463 1229 1471 1254 ;
1489 1223 1651 1256 ptenitentes
1666 1229 1681 1249 ο
1694 1231 1754 1250 ma-

973 1265 1005 1293 lis
1018 1266 1122 1299 reduci,
1145 1271 1172 1294 et
1187 1268 1234 1301 qui
1247 1275 1300 1294 non
1316 1268 1429 1296 omnino
1447 1269 1506 1302 puri
1523 1274 1588 1296 sunt
1608 1269 1660 1296 hoc
1682 1270 1758 1296 acci-

973 1318 1049 1346 pere,
1063 1319 1097 1339 ne
1109 1312 1136 1339 in
1149 1312 1286 1339 deteriora
1299 1312 1467 1340 relabantur.
1476 1313 1758 1348 Subdistinguendum

971 1365 1037 1385 vero
1055 1358 1120 1385 illud
1144 1358 1227 1386 οὔπω
1240 1358 1284 1392 δέ,
1304 1359 1349 1386 sed
1366 1360 1493 1392 nondum,
1509 1364 1537 1386 et
1550 1360 1757 1395 subintelligen-

971 1405 1047 1437 dum.
1064 1404 1177 1440 perfecte
1189 1405 1306 1440 erpiati;
1320 1406 1360 1434 sic
1380 1405 1453 1433 enim
1470 1413 1566 1435 sensus
1586 1407 1673 1442 magis
1689 1408 1759 1435 intc‘

971 1458 1019 1486 ger
1029 1452 1093 1479 erit.

1009 1498 1023 1535 §
1045 1498 1076 1525 ΙΙ.
1096 1498 1218 1526 Locutus
1236 1506 1302 1527 vero
1323 1499 1357 1526 de
1369 1499 1512 1527 ordinibus
1528 1499 1575 1535 qui
1597 1500 1757 1535 expiantur,

971 1552 1040 1580 quos
1055 1553 1069 1573 a
1088 1546 1211 1573 diaconis
1227 1544 1312 1572 foveri
1325 1544 1404 1577 dixit,
1420 1550 1448 1572 et
1462 1545 1496 1572 ad
1512 1545 1622 1573 luminis
1659 1554 1754 1574 susce-

972 1592 1260 1627 ptionempraeparari,
1285 1593 1366 1619 modo
1386 1593 1444 1627 agit
1467 1592 1501 1619 de
1525 1591 1624 1619 ordine
1649 1592 1757 1619 illorum

970 1639 1017 1672 qui
1032 1637 1229 1670 illuminantur,
1242 1645 1323 1672 quem
1332 1642 1360 1664 et
1373 1638 1491 1665 medium
1507 1638 1637 1673 appellat,
1653 1639 1758 1665 scilicet

970 1685 1042 1711 inter
1053 1684 1239 1718 expiationem
1257 1687 1285 1710 et
1300 1682 1509 1717 perfectionem,
1521 1688 1549 1710 et
1560 1683 1757 1718 speculativum

970 1734 1060 1762 vocat,
1082 1734 1211 1764 tanquam
1227 1729 1319 1756 divina
1342 1729 1578 1764 contemplatione
1596 1734 1624 1757 et
1645 1736 1757 1764 aspectu

970 1774 1083 1808 dignum
1097 1774 1220 1802 habitum
1233 1782 1242 1807 ;
1259 1773 1390 1809 intelligit
1405 1779 1497 1800 autem
1512 1780 1559 1801 eos
1573 1773 1621 1808 qui
1635 1773 1663 1800 in
1678 1780 1758 1800 sacro

969 1821 1072 1857 populo
1094 1821 1193 1855 integri
1215 1824 1243 1848 et
1266 1820 1524 1855 irreprehensibiles
1544 1821 1702 1847 exsistunt:
1730 1821 1756 1846 Ini

971 1868 1043 1895 enim
1067 1867 1169 1901 expiati
1184 1865 1318 1893 accedunt
1333 1866 1367 1893 ad
1387 1873 1419 1893 ea
1443 1873 1504 1900 quae
1527 1866 1693 1894 illuminant.
1710 1865 1744 1892 Et

968 1914 1040 1941 enim
1067 1912 1240 1940 manifestum
1263 1917 1323 1945 est,
1350 1912 1475 1939 ordinent
1502 1911 1578 1939 illum
1605 1912 1679 1939 omni
1697 1911 1756 1946 jam

969 1960 1076 1987 macula
1092 1959 1241 1994 expiatum,
1262 1963 1289 1985 et
1310 1959 1410 1986 mentis
1427 1962 1531 1986 motum
1546 1958 1581 1985 ab
1603 1958 1676 1985 omni
1693 1966 1756 1993 per-

968 2005 1127 2033 turbatione
1149 2005 1337 2036 cohibentem,
1360 2004 1394 2030 ad
1412 2003 1653 2038 contemplativum
1677 2003 1756 2030 habi-

969 2057 1026 2079 tum
1042 2051 1152 2085 adduci,
1168 2056 1249 2085 atque
1261 2051 1383 2085 ipsismet
1398 2050 1538 2085 symbolis,
1554 2056 1616 2076 cum
1632 2054 1756 2076 content-

968 2098 1066 2134 plaudo
1080 2103 1135 2124 tum
1149 2096 1340 2132 participando
1355 2096 1569 2129 communicare,
1580 2100 1608 2123 et
1623 2103 1672 2130 per
1684 2103 1753 2122 ana-

967 2149 1051 2177 gogen
1074 2142 1107 2169 ad
1128 2141 1248 2168 divinum
1271 2141 1430 2168 eorumdem
1459 2148 1578 2168 amorem
1600 2141 1752 2168 subvolare.

967 2188 1103 2221 Quantum
1118 2187 1191 2214 enim
1207 2186 1329 2222 symbola
1341 2186 1526 2221 explicantur,
1541 2192 1569 2214 et
1584 2189 1654 2221 quod
1671 2195 1753 2215 arca-

968 2242 1032 2262 num
1049 2238 1090 2261 est
1107 2234 1238 2266 cernitttr,
1256 2234 1424 2260 tantumdem
1439 2233 1596 2261 earumdem
1612 2234 1749 2269 particeps

944 2300 946 2302 τ
968 2281 1064 2308 divino
1079 2281 1195 2315 quodam
1211 2284 1239 2307 et
1263 2286 1366 2306 arcano
1384 2286 1478 2306 amore
1501 2278 1608 2314 ﬂagrat.
1631 2280 1706 2307 Dixit
1720 2283 1754 2308 de

967 2326 1111 2354 ordinibus
1127 2326 1173 2360 qui
1188 2325 1332 2360 expiantur
1346 2330 1373 2352 et
1388 2326 1433 2360 qui
1450 2325 1648 2360 illuminantur,
1663 2333 1752 2361 quan-

967 2373 1110 2407 doquidem
1123 2378 1183 2407 post
1194 2373 1244 2400 hos
1255 2373 1291 2400 sit
1304 2373 1371 2400 ordo
1383 2380 1479 2400 eorum
1498 2372 1547 2407 qui
1563 2374 1751 2407 perficiuntur.

967 2418 1043 2445 Multi
1057 2423 1148 2445 autem
1170 2419 1243 2446 modi
1259 2424 1325 2446 sunt
1346 2419 1446 2453 quibus
1468 2420 1649 2454 perficiuntur
1665 2428 1673 2447 :
1689 2428 1751 2447 nam

966 2471 994 2493 et
1005 2466 1032 2493 in
1051 2467 1185 2501 baptismo
1203 2466 1285 2501 aliqui
1303 2467 1492 2501 perﬁciuntur,
1509 2472 1537 2494 et
1561 2467 1587 2493 in
1607 2474 1750 2496 sacrorum

967 2514 1162 2548 mysteriorum
1184 2514 1405 2548 participatione.
1426 2519 1452 2540 et
1468 2514 1498 2540 in
1516 2521 1658 2541 sacrorum
1678 2515 1751 2541 ordi-

966 2568 1028 2587 num
1045 2561 1231 2596 susceptione,
1246 2567 1274 2588 et
1293 2562 1320 2588 in
1336 2563 1490 2589 monastico
1515 2567 1600 2596 statu,
1622 2562 1668 2597 qui
1688 2569 1750 2591 sunt

965 2613 1060 2633 omnes
1073 2607 1123 2633 sub
1138 2607 1234 2634 ordine
1246 2607 1354 2634 illorum
1370 2608 1417 2642 qui
1436 2608 1631 2643 perﬁciuntur.

1002 2651 1017 2687 §
1035 2652 1079 2679 lli.
1106 2652 1174 2679 Cum
1197 2658 1289 2680 autem
1314 2653 1348 2680 de
1364 2654 1426 2681 aliis
1445 2659 1526 2682 antea
1549 2655 1647 2690 egerit,
1669 2656 1749 2682 modo

965 2703 1065 2726 tractat
1078 2698 1112 2726 de
1134 2699 1285 2726 monastica
1307 2701 1530 2731 consecratione,
1549 2708 1631 2735 quam
1654 2705 1682 2728 et
1700 2709 1747 2728 su-

965 2745 1118 2773 blimiorem
1133 2750 1221 2777 vocat,
1237 2753 1289 2772 non
1302 2746 1506 2780 comparatione
1529 2746 1637 2773 illorum
1655 2753 1748 2774 sacrr

964 2797 1117 2820 mentorum
1139 2800 1198 2827 quae
1229 2792 1285 2819 sola
1312 2793 1520 2820 consecratione
1546 2793 1746 2827 perficiuntur,

963 2839 1008 2866 ubi
1024 2839 1095 2865 enim
1115 2842 1189 2865 esset
1211 2838 1298 2866 virtus
1315 2839 1497 2873 baptismatis,
1522 2840 1566 2867 ubi
1599 2838 1746 2867 saccrdonii

962 2886 1087 2915 eminens
1106 2884 1151 2912 ille
1168 2888 1267 2919 status,
1291 2885 1364 2920 quod
1381 2886 1437 2914 haec
1456 2886 1599 2915 sublimior
1620 2884 1747 2914 dicatur!
