1929 3068
172 119 224 148 545

761 125 791 154 S.
811 124 960 154 DIONYSII
978 125 1209 155 AREOPAGITIE

1749 134 1807 162 51M

174 178 232 206 Non
255 177 347 214 itaque
363 181 569 215 comparatione
585 181 696 211 illorum
718 185 766 220 qui
784 185 843 212 sola
859 192 961 213 conse-

1021 185 1084 220 ιτρδς
1097 185 1240 222 σύγκρισιν
1259 186 1314 214 τῶν
1329 187 1416 224 μόνως
1433 187 1627 226 τελειουμένων
1649 191 1809 228 ὑψηλοτέρα

173 226 296 254 cratione
318 227 499 261 perﬁciuntur
517 229 660 257 sublimior
682 234 737 264 est,
763 231 813 259 sed
834 236 960 265 respectu

173 271 244 298 ritus
256 271 337 307 257
349 273 515 307 expiationis
535 278 563 301 et
575 281 701 309 respectu
715 276 784 304 ritus
800 277 964 304 illustratio-

173 316 232 349 nis,
258 317 382 358 haccest
402 319 558 349 sublimior.
583 321 725 355 Siquidem
749 323 808 351 haec
834 328 962 358 tanquam

173 363 305 397 medium,
322 364 429 392 scilicet
444 372 539 392 eorum
553 366 601 401 qui
624 366 823 401 illuminanlur,
837 369 962 396 ordinem

175 411 391 443 transcenderis,
410 416 468 439 tres
482 412 565 439 etiam
581 412 609 440 in
625 420 656 440 se
677 414 860 448 proprietates
875 415 965 442 conti-

173 459 231 488 net,
249 455 390 490 expiandi,
410 457 582 485 illuminandi
599 463 627 486 et
642 459 812 493 perﬁciendi,
831 461 902 487 sicut
921 465 963 488 est

175 502 301 536 superius
313 502 489 537 explicatum.
502 503 560 531 Non
573 505 633 532 dico
645 511 770 540 respectu
784 513 963 540 personarum

175 553 401 576 consecratarum
416 556 423 576 :
441 557 504 576 nam
519 550 567 585 qui
583 550 749 585 baptismate
764 551 864 578 initiati
888 555 964 584 sunt,

176 595 260 622 medii
283 601 348 622 sunt
361 596 478 629 ordinis,
495 601 524 625 et
542 605 607 632 pars
629 605 716 625 sacrae
738 597 845 633 plebis;
865 598 964 633 quibus

175 641 257 668 etiam
284 641 367 669 multa
393 643 608 677 permittuntur,
634 651 733 679 nempe
758 645 866 678 nuptias
889 644 963 672 cele-

176 686 269 719 brare,
295 687 426 721 militare,
443 687 524 722 hujus
543 689 607 717 vitae
629 689 737 725 negotia
758 693 889 717 tractare.
912 690 964 723 Qui

176 741 244 761 vero
266 734 419 762 sacerdotio
435 736 524 763 ornati
547 740 622 769 sunt,
645 743 695 764 nec
722 736 773 771 ipsi
799 744 908 772 quoque
930 737 965 764 ab

177 781 307 809 omnibus
319 781 458 809 abstinere
473 789 505 809 ac
521 789 631 810 cessare
652 782 754 810 debent
769 791 775 809 :
793 790 856 810 nam
870 790 965 810 sacer-

176 827 256 854 dotes
279 826 349 854 alios
369 827 527 862 perﬁciunt,
545 832 573 855 et
589 827 660 856 hanc
684 828 718 856 ob
742 836 854 856 causam
880 829 964 855 multa

1012 231 1093 267 αὕτη,
1107 231 1175 259 ἀλλὰ
1191 233 1260 269 πρός
1278 242 1308 260 τε
1321 233 1369 270 τὴν
1380 234 1431 270 τῆς
1444 235 1604 272 καθάρσεως
1615 237 1735 274 τελετὴν,
1757 241 1810 267 καὶ

1012 276 1081 312 πρὸς
1100 277 1150 313 τὴν
1169 278 1217 305 τοῦ
1240 279 1381 315 φωτισμοῦ
1403 280 1524 317 τελετὴν,
1547 282 1616 318 αὕτη
1638 283 1808 320 ὑψηλοτέρα.

1011 323 1086 358 Αὕτη
1099 324 1154 359 γὰρ
1168 324 1205 356 ὠς
1217 324 1422 362 ὐπερϐεὸηκυῖα
1433 327 1482 363 τὴν
1504 328 1590 364 μέσην
1602 329 1689 362 τάξιν,
1703 331 1809 367 δηλαδὴ

1011 370 1062 405 τὴν
1073 370 1128 397 τῶν
1142 371 1344 407 φωτιζομένων,
1365 373 1413 400 καὶ
1430 373 1480 406 τὰς
1493 374 1548 401 τῶν
1566 376 1649 411 τριῶν
1668 376 1810 413 ἰδιότητας

1014 416 1092 451 φέρει
1116 417 1145 444 ἐν
1166 417 1260 453 ἑαυτῇ,
1279 418 1328 453 τὴν
1350 418 1494 455 κάθαρσιν,
1515 421 1561 448 τὸν
1583 423 1733 458 φωτισμὸν,
1755 423 1810 459 τὴν

1012 463 1161 495 τελείωσιν,
1176 463 1267 496 καθὼς
1282 464 1430 501 κατωτέρω
1448 465 1583 499 διέξεισιν.
1604 468 1640 494 Οὐ
1662 468 1742 502 λέγω,
1764 470 1809 496 ὅτι

1014 509 1061 536 καὶ
1073 509 1141 545 πρὸς
1153 510 1203 545 τὴν
1221 509 1277 537 τῶν
1288 510 1456 546 τελουμένων
1470 512 1622 548 προσώπων
1636 514 1787 550 παράθεσιν
1798 524 1806 530 ·

1013 555 1080 582 οἵτε
1092 555 1146 590 γὰρ
1157 555 1313 590 τελούμενοι
1331 556 1370 591 τῷ
1389 556 1558 593 βαπτίσματι
1576 559 1625 594 τῆς
1645 559 1731 596 μέσης
1752 561 1810 587 εἰσὶ

1013 600 1127 632 τάξεως,
1147 600 1195 626 καὶ
1215 600 1264 635 τῆς
1279 601 1355 636 ἱερᾶς
1375 601 1494 635 λαώδους
1516 603 1624 640 μοίρας,
1645 602 1685 637 οἷς
1703 605 1735 640 δὴ
1759 606 1811 632 καλ⁵

1015 645 1100 673 πολλὰ
1111 647 1228 681 ἐφεῖται,
1241 645 1361 682 δηλονότι
1378 648 1409 674 τὸ
1422 649 1520 683 γάμοις
1542 650 1656 685 ὀμιλεῖν,
1670 650 1701 677 τὺ
1723 660 1810 688 στρα-

1014 691 1151 724 τεύεσθαι,
1164 691 1195 718 τὸ
1207 692 1400 728 πραγματείας
1419 693 1467 719 τοῦ
1480 693 1537 729 βίου
1559 695 1807 732 μεταχειρίζεσθαι.

1015 737 1049 765 οἵ
1058 746 1088 764 τε
1107 738 1140 773 τῇ
1159 737 1294 773 ἱερωσύνῃ
1313 738 1507 774 κοσμούμενοι,
1521 740 1575 767 οὐδ’
1596 741 1672 768 αὐτοὶ
1691 742 1811 777 πάμπαν

1015 784 1046 811 τδ
1057 785 1103 811 ὲπὶ
1114 785 1197 812 πᾶσιν
1209 784 1337 820 ἀκίνητον
1349 786 1502 820 ὀφείλουσιν
1518 786 1592 822 ἔχειν
1602 788 1649 815 καὶ
1660 789 1810 824 ἀνενέργη-

1016 839 1077 858 τον·
1090 831 1256 858 τιλειωτικοὶ
1274 831 1329 868 γάρ
1348 832 1403 859 τῶν
1416 833 1518 869 ἐτέρων
1536 835 1560 860 cl.
1581 835 1663 869 ἱερεῖς
1683 836 1746 867 εἰσι,
1762 836 1811 862 καὶ

178 877 273 908 agunt.
292 873 344 906 Qui
363 880 430 901 vero
444 876 626 902 monasticum
640 875 797 902 institutum
813 880 964 908 sectantur,

1021 877 1062 904 διὰ
1074 877 1154 905 τοῦτο
1167 878 1252 906 πολλὰ
1263 879 1470 916 ὲνεργήσουσιν.
1484 881 1515 907 Oi
1527 880 1556 907 δὲ
1574 880 1644 908 κατὰ
1658 882 1708 917 τὴν
1727 890 1811 917 μονα-

177 920 290 947 omnino
310 921 410 948 mortui
432 927 493 948 esse
517 921 626 953 debent,
646 922 833 957 cruciﬁgendo
850 930 965 950 carnem

179 973 241 993 cum
254 966 430 1001 passionibus
450 972 477 994 et
491 968 731 1003 concupiscentiis,
748 974 776 996 et
788 969 907 997 vivendo
922 978 968 998 so-

178 1013 234 1041 lum
250 1014 306 1042 Deo
322 1018 350 1042 et
368 1014 421 1042 sibi
438 1014 505 1050 ipsis
520 1024 527 1041 :
544 1015 603 1043 hac
617 1015 690 1043 enim
707 1020 751 1043 est
767 1016 860 1044 totalis
873 1017 967 1051 expia-

178 1060 218 1087 tio
241 1064 270 1087 et
292 1060 449 1088 omnimoda
476 1061 582 1095 puritas
610 1061 749 1089 actionum
781 1062 965 1097 propriarum.

178 1104 238 1133 Hoc
251 1106 347 1140 utique
363 1112 417 1133 non
439 1105 503 1133 dico
515 1125 524 1139 ,
541 1106 620 1140 quasi
636 1106 687 1133 viri
712 1107 800 1134 sancti
824 1115 923 1143 scopus
935 1115 968 1136 eo

179 1159 232 1178 non
250 1155 355 1185 spectet
368 1159 376 1183 ;
391 1151 438 1178 sed
455 1159 518 1179 cum
536 1153 611 1180 aliud
625 1153 661 1181 sit
673 1153 820 1186 τελεῖσθαι,
841 1162 891 1182 seu
915 1156 968 1183 ini-

180 1196 254 1224 tiari,
269 1200 297 1222 et
311 1195 384 1222 aliud
399 1195 578 1229 τελειοῦσθαι,
593 1205 639 1225 seu
653 1199 746 1234 perfici
760 1207 791 1227 ac
806 1202 968 1229 consecrari

180 1241 255 1275 (nam
279 1241 382 1268 initiari
406 1246 449 1269 est
473 1243 532 1270 sive
553 1249 603 1277 per
625 1243 811 1278 expiationem
834 1245 892 1273 sive
919 1253 967 1281 per

180 1287 418 1320 illuminationem.
443 1288 542 1323 perﬁci
560 1296 625 1317 vero
638 1295 680 1318 est
695 1297 743 1325 per
757 1291 842 1318 solam
858 1293 969 1328 proprie

181 1332 281 1360 dictam
301 1333 524 1370 perfectionem),
547 1335 658 1369 praefert
681 1338 832 1365 monachos
846 1338 901 1366 illis
922 1338 968 1373 qui

180 1379 346 1415 simpliciter
364 1380 464 1408 initiati
486 1385 560 1415 sunt,
575 1382 694 1416 expiatis
707 1383 813 1411 scilicet
827 1389 856 1412 et
868 1384 969 1411 illumi-

181 1426 271 1459 natis;
288 1426 417 1460 quoniam
438 1431 466 1454 et
481 1427 533 1462 ipsi
552 1428 651 1455 initiati
667 1433 731 1456 sunt
744 1431 968 1464 prtestantiores,

181 1479 264 1506 quam
279 1472 473 1500 catechumeni
488 1474 657 1508 expiatione,
678 1480 761 1510 atque
778 1476 892 1512 insuper
907 1477 970 1504 illit-

182 1517 348 1545 minatorum
366 1518 492 1546 ordinem
508 1520 684 1553 praecedunt,
708 1528 792 1556 quem
806 1527 835 1550 et
850 1522 967 1550 medium

181 1564 310 1599 appellat,
329 1565 455 1593 videlicet
472 1566 616 1594 laicorum.
629 1567 696 1594 Cum
710 1575 775 1596 vero
791 1576 892 1597 nomen
914 1568 968 1596 ini-

184 1611 309 1638 tiationis
327 1611 392 1646 quid
407 1612 591 1640 universalius
609 1613 645 1640 sit
659 1621 740 1648 quam
759 1623 858 1643 nomen
874 1616 970 1651 perl‘e-

182 1657 290 1691 ctionis,
316 1657 420 1685 idcirco
440 1665 495 1686 non
516 1659 554 1686 ita
578 1665 654 1687 recte
680 1668 829 1695 possumus
855 1669 916 1689 cum
938 1669 971 1690 eo

182 1703 310 1731 conferre
336 1705 534 1732 monachorum
562 1707 810 1735 consecrationem.
837 1707 971 1735 Caeterum

182 1750 312 1784 quoniam
337 1752 533 1779 monachorum
549 1753 628 1787 ordo,
653 1758 766 1789 propter
786 1754 970 1781 omnimodnm

183 1796 376 1829 sanctitatem,
409 1803 437 1825 et
462 1798 646 1833 expiationem
676 1805 704 1827 et
734 1799 970 1828 illuminationem

183 1844 386 1878 complectitur,
410 1845 564 1873 ostenditur
578 1846 680 1874 habere
698 1846 898 1881 expiationem,
923 1854 973 1881 per

183 1897 265 1924 quam
285 1890 369 1918 etiam
396 1891 610 1919 illuminatorum
634 1893 831 1927 proprietatem
853 1892 970 1926 obtinet,

184 1935 241 1963 imo
255 1937 337 1964 etiam
354 1945 450 1965 eorum
473 1938 519 1973 qui
535 1939 560 1965 in
577 1939 673 1973 spiritu
691 1939 892 1974 perﬁciuntur;
908 1940 972 1968 Illu-

184 1983 350 2010 minatorum
358 1984 760 2020 quidem,quoniam,quantum
772 1985 813 2013 fas
822 1991 874 2018 est,
883 1986 974 2014 omnis

185 2028 303 2056 actionis
323 2037 409 2057 sacra:
432 2037 481 2065 per
496 2031 647 2066 spiritalem
672 2032 930 2067 contemplationem
946 2036 974 2060 et

184 2075 406 2103 communionem
420 2077 558 2112 particeps
573 2078 699 2111 exsistit;
713 2077 897 2113 perfector-um
910 2085 975 2106 vero

184 2121 251 2156 quia
281 2121 398 2149 virtutes
421 2122 610 2151 bierarchicas
632 2124 809 2159 amplectens,
822 2124 976 2160 iisdemque

185 2172 333 2201 exornata,
345 2169 379 2195 ad
393 2169 515 2197 scientia:
527 2177 612 2197 sacra:
625 2170 819 2205 perfectionem
833 2178 882 2205 pro
896 2176 975 2205 captu

1019 924 1097 960 χικὴν
1119 925 1320 961 πολιτευόμενοι
1339 925 1518 962 διακόσμησιν
1538 927 1630 963 νεκροὶ
1647 927 1678 954 τὺ
1699 927 1812 954 σύνολον

1017 970 1169 1005 ὀφείλουσιν
1181 970 1250 998 εἶναι
1264 972 1293 998 ὲν
1304 971 1344 1007 τῷ
1358 972 1514 1008 σταυρῶσαι
1527 972 1576 1009 τὴν
1590 973 1679 1009 σάρκα
1692 974 1740 1000 σὺν
1752 975 1812 1005 τοῖς

1017 1015 1161 1051 παθήμασι
1175 1017 1221 1043 καὶ
1233 1018 1295 1048 ταῖς
1316 1016 1487 1052 ἐπιθυμίαις,
1503 1018 1550 1044 καὶ
1569 1018 1618 1053 ζῇν
1640 1018 1728 1053 μόνως
1749 1018 1813 1053 Θεῷ

1018 1062 1065 1088 καὶ
1083 1062 1189 1095 ἑαυτοῖς
1201 1070 1207 1078 ·
1230 1062 1308 1090 τοῦτο
1325 1063 1380 1100 γάρ
1402 1064 1502 1099 ἐστινὴ
1517 1063 1595 1098 ὀλικὴ
1615 1063 1749 1099 κάθαρσις
1762 1064 1812 1090 καὶ

1018 1108 1035 1143 ἡ
1049 1107 1183 1143 παντελὴς
1193 1107 1248 1135 τῶν
1260 1109 1369 1136 οίκείων
1387 1109 1532 1145 ἐνεργειῶν
1546 1108 1670 1145 ἁγνότης.
1686 1109 1724 1136 Οὐ
1738 1109 1812 1143 λέγω

1019 1152 1084 1187 γοῦν
1104 1152 1194 1186 τοῦτο,
1216 1153 1257 1179 ὅτι
1277 1153 1331 1180 οὐδ’
1351 1153 1366 1180 ὀ
1386 1153 1432 1180 τοῦ
1452 1153 1530 1188 ἁγίου
1552 1152 1652 1184 σκοπὸς
1670 1153 1710 1184 εἰς
1730 1153 1812 1179 τοῦτο

1017 1200 1104 1235 ῥέπει·
1117 1198 1174 1225 ἀλλ’
1184 1198 1277 1234 ἐπειδὴ
1290 1197 1353 1224 ἄλλο
1365 1198 1423 1224 εστὶ
1434 1197 1464 1224 τὸ
1473 1196 1633 1228 τελεῖσθαι,
1645 1196 1691 1222 καὶ
1702 1194 1766 1222 ἄλλο
1776 1193 1808 1220 τὸ

1016 1244 1204 1273 τελειοῦσθαι
1227 1244 1372 1279 (τελεῖσθαι
1390 1244 1445 1279 γὰρ
1465 1243 1522 1270 ἐστι
1543 1243 1589 1270 καὶ
1604 1242 1675 1270 κατὰ
1692 1241 1740 1277 τὴν
1754 1242 1807 1268 κά-

1017 1291 1128 1328 θαρσιν,
1147 1291 1283 1317 τελεῖσθαι
1294 1290 1351 1317 ἐστι
1373 1291 1419 1317 καὶ
1439 1289 1509 1316 κατὰ
1529 1289 1574 1316 τὸν
1597 1288 1745 1324 φωτισμόν·
1760 1296 1808 1314 τεο

1016 1336 1153 1366 λειοῦσθαι
1173 1337 1202 1365 δὲ
1232 1337 1304 1364 κατὰ
1329 1336 1413 1371 μόνην
1443 1335 1492 1370 τὴν
1524 1335 1627 1370 κυρίως
1648 1334 1800 1364 τελείωσιν)

1021 1385 1162 1421 προκρίνει
1178 1384 1233 1411 τῶν
1251 1384 1345 1416 ἁπλῶς
1363 1383 1541 1419 τελουμένων,
1562 1382 1616 1409 τῶν
1633 1391 1663 1409 τε
1682 1382 1798 1418 καθαιρο

1023 1433 1110 1469 μένων
1121 1431 1221 1468 δηλαδὴ
1232 1432 1280 1458 καὶ
1290 1430 1344 1458 τῶν
1356 1430 1559 1466 φωτιζομένων,
1577 1430 1640 1462 τοὺς
1656 1429 1790 1465 μοναχούς
1802 1438 1809 1444 -

1021 1476 1059 1508 ὡς
1072 1475 1273 1512 τελειουμένους
1288 1475 1338 1512 μὲν
1349 1476 1395 1502 καὶ
1407 1475 1516 1508 αὐτοὺς,
1530 1475 1587 1502 αλλ’
1600 1475 1671 1511 ὑπὲρ
1689 1475 1739 1510 τὴν
1756 1475 1811 1501 τῶν

1023 1522 1233 1558 κατηχουμὲνων
1252 1521 1395 1558 κάθαρσιν,
1417 1522 1464 1548 καὶ
1485 1521 1526 1548 ἔτι
1545 1522 1599 1549 τῶν
1620 1521 1812 1557 φωτιζομένων

1021 1567 1107 1601 τάξιν,
1123 1569 1157 1603 ἢν
1177 1568 1225 1595 καὶ
1238 1567 1323 1604 μέσην
1341 1567 1418 1604 φησὶ,
1431 1567 1480 1603 τὴν
1500 1567 1554 1594 τῶν
1576 1567 1679 1594 λαῖκῶν
1699 1566 1809 1603 δηλαδή.

1023 1614 1059 1641 To
1072 1614 1100 1640 δὲ
1111 1613 1246 1642 τελεῖσθαι
1260 1613 1355 1648 ὄνομα,
1369 1614 1431 1640 ἐπεὶ
1451 1613 1665 1649 καθολικώτερον
1687 1614 1744 1640 ἐστι
1763 1613 1810 1639 τοῦ

1022 1659 1202 1692 τελειοῦσθαι,
1225 1659 1293 1694 πρὸς
1317 1659 1385 1695 ὅπερ
1404 1659 1455 1686 οὐκ
1474 1658 1571 1694 ἔχομεν
1590 1659 1667 1694 λόγον
1687 1659 1742 1694 τὴν
1758 1658 1811 1685 τῶν

1025 1705 1148 1743 μοναχῶν
1175 1706 1286 1742 τελετὴν
1309 1706 1475 1742 συγκρίνειν.
1510 1705 1578 1732 Ἀλλ’
1600 1705 1693 1740 ἐπειδὴ
1716 1705 1732 1740 ἠ
1758 1704 1811 1730 τῶν

1025 1752 1149 1788 μοναχῶν
1160 1753 1237 1786 τάξις
1249 1753 1431 1789 περιληπτικὴ
1451 1753 1509 1779 ἐστι
1523 1752 1571 1779 καὶ
1589 1751 1639 1786 τῆς
1652 1750 1812 1786 καθάρσεως

1024 1800 1071 1827 καὶ
1087 1798 1134 1827 τοῦ
1148 1799 1300 1836 φωτισμοῦ,
1312 1799 1357 1826 διὰ
1368 1799 1419 1833 τῆς
1433 1797 1583 1830 παντελοῦς
1595 1797 1751 1832 ἁγνότητος,
1763 1799 1812 1832 τὴν

1025 1845 1158 1882 κάθαρσιν
1171 1845 1242 1881 ἔχειν
1259 1845 1431 1880 ἐμφαίνεται,
1456 1845 1515 1880 μεθ’
1536 1845 1570 1880 ἢν
1583 1844 1672 1871 καὶτὸ
1684 1843 1738 1870 τῶν
1758 1851 1813 1877 φω-

1024 1892 1173 1928 τιζομένων
1188 1892 1254 1921 ἴδιον
1266 1892 1456 1927 ὲπικέκτηται,
1469 1891 1510 1918 ἔτι
1522 1891 1550 1917 δὲ
1563 1891 1611 1917 καὶ
1629 1890 1684 1917 τῶν
1695 1889 1813 1916 τελειου-

1026 1939 1116 1976 μὲνων
1136 1940 1165 1967 ιν
1183 1939 1329 1975 πνεύματι,
1350 1940 1405 1965 τῶν
1428 1938 1478 1974 μὲν
1499 1937 1701 1974 φωτιζομένων,
1724 1938 1764 1964 ὅτι
1785 1937 1811 1963 Et

1025 1987 1106 2022 νοερᾷ
1127 1985 1229 2023 θεωρίᾳ
1251 1986 1298 2013 καὶ
1321 1986 1448 2022 κοινωνίᾳ
1471 1985 1570 2021 πάσης,
1601 1985 1667 2019 ὅσης
1689 1984 1812 2020 θεμιτὸν,

1025 2032 1182 2069 ἱερουργίας
1194 2033 1298 2068 γίνεται
1311 2041 1317 2049 ·
1331 2032 1385 2059 τῶν
1397 2032 1425 2059 δὲ
1441 2031 1645 2067 τελειουμένων,
1659 2031 1712 2063 ὅτι,
1726 2031 1810 2065 ἐγχειδ

1028 2079 1155 2116 ριζομένη
1168 2081 1228 2112 ταῖς
1242 2081 1413 2116 ίεραρχικαῖς
1422 2079 1552 2115 δυνάμεσι
1565 2078 1613 2105 καὶ
1626 2076 1702 2113 παρὰ
1713 2077 1814 2103 τούτων

1026 2125 1255 2162 διακοσμουμένη,
1277 2125 1344 2162 πρὸς
1360 2126 1409 2161 τὴν
1431 2125 1482 2160 τῆς
1503 2125 1578 2160 ἱερᾶς
1597 2124 1749 2159 ἐπιστήμης
1769 2131 1813 2150 τε-

1027 2171 1135 2198 λείωσιν
1147 2170 1285 2205 ἀναλόγως
1298 2170 1438 2205 ἀνάγεται,
1459 2169 1529 2196 ὥστε
1550 2168 1661 2200 είκάτως
1674 2169 1691 2203 ὴ
1703 2167 1812 2203 τοιαύτη

187 2215 356 2243 adducitur:
373 2216 411 2243 ita
435 2221 465 2243 ut
487 2217 550 2251 jure
570 2217 670 2244 merito
693 2217 846 2245 istiusmodi
865 2217 969 2245 vivendi

1027 2217 1148 2245 πολιτεία
1160 2217 1191 2243 τὸ
1213 2216 1314 2252 ὺψηλδν
1335 2216 1402 2251 ἔχει,
1421 2215 1470 2247 τὰς
1482 2215 1556 2250 τρεῖς
1573 2213 1627 2240 τῶν
1645 2213 1813 2249 τελουμένων

188 2260 341 2288 institutum
365 2262 481 2289 sublime
505 2263 572 2298 quid
591 2263 704 2297 habeat,
731 2271 792 2290 cum
818 2263 844 2291 in
870 2270 898 2291 se
921 2267 976 2290 trcs

188 2306 360 2334 initiatorum
375 2308 486 2335 ordines
497 2309 707 2343 complectatur.
724 2309 794 2337 Hinc
808 2310 893 2337 divini
907 2317 977 2344 pric-

188 2357 315 2387 ceptores
331 2354 418 2380 nostri
434 2355 536 2382 divinis
555 2355 713 2383 nominibus
729 2363 777 2383 eos
793 2356 975 2389 honorarunt,

188 2399 234 2426 alii
247 2399 357 2434 quidem
370 2400 500 2432 cultores,
509 2401 556 2427 alii
569 2408 634 2429 vero
643 2402 793 2428 monachos
805 2402 974 2436 appellando.

187 2446 314 2474 Cultores
341 2447 466 2482 quidem,
493 2452 523 2475 ut
547 2448 593 2483 qui
617 2448 737 2475 divinum
762 2448 845 2484 258
871 2448 975 2476 Numen

187 2492 295 2520 sincere
311 2493 452 2526 colerent;
472 2494 622 2522 monachos
637 2501 704 2521 vero
720 2499 749 2521 ut
765 2496 810 2528 qui
830 2495 862 2521 ad
878 2494 976 2521 indivi-

186 2539 269 2566 duam
280 2544 308 2567 et
320 2539 488 2575 singularem
500 2540 585 2567 vitam
600 2541 764 2575 aspirarent,
774 2549 834 2576 quae
847 2541 976 2568 nimirum

188 2586 250 2613 illos
272 2586 396 2620 uniﬁcet,
413 2592 442 2614 et
461 2587 627 2614 unitormem
646 2586 745 2614 afferat
765 2587 949 2621 cognitionem
967 2594 975 2615 :

188 2633 260 2661 lianc
271 2633 344 2661 enim
356 2634 499 2662 mouadem
511 2639 591 2661 vocat
604 2634 734 2669 (scientia
749 2636 824 2662 enim
837 2635 912 2662 unita
923 2640 976 2669 est,

189 2681 261 2708 sicut
284 2681 439 2716 ignorantia
454 2686 497 2708 est
511 2681 659 2709 multitudo
677 2689 769 2708 rerum
792 2681 818 2708 in
838 2681 922 2709 multa
937 2682 978 2708 di-

189 2733 323 2766 versaque
346 2727 563 2762 distractarum),
589 2728 702 2755 uniﬁcat
728 2733 818 2754 autem
844 2728 976 2763 quodam-

189 2773 282 2805 modo,
302 2773 364 2800 dum
383 2774 489 2802 scilicet
505 2774 591 2801 sacris
609 2782 700 2801 rerum
721 2774 873 2801 divisarum
892 2774 977 2802 colle-

189 2818 326 2847 ctionibus
350 2828 382 2848 se
406 2821 524 2855 perﬁcit.
551 2820 638 2848 Porro
664 2821 751 2848 divisa
776 2821 821 2848 hic
848 2819 978 2848 dicuntur

190 2866 313 2900 symbol.)
327 2866 385 2900 illa,
402 2872 431 2895 ut
442 2872 517 2902 sunt,
528 2867 663 2902 cucullus,
675 2867 830 2903 scapulare.
843 2867 976 2902 cilicium,

1027 2263 1120 2297 τάξεις
1133 2265 1160 2290 ἐν
1174 2263 1256 2299 ἑαυτῇ
1271 2262 1466 2298 περιφέρουσα.
1477 2260 1572 2287 Ἔνθεν
1584 2261 1607 2286 oi
1617 2260 1686 2287 θεῖοι
1697 2259 1813 2295 καθηγε-

1030 2310 1110 2346 μόνες
1130 2308 1218 2345 ἡμῶν,
1239 2309 1319 2335 θείων
1332 2307 1495 2343 ἐπωνυμιῶν
1515 2306 1614 2338 αὐτοὺς
1632 2305 1813 2342 κατηξίωσαν,

1027 2358 1052 2383 oi
1080 2356 1129 2392 μὲν
1156 2355 1338 2392 θεραπευτὰς,
1364 2356 1388 2381 οἱ
1416 2354 1444 2381 δὲ
1467 2355 1600 2390 μοναχοὺς
1623 2354 1813 2389 ὀνομάσαντες·

1030 2402 1200 2439 θεραπευτὰς
1214 2402 1263 2437 μὲν
1275 2402 1312 2433 ὡς
1323 2401 1354 2427 τὸ
1365 2401 1442 2427 Θεῖον
1455 2400 1583 2433 καθαρῶς
1598 2399 1796 2435 θεραπεύοντας
1805 2407 1812 2414 ·

1030 2449 1163 2485 μοναχοὺς
1182 2449 1220 2481 δὲ,
1237 2449 1274 2480 ὠς
1295 2448 1363 2483 πρὸς
1379 2447 1526 2482 ἀμέριστον
1552 2447 1599 2473 καὶ
1622 2446 1725 2472 ἑνιαίαν
1745 2446 1813 2481 ζωὴν

1028 2494 1229 2527 καταντῶντας,
1244 2494 1304 2529 ἥτις
1322 2493 1354 2529 δὴ
1372 2492 1461 2519 ἐνιαία
1474 2492 1529 2528 ζωὴ
1545 2492 1703 2519 ἑνοποιοῦσα
1720 2492 1813 2524 αὐτοὺς,

1029 2542 1068 2574 είς
1079 2540 1180 2576 ὲνοειδῆ
1195 2539 1296 2574 γνῶσιν
1308 2547 1314 2554 ·
1327 2538 1428 2574 ταύτην
1441 2538 1496 2574 γὰρ
1509 2537 1582 2573 λέγει
1598 2537 1700 2574 μονάδα
1714 2537 1724 2573 (
1735 2538 1751 2573 ἡ
1763 2538 1810 2574 γὰτ

1028 2588 1129 2624 γνῶσις
1142 2587 1240 2619 ὲνιαία,
1255 2586 1292 2618 ὡς
1307 2587 1324 2622 ὴ
1339 2586 1434 2620 ἄγνοια
1447 2585 1548 2619 πλῆθος
1561 2585 1767 2620 ἐσκεδασμένων
1777 2586 1811 2617 εἰς

1028 2634 1115 2662 πολλὰ
1133 2635 1181 2661 καὶ
1193 2633 1339 2668 διάφορα),
1352 2631 1511 2658 ὲνοποιοῦσα
1523 2631 1551 2658 δέ
1567 2640 1636 2663 πως,
1652 2631 1773 2667 δηλονότι
1787 2632 1807 2657 ὲκ

1028 2681 1089 2713 ταῖς
1105 2681 1192 2716 ἱεραῖς
1208 2680 1262 2706 τῶν
1279 2677 1420 2713 διαιρετῶν
1435 2676 1603 2712 συμπτύξεσι
1618 2675 1725 2702 τελειοῖ.
1745 2677 1805 2702 Διαι-

1030 2725 1097 2762 ρετὰ
1112 2726 1140 2752 δέ
1159 2727 1212 2753 εἰσι
1233 2725 1267 2752 τὰ
1286 2723 1402 2751 ἐνταῦθα
1425 2722 1556 2759 σύμϐολα,
1572 2722 1602 2748 τὸ
1624 2721 1811 2752 κουκούλιον,θ

1029 2772 1174 2804 ἁνάλαὸος,
1190 2772 1221 2799 τὸ
1235 2771 1366 2808 τρίχινον,
1378 2771 1409 2798 τὸ
1423 2770 1517 2806 μέλαν,
1532 2769 1624 2796 καὶτὰ
1641 2768 1765 2801 τοιαῦτα,
1778 2763 1806 2796 ὗε

1029 2821 1146 2847 ἕκαστον
1159 2819 1264 2855 ὑψηλὴν
1281 2818 1338 2854 ἔχει
1354 2818 1402 2845 καὶ
1421 2817 1526 2844 ἑνιαίαν
1538 2815 1587 2851 τὴν
1605 2815 1725 2843 ἔννοιαν·
1739 2815 1811 2842 τοῦτ(

1029 2867 1084 2902 γάρ
1103 2867 1161 2893 ἐστι
1177 2863 1510 2902 κα“ισύματυξις.“’Δλλοι
1522 2862 1551 2889 δι
1564 2861 1688 2898 διαιρετὰ
1701 2861 1735 2889 τὰ
1755 2861 1804 2898 βιω
