1929 3068
115 167 170 194 555

393 165 437 193 LE
456 164 597 192 ECCLES.
616 163 815 195 lllER.\RCH.,
833 162 910 190 CAP.
930 161 975 189 Vl.
994 176 1028 182 —
1047 159 1222 188 PARAPHR.
1242 159 1475 187 PACIlYMElLE.

1688 159 1739 186 546

113 222 178 249 τικά
201 230 278 256 φασι,
298 222 346 249 καὶ
366 221 516 257 σύμπτυξιν
535 222 583 257 τὴν
600 221 655 247 ἀπὸ
674 219 775 247 τούτων
796 220 900 247 τελείαν

957 223 1012 246 atra
1026 219 1120 250 vestis,
1131 222 1160 245 et
1177 217 1288 249 similia,
1304 225 1419 251 quorum
1435 217 1576 252 quodlibet
1591 215 1738 244 sublimem

55 275 60 280 '
112 268 161 294 καὶ
174 266 269 302 ὁλόκλη
274 276 320 302 ρον
335 267 518 303 ἀναχώρησιν.
530 266 581 293 Διὰ
593 266 641 302 τὴν
654 265 781 302 τοιαύτην
794 265 903 292 τελείω-

115 322 157 340 σιν
175 313 277 348 ἡξιώθη
300 314 317 349 ἡ
332 314 442 349 τοιαύτη
462 313 539 346 τάξις
555 314 602 340 καὶ
621 313 760 350 ἱερατικῆς
778 314 899 349 τελετῆς,

113 359 161 386 καὶ
174 360 224 394 τῆς
243 359 286 386 διὰ
300 359 354 386 τῶν
366 360 453 395 εὐχῶν
467 361 637 395 ἐπικλήσεως
647 370 653 375 -
667 359 736 386 ὥστε
751 359 788 395 μὴ
807 360 901 395 μόνους

114 405 161 439 ἀφ’
172 404 274 431 ἑαυτῶν
286 405 482 440 ἀμφιέννυσθαι
492 413 567 437 τινας
579 405 609 432 τὸ
620 405 722 441 σχῆμα,
732 404 800 431 ἀλλὰ
808 405 901 440 χερσὶν

114 452 265 486 ἱερατικαῖς
277 452 324 478 καὶ
335 451 394 487 Θείᾳ
411 451 552 487 ἐπικλήσει
569 452 691 486 γίνεσθαι
702 452 752 488 τὴν
769 452 808 483 εἰς
823 451 901 477 τοῦτο

113 497 252 524 τελείωσιν
269 505 275 512 ·
297 497 365 533 πλὴν
385 497 478 534 χερσὶν
502 497 552 523 οὐκ
573 497 720 533 ἀρχιερέων
740 496 829 532 (τοῦτο
847 496 901 532 γὰρ

115 542 162 569 ἐπὶ
178 543 264 578 μόνων
277 543 331 569 τῶν
347 543 491 578 ἱερατικῶν
508 543 611 578 γίνεται
628 542 819 578 χειροτονιῶν),
834 542 902 569 ἀλλὰ

114 590 207 624 χερσὶν
224 589 327 624 ἱερέων,
343 591 389 616 καὶ
406 590 521 626 δευτέρᾳ.
536 589 604 625 μετά
614 590 663 625 τὴν
676 589 814 625 ἱερατικὴν
825 588 902 615 τελε-

113 634 172 669 τήν.
207 634 346 661 Ἐντεῦθεν
369 634 398 661 δὲ
419 635 615 670 σημειούμεθα,
641 635 678 666 ὼς
699 633 770 661 κατὰ
789 634 835 660 τὸν
854 633 902 660 τοῦ

114 679 172 705 Πατ
177 680 220 715 ρὸς
230 680 307 714 λόγον
317 680 346 706 οὐ
359 680 400 706 δεῖ
408 681 458 716 σλλῆ
462 689 500 715 μα
510 679 626 716 μοναχοῦ
636 679 783 706 ἐπίσκοπον
791 678 901 711 διδόναι,

114 725 171 751 ἀλλ’
189 724 203 761 ἢ
224 726 302 761 μόνον
318 726 510 762 πρεσϐύτερον.

953 264 1036 292 habet
1051 269 1078 292 et
1092 264 1257 298 singularem
1275 263 1504 297 intelligentiam;
1523 268 1605 297 atque
1619 263 1671 289 hoc
1685 263 1738 290 sibi

952 309 1012 336 vult
1035 316 1089 336 vox
1108 308 1151 335 illa
1178 308 1341 343 σύμπτυξις,
1366 316 1413 335 seu
1435 307 1566 336 collectio.
1601 308 1652 334 Alii
1676 315 1740 334 vero

953 356 1040 383 divisa
1055 359 1154 383 vocant
1168 355 1213 382 illa
1235 362 1296 390 qua:
1310 355 1344 382 ad
1370 354 1441 382 hanc
1455 355 1537 381 vitam
1555 359 1690 389 spectant,
1712 359 1740 381 et

953 402 1155 434 collectionem,
1172 401 1325 436 perfectum
1341 405 1368 428 et
1382 401 1568 428 omnimodttm
1588 402 1622 427 ab
1639 401 1681 428 his
1698 408 1741 428 re-

953 455 1072 475 cessum.
1088 447 1204 482 Propter
1222 447 1374 474 istiusmodi
1392 447 1585 481 perfectionem
1603 447 1672 473 ordo
1689 447 1741 474 isto

954 495 1142 523 ecclesiastica
1160 501 1270 529 quoque
1287 494 1497 521 consecratione
1510 494 1608 528 dignus
1630 498 1672 520 est
1693 494 1741 520 ha-

955 542 1039 573 bitus,
1060 546 1087 568 et
1104 548 1215 575 precum
1233 540 1416 573 invocatione,
1434 540 1470 566 ita
1486 544 1515 566 ut
1539 548 1591 566 non
1612 540 1662 572 ipsi
1683 544 1742 566 tan-

953 591 1010 614 tum
1027 595 1056 614 se
1078 587 1171 614 habitu
1189 587 1243 614 isto
1259 586 1386 618 induant,
1403 585 1450 612 sed
1469 584 1596 612 manibus
1613 585 1741 611 sacerdo—

955 637 1010 660 tum
1034 638 1061 658 et
1089 632 1263 659 invocatione
1282 633 1372 659 divina
1398 631 1549 658 istiusmodi
1570 632 1742 658 consecratio

953 679 1120 712 celebretur;
1136 687 1189 707 non
1209 684 1297 706 tamen
1315 680 1440 706 manibus
1455 680 1645 714 episcoporum
1664 679 1740 714 (nam

955 725 1008 752 hoc
1022 725 1048 751 in
1065 725 1131 752 solis
1146 725 1233 751 sacris
1247 725 1470 752 ordinationibus
1485 724 1538 756 ﬁt),
1550 724 1597 750 sed
1617 724 1741 750 manibus

115 773 301 804 sacerdotum,
316 777 343 799 et
357 773 476 800 secunda
494 778 554 807 post
568 771 769 800 ecclesiasticos
795 770 906 799 ordines
923 772 1143 798 consecratione.
1166 771 1274 806 itaque,
1301 771 1449 798 secundum
1476 770 1556 806 hujus
1580 770 1669 797 sancti
1687 769 1741 798 Pa-

115 817 164 844 tris
177 817 270 850 verba,
288 825 342 845 non
355 818 434 845 debet
452 818 596 853 episcopus
609 818 675 845 dare
697 818 822 847 habitum
839 817 1035 850 monasticum,
1051 817 1099 845 sed
1115 816 1190 845 solus
1204 818 1342 845 sacerdos.

392 876 425 902 ll.
441 876 623 911 Μυστήριον.

152 931 271 966 ’Ἑστηκε
289 931 338 967 μὲν
352 933 365 958 ὁ
385 931 484 967 ἱερεὺς,
501 932 550 967 οὺχ
562 933 576 958 ὁ
593 932 748 968 ἀρχιερεὺς,
763 931 810 958 τοῦ
829 930 901 958 οείου

115 977 305 1013 θυσιαστηρίου
316 977 477 1013 ἔμπροσθεν,
489 977 632 1013 ζερολογῶν
642 978 690 1013 τὴν
702 978 793 1013 εὐχήν·
803 977 902 1012 ἕστηκε

114 1023 144 1049 δὲ
162 1024 177 1050 ὁ
197 1023 357 1058 τελούμενος
378 1023 466 1050 ὀπίσω
485 1024 532 1050 τοῦ
552 1024 657 1059 ἱερέως,
683 1025 751 1060 μήτε
772 1025 843 1051 κατὰ
857 1025 902 1052 τὸν

117 1071 193 1106 ἱερέα
209 1070 293 1106 ἄμφω
302 1070 341 1097 τὼ
356 1070 419 1097 πόδε
433 1069 541 1101 κλίνων,
556 1072 623 1106 μήτε
639 1070 709 1097 κατὰ
722 1071 766 1097 τὸν
780 1071 903 1098 διάκονον

117 1116 230 1152 Θάτερον
247 1115 302 1142 τῶν
323 1116 422 1149 ποδῶν,
447 1116 514 1152 μήτε
537 1116 589 1152 μὴν
613 1116 684 1143 κατὰ
705 1116 750 1143 τδν
773 1116 903 1152 ἀρχιερέα

116 1162 164 1189 ἐπὶ
183 1161 303 1197 κεφαλῆς
324 1161 392 1197 ἔχων
413 1161 444 1188 τὸ
469 1161 540 1188 θεῖον
561 1161 607 1188 καὶ
625 1161 697 1196 ἱερὸν
718 1161 882 1196 Εὑαγγέλιον
895 1169 901 1176 ·

118 1207 197 1243 μόνον
215 1207 242 1234 δὲ
258 1206 370 1242 πλησίον
387 1206 434 1233 τοῦ
458 1207 554 1243 ἱερέως
571 1207 678 1234 ἵσταται
702 1207 904 1243 ἱερολογοῦντος

116 1254 166 1290 τὴν
179 1254 222 1280 ἐπ’
234 1254 307 1289 αὐτῷ
327 1254 418 1289 εὐχήν.
439 1253 467 1280 '0
488 1253 579 1288 μέντοι
600 1262 631 1288 γε
648 1254 736 1290 ἱερεὺς
749 1255 807 1289 τὴν,
822 1254 904 1289 εὐχὴν

116 1300 240 1332 τελέσας,
254 1300 300 1326 ἐπὶ
315 1299 409 1326 τοῦτον
428 1298 522 1331 ἐλθὼν,
545 1299 653 1335 πρῶτον
676 1299 724 1335 μὲν
739 1300 865 1335 ἐπερωτᾷ
881 1300 905 1326 εί

117 1346 303 1373 ἀποτάσσεται
324 1346 426 1377 πάσαις
453 1345 500 1381 μὲν
524 1345 672 1382 διαιρεταῖς
699 1346 745 1372 καὶ
768 1345 905 1377 ποικίλαις

117 1389 211 1423 ζωαῖς,
221 1391 302 1427 ἧγουν
309 1391 463 1426 ἐμπορίαις⁷
471 1391 680 1426 πραγματείαις,
692 1390 904 1426 συναλλάγμασι,

116 1440 164 1466 καὶ
182 1440 238 1470 τοῖς
252 1438 358 1469 ἄλλοις·
383 1438 484 1469 πάσαις
504 1437 532 1463 δὲ
550 1437 722 1472 φαντασίαις,
745 1436 815 1463 ὥστε
838 1437 905 1472 μηδὲ

117 1485 299 1520 φαντάζεσθαι
311 1484 408 1516 ταῦτα,
425 1484 482 1512 ἀλλ’
496 1484 534 1516 ὡς
549 1483 644 1519 νεκρὸν
663 1483 753 1519 μένειν
767 1484 812 1510 καὶ
826 1484 914 1510 ἀνενί

117 1533 233 1569 έργητον
252 1533 298 1559 ὲπὶ
321 1531 426 1563 τούτοις
442 1532 552 1558 ἅπασιν.
580 1531 696 1557 Ἔπειτα
718 1530 838 1557 διδάσκει
856 1530 906 1566 τὴν

115 1579 167 1614 τῆς
184 1578 333 1614 μοναχικῆς
357 1578 496 1610 πολιτείας
518 1576 670 1612 ἀκρίϐειαν,
689 1576 903 1612 μαρτυρόμενος,
918 1574 941 1604 C

116 1624 157 1650 ὅτι
170 1624 221 1660 χρὴ
232 1623 326 1650 τοῦτον
337 1623 585 1659 ὐπερανεστηκὲναι
596 1622 667 1649 κατὰ
680 1622 746 1649 πολὺ
757 1623 807 1657 τῆς
819 1622 905 1658 μέσης

115 1669 172 1697 τῶν
192 1669 293 1696 λαῖκῶν
309 1669 423 1702 τάξεως.
439 1669 531 1696 Ταῦτα
545 1669 573 1695 δὲ
596 1669 700 1695 ἐκείνου
722 1669 906 1704 ὁμολογήσαν-

117 1724 164 1747 τος
188 1715 340 1751 προσεχῶς,
365 1715 435 1742 κατὰ
448 1715 479 1742 τὸ
500 1715 779 1751 ἀπολυπραγμὸνητον
790 1715 849 1746 ναὶ,
866 1715 906 1750 τῷ

118 1760 284 1796 σταυροειδεῖ
304 1761 382 1795 τύπῳ
404 1760 634 1796 σφραγισάμενος,
656 1759 797 1794 ἀποκείρει
817 1761 856 1792 εἰς
875 1759 906 1786 τὸ

117 1806 205 1842 ονομα
219 1806 266 1833 τοῦ
282 1807 387 1843 Πατρὸς
406 1807 453 1833 καὶ
468 1806 514 1833 τοῦ
530 1805 595 1832 Υίοῦ
609 1806 656 1832 καὶ
668 1805 715 1832 τοῦ
732 1806 809 1839 ἁγίου
822 1806 906 1832 Πνεύ-

120 1861 222 1887 ματος·
243 1854 289 1879 καὶ
311 1853 492 1888 ἁπαμφιάσας
513 1852 562 1887 τὴν
577 1851 679 1887 ἐσθῆτα
702 1851 830 1886 μέλαιναν
850 1852 905 1887 ἀμ-

119 1898 251 1934 φιέννυσι,
271 1898 317 1924 καὶ
341 1897 409 1932 μετὰ
430 1897 485 1924 τῶν
507 1897 593 1924 ἄλλων
619 1897 700 1932 ιερῶν
719 1896 823 1932 ἀνδρῶν
849 1897 906 1923 ὅσοι

118 1945 246 1980 πάρεισιν
265 1943 468 1978 ἀσπασάμενος,
482 1943 532 1978 τῆς
553 1942 628 1974 θείας
649 1943 765 1970 ποιεῖται
780 1942 906 1970 κοινωνὸν

118 1989 306 2026 μταλήψεως.

421 2046 465 2074 Ill.
484 2046 603 2081 Θεωρία.

155 2104 201 2141 ςι.
223 2104 385 2140 Ἐπειδήπερ
401 2105 417 2140 ἠ
434 2104 487 2130 τῶν
510 2103 597 2130 ποδῶν
619 2103 707 2135 κλίσις
728 2103 779 2139 τὴν
799 2103 909 2130 ὑποκει-

121 2151 206 2186 μένην
220 2150 313 2186 ἐδήλου
327 2149 518 2185 προσαγωγὴν,
531 2148 586 2175 εἴτε
602 2148 646 2175 διὰ
663 2149 727 2184 μιᾶς
743 2149 792 2184 τῆς
806 2149 908 2184 καθάρ-

120 2205 207 2228 σεως,
227 2198 281 2222 εῖτε
299 2195 343 2222 διὰ
365 2195 437 2222 δυοῖν
453 2195 537 2230 αὐτῆς
552 2203 582 2221 ’σε
605 2195 652 2222 καὶ
673 2194 720 2221 τοῦ
747 2195 886 2230 φωτισμοῠ
898 2204 905 2211 ο

1241 875 1272 903 Il.
1289 875 1458 912 Mysterium.

989 931 1131 965 Sacerdos,
1154 940 1208 960 non
1227 933 1380 969 episcopus,
1404 937 1460 960 stat
1473 937 1537 960 ante
1556 933 1677 960 divinum
1699 934 1740 960 al-

955 982 1014 1004 tare
1025 978 1167 1006 celebrans
1180 979 1350 1011 orationem;
1367 979 1390 1006 is
1403 984 1492 1006 autem
1506 979 1553 1013 qui
1565 985 1741 1007 consecratur

953 1029 1008 1050 stat
1030 1029 1090 1058 post
1111 1024 1295 1057 sacerdotem,
1314 1032 1365 1052 nec
1382 1029 1530 1060 utrumque
1551 1029 1579 1052 ut
1600 1026 1742 1058 sacerdos,

955 1077 1044 1105 neque
1060 1070 1187 1104 alterum,
1207 1075 1236 1098 ut
1249 1070 1384 1098 diaconus
1398 1079 1472 1105 genu
1495 1070 1595 1104 ﬂectit,
1611 1079 1699 1106 neque
1713 1077 1743 1098 ut

953 1117 1096 1150 episcopus
1115 1116 1234 1144 divinant
1254 1124 1287 1144 ac
1314 1122 1438 1144 sanctum
1460 1117 1634 1153 evangelium
1659 1125 1741 1153 supra

954 1168 1032 1197 caput
1045 1163 1136 1196 habet,
1148 1163 1196 1190 sed
1208 1168 1314 1190 tantum
1326 1167 1401 1190 astat
1411 1163 1547 1190 sacerdoti
1559 1171 1640 1198 supra
1654 1165 1742 1198 ipsum

956 1209 1099 1244 mysticam
1126 1209 1328 1236 invocationem
1351 1209 1491 1236 recitanti.
1514 1209 1550 1236 Ea
1569 1217 1636 1236 vero
1654 1210 1742 1242 linita,

955 1256 1085 1282 sacerdos
1099 1256 1134 1282 ad
1148 1263 1210 1282 cum
1225 1255 1361 1282 accedens
1377 1259 1454 1290 rogat.
1468 1255 1556 1290 ipsum
1567 1256 1696 1290 primum,
1708 1263 1742 1283 au

955 1302 1080 1329 orantibus
1101 1303 1182 1329 rebus
1205 1301 1322 1329 dividuis
1345 1306 1373 1328 et
1396 1302 1459 1328 vitis
1482 1301 1566 1329 variis
1592 1303 1743 1334 renuntiet,

955 1349 1062 1375 scilicet
1088 1349 1264 1382 mercaturis,
1293 1348 1421 1383 negotiis,
1438 1349 1636 1381 contractibus,
1661 1354 1689 1376 et
1704 1349 1743 1376 si-

956 1397 1083 1429 milibus;
1102 1396 1166 1423 item
1185 1396 1312 1423 omnihus
1328 1395 1484 1430 phantasiis
1499 1403 1546 1422 seu
1568 1396 1743 1431 imaginatio-

956 1443 1036 1470 nibus
1051 1449 1140 1469 rerum
1155 1442 1297 1474 similiutn,
1311 1447 1340 1468 ut
1354 1449 1387 1468 ne
1399 1443 1433 1469 de
1447 1442 1480 1468 iis
1493 1442 1601 1476 quidem
1611 1443 1743 1477 cogitare,

956 1490 1003 1517 sed
1017 1495 1143 1523 tanquam
1159 1495 1293 1519 tnorutus,
1312 1489 1346 1514 ab
1365 1488 1399 1514 iis
1411 1489 1537 1514 omnibus
1553 1489 1662 1521 penitus
1677 1489 1743 1516 altl-

959 1537 1045 1563 linere
1070 1535 1146 1562 Velit.
1173 1535 1274 1562 Deinde
1306 1534 1385 1561 docet
1401 1535 1546 1561 monastici
1565 1535 1683 1562 instituti
1699 1543 1745 1562 ac-

957 1582 1139 1613 curationem,
1161 1585 1321 1608 contestans
1348 1580 1422 1606 illum
1443 1580 1543 1607 debere
1568 1581 1682 1607 mediam
1705 1581 1745 1606 vi-

957 1628 1037 1655 vendi
1062 1628 1196 1655 rationem
1219 1633 1359 1660 superare.
1383 1626 1448 1659 Quae
1470 1626 1513 1653 ubi
1535 1627 1625 1654 omnia
1650 1625 1673 1653 is
1699 1626 1744 1659 qui

958 1674 1082 1701 initiatttr
1094 1672 1268 1700 continenter
1289 1673 1429 1707 professus
1444 1678 1499 1702 est,
1518 1671 1648 1699 sacerdos
1669 1679 1742 1702 ctttn,

957 1719 1040 1745 veluti
1053 1718 1108 1753 jam
1123 1726 1137 1745 a
1152 1719 1323 1752 negotiorum
1338 1717 1511 1744 multitudine
1524 1716 1651 1748 liberum,
1665 1716 1745 1750 signo

957 1766 1048 1792 crucis
1062 1766 1228 1800 consignatis
1241 1765 1334 1792 tondet
1348 1765 1373 1791 in
1387 1764 1497 1791 nomine
1515 1763 1615 1795 Patris,
1630 1768 1657 1791 et
1669 1763 1743 1795 Filii,

957 1812 1039 1847 259
1056 1817 1082 1839 et
1098 1812 1218 1846 Spiritus
1234 1811 1343 1843 sancti;
1365 1815 1393 1837 et
1413 1810 1545 1837 detractis
1563 1810 1741 1843 vestimentis,

957 1859 1035 1891 nigra
1051 1864 1112 1883 eum
1135 1862 1212 1884 veste
1228 1855 1332 1885 induit,
1356 1860 1383 1882 et
1401 1862 1461 1881 cum
1484 1854 1545 1880 aliis
1560 1853 1625 1880 viris
1641 1854 1744 1880 sanctis

957 1901 1109 1929 astantibus
1126 1902 1214 1936 ipstttn
1233 1900 1365 1933 salutans,
1383 1900 1544 1935 participem
1559 1899 1627 1927 facit
1645 1899 1745 1927 divinat

958 1949 1166 1977 communionis.

1223 2048 1266 2076 lll.
1283 2048 1483 2083 Contemplatio.

992 2094 1039 2131 5L
1058 2095 1284 2128 Quandoquidem
1311 2095 1409 2129 pedum
1440 2094 1582 2121 inclinatio
1606 2094 1744 2122 subditam

958 2141 1128 2175 signiﬁcabat
1150 2141 1352 2173 adductionem,
1376 2140 1433 2167 sive
1449 2147 1498 2174 per
1514 2140 1622 2167 unicam
1647 2139 1744 2174 expia-

960 2190 1071 2220 tionem,
1090 2188 1147 2215 sive
1162 2195 1212 2222 per
1226 2187 1304 2219 duas,
1320 2194 1380 2213 eam
1403 2187 1489 2221 ipsam
1513 2191 1540 2214 et
1566 2186 1743 2213 illuminatio-

119 2242 214 2278 ἐδήλου
229 2242 267 2274 δὲ,
284 2242 323 2268 ὅτι
348 2240 407 2276 Θεῷ
429 2240 601 2275 ὑποκείμεναι
617 2240 640 2266 οἱ
664 2239 812 2272 τελοῦντες,
833 2239 905 2276 αὐτῷ

960 2243 1034 2267 netu,
1055 2234 1186 2261 innuebat
1202 2241 1267 2261 vero
1291 2233 1364 2268 quod
1386 2233 1441 2260 Deo
1465 2233 1567 2260 subditi
1593 2233 1744 2266 initiantes,

119 2288 153 2326 δὴ
168 2287 207 2323 τῷ
222 2287 370 2324 τελετάρχῃ
383 2286 442 2321 Θεῷ
490 2286 657 2321 προσάγουσι
675 2286 721 2312 τὸν
734 2286 904 2321 τελούμενον.

126 2335 274 2367 Ἐνταῦθα,
302 2335 363 2361 ἐπεὶ
390 2334 427 2369 μὴ
449 2333 523 2369 παρά
540 2341 613 2363 τινος
634 2332 820 2368 προσάγεται,
840 2332 907 2360 ἀλλὰ

120 2382 187 2417 παρ’
208 2380 305 2407 ἑαυτοῦ
330 2379 383 2406 ὰπὸ
401 2379 452 2414 τῆς
478 2378 562 2413 μέσης
588 2377 659 2412 ζωῆς
678 2377 718 2409 εἰς
741 2377 907 2413 ὑψηλοτέραν

120 2427 193 2462 ζωὴν
207 2426 253 2453 καὶ
266 2426 406 2462 κρείττονα
420 2425 466 2451 καὶ
483 2424 536 2451 ἀπὸ
549 2424 624 2459 ἱερᾶς
637 2424 676 2455 είς
689 2422 774 2458 ἱερὰν,
789 2423 880 2455 καθὼς
893 2425 908 2451 ὁ

121 2473 217 2508 Πατὴρ
229 2471 379 2508 σαφηνίζει,
396 2472 535 2507 οὐδέτερον
549 2471 634 2497 κλίνει
651 2471 707 2496 τοῖν
724 2470 812 2496 ποδοῖν
830 2471 844 2496 ὁ
862 2479 907 2496 τε-

121 2518 264 2553 λούμενος,
286 2517 392 2544 ἴσταται
412 2517 466 2553 γὰρ
485 2517 513 2543 ὲν
532 2517 592 2552 ίερᾷ
610 2516 655 2542 καὶ
674 2515 804 2550 μοναδικῇ
821 2515 906 2548 τάξει.

120 2566 176 2593 Καὶ
194 2565 244 2600 ὅρα
265 2564 311 2590 καὶ
325 2563 412 2595 ἄλλως
427 2562 538 2598 ὁρισμὸν
559 2562 706 2597 μοναδικῆς
722 2562 843 2594 τάξεως,
862 2563 909 2588 καὶ

119 2612 146 2638 τί
159 2613 217 2638 ἐστι
233 2611 264 2638 τὺ
280 2610 423 2646 μοναχικδν
440 2609 508 2645 πρὸς
520 2609 550 2636 τὸ
563 2609 718 2644 μοναδικόν.
743 2608 842 2644 Πρώην
854 2608 909 2645 γὰρ

120 2657 261 2691 ἐλέγομεν,
276 2655 326 2687 ὅτι,
340 2655 401 2681 ἐπεὶ
416 2654 470 2681 ἀπὸ
481 2654 536 2680 τῶν
548 2653 699 2690 διαιρετῶν,
719 2653 839 2689 δηλονότι
854 2653 910 2680 τῶν

122 2702 258 2738 βιωτικῶν
274 2700 418 2736 ἐμπαοῶν,
433 2699 548 2732 ὲνίζεται
566 2699 606 2732 εἷς
622 2708 686 2727 τινα
698 2699 849 2735 σύμπτυξιν
862 2699 909 2726 καὶ

121 2749 224 2784 οεοειδῆ
245 2748 355 2785 μονάδα,
366 2747 409 2773 διὰ
421 2746 500 2773 τοῦτο
512 2746 561 2782 τὴν
573 2746 620 2772 τοῦ
638 2746 752 2782 μοναχοῦ
765 2746 909 2781 ὀνομασίαν

121 2795 312 2831 ἐκληρώσατο·
328 2793 376 2821 νῦν
397 2793 424 2819 δὲ
447 2794 495 2820 καὶ
517 2792 603 2824 ἄλλως
626 2792 739 2827 λέγομεν
762 2792 852 2824 τοῦτο,
870 2792 909 2818 ὅτι

120 2841 221 2878 δηλαδὴ
245 2840 324 2876 μόνος
347 2840 393 2866 καὶ
407 2840 457 2874 ἀφ’
483 2839 580 2866 ἑαυτοῦ
597 2838 775 2874 προσάγεται,
793 2837 839 2864 καὶ
861 2838 908 2871 ἀφ’

121 2887 219 2915 ἑαυτοῦ
252 2886 402 2923 μοναδικῶς
433 2886 540 2914 ἵσταται
565 2885 704 2920 ἑπομένως
727 2884 765 2919 τῷ
784 2885 850 2919 ἱερεῖ
871 2884 908 2915 ὡς

959 2281 1070 2316 bsimet
1084 2280 1246 2307 initiationis
1267 2279 1382 2314 principi
1399 2279 1454 2306 Deo
1478 2279 1641 2306 initiaudum
1658 2278 1745 2306 addu-

957 2332 1060 2354 cerent.
1082 2326 1132 2353 Hic
1147 2330 1249 2360 autem,
1272 2333 1334 2352 cum
1358 2332 1373 2352 a
1394 2325 1503 2353 nemine
1517 2324 1681 2356 adducatur,
1695 2323 1743 2350 sed

958 2375 1016 2408 ipse
1031 2380 1079 2408 per
1101 2379 1132 2399 se
1151 2379 1165 2399 a
1183 2372 1271 2399 media
1289 2371 1396 2398 vivendi
1416 2371 1522 2398 ratione
1541 2369 1575 2397 ad
1599 2369 1747 2398 sublimiod

958 2429 1015 2449 rem
1031 2427 1063 2447 ac
1079 2419 1306 2454 prestantiorem,
1327 2422 1355 2446 et
1372 2426 1386 2445 a
1403 2424 1484 2445 sacro
1498 2421 1570 2445 stattt
1586 2417 1619 2444 ad
1635 2423 1745 2443 sacrant

958 2472 1058 2496 statum
1075 2470 1208 2498 transeat,
1225 2471 1255 2492 ut
1273 2465 1317 2492 hic
1334 2464 1415 2492 Pater
1431 2464 1561 2496 declarat,
1584 2463 1607 2490 is
1625 2463 1671 2497 qui
1688 2463 1742 2489 ini-

959 2515 1042 2541 tiatur
1059 2517 1183 2540 neutrum
1198 2519 1266 2547 genu
1287 2511 1381 2544 ﬂectit,
1394 2510 1522 2545 quoniam
1546 2510 1571 2536 iu
1597 2516 1678 2536 sacro
1699 2515 1745 2535 so-

959 2561 1103 2594 litarioque
1125 2558 1220 2586 ordine
1244 2557 1379 2585 consistit.
1405 2556 1526 2584 Observa
1554 2556 1637 2583 etiam
1664 2554 1745 2582 aliain

959 2606 1101 2633 monastici
1117 2604 1221 2632 ordinis
1236 2603 1432 2634 deﬁnitionem,
1452 2607 1481 2629 et
1496 2601 1560 2636 quid
1576 2601 1614 2629 sit
1635 2609 1747 2637 μοναχι-

959 2651 1006 2679 κδν
1017 2652 1049 2679 ad
1060 2650 1214 2687 μοναδικόν.
1226 2649 1312 2676 Antea
1323 2649 1396 2676 enitn
1412 2647 1581 2680 dicebamus,
1596 2646 1668 2682 quod
1684 2653 1746 2673 cum

960 2698 1023 2732 quis
1035 2705 1050 2724 a
1071 2696 1198 2728 dividuis,
1213 2695 1319 2723 scilicet
1332 2694 1508 2722 saecularibus
1532 2691 1747 2728 perturbationi-

960 2744 1021 2774 bus,
1039 2743 1071 2769 ad
1087 2741 1275 2770 collectionem
1292 2739 1437 2773 quamdam
1452 2742 1481 2765 et
1504 2737 1666 2765 deil'ormem
1683 2735 1747 2763 uni-

961 2796 1043 2816 tatem
1059 2788 1240 2823 redigeretur,
1257 2793 1306 2820 per
1320 2786 1372 2812 hoc
1398 2792 1495 2812 nomen
1512 2782 1638 2811 monachi
1663 2781 1748 2808 sorti-

961 2841 1055 2862 retur:
1073 2841 1144 2861 nunc
1161 2837 1250 2859 autem
1267 2831 1347 2858 aliam
1362 2837 1470 2864 quoque
1483 2829 1579 2856 damus
1593 2827 1746 2859 rationem;

960 2889 992 2908 ex
1006 2888 1039 2908 co
1051 2879 1123 2914 quod
1139 2878 1212 2906 solus
1228 2884 1276 2913 per
1291 2876 1466 2910 semetipsum
1480 2876 1643 2907 adducatur,
1657 2878 1682 2900 et
1699 2880 1747 2907 per
