1929 3068
186 149 238 176 547

764 146 794 174 S.
813 147 966 175 DIONYSII
984 147 1215 176 AREOPAGITJE

1759 144 1813 172 548

181 215 211 235 se
231 205 382 242 μοναδικῶς
400 212 447 232 seu
465 203 584 233 solitaria
612 205 745 233 consistat
764 210 826 240 post
839 207 967 233 sacerdo-

1027 206 1117 238 ὂπαδὺς
1130 207 1177 233 ἐπὶ
1189 206 1238 241 τὴν
1253 205 1308 232 τῶν
1325 204 1406 241 ἱερῶν
1422 204 1579 238 ἐπιστήμην
1597 201 1731 234 εὐπειθῶς
1745 202 1813 237 ἀγόν

181 260 246 285 tem,
272 258 401 286 tanquam
425 251 529 279 assecla
546 251 592 285 qui
609 251 643 278 ad
663 258 805 278 sacrorum
827 251 970 279 scientiam

182 299 321 327 humiliter
340 299 455 333 aspirat.
473 297 549 324 Unde
567 297 598 323 τὸ
618 296 763 332 μοναχικὺν
785 297 885 324 dicitur
907 305 971 331 pro—

180 345 240 380 prie
255 345 290 372 de
304 344 411 376 ordine,
427 343 571 378 μοναδικὺν
584 350 650 369 vero
662 343 697 369 de
714 346 798 369 statu.
811 341 970 369 Monadicus

181 389 311 416 nimirum
335 396 383 416 seu
407 387 549 415 solitarius
572 391 660 414 status
684 387 793 418 dicitur.
808 387 872 422 quia
895 387 970 414 solus

181 435 330 463 secundum
347 434 492 460 monadem
508 433 644 460 consistit.
659 432 836 460 Monachicus
851 440 898 460 seu
913 441 970 460 mo-

181 481 303 508 nasticus
325 480 393 507 ordo
418 480 483 515 quia
511 479 672 514 simpliciter
687 484 715 507 et
733 478 920 511 uniformiter,
942 484 971 506 et

181 536 236 556 non
254 527 410 562 dupliciter,
433 525 474 552 vel
492 525 648 559 tripliciter,
663 524 706 552 vel
723 524 910 558 multipliciter
927 525 971 552 in-

181 573 303 600 stituitur
320 579 352 599 ac
371 571 549 606 gubernatur.
572 569 629 596 Hoc
652 569 734 596 etiam
753 568 797 596 illa
815 570 898 597 vestis
911 575 970 596 atra

182 627 243 654 quae
271 618 489 652 circumponitur
514 616 652 651 significat
673 627 678 644 :
703 616 839 650 siquidem
865 615 973 643 colores

1024 260 1114 286 μενος.
1128 251 1207 278 Ὅθεν
1218 252 1249 277 τὸ
1265 250 1410 287 μοναχικὸν
1425 250 1470 276 ἐπὶ
1481 249 1530 284 τῆς
1541 248 1643 281 τάξεως
1658 248 1763 282 λέγοιτο
1781 248 1815 276 ἂν

1022 298 1134 333 κυρίως,
1147 300 1178 324 τὸ
1192 297 1221 324 δὲ
1236 297 1375 332 μοναδικὸν
1390 296 1436 322 ἐπὶ
1453 295 1504 331 τῆς
1527 295 1656 326 στάσεως.
1676 295 1815 330 Μοναδικὴ

1023 343 1128 374 στάσις,
1141 343 1183 369 ὃτι
1209 343 1287 378 μόνος
1309 341 1380 369 κατά
1403 341 1504 376 μονάδα
1525 341 1648 367 ἵσταται·
1681 339 1815 376 μοναχικὴ

1021 390 1108 422 τάξις,
1121 389 1162 416 ὅτι
1175 389 1297 424 μοναχῶς
1314 389 1360 415 καὶ
1371 387 1503 419 ἑνοειδῶς,
1517 387 1565 413 καὶ
1577 387 1607 413 οὑ
1621 386 1712 421 διχῶς,
1726 386 1742 421 ἢ
1755 395 1817 421 τρι-

1021 435 1118 471 χῶς,ῆ
1138 434 1277 469 πολλαχῶς
1293 433 1473 460 πολιτεύεται.
1496 431 1580 458 Τοῦτο
1599 431 1653 467 γὰρ
1673 431 1748 466 δηλοί
1768 431 1816 457 καὶ

1024 480 1055 506 τὸ
1072 480 1205 515 ἀμφιεννύ
1210 488 1289 515 μενον
1307 479 1390 514 μέλαν
1400 487 1406 493 ·
1420 478 1455 505 τὰ
1469 478 1518 513 μὲν
1531 477 1585 513 γὰρ
1597 477 1664 504 ἄλλα
1675 476 1730 503 τῶν
1744 484 1817 512 χρω-

1027 526 1118 561 μάτων
1134 527 1174 558 εὶς
1196 526 1276 561 ἕτερα
1304 523 1518 561 μεταπεσοῖΝται
1541 523 1640 560 ῥᾳδίως
1660 523 1706 549 καὶ
1728 523 1818 549 πάντα

1025 573 1065 603 είς
1081 571 1113 598 τὸ
1127 571 1220 607 μέλαν,
1231 572 1262 598 τὺ
1275 571 1303 597 δὲ
1321 571 1404 606 μέλαν
1419 570 1469 596 οὐκ
1481 569 1539 596 ἐστι
1559 568 1759 604 μεταϐληθῆναι
1775 567 1816 598 εἰς

1025 617 1118 653 ἕτερον
1130 617 1229 653 χρῶμα
1242 616 1360 643 πώποτε.

183 665 229 691 alii
245 664 272 691 in
293 664 362 692 alios
376 662 628 696 facilemutantur,
656 666 684 689 et
699 669 795 689 omnes
818 661 845 688 in
872 661 1011 696 nigrum,.
1031 663 1079 690 sed
1103 663 1181 698 niger
1203 663 1280 691 color
1307 664 1333 690 in
1361 662 1445 690 alium
1475 668 1615 696 nunquam
1639 660 1739 688 mutari
1765 667 1815 695 po-

184 714 247 737 test.

217 755 274 792 §ll.
293 755 447 782 Divisarum
477 759 568 782 autent
594 761 626 781 ac
654 753 826 781 saecularium
851 754 970 782 vitarum

182 807 264 836 atque
279 802 389 835 insuper
405 801 629 834 imaginationum
644 800 811 827 renuntiatio
826 800 972 834 perfectis-

182 848 279 874 simam
300 846 420 874 declarat
440 845 640 880 philosophiam
657 854 664 871 :
678 845 807 879 quoniam
823 853 838 872 a
853 844 972 872 dividuis

1058 753 1072 789 ᾗ
1085 753 1118 780 ll.
1130 753 1163 780 Ἦ
1175 753 1204 780 δὲ
1219 753 1342 789 ἀποταγὴ
1356 753 1411 780 τῶν
1424 752 1559 789 μεριστῶν
1572 753 1619 779 καὶ
1632 751 1702 779 κατὰ
1712 752 1816 788 κόσμον

1024 797 1110 831 ζωῶν,
1119 797 1197 825 ἔτιδὲ
1208 800 1255 826 καὶ
1266 799 1430 834 φαντασιῶν,
1442 799 1491 834 τὴν
1503 798 1673 833 τελειοτάτην
1686 798 1815 833 ἐμφαίνει

1025 845 1199 880 φιλοσοφίανο
1225 846 1386 873 ἑνοποιεῖται
1407 846 1461 882 γὰρ
1477 847 1537 877 ταῖς
1556 845 1669 877 ὲνιαίαις
1692 845 1814 877 ἐντολαῖς

183 893 322 925 recedens,
345 892 433 920 unicis
452 892 505 920 illis
520 892 622 919 Christi
640 891 747 919 Domini
764 891 900 919 mandatis
915 891 973 918 uui-

1027 891 1071 917 τοῦ
1095 892 1229 919 Δεσπότου
1255 892 1373 928 Χριστοῦ
1395 892 1449 919 τῶν
1471 891 1606 927 μεριστῶν
1619 891 1812 926 ἀφιστάμενος.

184 938 286 966 ticatur.
307 937 400 972 Neque
417 938 489 964 enim
506 943 548 965 est
567 938 650 965 medii
667 937 772 965 ordinis
789 937 974 968 initiatorum,

182 983 287 1011 scilicet
299 984 511 1011 illuminalorum
525 987 553 1011 et
565 991 708 1011 sacrorum
721 983 855 1010 laicorum
870 991 876 1010 ε
891 982 975 1009 multa

183 1029 256 1055 enim
270 1029 395 1056 monachi
411 1029 501 1056 facere
516 1029 708 1064 prohibentur,
722 1036 839 1064 quorum
859 1027 975 1055 facultas

182 1079 210 1102 et
225 1079 346 1108 potestas
364 1074 440 1102 laicis
462 1079 515 1108 est,
529 1079 559 1102 ut
572 1080 648 1108 sunt,
671 1075 791 1110 nuptias,
807 1075 931 1101 militiam
947 1079 975 1102 et

183 1121 347 1148 commercia
374 1121 560 1155 frequentare,
584 1126 612 1148 et
635 1121 748 1153 similia,
771 1128 832 1156 quae
856 1121 884 1148 in
906 1120 975 1148 laico

184 1175 238 1194 non
259 1167 432 1194 damnantur.
453 1166 503 1194 Ubi
525 1171 588 1194 nota
613 1167 715 1194 dictum
738 1166 874 1201 quoddam
892 1166 974 1202 260

184 1213 250 1240 utile
275 1219 370 1240 contra
403 1212 614 1247 Lampetiauos,
639 1213 697 1240 sive
721 1212 900 1246 Masalianos,
927 1217 975 1240 aut

184 1259 379 1293 Adelphianos,
404 1259 457 1292 Vel,
478 1259 551 1294 quod
568 1259 639 1286 idem
661 1258 745 1290 valet,
768 1258 972 1292 Marcianistas,

185 1305 230 1340 qni
247 1305 397 1332 triennium
417 1304 506 1332 solum
521 1304 644 1332 tribuunt
665 1305 831 1338 competenti
848 1303 973 1332 sanctiﬁ-

184 1350 297 1383 cationi,
313 1357 345 1377 ac
361 1355 457 1384 postea
475 1349 638 1384 permissam
654 1349 813 1376 existimant
831 1357 891 1377 esse
914 1357 972 1377 om-

185 1403 247 1422 nem
269 1394 417 1427 lasciviam,
439 1401 500 1421 cum
524 1400 606 1421 sensu
627 1394 733 1429 spoliati
760 1394 914 1422 istiusmodi
931 1395 972 1422 la-

186 1440 283 1466 borent
298 1439 436 1474 passione.
451 1437 550 1465 Verum
574 1439 698 1466 monachi
715 1446 770 1473 pra:
791 1440 901 1468 castoris
924 1441 972 1468 de—

186 1487 252 1514 bent
268 1487 302 1513 ad
325 1486 521 1513 sacerdmalem
542 1486 649 1514 vivendi
668 1487 800 1514 rationem
822 1485 969 1518 eﬂ‘ormari,

186 1533 287 1567 quippe
308 1532 354 1566 qui
379 1538 435 1566 prae
455 1531 563 1558 caeteris
587 1531 704 1559 initiatis
720 1539 781 1559 cum
803 1533 856 1559 isto
875 1531 972 1558 ordine

188 1578 318 1612 majorem
338 1577 455 1604 habeant
477 1576 654 1610 aﬂinitatem,
674 1578 712 1605 uti
737 1585 820 1612 supra
844 1577 972 1607 diximus.

188 1630 358 1658 nequaquam
390 1622 462 1650 facta
490 1623 695 1657 comparatione
717 1630 779 1650 cum
803 1623 918 1650 initiatis
942 1622 975 1650 iis

188 1669 233 1700 qui
249 1676 376 1703 suprema
390 1669 600 1697 consecratione
613 1669 715 1696 initiati
730 1673 805 1701 sunt,
820 1669 846 1696 id
857 1674 900 1697 est
916 1676 974 1704 per-

187 1714 267 1742 fectis
287 1715 412 1750 (perfecti
429 1715 502 1742 enim
527 1720 591 1742 sunt
605 1716 650 1750 qui
673 1723 722 1750 per
737 1715 912 1750 baptismum,
928 1715 975 1749 qui

188 1769 237 1795 per
257 1761 423 1794 unctionem,
440 1762 485 1796 qui
503 1769 551 1796 per
563 1761 791 1795 communionem,
808 1762 854 1797 qui
871 1769 918 1797 per
931 1768 976 1788 or-

188 1806 353 1833 dinationem
369 1811 434 1834 sunt
448 1807 641 1843 consummati)
664 1808 710 1835 sed
725 1815 787 1835 cum
803 1808 837 1835 iis
853 1807 900 1842 qui
925 1808 976 1834 ini-

189 1850 301 1882 tiantur,
314 1851 340 1877 id
351 1855 391 1877 cst
402 1851 447 1885 qui
461 1851 615 1886 expiantur,
624 1853 764 1885 docentur,
778 1853 974 1879 illuminautur.

188 1897 322 1930 Quoniam
335 1898 423 1924 omnis
435 1898 545 1932 quidem
556 1898 602 1932 qui
617 1899 758 1933 perficitur
773 1899 905 1931 initiatur,
921 1905 975 1925 non

188 1944 277 1971 omnis
298 1948 389 1970 autem
406 1945 452 1979 qui
465 1944 592 1971 initiatur
604 1945 686 1972 etiam
702 1945 849 1979 perficitur.

226 1989 296 2025 §l|l.
318 1989 430 2023 Signum
446 1997 513 2016 vero
531 1990 626 2022 ﬁgurat
653 1991 744 2018 crucis
769 1990 893 2025 designat
915 1997 975 2017 ces-

189 2038 322 2065 sationem
338 2037 490 2065 carnalium
509 2037 725 2070 desideriorum;
750 2042 871 2070 tonsura,
892 2037 975 2064 vitam

189 2091 284 2118 puram
305 2088 333 2111 et
347 2083 459 2110 minime
483 2083 602 2110 fucatam
617 2094 624 2111 :
640 2090 655 2110 a
671 2083 880 2117 supervacaneis
903 2083 975 2110 enim

189 2130 325 2163 expiatur,
341 2129 377 2156 ita
391 2134 422 2156 ut
440 2137 492 2156 non
509 2129 590 2156 liceat
629 2128 776 2156 ascititium
794 2136 878 2155 coma:
893 2135 976 2155 orna-

190 2180 311 2203 mentum
328 2182 480 2208 assumere.
496 2175 542 2202 sed
559 2179 729 2202 venustatem
744 2176 861 2202 maxime
875 2174 976 2202 deifor-

190 2229 273 2254 mem,
290 2221 434 2249 mentalem
447 2221 555 2248 scilicet
566 2225 594 2248 et
609 2220 724 2248 unitam.

224 2267 238 2303 ς
254 2266 298 2294 ιν.
317 2266 411 2293 Vestes
423 2268 565 2293 insinuant
583 2265 689 2292 vivendi
703 2266 824 2294 rationes
838 2274 846 2294 :
860 2266 905 2294 illa
916 2268 977 2301 qui-

190 2313 251 2340 dem
265 2320 325 2348 qua:
340 2313 498 2346 deponitur.
512 2312 630 2346 priorem
646 2311 719 2338 illam
733 2311 844 2345 laicam,
857 2312 900 2339 illa
914 2319 977 2340 vero

190 2366 250 2392 quae
264 2359 424 2391 assumitur,
448 2358 643 2393 perfectiorem
668 2358 740 2385 hanc
763 2362 791 2385 et
816 2358 975 2386 meliorem:

191 2405 261 2431 sicut
278 2404 360 2431 etiam
377 2404 402 2430 in
418 2405 552 2438 baptismo
574 2403 660 2431 vestis
682 2403 729 2430 illa
749 2404 914 2438 permutatio
928 2405 976 2431 de-

190 2450 314 2485 signabat
325 2451 395 2484 ejus,
407 2451 453 2484 qui
467 2457 516 2484 per
529 2450 727 2478 institutionem
740 2450 864 2484 expiatus
876 2450 975 2483 fuerat,

191 2497 275 2523 vitam
291 2496 324 2523 ad
340 2496 540 2530 contemplandi
558 2501 586 2523 et
607 2495 780 2523 illuminandi
805 2500 904 2523 statum
923 2501 977 2523 tra-

191 2542 263 2570 duci.
288 2543 441 2570 Omittenda
467 2543 512 2570 hic
537 2543 625 2577 prima
650 2543 695 2570 illa
719 2544 976 2570 catechumenorum

192 2589 353 2621 denudatio,
377 2589 511 2623 siquidem
533 2589 579 2616 illa
598 2590 720 2616 sordium
752 2594 927 2617 externorum
950 2594 977 2616 et

193 2634 294 2661 erroris
309 2635 506 2668 depositionem
524 2635 646 2667 exhibet,
669 2634 798 2669 quacirca
812 2634 842 2661 fit
858 2635 975 2668 eminus,

192 2685 220 2707 et
235 2686 313 2707 extra
333 2688 439 2708 sacrum
455 2682 607 2716 'templum.
632 2681 767 2709 Caeterum
792 2688 911 2716 agnosco
934 2681 977 2708 hic

192 2727 349 2754 societatem
365 2727 439 2754 illam
454 2736 486 2755 ac
502 2728 623 2755 divinam
646 2727 767 2755 laetitiam
787 2735 835 2762 per
853 2727 975 2755 osculqu

192 2780 239 2799 scu
256 2773 410 2808 amplexum
427 2774 607 2808 designatam.

227 2859 241 2894 ᾗ
258 2859 288 2886 V.
306 2859 364 2888 Sub
388 2860 467 2889 finem
484 2862 600 2898 denique
616 2861 799 2889 communicat
815 2862 838 2890 is
860 2862 906 2897 qui
931 2869 974 2889 re-

1027 939 1095 965 υὺδὲ
1108 938 1162 975 γὰρ
1175 939 1224 974 τῆς
1247 939 1332 974 μέσης
1347 938 1400 965 τῶν
1423 938 1592 973 τελουμένων
1615 937 1674 964 ἐστὶ
1694 937 1813 969 τάξεως,

1025 985 1147 1020 δηλονάτι
1162 984 1216 1011 τῶν
1233 985 1422 1020 φωτιζομένων
1439 985 1485 1012 καὶ
1499 983 1579 1020 ἱερῶν
1594 983 1711 1011 λαῖκῶν·
1730 983 1816 1011 πολλὰ

1025 1030 1080 1066 γὰρ
1101 1030 1233 1057 κωλύεται
1255 1031 1269 1056 ό
1291 1030 1405 1066 μοναχὸς
1433 1031 1530 1062 ποιεῖν,
1551 1026 1587 1056 ὧν
1614 1029 1638 1056 οἱ
1654 1029 1742 1056 λαῖκοὶ
1763 1029 1816 1064 τὴν

1025 1075 1174 1111 ἐπιτροπὴν
1196 1075 1243 1102 καὶ
1262 1074 1311 1111 τὴν
1339 1075 1460 1108 ἐξουσίαν
1485 1076 1592 1110 ἔχουσι·
1614 1074 1644 1102 τὺ
1663 1075 1690 1102 δέ
1710 1076 1779 1102 εἰσιν
1799 1075 1815 1102 ὁ

1024 1121 1121 1156 γάμος,
1141 1121 1188 1147 καὶ
1201 1121 1231 1148 τὸ
1244 1121 1398 1156 στρατείαις
1419 1121 1466 1148 καὶ
1479 1120 1622 1156 ἐμπορίαις
1636 1120 1749 1155 ὁμιλεῖν,
1765 1120 1815 1147 καὶ

1024 1166 1136 1202 ἑτέροις,
1147 1167 1175 1192 ὲν
1189 1163 1228 1198 οἷς
1242 1167 1255 1192 ὁ
1267 1165 1357 1198 λαῐκὺς
1371 1166 1400 1192 οὐ
1412 1166 1614 1202 κατακρίνεται.
1626 1166 1679 1191 Καὶ
1693 1166 1815 1201 σημείω-

1025 1221 1069 1239 σαι
1080 1212 1110 1238 τὸ
1127 1211 1220 1248 ῥητὸν.
1232 1212 1272 1238 ὅτι
1291 1213 1426 1247 χρήσιμον
1442 1211 1513 1238 κατά
1529 1210 1739 1246 Λαμπετιανῶν,
1753 1210 1814 1245 ἦτοι

1023 1257 1203 1284 Μασαλιανῶν
1223 1257 1240 1293 ἢ
1260 1257 1446 1292 Ἀδελφιανῶν,
1469 1256 1568 1283 ταὺτὶν
1586 1256 1614 1283 δε
1630 1257 1717 1283 εἰπεῖν
1735 1255 1816 1291 Μαρ-

1023 1304 1178 1337 κιανιστῶν,
1199 1304 1295 1336 οἵτινες
1311 1304 1430 1340 τριετίαν
1461 1304 1543 1340 μόνην
1567 1303 1750 1339 νομοθετοῦσι,
1765 1303 1815 1330 καὶΙ

1023 1350 1092 1386 ὑπὲρ
1106 1350 1136 1377 τδ
1152 1350 1290 1386 προσῆκον
1302 1350 1470 1384 ἁγνίζεσθαι,
1491 1349 1538 1376 καὶ
1555 1349 1624 1385 μετά
1635 1349 1720 1376 ταῦτα
1738 1349 1816 1384 ἐφει-

1024 1397 1106 1433 μένην
1120 1397 1210 1432 ἔχουσι
1223 1398 1312 1424 πᾶσαν
1324 1397 1478 1431 ἀσέλγειαν,
1489 1397 1657 1433 ἀναισθήτως
1673 1397 1815 1427 νοσοῦντες

1021 1443 1070 1479 τὴν
1093 1443 1254 1479 ὲμπὰθειαν.
1283 1442 1351 1470 Ἀλλ’
1374 1443 1398 1469 oi
1420 1443 1530 1478 μοναχοὶ
1555 1443 1622 1478 πρὸς
1645 1444 1701 1474 τοῖς
1724 1442 1816 1474 ἀλλοις

1021 1490 1157 1525 ὀφείλουσι
1178 1490 1247 1525 πρὸς
1265 1489 1313 1526 τὴν
1328 1489 1466 1525 ἱερατικὴν
1485 1489 1711 1525 ἀπομορφοῦσθαι
1728 1487 1814 1524 ζωὴν,

1022 1536 1060 1569 ὡς
1073 1537 1171 1572 μᾶλλον
1191 1537 1259 1572 αὐτῇ
1279 1536 1472 1572 πλησιάζοντες
1491 1536 1566 1572 παρὰ
1582 1535 1632 1568 τὰς
1647 1535 1743 1567 λοιπὰς
1758 1535 1816 1563 τῶν

1024 1582 1191 1617 τελουμένων
1206 1581 1313 1615 τάξεις,
1336 1580 1426 1613 καθὼς
1445 1581 1574 1617 ἐλέγομεν
1597 1581 1762 1617 ἔμπροσθεν,
1781 1582 1814 1608 οὗ

1025 1627 1092 1664 πρὸς
1111 1627 1161 1659 τὰς
1182 1627 1292 1660 τελετὰς
1313 1628 1367 1654 τῶν
1381 1627 1473 1663 ἄκρως
1492 1627 1670 1663 τελουμένων,
1692 1627 1814 1663 δηλονότι

1024 1672 1078 1699 τῶν
1093 1672 1194 1699 τελειου
1200 1672 1287 1708 μένων
1298 1673 1347 1709 τῆς
1360 1673 1529 1708 συγκρίσεως
1539 1671 1684 1707 γινομένης
1694 1680 1705 1693 ἠ
1713 1672 1744 1698 οὺ
1759 1671 1816 1706 γὰρ

1025 1716 1086 1745 εἷπε
1109 1717 1162 1744 τῶν
1181 1717 1377 1752 τελειουμένων
1409 1716 1599 1752 (τελειοὺμενοι
1622 1716 1675 1751 γάρ
1699 1717 1767 1742 εἰσιν
1788 1716 1814 1742 οἱ

1024 1762 1068 1789 διὰ
1081 1761 1128 1789 τοῦ
1149 1762 1345 1798 βαπτίσματος,
1359 1763 1384 1788 οἱ
1398 1762 1442 1789 διὰ
1452 1762 1502 1797 τῆς
1518 1762 1643 1797 κρίσεως,
1662 1763 1686 1788 οἱ
1703 1761 1747 1788 διὰ
1762 1761 1814 1796 τῆς

1027 1807 1212 1843 μεταλήψεως,
1223 1808 1246 1834 οἱ
1259 1808 1303 1834 διὰ
1316 1808 1366 1843 τῆς
1383 1807 1578 1843 χειροτονίας),
1597 1806 1665 1833 ἀλλά
1685 1806 1814 1842 τελουμέ-

1025 1863 1088 1886 νων,
1112 1854 1210 1889 δηλαδὴ
1235 1854 1449 1889 καθαιρομένων,
1468 1853 1678 1888 διδασκομένων,
1697 1853 1814 1887 φωτιζο-

1028 1902 1124 1937 μένων.
1140 1902 1220 1927 Ὥστε
1237 1901 1291 1931 πᾶς
1308 1900 1493 1935 τελειούμενος
1509 1900 1556 1926 καὶ
1567 1899 1693 1933 τελεῖται,
1710 1900 1740 1926 οὒ
1759 1900 1816 1935 μὴν

1025 1947 1054 1973 δὲ
1066 1948 1119 1978 πᾶς
1132 1946 1291 1982 τελούμενος
1302 1945 1460 1972 τελειοῦται.

1061 1993 1074 2028 §
1088 1993 1129 2019 lll.
1153 1993 1185 2019 Ἡ
1199 1992 1374 2028 σταυροειδὴς
1389 1992 1418 2018 δὲ
1438 1990 1519 2018 πάλιν
1535 1992 1662 2027 σφραγὶς,
1683 1992 1732 2027 τὴν
1749 1993 1814 2019 ἀνε-

1026 2038 1171 2074 νεργησίαν
1182 2037 1255 2073 δηλοῖ
1268 2038 1322 2064 τῶν
1335 2037 1471 2072 σαρκικῶν
1482 2037 1606 2073 ὀρέξεων·
1620 2039 1636 2073 ἡ
1649 2038 1813 2073 ἀπόκαρσις,

1027 2084 1148 2120 καθαρὰν
1171 2085 1217 2111 καὶ
1241 2084 1442 2119 ἀσχημάτιστον
1462 2084 1550 2118 ζωήν·
1573 2083 1732 2118 καθαίρεται
1758 2084 1815 2118 γὰρ

1026 2129 1080 2156 τῶν
1093 2130 1315 2165 περιττωμάτων,
1331 2130 1376 2155 καὶ
1389 2129 1439 2155 οὐκ
1450 2128 1506 2155 ἐστι
1521 2128 1565 2155 διὰ
1581 2128 1631 2162 τῆς
1646 2128 1733 2164 κόμης
1752 2128 1815 2155 ὲπι-

1027 2173 1132 2199 θετικὸν
1143 2173 1239 2204 κάλλος
1252 2173 1409 2207 λαμϐάνειν,
1425 2172 1492 2199 ἀλλὰ
1508 2173 1604 2205 κάλλος
1616 2173 1814 2200 θεοειδέστατον

988 2225 1010 2252 D
1025 2219 1095 2248 κατὰ
1109 2219 1171 2246 νοῦν
1186 2220 1232 2245 καὶ
1246 2220 1354 2246 ὲνιαῖον.

1063 2272 1076 2308 §
1091 2272 1135 2299 IV.
1153 2272 1185 2298 At
1200 2271 1313 2306 ἐσθῆτες
1325 2270 1375 2303 τὰς
1390 2270 1461 2303 ζωὰς
1481 2270 1740 2305 ὑπεμφαίνουσιν·ή
1762 2269 1814 2305 μὲν

1026 2318 1059 2354 ἣν
1074 2318 1265 2350 ἀποϐάλλεται,
1279 2318 1328 2353 τὴν
1346 2317 1480 2353 προτέραν
1500 2317 1547 2343 καὶ
1565 2316 1676 2351 λαῖκήν⁸
1699 2317 1716 2351 ἡ
1736 2316 1765 2342 δὲ
1779 2316 1814 2351 ἣν

1026 2364 1213 2399 ἀμφιέννυται,
1226 2363 1276 2399 τὴν
1290 2363 1458 2398 τελειοτέραν
1475 2362 1576 2398 ταύτην
1593 2363 1639 2388 καὶ
1653 2362 1794 2397 κρείττονα
1803 2370 1810 2376 ·

1026 2410 1149 2445 καθάπερ
1161 2409 1208 2436 καὶ
1225 2409 1271 2435 ἐπὶ
1287 2407 1333 2434 τοῦ
1356 2407 1539 2442 βαπτίσματος
1552 2407 1602 2440 τὴν
1619 2407 1673 2433 ἀπὸ
1693 2407 1741 2441 τῆς
1762 2415 1798 2432 κα

1027 2455 1189 2490 θαιρομένης
1207 2454 1252 2481 διὰ
1274 2454 1323 2489 τῆς
1342 2453 1513 2484 διδασκαλίας
1537 2452 1610 2489 ζωῆς
1625 2453 1663 2484 εἰς
1683 2452 1815 2487 θεωρητι-

1027 2501 1077 2536 κὴν
1105 2501 1151 2527 καὶ
1167 2499 1331 2535 φωτιστικὴν
1352 2500 1408 2532 ἕξιν
1430 2498 1604 2533 ἀναγωγὴνὴ
1625 2498 1675 2532 τῆς
1698 2498 1812 2533 ἐσθῆτος

1026 2545 1119 2581 ἐδήλου
1130 2545 1300 2580 ἁντάμειψις.
1318 2545 1425 2571 Ἑατέον
1435 2544 1482 2571 νῦν
1496 2545 1602 2579 εκείνην
1615 2544 1663 2579 τὴν
1676 2543 1812 2578 προτέραν

1026 2591 1079 2618 τῶν
1108 2591 1318 2626 κατηχουμένων
1348 2591 1536 2625 ἀπαμφίασιν·
1563 2589 1654 2624 ἐκείνη
1684 2588 1737 2623 γὰρ
1761 2588 1812 2622 τὴν

1025 2637 1079 2664 τῶν
1103 2636 1201 2670 ἔξωθεν
1224 2636 1408 2672 ρυπασμάτων
1429 2635 1476 2661 καὶ
1495 2635 1544 2669 τῆς
1559 2634 1661 2668 πλάνης
1682 2632 1812 2659 ἀπόθεσιν

1027 2683 1157 2718 παριστᾷ,
1173 2681 1220 2708 καὶ
1235 2681 1279 2707 διὰ
1294 2681 1372 2707 τοῦτο
1394 2681 1440 2707 καὶ
1455 2681 1549 2716 τιόρρω
1567 2688 1618 2706 που
1634 2679 1680 2705 καὶ
1694 2678 1746 2711 ἔξω
1762 2677 1811 2703 τοῦ

1026 2726 1100 2762 ἱεροῦ
1115 2725 1178 2752 ναοῦ
1195 2725 1308 2759 γίνεται.
1324 2725 1378 2759 Τὴν
1395 2725 1485 2759 μέντοι
1499 2733 1531 2758 γε
1546 2724 1686 2750 κοινωνίαν
1701 2722 1748 2749 καὶ
1760 2722 1811 2757 τὴν

1026 2771 1099 2798 θείαν
1128 2769 1296 2805 εὐφροσύνην
1320 2769 1365 2796 διὰ
1390 2770 1437 2796 τοῦ
1467 2768 1612 2803 ἀσπασμοῦ
1642 2766 1811 2804 δηλουμένην

1027 2815 1154 2853 μάνθανε.

1061 2862 1075 2898 §
1091 2862 1121 2890 γ.
1145 2862 1206 2888 Ἐπὶ
1222 2862 1292 2889 τέλει
1311 2863 1338 2889 δε
1352 2863 1399 2890 καὶ
1414 2862 1467 2889 τῶν
1487 2862 1566 2898 ἱερῶν
1581 2861 1736 2898 μυστηρίων
1753 2867 1811 2885 κοι-
