1929 3068
95 168 147 200 560

363 165 407 193 DE
423 162 564 192 ECCLES.
582 155 780 190 IIIERARCH.,
799 156 876 185 CAP.

957 169 992 175 —-
1004 151 1180 181 PARAPlIR,
1199 148 1431 178 ΡΛΟΙΙῩΜΕΠΔΞ.

1665 149 1717 178 550

93 230 174 258 νωνεῖ
189 229 202 254 ὁ
216 225 351 256 τελεσθεὶς
370 224 431 259 ήδη,
443 223 483 249 ὅτι
496 221 543 248 καὶ
559 220 629 256 ὑπὲρ
642 219 692 254 τὴν
709 217 794 254 μέσην
804 215 881 248 τάξιν

950 219 1000 238 cns
1013 211 1136 238 initiatus
1149 213 1203 240 est,
1216 207 1344 242 quoniam
1361 206 1479 233 medium
1493 205 1569 233 illum
1583 206 1718 239 ordinem,

95 277 139 312 (ἣν
161 272 341 309 θεωρητικὴν,
360 270 397 302 ὼς
415 269 526 304 θεωρεῖν
548 267 602 293 τῶν
622 265 712 296 θείων,
728 263 811 298 φησι,
830 262 879 312 τὴν

95 308 143 349 τοῦ
161 308 235 355 ἱεροῦ
258 317 323 344 λαοῦ
347 315 457 351 δηλαδὴ)
485 315 499 340 ὁ
525 312 644 343 τοιοῦτός
675 312 750 336 ἐστι·
773 308 880 355 μετέχει

95 367 151 402 γὰρ
170 354 217 393 καὶ
232 363 359 398 γνώσεως
378 361 463 396 ἱερᾶς,
485 359 532 386 καὶ
545 358 606 385 καθ’
617 358 679 384 ὅσον
691 356 731 382 Evt
751 355 818 390 πρὸς
832 354 881 402 τῂν

97 400 237 450 ίερατικὴν
250 411 404 445 ἐπιστήμην
422 405 609 442 ἀφομοιοῦται.
626 404 670 430 Διδ
690 403 739 450 ,καὶ
762 402 808 428 ἐπὶ
819 400 882 450 ᾼτῶν

98 448 248 494 ἱερουργῶν
267 456 339 482 ἐστιν
359 455 432 485 ίδείν,
446 454 487 480 ὅτι
506 451 564 487 μεθ’
579 451 593 477 ὃ
607 449 779 485 πληρώσουσι
793 448 882 474 πᾶσαν

97 506 147 541 τὴν
164 502 322 531 ἀκολουθίαν
337 501 387 536 τῆς
407 498 575 534 άγιαστείας,
587 497 616 523 ὲν
630 495 701 522 τέλει
714 494 768 541 τῶν
784 500 885 541 μυστη-

100 536 164 587 ρίων
186 547 359 576 κοινωνοῦσι·
378 545 414 580 μὴ
429 544 518 580 μόνον,
534 544 574 570 ὅτι
595 542 684 576 πάσης
708 539 782 574 ἱερᾶς
804 536 884 587 μεθέ-

99 585 167 630 ξεως
181 597 198 631 ἡ
215 595 268 620 τῶν
286 593 364 620 θείων
381 590 537 628 μυστηρίων
558 587 706 624 μετάληψις
723 585 824 612 ἔστιτὸ
841 592 886 631 κεῖ

99 629 223 677 (ράλαιον,
246 639 302 666 ἀλλ’
326 639 365 664 ὅτι
390 638 438 664 καὶ
465 635 550 670 αὐτῆς
575 634 625 668 τῆς
654 631 814 665 κοινωνικῆς
839 629 887 677 καί.

100 675 241 719 θειοτάτης
264 683 367 719 δωρεᾶς
389 683 416 708 αἱ
435 680 507 716 ἱεραὶ
534 679 674 714 μετέχουσι
694 676 794 709 τάξεις,
817 675 888 702 κατὰ

99 732 150 767 τὴν
165 729 307 763 ἀναλογίαν
320 728 370 763 τῆς
390 725 533 760 ἀναγωγῆς
549 723 647 750 αὐτῶν.
664 723 739 758 Ἔχει
761 721 789 747 δὲ
809 721 888 767 τοῦτο

100 766 232 812 διαφορὰν
249 774 316 810 πρὸς
327 774 357 799 τὸ
372 772 514 808 πρότερον,
528 771 569 796 ὅτι
583 770 641 796 ἐκεῖ
653 768 738 802 λέγει,
750 767 795 793 διὰ
810 766 889 793 τοῦτο

101 823 156 850 τῶν
181 820 336 857 μυστηρίων
359 815 670 854 μεταλαμϐάνουσιν,ἅτι
691 813 770 840 τοῦτό
787 814 843 839 ἐστι
858 812 889 839 τὺ

102 867 250 902 κεφάλαιον
264 866 314 900 τῆς
328 865 390 900 ὅλης
409 862 499 889 αὐτῶν
514 861 589 897 ἱερᾶς
603 860 737 896 πράξεως,
752 859 790 891 ὡς
805 859 888 894 χωρὶς

102 913 154 947 τῆς
172 911 346 947 μεταλήψεως
362 909 452 944 τυχὸν,
469 907 506 943 μὴ
525 904 579 933 οἷόν
591 915 621 932 τε
635 904 703 932 εἶναι
716 904 889 939 τελειωθῆναι

103 959 153 994 τὴν
169 957 244 993 ἱεράν
263 956 351 983 αὐτῶν
366 955 474 991 πρᾶξιψ
489 954 604 980 ἐνταῦθα
617 953 645 979 δὲ
662 953 745 986 λέγει,
756 951 799 978 διὰ
812 950 890 977 τοῦτο

103 1004 154 1040 τὴν
172 1001 315 1029 κοινωνίαν
327 1000 459 1035 γίνεσθαι,
471 999 508 1031 ὼς
525 998 628 1034 δωρεάν
639 997 738 1033 δηλαδὴ
749 996 797 1022 τοῦ
817 995 890 1031 ἱεροῦ

105 1052 194 1078 αὐτῶν
208 1050 291 1077 κόπου
310 1050 356 1076 καὶ
374 1049 423 1084 τῆς
442 1048 517 1079 θείας
532 1047 693 1083 ὑπηρεσίας.
709 1045 789 1072 Κατὰ
805 1044 891 1071 ταῦτα

105 1097 171 1132 γοῦν
190 1097 312 1123 κοινωνεί
332 1095 378 1122 καὶ
395 1093 409 1120 ὁ
426 1093 561 1125 τελεσθεὶς
584 1092 698 1128 μοναχδς
719 1091 773 1117 τῶν
791 1098 893 1125 μυστη-

107 1139 212 1176 ρίων,ἢ
227 1138 459 1174 συγκεφαλαίωσιν
477 1137 545 1172 ἔχων
560 1137 686 1164 ἁπάντων
699 1135 754 1162 τῶν
771 1135 831 1162 καθ’
845 1135 894 1161 αὑ-

106 1187 152 1213 τὸν
166 1185 214 1221 τὴν
239 1185 315 1221 ἱερὰν
338 1184 497 1220 μετάληψιν,
519 1184 535 1219 ἦ
554 1183 606 1218 μὴν
624 1183 673 1218 τὴν
697 1182 771 1208 θείαν
790 1181 893 1217 δωρεὰν

106 1233 260 1268 δεχόμενος,
281 1232 338 1258 ἀνθ’
353 1228 390 1257 ὦν
409 1232 448 1262 είς
464 1230 591 1265 τοιαύτην
607 1227 744 1255 πολιτείαν
764 1228 892 1262 κατέστη.

107 1279 223 1312 Συνάγει
243 1277 344 1308 τοίνυν,
369 1277 406 1308 ὡς
431 1277 459 1302 αἱ
482 1276 587 1302 τελεταὶ
611 1274 743 1309 κάθαρσίς
762 1275 824 1305 είσι,
847 1273 894 1300 καὶ

109 1320 259 1356 φωτισμὸς,
275 1321 322 1346 καὶ
342 1320 495 1351 τελείωσις·
515 1320 562 1345 καὶ
583 1319 611 1345 αἱ
630 1319 749 1353 τάξειςή
772 1318 819 1353 μὲν
841 1317 895 1344 τῶν

108 1366 238 1392 διακόνων
250 1366 439 1402 καθαρτικὴ,ἡ
452 1366 481 1392 δὲ
494 1365 548 1391 τῶν
561 1366 656 1401 ἱερέων
669 1365 853 1399 φωτιστικὴ,ἠ
867 1364 895 1390 δὲ

109 1411 164 1438 τῶν
186 1411 333 1447 ἀρχιερέων
349 1411 507 1446 τελεοτική·
527 1412 573 1437 καὶ
586 1411 610 1437 οἱ
630 1410 793 1445 τελούμενοι,
807 1410 831 1435 οἱ
848 1418 896 1435 κα-

110 1456 275 1491 Θαιρόμενοι,
291 1456 329 1483 ἔτι
350 1458 397 1484 καὶ
416 1457 465 1492 τῆς
481 1456 622 1488 κοινωνίας
645 1456 692 1482 καὶ
711 1456 761 1490 τῆς
784 1455 897 1490 ὲποψίας

110 1502 248 1536 ἀμέτοχοι,
263 1503 286 1529 oi
307 1502 512 1538 κατηχούμενοι,
526 1503 550 1528 οἱ
565 1502 737 1538 θεωρητικοὶ,
749 1503 763 1528 ὁ
781 1501 854 1533 λαὸς,
871 1501 896 1527 οἱ

932 258 1003 285 sacri
1017 256 1121 284 scilicet
1143 254 1234 289 populi
1251 254 1342 288 (quem
1366 253 1466 279 divinis
1485 253 1621 288 mysteriis
1645 252 1719 286 aspi-

932 302 1037 330 ciendis
1055 305 1228 328 contuentem
1248 306 1295 325 seu
1319 298 1546 332 contemplantem
1564 298 1653 333 vocat)
1669 306 1720 324 ex-

933 349 1006 377 cedit
1020 357 1026 375 :
1044 355 1105 375 nam
1123 351 1151 374 et
1164 353 1250 373 sacra:
1269 344 1434 379 cognitionis
1451 345 1588 378 particeps
1601 345 1720 376 exsistit,

933 399 959 422 et
975 398 1106 428 quantum
1126 391 1167 419 fas
1180 396 1231 421 est,
1249 391 1282 416 atl
1303 390 1498 418 sacerdotalem
1518 390 1661 417 scientiam
1678 398 1722 419 ac-

934 441 1017 468 cedit.
1040 439 1213 473 Quapropter
1225 437 1349 463 videmus
1364 436 1448 463 etiam
1468 436 1494 463 in
1515 437 1602 464 sacris
1619 435 1724 464 ordini-

934 488 1000 518 bus.
1023 487 1074 514 sub
1090 486 1171 513 tinem
1197 483 1353 511 eorumdem
1377 482 1558 509 sanctissima:
1577 489 1723 509 consecra-

935 533 1019 560 tionis
1035 530 1254 558 communionem
1269 535 1377 562 quoque
1393 527 1473 559 tradi,
1492 534 1546 553 non
1563 527 1667 554 idcirco
1681 534 1724 553 so-

937 579 991 606 lutn
1029 578 1101 613 quod
1131 577 1284 604 divinorum
1308 575 1447 609 perceptio
1472 574 1664 609 mysteriorum
1688 573 1726 601 sit

938 632 1043 653 summa
1063 623 1185 659 quaedam
1206 621 1352 656 cujuslibet
1374 620 1553 647 liierarcltieaa
1576 620 1724 654 participa-

939 671 1029 701 tionis,
1043 677 1136 697 verum
1157 669 1240 696 etiam
1264 672 1292 693 ut
1312 666 1390 701 261
1414 665 1485 693 sacri
1508 666 1618 693 ordines
1640 665 1726 700 ipsius

939 718 1009 752 quod
1029 715 1245 743 communicatur
1265 711 1430 740 divinissimi
1449 711 1570 739 muneris
1584 719 1633 746 pro
1647 717 1727 746 captu

939 771 990 792 suo
1012 763 1160 799 participes
1183 760 1330 791 exsistant,
1352 759 1385 786 ad
1404 759 1445 786 sui
1461 759 1494 786 ad
1512 766 1610 794 supera
1633 760 1728 786 tradu-

940 811 1068 837 ctionem.
1092 808 1120 835 In
1144 808 1196 834 hoc
1210 810 1301 833 autem
1325 804 1418 832 diﬂ'ert
1435 813 1449 831 a
1467 804 1572 839 priori,
1588 805 1660 839 quod
1685 804 1728 830 id-

919 873 923 878 -
940 857 1014 884 circo
1036 855 1109 881 dicat
1127 861 1174 881 eos
1189 853 1276 880 sacris
1294 852 1335 879 his
1352 851 1489 886 mysteriis
1511 851 1728 882 communicare,

940 911 973 931 eo
991 903 1061 937 quod
1083 903 1140 929 lucc
1156 907 1262 928 summa
1284 900 1338 927 sint
1354 900 1489 927 universae
1504 899 1625 934 ipsorum
1643 905 1730 925 sacra:

941 948 1098 980 functionis,
1115 947 1152 974 ita
1167 950 1198 973 ut
1212 946 1271 973 sine
1285 952 1362 972 sacra
1387 945 1439 971 ista
1457 944 1652 971 communione
1669 943 1728 970 illo-

942 1000 1001 1019 rum
1027 991 1132 1018 functio
1148 994 1265 1024 nequeat
1287 989 1489 1021 consummari;
1508 989 1553 1016 hic
1568 993 1659 1015 autem
1680 990 1729 1021 ait,

941 1037 1158 1066 communionem
1182 1035 1349 1070 frequentari
1375 1042 1423 1069 per
1448 1035 1558 1063 modqu
1589 1035 1729 1066 muneris,

942 1084 1069 1111 videlicet
1092 1083 1165 1110 sacri
1179 1082 1282 1109 laboris
1305 1089 1400 1109 eorum
1418 1088 1450 1108 ac
1464 1081 1564 1108 divinat
1580 1081 1730 1108 servitutis.

943 1130 1098 1158 Secundum
1122 1129 1179 1156 huic
1203 1129 1296 1162 itaque
1319 1128 1470 1155 monachus
1487 1128 1533 1162 qui
1551 1131 1732 1155 consecratus

943 1181 995 1208 est,
1013 1176 1113 1204 divinis
1135 1175 1189 1202 illis
1204 1174 1342 1209 mysteriis
1363 1174 1561 1206 communicat,
1575 1173 1616 1201 vel
1641 1178 1671 1201 ut
1688 1181 1733 1201 sa-

945 1231 1019 1250 cram
1037 1222 1259 1250 communionem
1277 1221 1377 1248 habeat
1393 1227 1442 1254 per
1457 1221 1566 1247 modum
1589 1220 1732 1247 summarii

944 1271 1064 1298 omnium
1081 1270 1113 1298 ad
1137 1277 1166 1297 se
1186 1269 1382 1305 spectantium,
1395 1267 1439 1294 vel
1455 1274 1503 1302 per
1520 1267 1630 1294 modutn
1646 1265 1732 1292 divini

946 1318 1008 1345 doni
1031 1317 1181 1352 percipiat,
1203 1323 1236 1343 eo
1259 1315 1331 1350 quod
1350 1314 1501 1342 istiusmodi
1519 1313 1625 1340 vivendi
1649 1313 1734 1340 ratio-

946 1373 1009 1392 nem
1024 1365 1059 1391 sit
1081 1363 1234 1398 amplexus.
1258 1361 1405 1390 Concludit
1419 1362 1523 1394 itaque,
1538 1359 1675 1394 quomodo
1690 1366 1735 1385 sa-

946 1419 1000 1438 cr:e
1022 1409 1191 1437 caeremoniae
1213 1409 1269 1435 sint
1293 1408 1429 1441 expiatio,
1453 1412 1480 1434 et
1506 1405 1684 1437 illuminatio,
1707 1409 1735 1431 et

947 1458 1089 1492 perfectio.
1102 1460 1129 1483 et
1143 1455 1274 1486 ordines;
1292 1462 1324 1481 ac
1346 1454 1524 1481 diaconorum
1539 1452 1649 1486 quidem
1669 1451 1736 1478 ordo

947 1503 1174 1537 sitexpiatorins;
1187 1502 1357 1528 sacerdotum
1369 1507 1432 1527 vero
1443 1499 1664 1530 illuminatorius,
1679 1499 1736 1532 epi-

111 1548 308 1583 τετελεσμένοι,
325 1550 350 1575 ot
369 1549 495 1584 povatxot'
509 1548 580 1575 οὕτω
597 1548 651 1583 γὰρ
662 1549 679 1583 ἡ
692 1547 752 1573 καθ’
766 1548 839 1582 ἡμᾶς
861 1547 896 1573 ἱε-

949 1555 1091 1582 scoporutn
1109 1553 1199 1573 autem
1218 1545 1400 1581 perfectivus;
1416 1549 1443 1572 et
1457 1544 1613 1580 τελούμενοι
1629 1545 1682 1570 sint
1697 1544 1736 1570 illi

116 1594 215 1630 ραρχία
226 1596 259 1630 τῇ
278 1595 390 1630 οὐρανίᾳ
405 1595 528 1630 ὁμοειδής
546 1596 614 1625 ἐστι,
627 1593 697 1620 κατά
711 1594 760 1625 τὰς
771 1594 898 1625 τοιαύτας

114 1640 235 1675 τριάδας,
253 1641 290 1672 ὼς
311 1641 339 1666 ἐν
356 1640 507 1676 ἀνθρώποις
527 1639 705 1672 άποσώζουσα
722 1639 898 1674 χαρακτῆράς

114 1692 190 1715 τινας
206 1685 255 1720 τῆς
268 1685 356 1711 ἐκεῖσε
375 1685 527 1717 θεοειδείας.

951 1594 996 1629 qui
1012 1594 1155 1628 expiantur
1174 1601 1181 1619 :
1200 1597 1300 1627 praeter
1320 1598 1388 1625 quos
1402 1591 1484 1618 etiam
1501 1591 1585 1617 divini
1611 1596 1737 1624 aspectus

951 1644 979 1667 et
1003 1638 1203 1666 communionis
1225 1642 1348 1665 exsortes
1372 1642 1436 1664 sunt
1456 1637 1664 1669 catechumeni;
1691 1636 1736 1670 qui

950 1693 1016 1712 vero
1027 1692 1167 1712 sacrorum
1183 1689 1293 1718 aspectu
1308 1683 1445 1714 fruuntur,
1459 1688 1522 1710 sunt
1537 1683 1660 1718 populus,
1678 1691 1738 1716 per-

112 1730 176 1758 fccti
201 1735 264 1758 sunt
288 1732 434 1759 monachi:
451 1732 491 1759 sic
512 1732 584 1759 enim
608 1731 765 1759 hierarchia
790 1736 898 1765 nostra,
924 1732 1075 1758 secundum
1106 1731 1259 1758 istiusmodi
1284 1730 1442 1762 terniones,
1467 1730 1569 1757 cwlesti
1592 1729 1738 1757 conformis

114 1782 168 1808 est,
182 1781 314 1810 quantum
336 1776 362 1804 in
379 1777 535 1805 hominibus
560 1777 616 1805 fieri
632 1782 731 1811 potest,
754 1778 900 1805 deiformes
914 1777 1046 1812 quasdam
1059 1781 1136 1804 notas
1150 1783 1325 1804 conservans.

149 1822 163 1857 §
177 1822 219 1849 νι.
247 1822 314 1848 Ἀλλ’
331 1823 428 1855 εἴποις,
447 1824 498 1855 ὅτι,
515 1823 576 1849 ἐπεὶ
594 1823 663 1858 πρὸς
677 1823 783 1858 ἐκείνην
798 1823 848 1858 τὴν
867 1824 905 1849 ἱε-

114 1869 229 1905 ραρχίαν
244 1870 260 1903 ἡ
282 1869 405 1905 ἡμετέρα
420 1869 610 1901 άπευθύνεται,
633 1868 745 1903 ὤφειλον
767 1868 834 1895 εἶναι
855 1869 904 1895 κά-

113 1916 190 1941 κεῖσε
204 1915 231 1941 αί
245 1914 440 1951 καθαιρόμεναι
452 1915 544 1948 τάξεις
553 1924 560 1930 ·
574 1914 632 1941 ἀλλ’
644 1915 693 1941 οὐκ
711 1915 779 1940 είσίν
789 1922 795 1929 '
807 1914 836 1940 οὐ
849 1914 904 1950 γὰρ

115 1960 224 1996 Θεμιτὺν
237 1962 324 1987 εἰπεῖν
335 1961 383 1996 τὴν
396 1961 521 1997 οὐρανίαν
532 1960 710 1995 διακόσμησιν
720 1960 813 1995 ἐναγῆ.
833 1960 903 1993 Ἐγὼ

114 2005 144 2032 δὲ
158 2005 225 2040 προς
238 2006 301 2037 τοὺς
314 2005 449 2037 τοιούτους
460 2006 554 2040 λόγους
565 2007 697 2042 ὁμολογῶ,
710 2007 840 2041 πάναγνοι
849 2006 903 2042 γάρ

115 2052 170 2077 εἰσι
190 2052 236 2077 καὶ
256 2051 407 2087 ἀλώϐητοι·
431 2052 477 2078 καὶ
498 2054 563 2084 εῑτις
583 2053 663 2084 ἑάλω,
682 2053 799 2087 δηλονότι
820 2054 834 2079 ὁ
851 2053 903 2078 Σα-

115 2099 201 2129 τανᾶς
226 2099 273 2125 καὶ
295 2099 320 2124 οἱ
343 2098 407 2133 περὶ
429 2098 519 2129 αὑτὸν,
542 2099 766 2125 ὲκπεπτώκεισαν
789 2098 903 2133 καὶτῆς

116 2144 265 2179 ἀγγελικῆς
284 2144 363 2176 εὐθὺς
374 2144 487 2176 τάξεως,
501 2145 547 2171 καὶ
559 2145 588 2171 ὲν
602 2146 633 2180 τῇ
651 2145 773 2179 ἀλαμπεῖ
787 2145 904 2180 μεμενή-

117 2198 213 2217 κεισαν
226 2189 337 2217 πτώσει.
352 2191 459 2226 Ἕτεροι
470 2191 498 2217 δὲ
512 2192 574 2223 τοὺς
593 2191 703 2226 χρόνους
715 2190 763 2216 τοῦ
779 2199 808 2216 τε
823 2191 905 2226 ὑπερ-
921 2187 943 2215 Ι)

119 2235 275 2262 σηδντελικοῦ
290 2236 337 2262 τοῦ
350 2236 524 2268 ἀπεπτώκει,
537 2237 583 2263 καὶ
597 2236 643 2263 τοῦ
659 2236 843 2272 παρατατικοῦ
856 2236 903 2263 τοῦ

118 2281 251 2316 ἐφέρετο,
267 2281 477 2316 κυριολεκτικῶς
491 2282 676 2317 ἐκλαθόμενοι,
689 2282 736 2308 καὶ
747 2282 777 2308 τὸ
788 2283 828 2310 ἄν
841 2282 905 2315 ἔξω·

120 2327 166 2354 θεν
176 2327 399 2359 νοοῦντες,οῦτως
409 2327 566 2363 ἐξηγοῦνται
576 2327 625 2362 τὴν
635 2327 681 2354 τοῦ
694 2327 775 2363 ῥητοῦ
785 2328 904 2362 ἄγνοιαν,

120 2374 168 2399 καὶ
183 2373 251 2408 μετὰ
269 2373 365 2404 ταῦτα,
380 2373 448 2409 πρὸς
466 2373 545 2400 τοῦτο
558 2374 607 2409 τὴν
627 2374 691 2400 ίδίαν
709 2373 837 2409 ἐξήγησιν
848 2375 907 2400 ὲπι-

121 2419 259 2454 φέρουσιν.
273 2419 304 2445 Εἰ
318 2420 371 2453 γάρ
387 2427 440 2451 τις,
457 2420 548 2454 φησιν,
561 2419 642 2450 ἑάλω,
664 2418 858 2445 ἀποπεπτώκει
874 2419 907 2445 ἂν

121 2467 170 2492 καὶ⁸
181 2465 293 2500 ἐφέρετο
311 2465 351 2496 εἰς
369 2465 418 2500 τὴν
439 2465 551 2500 ἀλαμπῆ
570 2465 682 2498 πτῶσιν,
704 2466 812 2497 ὡσανεὶ,
830 2466 906 2500 φασὶ,

121 2511 209 2545 λέγων
219 2519 226 2526 ·
242 2511 300 2537 ’Ὁτι
314 2510 340 2536 εί
351 2519 392 2542 τις
406 2510 493 2546 ἁλοίη,
511 2512 540 2537 οὗ
560 2510 692 2547 κάθαρσιν
706 2511 819 2544 δέξεται,
842 2511 910 2537 ἀλλὰ

123 2557 193 2593 πρὸς
208 2557 257 2592 τὴν
274 2557 375 2584 πτῶσιν
388 2557 611 2592 άπενεχθήσεται,
628 2557 719 2589 καθὼς
732 2557 778 2584 καὶ
795 2558 841 2584 ἐπὶ
861 2556 908 2583 τοῦ

125 2604 214 2630 Σατᾶν
234 2603 353 2637 γέγονεν,
367 2603 405 2634 ὡς
422 2604 572 2638 πεφυκότος
586 2603 665 2637 τυχὸν
681 2602 804 2637 γενέσθαι
824 2601 911 2628 τοιού-

125 2657 173 2675 του
184 2648 265 2678 τινός.
281 2648 358 2674 Οὕτω
374 2648 422 2684 τὴν
435 2647 538 2674 ἔννοιαν
552 2648 736 2682 ὲκλαῦόμενοι,
752 2647 910 2682 ἐξηγοῦνται

126 2693 267 2726 λέγοντες·
290 2692 358 2718 Ἀλλ’
376 2692 462 2724 οὐδεὶς
481 2692 568 2718 αὐτῶν
586 2692 654 2728 μετὰ
674 2693 722 2728 τὴν
742 2693 796 2719 τῶν
817 2693 911 2728 δαιμό-

127 2747 182 2764 νων
203 2737 359 2764 άπόπτωσιν
383 2738 453 2765 ἑάλω
477 2738 558 2765 ποτέ’
583 2738 661 2765 τοῦτο
681 2738 735 2774 γὰρ
753 2739 813 2765 οὐδὲ
837 2739 912 2775 παρὰ

127 2784 178 2818 τῆς
198 2784 271 2815 θείας
289 2784 398 2819 Γραφῆς
417 2784 548 2819 ἔγνωμεν,
567 2784 626 2810 οὐδέ
644 2793 686 2816 τις
705 2785 758 2811 τῶν
779 2784 912 2819 θεοσόφων

129 2827 258 2863 Πατέρων
272 2828 391 2864 εἴρηκεν.
407 2828 485 2854 Οὕτω
500 2828 528 2855 δὲ
542 2830 556 2855 ὁ
569 2829 655 2862 ἆγιος,
671 2830 746 2864 φασὶ,
765 2829 835 2856 κατὰ
850 2838 914 2864 συγ-

994 1821 1067 1857 §Vl.
1089 1822 1143 1850 Sed
1169 1823 1300 1857 objicics,
1323 1822 1394 1857 quod
1417 1830 1478 1850 cum
1509 1822 1566 1850 haec
1589 1827 1680 1850 nostra
1705 1822 1738 1849 ad

952 1869 1136 1896 ltierarcltiam
1162 1869 1242 1896 istam
1259 1874 1451 1903 componatur,
1471 1868 1571 1895 debere
1594 1868 1675 1895 etiam
1700 1868 1738 1895 ibi

951 1923 1012 1942 esse
1025 1915 1135 1942 ordines
1157 1915 1310 1949 expiantes,
1330 1915 1374 1948 qui
1399 1915 1493 1950 utique
1513 1921 1565 1940 non
1583 1919 1666 1941 sunt:
1686 1921 1740 1940 ne-

954 1969 1007 1996 que
1019 1961 1090 1988 enim
1109 1961 1148 1988 fas
1163 1962 1199 1988 sit
1220 1962 1311 1989 dicere
1324 1961 1462 1988 caelestem
1480 1961 1663 1988 hierarcbiam
1677 1969 1738 1989 esse

955 2007 1049 2034 sceleri
1070 2007 1225 2034 obnoxiam.
1250 2007 1305 2041 Ego
1329 2007 1436 2041 quidem
1454 2007 1607 2035 istiusmodi
1636 2015 1740 2034 sermo-

956 2052 1035 2080 nibus
1055 2052 1199 2084 assentior,
1219 2053 1347 2087 quoniam
1364 2053 1475 2080 omnino
1491 2053 1550 2087 puri
1574 2059 1638 2081 sunt
1657 2060 1685 2083 et
1700 2055 1741 2082 in-

957 2099 1095 2132 tetnerati;
1113 2103 1139 2126 et
1153 2099 1176 2126 si
1193 2098 1249 2134 qui,
1271 2099 1399 2126 nimirum
1414 2100 1529 2127 Satanas
1544 2105 1571 2127 et
1585 2102 1653 2128 socii
1669 2102 1739 2137 ejus,

957 2146 1091 2180 pravitate
1111 2145 1185 2180 capti
1202 2149 1275 2177 sunt,
1291 2145 1330 2172 illi
1351 2146 1384 2173 ab
1399 2146 1495 2174 ordine
1519 2148 1642 2182 angelico
1663 2149 1740 2176 exci-

957 2192 1065 2225 derunt,
1079 2196 1105 2219 et
1121 2192 1148 2218 in
1165 2196 1234 2219 tetro
1247 2191 1325 2225 lapsu
1346 2198 1563 2225 permanserunt.
1576 2193 1630 2221 Alii
1649 2199 1739 2222 autem

956 2241 1076 2271 tempora
1094 2237 1223 2271 prmteriti
1239 2237 1378 2271 plusquam
1397 2238 1509 2271 perfecti
1531 2240 1620 2272 verbi,
1634 2241 1739 2267 excide-

956 2286 1008 2313 rat,
1019 2286 1045 2308 et
1055 2282 1216 2316 imperfecti,
1227 2283 1370 2318 ferebatur,
1384 2283 1410 2309 in
1422 2284 1530 2318 propria
1542 2285 1741 2319 signiﬁcatione

957 2329 1130 2362 accipientes,
1145 2335 1226 2363 atque
1243 2329 1304 2356 illud
1314 2329 1353 2356 ἄν
1366 2329 1464 2361 ἔξωθεν
1475 2332 1659 2366 expendentes
1670 2334 1690 2364 ‘,
1703 2333 1743 2360 sic

958 2374 1172 2409 interpretantur
1192 2375 1255 2402 dicti
1271 2375 1350 2408 hujus
1365 2376 1558 2411 ignorantiam,
1582 2382 1609 2404 et
1631 2377 1663 2404 ad
1682 2378 1741 2404 hmo

958 2420 1053 2447 deinde
1078 2421 1214 2455 propriam
1231 2429 1307 2448 suam
1326 2421 1447 2448 inferunt
1469 2423 1694 2456 explicationem.
1710 2423 1740 2450 Si

959 2466 1019 2500 quis
1034 2467 1116 2498 enim,
1133 2466 1228 2500 inquit,
1244 2467 1376 2501 pravitate
1393 2473 1488 2502 captus
1502 2468 1651 2499 exciderat,
1665 2474 1692 2495 et
1708 2470 1742 2496 ad

959 2513 1101 2539 obscuram
1116 2513 1220 2539 ruinam
1237 2512 1385 2546 ferebatur;
1404 2521 1436 2540 ac
1450 2515 1483 2545 si,
1499 2514 1634 2548 inquiunt,
1649 2514 1740 2541 dicat:

961 2556 990 2584 Si
1006 2558 1066 2592 quis
1080 2558 1148 2585 vitio
1162 2563 1255 2592 captus
1269 2558 1315 2592 sit,
1333 2566 1386 2585 non
1401 2559 1525 2586 admittet
1548 2560 1741 2594 expiationem,

961 2604 1009 2630 sed
1022 2603 1053 2630 ad
1068 2603 1172 2630 ruinam
1189 2604 1347 2637 adducetur,
1362 2605 1433 2632 sicut
1454 2606 1482 2632 in
1495 2606 1599 2633 Satana
1613 2607 1742 2643 contigit;

961 2649 1040 2682 quasi
1056 2656 1122 2676 vero
1136 2649 1196 2676 talis
1209 2649 1307 2683 aliquis
1317 2651 1375 2684 jam
1391 2651 1448 2677 dari
1465 2652 1560 2686 possit.
1578 2651 1634 2679 Hoc
1652 2653 1745 2686 itaque

962 2702 1041 2722 sensu
1064 2695 1089 2722 id
1113 2695 1277 2730 accipientes
1294 2695 1519 2730 interpretantur,
1534 2698 1677 2725 dicentes:
1693 2698 1745 2725 Ve-

964 2748 1021 2767 rutn
1045 2741 1133 2768 nullus
1154 2748 1246 2768 eorum
1266 2745 1326 2775 post
1348 2741 1500 2769 dazmonum
1523 2744 1604 2778 262
1626 2744 1743 2778 lapsum,

963 2787 1029 2813 vitio
1044 2791 1138 2820 captus
1152 2791 1193 2813 est
1217 2795 1335 2822 unquam
1352 2797 1358 2814 :
1379 2789 1428 2815 hoc
1450 2789 1521 2816 enim
1540 2797 1628 2822 neque
1648 2797 1680 2817 ex
1703 2789 1746 2816 di-

965 2830 1027 2856 vina
1047 2830 1186 2864 Scriptura
1199 2831 1385 2866 cognovimus,
1405 2840 1491 2868 neque
1506 2834 1647 2869 quisquam
1665 2841 1680 2862 e
1695 2833 1746 2861 l’a-

165 2878 172 2886 ‘
187 2874 296 2902 Vertere
308 2875 415 2903 mallent
429 2879 522 2909 :utquc
536 2875 567 2901 τὸ
581 2874 615 2902 ἄν
625 2876 656 2902 de
666 2884 713 2903 suo
724 2876 905 2906 intaaiuantes-
917 2876 993 2904 Enn.
1011 2875 1130 2904 ΡΑτιιοι.
