1929 3068
107 165 160 194 553

638 167 681 192 DE
698 165 837 191 LULIJLS.
854 165 1054 195 HILK:\RCII.,
1073 165 1149 192 CAP.
1167 165 1223 193 VH.
1625 165 1631 170 ”
1678 165 1730 191 554

104 223 183 258 ἱερὰν
205 223 351 259 ἐσχηκότες
373 222 454 259 ζωὴν,
468 223 508 255 εἰς
527 222 575 254 τὰς
598 222 707 257 ἀληθεῖς
731 222 895 256 ἐπαγγελίας

948 223 1029 249 vitam
1058 223 1247 254 traduxerunt,
1267 223 1300 248 ad
1317 229 1395 249 veras
1413 223 1459 249 Dei
1478 223 1671 257 promissioues
1686 226 1729 250 in-

105 269 157 305 τῆς
168 269 297 305 θεαρχίας
308 269 538 301 ἀποσκοποῦντες,
550 269 588 301 ὡς
601 269 650 303 τήν
663 268 791 304 ἀλήθειαν
803 268 892 296 αὐτῶν

105 313 136 340 ὲν
146 315 181 350 τῇ
193 314 254 341 καθ’
267 315 352 350 αὐτὴν
362 315 509 341 ἀναστάσει
519 314 685 350 τεθεαμένοι,
702 313 769 349 μετά
783 313 893 348 βεϐαίας

106 359 154 386 καὶ
165 359 282 396 ἀληθοῦς
292 360 343 395 τῆς
354 359 460 391 ἐλπίδος
474 360 494 376 ¹⁸
505 360 535 386 ὲν
546 359 699 395 εὐφροσύνῃ
711 359 771 394 θείᾳ
783 359 849 395 πρὸς
862 359 894 386 τὸ

106 405 154 432 τοῦ
177 405 291 433 θανάτου
315 406 402 442 πέρας
426 405 506 437 ἴασιν,
527 406 564 437 ὡς
576 406 622 432 ἐπὶ
643 405 717 437 τέλος
730 405 809 441 ἱερῶν
822 405 894 440 ἀγώ-

106 460 170 483 νων,
183 452 212 478 ὲν
225 451 351 478 παντελεῖ
371 453 418 479 καὶ
439 452 606 488 ἀτελευτήτῳ
628 453 683 488 ζωῇ
703 453 749 479 καὶ
762 453 892 488 σωτηρίᾳ,

105 497 141 525 τὰ
153 498 211 524 κατ’
231 498 328 529 αὐτοὺς
350 497 457 524 ἔσεσθαι
480 498 588 530 πάντως
610 498 710 530 εἰδότες
720 498 764 524 διὰ
775 498 824 533 τῆς
836 499 896 524 ὲσο-

108 543 193 579 μένης
216 544 305 570 αὐτῶν
325 543 418 579 ὑλικῆς
439 544 621 576 ἀναστάσεως.
634 545 666 570 Αἱ
685 545 734 580 μὲν
757 544 812 579 γὰρ
824 544 894 580 ἱεραὶ

105 589 193 625 ψυχαὶ
214 590 282 626 πρὸς
293 590 342 626 τὴν
355 591 401 617 ἐπὶ
412 590 447 618 τὰ
458 590 543 626 χείρω
557 590 629 617 κατὰ
639 590 683 617 τὴν
706 591 769 626 τῇδε
784 590 840 626 βίον
851 591 895 617 δυ-

106 636 221 671 νάμεναι
244 637 423 664 καταπίπτειν
444 637 548 673 τροπὴν
563 638 594 669 ι’,
614 639 644 664 ὲν
655 638 688 673 τῇ
702 637 895 673 παλιγγενεσία

106 681 156 716 τὴν
169 682 216 708 ἐπὶ
227 682 258 708 τὸ
270 682 403 718 ἀτρεπτον
416 683 507 716 ἕξουσι
525 683 726 718 θεοειδεστάτην
739 683 894 718 μετάταξιν.

107 727 149 754 τὰ
159 728 187 754 δὲ
199 727 307 764 καθαρὰ
316 728 371 755 τῶν
383 728 463 764 ίερῶν
483 728 587 764 ψυχῶν,
603 727 725 764 ὁμόζυγα
738 729 783 755 καὶ
795 728 896 764 όμοπό-

108 782 192 810 ρευτα
214 773 327 810 σώματα
360 775 603 811 συναπογραφέντα
624 775 671 801 καὶ
695 774 896 810 συναθλήσαντα

107 819 179 846 κατά
200 820 264 852 τοὺς
288 819 376 852 θείους
400 820 490 847 αὐτῶν
511 820 637 856 ἱδρῶτας,
649 821 678 847 ὲν
689 821 722 856 τῇ
735 819 789 847 τῶν
802 819 895 855 ψυχῶν

107 863 236 899 ἀτρέπτῳ
247 863 317 890 κατά
327 863 377 899 τὴν
390 863 464 891 θείαν
483 864 554 901 ζωὴν
575 865 686 901 ἱδρύσει,
710 865 895 900 συναπολήψε-

946 274 1062 301 tuentes,
1086 277 1203 304 quarum
1231 269 1373 296 veritatem
1389 270 1586 304 quodammodo
1598 270 1625 297 in
1640 279 1729 298 resur-

947 315 1069 342 rectione
1082 315 1139 350 jam
1152 310 1361 350 conspexerunt,
1383 323 1444 342 cum
1458 315 1535 343 ﬁrma
1554 321 1582 343 et
1594 324 1656 344 vera
1670 325 1729 351 spe,

945 361 1096 395 gsudioque
1116 361 1208 388 divino
1219 362 1251 388 ad
1268 362 1364 388 mortis
1382 361 1538 395 terminum,
1555 367 1682 397 tanquam
1697 365 1730 390 ad

945 406 1026 433 linem
1056 407 1238 434 certaminum
1279 407 1517 441 proﬁciscuntur;
1545 409 1617 442 quod
1655 413 1730 437 certo

944 452 1030 479 sciant
1054 460 1100 480 sua
1125 452 1236 485 omnia,
1261 457 1372 487 propter
1399 452 1516 480 futuram
1539 460 1616 480 suam
1640 461 1730 481 resur~

946 499 1105 530 rectionem,
1121 498 1147 525 in
1163 503 1222 525 tuto
1242 497 1302 526 fore
1321 499 1347 525 in
1371 498 1415 526 illa
1439 498 1559 534 perlecta
1576 505 1731 535 aeternaque

945 543 999 569 vita
1015 547 1043 569 et
1057 542 1233 570 beatitudine.
1249 543 1313 569 Nam
1325 549 1426 570 sanctze
1436 544 1545 578 quidem
1560 545 1659 572 anima:
1669 553 1730 572 cum

946 589 973 615 in
989 588 1040 616 hac
1068 589 1125 615 vita
1151 589 1279 624 degentes
1302 589 1391 617 adhuc
1419 590 1536 625 perverti
1561 592 1681 626 possint,
1704 592 1730 619 in

948 636 1157 669 regeneratione
1174 635 1220 662 illa
1236 635 1270 662 ad
1287 641 1389 663 statum
1411 637 1608 664 immutabilem
1623 638 1732 673 Deoque

946 680 1063 708 maxime
1086 680 1253 708 conformem
1286 681 1498 710 transferentur.
1523 683 1594 710 Pura
1608 691 1673 711 vero
1686 684 1732 712 illa

946 731 1072 760 corpora,
1094 733 1154 761 quae
1176 727 1280 753 sanctis
1303 728 1446 755 animabus
1473 729 1598 763 copulata
1611 737 1672 757 cum
1687 730 1731 757 iis-

947 771 1007 798 dem
1025 771 1105 799 simul
1120 777 1147 799 et
1163 773 1349 805 ambularunt,
1363 777 1391 800 et
1402 773 1538 810 descripta
1562 781 1636 807 sunt,
1649 781 1732 811 atque

947 823 1000 844 una
1011 821 1162 851 certarunt,
1176 825 1225 853 pro
1246 818 1347 845 divinis
1360 819 1517 852 sudoribus,
1532 820 1558 847 in
1579 821 1731 848 animarum

947 863 1095 891 secundum
1121 864 1239 891 divinam
1267 864 1349 892 vitam
1385 865 1524 899 ﬁrmitate,
1549 867 1600 894 sibi
1626 876 1733 902 quoque

106 918 152 937 ται
163 909 212 945 τὴν
223 910 326 937 οίκείαν
346 912 493 939 ἀνάστασιν
502 920 509 926 ·
524 912 657 939 ἑνωθέντα
669 912 723 948 γὰρ
736 909 780 944 αἷς
793 913 895 947 ἧνωντο

948 910 1085 944 propriam
1107 911 1335 938 resurrectionem
1354 913 1504 940 sortientur
1519 925 1524 940 :
1537 915 1641 942 sanctis
1658 915 1730 943 enim

107 957 179 984 κατὰ
196 957 241 984 τὸν
262 958 325 993 τῇδε
349 958 405 994 βίον
419 959 504 994 ἱεραῖς
514 959 629 994 ψυχαῖς,
648 959 686 992 ὼς
701 959 766 995 μέλη
779 959 896 994 Χριστοῦ

107 1002 249 1036 γεγονότα,
262 1003 310 1038 τὴν
324 1004 427 1039 θεοειδῆ
445 1004 492 1030 καὶ
513 1004 650 1040 ἄφθαρτον
661 1004 794 1031 ἀθάνατόν
807 1012 837 1030 τε
850 1004 897 1031 καὶ

109 1048 247 1084 μακαρίαν
271 1049 438 1085 ἀπολήψεται
460 1049 547 1085 λῆξιν.
567 1051 610 1077 Ἐν
630 1050 733 1081 τούτοις
759 1049 807 1085 μὲν
819 1046 894 1085 οὖνὴ

107 1094 164 1121 τῶν
177 1094 258 1130 ἱερῶν
270 1095 329 1122 ἐστι
339 1096 478 1131 -κοίμησις
491 1097 520 1122 ὲν
537 1095 689 1132 εὐφροσύνῃ
713 1096 760 1123 καὶ
782 1095 896 1122 ἀσαλεύ-

107 1149 165 1174 τοις
177 1141 294 1174 ἐλπίσιν,
317 1143 357 1174 είς
369 1142 401 1169 τὸ
412 1141 466 1169 τῶν
477 1141 556 1169 θείων
575 1142 686 1177 ἀγώνων
710 1142 894 1178 ἀφικνουμένη

108 1186 206 1223 πέρας.

948 956 1091 983 animabus
1121 957 1259 990 copulata,
1282 958 1423 991 quibusin
1445 959 1494 986 hac
1519 960 1573 987 vita
1585 961 1730 995 conjuncta

950 1002 1068 1034 fuerant,
1087 1007 1116 1029 ut
1140 1010 1199 1037 qua:
1221 1001 1277 1036 jam
1303 1002 1404 1031 Christi
1431 1005 1552 1032 membra
1578 1005 1649 1032 facta
1665 1006 1730 1037 sint.

948 1047 1108 1075 deiformem
1122 1052 1150 1075 et
1164 1047 1362 1082 incorruptam,
1377 1049 1459 1085 264
1484 1055 1566 1085 atque
1592 1051 1731 1079 immorta-

947 1092 1002 1120 lem
1023 1093 1187 1127 beatamque
1201 1093 1319 1127 requiem
1335 1100 1545 1130 consequentur.
1567 1095 1636 1124 llinc
1652 1097 1682 1124 lit
1704 1102 1733 1124 ut

947 1142 1104 1164 sanctorum
1139 1138 1305 1166 obdormitio
1332 1139 1370 1167 sit
1401 1140 1426 1167 in
1459 1140 1553 1168 laetitia
1595 1143 1732 1178 certisque

947 1184 1062 1218 spebus,
1092 1184 1156 1211 dum
1183 1185 1216 1212 ad
1245 1186 1425 1213 certaminum
1462 1187 1615 1216 divinorum
1650 1190 1731 1218 linem

947 1232 1032 1260 venit.

890 1321 958 1359 su.

144 1406 206 1433 Τῶν
228 1405 256 1433 δὲ
279 1407 394 1443 ἀνιέρων
414 1408 439 1434 ot
463 1407 513 1442 μὲν
537 1408 577 1440 είς
600 1406 768 1442 ἀνυπαρξίαν
793 1405 897 1440 ἀλόγως

106 1453 210 1480 οἴονται
222 1455 330 1488 χωρεῖν,
343 1455 367 1480 οί
380 1453 408 1480 δὲ
418 1454 467 1490 τὴν
480 1454 638 1490 σωματικὴν
650 1453 766 1486 είσάπαξ
779 1453 899 1489 ἀποῤῥήε

107 1498 224 1533 γνυσθαι
234 1499 288 1525 τῶν
301 1499 409 1526 οἰκείων
420 1499 514 1535 ψυχῶν
526 1499 666 1534 συζυγίαν,
678 1499 716 1531 ὡς
724 1499 897 1535 ἀνάρμοστον

981 1404 1161 1432 Prol’anorum
1188 1409 1279 1433 autem
1298 1406 1343 1433 alii
1367 1406 1475 1441 quidem
1494 1407 1552 1435 sine
1567 1409 1672 1437 ratione
1684 1417 1732 1444 pu-

948 1454 1006 1477 tant
1023 1457 1137 1485 corpora
1159 1456 1251 1478 nostra
1271 1452 1378 1486 penitus
1394 1451 1513 1485 aboleri;
1527 1452 1574 1480 alii
1591 1461 1653 1481 vero
1665 1462 1731 1482 cen-

945 1500 1007 1523 sent
1031 1503 1191 1531 corporeum
1210 1497 1263 1525 hoc
1282 1505 1342 1524 cum
1368 1498 1487 1532 propriis
1511 1500 1569 1526 suis
1589 1500 1732 1527 animabus

109 1546 218 1578 αὒταϊς,
242 1546 271 1572 ἐν
294 1545 406 1573 θεοειδεί
416 1547 439 1562 ¹⁰
451 1546 508 1582 ζωῇ
533 1547 580 1573 καὶ
603 1546 752 1582 μακαρίαις
777 1545 895 1582 λήξεσιν,

947 1541 1102 1577 coniugium
1137 1543 1250 1577 repudio
1281 1543 1365 1570 semel
1389 1544 1580 1576 dirimendum,
1604 1550 1730 1582 tanquam

108 1591 160 1618 οὐκ
172 1592 357 1627 ὲννοήσαντες,
378 1592 439 1619 οὐδὲ
451 1591 550 1624 ἱκανῶς
562 1593 591 1618 ιν
603 1592 743 1627 ἐπιστήμῃ
756 1591 816 1626 θείᾳ
830 1600 897 1627 μυη-

109 1636 213 1670 θέντες,
239 1638 385 1674 ἀρχθεῖσαν
410 1637 459 1674 ἤδη
482 1638 532 1674 τὴν
554 1638 615 1665 καθ’
637 1637 710 1673 ἡμᾶς
734 1638 764 1664 ἐν
786 1637 895 1673 Χριστῷ

108 1683 312 1719 θεοειδεστάτην
325 1683 396 1719 ζωήν
405 1683 437 1710 “.
446 1683 537 1710 ’Ἄλλοι
550 1683 578 1710 δὲ
591 1684 723 1719 σωμάτων
735 1683 820 1710 ἄλλων
833 1684 897 1710 ἀπο-

109 1730 221 1766 νέμουσι
252 1731 311 1762 ταῖς
342 1729 442 1765 ψυχαῖς
477 1730 616 1764 συζυγίας,
650 1729 808 1761 ἀδοκοῦντες
821 1730 842 1745 ’⁸
866 1728 897 1755 τὸ

108 1775 318 1807 ὲπ*αὺτοῖς,ὼς
331 1773 417 1810 οἶμαι,
441 1774 476 1802 τὰ
497 1777 707 1811 συμπονήσαντα
729 1775 789 1806 ταῖς
811 1773 896 1806 θείαις

108 1821 219 1856 ψυχαῖς,
233 1821 342 1848 καὶτῶν
357 1821 437 1857 ιερῶν
460 1821 618 1848 ἀντιδόσεων
638 1821 687 1847 οὐκ
709 1820 814 1855 εύαγῶς
828 1820 896 1846 ἀπο-

110 1866 268 1903 στεροῦντες
278 1866 313 1893 τὰ
324 1867 392 1903 πρὸς
402 1868 432 1894 τὺ
445 1867 531 1903 πέρας
554 1867 664 1894 ὲλθόντα
687 1867 741 1893 τῶν
753 1866 897 1894 θειοτάτων

108 1914 227 1950 δρόμων.
253 1913 343 1941 Ἄλλοι
364 1913 403 1946 δὲ,
427 1914 476 1941 οὐκ
486 1912 533 1940 οἷδ’
550 1914 624 1946 ὅπως
636 1914 682 1940 ἐπὶ
694 1913 844 1949 προσύλους
856 1913 897 1939 ὲν-

108 1960 184 1991 νοίας
208 1959 410 1992 ἀποκλιθέντες,
435 1960 576 1996 εἰρήκασιν
596 1959 705 1995 ὁμοειδῆ
717 1959 741 1976 ’³
763 1959 811 1986 τοῦ
833 1959 896 1995 τῇδε

109 2005 168 2041 βίον
179 2006 228 2042 τὴν
241 2008 296 2038 τοῖς
308 2007 391 2039 ὁσίοις
402 2006 609 2042 ἐπηγγελμένην
620 2006 775 2041 ἁγιωτάτην
787 2007 833 2033 καὶ
847 2015 898 2041 μα-

108 2053 282 2089 καριωτάτην
296 2055 319 2069 ⁸⁸
331 2053 418 2088 λῆξιν,
442 2054 489 2080 καὶ
511 2052 614 2089 τροφὰς
637 2052 740 2084 οίκείας
761 2052 897 2088 ἁλλοιωτῷ

108 2099 161 2136 βίῳ
173 2101 229 2132 τοῖς
245 2100 397 2134 ίσαγγέλοις
419 2099 555 2135 ἀθεμίτως
583 2098 746 2135 ἀπέρριψαν.
767 2098 835 2125 Ἀλλ’
847 2098 897 2125 οὐκ

107 2146 320 2173 ἀποπεσεῖταί²⁵
331 2146 374 2178 τίς
388 2154 451 2173 ποτε
475 2146 528 2172 τῶν
552 2146 705 2181 ίεριιγτάτων
730 2144 835 2181 ἀνδρῶν
857 2146 897 2176 είς

107 2193 158 2225 τὰς
181 2193 285 2220 τοιάσδε
310 2193 473 2229 πλανήσεις·
497 2192 553 2219 ἀλλ’
577 2192 653 2224 ὅλους
677 2192 773 2224 αὐτοὺς
796 2191 898 2226 ἀπολή-

106 2240 206 2275 ψεσθαι
225 2240 274 2275 τὴν
295 2240 455 2276 Χριστοειδῆ
478 2239 555 2274 λῆξιν
576 2239 691 2270 είδότες,
715 2238 778 2265 ὅταν
797 2238 844 2264 ἐπὶ
864 2237 895 2263 to

108 2285 197 2321 πέρας
218 2284 322 2312 ἔλθωσι.
335 2284 383 2312 τοῦ
404 2285 467 2321 τῇδε
482 2284 549 2320 βίου,
563 2285 612 2320 τὴν
625 2285 664 2316 είς
677 2283 829 2319 ἀφθαρσίαν
845 2282 894 2308 αὑ-

106 2331 164 2357 τῶν
174 2331 242 2362 ὁδὸν,
255 2331 293 2363 ὼς
313 2331 462 2367 ὲγγυτέραν
485 2331 534 2366 ήδη
560 2329 754 2365 γεγενημένην,
778 2328 895 2364 ἐμφανέ-

109 2385 204 2412 στερον
216 2375 309 2412 ὁρῶσι,
324 2377 370 2403 καὶ¹
380 2375 428 2408 τὰς
439 2375 542 2412 δωρεὰς
552 2375 602 2410 τῆς
619 2374 749 2410 θεαρχίας
770 2373 894 2409 ὑμνοῦσι,

107 2423 156 2450 καὶ
177 2421 251 2453 θείας
275 2423 371 2458 ἡδονῆς
392 2421 621 2458 ἀποπληροῦνται,
646 2420 694 2456 τὴν
707 2420 753 2446 ἐπὶ
764 2419 798 2446 τὰ
811 2419 894 2454 χείρω

105 2468 212 2504 τροπὴν
223 2467 314 2494 οὐκέτι
325 2468 482 2500 δεδοικότες,
495 2467 552 2494 ἀλλ’
566 2465 596 2494 εὖ
609 2466 718 2498 είδάτες,
731 2466 772 2492 ὅτι
785 2465 819 2492 τὰ
830 2473 895 2499 κτη-

107 2514 189 2541 θέντα
211 2514 282 2541 καλά
304 2514 418 2549 βεϐαίως
438 2515 484 2541 καὶ
497 2514 612 2546 αίωνίως
632 2513 747 2546 ἕξουσιν.
762 2512 793 2538 Οἱ
805 2511 832 2537 δὲ
845 2519 894 2545 μο-

106 2560 219 2597 λυσμῶν
238 2561 366 2588 ἀνάπλεοι
383 2561 431 2587 καὶ
447 2560 562 2595 ἀνιέρων
586 2559 712 2595 κηλίδων,
726 2557 805 2592 εἴπερ
818 2556 894 2592 ἱερᾶς

106 2616 179 2639 τινος
189 2607 353 2648 τετυχήκασι
375 2607 512 2643 μυήσεως,
535 2606 612 2633 αὐτοὶ
633 2605 662 2632 δὲ
675 2604 777 2639 ταύτην
801 2603 833 2629 ὲκ
845 2601 893 2628 τοῦ

947 1589 1000 1618 illis
1014 1589 1041 1617 in
1053 1590 1177 1617 deilormi
1189 1590 1253 1620 lvita
1268 1591 1401 1625 beataque
1429 1591 1522 1626 requie
1545 1599 1641 1627 parum
1667 1594 1732 1620 co‘n-

947 1640 1108 1663 sentaneum
1123 1644 1132 1670 ;
1146 1643 1316 1671 nequaquam
1333 1636 1526 1672 intelligenles,
1541 1644 1628 1672 neque
1641 1637 1732 1665 scien-

948 1683 986 1710 tia
1000 1683 1090 1710 divina
1114 1682 1229 1716 eruditi,
1252 1690 1302 1710 nos
1325 1682 1382 1718 jam
1407 1683 1567 1711 deil'ormem
1582 1685 1608 1712 in
1623 1685 1731 1713 Christo

947 1728 1031 1756 vitent
1045 1727 1198 1756 inchoasse.
1212 1728 1263 1755 Alii
1277 1733 1367 1755 autem
1386 1728 1528 1757 animabus
1543 1730 1658 1758 aliorum
1671 1739 1732 1758 cor-

948 1781 1044 1808 porum
1065 1773 1190 1809 conjugia
1213 1773 1378 1804 attribuunt,
1400 1774 1427 1801 in
1453 1782 1517 1809 quo,
1543 1783 1601 1803 mea
1622 1777 1731 1811 quidem

948 1821 1097 1852 sententia,
1115 1825 1247 1856 quantum
1261 1820 1287 1848 in
1301 1821 1367 1856 ipsis
1388 1827 1440 1852 est.
1467 1821 1594 1855 injuriam
1611 1823 1733 1857 irrogant

948 1867 1191 1901 corporibus,quaa
1203 1874 1263 1894 cum
1286 1867 1385 1894 divinis
1410 1868 1553 1895 animabus
1580 1868 1731 1896 collabora-

949 1917 1020 1944 runt,
1043 1913 1194 1947 eademque
1227 1913 1313 1940 sacris
1335 1913 1391 1940 suis
1415 1913 1534 1948 praemiis
1558 1913 1729 1945 dcl'raudanl.

948 1965 1010 1985 cum
1034 1958 1153 1985 divinttm
1180 1966 1290 1986 cursum
1315 1960 1542 1987 consummarint.
1566 1959 1620 1986 Alii
1639 1967 1731 1995 porro,

948 2003 1041 2030 nescio
1053 2010 1106 2038 quo
1120 2008 1212 2038 pacto,
1225 2004 1259 2031 ad
1273 2008 1397 2033 terrenas
1421 2005 1599 2039 cogitationes
1623 2005 1730 2039 dilapsi,

948 2048 1089 2080 dixerunt.
1114 2050 1241 2083 prasenti
1264 2050 1326 2077 vitae
1339 2050 1455 2078 similem
1471 2051 1558 2078 beatis
1570 2051 1732 2086 promissam

949 2101 1009 2121 esse
1029 2094 1230 2122 sanctissimam
1250 2095 1490 2130 beatissimamquc
1513 2100 1628 2130 sortem,
1643 2096 1734 2123 cibos-

948 2147 1001 2174 que
1014 2140 1076 2167 vilte
1102 2140 1224 2167 variabili
1246 2141 1373 2175 proprios
1388 2141 1420 2168 iis
1432 2142 1477 2175 qui
1494 2141 1598 2176 angelis
1613 2142 1732 2177 :rquales

948 2190 1023 2218 sunt,
1047 2185 1150 2213 nefarie
1174 2186 1374 2220 applicuerunt.
1400 2186 1453 2215 Sed
1476 2187 1556 2220 absit,
1570 2192 1597 2214 ul
1613 2196 1731 2222 unquam

911 2227 933 2254 Ῑ)
948 2236 1062 2259 sam-tus
1074 2232 1115 2258 vir
1126 2231 1259 2266 quispiam
1276 2231 1302 2258 in
1315 2232 1468 2260 istiusmodi
1489 2240 1597 2260 errores
1609 2233 1707 2260 incidant
1723 2234 1730 2260 ι

947 2284 1042 2304 verum
1069 2276 1107 2304 illi
1128 2277 1226 2309 sancti,
1243 2278 1288 2312 qui
1302 2285 1332 2305 se
1354 2282 1424 2305 Lotos
1439 2276 1658 2305 Christil‘ormem
1672 2286 1733 2306 sor—

948 2329 1000 2351 tem
1015 2329 1192 2359 percepturos
1215 2329 1412 2359 cognoverunt,
1427 2323 1472 2350 ubi
1487 2323 1520 2351 ad
1535 2323 1613 2358 hujus
1626 2324 1686 2351 vitae
1699 2324 1731 2351 li-

947 2378 1008 2398 nem
1032 2370 1210 2403 accesserint,
1233 2370 1305 2397 viam
1329 2376 1406 2397 suam
1428 2370 1462 2397 ad
1488 2369 1730 2405 incorruptionem,

947 2417 1024 2452 quasi
1037 2416 1323 2452 jampropinquiorem
1337 2415 1448 2448 factam,
1468 2416 1615 2449 intuentes,
1632 2417 1730 2444 summi

949 2463 995 2490 Dei
1021 2470 1133 2490 munera
1160 2461 1327 2494 collaudanl,
1355 2460 1500 2495 divinaque
1523 2460 1662 2496 voluptate
1685 2461 1732 2487 ad-

948 2508 1105 2542 implentur,
1132 2515 1184 2534 non
1204 2507 1260 2542 jam
1285 2506 1402 2540 amplius
1426 2506 1543 2541 perverti
1565 2509 1731 2536 metuentes,

948 2556 995 2581 sed
1013 2555 1097 2589 probe
1111 2557 1318 2588 cognoscentes,
1326 2560 1355 2580 sc
1368 2553 1438 2580 bona
1450 2556 1526 2586 parta
1542 2551 1655 2578 lirmiter
1668 2558 1730 2586 per-

947 2606 1082 2635 petuoque
1103 2606 1286 2634 possessuros.
1302 2599 1400 2625 Verum
1422 2597 1466 2632 qui
1481 2597 1670 2631 iniquitatibus
1682 2604 1730 2623 ne-

741 2678 858 2706 VARl/E
877 2676 1080 2705 LECTIONES.

157 2744 180 2760 "
192 2742 322 2771 articulus
336 2743 385 2778 τῆς
399 2750 451 2778 non
465 2747 504 2778 est
520 2742 546 2778 in
563 2739 591 2767 S.
606 2740 634 2767 P.
651 2740 693 2778 l)._
728 2739 749 2778 ’ξ
763 2738 976 2778 ειῲῇιιιιειιηιλυ.
991 2738 1035 2778 D_._
1042 2737 1098 2778 (ain.
1116 2736 1153 2772 μὴ
1166 2735 1303 2778 eiectam:
1321 2735 1400 2778 Scal;
1413 2735 1546 2770 sequitur.
1572 2733 1730 2778 frangique

109 2781 137 2807 in
149 2778 182 2805 Μ.
277 2769 423 2808 lectio'est,
434 2777 472 2808 ὡς
485 2777 653 2812 ἀνάρμοστον
666 2776 761 2812 αὑταῖς
781 2769 1038 2812 οὖσανῗτὴνλθεοειδῆ
1051 2769 1124 2812 ζωὴν
1138 2769 1194 2812 καὶ.
1200 2771 1336 2812 μακαρίαν
1350 2769 1437 2811 λῇξιν,
1454 2769 1642 2812 qualuureddit
1654 2769 1730 2796 Sent.

108 2816 130 2832 ²¹
153 2814 181 2841 in
196 2814 279 2841 dandi
295 2820 360 2840 casu
375 2813 522 2846 corrigitur
539 2808 578 2838 'i‘n
593 2811 687 2837 codice
707 2810 763 2837 Sal.
787 2810 827 2871 ch)
850 2808 864 2834 θ

109 2849 251 2871 "mutilum.
263 2848 301 2871 Ita
314 2847 397 2871 etiam
414 2847 499 2871 editio
515 2845 643 2871 Lanscllii
658 2844 772 2871 Parisiis
793 2844 804 2870 l
821 2843 862 2871 '15

109 2849 251 2877 ttcutibus.
263 2848 302 2875 Ita
314 2847 397 2875 etiam
414 2843 499 2874 editio
515 2845 643 2874 Lanscllii
658 2844 772 2873 Parisiis
793 2843 873 2871 1615.

109 2884 212 2915 sissis,
228 2883 258 2910 Ι).
272 2882 334 2910 Sar.

252 2931 386 2959 ΡΑτιιοι.
403 2930 461 2958 (in.
479 2929 522 2959 lli

867 2805 1038 2843 εοέιδεστάτῂ
1050 2842 1056 2843 7
1066 2805 1154 2843 CQﬁ._
1172 2805 1268 2843 “lege
1278 2805 1447 2843 ἀδικοῦντες,
1462 2805 1599 2843 codicibus
1615 2811 1732 2843 consen-

893 2844 917 2858 “
930 2839 1076 2878 ὁμοιοεὶὂῆ,
1094 2839 1122 2869 Ιίξ
1138 2841 1199 2868 Snr.
1231 2839 1255 2857 ίῖ
1268 2841 1449 2876 μακαριστήν,
1464 2841 1492 2867 S.
1510 2840 1539 2867 l'.
1557 2841 1587 2866 l).
1624 2839 1648 2854 "
1664 2839 1731 2865 ὁητο-

1558 2922 1593 2950 18
