1929 3068
223 121 275 151 ’ίὖῦ

802 122 832 151 S.
848 121 1000 151 DIONYSII
1018 122 1249 152 AREOPAGI’LE

221 182 352 214 .ariisqne
376 178 525 206 sceleribus
547 182 612 206 sunt
634 177 768 213 cooperti,
795 178 931 213 siquidem
957 178 1002 206 ali-

1058 178 1158 206 οῐκείου
1182 179 1241 211 νοὸς
1265 179 1393 216 ὀλεθρίως
1406 181 1654 218 ἀπορῤαπίσαντες,
1667 183 1713 212 ἐπὶ
1724 184 1773 218 τὰς
1785 185 1845 221 φθο-

220 235 301 263 qnam
326 234 432 254 sacram
460 226 603 253 hauserint
631 225 851 258 instructionem,
877 233 964 260 caque
974 232 1010 253 ex

220 273 312 300 animo
324 272 476 307 perniciose
489 271 594 304 abjecta
610 271 642 296 ad
657 270 844 304 corruptriccs
858 271 1012 306 voluptates

220 323 319 353 sponte
328 326 376 346 sua
387 317 506 344 devoluti
522 317 632 347 fuerint.
658 324 718 344 cum
729 316 784 351 jam
802 316 835 343 ad
851 317 912 344 vita:
929 317 1010 344 ﬁnem

221 363 405 398 pervenerint,
428 361 548 396 nonjam
564 362 605 389 eis
624 362 667 389 lex
688 362 778 389 divina
798 363 1010 397 arquedcspica-

220 410 285 437 bilis
300 409 452 444 apparebit.
476 408 522 435 sed
536 408 705 443 perniciosas
721 407 878 442 passionum
897 415 1008 436 suarum

220 455 375 488 voluptates
392 453 451 480 aliis
461 454 539 488 longe
551 453 637 480 oculis
644 453 816 487 aspicientes,
829 458 1009 488 sanctamque

220 500 314 530 vitam,
327 507 408 534 quam
421 499 607 533 imprudenter
620 499 807 533 neglexerunt,
819 500 926 526 beatam
937 507 1008 534 prae-

221 547 350 578 dicantes,
363 546 453 572 miseri
466 550 492 572 et
508 545 585 572 inviti
599 553 632 572 ex
644 546 695 572 hac
709 545 761 572 vita
776 546 924 577 decedunt.
943 554 1008 580 pro-

221 597 281 627 pter
301 591 384 618 vitam
409 599 486 618 suam
518 591 662 626 pessimam
679 590 752 618 nulla
766 596 859 618 sancta
875 599 922 627 spe
935 590 1007 619 fulti.

1795 129 1844 158 ⁵⁸⁸
1896 139 1908 167 5

1896 207 1908 231 μ

1060 227 1185 262 ροποιοὺς
1206 228 1394 264 ηὐτομόλησαν
1417 230 1572 266 ἐπιθυμίας,
1594 231 1657 259 ὅταν
1670 233 1717 260 ἐπὶ
1729 234 1845 268 τὸτέλος
1863 261 1869 269 κ

1058 271 1190 307 ἔρχωνται
1217 272 1268 308 τῆς
1290 274 1383 301 ἐνθάδε
1411 275 1493 311 ζωῆς,
1508 277 1558 303 οὐκ
1573 277 1612 304 ἔτι
1632 278 1733 313 ὁμοίως
1753 280 1844 314 αὐτοῖς
1877 291 1879 314 1

1058 306 1292 355 εὗκαταφρόνητος
1305 306 1429 354 φανεῖται
1442 306 1529 348 ’ἐτῶν
1540 306 1664 360 λογίων
1676 306 1736 352 θεία
1877 306 1879 361 ί

1894 299 1908 316 τ

1895 345 1906 362 τ

1058 363 1146 415 θεσία,
1170 363 1230 415 τάς-
1246 364 1394 415 όλλυμένας
1408 366 1436 393 δὲ
1447 366 1501 394 τῶν
1512 368 1620 395 οἰκείων
1636 369 1731 397 παθῶν
1751 372 1847 406 ἡδονὰς
1877 363 1879 387 ί
1895 390 1908 415 φ

1058 409 1161 454 ετέροις
1175 410 1330 454 *ὀφθαλμοῖς
1355 413 1599 449 ἐπισκοπήσαντες,
1624 416 1671 443 καὶ
1694 417 1744 451 τὴν
1771 418 1849 454 ἱερὰν

1056 453 1146 489 ζωὴν,
1172 452 1206 491 ἧς
1229 455 1349 492 ἀνοήτως
1381 458 1592 491 ὲκπεπτώκασι,
1626 452 1847 497 μακαρίσαντες,

1056 501 1180 534 ἐλεεινῶς
1194 502 1242 529 καὶ
1264 503 1419 539 ἀϐουλήτως
1440 505 1632 540 ἀποσχίζονται
1643 508 1689 534 τοῦ
1701 509 1763 545 τῇδε
1776 510 1845 545 βίου.
1880 522 1881 525 η

1055 547 1124 582 πρὸς
1140 548 1274 583 μηδεμίαν
1289 549 1364 585 ἱερὰν
1375 549 1470 577 ἐλπίδα
1481 553 1729 590 χειραγωγούμενοι
1740 555 1785 583 διὰ
1795 557 1849 584 τὴν

1054 592 1194 629 χειρίστην
1212 592 1296 629 ζωήν.

990 646 1076 686 gnt.

255 702 387 736 Quoniam
416 707 505 728 antem
522 701 548 728 in
574 705 731 728 sanctorum
757 700 1005 728 obdormitionibus

220 749 288 777 nihil
315 750 411 776 horum
435 749 544 780 accidit,
560 748 582 774 is
598 748 642 782 qni
658 753 787 782 properat
803 748 835 774 ad
849 747 929 774 linem
944 754 1005 774 cer-

221 795 352 822 taminum
369 802 479 821 suorum
493 798 585 820 sancta
599 793 714 828 quadam
732 793 822 820 hrtitia
841 792 1005 826 completur,

220 848 373 874 magnaque
397 846 461 867 cum
487 839 657 873 jucunditate
681 846 766 865 sacra:
794 838 1006 873 regenerationis

220 887 273 914 iter
289 886 447 920 ingreditur.
465 884 611 919 Propinqui
629 889 718 911 autem
732 884 792 919 ejus
803 886 848 919 qui
863 885 1005 912 defunc’us

219 933 299 968 265
315 937 366 964 est,
393 940 442 966 pro
464 931 524 966 jure
551 931 649 957 divina!
669 931 877 966 propinquitatis
893 939 926 958 ac
950 939 1005 958 tno-

219 987 278 1005 rnm
295 978 483 1007 similitudine.
501 977 608 1004 beatum
623 977 722 1011 ipsum,
740 977 777 1003 uti
791 983 854 1004 vere
868 982 922 1010 est,
936 985 1006 1012 pra:-

218 1025 319 1056 dicant,
338 1024 410 1058 quod
428 1024 461 1050 ad
482 1028 604 1058 optatum
632 1023 753 1050 victoriae
774 1023 896 1050 bravium
911 1030 1006 1058 perve-

218 1071 298 1103 nerit,
320 1070 479 1103 auctoriqne
500 1070 622 1096 victorite
645 1069 750 1096 cantica
772 1069 920 1103 gratiarum
945 1070 1002 1097 sol-

218 1122 294 1146 vunt,
321 1121 401 1150 atque
417 1115 469 1141 sibi
490 1114 606 1141 similem
631 1118 733 1142 sortem
756 1119 870 1150 optant;
888 1115 1004 1150 denique

218 1167 389 1189 asstuncntes
404 1163 491 1196 ipsum
510 1161 542 1188 ad
558 1160 707 1188 antistitem
733 1165 852 1194 portant,
868 1162 944 1195 quasi
958 1169 1005 1188 sa-

218 1209 273 1235 cris
287 1208 398 1235 coronis
413 1207 609 1234 numerandum
627 1215 634 1240 ;
657 1207 701 1241 qtti
718 1207 832 1234 libenter
844 1214 904 1234 eum
919 1207 1005 1234 susci-

217 1255 267 1289 pit,
283 1254 451 1288 caquejusta
463 1253 578 1287 peragit,
601 1260 661 1287 qua:
673 1253 765 1280 divino
789 1253 913 1281 instituto
925 1253 1002 1280 exhi-

217 1299 315 1326 bentur
331 1299 362 1326 iis
378 1299 422 1333 qui
438 1303 531 1326 sancte
545 1298 760 1325 obdormierunt.

233 1357 266 1384 ll.
286 1355 440 1391 Mysterium
460 1364 539 1390 super
552 1356 592 1382 his
607 1356 653 1390 qui
667 1361 756 1383 sancte
776 1356 985 1384 obdormiertmt.

1093 697 1202 726 Τούτων
1213 699 1242 725 δὲ
1251 699 1358 732 οὐδενὸς
1380 701 1539 737 γιγνομένου
1561 703 1631 730 κατὰ
1641 705 1691 736 τὰς
1704 706 1851 741 κοιμήσεις
1881 706 1883 712 ¹

1878 419 1880 487 1
1895 437 1908 495 Ξ

1896 527 1908 544 νε

1897 574 1908 600 Ρ

1897 620 1907 638 σ

1897 657 1908 689 gi

1897 704 1908 730 ἐι

1056 745 1110 772 τῶν
1123 745 1204 781 ἱερῶν
1227 746 1343 782 ἀνδρῶν,
1356 747 1439 780 αὐτὸς
1457 749 1506 783 μὲν
1518 749 1533 775 ό
1547 750 1616 785 πρὸς
1626 750 1657 776 τὸ
1670 751 1757 786 πέρας
1769 752 1849 787 ὲρχό-
1897 750 1907 775 λ

1058 800 1138 826 μενος
1158 791 1213 819 τῶν
1231 793 1339 819 οἰκείων
1365 793 1478 827 ἀγώνων
1498 795 1666 832 εὐφροσύνης
1684 785 1759 832 ἱερᾶς
1883 785 1908 834 ~11

1057 838 1218 873 πληροῦται,
1236 839 1284 865 καὶ
1298 839 1347 866 σὺν
1371 839 1451 875 ἡδονῇ
1472 840 1556 876 πολλῇ
1571 841 1639 877 πρὸς
1652 842 1701 877 τὴν
1714 843 1773 869 ὁδὸν
1786 844 1848 869 ἐπι-

1056 884 1143 911 6αίνει
1154 885 1205 919 τῆς
1225 885 1301 921 ἱερᾶς
1324 885 1541 920 παλιγγενεσίας.
1558 887 1589 914 Ol
1604 887 1632 914 δὲ
1643 887 1690 914 τοῦ
1702 888 1849 924 κοιμηθέν-

1899 846 1908 870 It

1898 898 1908 915 ο

1055 939 1101 962 τος
1125 931 1230 963 οἰκεῖοι,
1258 930 1329 957 κατᾶ
1351 931 1401 966 τὴν
1423 931 1500 958 θείαν
1511 933 1664 969 οἰκειότητα
1676 934 1722 960 καὶ
1732 935 1849 970 όμοτρο-
1899 944 1908 961 τ

1056 976 1131 1010 πίαν,
1154 976 1235 1002 αὐτόν
1258 985 1298 1007 τε,
1319 977 1394 1008 ὅστις
1407 977 1466 1003 ἐστί
1481 978 1514 1009 ³⁷,
1531 978 1722 1014 μακαρίζουσι,
1738 980 1807 1015 πρὸς
1816 979 1849 1006 τὸ

1055 1023 1201 1058 νικηφόρον
1222 1023 1356 1055 εὐκταίως
1376 1023 1540 1059 ἀφικόμενον
1550 1024 1626 1056 τέλος
1637 1025 1671 1057 η,
1689 1026 1735 1052 καὶ
1745 1025 1784 1062 τῷ
1795 1026 1849 1062 τῆς

1900 989 1908 1007 1

1901 1037 1908 1053 ῒ

1054 1069 1133 1104 νίκης
1156 1068 1235 1104 αίτίῳ
1253 1069 1444 1105 χαριστηρίους
1461 1070 1531 1105 ᾠδὰς
1543 1071 1743 1107 ἀναπέμπουσι,
1756 1080 1847 1109 προσ.
1901 1082 1908 1100 1

1055 1114 1095 1140 ἐτι
1107 1114 1154 1140 καὶ
1173 1114 1271 1146 αὐτοὺς
1284 1114 1430 1149 ἀφικέσθαι
1444 1114 1513 1151 πρὸς
1523 1115 1572 1151 τὴν
1590 1117 1688 1152 ὁμοίαν
1704 1117 1848 1153 εὐχόμενοι

1055 1158 1145 1195 λῆξιν·
1160 1159 1286 1192 λαϐόντες
1304 1161 1333 1187 δὲ
1349 1161 1440 1194 αὐτὸν,
1458 1161 1505 1188 ἐπὶ
1520 1161 1566 1188 τὸν
1582 1162 1711 1199 ἑεράρχην
1723 1163 1846 1198 ἄγουσιν,

1055 1204 1093 1236 ὡς
1110 1204 1156 1231 ἐπὶ
1181 1205 1320 1239 στεφάνων
1335 1204 1416 1241 ιερῶν
1440 1206 1528 1233 δόσιν·
1542 1207 1556 1233 ὁ
1569 1207 1597 1234 δὲ
1611 1207 1736 1243 ἀσμένως
1750 1209 1847 1235 ὑποδὲ-
1888 1208 1890 1243 ί

1055 1258 1142 1285 χεται,
1170 1251 1218 1277 καὶ⁵
1243 1251 1315 1278 τελεῖ
1335 1251 1370 1278 τὰ
1393 1252 1463 1279 κατὰ
1493 1252 1592 1288 θεσμὸν
1614 1254 1696 1290 ίερῶν
1720 1255 1767 1281 ἐπὶ
1787 1256 1846 1287 τοῖς

1055 1295 1135 1328 ὁσίως
1147 1297 1168 1313 ’9
1183 1305 1297 1333 κεκοιμη
1303 1297 1393 1333 μένοις
1406 1297 1566 1334 τελούμενα.

1102 1354 1136 1380 Il.
1156 1354 1330 1389 Μυστήριον
1340 1355 1389 1382 ἐπὶ
1401 1355 1553 1390 τῶνὶερῶς
1565 1357 1796 1392 κεκοιμημένων.

251 1402 352 1429 Coacta
367 1406 438 1428 coetu
465 1408 556 1433 sacro,
580 1400 687 1427 divinus
706 1401 830 1434 antistes,
857 1402 878 1428 si
894 1402 1002 1436 quidem

1090 1400 1254 1435 Συναγαγὼν
1265 1401 1278 1427 ό
1293 1400 1364 1433 θεῖος
1383 1402 1514 1438 ἱεράρχης
1534 1401 1580 1429 τὺν
1597 1403 1666 1438 ἱερὸν
1677 1403 1756 1439 χορὸν
1769 1403 1803 1435 ⁸⁸,
1817 1404 1844 1431 el

217 1448 244 1474 in
266 1447 351 1474 sacris
376 1446 464 1472 [Iterat
478 1446 522 1480 qui
547 1445 722 1478 obdormivit,
737 1451 801 1473 ante
825 1446 946 1475 divinant
960 1447 1004 1474 al-

216 1498 276 1520 tare
300 1493 374 1520 ilhnn
399 1491 548 1523 inclinans,
573 1491 633 1517 inlit
656 1491 806 1518 orationem
832 1492 864 1518 ad
880 1492 961 1519 Deum
975 1497 1003 1520 et.

216 1539 363 1574 gratiarum
389 1538 526 1565 actionem
541 1546 548 1569 ;
563 1537 604 1565 sin
628 1542 716 1564 autem
739 1538 842 1576 sanctis
862 1539 1002 1567 monachis

215 1591 344 1612 sanctove
368 1583 467 1618 populo
491 1587 687 1610 annumeratus
710 1582 809 1616 fuerat,
823 1583 856 1611 ad
870 1591 1002 1612 veneran-

215 1631 277 1657 dum
291 1631 440 1657 sacrarium
454 1634 516 1656 ante
531 1629 703 1657 sacerdotum
718 1630 860 1657 introitum
875 1629 1001 1657 collocat.

214 1676 315 1704 Pratsul
341 1675 438 1703 deinde
461 1675 565 1711 peragit
587 1675 619 1701 ad
634 1675 716 1702 Deum
743 1683 850 1711 precem
862 1676 1001 1711 etgratia-

215 1730 273 1749 rum
300 1722 433 1749 actionem
450 1721 600 1756 ;deineeps
615 1729 681 1749 vero
704 1722 821 1755 diaconi,
848 1722 1000 1750 verissimis

214 1768 246 1794 de
270 1767 467 1794 resurrectione
490 1768 641 1802 promissis.
656 1775 716 1802 qua:
728 1768 827 1795 divinis
843 1767 997 1803 Scripturis

213 1813 315 1839 inserta
331 1817 403 1843 sunt.
418 1807 549 1846 recitatis,
567 1812 662 1839 iisdem
676 1821 794 1840 consona
819 1819 902 1848 atque
915 1815 1000 1848 mqui-

212 1859 330 1886 valentia
362 1858 529 1886 Psalmorum
560 1859 669 1886 cantica
691 1860 841 1887 concinnnt
855 1868 862 1886 :
877 1864 932 1887 tum
956 1868 1001 1887 ar-

211 1904 389 1931 chidiaconus
401 1905 614 1931 catechumenos
631 1905 753 1939 dimittit,
768 1897 998 1941 sanctosquejam

213 1951 353 1978 defunctos
368 1956 573 1983 commemorat,
588 1952 686 1986 quibus
699 1959 793 1979 recens
805 1952 858 1979 vita
876 1952 998 1980 functum

211 1997 345 2023 consimili
379 1998 641 2024 commenmratione
667 2003 760 2026 censet
787 2000 998 2034 aggregandmn,

211 2043 389 2077 hortaturque
416 2050 522 2075 omnes,
537 2043 573 2070 illi
588 2049 614 2070 nt
629 2044 737 2071 beatum
755 2045 779 2070 in
794 2045 903 2072 Christo
917 2045 996 2072 liuent

1056 1446 1141 1482 μὴν¹¹
1160 1447 1298 1482 ἱερατικῆς
1323 1447 1443 1482 ἐγεγόνει
1465 1447 1568 1480 τάξεως
1594 1449 1608 1475 ὁ
1633 1450 1844 1485 κεκοιμημένος,

1053 1489 1217 1526 ἐπίπροσθεν
1230 1489 1276 1516 τοῦ
1290 1490 1361 1517 θείου
1375 1490 1569 1527 θυσιαστηρίου
1577 1492 1740 1524 κατακλίνας
1751 1493 1843 1526 αὐτὸν,

1053 1536 1204 1572 ἀπάρχεται
1220 1536 1270 1571 τῆς
1284 1536 1352 1572 πρὸς
1364 1535 1429 1562 Θεὸν
1452 1537 1535 1572 εὐχῆς
1548 1537 1596 1564 καὶ
1613 1537 1803 1574 εὐχαριστίας·
1818 1540 1844 1566 ει

1052 1582 1081 1609 δὲ
1104 1583 1160 1613 τοῖς
1189 1580 1298 1615 εὑαγὲσι
1322 1579 1534 1617 μοναχοῖςῆτῷ
1560 1581 1625 1617 ίερῷ
1651 1581 1708 1617 λαῷ
1733 1583 1845 1609 κατετέο

1052 1637 1135 1654 τακτο
1147 1627 1260 1662 ³¹,παρά
1270 1627 1300 1653 τὺ
1318 1626 1408 1661 τίμιον
1429 1626 1562 1662 ἱερατεῖον
1583 1627 1663 1654 αὐτὸν
1684 1628 1843 1656 κατακλίνει

1892 1597 1894 1623 i

1052 1673 1106 1709 πρὸ
1117 1672 1167 1708 τῆς
1179 1672 1320 1708 ἱερατικῆς
1339 1670 1524 1703 είσελεύσεως.
1548 1669 1615 1698 Εἶτα
1626 1672 1698 1699 τελεῖ
1711 1673 1760 1709 τὴν
1774 1673 1844 1709 πρὸς
1896 1697 1897 1703 η

1051 1720 1116 1747 Θεὸν
1132 1719 1338 1755 εὐχαριστήριον
1353 1717 1434 1753 εὐχὴν
1449 1718 1463 1744 ό
1475 1716 1621 1753 ἱερὰρχης·
1633 1718 1697 1753 ἑξῆς
1712 1719 1740 1746 δὲ
1756 1719 1780 1746 οἱ
1791 1719 1844 1746 λει-

1051 1765 1159 1800 τουργοὶ
1169 1764 1219 1796 τὰς
1229 1765 1257 1790 ὲν
1269 1764 1327 1796 τοῖς
1349 1762 1431 1795 θείοις
1442 1762 1543 1797 λογίοις
1558 1763 1747 1799 ὲμφερομένας
1755 1764 1843 1800 ἀψευ-

1050 1811 1106 1843 δεῖς
1119 1809 1285 1845 ἐπαγγελίας
1306 1809 1369 1845 περὶ
1394 1809 1444 1844 τῆς
1462 1810 1538 1845 ἱερᾶς
1562 1809 1641 1846 ἡμῶν
1667 1810 1845 1843 ἀναστάσεως

1051 1857 1222 1892 ἀναγνόντες,
1239 1856 1319 1892 ίερῶς
1342 1855 1433 1892 ᾅδουσι
1458 1855 1508 1887 τὰς
1521 1854 1669 1890 ὁμολόγους
1683 1855 1731 1881 καὶ
1744 1856 1845 1882 ταὺτοα

1049 1904 1182 1939 δυνάμους
1197 1902 1251 1929 τῶν
1265 1901 1408 1937 ψαλμικῶν
1425 1900 1522 1935 λογίων
1543 1900 1629 1936 ᾠδάς·
1646 1898 1704 1927 εἶτα
1714 1900 1769 1927 τῶν
1783 1901 1843 1928 λεμ

1049 1948 1172 1985 τουργῶν
1183 1949 1197 1975 ό
1210 1948 1316 1984 πρῶτος
1337 1946 1450 1973 ἀπολύει
1471 1947 1535 1978 τοὺς
1549 1945 1778 1982 κατηχουμένους,
1793 1947 1843 1974 καὶ

1049 1994 1231 2030 ἀνακηρύττει
1241 1995 1304 2025 τοὺς
1321 1993 1371 2029 ἤδη
1384 1993 1600 2029 κεκοιμημένους
1612 1992 1716 2026 ἁγίους,
1730 1993 1790 2028 μεθ’
1802 1989 1844 2020 ὢν

1049 2040 1120 2073 ἀξιοῖ
1136 2040 1182 2066 τὸν
1197 2040 1260 2075 ἄρτι
1273 2038 1451 2065 τελειωθέντα
1472 2037 1523 2072 τῆς
1543 2037 1693 2072 ὁμοταγοῦς
1717 2038 1841 2075 ἁναῤῥή-

211 2092 306 2121 petant
320 2096 326 2120 ;
345 2093 400 2114 tum
414 2089 548 2115 accedens
571 2088 679 2115 divinus
702 2089 816 2115 antistes
829 2096 936 2123 precem
952 2097 996 2116 su-

1053 2095 1128 2118 σεως,
1141 2084 1188 2112 καὶ
1205 2084 1388 2121 προτρέπεται
1410 2084 1513 2116 πάντας
1535 2084 1643 2119 αἰτῆσαι
1666 2083 1715 2119 τὴν
1729 2083 1758 2109 ὲν
1772 2083 1842 2118 Χρι-

210 2141 258 2167 per
271 2142 304 2161 eo
326 2135 542 2161 sacratiSsimam
566 2135 685 2169 peragit,
710 2143 762 2169 qua
779 2135 867 2167 linila,
883 2136 996 2169 ipsemet

211 2181 323 2207 antistes
350 2180 508 2207 defunctum
533 2181 645 2213 salutat,
668 2185 695 2208 et
710 2188 771 2208 cum
786 2181 831 2208 illo
846 2185 994 2215 prmscntes

209 2233 314 2252 omnes.
330 2226 388 2258 Quo
409 2230 528 2260 peracto,
555 2226 668 2253 antistes
692 2226 846 2253 defunctum
859 2226 919 2253 oleo
932 2233 994 2260 pcr-

209 2270 307 2302 lundit,
322 2275 347 2297 ct
360 2278 407 2305 pro
422 2271 549 2298 omnibus
565 2278 644 2306 prece
669 2270 751 2303 facta,
779 2271 910 2298 honorato
935 2269 994 2297 loco

202 2323 307 2351 corpus
319 2317 434 2343 collocat
449 2324 502 2343 una
518 2325 578 2344 cum
594 2316 746 2352 aequalibus
765 2316 825 2343 aliis
835 2316 994 2351 corporibus

201 2370 249 2390 san
258 2364 321 2390 ctis.

463 2518 506 2545 111.
526 2517 719 2552 σοιιιεηιρίιιιιο

1051 2130 1106 2166 στῷ
1121 2130 1258 2166 μακαρίαν
1268 2129 1408 2156 τελείωσιν
1417 2137 1423 2144 ·
1451 2126 1510 2155 εἶτα
1523 2126 1700 2164 προσελθὼνό
1714 2127 1786 2160 θεῖος
1801 2129 1840 2154 ιε-

1051 2177 1170 2212 ράρχης,
1194 2175 1275 2211 εὐχὴν
1299 2174 1448 2211 ἱερωτάτην
1471 2174 1515 2200 ἐπ’
1538 2172 1612 2208 αὐτῷ
1635 2173 1766 2204 ποιεῖται,
1791 2173 1841 2200 καὶ

1050 2222 1119 2257 μετὰ
1147 2221 1197 2257 τὴν
1225 2221 1308 2256 εὐχὴν
1337 2220 1420 2252 αὑτός
1442 2227 1472 2246 τε
1495 2220 1510 2246 ό
1532 2218 1662 2254 ῐεράρχης
1685 2218 1839 2251 ἀσπάζεται

1047 2266 1092 2293 τὸν
1120 2265 1328 2301 κεκοιμημένον,
1349 2265 1396 2292 καὶ
1429 2265 1488 2300 μετ’
1511 2263 1592 2292 αὐτὸν
1614 2263 1639 2289 οἱ
1668 2263 1802 2298 παρόντες
1816 2264 1842 2280 ³³

1047 2313 1175 2344 ἅπαντες.
1210 2311 1423 2347 Ἀσπασαμένων
1454 2311 1482 2338 δὲ
1507 2310 1632 2341 πάντων,
1661 2309 1765 2344 ὲπιχέει
1798 2309 1839 2345 τῷ

1046 2357 1239 2394 κεκοιμημένῳ
1263 2357 1293 2384 τὸ
1316 2357 1428 2383 ἐλαιονό
1444 2356 1584 2392 ίεράρχης,
1616 2356 1663 2382 καὶ
1689 2355 1739 2390 τὴν
1765 2355 1839 2391 ὑπὲρ

1048 2405 1156 2432 πάντων
1169 2405 1249 2440 εὐχὴν
1265 2403 1340 2439 ἱερὰν
1350 2403 1542 2440 ποιησάμενος,
1556 2402 1715 2437 ἀποτίθησιν
1727 2402 1758 2428 ἐν
1768 2401 1838 2436 οἴκῳ

1046 2450 1129 2486 τιμίῳ
1141 2450 1172 2477 τὸ
1186 2449 1265 2486 σῶμα
1277 2449 1336 2485 μεθ’
1345 2449 1444 2485 ἐτέρων
1451 2448 1592 2484 ὁμοταγῶν
1601 2448 1681 2484 ἱερῶν
1691 2448 1834 2483 σωμάτων.

1345 2518 1392 2544 lll.
1414 2517 1534 2550 Θεωρία.

996 2553 1051 2592 ει.

190 2603 200 2616 ’³
243 2606 304 2633 llaec
325 2606 434 2640 quidem
457 2606 479 2632 si
505 2605 661 2638 aspexerint
684 2605 803 2639 profani,
825 2605 895 2633 vela
913 2605 991 2634 nobis

205 2653 263 2680 lic-ri
291 2651 487 2685 iuaudivcrint,
512 2651 635 2685 profuse,
649 2652 830 2685 utexistimo,
854 2653 990 2685 ridebunt,

1082 2604 1175 2632 Ταῦτα
1202 2605 1250 2639 μὲν
1264 2603 1286 2619 ³⁸
1296 2603 1375 2630 εἴπεο
1400 2601 1508 2635 ἴδοιενῆ
1524 2600 1669 2627 ἀκούσαιεν
1690 2600 1714 2626 οἱ
1731 2599 1830 2635 ἀνίεροι

1044 2661 1113 2689 προς
1130 2651 1209 2688 ἡμῶν
1231 2650 1380 2686 τελούμενα
1392 2648 1533 2683 ⁸⁵,πλατὺσ
1544 2647 1706 2682 ίελάσουσιν,
1731 2645 1770 2678 ὡς
1793 2643 1831 2672 οἴ-

839 2710 958 2738 VARIIE
977 2710 1181 2738 LECTlONES.

239 2763 263 2780 ³⁸
275 2762 409 2797 φαίνεται,
424 2761 452 2788 S.
467 2760 540 2788 Scol.
556 2759 630 2799 Sani
655 2760 677 2776 "
691 2757 746 2792 οἷός
758 2761 829 2799 ἐστι..
840 2760 869 2786 Ι).
908 2758 1046 2799 ’δεύκ-τῶς
1055 2758 1112 2799 LM.
1127 2758 1222 2799 πέρας.
1236 2757 1266 2785 D.
1286 2757 1328 2799 ﬁ"
1339 2755 1490 2799 6§Aiot§‘.‘M-
1503 2754 1547 2794 ξε·
1580 2753 1611 2799 ιξθ
1624 2752 1766 2799 ³ὲ¹¹ῖε¹²ξξίξ¹
1779 2751 1830 2799 ξίν

203 2806 258 2825 non
278 2799 378 2824 habent
395 2797 425 2825 ὃ.
442 2796 472 2824 1).
493 2797 523 2823 Ι).

202 2833 278 2860 τελού
284 2842 360 2862 αενα,
376 2833 405 2859 Ι).

561 2796 581 2812 ³¹
598 2795 657 2830 μέν.
697 2796 717 2812 ³⁸
731 2787 924 2824 κατατέτακτο,
938 2794 967 2821 l’.
986 2794 1015 2820 D.
1036 2787 1044 2791 ’
1055 2793 1077 2810 ³³
1090 2787 1272 2829 παρεστῶτες,
1286 2792 1316 2819 P.
1356 2793 1377 2808 "
1391 2790 1458 2819 ἀλλά
1469 2789 1564 2823 ταῦτα,
1580 2788 1614 2816 Μ.
1632 2789 1678 2816 Sc.
1714 2787 1736 2803 ³³
1751 2788 1828 2817 intra».

1904 2019 1906 2076 ί
