1929 3068
52 163 115 192 5‘3"!

596 168 638 195 DE
656 167 797 195 ECCLES.
812 166 1010 201 HIERARCH.,
1029 169 1105 196 CAP.
1124 168 1170 197 VII

1643 167 1702 193 538'

53 232 123 256 μαι,
140 224 192 251 καὶ
204 224 253 260 τῆς
268 225 425 261 πλανήσεως
451 227 524 263 ἡμᾶς
548 227 713 263 ἑλεήσουσιν.
726 227 763 254 Οὐ
775 227 816 253 δεῖ
828 227 847 253 δὲ

909 233 935 255 et
947 229 1049 255 erroris
1070 229 1155 255 nostri
1180 229 1251 261 ipsos
1272 225 1558 254 miscrebiturNerum
1575 231 1628 252 non
1648 227 1691 251 est

51 269 132 305 πρὸς
145 270 229 297 τοῦτο
242 271 408 307 θαυμάζειν·
424 272 472 299 ἐὰν
486 273 540 309 γὰρ
554 273 590 309 μὴ
613 273 804 303 πιστεύσωσιν,
820 273 858 305 ὡς

50 315 91 342 τὰ
105 316 194 350 λόγια
224 325 315 352 φησιν,
340 318 400 344 οὐδὲ
427 318 464 354 μὴ
492 319 650 354 συνήσουσιν
665 319 697 346 ³⁸.
717 320 812 354 Ἡμεῖς
830 319 858 345 δὲ

50 360 93 387 τὰ
122 362 213 397 νοητὰ
240 363 294 389 τῶν
321 363 489 399 τελουμένων
515 364 738 396 ἐποπτεύσαντες,
769 364 857 400 Ἰησοῦ

52 407 309 441 φωταγωγοῖωτος,
325 408 447 444 εἴπωμεν
463 410 495 441 ³⁷,
509 410 547 442 ὼς
557 411 607 436 οὐκ
618 410 723 444 ἀλόγως
738 411 752 437 ό
764 410 857 445 ίεράρ-

52 461 111 488 χης
139 453 190 479 ἐπὶ
213 453 260 479 τὸν
279 453 401 489 ὁμοταγῆ
429 453 517 489 χῶρον
530 454 633 488 εἰσάγει
653 455 700 481 καὶ
720 454 856 490 ἐπιτίθησι

52 498 104 524 τὸν
116 498 321 534 κεκοιμημένον
330 508 337 514 ’
351 499 478 534 ἐμφαίνει
488 499 542 535 γὰρ
557 499 647 535 ίερῶς,
661 500 698 532 ὡς
709 501 770 526 κατ’
781 501 854 528 ὲκεί-

53 551 107 574 νας
122 543 234 570 ἕσονται
247 544 348 575 πάντες
362 544 392 570 ὲν
405 545 439 579 τῇ
453 544 646 580 παλιγγενεσία
661 545 711 577 τὰς
736 545 856 581 ἀττοκῖη-

55 589 175 625 ρώσεις,
189 590 251 616 καθ’
261 591 295 622 ἃς
308 590 401 617 ἐνθάδε
418 591 468 626 τὴν
488 591 591 618 οἱκείαν
604 591 677 627 ζωὴν
694 591 856 627 ἀπεκλήρω-

55 645 121 663 σαν.
138 634 214 668 Οἴον,
231 636 255 663 εί
269 636 371 672 θεοειδῆ
386 645 428 669 τις
440 637 519 672 ἔσχεν
530 637 621 664 ἐνθάδε
641 638 687 664 καὶ
707 638 856 673 ἱερωτάτην

55 681 147 718 ζωὴν,
169 683 207 714 ὡς
229 683 306 719 ἀνδρὶ
327 682 358 709 τὺ
380 682 544 719 θεομίμητον
571 683 691 718 ἐφικτὸν,
714 684 742 710 ὲν
771 683 856 715 θείαις

55 728 139 755 ἔσται
161 728 233 756 κατά
253 729 298 756 τὸν
323 729 408 756 αίῶνα
433 730 479 756 τὸν
505 730 633 765 μέλλοντα
647 730 694 757 καὶ
709 730 856 765 μακαρίαις

55 774 191 810 λήξεσιν⁸
204 777 229 803 εί
246 776 274 802 δὲ
285 776 335 811 τῆς
357 777 416 803 κατ’
432 776 514 812 ἄκρον
539 776 671 808 Θεοειόοὖς
697 776 855 812 ὑφειμένην,

58 821 141 857 ἱερὰν
154 821 185 848 δὲ
195 822 279 857 ὅμως,
292 821 424 857 ὁμοειδεῖς
439 823 486 848 καὶ
504 819 579 854 οὗτος
596 822 617 838 ³⁸
629 821 796 858 ἀπολήψεται
805 821 855 853 τὰς

57 869 140 904 ἱερὰς
156 868 283 904 ἀμοιϐάς.
304 868 392 904 Ὑπερ
408 869 509 904 ταύτης
529 869 580 904 τῆς
596 868 670 902 θείας
686 868 858 905 δικαιοσύνης

908 275 979 308 quod
996 274 1047 301 hoc
1069 275 1221 301 miremur:
1237 273 1289 301 nisi
1310 273 1382 300 enim
1410 272 1591 302 crediderim.
1614 271 1692 305 juxta

909 319 1090 355 Scripturam,
1115 327 1170 347 non
1195 319 1356 354 intelligent.
1383 318 1437 345 Nos
1461 319 1580 349 interim.
1595 317 1694 344 intelli-

907 366 1006 401 gentiis
1016 373 1108 393 eorum
1121 373 1181 401 qua:
1204 371 1337 399 geruntur
1348 365 1491 399 perceptis,
1508 364 1609 399 prmvio
1624 365 1693 391 duce

906 412 969 439 Jesu
996 412 1130 443 dicamus,
1154 419 1206 437 non
1230 410 1278 437 abs
1292 418 1322 436 re
1336 409 1489 444 prmsulem,
1508 417 1569 437 enm
1585 410 1630 443 qui
1646 409 1694 436 dc-

908 458 1014 485 mnctns
1029 462 1071 484 est
1086 457 1112 484 in
1125 457 1238 484 chorum
1254 456 1358 483 ordinis
1368 455 1408 482 sui
1423 455 1504 491 266
1519 455 1692 482 introducere

907 510 939 530 ac
954 503 1123 535 recondere;
1144 509 1206 528 nam
1224 506 1319 528 sancte
1344 500 1464 527 declarat
1491 507 1585 526 omnes
1600 499 1627 526 in
1652 507 1694 525 re-

906 549 1083 584 generatione
1093 553 1181 575 sortes
1194 549 1259 574 istas
1273 547 1447 578 obtenturos,
1462 546 1494 573 ad
1510 553 1579 580 quas
1593 545 1637 572 hic
1651 545 1694 572 vi-

907 600 962 622 tam
976 594 1111 628 propriam
1127 594 1286 621 direxerint.
1303 593 1336 620 Ut
1351 597 1425 626 puta,
1441 592 1463 619 si
1479 591 1540 626 quis
1553 591 1595 618 hic
1606 591 1690 618 vitam

906 640 1020 667 sortitus
1037 639 1072 666 sit
1086 639 1297 670 sanctissimam,
1319 645 1432 671 eamque
1458 638 1566 664 duxerit
1590 637 1689 663 deilor-

906 693 989 716 mem,
1007 685 1033 711 in
1051 689 1181 720 quantum
1207 691 1304 718 nempe
1328 683 1410 711 Deum
1436 683 1538 710 imitari
1565 683 1626 716 quis
1644 690 1691 716 po-

906 735 978 764 test;
993 731 1017 758 in
1034 730 1126 760 futuro
1147 731 1247 758 saeculo
1271 729 1364 758 divino
1389 730 1522 764 beatoque
1546 729 1602 756 otio
1617 727 1692 755 frue-

906 783 950 805 tur
966 786 974 811 ;
991 778 1033 805 sin
1059 778 1241 805 remissiorem
1258 776 1365 811 quidem
1390 775 1434 802 illa
1459 774 1596 806 deiformi,
1609 775 1690 802 simul

906 829 996 852 tamen
1012 829 1133 851 sanctam
1149 823 1231 850 vitam
1245 823 1306 857 quis
1319 821 1416 857 egerit.
1436 821 1510 856 paria
1523 826 1551 848 et
1562 821 1620 855 ipse
1632 828 1691 847 me-

907 870 967 897 ritis
993 871 1049 897 suis
1071 869 1182 903 praemia
1209 868 1320 896 referct.
1347 867 1561 901 Divinnsilaque
1574 866 1691 894 antistes

56 914 72 940 ὸ
87 913 225 950 ἰεράρχης
241 914 451 950 εὐχαριστήσας,
474 915 556 950 εὐχὴν
574 915 649 951 ἱερὰν
666 916 793 946 ποιεῖται,
809 915 847 942 κα¹

905 922 953 949 pro
969 914 1060 941 divina
1078 912 1247 946 hacjustitia
1273 911 1375 944 gratias
1393 918 1477 944 agens
1500 917 1558 937 rem
1580 916 1688 936 sacrant

56 959 110 994 τὴν
125 960 280 996 σεδασμίαν
295 961 375 997 ὑμνεῖ
389 961 528 997 θεαρχίαν,
543 961 580 993 ὡς
597 961 790 998 καθαιρετικὴν
805 962 856 997 μὲν

57 1005 106 1032 τοῦ
139 1007 212 1034 κατὰ
236 1007 344 1034 πάντων
367 1007 445 1043 ἡμῶν
467 1007 559 1034 ἀδίκου
586 1007 632 1034 καὶ
653 1008 812 1043 τυραννικοῦ
832 1008 854 1024 ³³

59 1052 199 1088 κράτους,
217 1053 373 1088 μεταγωγὸν
389 1053 417 1080 δὲ
436 1053 514 1089 ήμῶν
533 1053 580 1080 ἐπὶ
598 1053 635 1080 τὰ
651 1054 737 1081 οἰκεῖα
753 1054 855 1082 δικαιό-

58 1105 131 1125 τατα
146 1098 170 1114 “
181 1098 311 1133 κρίματα.

904 959 1020 994 peragit.
1033 963 1114 993 atque
1126 957 1309 985 venerandum
1322 956 1415 982 laudat
1428 955 1472 982 Dei
1492 955 1688 990 principatum,

905 1003 977 1038 qitod
1000 1002 1123 1037 iniquum
1152 1001 1378 1037 tyrannicumque
1394 999 1546 1034 imperium,
1561 1007 1616 1034 quo
1628 1007 1688 1026 om-

906 1055 954 1076 nes
964 1049 1165 1083 premebamur,
1177 1046 1366 1074 exterminarit
1374 1066 1382 1079 ,
1393 1050 1421 1073 et
1431 1053 1481 1074 nos
1494 1045 1528 1073 ad
1533 1044 1686 1079 justissima

903 1102 952 1123 sua
962 1094 1064 1129 judicia
1081 1093 1262 1120 transtulerit.

833 1173 901 1210 §ll.

97 1254 131 1279 Al
145 1253 174 1279 δὲ
185 1252 240 1279 τῶν
255 1252 408 1289 θεαρχικῶν
422 1253 442 1269 ⁸¹
456 1252 627 1288 ἐπαγγελιῶν
650 1253 717 1289 ᾠδαὶ
730 1254 777 1281 καὶ
790 1255 855 1281 ἀνα-

60 1299 176 1333 γνώσεις
199 1299 393 1334 ἐκφαντορικαὶ
408 1299 457 1335 μέν
484 1301 538 1327 εἰσι
557 1300 612 1328 τῶν
638 1301 852 1336 μακαριωτάτων

61 1345 175 1380 λήξεων,
187 1346 227 1377 είς
238 1345 271 1378 ἃς
283 1346 308 1372 οἱ
322 1345 396 1372 Θείαν
419 1346 567 1382 ἐσχηκότες
587 1346 725 1374 τελείωσιν
737 1347 853 1380 αἰωνίως

28 1388 29 1410 ἶ
62 1392 310 1427 καταταχθήσονται
323 1391 346 1408 ⁸²
355 1400 362 1407 ’
376 1391 423 1420 τοῦ
435 1392 464 1419 δὲ
477 1391 653 1428 κοιμηθέντος
677 1391 759 1428 ἱερῶς
780 1393 850 1420 ἀπο-

62 1436 193 1468 δεκτικαὶ,
205 1437 259 1464 τῶν
270 1438 311 1464 ἐτι
324 1437 352 1465 δὲ
367 1437 474 1470 ζώντων
497 1439 694 1475 προτρεπτικαὶ
709 1438 777 1474 πρὸς
797 1438 848 1475 τήν

28 1483 29 1503 1
61 1483 157 1519 ὁμοίαν
170 1483 316 1511 τελείωσιν.

940 1253 1052 1282 Cantica
1077 1261 1160 1288 porro
1186 1253 1341 1281 divinarum
1373 1253 1587 1288 promissionum
1603 1253 1688 1281 acle-

903 1300 1009 1328 ctiones
1028 1299 1166 1334 explicant
1190 1299 1269 1326 nobis
1281 1299 1361 1325 sedes
1376 1296 1437 1326 illas
1451 1298 1637 1331 beatissimas,
1652 1299 1687 1325 ad

903 1354 971 1381 quas
984 1346 1014 1378 ii.
1030 1345 1074 1380 qui
1093 1345 1184 1372 divina
1213 1343 1382 1379 perfectione
1406 1344 1511 1378 praediti
1525 1348 1591 1371 sunt
1605 1364 1613 1377 ,
1625 1352 1687 1379 pro—

902 1393 1104 1425 movebuntur;
1120 1397 1148 1420 et
1162 1399 1223 1426 quae
1248 1399 1322 1425 eum,
1340 1391 1386 1426 qui
1399 1395 1494 1418 sancte
1506 1391 1562 1419 vita
1578 1391 1687 1420 functus

901 1443 953 1471 est,
969 1438 1120 1473 excipiunt,
1144 1438 1266 1471 viventes
1286 1442 1377 1465 autem
1401 1437 1435 1464 ad
1448 1436 1566 1465 similem
1576 1437 1640 1465 vita:
1654 1437 1685 1465 li-

902 1492 964 1513 nem
974 1485 1164 1513 adhortantur.

820 1563 834 1600 ᾗ
853 1561 908 1593 ΙΙΙ.

96 1644 195 1672 Σκόπει
205 1644 243 1677 δὲ,
255 1644 297 1672 ὅτι
308 1644 355 1672 νῦν
365 1646 395 1672 οὗ
408 1646 492 1673 πᾶσαι
510 1645 580 1673 κατὰ
590 1644 621 1673 τὸ
633 1645 747 1682 σύνηθες
756 1645 785 1672 αι
797 1653 847 1672 κα-

933 1644 1065 1673 Catorum
1088 1644 1213 1676 observa.
1240 1644 1377 1678 quomodo
1401 1652 1454 1672 non
1476 1651 1572 1672 omnes
1583 1644 1628 1679 qui
1640 1651 1686 1672 ex.

65 1690 220 1728 θαιρόμεναι
240 1691 331 1724 τάξεις
353 1691 524 1723 ἀπολύονται,
548 1692 623 1727 μόνοι
640 1691 670 1719 δὲ
691 1691 746 1718 τῶν
768 1690 850 1727 ἱερῶν

65 1736 235 1764 ὲκὸἀλλονται
256 1737 352 1774 χώρων
363 1738 609 1774 οἱκατηχούμενοι,
632 1738 680 1764 καὶ
700 1737 756 1773 γὰρ
778 1736 848 1772 αὕτη

67 1781 112 1816 μὲν
134 1781 255 1818 ἀμύητός
278 1783 336 1808 ἐστι
365 1782 478 1809 καθόλου
502 1783 592 1817 πάσης
621 1782 697 1816 ἱερᾶς
718 1781 850 1816 τελετῆς,

65 1827 108 1854 καὶ
136 1827 204 1862 πρὸς
235 1827 327 1859 οὐδὲν,
351 1827 381 1854 οὺ
416 1827 529 1864 μικρὸν,
555 1827 586 1854 οὐ
621 1827 692 1863 μέγα
724 1825 779 1854 τῶν
808 1827 848 1853 ἱε-

68 1872 118 1907 ρῶς
138 1873 305 1909 τελουμένων
329 1872 490 1900 ἐποπτεύειν
511 1873 580 1909 αὐτῇ
603 1872 722 1908 θεμιτὸν,
736 1872 773 1904 ὡς
788 1871 848 1899 οὐδὲ

66 1917 111 1953 τῆς
121 1917 174 1944 τῶν
186 1917 267 1953 ἱερῶν
290 1917 405 1954 ὀπτικῆς
424 1918 564 1953 δυνάμεως
578 1917 789 1954 μετασχοὺσῃυ,
804 1917 849 1944 διὰ

66 1963 111 1999 τῆς
131 1963 285 2000 ἀρχιφώτου
299 1964 346 1991 καὶ
367 1963 541 1999 φωτοδότιδος
564 1963 744 1999 θεογενεσίας.
766 1964 800 1990 At
818 1963 846 1991 δὲ

67 2007 150 2036 λοιπαὶ
161 2009 215 2036 τῶν
226 2009 432 2045 καθαιρομένων
444 2009 534 2042 τάξεις
545 2010 574 2036 ὲν
588 2009 684 2046 μυήσει
696 2009 720 2025 ιλ
734 2010 783 2045 μὲν
796 2009 845 2045 ήδη

67 2055 201 2088 γεγόνασιν
224 2055 301 2091 ἱερᾶς
322 2054 512 2091 παραδόσεως*
538 2055 659 2091 ἀνοήτως
670 2054 698 2081 δὲ
721 2054 788 2091 πρὸς
812 2054 847 2083 τὰ

68 2100 143 2136 χείρω
165 2095 425 2136 παλινδρομήσασαι,
446 2100 506 2128 δέον
528 2100 576 2128 ἐπὶ
597 2100 632 2127 τά
642 2100 735 2137 πρόσω
746 2101 794 2137 τὴν
806 2102 847 2128 oi-

67 2146 136 2173 κείαν
158 2146 300 2182 ἀναγωγὴν
322 2146 529 2178 ἀποτελειῶσαι,
543 2147 597 2173 τῶν
609 2145 761 2182 θεαρχικῶν
785 2147 846 2182 μὲν,

69 2189 102 2222 ὡς
111 2191 136 2218 ὲν
148 2192 291 2227 συμϐόλοις
305 2192 400 2228 ἱεροῖς,
411 2191 531 2226 ὲποψιῶν
545 2192 592 2219 καὶ
613 2192 759 2219 κοινωνιῶν
771 2192 848 2219 εὐλό-

69 2243 118 2269 γως
139 2237 389 2265 ἀποδιαστέλλονται
408 2247 417 2254 ·
442 2237 620 2274 βλαϐήσονται
643 2238 707 2275 γὰρ,
730 2239 846 2275 ἀνιέρως

70 2283 147 2311 αὐτῶν
169 2285 340 2320 μετέχουσαι,
364 2284 412 2311 καὶ
437 2285 504 2320 πρὸς
523 2284 631 2312 πλείονα
643 2285 696 2312 τῶν
710 2285 787 2312 θείων
800 2285 846 2312 καὶ

899 1690 1012 1726 piationi
1028 1695 1125 1719 vacant
1149 1690 1258 1719 ordines
1279 1697 1329 1725 pro
1344 1697 1419 1718 more
1430 1690 1486 1724 jam
1500 1690 1685 1723 dimittantur.

899 1738 946 1765 sed
971 1738 1021 1765 soli
1042 1737 1232 1765 catechumeni
1257 1744 1272 1764 a
1292 1743 1371 1765 sacro
1405 1737 1492 1764 choro
1524 1741 1685 1769 arceantur.

900 1783 972 1818 quod
991 1783 1122 1810 nimirum
1149 1783 1194 1811 hic
1220 1782 1288 1811 ordo
1311 1782 1383 1810 sacri
1399 1782 1488 1809 omnis
1507 1782 1628 1818 mysterii
1648 1783 1687 1811 sit

897 1835 1005 1862 expers,
1031 1835 1119 1863 neque
1139 1828 1182 1856 fas
1205 1828 1241 1856 sit
1265 1827 1304 1855 illi
1317 1828 1466 1862 quidquam
1482 1827 1541 1856 sive
1556 1836 1684 1863 parvum,

898 1873 954 1902 sive
974 1881 1112 1909 magnum,
1125 1881 1220 1901 eorum
1245 1881 1306 1909 quze
1321 1879 1415 1902 sancte
1432 1880 1601 1909 peraguntur
1611 1875 1686 1909 aspi-

897 1928 970 1954 cere,
989 1920 1087 1955 quippe
1117 1920 1162 1955 qui
1189 1921 1302 1948 necdum
1330 1921 1389 1956 ejus
1413 1921 1525 1949 virtutis
1547 1922 1684 1956 particeps

901 1967 1028 1998 exsistat,
1059 1974 1119 2001 qnte
1131 1966 1248 2000 assurgit
1265 1966 1299 1993 ad
1314 1966 1405 1993 divina
1420 1968 1583 1998 continenda,
1598 1975 1679 2002 quam

898 2011 1070 2040 solummodo
1092 2011 1214 2047 indulget
1237 2019 1314 2039 sacra
1345 2011 1389 2039 illa
1415 2013 1598 2048 regeneratio,
1623 2021 1683 2047 qum

897 2058 1013 2093 primam
1036 2057 1122 2085 lucem
1140 2057 1257 2085 confert.
1281 2057 1379 2085 Caneri
1410 2063 1501 2085 autem
1512 2058 1623 2086 ordines
1635 2059 1683 2094 qui

897 2103 1117 2139 expiantur,jam
1132 2104 1236 2139 pridem
1248 2104 1358 2139 quidem
1375 2105 1461 2132 Sacris
1474 2110 1538 2132 sunt
1553 2098 1689 2138 instituti,

897 2151 944 2179 sed
968 2150 1040 2185 quod
1068 2150 1152 2178 stulte
1166 2150 1193 2177 in
1209 2150 1345 2177 deteriora
1368 2149 1468 2185 relapsi
1485 2150 1551 2182 sint,
1574 2158 1635 2178 cum
1647 2152 1682 2178 ad

897 2196 1035 2224 anteriora
1052 2196 1115 2223 vitae
1133 2202 1190 2222 sum
1202 2195 1323 2223 rationes
1351 2186 1498 2222 extendere
1511 2196 1680 2229 debuissent,

898 2242 1041 2278 pra-cipuis
1058 2241 1168 2276 quidem
1189 2241 1276 2268 sacris
1298 2241 1352 2268 illis
1376 2241 1486 2275 divinis,
1504 2249 1564 2277 quae
1576 2243 1626 2270 sub
1637 2251 1681 2271 stt-

897 2287 1050 2315 crosanctis
1073 2286 1158 2321 signis
1173 2286 1289 2318 latitant,
1314 2286 1525 2320 interdicuntur,
1542 2293 1569 2315 et
1584 2289 1618 2316 ab
1633 2288 1689 2330 (ἑο-ς

71 2328 161 2357 ἑαυτῶν
186 2330 337 2357 ἐλεύσονται
359 2331 562 2367 περιφρόνησιν.
575 2331 632 2358 Οὐκ
649 2331 801 2363 ἀπεικότως
814 2330 844 2358 δὲ

902 2333 1018 2361 rumdem
1033 2336 1142 2365 aspectu
1166 2339 1198 2359 ac
1210 2333 1400 2360 communione
1418 2334 1515 2361 merito
1529 2339 1656 2361 arcentur
1670 2343 1679 2368 ;

72 2374 184 2410 πάρεισιν
205 2377 251 2403 ὲπὶ
262 2377 318 2408 τοῖς
330 2376 377 2403 νῦν
389 2376 569 2412 τελουμένοις,
594 2375 717 2412 ἐναργῶς
739 2375 843 2402 ἐκδιδα-

74 2420 188 2455 σκόμεναι
209 2421 256 2447 καὶ⁵
276 2420 379 2456 ὁρῶσαι
391 2421 440 2456 τὴν
462 2421 509 2447 τοῦ
524 2421 583 2448 καθ’
596 2421 669 2456 ἡμᾶς
688 2420 805 2447 ἀδειλίαν
819 2421 844 2436 ⁸⁸

74 2463 181 2498 θανάτου,
193 2467 240 2494 καὶ
251 2467 286 2493 τὰ
297 2466 352 2493 τῶν
373 2467 458 2501 ἁγίων
480 2468 549 2503 γέρα
571 2467 638 2503 πρὸς
660 2467 715 2494 τῶν
734 2466 842 2502 ἀληθῶν

74 2511 163 2546 Λογίων
174 2513 339 2548 ὑμνούμενα,
353 2513 460 2546 καὶτὰς
471 2513 656 2549 ήπειλημένας
668 2513 774 2540 ἔσεσθαι
784 2514 841 2545 τοῖς

75 2559 123 2584 κατ’
133 2559 211 2591 αὐτὰς
233 2559 351 2594 ἀνιέροις
373 2559 564 2595 ἀτελευτήτους
587 2559 679 2591 ἀνίας·
700 2558 840 2593 επαιγάρ

75 2603 154 2637 αὑταῖς
174 2606 238 2637 ἴσως
262 2605 357 2640 ὄφελος
366 2624 374 2636 ,
386 2605 503 2641 ὁρώσαις
513 2605 558 2632 τὸν
572 2605 653 2641 ἰερῶς
665 2604 839 2640 τετελειωμέ-

76 2654 112 2674 νιν
122 2650 166 2677 ὑπὸ
176 2649 227 2686 τῆς
241 2650 427 2686 λειτουργικῑκ
450 2650 633 2686 ἀναρρήσεως,
656 2649 694 2681 ὡς
715 2649 842 2676 κοινωνὸν

894 2377 1029 2412 siquidem
1045 2377 1173 2404 damnum
1189 2376 1332 2408 referrent,
1344 2378 1365 2405 si
1382 2377 1475 2405 iisdem
1492 2377 1601 2413 indigne
1610 2386 1681 2406 com-

895 2422 1077 2454 municarent,
1093 2425 1121 2449 et
1138 2421 1172 2448 ad
1196 2421 1324 2456 majorem
1344 2430 1436 2449 rerum
1456 2422 1608 2450 divinarum
1623 2425 1680 2451 sui-

894 2475 946 2502 que
957 2472 1142 2502 conlemptum
1165 2466 1333 2494 devenirent.
1350 2467 1407 2494 Non
1425 2468 1576 2503 incengrue
1588 2475 1679 2496 autent
1698 2463 1700 2465 ’

894 2512 1074 2540 admittuntur
1087 2513 1120 2539 ad
1132 2519 1165 2540 ea
1187 2519 1248 2547 quae
1260 2513 1303 2540 hic
1314 2518 1455 2547 geruntur,
1483 2518 1514 2541 ut
1538 2516 1681 2549 perspicue

894 2558 1000 2584 discant
1012 2562 1039 2585 et
1053 2557 1197 2585 advertant
1222 2559 1317 2586 mortis
1337 2559 1558 2587 incertitudinem
1574 2565 1601 2588 et
1615 2568 1681 2588 san-
1701 2550 1704 2554 ’

894 2608 1001 2630 ctorum
1027 2603 1138 2638 praemia
1154 2611 1216 2639 qua:
1229 2604 1255 2631 in
1274 2603 1424 2640 Scripturis
1448 2606 1522 2633 veris
1535 2606 1680 2634 celebran-

895 2653 952 2682 tur,
966 2657 1081 2684 quaeque
1101 2649 1156 2677 illis
1175 2657 1325 2686 eorumque
1351 2650 1486 2679 similibus
1499 2652 1613 2688 impuris
1628 2654 1679 2680 lio-

687 2706 803 2734 γΑιιιΑε
824 2706 1026 2735 LECTIONES.

107 2760 128 2800 ’ί
135 2765 262 2800 συνήσωσι
275 2765 420 2800 corrigitur
433 2765 459 2791 in
475 2764 504 2792 S.
543 2763 566 2781 ⁸⁷
579 2765 701 2800 εἴπομεν,
716 2764 746 2792 Ρ.
761 2763 807 2792 Sc.
822 2765 884 2800 Sar.
897 2769 925 2791 et
940 2763 1033 2800 Vien,
1057 2763 1079 2779 ³⁸
1092 2764 1185 2800 αὐτός,
1199 2763 1238 2800 M:
1257 2763 1360 2800 οὕτως,
1377 2765 1405 2792 S.

79 2792 137 2823 se.
180 2792 509 2834 έυδικαιώμαέα,ιι.δρ.
547 2792 854 2832 διώνοείίονωιμδ.

1447 2765 1469 2782 ³⁸
1479 2765 1677 2802 τυραννὼδους,

900 2800 922 2836 δξ
935 2799 1161 2836 καταχθήσονεαι,
1226 2799 1319 2836 Ρίβε.
1353 2801 1400 2836 ﬂ"
1422 2799 1609 2836 μετασῇφύσης
1622 2820 1630 2832 ,
1645 2801 1665 2828 I'

82 2834 240 2872 βξγᾳσχοῡσα,
254 2836 284 2872 8ἶ
311 2835 381 2872 “di;
393 2836 423 2861 ὲν
438 2837 535 2872 μυήσει
547 2855 554 2864 ,
569 2835 588 2872 S
636 2836 659 2872 ξε
671 2835 773 2872 δειλίαν
783 2854 790 2866 ,
813 2835 847 2872 Μ,
863 2840 891 2862 et
905 2834 950 2862 Sc.
964 2834 1086 2872 ᾀδηλίαν,
1102 2834 1132 2861 1).
1149 2835 1199 2862 (λιι.
1213 2840 1240 2862 et
1254 2835 1329 2862 Victi.
1343 2835 1389 2864 Sic
1403 2834 1487 2864 etiam
1499 2834 1592 2872 legunt
1603 2835 1676 2863 Lan-

80 2864 163 2902 tellius',
173 2864 320 2898 (lorderius
333 2871 360 2898 in
371 2864 503 2899 'vers'ion'e
517 2870 624 2904 Latina,
639 2864 825 2906 Pachymcres
839 2871 865 2898 in
880 2864 1055 2906 paraphrasi.
