1929 3068
185 150 237 179 559

772 151 800 177 S.
821 151 900 178 DIUN
907 151 923 177 ὶ
930 151 971 178 Sll
990 151 1181 178 ARILUPAGI‘!
1189 151 1221 176 At

1759 152 1814 179 5W

187 208 308 236 minibus
332 207 464 242 supplicia
493 206 599 234 inﬁnita
626 206 815 234 intentantur:
845 207 969 242 equilqu

1025 206 1108 238 ὅντως
1119 207 1183 233 ὅντα
1194 206 1246 234 τῶν
1259 206 1306 232 ἀπ’
1318 205 1415 237 αἰῶνος
1438 206 1532 240 ἁγίων,
1559 206 1639 242 ίερῶς
1660 206 1814 243 ἀνακηρυτ-

185 254 281 289 ntique
296 253 460 288 spectaculis
483 253 553 280 forte
573 252 689 279 fructum
706 253 824 287 capient,
840 253 903 280 dum
916 260 975 280 cer-

184 305 261 332 nent,
277 307 339 328 eum
354 300 399 334 qui
420 304 517 327 sancte
545 299 614 326 obiit
642 298 827 325 ministrorum
844 298 975 333 praedica-

186 345 261 373 tione
276 345 423 378 celebrari,
436 349 464 372 ut
477 351 542 372 vere
554 349 709 372 consortem
722 344 803 380 267
820 349 974 371 sanctorum

187 391 233 425 qui
247 398 262 417 a
275 390 376 418 saeculo
390 395 464 422 sunt,
487 390 592 424 ipsique
608 389 732 417 fortassis
747 389 882 417 consimili
900 389 972 416 desi-

187 437 265 463 derio
275 436 439 471 ﬂagrabunt.
451 441 478 463 et
491 436 676 463 ministrorum
688 435 829 470 disciplina
845 435 977 463 docebun—

186 487 241 516 tur,
259 490 340 518 quam
362 490 424 509 vere
439 483 517 510 beata
529 482 564 510 sit
584 483 610 509 in
624 481 735 509 Christo
754 482 969 509 consummatio.

1024 254 1136 291 τόμενον
1148 254 1170 269 ⁸⁸
1179 263 1186 268 ·
1201 253 1247 281 καὶ
1260 253 1329 288 τάχα
1343 253 1390 280 καὶ
1414 251 1492 280 αὗται
1505 254 1573 289 πρὸς
1583 253 1632 289 τὴν
1644 254 1739 289 ὁμοίαν
1750 254 1814 290 ἑφε-

1025 309 1067 328 σιν
1079 301 1100 317 ⁸⁷
1114 301 1218 336 ἥξουσι,
1232 300 1279 328 καὶ
1301 300 1369 335 πρὸς
1387 299 1437 335 τῆς
1450 300 1637 334 λειτουργικῆς
1659 300 1815 336 ἐπιστήμης

1024 348 1270 383 ἑκδιδαχθήσονται,
1295 347 1431 383 μακαρίαν
1452 346 1560 382 ἀληθῶς
1571 344 1641 374 εἶναι
1651 347 1700 383 τὴν
1710 347 1739 374 ὲν
1749 348 1814 384 Χριρ

1027 393 1081 428 στῷ
1092 393 1242 420 τελείωσιν.

963 570 1047 607 51v.

225 651 327 680 Deinde
343 653 476 680 accedens
498 654 614 681 antistes
636 660 742 688 precem
767 661 871 680 sacram
892 660 973 688 super

187 698 315 726 defuncto
329 701 432 734 peragit
448 707 455 726 :
474 707 526 733 qua
540 699 628 732 ﬁnita,
648 700 762 733 ipsemet
777 700 892 731 antistes
909 707 971 726 eum

185 743 298 777 salutat,
311 745 462 779 ordineque
476 745 605 779 deinceps
626 753 678 772 suo
692 753 786 772 omnes
800 746 845 780 qui
864 745 972 772 adsunt.

186 788 273 824 Rogat
288 791 378 825 itaque
395 791 553 825 precatione
570 791 613 818 illa
629 792 749 819 divinant
768 791 928 822 bonitatem.
943 795 972 818 ut

185 835 313 863 defuncto
340 840 450 871 peccata
475 837 565 864 omnia
584 837 712 869 dimittat,
729 845 789 871 qua;
805 845 854 872 per
866 837 970 871 ,huma-

186 889 249 908 nam
263 881 447 908 inﬁrmitatem
466 887 604 909 contracta
619 887 692 914 sunt,
709 890 826 916 eumque
842 883 868 909 in
884 882 969 908 lucem

1062 649 1129 677 Εἶτα
1144 649 1302 686 προσελθὼν
1316 651 1331 676 ὀ
1345 649 1416 681 θεῖος
1427 649 1568 685 ίεράρχης,
1582 648 1664 685 εὐχὴν
1676 648 1752 685 ίερὰν
1765 649 1818 677 ἐπὶ

1024 696 1063 732 τῷ
1079 705 1193 732 κεκοιμη
1198 697 1270 731 μένῳ
1281 697 1408 722 ποιεῖται·
1417 695 1463 722 καὶ
1479 694 1548 730 μετὰ
1560 694 1609 730 τὴν
1622 695 1715 730 εὐχὴν,
1732 694 1813 726 αὑτός

1024 752 1054 770 τε
1068 744 1082 770 ὁ
1095 743 1225 778 ἱεράρχης
1238 742 1318 768 αὑτὸν
1334 740 1495 772 ἀσπάζεται,
1510 741 1557 767 καὶ
1571 739 1633 775 ἑξῆς
1644 741 1668 766 οι
1679 740 1814 775 παρόντες

1026 788 1154 820 ἅπαντες.
1177 789 1208 814 Ἦ
1222 788 1270 823 μὲν
1282 785 1329 814 οὖν
1345 787 1412 822 εὐχὴ
1422 786 1473 821 τῆς
1488 785 1635 822 θεαρχικῆς
1645 785 1813 821 ἀγαθὸτητσς

1025 835 1119 867 δεῖται,
1135 835 1223 862 πάντα
1239 835 1287 870 μὲν
1299 835 1407 869 ἀφεῖναι
1415 833 1437 849 ⁴⁸
1454 833 1488 860 τὰ
1501 833 1535 860 δι’
1548 832 1719 869 ἀνθρωπίνην
1733 832 1810 860 ἀσθέ-

1024 891 1098 909 νειαν
1107 883 1287 918 ἡμαρτημένα
1301 882 1339 917 τῷ
1354 881 1554 917 κεκοιμημένῳ,
1567 881 1715 914 κατατάξαι
1728 881 1755 908 δὲ
1764 881 1813 908 αὑ-

185 932 308 954 sanclam
324 935 356 955 ac
373 929 496 954 vivorum
512 928 647 962 regionem
665 928 822 961 transferat,
835 933 862 955 et
885 928 969 955 collo-

1024 929 1068 955 τὸν
1083 929 1112 955 ὲν
1123 928 1193 963 φωτὶ
1204 929 1251 955 καὶ
1263 928 1338 964 χώρᾳ
1351 928 1468 960 ζώντων,
1483 929 1522 959 εἰς
1540 928 1656 959 κόλπους
1676 928 1812 963 Ἀϐραὰμ,

185 980 230 1003 cet
244 976 270 1003 in
286 975 348 1002 sinu
364 975 479 1001 Abraha:
491 995 498 1005 ,
513 973 588 1002 Isaac
601 979 627 1001 et
641 973 726 1002 Iacob
738 996 744 1007 ,
763 975 789 1001 in
808 974 868 1002 loco
884 982 898 1001 a
913 983 967 1010 quo

1024 975 1067 1001 καὶ
1087 974 1188 1006 Ἰσαὰκ,
1197 974 1245 1000 καὶ
1264 974 1371 1007 Ἰακὼϐ,
1382 976 1411 1002 ἐν
1424 977 1499 1012 τόπῳ
1511 973 1541 1003 οὗ
1551 976 1658 1011 ἀπέδρα
1671 974 1753 1010 ὀδύνη
1763 975 1814 1001 καὶ

184 1021 263 1050 dolor
278 1027 307 1049 et
321 1022 432 1049 tristitia
452 1021 624 1056 gemitusque
640 1021 796 1056 autugiunt.

1024 1021 1096 1057 λύπη
1112 1022 1158 1048 καὶ
1171 1022 1332 1057 στεναγμός.

964 1100 978 1138 ς
994 1101 1032 1131 V.

220 1172 282 1200 "me
305 1172 399 1206 utique
422 1172 586 1207 perspicua,
605 1176 636 1199 ut
658 1172 789 1205 arbitror,
811 1172 966 1200 beatissima

183 1223 342 1246 sanctorum
355 1218 463 1252 praemia
476 1223 551 1245 sunt.
569 1218 670 1252 Ecquid
691 1219 763 1245 ernim
781 1218 906 1253 perfecta:
918 1218 970 1246 im—

1058 1172 1150 1200 Ταῦτα
1165 1172 1215 1209 μὲν
1229 1171 1286 1205 οὖν,
1302 1174 1340 1205 ὡς
1351 1172 1438 1209 οἶμαι,
1451 1172 1519 1208 δῆλα
1535 1172 1570 1199 τὰ
1588 1172 1643 1199 τῶν
1656 1172 1741 1206 ἀγιων
1758 1180 1812 1207 μα-

1022 1218 1178 1254 καριώτατα
1189 1219 1211 1236 ’⁸³
1226 1220 1338 1255 γέρατα.
1359 1219 1392 1246 Τί
1404 1219 1458 1255 γὰρ
1478 1219 1510 1246 ἂν
1528 1219 1631 1253 γένοιτο
1645 1218 1695 1253 τῆς
1713 1226 1811 1244 παντε-

184 1263 342 1291 mortalitati
357 1262 431 1289 omni
445 1263 554 1290 tristitia
569 1263 673 1290 carenti
688 1283 695 1296 ,
713 1263 827 1300 luceque
847 1264 971 1298 plenissi-

184 1317 235 1337 [ηε-ε
245 1308 364 1336 conferri
381 1309 485 1336 valeat?
499 1313 680 1344 prmlerquam
695 1310 765 1344 quod
779 1310 970 1344 promissiones

183 1355 243 1382 ista!
259 1359 349 1381 mente
361 1354 479 1388 qualibet
495 1354 677 1386 sublimiorcs,
693 1355 734 1382 vel
749 1355 866 1382 maxime
878 1355 910 1382 ad
925 1363 971 1382 ca-

183 1404 259 1434 ptum
284 1404 406 1427 nostrutn
423 1401 635 1427 acconnnodatis
655 1401 806 1429 rationibus
829 1409 969 1436 expressas

181 1446 338 1475 earumdem
347 1450 436 1473 tamen
458 1446 653 1481 appellationes
666 1454 680 1474 a
697 1447 762 1474 reali
781 1447 901 1482 ipsarum
922 1455 971 1474 ve-

183 1492 266 1521 ritate
279 1492 426 1527 plurimum
441 1492 580 1520 deliciant.
597 1493 738 1528 Siquidem
757 1494 896 1528 Scriptura
912 1494 970 1521 hac

183 1538 295 1564 omnino
313 1545 374 1564 vera
398 1543 461 1565 est:
481 1537 612 1570 Quoniam
634 1539 724 1566 oculus
748 1547 799 1566 non
819 1540 899 1573 uidit,
923 1547 970 1566 nec

182 1584 255 1611 auris
272 1585 384 1618 audivit,
403 1593 448 1611 nec
465 1584 493 1612 in
512 1593 556 1612 cur
568 1585 679 1613 hominis
692 1586 818 1619 ascendit,
831 1576 893 1622 qme
903 1594 973 1620 pra-

1023 1265 1076 1298 λῶς
1084 1267 1106 1282 ³⁸³
1119 1266 1223 1293 ἀλύπου
1241 1267 1289 1293 καὶ
1304 1267 1470 1302 φωτιστικῆς
1487 1265 1635 1298 ἀθανασίας
1651 1266 1813 1302 ίσόρῤοπον;

1024 1314 1048 1340 εί
1059 1313 1106 1340 καὶ
1119 1312 1154 1340 τὰ
1170 1312 1286 1348 μάλιστα
1299 1315 1360 1345 ταῖς
1374 1313 1452 1349 ἡμῶν
1464 1313 1605 1348 ἀναλόγοις
1620 1313 1768 1348 σημασίαις
1781 1314 1812 1339 αἱ

1024 1359 1126 1391 παντὸς
1147 1359 1310 1395 ὑψηλότεραι
1332 1359 1391 1391 νοὸς
1414 1359 1574 1394 ἐπαγγελίαι
1596 1359 1810 1394 σημαινόμεναι,

1023 1405 1073 1441 τῆς
1084 1405 1280 1441 πραγματικῆς
1294 1405 1383 1432 αὐτῶν
1394 1405 1523 1441 ἀληθείας
1535 1405 1702 1437 ἀποδεούσας
1717 1405 1813 1441 ἔχουσι

1023 1451 1073 1484 τὰς
1087 1451 1242 1488 ὀνομασίας.
1269 1452 1378 1489 Ἀληθὲς
1393 1452 1448 1488 γὰρ
1466 1451 1534 1479 εἶναι
1546 1453 1576 1479 τὸ
1588 1452 1676 1486 λόγιον
1693 1452 1810 1487 οἰητέον·

1025 1498 1085 1524 Ὅτι
1092 1497 1245 1532 ὀφθαλμὸς
1255 1498 1310 1525 οὐκ
1319 1497 1410 1530 εἶδεν,
1422 1497 1471 1524 καὶ
1480 1498 1535 1530 οὖς
1542 1498 1597 1524 οὐκ
1608 1497 1751 1531 ἤκουσεν,
1759 1497 1810 1523 καί

1022 1542 1072 1569 ἐπὶ
1087 1542 1212 1576 καρδίαν
1227 1543 1382 1577 ἀνθρώπου
1398 1544 1452 1570 οὐκ
1467 1543 1557 1576 ἀνέϐη
1578 1542 1597 1569 ἆ
1612 1542 1776 1577 ἡτοίμασεν
1792 1544 1811 1568 ὁ

1026 1588 1098 1621 Θεὸς
1105 1588 1166 1621 τοῖς
1178 1588 1334 1623 ἀγαπῶσιν
1347 1589 1450 1615 αὐτόν.
1463 1588 1565 1614 Κύλποι
1585 1587 1614 1614 δέ
1624 1589 1702 1621 εἰσιν,
1724 1587 1762 1619 ὡς
1775 1586 1811 1614 οἶ-

179 1632 371 1665 ραναοὶιλὶειιε
386 1633 551 1669 diligentibus
570 1642 598 1662 se
614 1634 628 1654 ά
643 1654 650 1661 .
674 1634 757 1662 Sinus
777 1640 883 1667 autem,
911 1643 969 1663 mea

1025 1643 1084 1669 μαι,
1098 1633 1152 1661 τῶν
1162 1634 1304 1670 μακαρίων
1312 1634 1487 1670 πατριαρχῶν
1498 1634 1605 1661 καὶτῶν
1612 1633 1712 1660 λοιπῶν
1723 1633 1812 1667 ἁγίων

182 1679 290 1714 quidem
304 1681 450 1713 sententia,
462 1685 525 1707 sunt
537 1681 675 1708 beatorum
687 1681 904 1716 patriarcharum
915 1689 969 1708 ca:-

1024 1680 1149 1708 ἀπάντων
1161 1681 1182 1696 ⁵¹
1198 1681 1226 1707 αἰ
1247 1680 1384 1707 θειόταται
1402 1681 1448 1707 καὶ
1468 1681 1634 1716 μακαρισται
1654 1679 1756 1715 λήξεις,
1780 1680 1810 1706 αι

185 1727 360 1759 terorumque
383 1731 540 1752 sanctorum
558 1726 734 1753 divinissimm
748 1726 969 1760 beatissimmque

1024 1728 1084 1759 τοὺς
1097 1727 1222 1759 θεοειδεῖς
1237 1726 1433 1762 ὑποδεχόμεναι
1445 1726 1547 1758 πάντας
1556 1727 1596 1758 εἰς
1606 1725 1656 1761 τὴν
1667 1726 1697 1752 ὲν
1710 1725 1810 1757 αὑταῖς

183 1770 283 1803 quietis
297 1770 385 1804 sedes,
400 1778 461 1804 quae
474 1772 546 1799 viros
562 1779 656 1799 omnes
667 1771 816 1799 deil‘ormes
829 1771 968 1806 excipiunt

184 1815 211 1841 in
241 1821 289 1842 sua
325 1815 511 1843 insenescibili
544 1816 759 1852 beatissitnaque
795 1824 969 1845 consumma-

184 1861 268 1889 tione.

217 2014 353 2042 Fortassis
366 2019 456 2041 aulem
474 2014 511 2041 ita
525 2014 633 2048 quidem
652 2013 757 2048 inquies
772 2018 846 2040 recte
861 2021 875 2040 a
890 2012 969 2040 nobis

181 2060 246 2094 dici,
267 2060 391 2087 dubitare
413 2065 502 2086 tamen
525 2064 561 2090 te,
585 2059 662 2092 cujus
681 2060 718 2085 rei
743 2059 830 2094 gratia
848 2059 968 2085 divinam

181 2106 353 2134 clementiam
379 2105 493 2133 antistes
509 2106 668 2139 deprecetur
679 2125 686 2136 ,
712 2112 826 2139 poscens
842 2104 969 2131 defuncto

181 2152 241 2179 dari
265 2151 372 2178 veniam
388 2156 562 2186 peccatorum
576 2170 584 2183 ,
600 2155 627 2177 ct
644 2151 774 2185 aequalem
791 2150 968 2178 deifnrmibus

180 2198 247 2225 viris
259 2198 455 2226 lucidissimam
468 2202 579 2224 sortem.
595 2196 663 2223 Nam
672 2197 692 2224 si
707 2197 833 2231 quwlibet
847 2205 861 2223 ιι
876 2196 967 2223 divina

178 2243 286 2279 iustitia
309 2244 424 2278 recipiat
442 2243 651 2271 retributionem
667 2250 762 2270 eorum
785 2250 845 2277 quze
867 2243 894 2270 in
913 2243 966 2269 vita

179 2291 306 2326 praesenti
320 2290 379 2317 sive
392 2290 459 2317 bene
475 2291 532 2317 sive
548 2289 618 2317 male
639 2291 743 2324 gessit,
757 2289 901 2317 defunctus
919 2295 968 2315 au-

1020 1773 1116 1810 ἀγήρω
1131 1773 1178 1800 καὶ
1197 1773 1411 1810 μακαριωτάτην
1428 1771 1575 1800 τελείωσιν.

987 1929 1043 1961 Vl.

1054 2011 1139 2047 Φαίης
1151 2010 1172 2037 δ’
1190 2010 1225 2037 ἂν
1239 2009 1314 2041 ἴσως,
1335 2009 1421 2035 ταῦτα
1436 2007 1485 2044 μὲν
1498 2007 1586 2043 ὀρθῶς
1599 2006 1723 2042 ειρῆσθαι
1739 2007 1807 2042 παρ’

1020 2057 1108 2093 ἡμῶν,
1125 2057 1237 2092 ἀπορεῖν
1251 2056 1296 2088 δὲ,
1311 2055 1372 2082 ὅτου
1395 2054 1477 2081 ἕνεκα
1498 2054 1548 2089 τῆς
1569 2053 1713 2088 θεαρχικῆς
1735 2052 1807 2086 ἀγα-

1020 2103 1130 2140 οότητος
1142 2103 1156 2128 ὁ
1169 2102 1297 2138 ῑεράρχης
1306 2101 1400 2133 δεῖται,
1411 2100 1464 2127 τῶν
1473 2099 1671 2136 ἡμαρτημένων
1684 2098 1774 2125 αὐτῶν
1782 2099 1807 2115 ⁵³

1019 2150 1058 2186 τῷ
1072 2148 1264 2184 κεκοιμημὲνῳ
1277 2148 1326 2183 τὴν
1339 2147 1446 2182 ἄφεσιν,
1466 2146 1513 2173 καὶ
1525 2145 1574 2181 τὴν
1592 2146 1648 2176 τοῖς
1659 2144 1806 2171 θεοειδέσιν

1019 2194 1140 2230 ὁμοταγῆ
1162 2194 1209 2220 καὶ
1224 2194 1376 2228 (paveritth
1389 2191 1588 2227 ἀποκλήρωσιν.
1608 2190 1641 2216 Et
1659 2189 1714 2224 γὰρ
1727 2190 1806 2224 ἀμοι-

1016 2241 1068 2273 ϐὰς
1089 2240 1258 2276 ἀπολήψεται
1282 2240 1334 2270 πᾶς
1342 2239 1364 2254 ⁸³
1379 2237 1432 2264 ὑπὸ
1449 2237 1498 2272 τῆς
1517 2235 1591 2267 θείας
1610 2234 1783 2270 δικαιοσύνης
1795 2253 1804 2266 ,

1015 2283 1053 2313 ὧν
1068 2288 1096 2313 ὲν
1112 2287 1145 2322 τῇ
1157 2285 1282 2321 παρούσῃ
1294 2283 1349 2318 ζωῇ
1363 2281 1488 2318 χρηστῶν
1499 2281 1516 2316 ἢ
1530 2280 1630 2315 ὲτέρων
1641 2279 1751 2315 ἔδρασεν
1760 2279 1784 2294 ⁵⁵
1795 2298 1806 2311 ,

181 2340 235 2362 tem
258 2335 284 2362 in
309 2336 361 2363 hac
376 2336 431 2362 vita
456 2343 518 2363 suas
532 2335 671 2370 complerit
694 2336 824 2366 actiones,
841 2342 965 2370 quaenam

1024 2333 1125 2359 ἐτέλεσε
1137 2332 1166 2358 δὲ
1183 2331 1233 2362 τὰς
1253 2329 1324 2356 κατά
1342 2329 1388 2356 τὸν
1400 2328 1462 2364 τῇδε
1478 2327 1533 2363 βίον
1547 2326 1650 2358 οἰκείας
1665 2325 1805 2360 ἐνεργείας

180 2381 311 2408 antistitis
320 2380 475 2414 deprecatio
493 2381 580 2414 ipsum
597 2380 629 2406 ad
647 2380 745 2408 aliam.
760 2387 839 2409 ultam
865 2379 890 2406 in
917 2379 966 2406 hac

179 2426 236 2452 vita
260 2427 372 2453 meritus
387 2431 440 2457 est.
465 2427 564 2460 quietis
585 2426 791 2453 retributionem
816 2425 966 2452 transferre

179 2472 282 2506 possit?
299 2472 429 2506 Equidem
443 2472 526 2505 probe
537 2472 604 2504 scio,
619 2471 769 2506 Scripturis
781 2470 964 2502 consentiens,

179 2515 292 2542 cuilibet
305 2523 354 2550 pro
375 2516 483 2543 meritis
497 2521 601 2543 sortem
617 2516 784 2544 reddendam
800 2523 870 2543 esse.
893 2516 964 2542 Con-

179 2561 261 2588 clusrt
275 2562 346 2588 enim
360 2583 367 2595 ,
389 2563 493 2597 inquit,
509 2562 640 2590 Dominus
655 2563 725 2598 apud
752 2570 781 2590 se
797 2583 804 2594 ,
822 2566 850 2589 et
870 2561 964 2596 referet

179 2608 356 2643 unusquisque
386 2610 493 2644 propria
521 2610 654 2644 corporis,
683 2614 761 2643 prout
786 2608 884 2644 gessit,
909 2607 964 2634 sive

268 2698 282 2718 ά
298 2699 306 2725 I
320 2699 382 2726 Cor.
398 2707 428 2733 ll,
443 2700 471 2727 9.

1019 2379 1033 2403 ὀ
1055 2375 1271 2411 κεκοιμημένος,
1293 2373 1361 2409 πρὸς
1382 2373 1454 2403 τινος
1475 2371 1632 2407 ίεραρχικῆς
1649 2370 1739 2405 εὐχῆς,
1761 2370 1804 2404 ἐφ’

1018 2422 1113 2457 ἑτέραν
1127 2421 1202 2456 λῆξιν
1220 2419 1490 2456 μεταταχθήσεταιδδ,
1504 2417 1579 2452 παρὰ
1599 2417 1647 2452 τὴν
1662 2416 1739 2448 ἀξίαν
1755 2416 1805 2442 αὑ-

1017 2467 1075 2498 τοῦ,
1090 2466 1197 2501 καὶτῆς
1212 2466 1304 2493 ἐνθάδε
1319 2464 1392 2499 ζωῆς
1410 2464 1600 2499 ἀμοιῧαίαν⁵⁶;
1619 2462 1689 2497 Ἐγὼ
1708 2462 1746 2494 δὲ,
1762 2462 1804 2488 ὅτι

1019 2515 1069 2550 μὲν
1078 2513 1223 2549 ἀμοιὸαίαν
1230 2511 1285 2544 ἕξει
1294 2511 1343 2546 τὴν
1352 2510 1456 2545 ἀποκλή
1461 2518 1542 2546 ρωσιν
1555 2510 1678 2541 ἕκαστος,
1691 2506 1720 2535 εὖ
1733 2506 1801 2539 οἶδα,

1016 2562 1072 2592 τοῖς
1085 2560 1185 2594 λογίοις
1198 2557 1359 2585 ἀκολουθῶν·
1375 2556 1520 2584 ἀπέκλεισε
1531 2555 1595 2591 γὰρ,
1611 2562 1700 2591 φησιν,
1718 2556 1733 2581 ὁ
1746 2554 1804 2581 Κύ-

1019 2616 1074 2642 ριος
1085 2607 1144 2633 κατ’
1156 2605 1249 2637 αὑτοῦ,
1266 2604 1313 2630 καὶ
1325 2604 1478 2638 κομίσεται
1493 2602 1620 2635 ἕκαστος
1630 2601 1666 2628 τὰ
1679 2600 1728 2628 διὰ
1747 2600 1801 2628 τοῦ

813 2750 929 2778 VARIIE
948 2748 1149 2777 LECTIONES.

216 2801 238 2818 ι·
266 2798 307 2826 sic
323 2798 395 2828 1).Ι).
409 2798 505 2827 εισι-,ιιι
516 2799 592 2826 \‘icn.
607 2796 818 2832 pronumuévov.

871 2797 892 2813 ⁸⁷
906 2797 1012 2830 ἄφεσιν,
1028 2797 1062 2823 Μ.
1078 2796 1124 2823 Su.

1171 2796 1194 2813 ⁸⁸
1206 2797 1333 2831 ἀφιέναι,
1348 2797 1381 2824 Μ.
1424 2798 1452 2825 S.
1478 2797 1508 2824 l'.
1545 2796 1567 2812 "
1580 2794 1799 2831 μακαριοτάψν,

180 2836 214 2863 Μ.
231 2837 276 2863 Sc.
297 2836 320 2852 '°
331 2835 488 2867 παντελοῦς,
503 2835 536 2861 Μ,
552 2834 579 2861 S.
602 2829 631 2860 Ρ.
649 2834 694 2860 Sc.
727 2829 747 2849 δ’
763 2833 879 2862 πάντων,
894 2829 1003 2867 υίιιιυλ
1018 2832 1075 2866 lvge
1090 2829 1265 2866 μακαρισταὶ.
1304 2833 1326 2848 "
1340 2833 1423 2859 αἰτῶν
1435 2834 1502 2867 lcge,
1514 2836 1542 2858 ut
1556 2829 1599 2867 est
1613 2829 1685 2867 ἰπὶ-75.
1699 2829 1733 2867 l’1

180 2872 231 2892 κη-
255 2878 278 2893 ..ι
311 2873 385 2897 \'u-.u.
425 2872 447 2887 ⁵³
457 2863 517 2899 τάξ,
532 2870 559 2896 S.
599 2869 622 2884 “
635 2867 768 2900 ἔπραξεν,
784 2868 802 2893 Ι)
852 2869 873 2883 ⁵⁵
886 2867 943 2898 πῶς
965 2866 1008 2893 διά
1020 2863 1102 2898 τινος,
1113 2872 1139 2894 ct
1153 2863 1350 2899 μεταῖιζθήσεται
1361 2887 1368 2898 ,
1385 2869 1418 2894 Μ.
1440 2863 1499 2894 ὃᾶν
1524 2867 1546 2883 ⁶⁶
1559 2865 1676 2900 ἀμοιϐήν
1687 2885 1695 2896 ,
1717 2863 1748 2890 S.
1768 2864 1798 2892 ι’.
