1929 3068
99 226 143 255 561

98 334 156 358 ὀτι
167 331 197 358 δὲ
211 331 257 358 καὶ
270 331 324 358 τῶν
334 331 447 358 δικαίων
463 331 492 357 αἱ
507 331 658 366 προσευχαὶ
681 330 753 357 κατά
765 330 811 357 τὸν
825 330 888 366 τῇδε

100 377 151 412 βίον
158 377 191 408 ⁵⁷,
212 376 321 413 μήτιῖγε
337 376 406 413 μετά
425 376 549 408 θάνατον,
566 377 606 408 εἰς
621 376 684 408 τοὺς
701 376 793 410 ἀξίους
807 376 889 412 ἰερῶν

97 422 180 458 εὐχῶν
200 422 342 458 ἐνεργοῦσι
359 422 449 458 μόνον,
470 423 498 449 αἱ
513 422 568 449 τῶν
578 422 676 457 λογίων
693 423 769 458 ἡμᾶς
782 422 889 449 ἐκδιδά-

97 476 202 495 σκουσιν
209 467 318 503 ἀληθεῖς
332 467 504 503 παραδόσεις.
516 468 551 494 Ἣ
562 467 588 494 τί
599 468 667 504 πρὸς
674 467 721 494 τοῦ
736 468 861 504 Σαμουὴλ
874 469 888 494 ὁ

95 513 178 540 Σαοὺλ
186 512 323 545 ἀπώνατο;
331 513 358 539 τί
367 513 395 539 δὲ
408 513 454 539 τὸν
465 513 519 539 τῶν
537 513 670 549 Ἐϐραίων
679 514 701 530 ⁸⁸
711 514 775 540 λαὸν
784 513 888 550 ὤνησεν

94 559 110 593 ὴ
124 558 276 594 προφητικὴ
291 559 428 594 προσευχὴ
437 559 472 591 ⁵⁹;
483 559 537 585 Καὶ
549 559 603 595 γὰρ
615 559 652 591 ὡς
662 559 747 592 εἴτις,
763 559 839 595 ἡλίου
848 559 884 586 τὰ

94 604 180 630 οἰκεῖα
201 603 372 639 δωρουμένου
388 604 465 638 φῶτα
484 605 541 636 τοῖς
561 604 706 631 ἀσλαῧέσιν
727 604 885 640 ὀφθαλμοῖς,

95 650 124 675 ἐν
144 649 273 686 μετουσίᾳ
295 649 342 677 τοῦ
362 649 475 686 ἡλιακοῦ
497 650 586 685 φωτὸς
601 651 671 677 αἰτεῖ
685 650 822 685 γενέσθαι,
837 651 887 683 τὰς

93 695 194 727 οίκείας
206 695 281 730 ὄψεις
294 694 473 731 ἐξαφανίζων·
488 695 518 722 οῦ
524 705 558 723 τω
570 696 638 732 πρὸς
647 696 792 728 ἀδυνάτους
802 697 887 733 ἢρτη-

93 750 138 769 ται
154 743 199 769 καὶ
213 742 343 779 περιττᾲς
357 742 476 775 ἐλπίδας,
490 743 504 770 ό
525 742 575 775 τὰς
597 742 650 770 τῶν
670 743 754 777 ἁγίων
773 742 886 774 ἐξαιτῶν

96 788 257 824 προσευχὰς,
270 789 316 815 καὶ
326 789 375 821 τὰς
385 788 456 816 κατὰ
465 788 545 824 φύσιν
559 789 648 816 αὐτῶν
661 789 736 826 ίεράς
746 790 885 826 ἐνεργείας

95 833 221 865 ἐλαύνων,
238 833 387 869 ἀπροσεξία
396 833 450 860 τῶν
465 833 546 861 θείων
559 834 663 870 δώρων,
679 835 791 862 καὶτῶν
802 844 885 870 φανο-

95 879 182 906 τάτων
199 879 246 906 καί
262 879 457 914 ἀγαθοδοτίδων
472 879 587 906 ἐντολῶν
610 881 800 917 ἀποφοιτήσει.
812 881 886 917 Φημὶ

95 925 132 956 δέ,
148 926 204 957 τοῖς
216 924 315 959 λογίοις
329 925 471 961 ἑπόμενος,
486 925 524 958 ὡς
538 925 672 962 ὠφέλιμοι
684 926 799 962 πάμπαν
815 927 884 954 εἰσὶν

94 971 122 997 ἐν
132 970 198 1006 τῷδε
212 971 251 1006 τῷ
265 971 313 1006 βίῳ
326 971 379 998 τῶν
394 972 479 1006 ἁγίων
495 971 523 998 αί
541 972 702 1007 προσευχαὶ,
723 972 794 999 κατὰ
809 972 884 999 τόνδε
899 972 921 1000 Β

94 1015 138 1042 τὸν
148 1016 257 1051 τρόπον,
270 1016 358 1049 εἴτις,
372 1017 452 1053 ἰερῶν
464 1017 607 1053 ἐφιέμενος
624 1017 729 1053 δώρων,
747 1018 795 1045 καὶ¹
817 1018 885 1053 πρὸς

94 1061 210 1097 μετοχὴν
225 1062 314 1089 αὐτῶν
329 1062 384 1095 ἕξιν
396 1063 472 1099 ἱερὰν
485 1063 565 1099 ἐχων,
586 1063 623 1096 ὡς
642 1063 692 1099 τῆς
709 1064 812 1096 οἰκείας
827 1065 886 1091 ἐπι-

93 1106 210 1142 γνώμων
230 1106 408 1143 βραχύτητος,
430 1108 514 1135 ἐλθὼν
533 1108 578 1135 ἐπί
595 1117 655 1135 τινα
674 1108 729 1136 τῶν
741 1109 822 1136 ὁσίων
836 1109 884 1136 ἀν-

92 1151 163 1187 δρῶν
177 1151 318 1184 ἀξιώσειεν
335 1153 415 1180 αὑτὸν
435 1154 468 1186 δυ,
480 1154 534 1180 ot"
559 1154 684 1189 γενέσθαι
695 1154 882 1190 συλλήπτορα,

94 1198 141 1224 καὶ
165 1198 319 1234 συνικέτην,
334 1199 540 1235 ὠφεληθήσεται
559 1200 669 1233 πάντως
681 1201 714 1227 ἐκ
725 1199 820 1227 τούτου
832 1201 884 1237 τὴν

93 1243 183 1278 πάσης
191 1242 212 1258 ⁸³
225 1243 427 1280 ὑπερκειμένην
439 1244 582 1279 ὠφέλειαν·
595 1245 765 1279 ἐπιτεὺξεται
779 1245 833 1282 γὰρ
846 1243 884 1274 ὧν

93 1289 163 1314 αἰτεῖ
172 1287 316 1315 θειοτάτων
326 1288 431 1324 δώρων,
443 1289 646 1326 ἀποδεχομένης
657 1291 739 1317 αὑτὸν
747 1291 796 1327 τῆς
805 1290 885 1328 θεαρ-

93 1334 172 1369 χικῆς
180 1333 356 1370 ἀγαθότητος,
370 1335 420 1370 τῆς
432 1344 462 1362 τε
474 1336 577 1370 οἰκείας
590 1336 719 1369 εὐλαϐοῦς
729 1337 883 1372 ἐπιγνώμο-

93 1379 186 1414 σύνης,
200 1380 308 1416 καὶτῆς
326 1381 373 1408 ἐπὶ
385 1383 440 1414 τοῖς
452 1383 535 1415 ὁσίοις
545 1383 567 1400 ⁸³
579 1383 672 1416 αἰδοῦς
681 1404 688 1417 ,
703 1384 751 1410 καὶ
766 1384 815 1420 τῆς
829 1384 884 1411 τῶν

91 1425 254 1462 αἰτηθεισῶν
276 1426 357 1463 ἱερῶν
368 1429 502 1464 αἰτήσεων
520 1429 666 1464 ἐπαινετῆς
685 1430 813 1464 ἐφέσεως,
836 1430 883 1457 καὶ¹

92 1472 260 1508 καταλλήλω
273 1475 320 1501 καὶ
333 1474 466 1508 θεοειδοῦς
476 1475 568 1509 ἕξεως.
585 1477 664 1504 Ἐστι
679 1476 733 1513 γάρ
745 1477 792 1503 καὶ
804 1476 883 1504 τοῦτο

91 1520 149 1550 τοῖς
163 1519 318 1555 θεαρχικοῖς
333 1521 448 1557 κρίμασι
468 1522 722 1559 νενομοθετημένον,
733 1523 764 1550 τὸ
775 1524 810 1550 τὰ
823 1523 881 1551 θεῖα

91 1563 166 1599 δῶρα
178 1566 235 1596 τοῖς
247 1565 333 1599 ἀξίοις
346 1567 392 1594 τοῦ
407 1570 550 1604 μετασχεῖν
562 1570 590 1596 ἐν
602 1569 677 1602 τάξει
686 1569 883 1605 θεοπρεπεστά-

90 1617 126 1646 τῃ
137 1610 281 1646 δωρεῖσθαι
292 1612 336 1639 διὰ
345 1614 399 1640 τῶν
410 1614 492 1648 ἀξίων
503 1615 550 1641 τοῦ
561 1615 721 1650 μεταδοῦναι
729 1616 760 1642 ⁸⁵.
773 1616 881 1652 Ταύτην

611 226 657 254 DE
671 225 814 254 ECCLES.
834 226 1035 261 HIERARCH.,
1053 225 1130 253 CAP.
1150 225 1204 253 VII.

99 285 229 320 σώματος
239 284 314 320 πρὸς
323 284 342 313 ἆ
355 284 494 320 ἔπραξεν,
511 284 570 311 εἶτε
584 284 696 320 ἀγαθὸν
705 285 765 311 εἶτε
776 284 878 311 κακόν.

936 285 1044 317 bonum,
1069 283 1122 311 sive
1149 282 1248 309 malum

1623 248 1627 253 ,
1668 221 1721 250 562

1273 288 1284 302 ·
1302 301 1310 310 .
1337 282 1475 310 Justorum
1509 285 1599 309 autem
1625 287 1720 316 preces

939 331 1022 357 etiam
1046 330 1072 356 in
1091 330 1142 356 hac
1158 330 1222 360 vita,
1243 329 1342 356 ncdum
1365 332 1427 362 post
1452 332 1577 359 mortem,
1599 325 1633 354 iis
1654 325 1720 353 solis

939 377 1067 411 prodesse
1096 375 1140 410 qui
1166 375 1268 402 sanctis
1292 374 1420 409 precibus
1445 373 1518 408 digni
1547 377 1627 404 sunt,
1649 377 1721 398 verae

939 429 988 448 nos
1005 421 1173 456 eloquiorum
1190 420 1273 455 268
1293 419 1452 446 traditiones
1467 419 1575 446 docent.
1593 417 1721 451 Nunquid

939 468 1004 495 Sanl
1020 475 1034 494 a
1052 467 1178 496 Samuele
1202 467 1312 500 adjutus
1331 465 1403 492 fuit!
1418 469 1464 491 aut.
1486 464 1658 491 Hebraaorutn
1674 470 1722 496 po-

937 513 1001 548 pulo
1026 513 1186 547 prophetica
1214 512 1337 546 precatio
1360 511 1506 545 quidqnatn
1532 508 1649 544 profuit?
1674 508 1723 534 Et.

937 560 1011 587 enim
1027 567 1058 587 ac
1071 559 1093 586 si
1113 559 1185 593 quis,
1201 558 1259 585 sole
1281 558 1356 585 sanis
1371 556 1456 584 oculis
1473 556 1559 582 lucem
1574 563 1650 582 suam
1667 555 1721 581 lar-

937 606 1039 641 giente,
1051 605 1148 632 solaris
1160 605 1229 632 lucis
1245 606 1383 641 particeps
1398 605 1456 632 fieri
1472 608 1555 639 petat,
1573 602 1658 629 erutis
1668 601 1720 628 sibi

935 651 1037 680 oculis:
1056 651 1095 679 sic
1111 659 1143 678 ex
1160 651 1321 686 intpossibili
1334 657 1359 679 et
1375 651 1449 679 inani
1461 658 1507 685 spe
1522 649 1629 685 pendet,
1644 647 1722 682 quis-

936 699 996 734 quis
1010 704 1164 726 sanctorum
1182 706 1277 734 preces
1292 697 1407 733 ﬂagitat,
1427 698 1490 724 dum
1510 697 1576 731 ipsis
1587 699 1721 722 connatu-

936 746 1007 774 rales
1017 747 1182 773 exterminat
1196 746 1330 779 actiones,
1340 746 1430 773 divina
1444 752 1557 772 munera
1569 743 1720 778 negligens,

935 796 962 818 et
976 799 990 819 a
1004 791 1164 820 clarissimis
1177 792 1360 827 benelicisque
1373 791 1420 818 Dei
1435 790 1568 817 mandatis
1579 789 1720 816 recedens.

934 837 993 865 Hoc
1016 843 1106 865 autem
1134 837 1283 872 Scripturis
1306 844 1424 864 consone
1451 836 1573 869 aﬂirtno,
1591 835 1721 870 perutiles

935 892 995 912 esse
1008 886 1035 912 in
1059 885 1109 912 hac
1127 885 1181 911 vita
1200 889 1356 913 sanctorum
1370 891 1466 920 preces
1477 904 1486 917 ,
1503 883 1582 910 modo
1602 883 1662 918 quis
1677 890 1721 910 sa-

935 938 1044 958 crorum
1058 938 1201 958 munerum
1219 930 1352 958 desiderio
1367 930 1503 961 incensus,
1522 933 1549 955 et
1562 927 1594 954 ad
1611 935 1642 954 ea
1659 934 1719 954 sus-

936 977 1058 1012 cipienda
1068 977 1110 1012 pie
1120 976 1244 1009 aﬂ'ectus,
1261 976 1400 1004 tenuitatis
1417 983 1472 1003 sua:
1482 974 1618 1005 conscius,
1633 973 1720 1000 virum

935 1023 1051 1058 aliquem
1068 1027 1192 1050 sanctum
1216 1023 1306 1055 adeat,
1323 1029 1354 1049 ac
1371 1026 1444 1057 petat
1461 1026 1490 1048 ut
1511 1028 1540 1048 se
1556 1021 1676 1055 adjuvet,
1689 1027 1722 1047 ac

935 1068 1018 1095 Deum
1032 1075 1082 1102 pro
1098 1075 1127 1095 se
1141 1073 1228 1102 roget,
1244 1076 1296 1103 qna
1320 1068 1424 1095 ratione
1437 1074 1503 1095 sane
1525 1066 1672 1094 maximum
1687 1073 1721 1092 ex

934 1120 967 1140 eo
979 1113 1061 1140 refert
1075 1112 1285 1140 etnolumentum
1298 1121 1305 1146 ;
1319 1113 1440 1147 potietur
1454 1112 1526 1140 enim
1539 1111 1631 1147 petitis
1642 1111 1722 1138 donis

934 1159 1111 1186 divinissimis
1123 1179 1130 1193 ,
1147 1159 1273 1194 religiosa
1294 1167 1343 1186 sua
1361 1158 1540 1191 conscientia,
1564 1162 1720 1185 sanctorum

934 1205 1086 1232 reverentia
1100 1210 1127 1232 ct
1143 1204 1270 1231 laudabili
1293 1212 1388 1232 eorum
1401 1212 1460 1239 quae
1477 1204 1543 1238 petit
1567 1203 1716 1235 desiderio,

933 1255 958 1278 et
971 1254 1154 1278 consentanea
1167 1257 1199 1276 ac
1213 1249 1339 1277 deifortni
1353 1248 1555 1284 aﬂectioneipsi
1571 1249 1722 1283 sullragan-

934 1296 1016 1326 tibus.
1031 1296 1136 1323 Etenim
1155 1296 1254 1323 divinis
1278 1295 1304 1322 id
1327 1295 1444 1323 decretis
1462 1294 1611 1322 stabilitutn
1625 1299 1678 1327 est,
1693 1298 1722 1321 ut

933 1342 1022 1370 divina
1036 1348 1145 1369 munera
1162 1342 1210 1373 iis,
1227 1342 1272 1376 qui
1288 1342 1444 1369 earumdem
1460 1341 1667 1376 participatione
1679 1340 1722 1367 di-

933 1388 979 1424 gni
994 1393 1068 1420 sunt,
1085 1395 1118 1416 eo
1137 1395 1190 1422 quo
1207 1388 1290 1416 Deunt
1314 1387 1393 1415 decet
1409 1387 1505 1414 ordine
1524 1387 1723 1413 distribuantur

934 1435 968 1462 ab
983 1434 1037 1462 illis
1051 1434 1096 1469 qui
1108 1434 1204 1462 iisdem
1215 1433 1411 1462 distribuendis
1422 1437 1485 1460 sunt
1500 1432 1628 1468 praefecti.
1645 1431 1723 1459 Hune

933 1479 1025 1514 itaque
1040 1487 1150 1507 sacrum
1163 1479 1286 1507 ordinem
1304 1479 1325 1506 si
1341 1479 1403 1514 quis
1417 1478 1568 1512 violaverit,
1579 1483 1606 1505 et
1620 1477 1720 1505 infelici

932 1526 1050 1554 elatione
1064 1527 1210 1560 sedttctus,
1232 1527 1344 1562 dignum
1360 1534 1388 1554 se
1410 1527 1549 1561 putaverit
1567 1526 1659 1553 divina
1684 1525 1724 1552 fa-

933 1573 1089 1601 miliaritate
1102 1593 1109 1605 ,
1123 1578 1286 1608 sanctosque
1306 1573 1468 1608 despexerit,
1489 1573 1512 1600 is
1531 1576 1616 1605 certe,
1631 1573 1719 1608 siqui-

936 1619 997 1646 dem
1010 1619 1134 1655 indignas
1150 1619 1204 1646 Deo
1217 1627 1249 1646 ac
1274 1619 1403 1654 profanas
1419 1626 1461 1646 res
1478 1618 1665 1654 postulaverit,
1682 1618 1723 1645 in-

90 1653 138 1682 οῦν
150 1656 178 1683 εἴ
187 1665 229 1689 τις
239 1658 382 1694 ἀτιμάσειε
403 1661 453 1696 τὴν
473 1661 548 1697 ἱερὰν
567 1661 727 1697 εὐκοσμίαν,
746 1663 792 1689 καὶ
815 1662 884 1698 πρὸς

938 1670 1067 1700 tentoque
1082 1665 1203 1692 caruerit
1218 1653 1308 1692 rerum
1334 1653 1487 1692 divinarum
1513 1663 1650 1691 desiderio
1671 1661 1723 1698 ipsi

89 1702 188 1729 ἀθλίαν
195 1703 283 1739 οἴησιν
293 1705 440 1741 ἐληλυθὼς,
447 1708 538 1735 ἰκανὸν
547 1707 643 1735 ἐαυτὸν
649 1708 753 1745 οἰηθείη
762 1709 829 1744 πρὸς
836 1709 884 1745 τὴν

939 1715 1122 1738 consentanea
1140 1716 1251 1746 propter
1267 1711 1419 1744 imperitam
1443 1717 1519 1737 suatn
1542 1708 1722 1744 petitionem,

92 1747 241 1784 θεαρχικὴν
253 1751 371 1785 ὁμιλίαν,
388 1753 436 1780 καί
451 1754 506 1781 τῶν
518 1754 599 1782 ὁσίων
613 1755 823 1791 ὑπερφρονήσοι’
839 1755 884 1783 καί

938 1765 987 1792 per
999 1764 1029 1784 se
1050 1757 1118 1784 nihil
1136 1764 1230 1784 eorum
1252 1764 1312 1791 qua:
1330 1757 1396 1791 petit
1416 1755 1580 1790 impetrabit.
1601 1755 1636 1782 De
1651 1754 1723 1781 dicta

91 1793 158 1829 μὴν,
173 1795 197 1821 εί
209 1795 258 1828 τὰς
271 1797 394 1833 αἰτήσεις
403 1799 516 1833 ἀναξίας
525 1809 555 1828 τε
562 1801 641 1834 Θεοῦ,
652 1802 698 1828 καὶ
711 1801 748 1837 μὴ
759 1801 834 1838 ἱερὰς
842 1802 884 1829 αἰ-

936 1811 1022 1838 porro
1037 1803 1206 1838 precatione,
1222 1811 1303 1837 quam
1315 1803 1430 1830 antistes
1449 1809 1530 1836 super
1542 1801 1668 1828 defuncto
1680 1799 1724 1826 fa—

89 1840 180 1875 τήσοι,
189 1841 236 1868 καὶ
246 1842 294 1878 τὴν
302 1843 394 1878 ἔφεσιν
402 1844 456 1873 τῶν
464 1846 544 1874 θείων
556 1849 581 1874 εἰ
591 1847 627 1883 μὴ
640 1847 763 1875 σύντονον
775 1848 831 1884 ἔχοι
842 1848 884 1875 καί

940 1850 987 1883 cit,
1003 1849 1155 1876 divinorum
1178 1854 1333 1875 nostrorum
1357 1851 1552 1882 praeceptorum
1570 1846 1720 1873 traductam

90 1886 183 1921 ἐαυτῷ
194 1887 371 1925 κατάλληλον,
387 1891 564 1926 ἀποτεύξεται
577 1893 611 1920 δι’
624 1894 720 1920 ἐαυτὸν
732 1894 782 1930 τῆς
795 1895 887 1922 ἀνεπι-

941 1896 974 1922 ad
989 1903 1037 1922 nos
1055 1895 1228 1921 traditionem
1245 1900 1382 1928 exponere
1396 1901 1509 1920 necesse
1524 1896 1576 1920 est.

91 1934 226 1970 στήμονος
245 1937 390 1973 αἰτήσεως.
406 1940 476 1976 Περί
489 1940 518 1967 δὲ
533 1941 582 1977 τῆς
592 1941 742 1978 εἰρημένης
753 1942 845 1979 εὐχῆς,
859 1943 893 1979 ἢν
907 1945 922 1970 ὁ
933 1944 1064 1979 ἰεράρχης
1076 1942 1221 1978 ἐπεύχεται
1234 1941 1272 1976 τῷ
1297 1939 1500 1976 κεκοιμημένῳ,
1524 1938 1573 1974 τὴν
1597 1938 1636 1969 εἰς
1650 1937 1723 1972 ἡμᾶς

88 1979 223 2008 ἐλθοῦσαν
245 1982 279 2009 ἐκ
301 1983 358 2012 τῶν
377 1985 477 2013 ἐνθέων
490 1986 568 2022 ἡμῶν
585 1987 778 2023 καθηγεμόνων
794 1989 943 2024 παράδοσιν
956 1989 1044 2015 εἰπεῖν
1058 1989 1219 2023 ἀναγκαῖον.

852 2080 866 2116 §
882 2079 950 2109 VII.

137 2155 168 2182 '0
180 2155 250 2188 θεῖος
262 2156 392 2194 ἰεράρχης
405 2158 599 2196 ὲκφαντορικός
611 2161 695 2194 ἐστιν,
711 2161 750 2193 ὡς
762 2162 796 2188 τὰ
807 2162 885 2196 λόγιά

91 2209 173 2236 φησι,
186 2201 239 2228 τῶν
250 2202 402 2239 θεαρχικῶν
414 2203 616 2241 δικαιωμάτωνο
635 2207 749 2242 ἄγγελος
761 2207 814 2243 γὰρ
826 2208 883 2234 Κυ-

974 2163 1086 2190 Divinos
1097 2163 1189 2197 itaque
1207 2161 1335 2194 antistes,
1354 2166 1383 2188 ut
1397 2160 1504 2195 eloquia
1517 2164 1661 2191 testantur,
1677 2158 1722 2185 in-

938 2213 1042 2242 terpres
1068 2212 1111 2235 est
1129 2208 1281 2234 divinorum
1306 2206 1487 2240 iudiciorum;
1514 2204 1624 2241 angelus
1647 2203 1720 2232 enim

93 2246 155 2282 ρίου
177 2249 396 2285 παντοκράτορος
411 2250 478 2277 Θεοῦ
487 2251 509 2267 ⁸⁸
529 2252 596 2278 ὲστι-
619 2252 777 2288 μεμάθηκεν
789 2250 834 2280 οῦν
853 2253 884 2279 ἐκ

938 2252 1043 2280 Domini
1058 2251 1252 2286 omnipotentis
1265 2255 1307 2278 est
1322 2250 1369 2278 Dei
1387 2257 1395 2276 :
1413 2254 1579 2285 quapropter
1593 2257 1626 2276 ex
1643 2249 1719 2276 Scri-

89 2292 149 2320 τῶν
161 2292 365 2330 θεοπαραδὸτων
383 2295 492 2330 λογίων,
513 2297 554 2324 ὅτι
568 2299 625 2330 τοῖς
636 2298 716 2330 ὁσίως
730 2297 884 2333 βιώσασινὴ

938 2299 1025 2334 pturis
1039 2298 1167 2325 divinitus
1183 2296 1288 2324 traditis
1310 2295 1417 2331 accepit
1430 2315 1438 2327 ,
1452 2295 1588 2330 quomodo
1603 2295 1636 2322 iis
1647 2314 1656 2327 ,
1669 2295 1717 2329 qui

90 2341 236 2377 φανοτάτη
254 2341 301 2367 καὶ
314 2341 374 2368 θεία
385 2341 442 2378 ζωὴ
455 2343 516 2369 κατ’
527 2343 605 2375 ἀξίαν
619 2343 671 2370 ὑπὸ
681 2344 734 2370 τῶν
751 2344 884 2371 δικαιοτά-

939 2349 1035 2372 sancte
1049 2344 1154 2374 vivunt,
1171 2350 1221 2376 pro
1236 2342 1370 2377 cujusque
1383 2341 1488 2368 meritis
1498 2340 1587 2368 div'ina
1599 2341 1721 2368 clarissi-

89 2394 149 2413 των
173 2386 263 2420 ζυγῶν
285 2387 460 2421 ἀντιδίδοται,
487 2388 650 2425 παρορώσης
672 2390 818 2425 ἀγαθότητι
836 2391 884 2426 τῆς

940 2395 1038 2422 maque
1052 2388 1106 2414 vita
1123 2387 1156 2414 ab
1178 2386 1341 2421 mquissimis
1364 2386 1424 2414 istis
1443 2385 1567 2413 lancibus
1588 2386 1724 2413 retrlbua-

90 2431 244 2467 θεαρχικῆς
255 2432 457 2469 φιλανθρωπίας
468 2436 517 2467 τὰς
528 2435 708 2470 ἐγγενομὲνας
717 2435 739 2450 ⁸⁸
753 2435 843 2466 αὐτοῖς
855 2435 884 2468 ἐξ

940 2438 993 2463 tur.
1017 2433 1108 2461 divina
1127 2433 1253 2460 nimirum
1276 2432 1438 2463 clementia,
1455 2439 1503 2466 pro
1518 2431 1638 2459 bonitate
1659 2439 1720 2462 sua.

90 2479 270 2516 ἀνθρωπίνης
282 2480 422 2514 ἀσθενείας
436 2481 556 2516 κηλῖδας·
566 2482 681 2518 ἐπείπερ
692 2482 787 2514 οὐδεὶς,
801 2482 839 2514 ὼς
850 2482 884 2509 τὰ

939 2479 1060 2506 maculas
1075 2487 1108 2506 ex
1125 2479 1242 2506 humana
1259 2478 1406 2513 fragilitate
1421 2482 1577 2505 contractas
1587 2477 1719 2505 dissimuo

88 2525 174 2560 λόγιά
188 2533 264 2561 φησι,
277 2526 396 2562 καθαρὸς
407 2526 462 2553 ἀπὸ
474 2526 570 2562 ῥύπου.
585 2526 678 2554 Ταῦτα
698 2528 748 2563 μέν
764 2526 810 2555 οὖν
820 2529 834 2555 ὁ
847 2530 884 2555 le-

939 2524 1022 2558 lante,
1036 2527 1108 2559 quod
1122 2532 1210 2557 nemo,
1226 2529 1256 2551 ut
1267 2525 1374 2559 eloquia
1390 2525 1510 2556 tradunt,
1526 2524 1643 2550 mundus
1653 2523 1688 2550 sit
1704 2530 1720 2550 a

90 2572 203 2608 ράρχης
212 2569 280 2598 οἶδεν
288 2572 480 2608 ἐπηγγελμένα
490 2573 558 2609 πρὸς
565 2573 618 2600 τῶν
629 2573 736 2609 ἀληθῶν
745 2574 766 2589 ⁵⁷
779 2573 884 2608 λογίων·

941 2571 1031 2598 sorde.
1045 2570 1107 2598 Haec
1121 2572 1213 2605 itaque
1224 2570 1358 2605 promissa
1372 2570 1447 2597 novit
1460 2569 1575 2596 antistes
1585 2576 1617 2595 ex
1634 2567 1721 2595 veris-

87 2618 167 2644 αὶτεῖ
185 2616 214 2642 δὲ
233 2615 334 2643 atati”
346 2618 480 2651 γενέσθαι,
495 2619 541 2645 καὶ
561 2619 715 2654 δωρηοῆναι
732 2620 787 2651 τοῖς
804 2619 884 2651 ὁσίως

938 2619 1014 2646 simis
1028 2619 1190 2652 Scripturis;
1202 2625 1286 2652 quare
1301 2618 1367 2652 petit
1385 2617 1429 2645 illa
1445 2616 1584 2651 compleri,
1599 2615 1720 2650 indulge-

90 2661 213 2698 βιώσασι
224 2661 272 2694 τὰς
287 2662 361 2698 ἱερὰς
373 2663 530 2696 ἀντιδόσεις,
551 2665 608 2700 ἅμα
620 2666 669 2700 μὲν
683 2665 729 2691 ἐπὶ
745 2665 776 2691 τὸ
793 2664 884 2700 θεομί-

939 2667 1016 2700 rique
1035 2665 1118 2701 269
1132 2665 1166 2692 iis
1179 2665 1224 2699 qui
1247 2665 1289 2700 pie
1311 2664 1429 2691 vixerint
1449 2671 1527 2691 sacra
1544 2664 1664 2697 prtetnia,
1681 2663 1720 2690 si-

173 2738 209 2765 ⁸11
224 2737 287 2766 Cor.
305 2747 332 2772 v,
351 2739 394 2766 l0.

735 2797 850 2824 VARM‘]
869 2794 1070 2826 L‘ECTIONES.

108 2883 135 2900 ⁸⁷
145 2883 205 2922 τὸνΔ
219 2883 293 2922 βίον,
312 2884 353 2922 M._
383 2885 407 2922 ξθ
420 2885 465 2922 τὸν
485 2885 618 2922 Ἐὂραϊον.
656 2888 678 2903 ⁸⁸
692 2888 775 2922 εὐχή.
803 2886 836 2914 Μ,
876 2888 884 2903 ⁶

936 2897 984 2921 νως
998 2888 1055 2915 τοῦ.
1094 2889 1114 2904 “¹
1129 2890 1152 2915 οἰ
1166 2896 1218 2915 non
1235 2894 1275 2914 est
1291 2888 1317 2914 in
1331 2888 1361 2914 D.
1378 2888 1406 2914 P.
1438 2888 1460 2904 "
1475 2887 1572 2919 πάσας.
1586 2886 1619 2914 Μ.
1637 2887 1667 2914 D.
1681 2886 1712 2914 S.

89 2919 140 2946 Sc.
183 2918 207 2934 “
219 2918 301 2950 θείοις
313 2939 320 2951 ,
337 2919 364 2946 S.
383 2920 410 2947 Ρ.
447 2921 468 2936 ⁸⁸
482 2918 648 2955 μεταδιδόναι
662 2942 668 2953 ,
685 2923 711 2949 l'.
725 2918 739 2922 ”
751 2918 772 2938 δ’
787 2922 853 2949 Θεοῦ
871 2933 884 2950 ιι

89 2954 125 2981 υ.
163 2953 187 2969 ’³
201 2953 311 2986 αὐτίκα,
328 2955 360 2981 ΜΔ
379 2956 423 2982 Sc.
604 2959 608 2962 '
680 2968 682 2970 τ

936 2918 980 2950 est
992 2924 1019 2951 in
1036 2924 1069 2950 Μ.
1090 2929 1116 2951 et
1133 2924 1178 2951 Sc.
1219 2924 1240 2938 ⁶⁶
1255 2923 1441 2957 ἐγγινομένας,
1465 2927 1514 2954 (gn.
1535 2918 1557 2938 θί
1569 2922 1713 2957 ἀληθινῶν.

219 2883 293 2920 βίον,
312 2884 347 2920 Μ,
384 2885 407 2900 ⁵⁸
420 2885 465 2912 τὸν
485 2885 618 2920 Ἐὂραϊον.
