1929 3068
213 194 215 196 ⁷
229 197 282 224 563

821 198 848 226 S.
868 197 1018 226 DIONYSII
1034 198 1267 227 AREOPAGITAS
1798 198 1842 226 564

231 255 344 289 mitique
356 254 500 290 semetipse
515 254 630 291 benigne
650 257 823 284 conturmalis
839 257 871 284 ad
889 257 1004 285 imitatio

1071 264 1154 291 μητον
1174 255 1340 290 ἀγαθοειδῶς
1353 255 1564 292 ἐκτυπούμενος,
1578 255 1624 282 καὶ
1635 253 1684 286 τὰς
1696 253 1789 290 ἑτέρων
1800 254 1845 281 δω-

230 309 292 328 nem
311 301 370 334 Dei,
391 309 444 329 non
461 309 540 329 secus
565 302 626 328 aliis
644 310 723 337 quam
746 303 796 329 sibi
815 302 864 337 ipsi
880 303 949 329 dona
966 310 1015 336 po-

227 354 308 375 scens
325 355 358 375 ac
370 348 487 383 gratias;
503 350 591 376 sciens
606 349 669 376 item
689 350 882 384 promissiones
896 349 942 376 Dei
956 357 1016 377 esse

229 384 404 427 infallibiles;
419 395 596 429 praesentibus
611 395 692 422 etiam
716 399 808 429 aperte
822 395 952 427 declarat,
970 394 1014 421 illa

228 446 288 472 quae
305 439 339 466 ab
350 447 383 467 eo
397 440 458 474 jure
472 448 551 468 sacro
563 442 743 475 postulantur,
758 449 867 475 prorsus
882 446 1013 468 eventura

229 485 293 518 illis,
311 486 358 520 qui
374 486 521 514 secundum
536 486 620 514 Deum
632 487 714 515 vitam
731 487 953 514 consummarint.
969 487 1014 514 Et-

230 532 302 558 enim
324 532 459 564 autistes,
474 540 535 559 cum
558 532 594 560 sit
615 533 767 567 przecipuus
783 532 880 559 divinw
902 531 1013 566 justitiae

229 584 330 610 praeco,
346 584 484 612 nunquam
497 577 649 612 postularet
662 585 693 605 ea
707 586 767 612 qua:
780 585 833 605 non
849 583 938 604 essent
958 578 1013 605 Deo

229 626 310 652 quant
324 620 489 654 gratissima,
506 626 533 648 et
543 622 620 654 juxta
634 622 827 656 promissioncs
839 621 897 656 ejus
913 622 1013 650 deifor‘

229 663 312 690 miter
332 666 517 693 concedenda.
539 666 720 700 Quamobrem
735 667 869 695 defunctis
884 668 1013 702 improbis

230 715 400 743 nequaquam
426 711 576 739 istiusmodi
596 718 744 746 precatur,
763 721 816 740 non
838 713 924 740 solum
940 715 1012 748 quod

229 754 385 789 interpretis
396 756 512 784 ollicium
531 757 558 785 in
573 758 623 785 hoc
635 759 768 792 violaret,
783 765 865 794 atque
880 768 1012 795 praesum-

228 805 325 834 ptuose
333 801 383 828 sibi
394 802 539 837 quidquam
548 811 689 831 munerum
698 805 892 839 pontiﬁcalium
901 813 1011 842 arroga-

228 851 282 879 ret,
300 848 334 874 ab
345 852 457 875 auctore
474 850 666 885 mysteriorum
680 851 791 879 minime
800 857 889 879 motus
899 860 905 884 ;
917 860 1009 879 verum

228 892 310 920 etiam
325 895 395 928 quod
415 894 495 930 impia
513 889 644 930 petitione
658 896 849 930 frnstraretttr,
870 903 897 926 et
911 907 925 926 a
937 899 1010 933 justo

226 946 340 972 prorsus
358 940 464 974 eloquio
480 941 560 968 etiam
578 942 635 977 ipse
655 943 754 970 merito
765 943 1010 978 audienszPeiitis,
1026 932 1048 960 Β

225 988 250 1010 ει
264 992 315 1011 non
332 985 462 1020 accipitis,
484 987 545 1021 quia
561 991 630 1015 mute
650 989 735 1023 petilia
749 989 771 1016 τ.
787 989 907 1017 Postulat
919 990 1011 1027 itaque

225 1033 336 1056 sanctus
355 1030 470 1058 antistes
482 1038 513 1059 ea
528 1039 589 1068 qua:
600 1037 664 1060 sunt
677 1034 808 1062 divinitus
821 1036 965 1071 promissa,
982 1041 1011 1064 et

225 1079 336 1109 accepta
350 1080 415 1103 sunt
426 1077 491 1111 Deo,
505 1078 668 1113 omninoque
682 1079 820 1115 largienda
830 1090 838 1115 ;
849 1087 874 1109 et
884 1082 1009 1112 all‘ectum

227 1120 406 1154 benignitatis
417 1130 474 1151 suae
489 1123 702 1152 clementissimo
718 1125 772 1153 Deo
785 1134 816 1154 ac
827 1129 1008 1161 praesentibus

225 1167 352 1195 omnibus
374 1173 468 1203 aperte
491 1170 655 1204 declarans,
677 1179 800 1204 quaenam
826 1173 895 1200 bona
920 1176 1007 1202 sancti

224 1212 348 1247 adepturi
363 1215 418 1242 sint
431 1215 563 1243 insinuat.
585 1216 686 1244 Eodem
709 1219 790 1246 modo
806 1220 941 1248 antistites
961 1222 1009 1248 ba-

227 1261 291 1287 bent
314 1265 476 1294 potestatem
496 1263 676 1298 segregandi,
696 1268 824 1300 tanquam
847 1266 1007 1301 interpretes

224 1305 376 1333 divinarum
388 1306 616 1341 justiticationnm
630 1318 638 1344 ;
654 1318 706 1338 non
720 1312 792 1346 quod
803 1312 1008 1341 irrationalibus

223 1352 343 1380 motibus
355 1354 556 1388 sapientissima
569 1357 697 1385 divinitas
709 1358 845 1386 serviliter
865 1359 906 1394 (ut
922 1360 1007 1387 bone-

223 1403 266 1426 ste
278 1400 407 1436 dixerim)
421 1401 600 1437 obsequatur,
616 1405 664 1432 sed
684 1405 756 1440 quod
776 1406 886 1440 ipsimet
909 1407 1006 1441 spiritu

225 1446 418 1481 mysteriorum
438 1449 595 1486 principali,
614 1458 630 1478 a
644 1459 699 1486 quo
714 1453 748 1479 ad
771 1452 1005 1487 interpretandum

223 1496 367 1518 moventur
384 1500 399 1519 a
422 1493 488 1528 Deo,
509 1503 558 1530 pro
574 1496 678 1524 meritis
699 1497 836 1532 judicatos
849 1504 1003 1527 secernant.

222 1536 337 1571 Accipite
351 1539 437 1575 enim,
455 1540 552 1574 inquit,
569 1541 698 1575 Spiritum
713 1549 833 1570 sanctum
857 1551 866 1571 :
893 1553 1004 1580 quarunt

223 1582 376 1610 remiseritis
406 1591 532 1618 peacata,
562 1588 731 1615 remittuntur
763 1589 818 1622 eis;
846 1595 870 1616 et
893 1599 1004 1625 quorum

226 1626 398 1661 retinueritt's,
431 1634 532 1657 retenta
550 1637 610 1658 sunt
625 1633 647 1659 ε.
664 1632 732 1667 Quin
747 1638 774 1661 et
788 1634 823 1668 ei,
843 1637 888 1670 qui
901 1636 1006 1664 divinas

224 1672 404 1701 revelationes
412 1681 428 1701 a
439 1681 567 1709 supremo
576 1676 657 1705 Patre
669 1679 810 1714 didicerat,
820 1688 845 1707 Ill
856 1680 1006 1715 Scripturis

221 1719 345 1745 dicitur:
372 1720 551 1758 Quodcunque
574 1722 695 1758 ligaveris
721 1734 798 1759 super
823 1731 930 1760 terram,
958 1728 1006 1755 erit

219 1763 330 1799 ligatum
355 1771 378 1793 et
404 1768 431 1794 in
462 1769 556 1802 caelis;
578 1774 602 1796 et
627 1773 798 1807 quodcunque
823 1774 930 1803 solveris
958 1783 1005 1802 su-

218 1819 267 1845 per
295 1815 412 1846 terram,
439 1815 488 1841 erit
510 1814 624 1842 solutum
652 1823 676 1844 et
699 1819 725 1845 in
753 1819 823 1846 caalt's
851 1820 883 1852 h,
906 1821 943 1847 ita
976 1827 1006 1849 ut

219 1855 282 1889 ille,
303 1858 447 1893 omnisque
468 1861 588 1894 pontifex
608 1862 645 1889 illi
663 1863 777 1898 similis,
803 1865 878 1899 juxta
900 1867 1006 1894 revela-

220 1902 308 1930 tiones
330 1909 507 1939 palernarum
530 1907 756 1942 justilicationum
783 1913 834 1939 sibi
863 1914 1002 1947 indultas.

218 1950 297 1983 quasi
315 1950 450 1985 interpres
462 1961 494 1981 ae
506 1955 623 1988 portitor
636 1956 692 1984 Deo
709 1958 808 1986 charos
826 1960 961 1989 admittat.
976 1967 1003 1990 et

218 1994 317 2029 impios
331 1997 469 2026 excludat.
483 1999 575 2035 Neque
583 2002 656 2030 enitn
669 2009 791 2032 sanctam
801 2005 873 2033 illam
887 2007 932 2034 Dei
940 2015 1003 2043 pro-

221 2041 379 2076 fessionem,
396 2050 425 2071 ut
437 2044 543 2080 eloquia
558 2053 703 2084 testantur,
718 2055 792 2077 motu
806 2053 927 2087 proprio,
939 2041 1004 2081 car-

218 2095 286 2114 ncve
299 2094 346 2116 aut
357 2091 487 2125 sanguine
504 2094 698 2129 revelantibus,
714 2097 760 2124 sed
775 2105 790 2124 a
804 2099 858 2126 Deo
870 2100 1001 2134 spiritali-

219 2139 260 2160 ter
277 2134 350 2165 illum
366 2136 505 2165 imbueute
519 2140 664 2173 perdoctus
676 2162 683 2174 ,
700 2144 894 2176 pronuntiavit.
910 2146 1002 2180 Quare

217 2182 321 2208 sanctis
341 2183 508 2212 antistitibus
527 2191 581 2213 tam
598 2189 758 2223 segregandi
775 2197 857 2224 quam
877 2191 939 2220 aliis
956 2201 1001 2219 sa-

216 2227 271 2253 cris
292 2227 467 2258 facultatibus
482 2232 611 2261 utendum
624 2252 632 2265 ,
654 2239 735 2267 prout
757 2235 823 2269 ipsis
845 2236 998 2266 divinorum

1068 301 1133 336 ρεὰς
1145 302 1182 333 ὡς
1194 302 1296 334 οἰκείας
1306 301 1418 334 ἐξαιτῶν
1427 302 1551 337 χάριτας·
1565 301 1657 336 ausae
1669 299 1768 331 καὶτὰς
1775 299 1845 334 ἀψευ-

1067 347 1121 379 δεῖς
1132 347 1296 381 ἐπαγγελίας
1304 347 1380 379 εἰδὼς
1392 347 1533 383 ἐσομένας,
1547 347 1593 373 καὶ
1604 347 1660 377 τοῖς
1669 345 1794 381 παροῦσιν
1802 346 1844 372 ὲκ-

1068 391 1237 426 φαντορικῶς
1255 391 1395 426 ἐμφαίνων
1406 391 1438 424 ⁸³,
1453 391 1493 417 ὅτι
1505 391 1539 417 τὰ
1551 391 1615 426 παρ’
1628 390 1711 416 αὑτοῦ
1725 389 1788 416 κατὰ
1804 389 1844 416 θε-

1068 437 1134 472 σμὸν
1147 437 1219 472 ἱερὸν
1233 437 1420 472 ὲξαιτούμενα,
1435 437 1544 469 πάντως
1552 436 1690 468 ἕσταιτοῖς
1702 436 1769 463 κατὰ
1779 435 1845 462 θείαν

1066 480 1138 517 ζωὴν
1159 481 1389 516 τετελειωμένοις.
1407 481 1443 508 Οὐ
1459 481 1513 517 γὰρ
1533 480 1566 507 ἂν
1581 482 1596 507 ὁ
1610 481 1749 516 ἱεράρχης,
1762 481 1781 518 ,ὁ
1801 480 1845 515 τῆς

1066 525 1214 562 Θεαρχικῆς
1233 526 1401 558 δικαιώσεως
1417 527 1570 562 ὑποφήτης,
1591 526 1681 562 ἐζήτει
1691 527 1713 542 ⁷ο
1736 526 1794 553 ποτὲ
1814 526 1844 552 τὰ

1064 571 1103 608 μὴ
1114 571 1153 608 τῷ
1173 572 1232 608 Θεῷ
1245 572 1474 608 προσφιλέστατα,
1491 574 1538 599 καὶ
1559 572 1628 607 πρὸς
1645 571 1728 598 αὑτοῦ
1747 572 1833 607 δοθήσε

1065 616 1126 644 σθαι
1139 617 1256 649 θειωδῶς
1264 618 1465 654 ἐπηγγελμένα.
1478 618 1525 644 Διὸ
1534 618 1589 648 τοῖς
1597 618 1713 652 ἁνιέροις
1722 617 1769 643 οὐκ
1776 617 1846 643 ἐπεύ-

1064 674 1141 702 χεται
1151 665 1236 693 ταῦτα
1258 675 1374 703 κεκοιμη
1379 667 1480 703 μένοις,
1497 668 1527 694 οὐ
1542 668 1621 703 μόνον
1633 669 1673 694 ὅτι
1686 667 1736 702 τῆς
1750 667 1845 702 ὑποφη-

1062 711 1142 746 τικῆς
1153 712 1174 727 ⁷¹
1189 712 1217 738 ἐν
1230 711 1316 748 τούτῳ
1329 713 1574 748 παρατραπήσεται
1586 712 1699 746 τάξεως,
1711 711 1844 738 καίτιτῶν

1063 757 1229 793 ἱεραρχικῶν
1242 758 1365 790 αὐθαδῶς
1378 759 1524 794 τολμήσει,
1540 759 1576 794 μὴ
1589 758 1656 793 πρὸς
1669 757 1715 786 τοῦ
1729 757 1845 793 τελετάρ-

1062 810 1109 837 χου
1125 803 1313 838 κεκινημένος,
1328 803 1384 830 ἀλλ’
1398 804 1438 830 ὅτι
1452 804 1499 831 καὶ
1510 804 1557 841 τῆς
1570 804 1682 840 ἐναγοῦς
1690 804 1770 840 εὐχῆς
1782 804 1845 830 ἀπο-

1061 848 1196 882 τεύξεται,
1209 848 1331 884 πρὸςτοῦ
1344 849 1447 877 δικαίου
1461 849 1552 885 λογίου
1565 851 1612 877 καὶ
1621 850 1700 881 αὐτὸς
1715 849 1764 875 οὐκ
1773 849 1846 875 ἀπει-

1062 892 1147 925 κότως
1158 893 1274 920 ἀκούων
1289 893 1410 927 Αἰτεῖτε,
1420 895 1469 922 καὶ
1483 897 1518 922 οὐ
1527 895 1702 930 λαμϐάνετε,
1718 894 1788 921 διότι
1798 903 1846 920 κα-

1063 938 1122 972 κῶς
1137 939 1254 967 αἰτεῖτε.
1271 940 1376 968 Οὐκοῦν
1397 943 1411 970 ό
1432 942 1502 973 θεῖος
1524 942 1652 977 ίεράρχης
1667 940 1793 972 ὲξαιτεῖ⁷¹
1813 939 1846 966 τὰ

1063 985 1182 1019 Θειωδῶς
1199 987 1389 1023 ἐπηγγελμένα
1397 987 1445 1015 καὶ
1457 988 1522 1022 φίλα
1534 987 1602 1023 Θεῷ,
1618 987 1665 1014 καὶ
1679 987 1783 1018 πάντως
1797 986 1845 1012 δω-

1064 1031 1247 1068 ρηθησόμενα·
1267 1033 1314 1060 καὶ
1335 1033 1364 1060 τὸ
1384 1033 1433 1069 τῆς
1451 1033 1553 1065 οἰκείας
1573 1033 1745 1068 ἀγαθοειδοῠς
1766 1032 1845 1064 ἕξεως

1061 1076 1214 1109 ἐπιδεικνὺς
1228 1077 1266 1113 τῷ
1280 1078 1421 1114 φιλαγάθῳ
1435 1078 1494 1114 Θεῷ
1503 1099 1510 1111 ,
1526 1078 1572 1105 καὶ
1585 1080 1641 1111 τοῖς
1659 1077 1790 1113 παροῦσιν
1803 1078 1846 1104 ἐκ-

1061 1122 1231 1158 φαντορικῶς
1242 1123 1380 1158 ἐμφαίνων
1396 1123 1431 1150 τὰ
1444 1125 1501 1156 τοῖς
1515 1124 1597 1155 ὁσίοις
1605 1123 1627 1139 ⁷³
1637 1123 1754 1158 ἐσόμενα
1765 1122 1844 1157 δῶρα.

1060 1165 1137 1192 Οὕτω
1151 1166 1198 1192 καὶ
1211 1166 1260 1198 τὰς
1275 1167 1454 1203 ἀφοριστικὰς
1468 1167 1574 1202 ἔχουσιν
1591 1167 1616 1193 oi
1629 1167 1754 1202 ἱεράρχαι
1768 1166 1846 1193 δυνά-

1061 1220 1131 1247 μεις,
1145 1212 1183 1244 ὡς
1203 1213 1395 1249 ὲκφαντορικοὶ
1412 1212 1466 1240 τῶν
1481 1213 1561 1240 θείων
1581 1213 1779 1248 δικαιωμάτων,
1799 1212 1847 1247 οὺχ

1058 1257 1096 1288 ὡς
1110 1259 1170 1289 ταῖς
1181 1258 1271 1287 at).er
1282 1258 1390 1293 ἀλόγοις
1400 1259 1500 1294 ὁρμαῖς
1507 1259 1557 1294 τῆς
1571 1259 1707 1294 πανσύφου
1721 1258 1847 1294 Θεαρχίας

1058 1302 1201 1338 (εὐφήμως
1215 1303 1313 1339 εἰπεῖν)
1329 1303 1502 1340 ὑπηρετικῶς
1515 1304 1661 1340 ἑπομένης,
1673 1304 1731 1331 ἀλλ’
1746 1304 1783 1335 ὡς
1799 1303 1847 1330 αὺ-

1057 1348 1111 1375 τῶν
1120 1349 1294 1384 ὑποφητικῶς
1304 1349 1476 1377 ὑποκινοῦντι
1489 1349 1528 1385 τῷ
1535 1349 1719 1386 τελεταρχικῷ
1730 1349 1753 1365 ⁷⁸
1765 1349 1846 1375 πνεύ-

1059 1402 1123 1429 ματι
1135 1396 1199 1426 τοὺς
1211 1396 1390 1431 κεκριμένους
1405 1396 1464 1432 Θεῷ
1483 1397 1543 1423 κατ’
1556 1396 1634 1430 ἀξίαν
1653 1396 1845 1432 ἁφοριζὸντων.

1056 1440 1167 1468 Λάϐετε
1180 1442 1245 1477 γάρ,
1257 1442 1339 1478 φησὶ,
1350 1443 1382 1469 τὸ
1393 1443 1517 1477 Πνεῦμα
1527 1443 1559 1470 τὸ
1577 1443 1671 1478 ἅγιον·
1681 1442 1720 1469 ἄν
1728 1451 1816 1469 τινων
1822 1442 1847 1458 ’⁸

1055 1487 1152 1522 ἀφῆτε
1165 1488 1219 1521 τὰς
1235 1488 1388 1523 ἁμαρτίας,
1401 1489 1547 1524 ἀφίενται·
1560 1488 1599 1515 ᾶν
1611 1497 1699 1515 τινων
1708 1489 1845 1523 κρατῆτε,

1056 1533 1317 1568 κεκράτηνται.Κα“ι
1326 1533 1418 1569 τῷτὰς
1427 1534 1501 1567 θείας
1512 1533 1697 1569 ἀποκαλύψεις
1703 1534 1749 1561 τοῦ
1760 1542 1849 1561 πανα-

1056 1578 1187 1613 γεστάτου
1207 1579 1313 1616 Ila-spe;
1329 1580 1527 1616 ὲλλαμπομένῳ
1549 1579 1583 1607 τὰ
1606 1579 1683 1614 λόγιά
1704 1588 1794 1615 φησιν·
1813 1580 1848 1608 Ὃ

1055 1625 1110 1651 ἐὰν
1123 1624 1221 1659 δήσῃς
1234 1625 1282 1652 ἐπὶ
1300 1625 1354 1660 τῆς
1376 1626 1441 1661 γῆς,
1459 1627 1545 1653 ἔσται
1557 1626 1715 1661 δεδεμένον
1733 1627 1769 1653 ἐν
1785 1626 1849 1660 τοῖς

1055 1672 1193 1706 οὐρανοῖς
1201 1673 1234 1689 "-
1257 1672 1306 1699 καὶ
1326 1672 1342 1699 ὃ
1357 1672 1411 1700 ἐὰν
1427 1673 1527 1707 λύσῃς
1537 1673 1586 1699 ἐπὶ
1606 1673 1661 1708 τῆς
1683 1672 1750 1708 γῆς,
1761 1673 1848 1699 ἔσται

1054 1718 1264 1753 λελυμένονὲν
1274 1717 1336 1751 τοῖς
1347 1718 1494 1752 οὐρανοῖς
1511 1719 1549 1750 ὡς
1563 1718 1668 1745 ἐκείνου
1679 1719 1700 1734 ⁷⁷
1716 1718 1763 1744 καὶ
1779 1726 1850 1744 παν-

1054 1763 1100 1795 τὸς
1115 1763 1162 1790 τοῦ
1175 1765 1236 1790 κατ’
1259 1764 1341 1790 αὐτὸν
1356 1764 1494 1800 ἱεράρχου,
1513 1764 1584 1790 κατὰ
1603 1764 1652 1796 τὰς
1667 1765 1696 1791 ὲν
1712 1763 1786 1798 αὐτῷ
1797 1771 1846 1798 γε-

1054 1810 1169 1845 νομένας
1179 1811 1201 1826 ⁷⁸
1219 1809 1274 1837 τῶν
1289 1810 1430 1845 πατρικῶν
1445 1810 1636 1845 δικαιωμάτων
1649 1809 1846 1844 ἀποκαλύψεις,

1053 1855 1257 1891 ἐκφαντορικῶς
1273 1855 1319 1882 καὶ
1332 1854 1585 1891 διαπορθμευτικῶς
1594 1854 1657 1886 τούς
1670 1863 1699 1881 τε
1710 1854 1847 1890 Θεοφιλεῖς

1054 1901 1246 1937 προσιεμένου,
1271 1900 1319 1928 καὶ
1335 1901 1398 1932 τοὺς
1418 1900 1513 1932 ἀθέους
1534 1900 1765 1936 ἀποκληροῦντος.
1788 1900 1848 1926 Καὶ

1052 1947 1102 1983 τὴν
1114 1946 1188 1982 ἱερὰν
1201 1946 1255 1982 γὰρ
1273 1946 1380 1982 ἐκείνην
1394 1946 1541 1980 θεολογίαν,
1556 1946 1594 1977 ὡς
1611 1946 1645 1972 τὰ
1654 1946 1733 1980 λόγιά
1749 1954 1847 1980 φησιν,

1052 1993 1102 2019 οὐκ
1119 1992 1310 2028 αὑτοκινήτως,
1323 1992 1383 2018 οὐδὲ
1399 1992 1499 2028 σαρκὸς
1518 1993 1564 2019 καὶ
1578 1992 1692 2027 αῐματος
1707 1991 1850 2018 ἀποκαλυ-

1052 2038 1169 2073 ψὰντων,
1185 2037 1241 2065 ἀλλ’
1256 2038 1309 2065 ὑπὸ
1322 2038 1389 2065 Θεοῦ
1403 2038 1505 2074 νοητῶς
1516 2039 1595 2066 αὐτὸν
1605 2038 1639 2064 τὰ
1647 2038 1705 2064 θεῖα
1721 2038 1851 2072 μυήσαν-

1051 2093 1096 2116 τος
1121 2083 1319 2118 ἀπεφθέγξατο.
1343 2084 1412 2116 Τοὺς
1434 2084 1482 2119 μὲν
1505 2082 1552 2111 οὖν
1570 2084 1677 2115 ἐνθέους
1700 2083 1849 2118 ἱεράρχας,

1051 2130 1122 2157 οὕτω
1133 2131 1248 2162 καὶτοῖς
1261 2131 1433 2166 ἀφορισμοῑς,
1455 2131 1503 2157 καὶ
1521 2131 1621 2162 πάσαις
1639 2131 1700 2161 ταῖς
1721 2130 1853 2164 ίεραρχι-

1051 2178 1112 2208 καῖς
1123 2176 1252 2211 δυνάμεσι
1265 2176 1406 2212 χρηστέον,
1420 2176 1493 2208 ὅπως
1504 2175 1560 2211 ἃνὴ
1573 2176 1730 2211 τελετάρχις
1741 2175 1852 2208 αὐτοὺς

1051 2221 1163 2257 θεαρχία
1173 2222 1288 2257 κινήσοι·
1307 2222 1369 2253 τοὺς
1382 2221 1409 2247 δὲ
1423 2221 1518 2253 ἄλλους
1531 2221 1602 2248 οὕτω
1614 2222 1670 2252 τοῖς
1687 2222 1851 2256 ἱεράρχαις,

216 2279 312 2301 auctor
324 2277 514 2310 mysteriorum
527 2278 655 2319 divinitus
666 2280 748 2315 270
761 2281 913 2316 inspirarit.
929 2284 998 2311 Pon-

1060 2275 1080 2292 ιν
1100 2263 1141 2298 οἷς
1161 2266 1194 2292 ἂν
1210 2266 1309 2301 δρῶσιν
1331 2266 1508 2304 ἱεραρχικῶς,
1531 2266 1705 2314 προσεκτέον,
1727 2266 1767 2297 ὡς
1793 2266 1854 2319 ὑιτιὸ

215 2320 304 2348 titiees
318 2327 409 2350 autem
425 2323 461 2350 ita
476 2325 581 2352 caeteris
593 2331 656 2353 sunt
667 2328 830 2357 observandi
849 2331 875 2357 in
889 2332 923 2358 iis
940 2339 999 2365 qua:

215 2372 246 2393 nt
258 2369 403 2402 pontilices
421 2376 528 2404 gerant,
548 2377 675 2407 tanquam
699 2375 750 2409 ipsi
765 2383 779 2402 a
794 2376 851 2404 Deo
867 2385 996 2406 movean-

213 2419 269 2441 tur.
284 2414 336 2447 Qui
350 2417 434 2448 enint,
447 2417 546 2451 inquit,
559 2428 602 2446 vos
615 2422 722 2454 spernit,
746 2430 786 2449 me
797 2425 924 2457 sperum.

1050 2310 1118 2337 Θεοῦ
1137 2311 1371 2346 κεκινημένους⁷⁹·
1395 2311 1422 2337 '0
1435 2311 1552 2347 ,ἀθετῶν
1568 2311 1623 2347 γὰρ
1640 2309 1728 2346 ὑμᾶς,
1745 2311 1853 2346 φησὶν,

1049 2355 1101 2390 ἐμὲ
1115 2356 1220 2384 ἀθετεῖ.

959 2497 976 2535 §>
989 2497 1072 2530 Vill.

249 2558 302 2584 Sed
315 2558 372 2592 jam
394 2559 428 2585 ad
442 2566 485 2592 ea,
506 2568 565 2595 qua:
581 2561 679 2590 dictam
697 2565 884 2599 precationem
899 2569 994 2596 subse-

1089 2571 1161 2598 Ἀλλ’
1180 2572 1371 2608 ἐπανέλθωμεν
1393 2574 1433 2606 εἰς
1449 2573 1498 2605 τὰς
1515 2573 1566 2608 τῆς
1588 2575 1737 2611 εἰρημένης
1755 2576 1855 2612 εὐχῆς

212 2609 347 2638 quuntur,
361 2605 511 2634 veniamus.
526 2606 575 2634 Ubi
593 2609 714 2642 pontifex
728 2618 790 2638 eam
803 2613 902 2646 tinivit,
920 2615 995 2649 ipse-

1060 2616 1179 2645 ικόλουθα
1187 2618 1221 2644 ⁸ο.
1233 2605 1350 2650 Τελέσας
1361 2618 1416 2654 γὰρ
1424 2605 1510 2657 αὐτὴν
1527 2605 1684 2656 ὁίεράρέης
1693 2640 1700 2653 ,

254 2684 263 2703 ί
280 2683 338 2713 Jac.
355 2694 392 2719 ιν,
411 2686 437 2714 '5.
476 2687 580 2716 ‘Joan.
596 2698 642 2724 xx,
655 2691 703 2722 ‘22.
749 2692 763 2711 ιι
779 2691 877 2720 Matth.
895 2703 948 2727 xw,
965 2696 1008 2724 l9.

1060 2698 1069 2718 ἰ
1087 2697 1152 2726 Luc.
1170 2706 1197 2730 x,
1213 2699 1255 2726 16.

844 2773 961 2802 VARle
979 2774 1183 2803 LECTIONES.

248 2847 464 2892 “"éxgaivwvz‘l’
490 2849 518 2892 §_.
534 2885 540 2892 .
555 2851 580 2892 .7"
589 2833 687 2886 ἐξῄτει.
699 2886 715 2892 Α
727 2853 864 2892 τίὲπει-οὺ
878 2854 958 2892 μόνον
969 2855 1019 2892 τῆς
1032 2855 1126 2892 ὑποφς,
1143 2856 1176 2884 Μ.
1193 2857 1268 2884 Scot.
1305 2858 1327 2873 "
1339 2857 1494 2891 ὲξαιτεῖται,
1510 2857 1541 2885 D.
1579 2857 1602 2873 ⁷³
1613 2858 1670 2889 τοῖς
1684 2858 1797 2892 ἁγίοις,
1815 2858 1850 2886 Ρ.

245 2880 403 2920 τελετᾷρχῃ,
419 2880 450 2912 D.
497 2886 519 2901 ⁷⁵
532 2885 580 2917 Adv
593 2880 683 2918 τὶῧων,
699 2886 727 2914 S.
740 2888 767 2914 P.

210 2916 234 2932 ’⁵
246 2916 399 2954 γινομινᾶξ,
416 2920 443 2947 S.
458 2921 487 2949 Ρ.
498 2921 525 2948 ι).
545 2916 548 2917 ν
579 2922 600 2938 ⁷⁹
615 2916 814 2958 κεκινημένοις,
827 2916 894 2951 81⁵.
908 2924 938 2951 υ.

815 2889 844 2928 7:
855 2888 894 2924 τῷ
909 2889 1027 2928 οὐρανῷ,
1052 2888 1141 2918 Μίδα.
1167 2893 1257 2928 ν⁷⁷ὡς
1277 2888 1567 2928 ἁγίου-εὐαγγελιστοῦ
1587 2893 1710 2927 ὶκείνου,
1732 2894 1770 2921 Μ.
1794 2895 1850 2923 Ss.

989 2926 1013 2941 ⁸⁸
1028 2927 1056 2952 ἐν
1069 2927 1102 2963 τῇ
1115 2927 1258 2964 ἀκολουθίᾳ
1271 2948 1276 2959 ,
1294 2929 1330 2955 Μ.
