1929 3068
112 192 166 220 565

627 191 671 219 DE
686 191 827 221 ECCLES.
846 191 1047 223 HIERARCH..
1063 192 1140 225 CAR.
1158 192 1214 221 VII.

1687 191 1738 220 566

113 247 263 280 ἀσπάζεται
276 245 322 274 τὸν
342 254 554 282 κεκοιμημενον,
573 247 620 274 καὶ
639 247 702 283 ἑξῆς
721 249 746 274 οἱ
766 249 899 284 παρόντες

959 252 1006 274 nct
1018 248 1174 276 defunctum
1188 247 1298 281 salutat,
1313 255 1344 275 ac
1359 247 1455 276 deinde
1465 254 1560 277 omnes
1569 248 1615 283 qui
1628 248 1741 285 adsum;

112 294 240 325 ἅπαντες·
254 292 319 328 ἡδὺς
333 292 388 328 γάρ
403 292 526 330 ὲστιγκαὶ
537 293 626 328 τίμιος
643 293 729 321 ἅπασι
745 296 798 327 τοῖς
819 295 903 322 θεοει..

112 339 184 367 δέσιν
194 340 208 366 ὁ
220 338 292 366 κατὰ
302 337 378 366 θείαν
387 339 409 354 ⁸⁸
422 339 494 374 ζωὴν
504 339 723 375 τετελειωμένος.
734 341 813 368 Μετὰ
821 341 849 368 δὲ
856 343 902 369 τὸν

112 384 256 420 ἀσπασμὸν
269 384 373 421 ὲπιχέει
385 384 425 420 τῷ
439 386 632 422 κεκοιμημένῳ
643 386 673 413 τὸ
683 386 772 414 ἔλαιον
782 388 797 414 ὁ
812 388 904 425 ίεράρ-

112 439 174 467 χης.
191 430 323 466 Μέμνησο
333 430 371 463 δὲ,
385 430 425 457 ὅτι
439 430 511 457 κατὰ
520 431 570 467 τὴν
584 431 659 467 ίερὰν
671 431 840 466 θεογενεσίαν
850 433 904 469 πρὸ

112 479 157 506 ποῦτ
181 477 318 505 θειοτάτου
330 478 354 494 ⁵³
377 477 566 513 βαπτίσματος
584 477 678 514 πρώτη
699 479 806 514 μέθεξις
830 479 903 516 ἱεροῦ

111 523 247 560 τυμσὸλου
265 523 393 560 δωρεῖται
409 522 449 558 τῷ
468 522 638 558 τελουμένῳ,
655 523 724 559 μετὰ
741 525 791 560 τὴν
809 524 903 560 όλικὴν

111 570 159 605 ι-ἧς
174 568 309 604 προτέρας
325 568 437 604 ἐσθῆτος
451 569 622 604 ἀπαμφίασιν
632 569 654 585 ⁸³
665 589 673 602 ,
684 569 715 596 τὸ
726 569 776 605 τῆς
789 570 904 605 κρίσεως

111 616 211 642 Ξλαιοψ
225 615 255 641 ὲν
265 614 338 641 τέλει
349 614 378 641 δὲ
388 612 437 641 νῦν
448 614 576 641 ἁπάντων
593 615 641 641 ἐπὶ
653 613 693 650 τῷ
710 614 904 651 κεκοιμημένῳ

111 661 132 688 δ
154 659 243 687 ἔλαιον
256 659 394 695 ὲπιχέεται
404 659 438 686 ⁸⁵.
451 660 507 686 Καὶ
518 660 579 686 τότε
595 660 645 695 μὲν
657 660 673 696 ἡ
684 659 730 686 τοῦ
740 659 831 686 ὲλαίου
844 660 905 696 χρί-

109 714 142 740 ις-
173 705 221 732 ἐπὶ
232 706 296 738 τοὺς
314 705 403 741 ίεροὺς
424 705 533 740 ἀγῶνας
551 705 643 732 ἐκάλει
663 705 709 733 τὸν
732 705 902 741 τελούμενον·

109 751 161 788 νῦν
172 752 200 779 δὲ
217 752 247 778 τὸ
264 751 438 788 ἐπιχεόμενον
457 751 546 778 ἔλαιον
556 751 684 787 ἐμφαίνει
697 751 769 778 κατὰ
782 752 845 784 τοὺς
857 751 905 778 αὺ-

113 799 176 831 τοὺς
191 798 279 835 ἱεροὺς
299 798 408 834 ἀγῶνας
427 798 583 834 ἀθλήσαντα
596 798 645 826 καὶ
663 797 841 826 τελειωθέντα
858 797 905 825 τὸν

111 843 319 880 κεκοιμημένον.

950 294 1076 321 omnibus
1092 294 1165 321 enim
1190 293 1257 321 viris
1272 293 1450 322 deiformibus
1474 294 1622 322 admodum
1646 299 1740 330 gratus

951 331 1041 372 θει,ὀι
1051 341 1154 368 honore
1170 341 1277 375 dignus,
1294 340 1543 375 quisquisdivinam
1558 342 1641 368 vitam
1652 345 1742 369 trans-

951 387 1016 419 egit.
1032 386 1095 414 Post
1106 387 1297 414 salutationem
1307 394 1372 414 vero
1381 386 1500 422 pontifex
1513 387 1642 415 defuncto
1651 387 1740 416 oleum

952 431 1077 460 aﬁ'undit.
1094 432 1252 460 Memineris
1267 432 1321 464 hic,
1339 436 1368 459 ut
1383 432 1411 459 in
1427 433 1514 466 prima
1533 432 1578 459 illa
1595 440 1741 467 regenera-

954 478 1028 506 tioue
1038 486 1118 506 sacra
1131 483 1193 506 ante
1207 483 1334 505 sanctum
1349 478 1526 512 baptismum,
1542 482 1603 512 post
1618 477 1742 512 antiqua-

952 531 1013 551 rum
1025 525 1142 552 vestium
1157 524 1368 559 depositionem,
1381 523 1425 550 ille
1440 524 1485 558 qui
1502 523 1635 555 initiatur,
1652 523 1744 558 inpri-

953 578 995 597 ma
1009 570 1096 598 sancti
1113 569 1228 604 symboii
1251 569 1472 604 participatione,
1495 569 1567 596 sacri
1585 569 1743 596 chrismatis

951 616 1013 644 oleo
1028 616 1193 651 inungatur;
1211 620 1238 643 et
1257 616 1301 643 hic
1318 617 1425 643 demum
1443 616 1469 642 in
1486 615 1540 642 line
1560 615 1681 642 omnium
1698 615 1745 642 dc-

953 661 1047 688 functo
1071 661 1164 688 itidem
1188 660 1279 688 oleum
1305 659 1463 687 alfuuditur.
1490 659 1524 686 Et
1549 664 1615 686 tunc
1632 659 1743 693 quidem

953 707 1005 735 olei
1026 707 1148 734 inunctio
1160 707 1355 742 baptizaudum
1370 707 1402 734 ad
1420 714 1498 733 sacra
1516 706 1668 733 certamina
1680 713 1745 732 evo-

953 753 1052 785 cabat;
1068 760 1142 780 nunc
1159 758 1248 780 autem
1266 753 1379 780 aﬁ'usum
1397 753 1487 780 oleum
1513 752 1635 780 declarat
1647 771 1656 784 ,
1680 759 1741 778 cum

953 799 999 832 qui
1016 798 1159 826 defunctus
1174 803 1217 826 est
1239 799 1335 827 iisdem
1358 799 1450 827 sacris
1460 797 1657 830 certaminibus
1678 805 1744 824 exa-

953 845 1006 872 ctis
1020 843 1142 872 functum
1158 852 1230 873 esse.

883 924 899 960 ἐ
915 923 971 957 IX.

148 1005 241 1032 Ταῦτα
252 1005 364 1037 τελέσας
374 1006 389 1032 ὁ
408 1006 547 1042 ἱεράρχης,
560 1005 722 1042 ἀποτίθησιν
739 1006 770 1033 ἐν
786 1006 854 1043 οῐκῳ
864 1015 905 1033 τι-

990 1006 1039 1037 His
1059 1007 1194 1042 peractis,
1220 1006 1345 1042 pontifex
1363 1006 1483 1034 defuncti
1507 1013 1609 1041 cotplls
1630 1006 1746 1034 honesto

113 1051 168 1087 μίῳ
180 1051 210 1077 τὸ
220 1051 299 1087 σῶμα
317 1051 376 1087 μεθ’
393 1052 493 1087 ἐτέρων
505 1052 650 1088 ὁμοταγῶν
665 1051 748 1089 ἱερῶν
760 1053 904 1088 σωμάτων.

113 1097 146 1124 Εἰ
160 1096 214 1133 γὰρ
231 1097 260 1123 ὲν
273 1097 345 1133 ψυχῇ
361 1097 408 1123 καὶ
423 1097 528 1133 σώματι
542 1098 592 1134 τὴν
611 1098 722 1134 θεοφιλῆ
738 1097 809 1134 ζωὴν
828 1099 842 1125 ὁ
860 1107 906 1125 κε-

113 1143 280 1178 κοιμημένος
292 1143 368 1174 ἐσίω,
379 1142 469 1178 τίμιον
486 1143 563 1171 ἔσται
578 1143 647 1179 μετὰ
659 1144 709 1179 τῆς
727 1144 803 1176 ὁσίας
818 1143 907 1180 ψυχῆς

113 1189 162 1217 καὶ
176 1189 206 1216 τὸ
219 1189 387 1224 συναθλῆσαν
397 1189 465 1225 αὐτῇ
480 1188 558 1225 σῶμα
570 1189 641 1217 κατὰ
654 1190 717 1222 τοὺς
727 1190 815 1226 ἱεροὺς
828 1190 907 1226 ἱδρῶ-

112 1243 173 1267 τας.
189 1234 310 1271 Ἔνθενή
323 1234 381 1261 θεία
392 1234 547 1270 δικαιοσύνη
563 1234 632 1270 μετὰ
643 1234 690 1262 τοῦ
705 1235 836 1271 σφετέρου
855 1235 907 1262 σὼ-

114 1287 200 1313 ματος
219 1279 287 1314 αὐτῇ
301 1279 427 1315 δωρεῖται
445 1278 493 1310 τὰς
508 1279 653 1314 ὰμοιὸαίας
667 1280 768 1317 λήξεις,
784 1281 821 1313 ὡς
839 1282 906 1317 όμο-

114 1324 242 1360 πορεύτῳ
253 1325 301 1352 καὶ
316 1325 479 1360 συμμετόχῳ
493 1325 543 1360 τῆς
554 1326 630 1358 ὁσίας
644 1326 660 1362 ἢ
678 1327 727 1362 τῆς
745 1327 870 1359 ἐναντίας
882 1327 906 1344 ⁸⁵

113 1369 198 1409 ζωῆς.
213 1370 258 1397 Διὸ
271 1370 318 1397 καὶ
328 1370 382 1397 τῶν
392 1369 474 1405 ἱερῶν
487 1371 504 1406 ἡ
519 1370 579 1397 θεία
592 1371 755 1407 θεσμοθεσία
763 1372 813 1404 τὰς
827 1372 908 1408 (imp:

114 1411 197 1452 χικὰς
215 1416 357 1449 κοινωνίας
381 1417 482 1452 ἀμφοῖν
502 1417 637 1453 δωρεῖται·
656 1419 690 1453 τῇ
711 1418 783 1454 ψυχῇ
808 1418 857 1453 μὲν
877 1420 906 1446 ἐν

114 1462 227 1498 καθαρᾷ
236 1462 338 1499 θεωρίᾳ
357 1463 404 1490 καὶ
422 1465 451 1491 ὲν
459 1464 483 1480 ⁸⁸
496 1464 635 1499 ἐπιστήμῃ
649 1464 703 1490 τῶν
723 1456 904 1500 τελουμένων

114 1507 155 1546 τῷ
167 1508 271 1543 σώματι
287 1509 314 1540 δὲ
332 1509 403 1536 κατὰ
413 1509 444 1536 τὸ
457 1509 594 1536 θειότατον
608 1510 646 1542 ὡς
663 1511 691 1537 ὲν
709 1510 793 1537 εἰκόνι
810 1511 905 1547 μύρον,

115 1555 163 1581 καὶ
182 1554 217 1581 τὰ
232 1555 281 1590 τῆς
297 1555 445 1593 θεαρχικῆς
457 1555 598 1588 κοινωνίας
618 1555 751 1592 ίερώτατα
774 1556 904 1592 σύμϐολα,

114 1601 162 1628 τὸν
178 1601 237 1628 ὅλον
248 1601 389 1638 ἄνθρωπον
401 1601 562 1637 ἁγιάζουσα,
581 1603 628 1630 καὶ
639 1603 688 1638 τὴν
708 1603 801 1639 όλικὴν
821 1604 905 1631 αὐτοῦ

115 1647 253 1682 σωτηρίαν
278 1647 474 1684 ίερουργοῦσα,
498 1649 546 1675 καὶ
564 1649 734 1684 τελειοτάτην
755 1649 836 1676 αὑτοῦ
856 1651 906 1686 τὴν

959 1052 1017 1080 loco
1029 1053 1153 1081 recondit
1166 1060 1218 1080 una
1235 1060 1295 1080 cum
1310 1052 1419 1080 caeteris
1433 1051 1553 1085 ejusdem
1566 1052 1671 1079 ordinis
1683 1059 1746 1079 cor-

957 1097 1072 1133 poribus
1084 1099 1180 1126 sacris.
1196 1098 1225 1126 Si
1240 1099 1313 1126 enim
1325 1098 1349 1125 is
1364 1098 1409 1132 qui
1428 1097 1575 1125 defunctus
1595 1097 1686 1125 anima
1705 1097 1745 1124 εἰς

958 1144 1014 1171 mul
1029 1149 1058 1171 et
1079 1151 1196 1178 corpore
1211 1148 1336 1172 sanctam
1360 1144 1445 1171 vitam
1462 1144 1530 1179 egit,
1547 1150 1648 1178 corpus
1663 1144 1747 1170 etiam

958 1197 1013 1218 una
1028 1197 1090 1218 cum
1104 1190 1195 1217 anima
1209 1195 1302 1218 sancta
1319 1190 1400 1218 simul
1416 1191 1444 1217 in
1458 1190 1562 1217 honore
1573 1190 1624 1217 erit
1639 1197 1672 1217 ac
1684 1196 1748 1224 pre-

959 1237 1009 1270 tio,
1022 1238 1095 1272 quod
1109 1238 1198 1264 sacris
1211 1237 1357 1264 sudoribus
1377 1244 1430 1263 una
1445 1235 1656 1263 conccrtaverit.
1671 1235 1748 1262 Divi-

957 1291 992 1311 na
1005 1284 1096 1318 itaque
1104 1283 1210 1317 iustitia
1222 1283 1318 1310 anima:
1331 1287 1359 1310 et
1368 1283 1474 1318 corpori
1489 1283 1623 1317 condigna
1635 1282 1748 1316 praemia

958 1329 1092 1365 largitur,
1108 1334 1235 1364 tanquam
1257 1328 1354 1356 comiti
1369 1332 1395 1355 et
1412 1328 1532 1356 consorti
1549 1328 1608 1355 sive
1630 1327 1747 1358 divinae,

956 1376 1015 1403 sive
1032 1375 1177 1404 contrariae
1191 1374 1263 1402 vitae.
1279 1373 1383 1402 Idcirco
1395 1374 1477 1401 etiam
1495 1377 1651 1401 sanctorum
1667 1380 1747 1399 sacra

958 1423 1063 1451 functio
1083 1423 1190 1451 divinas
1211 1421 1321 1456 utrique
1348 1420 1572 1456 participationes
1597 1419 1748 1455 elargitur;

957 1469 1057 1497 animae
1072 1469 1194 1503 quidem,
1207 1469 1234 1495 in
1254 1467 1398 1502 purissima
1413 1465 1643 1500 contemplatione
1663 1470 1692 1492 et
1705 1471 1750 1492 re-

958 1522 1018 1542 rum
1032 1513 1218 1549 periectarum
1243 1511 1376 1545 scientia;
1395 1511 1507 1546 corpori
1530 1518 1595 1538 vero
1618 1510 1751 1538 sacratis-

957 1559 1054 1587 simum
1068 1563 1235 1594 unguentum
1250 1557 1330 1593 quasi
1346 1557 1372 1584 in
1387 1556 1505 1592 imagine
1523 1563 1572 1591 per
1595 1554 1753 1583 sacratissi-

958 1613 1002 1632 ma
1018 1605 1117 1632 divinae
1133 1602 1392 1633 communicationis
1414 1602 1537 1637 symbola
1554 1606 1641 1629 totum
1659 1601 1751 1628 homi-

958 1658 1020 1677 nem
1032 1649 1223 1682 sanctilicans,
1237 1654 1265 1677 et
1277 1649 1411 1684 integram
1422 1647 1537 1675 salutem
1552 1646 1609 1681 ejus
1621 1654 1750 1681 operans,

115 1693 264 1720 ἀνάστασιν
279 1693 387 1721 ἔσεσθαι
397 1694 592 1731 διαγγέλλουσα
603 1696 664 1727 ταῖς
677 1695 835 1728 καθολικαίς
846 1696 906 1730 ἁγι-

961 1704 1011 1724 nec
1024 1704 1076 1723 nou
1090 1695 1256 1723 denuntians
1264 1703 1313 1730 per
1325 1694 1493 1721 universales
1504 1693 1678 1721 lustrationes
1690 1700 1752 1728 pcn-

117 1739 222 1771 στείαις
231 1739 265 1766 ⁸⁷.

961 1742 1138 1770 fectissimatu
1152 1742 1176 1769 ei
1191 1742 1251 1768 fore
1270 1741 1509 1768 resurrectionem.

886 1819 968 1857 §X.

157 1889 214 1917 Τὰς
223 1890 252 1917 δὲ
264 1890 420 1923 τελεστικὰς
441 1891 599 1926 ἐπικλήσεις
616 1891 646 1918 οὐ
662 1890 773 1926 θεμιτὸν
794 1891 823 1917 ὲν
843 1899 917 1926 γρα-,

120 1937 186 1972 φαίς
195 1936 216 1952 ³⁸
229 1936 438 1972 ἀφερμηνεύειν,
452 1936 511 1964 οὐδὲ
523 1937 553 1964 τὸ
566 1938 694 1972 μυστικὸν
713 1937 812 1969 αὐτῶν,
826 1937 842 1972 ἢ
863 1936 913 1968 τὰς

120 1982 165 2008 ἐπ’
187 1982 281 2014 αὑταῖς
302 1982 502 2018 ὲνεργουμένας
521 1983 553 2010 ἐκ
574 1983 642 2009 Θεοῦ
665 1983 793 2018 δυνάμεις
813 1984 846 2009 ἐκ
866 1981 913 2009 τοῦ

121 2027 240 2062 κρυφίου
252 2027 319 2063 πρὸς
331 2027 361 2053 τὸ
377 2028 464 2054 κοινὸν
477 2027 592 2062 ἐξάγειψ
606 2027 663 2055 ἀλλ’
682 2029 720 2060 ὡς
731 2029 748 2064 ἡ
761 2029 823 2055 καθ’
841 2029 914 2064 ἡμᾶς

124 2072 187 2107 ιερὰ
200 2073 347 2108 παράδοσις
363 2073 418 2108 ἔχει
428 2093 435 2106 ,
450 2076 509 2105 ταῖς
529 2074 764 2109 ἁνεκπομπεύτοις
784 2075 914 2110 μυήσεσιν

123 2119 208 2151 αὐτὰς
220 2119 359 2155 ἐκμαθὼν,
374 2120 421 2147 καὶ
434 2120 501 2156 πρὸς
517 2120 655 2156 θειοτέραν
669 2120 725 2152 ἕξιν
747 2121 796 2147 καὶ
809 2120 914 2155 ἀναγω-

122 2166 176 2201 γὴν
188 2166 267 2201 ἔρωτι
281 2166 346 2202 θείῳ
363 2167 409 2193 καὶ
428 2167 579 2202 ἐνεργείαις
596 2168 682 2203 ἱεραῖς
701 2167 894 2199 ἀποτελεσθεὶς
905 2186 913 2199 ,

123 2212 179 2242 ὑπὸ
194 2213 242 2248 τῆς
253 2212 448 2248 τελεταρχικῆς
461 2213 620 2248 ὲλλάμψεως
634 2213 776 2250 άναχθήσῃ
787 2213 856 2248 πρὸς
867 2213 915 2248 τὴν

123 2259 281 2293 ὑπερτάτην
297 2258 386 2285 αὐτῶν
398 2259 551 2294 ἐπιστήμην

996 1889 1185 1918 luvocatioues
1201 1897 1282 1924 porro
1294 1888 1515 1917 consecratorias
1530 1886 1608 1915 nefas
1625 1891 1665 1913 est
1682 1886 1752 1913 scri-

962 1941 1008 1971 pto
1024 1937 1210 1972 interpretari,
1227 1940 1255 1963 et
1270 1944 1402 1963 arcanum
1421 1943 1515 1963 earum
1528 1941 1650 1966 sensum,
1664 1933 1752 1959 virtu-

962 1988 1060 2018 tesque
1073 1990 1142 2017 quas
1159 1983 1184 2009 iu
1201 1983 1234 2009 iis
1258 1982 1330 2009 Deus
1345 1986 1488 2016 operatur,
1506 1987 1522 2007 e
1538 1983 1645 2007 secreto
1660 1979 1687 2005 in
1703 1985 1752 2012 pu-

961 2028 1061 2056 blicum
1077 2027 1192 2061 etferre;
1208 2027 1255 2054 sed
1269 2047 1277 2060 ,
1293 2032 1324 2054 ut
1342 2030 1434 2053 nostra
1449 2028 1628 2052 sacrosancta
1641 2022 1754 2050 traditio

963 2074 1062 2106 docet,
1074 2073 1119 2100 ubi
1137 2080 1184 2100 eas
1198 2073 1394 2100 secretioribus
1409 2070 1638 2099 instructionibus
1653 2071 1753 2097 hause-

962 2121 1010 2153 ris,
1027 2125 1108 2155 atque
1125 2119 1160 2146 ad
1176 2119 1300 2146 habitum
1322 2121 1501 2146 sacratiorem
1521 2121 1605 2151 atque
1626 2115 1753 2151 capacio-

963 2173 1021 2193 rem
1038 2165 1246 2199 intclligentiam
1259 2183 1268 2197 ,
1286 2163 1377 2191 divino
1392 2170 1488 2191 amore
1504 2162 1647 2197 sacrisque
1666 2162 1755 2188 actio-

963 2211 1046 2238 nibus
1060 2215 1266 2238 consummatus
1280 2209 1411 2244 evaseris,
1424 2209 1516 2236 divina
1531 2209 1592 2236 luce
1605 2207 1753 2235 collustra—

964 2263 1009 2286 tus
1024 2260 1058 2286 ad
1072 2265 1225 2293 supremam
1245 2265 1340 2286 earum
1355 2257 1497 2285 scientiam
1511 2256 1682 2284 subveheris.

893 2336 968 2374 §Xl

162 2409 198 2438 Τὺ
212 2408 240 2435 δὲ
270 2410 320 2436 καὶ
342 2409 449 2441 παῖδας,
482 2408 559 2436 οὔπω
573 2407 607 2435 τὰ
621 2408 681 2435 θεῖα
694 2408 812 2434 συνιέναι
831 2408 908 2434 δυνα-

999 2407 1075 2441 Quod
1099 2413 1191 2435 autem
1221 2408 1338 2436 infantes
1368 2415 1494 2443 quoque,
1528 2407 1575 2442 qui
1604 2414 1655 2442 per
1691 2409 1756 2433 aeta-

128 2455 237 2491 μένους,
255 2455 305 2490 τῆς
323 2455 399 2490 ἱερᾶς
417 2454 546 2490 μετόχους
569 2453 710 2488 γίγνεσθαι
729 2453 896 2488 θεογενεσίας
907 2473 915 2486 ,

125 2501 176 2528 καὶ
187 2501 242 2527 τῶν
256 2501 409 2536 ίερωτάτων
434 2501 483 2536 τῆς
508 2500 657 2536 θεαρχικῆς
682 2500 824 2531 κοινωνίας
848 2508 917 2535 συμ-

126 2547 224 2579 ϐόλων,
237 2547 310 2573 δοκεῖ
325 2547 385 2583 μὲν,
408 2547 446 2579 ὡς
469 2547 522 2582 φῂς
534 2547 568 2579 ⁸⁸,
588 2548 645 2578 τοῖς
666 2546 786 2582 ἀνιέροις
804 2545 916 2579 εὐλόγου

125 2593 246 2628 γέλωτος
256 2593 367 2626 ἄξιον,εί
388 2594 450 2625 τοὺς
473 2593 587 2620 ἀκοῦσαι
601 2593 638 2628 μὴ
660 2592 825 2627 δυναμένους
849 2590 918 2617 ἐκδι-

125 2639 273 2666 δάσκουσιν
284 2640 308 2665 οἱ
324 2640 447 2675 ἱεράρχαι
459 2639 493 2665 τὰ
506 2638 576 2670 θεῖα,
597 2638 645 2665 καὶ
669 2639 726 2670 τοῖς
750 2637 787 2673 μὴ
811 2637 917 2665 νοοῦσιν

127 2686 191 2721 εικῆ
216 2685 391 2720 παραδιδόασι
405 2685 454 2718 τὰς
467 2684 543 2721 ἱερὰς
563 2684 727 2720 παραδόσεις
740 2692 747 2699 ·
774 2684 821 2711 καὶ
833 2684 864 2710 τὸ
876 2683 917 2710 ἔτι

966 2458 1022 2482 tem
1047 2459 1184 2489 nequeunt
1212 2454 1374 2490 intelligere,
1402 2452 1755 2489 divinm271regenera—

967 2501 1049 2528 tionis
1063 2500 1350 2536 sanctissimorumque
1364 2501 1462 2528 divina:
1480 2498 1682 2528 communionis
1699 2507 1759 2536 my-

967 2547 1112 2574 steriorum
1137 2547 1285 2582 participes
1310 2547 1387 2580 ﬁant,
1404 2548 1522 2580 videtur,
1536 2551 1567 2574 ut
1581 2545 1681 2580 inquis,
1707 2546 1758 2573 ho-

970 2591 1086 2618 minibus
1096 2591 1221 2626 profanis
1241 2600 1293 2620 non
1318 2592 1453 2620 immerito
1478 2592 1533 2619 risu
1545 2591 1671 2627 dignum,
1686 2592 1758 2626 quod

969 2636 1111 2671 pontiﬁces
1124 2645 1171 2665 eos
1183 2637 1309 2665 erudiant
1323 2638 1370 2672 qui
1390 2642 1528 2673 nequeunt
1555 2638 1662 2670 audire,
1691 2644 1758 2665 sau-

970 2686 1084 2716 ctasque
1096 2683 1254 2711 traditiones
1273 2691 1327 2711 non
1340 2683 1552 2718 intelligentibus
1567 2683 1669 2711 frustra
1700 2687 1756 2711 tra-

771 2769 889 2798 VARUE
907 2769 1101 2798 LECTIONES

166 2850 189 2867 ⁶ί
203 2853 217 2878 ὁ
229 2850 300 2878 κατὰ
310 2850 359 2886 τὴν
370 2850 455 2882 θείαν,

131 2920 257 2958 nam,
270 2921 304 2949 Μ.
341 2921 364 2938 ⁸⁸
379 2921 416 2954 ὡς
430 2920 508 2956 ἔφης,
523 2920 551 2948 S.

557 2850 580 2885 ξ’
594 2850 665 2878 θείου
680 2870 686 2882 ,
704 2849 734 2877 D.
781 2849 804 2866 ⁸³
818 2848 904 2885 variat
921 2853 949 2885 et
964 2849 1043 2885 hujus
1059 2849 1132 2885 vocis
1147 2848 1281 2885 scriptura
1293 2871 1300 2882 ,
1313 2849 1381 2877 alias
1394 2851 1421 2878 iu
1438 2850 1585 2885 penultima
1602 2858 1625 2880 ε,
1645 2849 1712 2877 alias
1725 2857 1754 2877 at.

130 2887 155 2904 ’θ
167 2886 327 2922 ὲπιχέειιι).
338 2883 349 2922 ’ν
365 2886 393 2922 4'”
401 2886 449 2922 τῆς
462 2884 546 2922 θείας,
560 2884 589 2912 S.
618 2887 650 2902 '“
663 2887 692 2913 ὲν
707 2893 758 2913 uon
770 2890 812 2913 est
824 2885 851 2912 in
867 2884 901 2913 M.
918 2883 947 2911 S.
962 2885 993 2912 l).

1042 2885 1064 2901 ⁸¹
1078 2884 1121 2912 διὰ
1140 2885 1189 2920 τῆς
1202 2884 1346 2921 καθολικῆς
1359 2884 1525 2921 ἁγιαστείας.
1541 2885 1575 2914 Μ.
1586 2886 1620 2912 St:
1668 2885 1691 2902 ⁸⁸
1708 2885 1739 2913 ἐγ
