1929 3068
169 145 218 172 5'67

747 143 776 171 S.
796 141 952 170 DION’JSII.
964 140 1195 171 AREOPAGITE

1738 139 1793 168 568

168 203 249 234 dant;
265 208 352 237 neque
366 201 455 230 minus
468 201 610 230 ridiculam
621 206 668 229 est
683 201 755 235 quod
780 201 825 228 alii
845 208 893 234 pro
921 200 953 227 iis

1018 198 1180 235 ἐλοιάτερον,
1203 199 1241 230 ὡς
1265 198 1334 234 ὑπὲρ
1357 198 1446 225 αὐτῶν
1462 198 1551 234 ιτεροι
1575 189 1625 230 τὰς
1651 196 1793 231 ἀποταγάς

168 248 417 276 abrenuntiationes
426 255 570 284 sacrasque
578 246 759 282 professiones
769 247 950 282 pronuntient.

169 293 269 322 Verum
296 302 350 322 non
379 299 488 330 oportet
524 299 596 321 tuam
623 298 744 321 sanctam
781 291 952 327 prttdentiam

168 340 324 367 errantibus
338 340 484 376 indignari,
496 340 543 367 sed
567 339 691 374 religiose
713 338 747 366 ad
766 345 860 365 eornttt
876 336 955 364 insti-

170 386 301 413 tutionem
334 394 395 414 cum
426 386 560 414 cbaritate
591 385 725 413 rationem
765 383 901 415 reddere.
926 386 954 410 et

169 432 337 467 objectiones
369 440 464 460 eorum
489 433 614 465 solvere;
648 436 732 466 atque
760 431 823 458 illud
845 431 955 465 insuper

169 479 317 505 secundum
340 485 444 505 sacrant
474 478 642 505 sanctionem
676 477 795 510 addere,
818 476 955 511 quomodo

170 523 261 550 divina
275 523 367 551 omnia
392 531 562 558 nequaquam
589 528 681 551 nostra
698 523 870 558 intelligentia
885 529 957 549 eoin-

171 571 353 597 tncnsuranda
370 575 443 602 sunt.
467 570 514 598 sed
529 570 643 604 plurima
656 577 717 604 qua:
731 576 780 596 nos
793 569 878 595 latent
892 575 956 595 cau-

171 623 215 642 sas
229 615 328 643 habere
340 615 394 643 Deo
409 616 516 651 dignas,
530 623 596 650 quas
607 622 656 642 nos
666 614 776 650 quidem
789 614 955 648 ignoremus,

173 669 265 688 rerum
279 662 312 689 ab
325 661 467 690 ordinibus
476 662 556 689 nobis
569 660 801 696 pratstantioribus
814 660 958 695 perspicue

172 712 384 741 cognoscantur.
410 706 528 734 Plurima
554 707 619 733 item
635 705 721 732 latent
742 711 883 738 supremas
898 703 958 730 illas

172 753 435 787 sublimissimasqtte
456 753 633 784 substantias,
647 759 708 786 quae
726 750 774 778 soli
785 749 957 784 sapientissi-

174 808 225 827 tute
239 799 469 834 sapientiﬁcwque
495 797 630 825 divinitati
647 801 710 824 nota
739 800 813 824 sunt.
839 794 957 823 Verum-

175 851 266 873 tamen
279 845 329 872 Itac
342 845 375 872 de
387 852 416 871 re
430 845 455 871 id
469 851 576 878 quoque
592 843 717 875 dicimus,
726 842 797 876 quod
808 841 958 868 deilorntes

176 895 353 925 praeoptares
371 891 455 917 nostri
482 889 517 916 ab
535 889 647 923 antiqua
663 887 808 914 traditione
821 892 960 920 acceptum

175 937 254 964 nobis
280 936 519 970 transcripserunt.
546 935 629 962 Aiunt
643 934 727 967 enim,
742 933 814 968 quod
828 937 855 959 et
866 939 959 959 verum

175 987 228 1014 est.
247 982 375 1015 infantes,
394 981 417 1009 si
433 983 460 1008 in
474 981 532 1016 lege
546 987 623 1007 sacra
638 979 828 1012 instituantur,
840 977 873 1004 ad
898 984 961 1004 san-

176 1035 248 1056 etum
269 1028 353 1055 animi
369 1033 469 1054 statum
495 1031 674 1062 perventuros
693 1032 755 1053 esse
776 1024 850 1052 omni
866 1029 962 1051 errore

177 1075 289 1107 liberos,
310 1079 338 1101 et
359 1074 419 1101 sine
448 1073 502 1100 ttllo
526 1073 638 1106 impune
665 1071 726 1098 vita).
748 1069 878 1106 periculo.
906 1068 963 1096 Hoc

177 1121 249 1148 enim
261 1129 322 1149 eum
339 1121 365 1148 in
383 1124 499 1148 metttem
523 1119 642 1146 venisset
656 1117 754 1145 divinis
769 1117 871 1144 nostris
883 1116 964 1143 insti-

177 1167 325 1199 tutoribus,
339 1166 442 1202 placuit
456 1165 562 1192 admitti
576 1171 676 1199 pueros
691 1164 744 1191 hoc
760 1167 855 1190 sancto
869 1161 963 1194 modo,

179 1218 209 1240 nt
221 1213 304 1240 oblati
332 1210 438 1246 parvuli
452 1215 580 1247 parentes
590 1209 728 1237 naturales
750 1208 835 1235 lilittm
863 1207 908 1234 uni
930 1214 963 1234 ex

180 1259 306 1287 tidelibus
333 1258 452 1289 tradant,
482 1257 528 1292 qui
554 1256 685 1291 praeclare
709 1256 736 1283 in
754 1254 854 1282 divinis
881 1253 963 1280 rebus

180 1311 293 1338 puerum
312 1303 431 1335 erudiat,
450 1302 501 1330 sub
521 1302 599 1336 cujus
612 1302 740 1335 deinceps
753 1308 819 1328 cura
836 1301 883 1331 sit,
902 1304 963 1326 latt-

179 1357 262 1384 quam
277 1349 328 1376 sub
352 1348 432 1376 Patre
451 1347 554 1381 divino,
585 1352 740 1382 sanctasque
763 1347 859 1374 salutis
871 1351 966 1373 susce-

181 1400 269 1429 ptore.
301 1394 379 1422 Hunc
400 1393 493 1428 itaque
506 1393 631 1427 antistes,
647 1397 742 1420 sancte
763 1392 966 1426 promittentem

181 1449 211 1469 se
224 1448 337 1476 puerum
351 1441 385 1469 ad
404 1445 528 1468 sanctam
554 1440 636 1467 vitam
650 1439 871 1470 int‘ormaturum,
887 1438 966 1472 jubet

182 1486 302 1520 profiteri
329 1485 582 1513 abrenuntiationes
595 1491 742 1518 sacrasque
765 1482 966 1518 professiones;

184 1542 236 1560 non
251 1534 335 1565 enim,
351 1537 379 1560 ut
392 1532 429 1560 illi
447 1533 658 1560 subsannatores
666 1532 752 1564 aiunt,
764 1530 845 1558 alium
858 1537 906 1564 pro
916 1528 970 1555 alio

184 1580 265 1607 rebus
289 1579 389 1607 divinis
402 1579 498 1607 imbuit
513 1588 520 1612 ;
548 1585 635 1613 neque
649 1577 720 1604 enim
745 1584 861 1612 sponsor
879 1576 945 1602 dicit
959 1583 967 1602 :
983 1592 1004 1621 ο

185 1627 241 1661 ligo
265 1633 315 1662 pro
337 1633 423 1660 puero
451 1625 707 1652 abrenuntiatioues
734 1623 816 1652 facio.
844 1629 970 1649 sacrasve

184 1673 377 1707 professiones,
400 1672 447 1699 sed
467 1673 519 1699 hoc
544 1672 624 1699 modo
641 1677 755 1705 puerum
772 1669 872 1697 asserit
891 1668 971 1696 abre-

185 1720 312 1747 nuntiare
326 1727 358 1747 ac
371 1719 508 1754 pmtiteri;
523 1725 555 1746 ac
567 1719 588 1745 si
598 1718 670 1745 dicat
686 1725 694 1744 :
708 1716 843 1744 Proﬁteor
850 1722 894 1743 me
909 1715 972 1742 huic

186 1774 282 1801 puero.
298 1774 359 1793 cum
376 1773 423 1801 per
435 1770 543 1792 aetatem
574 1764 727 1799 intelligere
755 1770 834 1791 sacra
857 1761 971 1796 poterit,

186 1812 286 1839 divinis
300 1812 368 1839 meis
385 1812 599 1839 institutionibus
616 1817 821 1846 persuasurum,
839 1814 867 1836 ut
878 1808 975 1835 adver-

187 1858 268 1886 sariis
277 1858 400 1885 nuntium
412 1858 524 1886 omnino
538 1857 670 1889 remittat,
683 1862 710 1885 et
735 1857 825 1885 divina
838 1855 973 1890 promissa

187 1907 359 1942 proﬁteatur.
385 1911 413 1934 et
427 1906 562 1934 exsolvat.
590 1905 663 1933 Nihil
689 1912 767 1940 ergo,
793 1909 821 1931 ut
852 1903 973 1938 opinor.

187 1953 336 1986 absurdum
355 1957 406 1986 est,
421 1954 443 1981 si
462 1953 495 1980 ad
510 1952 632 1980 divinum
647 1952 797 1979 instittttum
812 1958 879 1985 puer
891 1950 976 1977 addu-

189 2001 270 2033 eitnr,
299 2007 360 2028 cum
377 2000 474 2027 ducem
490 2007 521 2027 ac
548 2006 708 2033 sponsorem
728 1998 828 2025 habeat
851 1996 896 2031 qui
913 2003 976 2023 eum

189 2046 381 2073 etdivinarutn
403 2052 497 2072 rerutn
518 2044 632 2072 scientia
646 2044 758 2073 imbuat.
776 2048 805 2070 et
832 2042 867 2070 ab
880 2041 979 2069 adver»

190 2093 271 2121 sariis
293 2098 380 2120 tutum
397 2091 544 2120 custodiat.
573 2091 658 2118 Porro
670 2090 753 2125 272
766 2089 886 2125 pontifex
909 2097 978 2123 pue-

193 2148 254 2167 rum
268 2143 422 2167 consortem
446 2138 513 2165 facit
530 2144 672 2166 sacrorum
687 2136 890 2172 mysteriorum,
908 2139 937 2162 ut
951 2135 978 2161 in

192 2187 234 2213 eis
243 2186 386 2219 educetur,
399 2191 496 2220 _neque
522 2183 683 2218 agatvitam
703 2181 795 2214 aliam,
823 2188 905 2216 quam
918 2187 979 2206 eam

193 2239 255 2265 qua:
269 2231 359 2258 divina
388 2237 495 2264 semper
517 2233 631 2264 spectet,
655 2232 682 2255 et
700 2226 854 2261 huiusmodi
886 2229 980 2253 sancta

1003 253 1080 280 φασι,
1094 245 1140 272 καὶ
1151 245 1200 277 τὰς
1213 243 1289 281 ἱερὰς
1302 244 1456 279 ὁμολογίας,
1471 245 1517 270 Δεῖ
1528 243 1558 270 δὲ
1568 244 1618 280 τὴν
1633 243 1683 278 σὴν
1697 243 1794 277 ίεραρ-

1003 290 1082 326 χικὴν
1095 290 1200 317 σύνεσιν
1212 290 1249 326 μὴ
1262 289 1432 325 χαλεπαίνειν
1442 289 1488 316 ἐπὶ
1496 291 1553 321 τοῖς
1561 287 1791 324 πεπλανημένοις,

1004 336 1062 364 ἀλλ’
1087 336 1208 368 εὐλασῶς
1234 345 1265 363 τι
1285 336 1344 371 ἅμα
1356 335 1466 370 καὶτῆς
1492 334 1582 362 αὐτῶν
1607 332 1794 369 φωταγωγίας

1004 381 1083 416 χάριν
1096 380 1274 416 ἀγαπητικῶς
1285 379 1477 415 ἀπολογεῖσθαι
1496 380 1564 415 πρὸς
1579 378 1629 411 τὰς
1641 378 1688 405 ὑπ’
1702 377 1793 404 αὐτῶν

1005 426 1213 462 προφερομένας
1245 426 1385 458 ἐνστάσεις
1414 425 1577 460 προτιθέντα
1601 425 1624 441 ⁸⁸
1642 424 1690 452 καὶ
1712 423 1795 450 τοῦτο

1005 472 1076 499 κατά
1100 472 1199 507 θεσμὸν
1212 472 1294 508 ἱερὸν,
1318 472 1356 504 ὡς
1368 472 1418 499 οὐκ
1431 472 1460 498 ὲν
1482 473 1516 508 τῇ
1530 470 1590 498 καθ’
1603 471 1677 506 ἡμᾶς
1692 467 1796 503 γνώσει

1006 518 1096 546 πάντα
1126 517 1161 544 τὰ
1186 518 1245 546 θεῖα
1270 517 1481 554 περιγράφεται,
1507 515 1593 545 πολλά
1616 515 1645 543 δὲ
1669 514 1724 542 τῶν
1747 513 1794 549 ὑφ’

1005 564 1084 600 ἡμῶν
1096 563 1294 600 ἀγνοουμένων,
1308 563 1398 596 αἰτίας
1409 563 1466 599 ἔχει
1476 562 1648 598 θεοπρεπεῖς,
1662 560 1730 596 ἡμῖν
1745 559 1796 595 μὲν

1006 610 1178 646 ὴγνοημένας
1191 610 1225 642 ιι,
1247 609 1395 644 ὲπιστητὰς
1417 609 1446 636 δὲ
1470 610 1531 641 ταῖς
1556 607 1634 644 ἡμῶν
1658 606 1797 643 κρείττοσι

1007 656 1113 689 τάξεσι.
1129 655 1217 683 Πολλὰ
1240 655 1268 683 δὲ
1281 656 1329 683 καὶ
1343 655 1393 688 τὰς
1405 654 1561 690 ὑπερτάτας
1572 653 1665 685 οὐσίας
1688 650 1796 687 λέληθε,

1008 705 1055 730 καὶ
1068 703 1137 740 πρὸς
1154 702 1236 738 μόνης
1249 701 1371 738 ἀκριϐῶς
1383 701 1515 736 ἔγνωσται
1535 700 1585 736 τῆς
1596 699 1736 733 πανσόφου
1749 697 1799 724 καὶ

1009 748 1153 783 σοφοποιοῦ
1165 749 1188 765 θ’
1202 747 1340 783 θεαρχιας.
1354 746 1429 782 Πλὴν
1441 754 1486 780 γε,
1500 746 1541 772 ὅτι
1554 744 1600 772 καὶ
1625 744 1690 779 περὶ
1701 742 1801 770 τούτου

1009 793 1095 821 ταῦτά
1119 801 1219 828 φαμεν,
1233 791 1305 828 ἅπερ
1329 793 1353 818 oi
1375 790 1503 822 θεοειδεῖς
1515 786 1799 825 ἡμῶνίεροτελεσταὶ,

1009 840 1077 876 πρὸς
1100 839 1150 874 τῆς
1172 837 1288 874 ἀρχαίας
1312 836 1459 872 μυηθέντες
1472 835 1656 871 παραδόσεως,
1669 835 1709 866 είς
1725 833 1800 869 ἡμᾶς

977 897 998 926 Β
1012 887 1168 922 προήγαγον
1179 885 1212 911 ’³.
1238 884 1306 910 Φασὶ
1329 883 1393 919 γὰρ,
1407 883 1475 918 ὅπερ
1488 882 1546 908 ἐστὶ
1564 881 1612 908 καὶ
1624 879 1732 915 ἀληθὲς,
1746 879 1800 912 ὅτι,

1012 932 1084 960 κατὰ
1105 931 1204 966 θεσμὸν
1223 930 1294 966 ἱερὸν
1307 929 1461 965 ἀναγόμενα
1484 927 1518 954 τά
1529 927 1628 964 βρέφη,
1654 927 1722 962 πρὸς
1744 924 1803 958 ἕξιν

1013 977 1088 1014 ἱερὰν
1111 976 1216 1012 ἥξουσι,
1238 975 1327 1011 πάσης
1340 974 1542 1010 ἀποτελούμενα
1565 972 1669 1008 πλάνης
1681 972 1728 999 καὶ
1752 971 1803 998 ἀν-

1014 1024 1086 1059 ιέρου
1113 1022 1186 1058 ζωῆς
1198 1022 1342 1057 ἀπείρατα.
1367 1020 1453 1047 Τοῦτο
1470 1021 1528 1052 τοῖς
1546 1019 1629 1051 θείοις
1640 1017 1719 1054 ἡμῶν
1732 1016 1803 1044 καθ-

1014 1068 1144 1105 ηγεμόσιν
1165 1069 1205 1100 εις
1228 1067 1291 1094 νοῦν
1315 1065 1461 1102 έληλυθδς,
1485 1065 1575 1099 ἔδοξεν
1587 1062 1805 1099 είσδέχεσθαιτά

1015 1114 1101 1151 βρέφη
1125 1113 1196 1141 κατά
1208 1112 1283 1140 τόνδε
1295 1113 1340 1140 τὸν
1354 1113 1424 1148 ἱερὸν
1436 1111 1545 1148 τρόπον,
1566 1109 1635 1137 ὥστε
1647 1109 1709 1141 τοὺς
1723 1115 1805 1144 φυσι-

1014 1161 1080 1193 κοὺς
1102 1161 1149 1187 τοῦ
1175 1159 1379 1196 προσαγομένου
1393 1159 1488 1191 παιδὸς
1509 1158 1607 1193 γονέας
1631 1155 1806 1192 παραδιδόναι

1015 1208 1061 1234 τὸν
1083 1207 1165 1235 παῖδά
1177 1215 1230 1234 τινι
1242 1207 1297 1234 τῶν
1312 1206 1495 1242 μεμυημένων
1507 1203 1601 1240 ἀγαθῷ
1619 1203 1654 1231 τὰ
1667 1203 1726 1230 θεῖα
1743 1210 1808 1228 παι-

1015 1253 1142 1289 δαγωγῷ,
1157 1253 1203 1280 καὶ
1226 1253 1256 1280 τὸ
1269 1252 1361 1280 λοιπὸν
1373 1252 1419 1279 ὑπ’
1445 1250 1520 1286 αὒτῷ
1531 1250 1577 1278 τὸν
1602 1249 1686 1276 παῖδα
1706 1247 1806 1279 τελεῖν,

1015 1300 1054 1332 ὡς
1078 1299 1131 1326 ὑπὸ
1154 1298 1218 1334 θείῳ
1229 1298 1315 1335 πατρὶ
1342 1298 1391 1325 καὶ
1413 1297 1551 1334 σωτηρίας
1575 1296 1651 1332 ἱερᾶς
1673 1294 1807 1330 ἀναδόχῳ.

1017 1346 1117 1373 Τοῦτον
1139 1343 1210 1373 οὖνὸ
1222 1346 1352 1382 ίεράρχης
1363 1343 1546 1380 ὁμολογοῦντα
1565 1342 1637 1370 κατὰ
1655 1341 1704 1379 τὴν
1729 1341 1807 1378 ίεράν

1019 1392 1129 1426 ἀνάγειν
1142 1391 1167 1407 ⁸⁵
1178 1390 1224 1418 τὸν
1249 1391 1333 1418 παῖδα
1357 1389 1440 1427 ζωὴν,
1453 1390 1565 1418 ἀπαιτεῖ
1588 1387 1638 1420 τὰς
1664 1386 1806 1421 ἀποταγάς

1018 1438 1194 1475 ὁμολογῆσαι,
1217 1439 1264 1465 καὶ
1285 1437 1336 1470 τὰς
1359 1436 1435 1473 ape;
1461 1435 1616 1472 ὁμολογίας,
1644 1432 1754 1471 οὐχ,ὡς
1776 1432 1810 1460 ἂν

1019 1485 1118 1511 ἐκεῖνοι
1141 1484 1276 1518 γελῶντες
1300 1484 1389 1518 φαῖεν,
1411 1481 1492 1509 ἀλλον
1514 1481 1573 1508 ἀντ’
1595 1479 1675 1507 ἄλλοι)
1687 1478 1722 1505 τὰ
1747 1477 1809 1504 θεῖα

1022 1534 1114 1569 μνῶν
1128 1533 1189 1560 οὐδὲ
1202 1532 1257 1568 γὰρ
1269 1531 1350 1560 τοῦτό
1370 1539 1464 1567 φησιν,
1487 1529 1525 1561 ὡς
1551 1528 1623 1565 ὑπὲρ
1642 1525 1691 1555 τοῦ
1715 1525 1811 1558 παιδὸς

1021 1579 1078 1614 ἐγὼ
1088 1579 1139 1611 τὰς
1160 1577 1311 1613 ἀποταγὰς,
1325 1577 1342 1613 ἢ
1357 1577 1407 1609 τὰς
1420 1575 1495 1612 ίεράς
1507 1574 1651 1611 ὁμολογίας
1664 1571 1793 1607 ποιοῦμαι
1802 1579 1810 1586 ·

1021 1625 1078 1651 ἀλλ’
1095 1625 1135 1651 ὅτι
1148 1625 1163 1651 ὸ
1175 1624 1239 1656 παῖς
1252 1623 1434 1650 ἀποτάσσεται
1458 1621 1507 1648 καὶ
1518 1619 1698 1647 συντάσσεται
1708 1626 1716 1632 ·
1735 1616 1809 1644 τοῦτ’

1022 1669 1106 1696 ἐστιν*
1124 1668 1261 1705 ὀμολογῶ
1269 1668 1317 1696 τὸν
1323 1667 1405 1695 παῖδα
1414 1666 1518 1693 πείσειν
1527 1667 1567 1698 είς
1578 1664 1640 1692 νοῦν
1648 1663 1719 1699 ἱερὸν
1728 1661 1811 1693 ἰόντα,

1022 1717 1081 1748 ταῖς
1105 1716 1185 1751 ἐμαῖς
1208 1714 1309 1746 ἐνθέοις
1336 1713 1504 1747 ἀναγωγαῖς,
1528 1708 1749 1742 ἀποτάξασθαι-’³
1764 1706 1813 1742 μὲν

1024 1761 1121 1795 ὑλικῶς
1133 1761 1189 1793 τοῖς
1203 1759 1343 1791 ἐναντίοις,
1365 1758 1531 1793 ὁμολογῆσαι
1556 1755 1585 1782 δὲ
1609 1755 1657 1781 καὶ
1669 1752 1814 1789 ἐνεργῆσαι

1024 1807 1073 1839 τὰς
1087 1807 1161 1839 θείας
1173 1806 1326 1842 ὁμολογίας.
1339 1805 1425 1832 Οὐδὲν
1436 1801 1494 1836 οὖν,
1507 1803 1545 1834 ὡς
1558 1800 1646 1837 οἶμαι,
1660 1800 1691 1827 τδ
1704 1799 1813 1830 hortm,

1025 1855 1049 1881 ει
1062 1853 1133 1881 κατά
1145 1853 1220 1880 θείαν
1230 1854 1244 1880 ὁ
1253 1853 1318 1883 παῖς
1331 1849 1475 1885 ἀναγωγὴν
1485 1848 1626 1883 ἀνάγεται,
1640 1844 1816 1881 καθηγεμόνα

1026 1901 1073 1928 καὶ
1088 1900 1217 1935 ἀνάδοχον
1238 1898 1310 1934 ἱερὸν
1321 1897 1400 1933 ἔχων,
1425 1895 1482 1929 ιξιν
1494 1893 1568 1930 αὐτῷ
1590 1893 1646 1920 τῶν
1662 1892 1741 1919 θείων
1764 1891 1818 1926 ἑμ-

1027 1947 1165 1978 ποιοῦνια,
1189 1946 1237 1972 καὶ
1260 1944 1429 1979 φυλάττοντα
1438 1941 1494 1969 τῶν
1506 1940 1636 1968 ἐναντίων
1658 1938 1816 1973 ἀπείρατον.

1027 1992 1196 2020 Μεταδίδωσι
1206 1991 1236 2018 δὲ
1245 1989 1284 2026 τῷ
1295 1989 1373 2017 παιδὶ
1383 1989 1439 2016 τῶν
1450 1987 1532 2024 ιερῶν
1544 1985 1687 2022 συμϐόλων
1698 1984 1712 2010 ὸ
1725 1982 1819 2018 ίεράρ-

1028 2048 1090 2075 χης,
1116 2039 1189 2070 ὅπως
1218 2038 1247 2064 ὲν
1270 2037 1363 2068 αὐτοῖς
1375 2034 1554 2071 ὰνατραφείη,
1578 2032 1626 2059 καὶ
1649 2030 1716 2067 μηδὲ
1741 2029 1818 2064 σχοίη

1029 2085 1102 2121 ζωὴν
1126 2085 1234 2120 ἑτέραν,
1247 2084 1272 2110 ει
1291 2083 1328 2118 μὴ
1351 2082 1402 2118 τὴν
1416 2081 1451 2109 τὰ
1464 2080 1523 2107 θεῖα
1536 2077 1690 2114 θεωροῦσαν
1703 2076 1757 2108 ἀεὶ,
1770 2075 1822 2121 διαὶ

1030 2119 1157 2158 κοινωνὸν
1170 2119 1259 2157 αὐτῶν
1271 2130 1301 2156 ὲν
1314 2129 1467 2164 προκοπαϊς
1480 2126 1567 2162 ἱεραῖς
1578 2123 1754 2159 γιγνομένην,
1762 2119 1821 2153 ἕξιν

1030 2187 1062 2205 τε
1071 2177 1148 2213 ῑερὰν
1160 2178 1189 2204 ὲν
1201 2175 1306 2207 τούτοις
1317 2175 1453 2210 ίσχουσαν,
1466 2170 1636 2207 ἀναγομένην
1648 2178 1678 2196 τε
1691 2170 1821 2205 ἱεροπρε-

1032 2225 1092 2257 πῶς
1105 2224 1157 2251 ὑπὸ
1166 2223 1213 2251 τοῦ
1227 2222 1359 2254 θεοειδοῦς
1372 2221 1512 2256 ἀναδόχον.

194 2263 385 2305 communione
397 2263 621 2312 proiiciatsatque
636 2274 662 2301 in
678 2273 720 2300 bis
735 2279 843 2300 sacrum
858 2271 980 2298 habitum
1000 2271 1152 2306 possideat,
1169 2274 1197 2297 et
1218 2276 1234 2296 a
1252 2272 1411 2302 susceptore
1432 2264 1557 2293 deilormi
1576 2263 1697 2291 studiose
1711 2268 1822 2296 promo-

195 2330 299 2352 ventur.

225 2370 276 2397 lsta
289 2373 364 2400 sunt,
375 2368 411 2396 mi
423 2368 472 2399 iiii,
485 2372 557 2395 tanta
569 2372 678 2401 tamque
687 2365 815 2401 praeclara
825 2364 967 2392 hierarclti:

1018 2369 1023 2391 ι
1073 2361 1197 2389 Τοσαῦτα
1208 2380 1216 2392 ,
1230 2356 1252 2387 ὦ
1271 2360 1338 2391 παῖ,
1353 2357 1400 2384 καὶ
1417 2355 1489 2382 οὕτω
1599 2353 1649 2389 τῆς
1667 2352 1728 2380 καθ’
1740 2353 1824 2401 *ἡμᾶς

197 2422 299 2444 nostra;
311 2415 466 2450 spectacula
489 2414 635 2441 uniformia
658 2412 723 2439 mibi
743 2411 986 2442 ntauil'eslata,sed

198 2463 258 2490 aliis
270 2462 386 2490 fortasse
401 2460 538 2488 mentibus
558 2457 817 2494 perspicacioribus.
832 2464 885 2483 non
897 2456 984 2483 solum

200 2512 266 2539 haec.
275 2515 369 2536 verum
379 2508 460 2534 etiam
471 2506 524 2533 alia
534 2505 618 2533 multo
628 2504 776 2532 illustriora
788 2509 871 2538 atque
883 2501 985 2529 deiior-

200 2555 286 2582 utiora
301 2558 442 2589 perspecta
455 2557 528 2580 sunt.
543 2551 614 2585 Quin
628 2556 655 2578 et
684 2550 733 2577 tibi
749 2556 867 2584 quoque,
883 2553 912 2576 ut
925 2548 988 2584 opi-

202 2608 264 2633 nor,
278 2600 409 2627 clariores
434 2598 636 2631 divinioresque
659 2591 878 2631 pitlcltritudines
901 2594 988 2621 collu-

202 2646 314 2678 cebunt,
339 2646 361 2673 si
388 2645 421 2673 iis
432 2644 573 2680 gradibus,
589 2650 657 2677 quos
667 2642 733 2674 dixi,
750 2641 783 2668 ad
798 2639 985 2668 sublimiorem

1037 2407 1178 2446 ἱεραρχίας
1185 2403 1277 2433 ὦπταί
1290 2413 1334 2440 μοι
1346 2403 1381 2430 τὰ
1393 2401 1495 2436 ὲνοειδῆ
1508 2400 1642 2436 θεάματα,
1656 2399 1723 2435 πρὸς
1736 2398 1826 2426 ἄλλων

1038 2444 1069 2484 δέ
1081 2456 1146 2487 ἴσως
1158 2451 1351 2487 ὀπτικωτέρων
1369 2450 1392 2466 ⁸⁸
1404 2447 1472 2474 νοῶν
1491 2447 1522 2474 οὺ
1541 2445 1628 2473 ταῦτα
1649 2446 1727 2481 μόνον
1744 2444 1825 2471 ἑθεω-

1040 2502 1125 2539 ρήθη,
1139 2499 1275 2535 φανότερα
1293 2497 1321 2523 δὲ
1340 2494 1430 2530 πολλῷ
1440 2494 1462 2510 ⁹¹¹
1479 2493 1527 2520 καί
1547 2491 1743 2527 θεοειδέστερα.
1765 2491 1822 2517 Καὶ

1039 2536 1079 2574 σοί
1097 2536 1137 2578 δὲ,
1166 2545 1205 2575 ὡς
1217 2541 1312 2577 οἶμαι,
1334 2540 1441 2571 πάντως
1467 2537 1600 2573 ἐλλάμψει
1621 2536 1826 2573 τηλαυγέστερα

1038 2593 1123 2627 κάλλη
1142 2591 1189 2618 καὶ
1201 2588 1335 2623 θειότερα,
1345 2587 1402 2617 τοῖς
1420 2584 1578 2621 εἰρημένοις
1589 2582 1613 2601 ³⁸
1623 2581 1762 2627 sumsere
1767 2583 1826 2627 μοῖς

1039 2623 1172 2673 χρωμένῳ
1191 2633 1259 2670 πρὸς
1279 2630 1433 2667 ὑπερτέραν
1452 2629 1558 2655 ἀκτῖνα.
1582 2628 1705 2659 Μετάδος
1723 2624 1786 2660 οὖν,
1803 2623 1827 2654 ὦ

842 2728 961 2756 VARIE
978 2723 1181 2755 LECTIONES.

241 2806 263 2820 ""
278 2803 473 2839 προστιθέντα,
496 2801 528 2829 Μ.
557 2802 585 2828 5.
609 2802 639 2828 D.
670 2801 731 2828 Sdl‘.
771 2801 790 2816 ⁹¹
807 2796 1042 2833 ἀγνοουμὲνας,8.
1082 2797 1105 2811 υ
1126 2803 1158 2821 κα

243 2842 328 2867 ἄγειν.
344 2840 372 2865 S.
423 2839 445 2854 ⁸⁵
456 2836 646 2867 ἁποταξεσθαι,
662 2836 692 2863 υ.
710 2835 770 2863 Sar.
820 2835 842 2851 ⁹⁸
855 2832 1048 2867 ὀπτικώτερον,
1063 2831 1096 2858 Μ.
1114 2829 1158 2857 Sc.

206 2842 227 2857 "
243 2842 328 2873 ἄγειν,
344 2840 372 2865 S.

423 2839 445 2854 ⁸⁵
456 2836 646 2871 ἁποταξεσθαι,
662 2836 692 2863 υ.
710 2835 770 2863 Sar.

206 2876 308 2907 τὰτοις,
322 2873 356 2902 Ι.
373 2874 419 2901 Sc.

1082 2797 1105 2811 “
1126 2795 1172 2821 καὶ
1188 2789 1398 2826 πανσοφοποιοῦ.
1422 2789 1450 2816 S.
1495 2787 1517 2804 ⁸³
1530 2786 1703 2848 xpedi-{area
1733 2784 1767 2810 Μ.
1781 2782 1825 2811 Sc.

1082 2831 1086 2848 Ι
1114 2829 1147 2848 ἓν
1208 2829 1230 2846 οτ
1245 2826 1420 2848 manui-una
1433 2824 1461 2848 δὲ
1620 2841 1627 2848 .
1642 2821 1688 2848 SC.
1726 2820 1747 2836 ³³
1760 2821 1825 2847 θεων

1208 2829 1230 2846 ’τ
1245 2820 1420 2862 φανερώτερα
1433 2824 1461 2853 δὲ
1475 2820 1575 2855 mild.
1592 2820 1627 2848 Ι.
1642 2821 1688 2849 Sc.
1726 2820 1747 2836 "
1760 2821 1826 2847 θειον
