1929 3068
210 162 260 190 δτι

786 156 815 186 8.
834 154 987 184 ῡιοΝγδιι
1001 151 1236 182 AREOPAGszE

1789 143 1850 172 572

210 221 311 255 quibus
330 222 358 247 in
373 220 424 247 hac
449 219 504 246 vita
531 218 677 252 conjuncta
702 216 837 249 fuerant,
862 213 969 241 reunita
991 221 999 245 ς

1058 209 1186 237 ἑνωθέντα
1209 209 1270 239 ταῖς
1299 207 1407 242 male,
1432 202 1475 237 αἶς
1499 204 1616 239 ἧνωνται
1629 201 1700 230 κατὰ
1711 199 1757 228 τδν
1778 200 1849 235 τῇδε

1058 254 1077 255 η
1333 251 1353 255 -.
1407 249 1510 255 λ.λ
1570 248 1596 255 .-
1626 247 1668 255 ....
1721 244 1846 255 ann-

211 271 396 301 assequentur
426 270 517 293 autem
541 264 702 292 deiformcm
730 261 845 298 gloriam
873 265 1000 295 tanquam

211 311 333 339 membra
349 311 408 338 Dei.

249 369 264 404 ς
283 368 314 395 ll.
328 367 507 395 Profanorum
520 374 586 395 vero
605 366 687 401 aliqui
702 365 810 400 quidem
823 364 882 391 sine
896 362 1002 390 ratione

213 420 321 449 putant.
334 422 387 441 non
402 414 489 442 solum
512 420 657 449 corporum
682 419 738 439 non
764 409 882 437 futuram
912 415 1005 435 resur-

215 461 377 494 rectionem,
392 468 485 487 vermn
504 461 586 487 etiam
607 459 738 494 ipsasmet
760 457 866 484 animas
892 455 1003 489 penitus

213 506 329 537 aboleri.
345 513 392 533 seu
410 506 436 532 in
450 504 565 533 nihilum
581 505 676 535 abire;
693 503 738 529 alii
751 509 827 534 vero,
845 501 886 528 his
907 500 1003 534 utique

214 552 418 587 prudentiores,
432 557 461 579 ut
476 552 563 585 Plato,
575 552 663 583 aiunt,
678 557 781 584 corpus
808 548 918 583 quidem
943 550 1004 582 post

214 604 329 626 mortem
345 606 515 633 nequaquam
528 597 720 628 substiturum,
735 596 783 623 sed
797 602 847 621 nec
873 594 900 620 in
924 599 1004 620 atter-

214 651 280 670 num
293 643 327 670 ad
339 642 544 670 subsistentiam
558 650 636 669 suam
651 647 838 668 reversurum.
861 639 919 666 lloc
929 638 1004 666 enim

212 695 255 717 est
270 690 341 725 quod
355 690 419 716 dicit
432 687 561 720 εἰσάπαξ.
575 688 715 722 Indignum
730 687 804 714 enim
825 693 897 717 esse,
912 685 1000 716 aiunt,

205 741 243 764 ‘nt
259 735 399 763 materiale
410 743 508 769 corpus
519 735 618 761 animae
631 733 805 760 immateriali
820 733 856 759 sit
870 739 1002 764 coaevutn,

213 784 331 810 animam
345 789 410 809 vero
423 781 509 809 solam
522 787 583 807 esse
608 778 801 806 immortalem.
829 777 902 804 idem
917 777 1001 804 etiam

213 828 335 856 Simonis
361 827 487 861 discipuli
506 825 746 855 asserebant,-non
759 824 924 859 cogitantes.
941 829 1006 850 nec-

210 873 277 900 dum
291 872 380 899 edocti
396 879 410 898 a
424 878 522 905 magna
537 869 661 903 apostolo
671 867 756 895 Paulo
773 868 891 898 dicente,
907 867 1005 901 pignus

212 924 240 947 et
252 917 441 952 probationem
455 915 619 942 universalis
638 914 664 941 in
680 913 764 949 274
778 920 892 947 corpcre
907 913 1006 938 futurae

212 964 424 992 resurrectionis
439 963 583 990 Dominum
597 966 721 988 nostrum
742 960 835 987 Jesum
863 958 1004 986 Christum

211 1010 368 1042 exstitisse;
383 1014 412 1037 et
427 1009 499 1044 quod
516 1008 543 1035 in
554 1008 613 1042 ipso
626 1008 706 1034 moJo
719 1005 880 1033 abseondiia
897 1005 934 1033 sil.
950 1004 1004 1032 vita

213 1061 309 1084 nostra
333 1055 360 1082 in
386 1054 443 1082 Deo
476 1053 622 1082 revelanda
649 1052 676 1079 in
706 1052 920 1086 regeneratione.
952 1049 1005 1076 Alii

213 1110 278 1131 vero
294 1101 421 1130 dicebant
437 1108 537 1135 corpus
552 1105 617 1128 tunc
639 1106 749 1127 aereum
772 1097 870 1125 animis
882 1097 1005 1124 futurum

211 1149 249 1184 (si
265 1150 345 1176 modo
365 1150 487 1175 laturum
504 1147 552 1182 sit)
566 1152 595 1175 et
617 1154 670 1174 non
697 1151 916 1173 resurrecturum
937 1143 1006 1171 illud

208 1196 304 1231 "ipsum
331 1195 404 1230 quod
429 1195 510 1221 modo
533 1194 664 1230 gerimus,
689 1192 851 1226 corporibus
877 1198 938 1226 qua:
953 1197 1005 1217 una

214 1242 394 1269 decertarunt
411 1240 539 1275 injuriam
554 1241 718 1274 irrogantes.
733 1238 786 1266 Alii
802 1245 896 1273 porro,
911 1236 1006 1264 nescio

212 1295 269 1322 quo
282 1291 361 1321 pacto
377 1286 412 1313 ad
428 1292 553 1313 terrenas
564 1280 758 1319 cogitationes
772 1283 924 1319 provocati,
936 1282 1006 1309 scri-

215 1336 330 1367 pserunt
346 1331 384 1359 ibi
403 1332 481 1358 cibos
498 1336 631 1366 potusque
655 1329 771 1357 sensiles
788 1330 906 1356 futuros.
938 1327 1007 1355 Insi-

215 1377 295 1405 nuari
317 1379 395 1405 aiunt
406 1384 454 1412 per
470 1377 520 1404 hoc
537 1376 678 1411 Pappiam,
692 1374 844 1410 Hierapolis
862 1374 934 1401 Asia:
948 1373 1006 1407 epi-

219 1432 346 1459 scopum,
358 1425 404 1458 qui
417 1424 472 1451 divi
495 1423 611 1451 Joannis
636 1422 810 1456 evangelista:
837 1419 1007 1455 temporibus

214 1471 318 1497 floruit.
335 1470 385 1497 llic
398 1470 470 1497 enim
481 1469 597 1504 Pappias
608 1469 676 1496 libro
690 1473 787 1503 quarto
802 1467 1006 1494 Dominicarum

215 1525 325 1544 suarum
341 1516 556 1550 explanationem
571 1515 691 1549 scripsit,
707 1514 766 1542 fore
778 1513 805 1540 in
825 1512 1005 1549 resurrectio-

215 1570 252 1589 ne
271 1563 425 1597 voluptates
439 1570 499 1596 qua:
522 1562 710 1597 percipiuntur
730 1569 763 1589 ex
788 1561 876 1594 cibis;
889 1560 916 1587 in
933 1559 1005 1595 quod

215 1608 326 1642 quidem
345 1609 442 1643 dogma
467 1608 638 1642 postmodum
662 1607 847 1641 Apollinarius
875 1606 1003 1633 credidit.

216 1655 357 1688 Quomodo
388 1655 471 1690 igitur
490 1654 656 1689 Apollinarii
681 1659 764 1681 erunt
789 1653 892 1688 scripta
918 1652 1007 1680 sancti

216 1700 353 1735 Dionysii,
369 1701 519 1727 scentulum
537 1708 622 1735 nugas
647 1700 817 1735 aliquorum,
832 1706 893 1734 quae
905 1697 1008 1732 Apolli-

218 1748 326 1774 narium
345 1747 491 1774 refutant?
509 1747 563 1774 Sed
578 1754 658 1774 nemo
678 1747 797 1774 virorum
811 1745 958 1780 proborum
973 1745 1007 1772 ad

217 1793 372 1821 istiusmodi
398 1793 585 1821 absurditates
606 1793 768 1824 abducetur,
787 1798 881 1818 verum
895 1790 1008 1818 creden-

217 1843 259 1866 tes
271 1847 300 1867 se
314 1839 532 1867 Cltristiformem
548 1844 648 1866 sortem
661 1839 817 1874 adeptnros,
830 1838 1006 1864 mutationem

217 1884 314 1911 mortis
328 1884 438 1912 minime
453 1883 648 1916 formidabant,
667 1884 751 1919 probe
765 1884 882 1910 scientes
891 1890 921 1909 se
936 1883 1008 1910 bona

216 1936 295 1964 parta
311 1931 448 1957 stabiliter
464 1938 648 1966 possessuros.
669 1929 832 1957 Peecatores
842 1936 907 1956 vero
921 1924 1008 1963 siqui-

217 1976 278 2003 dem
295 1983 402 2003 sacram
429 1976 572 2004 hauserint
592 1976 803 2008 institmionem,
816 1982 902 2010 caque
916 1976 1007 2009 negle-

216 2028 274 2053 ela,
287 2022 320 2049 ad
349 2023 584 2057 concupiscentias
612 2031 660 2050 sua
686 2027 784 2058 sponte
808 2021 926 2049 devoluti
942 2021 1006 2052 sint,

216 2075 279 2095 eum
299 2069 332 2094 ad
354 2069 415 2096 vita:
445 2070 526 2096 linem
545 2069 733 2103 pervenerint,
758 2075 812 2094 non
840 2069 895 2102 jam
921 2067 1007 2102 legem

217 2112 336 2139 divinam
364 2121 441 2148 teque
466 2119 494 2141 ut
519 2114 595 2149 prius
611 2113 806 2148 despicabilem
829 2113 1005 2144 esistimant;

215 2161 265 2187 sed
281 2161 342 2187 aliis
359 2160 438 2195 longe
449 2161 546 2192 oculis,
558 2161 726 2196 spiritalibus
741 2162 848 2188 demum
864 2164 892 2187 et
905 2167 936 2186 ea
948 2167 1008 2195 qnze

216 2206 276 2233 illic
301 2212 364 2233 sunt
384 2207 564 2240 intuentibus,
601 2214 633 2234 ea
657 2214 718 2241 quae
742 2207 778 2234 ibi
797 2211 862 2233 sunt
878 2207 1007 2233 conside—

1051 254 1108 290 βίον
1118 263 1124 269 ·
1140 253 1321 289 ἀπολήψονται
1331 251 1360 278 δὲ
1371 250 1418 277 καὶ
1435 250 1484 285 τὴν
1497 248 1599 284 θεοειδῆ
1623 247 1702 280 δόξαν
1713 246 1751 278 ὡς
1773 244 1850 281 μέλη

1053 300 1134 328 Θεοῦ.

1091 357 1150 392 §ll.
1164 357 1224 384 Τῶν
1245 355 1273 382 δὲ
1286 355 1400 390 ἀνιέρων
1417 354 1445 380 oi.
1464 352 1513 388 μὲν
1526 349 1729 385 άλογιστότερον
1744 348 1781 384 μὴ
1798 347 1851 384 μό-

1052 411 1097 430 νον
1111 402 1245 437 σωμάτων
1269 401 1299 427 οὑ
1323 398 1480 432 δοξάζουσιν
1493 396 1684 430 ἐξανάστασιν,
1704 394 1772 422 ἀλλὰ
1798 394 1851 421 καὶ

1052 449 1103 481 τὰς
1125 448 1213 484 ψυχὰς
1244 446 1328 479 αὑτὰς
1348 447 1387 478 είς
1410 444 1516 471 τελείαν
1551 442 1720 478 άνυπαρξίαν
1745 442 1850 476 χωρεῖν

1053 493 1164 520 οἴονται.
1178 493 1208 519 Οἱ
1222 492 1249 518 δὲ
1259 489 1434 526 λογικώτεροι
1441 489 1521 523 δῆθεν
1532 487 1632 519 αὐτῶν,
1645 486 1682 517 ὡς
1695 487 1709 512 ὁ
1720 485 1849 516 Πλάτων,

1052 540 1084 567 τὸ
1095 540 1144 576 μὲν
1158 539 1236 574 σῶμα
1251 537 1320 574 μετὰ
1342 537 1456 564 θάνατον
1468 535 1560 562 οὐκέτι
1574 534 1641 569 φασὶ
1654 531 1849 568 συστήσεσθαι,

1053 586 1112 613 ἀλλ’
1127 586 1166 617 εἰς
1179 584 1279 616 αἰῶνας
1290 584 1340 620 οὐχ
1353 582 1535 619 ὑποστρέφειν
1550 581 1590 607 ἔτι
1602 580 1670 615 πρὸς
1683 580 1715 614 ῆν
1727 578 1782 613 ἔχει
1799 577 1851 604 σύν

1055 639 1168 658 στασιν”
1184 631 1263 658 τοῦτο
1282 631 1336 666 γάρ
1359 630 1433 657 ἐστιν
1455 629 1469 655 ὅ
1493 636 1575 664 φησιν
1594 625 1735 657 εἰσάπαξ.
1764 624 1850 650 ’Λνά-

1054 676 1110 711 ξιον
1129 677 1183 712 γάρ
1206 685 1287 711 φασιν
1299 673 1368 702 εἶναι
1381 675 1411 702 τὸ
1425 674 1516 701 ὑλικὸν
1528 671 1713 703 συναιωνίζειν
1725 671 1758 706 τῇ
1773 669 1851 705 ἀῦλῳ

1054 723 1138 758 ψυχῇ.
1152 723 1201 758 τὴν
1220 722 1308 757 ψυχὴν
1330 721 1413 757 μόνην
1428 720 1569 751 ἀθανάτως
1582 718 1727 755 ὑπάρχειν.
1753 716 1849 743 Ταῦτα

1054 767 1103 794 καὶ
1115 767 1138 793 οἰ
1162 766 1216 793 ἀπὸ
1241 766 1361 801 Σίμωνος
1378 765 1482 799 ελεγον,
1508 764 1559 791 οὐκ
1584 764 1762 799 ὲννοήσαντες
1785 760 1854 787 οὐδὲ

1056 812 1205 848 μυηθέντες
1226 811 1302 847 παρὰ
1318 811 1366 838 τοῦ
1387 810 1504 847 μεγάλου
1519 808 1667 836 ἀποστόλου
1684 807 1791 834 Παύλου
1805 806 1851 833 λέ-

1055 866 1160 892 γοντος,
1185 857 1332 894 ἀρραϐῶνα
1353 857 1400 884 καὶ
1418 855 1554 889 ἀπόδειξιν
1565 855 1614 891 τῆς
1639 854 1709 890 μετά
1723 853 1849 888 σώματος

1022 902 1043 931 Β
1057 903 1205 938 καθολικῆς
1241 903 1416 934 ἀναστάσεως
1439 901 1486 928 τὸν
1511 900 1612 936 Κύριον
1636 899 1715 936 ἡμῶν
1745 897 1849 934 Ίησοῦν

1056 948 1177 985 Χριστὸν
1193 948 1367 984 γεγενῆσθαι,
1382 947 1430 974 καὶ
1442 947 1482 974 ὅτι
1496 947 1525 974 ὲν
1539 946 1613 982 αὐτῷ
1624 945 1671 972 νῦν
1695 945 1849 980 κέκρυπται

1057 997 1074 1032 ή
1099 995 1155 1031 ζωὴ
1179 996 1256 1031 ήμῶν
1281 996 1309 1022 ὲν
1332 994 1372 1030 τῷ
1401 994 1460 1030 Θεῷ
1485 991 1733 1029 φανερωθησομένη
1761 991 1790 1018 ὲν
1815 991 1847 1026 τῇ

1057 1040 1262 1077 παλιγγενεσία.
1289 1040 1381 1067 ’Δλλοι
1404 1040 1432 1067 δὲ
1446 1039 1567 1074 αίθέριον
1590 1038 1710 1073 ἔφασκον
1740 1035 1848 1064 ἔσεσθαι

1058 1087 1139 1123 (εἴγε
1151 1087 1198 1114 καὶ
1209 1085 1328 1122 ἔσεσθαι)
1343 1085 1423 1121 σῶμα
1434 1086 1495 1117 ταῖς
1505 1084 1614 1120 ψυχαῖς,
1635 1083 1681 1110 καὶ
1710 1082 1760 1109 οὐκ
1783 1081 1849 1108 αὐτὸ

1056 1134 1135 1160 τοῦτο
1147 1132 1374 1170 ἐξαναστήσεσοαι
1388 1131 1402 1159 ὃ
1421 1130 1611 1167 περικείμεθα,
1635 1129 1790 1160 ἀδικοῦντες
1815 1127 1850 1154 τὰ

1058 1178 1262 1215 συναολήσαντα
1286 1178 1409 1213 σώματα.
1426 1176 1518 1203 Ἀλλοι
1530 1176 1568 1208 δὲ,
1585 1176 1635 1202 οὐκ
1653 1173 1701 1203 οἷδ’
1714 1175 1786 1205 ὅπως
1809 1174 1849 1205 είς

1057 1224 1162 1257 ἐννοίας
1181 1223 1277 1256 ὑλικὰς
1300 1223 1513 1255 άποκλιϐέντες,
1527 1222 1630 1257 τροφὰς
1643 1221 1777 1257 αίσθητὰς
1802 1220 1850 1247 καὶ

1057 1270 1151 1302 πόσεις
1174 1270 1264 1297 ὲκεῖσε
1283 1269 1468 1306 γενησομένας
1503 1267 1670 1304 ἀνέγραψαν.
1697 1267 1848 1295 Δίνίττεται

1055 1317 1096 1350 δὲ,
1111 1318 1203 1352 φασιν,
1218 1317 1258 1349 εἰς
1289 1316 1419 1343 Παππίαν
1432 1315 1477 1342 τδν
1496 1314 1673 1350 Ἰεραπόλεως
1685 1314 1735 1349 τῆς
1757 1312 1849 1344 Ἀσίας

1056 1364 1217 1396 ἐπίσκοπον,
1241 1363 1288 1390 τὸν
1311 1362 1350 1399 τῷ
1374 1362 1439 1398 θείῳ
1463 1362 1513 1388 καλ
1534 1361 1715 1396 εὐαγγελιστῇ
1736 1360 1849 1396 Ἰωάννῃ

1057 1410 1280 1445 συνακμάσαντα.
1295 1406 1379 1441 Οὗτος
1391 1409 1446 1445 γὰρ
1464 1409 1479 1435 ὁ
1491 1408 1623 1440 Παππίας
1636 1408 1664 1434 ὲν
1675 1406 1713 1442 τῷ
1726 1406 1848 1442 τετάρτῳ

1059 1461 1153 1498 βιϐλίῳ
1164 1461 1219 1488 τῶν
1230 1459 1378 1497 Κυριακῶν
1391 1459 1475 1487 αὐτοῦ
1489 1458 1645 1495 ἐξηγήσεων
1659 1458 1708 1490 τὰς
1724 1456 1768 1486 διὰ
1781 1457 1850 1492 βρω-

1059 1508 1152 1544 μάτων
1169 1505 1246 1534 εῐπεν
1260 1507 1288 1534 ὲν
1303 1507 1337 1542 τῇ
1360 1505 1509 1533 ἀναστάσει
1531 1504 1696 1536 ἀπολαύσεις
1707 1511 1714 1518 ·
1730 1504 1771 1534 εἰς
1781 1503 1849 1538 ὅπρ

1057 1553 1146 1589 δόγμα
1158 1553 1205 1580 καὶ
1230 1553 1245 1579 ὸ
1266 1551 1467 1587 ’Δπολλινάριος
1496 1550 1566 1586 μετὰ
1589 1549 1677 1577 ταῦτα
1688 1548 1842 1575 ἐπίστευσε.

1059 1599 1122 1631 Πῶς
1144 1598 1191 1625 οὖν
1211 1598 1414 1634 Ἀπολλιναρίου
1430 1596 1517 1624 ταῦτα
1537 1596 1572 1623 τὰ
1593 1596 1640 1622 τοῦ
1652 1596 1732 1630 ἁγίου
1755 1596 1848 1622 Διονυρ

1059 1645 1117 1671 σίου
1147 1644 1352 1679 συγγράμματα
1379 1643 1450 1670 κατὰ
1480 1641 1543 1674 τούς
1567 1650 1647 1668 τινων
1670 1640 1788 1676 λήρους,
1815 1639 1849 1667 τὰ

1058 1689 1222 1726 ἀναιροῦντα
1238 1688 1439 1724 Ἀπολλινάριον
1450 1696 1458 1721 ;
1472 1687 1546 1719 Ἀλλ’,
1553 1686 1605 1713 οὐκ
1615 1686 1647 1713 ἄν
1656 1695 1697 1718 τις
1705 1686 1758 1712 τῶν
1770 1684 1848 1721 ἱερῶν

1056 1735 1163 1771 ἀνδρῶν
1187 1735 1228 1767 εἰς
1248 1733 1375 1765 τοιαύτας
1395 1730 1509 1764 ἀτοπίας
1529 1731 1755 1766 ἀπενεχοήσεται·
1781 1728 1848 1756 ἀλλὰ

1058 1781 1241 1813 πιστεύοντες,
1255 1781 1295 1807 ὅτι
1310 1779 1440 1815 λήψονται
1452 1778 1502 1813 τὴν
1526 1777 1687 1813 Χριστοειδῆ
1712 1776 1800 1811 λῆξιν,
1816 1776 1848 1802 οὺ

1057 1828 1107 1863 τὴν
1121 1828 1167 1854 ἐπὶ
1193 1826 1306 1853 Θάνατον
1319 1825 1469 1856 δεδοικότες
1482 1823 1596 1860 τροπὴν,
1619 1823 1675 1849 ἀλλ’
1694 1819 1724 1849 εὖ
1751 1822 1848 1855 εἰδότες

1057 1873 1099 1900 ὅτι
1114 1873 1149 1900 τὰ
1173 1872 1307 1908 κτηθέντα
1316 1871 1387 1898 καλὰ
1403 1870 1518 1906 βεϐαίως
1532 1870 1649 1903 ἕξουσιν.
1667 1869 1698 1896 Οἱ
1716 1868 1744 1895 δὲ
1760 1869 1850 1904 ἁμαρ-

1055 1919 1148 1951 τωλοὶ,
1173 1918 1253 1953 εἰπερ
1270 1918 1323 1945 εἰσὶ
1338 1918 1385 1944 καὶ
1399 1917 1580 1953 μεμυημένοι,
1605 1915 1668 1942 ἐπεὶ
1698 1916 1766 1951 πρὸς
1791 1915 1851 1942 ἑπιρ-

1059 1966 1158 2001 ουμίας
1179 1965 1417 2001 ἀπηυτομὸλησαν,
1432 1964 1496 1990 ὃταν
1527 1962 1595 1998 πρὸς
1620 1962 1652 1988 τὸ
1664 1962 1740 1993 τέλος
1751 1961 1850 1996 ἔρχων-

1058 2021 1115 2044 ται,
1129 2011 1222 2038 οὺκέτι
1246 2011 1308 2037 τότε
1335 2009 1572 2045 εὐκαταφρόνητον
1601 2009 1646 2034 τὸν
1673 2007 1742 2034 θεῖον
1768 2007 1850 2042 νόμον

1058 2057 1209 2092 λογίζονται
1223 2057 1261 2088 ὡς
1279 2056 1328 2084 καὶ
1343 2056 1486 2092 πρότερον,
1500 2054 1557 2081 ἀλλ’
1570 2054 1675 2090 ἑτέροις
1700 2053 1849 2088 ὀφθαλμοῖς

1057 2106 1162 2140 νοεροῖς
1185 2104 1277 2130 λοιπὸν
1309 2103 1356 2130 καὶ¹
1366 2102 1400 2129 τὰ
1422 2103 1511 2129 ἐκεῖσε
1538 2101 1702 2132 σκοποῦσιν,
1729 2101 1849 2127 ἀποσκο-

1058 2150 1173 2181 ποῦντες
1187 2158 1190 2161 '
1206 2149 1241 2176 τὰ
1268 2150 1369 2181 ἐκεῖσε,
1394 2148 1441 2174 καὶ
1475 2144 1513 2174 ὧν
1532 2146 1738 2177 ὲκπεπτώκασι,
1763 2155 1851 2182 μακαν

1060 2197 1164 2232 ρίςουσι
1195 2196 1245 2232 μὲν
1278 2196 1341 2228 τοὺς
1370 2195 1482 2222 ἐκείνων
1516 2194 1687 2229 ἁψαμένους,
1723 2193 1850 2225 ἐλεεινῶς

215 2261 327 2285 rantes,
342 2259 369 2281 et
392 2254 489 2288 quibus
517 2254 595 2281 bonis
623 2239 777 2280 exciderint
800 2254 1005 2287 expendentes,

1058 2243 1086 2270 δὲ
1113 2243 1162 2278 τῆς
1191 2242 1332 2278 παρούσης
1367 2241 1441 2277 ζωῆς
1465 2240 1676 2276 ἁποσχίζονται,
1698 2240 1749 2266 οὐκ
1772 2239 1849 2275 ἕχον-

217 2299 314 2327 b.-atos
328 2299 436 2334 quidem
457 2300 667 2334 pratdicanteos
679 2299 724 2333 qui
751 2299 798 2325 illa
818 2298 908 2331 adepti
929 2302 1005 2330 sunt,

215 2346 309 2373 miseri
329 2351 419 2373 autem
441 2351 468 2374 et
491 2346 566 2374 inviti
585 2353 618 2372 ex
639 2346 689 2373 hac
704 2346 758 2372 vita
773 2346 924 2378 decedunt,
945 2352 1008 2380 pro-

213 2397 276 2427 pter
302 2392 384 2419 vitam
400 2400 476 2419 suam
491 2392 648 2427 pessimam,
671 2391 745 2418 nulla
762 2391 858 2419 salutis
873 2397 921 2426 spe
933 2390 1005 2417 fulti.

253 2438 267 2474 §
289 2438 332 2466 lll.
352 2438 418 2466 Cum
435 2440 461 2466 in
477 2443 633 2466 sanctorum
659 2437 910 2465 obdormitionibus
940 2437 1008 2464 nihil

215 2487 313 2514 borum
340 2486 456 2518 accidat,
473 2485 496 2512 is
510 2484 620 2520 quidem
637 2484 683 2519 qui
706 2484 740 2511 ad
769 2484 831 2511 vita:
845 2484 926 2510 linem
946 2490 1007 2518 pro-

215 2538 306 2569 perat,
322 2533 422 2568 gaudet
454 2539 484 2560 se
496 2532 530 2559 ad
558 2535 680 2559 sanctam
695 2530 930 2564 regenerationem
945 2536 1008 2565 per-

216 2580 327 2611 venire,
356 2579 479 2607 defuncti
501 2583 591 2606 autem
616 2577 774 2611 familiares,
792 2577 930 2612 spiritales
958 2584 1008 2611 po-

216 2629 271 2656 tius
288 2636 370 2663 quam
393 2627 518 2655 carnales
542 2627 606 2663 (hoc
617 2626 689 2653 enim
717 2629 760 2652 est
774 2624 894 2660 projure
908 2623 1008 2651 divinae

216 2674 438 2710 propinquitatis)
454 2674 564 2701 beatum
578 2673 665 2708 ipsum
678 2671 841 2706 praedicam,
853 2670 1006 2698 etsimilem

217 2722 298 2751 finem
323 2721 509 2750 beatissimum
532 2721 582 2756 ipsi
598 2727 706 2756 quoque
723 2719 852 2754 consequi
866 2721 1005 2752 exoptant.

216 2772 332 2801 Portant
347 2779 437 2801 autem
458 2773 546 2808 ipsum
576 2772 609 2799 ad
626 2772 793 2807 episcopum,
809 2769 887 2805 quasi
897 2769 1007 2798 coronis

218 2820 416 2848 nmnerandum
432 2828 439 2854 ;
458 2820 502 2848 hic
512 2825 586 2857 ‘veru
601 2819 691 2855 ipsum
716 2818 857 2853 excipiens
884 2817 908 2846 ei
932 2815 1007 2852 jusla

217 2866 358 2895 uersolvit.

1057 2298 1105 2329 τες
1140 2288 1237 2315 ἐλπίδα
1268 2288 1404 2324 σωτηρίας
1433 2287 1478 2314 διὰ
1501 2288 1549 2322 τὴν
1579 2286 1719 2322 χειρίστην
1750 2286 1851 2321 διαγω-

1055 2342 1121 2376 γήν.

1097 2436 1167 2472 §lll.
1183 2436 1293 2463 Τούτων
1316 2435 1423 2467 οὐδενὸς
1442 2434 1591 2470 γινομένων
1620 2433 1692 2460 κατὰ
1719 2431 1770 2464 τὰς
1794 2432 1849 2459 τῶν

1058 2481 1145 2516 ἁγίων
1158 2481 1263 2516 ἀνδρῶν
1282 2481 1437 2515 κοιμήσεις,
1456 2480 1537 2511 αὐτὸς
1553 2479 1602 2514 μὲν
1621 2479 1635 2504 ό
1657 2477 1726 2514 πρὸς
1749 2478 1780 2504 τὸ
1801 2478 1851 2504 πέ-

1060 2536 1110 2564 ρας
1131 2527 1287 2563 ἐρχόμενος,
1313 2525 1401 2561 χαίρει
1421 2525 1568 2551 ἐπιϐαίνων
1591 2524 1641 2559 τῆς
1660 2524 1735 2558 ἱερᾶς
1754 2523 1851 2557 παλιγ-

1058 2573 1194 2607 γενεσίας,
1221 2573 1247 2598 ol
1265 2572 1294 2598 δὲ
1321 2570 1369 2597 τοῦ
1383 2570 1561 2605 κοιμηθέντος
1585 2570 1691 2600 οἰκεῖοι,
1710 2569 1734 2595 of.
1765 2576 1848 2594 πνευ-

1060 2620 1171 2655 ματικοὶ
1185 2618 1284 2655 μᾶλλον
1297 2619 1370 2654 ἥπερ
1383 2618 1408 2644 οι
1422 2617 1493 2643 κατὰ
1509 2616 1597 2652 σάρκα
1609 2616 1698 2651 (τοῦτο
1722 2615 1778 2651 γάρ
1790 2615 1848 2642 ἐστι

1057 2667 1089 2694 τὸ
1112 2666 1183 2693 κατὰ
1206 2666 1256 2701 τὴν
1276 2664 1351 2692 θείαν
1372 2662 1545 2698 οίκειότητα)
1570 2661 1652 2688 αὐτόν
1676 2669 1706 2687 τε
1729 2660 1847 2696 μακαρί-

1059 2713 1134 2746 ζουσι
1147 2714 1193 2740 καὶ
1215 2711 1336 2739 τοιοῦτον
1357 2711 1524 2747 μακαριστὸν
1547 2708 1624 2741 τέλος
1656 2707 1780 2744 εὔχονται
1801 2707 1847 2734 καὶ

1058 2760 1136 2788 αὐτοὶ
1147 2758 1291 2794 λήψεσθαι.
1303 2757 1418 2792 ’Δγουσι
1428 2757 1460 2783 δὲ
1474 2756 1568 2784 τοῦτον
1580 2756 1627 2782 επὶ
1646 2755 1692 2781 τὸν
1705 2754 1846 2789 ίεράρχην,

1056 2808 1095 2840 ὡς
1108 2808 1155 2834 ἐπὶ
1177 2807 1253 2833 δόσιν
1267 2805 1406 2841 στεφάνων
1415 2812 1422 2819 ·
1435 2805 1450 2831 ό
1460 2803 1498 2836 δὲ,
1512 2802 1665 2838 δεχόμενος,
1678 2801 1784 2828 ἐκτελεῖ
1798 2800 1847 2828 ἐπὶ

1058 2853 1144 2889 τούτῳ
1161 2852 1195 2880 τὰ
1208 2853 1277 2881 ὅσια.
