  <div class='ocr_page' id='page_1' title='image "/cluster/home/n/w/nwhite01/storage/ocr_20150623/3/njp.32101077772356/354.png"; bbox 0 0 1929 3068; ppageno 0'>
   <div class='ocr_carea' id='block_1_1' title="bbox 119 187 174 215">
    <p class='ocr_par' dir='ltr' id='par_1_1' title="bbox 119 187 174 215">
     <span class='ocr_line' id='line_1_1' title="bbox 119 187 174 215; baseline 0.018 -1"><span class='ocrx_word' id='word_1_1' title='bbox 119 187 174 215; x_wconf 75' lang='lat'><strong>575</strong></span> 
     </span>
    </p>
   </div>
   <div class='ocr_carea' id='block_1_2' title="bbox 395 244 634 279">
    <p class='ocr_par' dir='ltr' id='par_1_2' title="bbox 395 244 634 279">
     <span class='ocr_line' id='line_1_2' title="bbox 395 244 634 279; baseline 0.008 -9"><span class='ocrx_word' id='word_1_2' title='bbox 395 244 428 270; x_wconf 93' lang='lat' dir='ltr'><strong>ll.</strong></span> <span class='ocrx_word' id='word_1_3' title='bbox 448 245 634 279; x_wconf 80' lang='grc' dir='ltr'>Μυστήριον.</span> 
     </span>
    </p>
   </div>
   <div class='ocr_carea' id='block_1_3' title="bbox 156 277 950 328">
    <p class='ocr_par' dir='ltr' id='par_1_3' title="bbox 156 277 950 328">
     <span class='ocr_line' id='line_1_3' title="bbox 156 277 950 328; baseline 0 -10"><span class='ocrx_word' id='word_1_4' title='bbox 156 291 320 326; x_wconf 73' lang='grc' dir='ltr'><strong>Συναγαγὼν</strong></span> <span class='ocrx_word' id='word_1_5' title='bbox 330 292 374 318; x_wconf 81' lang='grc' dir='ltr'><strong>τὸν</strong></span> <span class='ocrx_word' id='word_1_6' title='bbox 386 292 486 328; x_wconf 83' lang='grc' dir='ltr'>κλῆρον</span> <span class='ocrx_word' id='word_1_7' title='bbox 496 293 510 319; x_wconf 89' lang='grc' dir='ltr'><strong>ὁ</strong></span> <span class='ocrx_word' id='word_1_8' title='bbox 523 277 663 328; x_wconf 73' lang='grc' dir='ltr'>ἱεράρχης,</span> <span class='ocrx_word' id='word_1_9' title='bbox 675 293 698 320; x_wconf 82' lang='grc' dir='ltr'><strong>εί</strong></span> <span class='ocrx_word' id='word_1_10' title='bbox 710 292 758 328; x_wconf 84' lang='grc' dir='ltr'>μὲν</span> <span class='ocrx_word' id='word_1_11' title='bbox 769 292 824 320; x_wconf 86' lang='grc' dir='ltr'>τῶν</span> <span class='ocrx_word' id='word_1_12' title='bbox 835 293 911 328; x_wconf 87' lang='grc' dir='ltr'>ίερω-</span> <span class='ocrx_word' id='word_1_13' title='bbox 946 277 950 281; x_wconf 29' lang='grc' dir='ltr'>ι</span> 
     </span>
    </p>
   </div>
   <div class='ocr_carea' id='block_1_4' title="bbox 121 336 909 373">
    <p class='ocr_par' dir='ltr' id='par_1_4' title="bbox 121 336 909 373">
     <span class='ocr_line' id='line_1_4' title="bbox 121 336 909 373; baseline 0 -11"><span class='ocrx_word' id='word_1_14' title='bbox 121 336 212 372; x_wconf 81' lang='grc' dir='ltr'>μένων</span> <span class='ocrx_word' id='word_1_15' title='bbox 224 337 296 363; x_wconf 81' lang='grc' dir='ltr'>ἐστὶν</span> <span class='ocrx_word' id='word_1_16' title='bbox 314 337 328 362; x_wconf 86' lang='grc' dir='ltr'><strong>ό</strong></span> <span class='ocrx_word' id='word_1_17' title='bbox 349 336 567 372; x_wconf 84' lang='grc' dir='ltr'>κεκοιμημένος,</span> <span class='ocrx_word' id='word_1_18' title='bbox 587 337 753 373; x_wconf 81' lang='grc' dir='ltr'>ἐπίπροσθεν</span> <span class='ocrx_word' id='word_1_19' title='bbox 769 336 816 363; x_wconf 80' lang='grc' dir='ltr'>τοῦ</span> <span class='ocrx_word' id='word_1_20' title='bbox 836 336 909 363; x_wconf 82' lang='grc' dir='ltr'><strong>θείου</strong></span> 
     </span>
    </p>
   </div>
   <div class='ocr_carea' id='block_1_5' title="bbox 120 381 908 418">
    <p class='ocr_par' dir='ltr' id='par_1_5' title="bbox 120 381 908 418">
     <span class='ocr_line' id='line_1_5' title="bbox 120 381 908 418; baseline 0 -10"><span class='ocrx_word' id='word_1_21' title='bbox 120 381 311 418; x_wconf 77' lang='grc' dir='ltr'><strong>θυσιαστηρίου</strong></span> <span class='ocrx_word' id='word_1_22' title='bbox 324 382 499 415; x_wconf 82' lang='grc' dir='ltr'><strong>κατακλίνας,</strong></span> <span class='ocrx_word' id='word_1_23' title='bbox 513 382 567 410; x_wconf 84' lang='grc' dir='ltr'>τῶν</span> <span class='ocrx_word' id='word_1_24' title='bbox 579 382 666 418; x_wconf 80' lang='grc' dir='ltr'>εὐχῶν</span> <span class='ocrx_word' id='word_1_25' title='bbox 679 383 726 410; x_wconf 72' lang='grc' dir='ltr'>καὶ</span> <span class='ocrx_word' id='word_1_26' title='bbox 736 382 786 418; x_wconf 80' lang='grc' dir='ltr'><strong>τῆς</strong></span> <span class='ocrx_word' id='word_1_27' title='bbox 797 383 908 418; x_wconf 83' lang='grc' dir='ltr'>εὐχαρι-</span> 
     </span>
    </p>
   </div>
   <div class='ocr_carea' id='block_1_6' title="bbox 121 428 909 464">
    <p class='ocr_par' dir='ltr' id='par_1_6' title="bbox 121 428 909 464">
     <span class='ocr_line' id='line_1_6' title="bbox 121 428 909 464; baseline 0 -10"><span class='ocrx_word' id='word_1_28' title='bbox 121 428 199 459; x_wconf 77' lang='grc' dir='ltr'>στίας</span> <span class='ocrx_word' id='word_1_29' title='bbox 220 428 372 464; x_wconf 79' lang='grc' dir='ltr'>ἀπάρχεται</span> <span class='ocrx_word' id='word_1_30' title='bbox 382 437 388 443; x_wconf 91' lang='grc'><strong>·</strong></span> <span class='ocrx_word' id='word_1_31' title='bbox 403 428 491 464; x_wconf 81' lang='grc' dir='ltr'>εὐχῶν</span> <span class='ocrx_word' id='word_1_32' title='bbox 506 429 564 463; x_wconf 79' lang='grc' dir='ltr'>μὲν,</span> <span class='ocrx_word' id='word_1_33' title='bbox 578 429 649 464; x_wconf 84' lang='grc' dir='ltr'>ὑπὲρ</span> <span class='ocrx_word' id='word_1_34' title='bbox 662 428 716 454; x_wconf 86' lang='grc' dir='ltr'><strong>τῶν</strong></span> <span class='ocrx_word' id='word_1_35' title='bbox 729 429 909 464; x_wconf 82' lang='grc' dir='ltr'><strong>ἀγνοημάτων</strong></span> 
     </span>
    </p>
   </div>
   <div class='ocr_carea' id='block_1_7' title="bbox 119 471 908 510">
    <p class='ocr_par' dir='ltr' id='par_1_7' title="bbox 119 471 908 510">
     <span class='ocr_line' id='line_1_7' title="bbox 119 471 908 510; baseline 0 -10"><span class='ocrx_word' id='word_1_36' title='bbox 119 473 168 500; x_wconf 79' lang='grc' dir='ltr'>τοῦ</span> <span class='ocrx_word' id='word_1_37' title='bbox 182 473 380 509; x_wconf 69' lang='grc' dir='ltr'><strong>κεκοιμημένον.)</strong></span> <span class='ocrx_word' id='word_1_38' title='bbox 390 483 396 489; x_wconf 91' lang='grc'>·</span> <span class='ocrx_word' id='word_1_39' title='bbox 414 475 589 510; x_wconf 79' lang='grc' dir='ltr'><strong>εὐχαριστίας</strong></span> <span class='ocrx_word' id='word_1_40' title='bbox 602 474 630 501; x_wconf 77' lang='grc' dir='ltr'><strong>δὲ</strong></span> <span class='ocrx_word' id='word_1_41' title='bbox 639 494 647 506; x_wconf 86' lang='grc'><strong>,</strong></span> <span class='ocrx_word' id='word_1_42' title='bbox 660 474 730 509; x_wconf 82' lang='grc' dir='ltr'>ὑπὲρ</span> <span class='ocrx_word' id='word_1_43' title='bbox 741 471 778 501; x_wconf 84' lang='grc' dir='ltr'>ὧν</span> <span class='ocrx_word' id='word_1_44' title='bbox 789 474 908 509; x_wconf 71' lang='grc' dir='ltr'>ἤμϐλυνε</span> 
     </span>
    </p>
   </div>
   <div class='ocr_carea' id='block_1_8' title="bbox 118 519 910 555">
    <p class='ocr_par' dir='ltr' id='par_1_8' title="bbox 118 519 910 555">
     <span class='ocr_line' id='line_1_8' title="bbox 118 519 910 555; baseline 0.001 -11"><span class='ocrx_word' id='word_1_45' title='bbox 118 519 151 545; x_wconf 80' lang='grc' dir='ltr'><strong>τὺ</strong></span> <span class='ocrx_word' id='word_1_46' title='bbox 163 519 210 545; x_wconf 79' lang='grc' dir='ltr'>τοῦ</span> <span class='ocrx_word' id='word_1_47' title='bbox 223 519 336 546; x_wconf 82' lang='grc' dir='ltr'>θανάτου</span> <span class='ocrx_word' id='word_1_48' title='bbox 349 519 471 555; x_wconf 79' lang='grc' dir='ltr'><strong>κέντρον,</strong></span> <span class='ocrx_word' id='word_1_49' title='bbox 487 519 534 546; x_wconf 80' lang='grc' dir='ltr'>καὶ</span> <span class='ocrx_word' id='word_1_50' title='bbox 554 519 640 551; x_wconf 77' lang='grc' dir='ltr'>οὕτως</span> <span class='ocrx_word' id='word_1_51' title='bbox 651 519 770 554; x_wconf 73' lang='grc' dir='ltr'>ἠδυνήθη</span> <span class='ocrx_word' id='word_1_52' title='bbox 784 519 850 553; x_wconf 82' lang='grc' dir='ltr'>παρ’</span> <span class='ocrx_word' id='word_1_53' title='bbox 861 519 910 545; x_wconf 85' lang='grc' dir='ltr'>αύ-</span> 
     </span>
    </p>
   </div>
   <div class='ocr_carea' id='block_1_9' title="bbox 118 563 909 601">
    <p class='ocr_par' dir='ltr' id='par_1_9' title="bbox 118 563 909 601">
     <span class='ocr_line' id='line_1_9' title="bbox 118 563 909 601; baseline 0.001 -11"><span class='ocrx_word' id='word_1_54' title='bbox 118 563 167 590; x_wconf 81' lang='grc' dir='ltr'>τοῦ</span> <span class='ocrx_word' id='word_1_55' title='bbox 177 564 273 599; x_wconf 86' lang='grc' dir='ltr'>βοηθού</span> <span class='ocrx_word' id='word_1_56' title='bbox 278 573 356 599; x_wconf 91' lang='grc' dir='ltr'>μενος</span> <span class='ocrx_word' id='word_1_57' title='bbox 369 564 540 601; x_wconf 86' lang='grc' dir='ltr'>κατορθῶσαί</span> <span class='ocrx_word' id='word_1_58' title='bbox 551 573 620 591; x_wconf 87' lang='grc' dir='ltr'>τινα.</span> <span class='ocrx_word' id='word_1_59' title='bbox 630 565 661 590; x_wconf 80' lang='lat' dir='ltr'><strong>EE</strong></span> <span class='ocrx_word' id='word_1_60' title='bbox 672 564 700 591; x_wconf 76' lang='grc' dir='ltr'><strong>δὲ</strong></span> <span class='ocrx_word' id='word_1_61' title='bbox 712 564 827 600; x_wconf 87' lang='grc' dir='ltr'>μοναχός</span> <span class='ocrx_word' id='word_1_62' title='bbox 837 565 909 591; x_wconf 80' lang='grc' dir='ltr'>ἐστιν</span> 
     </span>
    </p>
   </div>
   <div class='ocr_carea' id='block_1_10' title="bbox 118 609 908 646">
    <p class='ocr_par' dir='ltr' id='par_1_10' title="bbox 118 609 908 646">
     <span class='ocr_line' id='line_1_10' title="bbox 118 609 908 646; baseline 0 -10"><span class='ocrx_word' id='word_1_63' title='bbox 118 610 137 646; x_wconf 85' lang='grc' dir='ltr'>ἦ</span> <span class='ocrx_word' id='word_1_64' title='bbox 152 610 245 641; x_wconf 83' lang='grc' dir='ltr'>πιστὸς</span> <span class='ocrx_word' id='word_1_65' title='bbox 257 611 287 636; x_wconf 78' lang='grc' dir='ltr'><strong>ἐκ</strong></span> <span class='ocrx_word' id='word_1_66' title='bbox 300 610 346 636; x_wconf 80' lang='grc' dir='ltr'>τοῦ</span> <span class='ocrx_word' id='word_1_67' title='bbox 361 609 434 645; x_wconf 81' lang='grc' dir='ltr'>ἱεροῦ</span> <span class='ocrx_word' id='word_1_68' title='bbox 445 610 510 637; x_wconf 83' lang='grc' dir='ltr'>λαοῦ</span> <span class='ocrx_word' id='word_1_69' title='bbox 520 630 527 642; x_wconf 86' lang='lat'><strong>,</strong></span> <span class='ocrx_word' id='word_1_70' title='bbox 541 610 617 646; x_wconf 77' lang='grc' dir='ltr'>παρὰ</span> <span class='ocrx_word' id='word_1_71' title='bbox 629 610 675 636; x_wconf 83' lang='grc' dir='ltr'>τὸν</span> <span class='ocrx_word' id='word_1_72' title='bbox 687 609 810 645; x_wconf 84' lang='grc' dir='ltr'>νάρθηκα</span> <span class='ocrx_word' id='word_1_73' title='bbox 821 618 908 636; x_wconf 90' lang='grc' dir='ltr'>κατα-</span> 
     </span>
    </p>
   </div>
   <div class='ocr_carea' id='block_1_11' title="bbox 119 654 910 692">
    <p class='ocr_par' dir='ltr' id='par_1_11' title="bbox 119 654 910 692">
     <span class='ocr_line' id='line_1_11' title="bbox 119 654 910 692; baseline -0.001 -10"><span class='ocrx_word' id='word_1_74' title='bbox 119 655 218 682; x_wconf 84' lang='grc' dir='ltr'><strong>κλίνει.</strong></span> <span class='ocrx_word' id='word_1_75' title='bbox 234 656 271 682; x_wconf 85' lang='grc' dir='ltr'><strong>Τὸ</strong></span> <span class='ocrx_word' id='word_1_76' title='bbox 281 656 310 682; x_wconf 83' lang='grc' dir='ltr'><strong>δὲ</strong></span> <span class='ocrx_word' id='word_1_77' title='bbox 323 656 379 690; x_wconf 83' lang='grc' dir='ltr'>πρὸ</span> <span class='ocrx_word' id='word_1_78' title='bbox 393 655 610 692; x_wconf 69' lang='grc' dir='ltr'>τῆςζίερατικῆς</span> <span class='ocrx_word' id='word_1_79' title='bbox 618 655 815 687; x_wconf 66' lang='grc' dir='ltr'>εὶσελὲύὶγεως</span> <span class='ocrx_word' id='word_1_80' title='bbox 835 654 910 691; x_wconf 88' lang='grc' dir='ltr'>δηλοῖ</span> 
     </span>
    </p>
   </div>
   <div class='ocr_carea' id='block_1_12' title="bbox 117 699 910 738">
    <p class='ocr_par' dir='ltr' id='par_1_12' title="bbox 117 699 910 738">
     <span class='ocr_line' id='line_1_12' title="bbox 117 699 910 738; baseline -0.001 -10"><span class='ocrx_word' id='word_1_81' title='bbox 117 702 161 729; x_wconf 83' lang='grc' dir='ltr'>ὅτι</span> <span class='ocrx_word' id='word_1_82' title='bbox 181 702 345 738; x_wconf 74' lang='grc' dir='ltr'>ἐπίπροσθεν</span> <span class='ocrx_word' id='word_1_83' title='bbox 355 702 409 728; x_wconf 83' lang='grc' dir='ltr'><strong>τῶν</strong></span> <span class='ocrx_word' id='word_1_84' title='bbox 430 702 582 737; x_wconf 74' lang='grc' dir='ltr'>ψαλλόντων</span> <span class='ocrx_word' id='word_1_85' title='bbox 595 702 696 736; x_wconf 79' lang='grc' dir='ltr'><strong>ὀφείλει</strong></span> <span class='ocrx_word' id='word_1_86' title='bbox 711 701 828 728; x_wconf 85' lang='grc' dir='ltr'>κεῖσθαι.</span> <span class='ocrx_word' id='word_1_87' title='bbox 842 699 910 728; x_wconf 76' lang='grc' dir='ltr'>Εἶτα.</span> 
     </span>
    </p>
   </div>
   <div class='ocr_carea' id='block_1_13' title="bbox 117 745 908 782">
    <p class='ocr_par' dir='ltr' id='par_1_13' title="bbox 117 745 908 782">
     <span class='ocr_line' id='line_1_13' title="bbox 117 745 908 782; baseline -0.001 -9"><span class='ocrx_word' id='word_1_88' title='bbox 117 747 133 773; x_wconf 82' lang='grc' dir='ltr'>ὁ</span> <span class='ocrx_word' id='word_1_89' title='bbox 154 747 204 781; x_wconf 74' lang='grc' dir='ltr'>μὲν</span> <span class='ocrx_word' id='word_1_90' title='bbox 224 747 354 782; x_wconf 80' lang='grc' dir='ltr'>ἱεράρχης</span> <span class='ocrx_word' id='word_1_91' title='bbox 366 747 411 774; x_wconf 84' lang='grc' dir='ltr'><strong>τὸν</strong></span> <span class='ocrx_word' id='word_1_92' title='bbox 433 746 578 781; x_wconf 82' lang='grc' dir='ltr'>εὐλογητὸν</span> <span class='ocrx_word' id='word_1_93' title='bbox 595 746 728 780; x_wconf 85' lang='grc' dir='ltr'>ἐκφωνεῖ,</span> <span class='ocrx_word' id='word_1_94' title='bbox 752 745 816 780; x_wconf 80' lang='grc' dir='ltr'><strong>ἑξῆς</strong></span> <span class='ocrx_word' id='word_1_95' title='bbox 836 745 864 772; x_wconf 79' lang='grc' dir='ltr'><strong>δὲ</strong></span> <span class='ocrx_word' id='word_1_96' title='bbox 884 747 908 772; x_wconf 89' lang='grc' dir='ltr'><strong>οί</strong></span> 
     </span>
    </p>
   </div>
   <div class='ocr_carea' id='block_1_14' title="bbox 117 791 909 827">
    <p class='ocr_par' dir='ltr' id='par_1_14' title="bbox 117 791 909 827">
     <span class='ocr_line' id='line_1_14' title="bbox 117 791 909 827; baseline -0.001 -9"><span class='ocrx_word' id='word_1_97' title='bbox 117 791 236 818; x_wconf 82' lang='grc' dir='ltr'>διάκονοι</span> <span class='ocrx_word' id='word_1_98' title='bbox 248 792 282 818; x_wconf 76' lang='grc' dir='ltr'><strong>τὰ</strong></span> <span class='ocrx_word' id='word_1_99' title='bbox 294 791 437 827; x_wconf 78' lang='grc' dir='ltr'>πρόσφορα</span> <span class='ocrx_word' id='word_1_100' title='bbox 457 791 537 827; x_wconf 86' lang='grc' dir='ltr'>ίερῶς</span> <span class='ocrx_word' id='word_1_101' title='bbox 556 791 664 827; x_wconf 67' lang='grc' dir='ltr'>ᾄδουσι·</span> <span class='ocrx_word' id='word_1_102' title='bbox 677 791 763 818; x_wconf 84' lang='grc' dir='ltr'>ταῦτα</span> <span class='ocrx_word' id='word_1_103' title='bbox 783 791 837 827; x_wconf 81' lang='grc' dir='ltr'><strong>γάρ</strong></span> <span class='ocrx_word' id='word_1_104' title='bbox 856 792 909 818; x_wconf 84' lang='grc' dir='ltr'>εισι</span> 
     </span>
    </p>
   </div>
   <div class='ocr_carea' id='block_1_15' title="bbox 115 836 909 872">
    <p class='ocr_par' dir='ltr' id='par_1_15' title="bbox 115 836 909 872">
     <span class='ocr_line' id='line_1_15' title="bbox 115 836 909 872; baseline 0 -9"><span class='ocrx_word' id='word_1_105' title='bbox 115 836 154 863; x_wconf 82' lang='grc' dir='ltr'><strong>τὰ</strong></span> <span class='ocrx_word' id='word_1_106' title='bbox 173 836 359 872; x_wconf 79' lang='grc' dir='ltr'>ταὺτοδύναμα</span> <span class='ocrx_word' id='word_1_107' title='bbox 377 837 424 864; x_wconf 71' lang='grc' dir='ltr'>καὶ</span> <span class='ocrx_word' id='word_1_108' title='bbox 442 836 559 872; x_wconf 84' lang='grc' dir='ltr'>ὁμόλογα</span> <span class='ocrx_word' id='word_1_109' title='bbox 571 857 578 870; x_wconf 94' lang='grc'><strong>,</strong></span> <span class='ocrx_word' id='word_1_110' title='bbox 591 836 710 872; x_wconf 81' lang='grc' dir='ltr'>δηλονότι</span> <span class='ocrx_word' id='word_1_111' title='bbox 722 836 758 863; x_wconf 74' lang='grc' dir='ltr'><strong>τὰ</strong></span> <span class='ocrx_word' id='word_1_112' title='bbox 774 837 831 868; x_wconf 86' lang='grc' dir='ltr'>τοῖς</span> <span class='ocrx_word' id='word_1_113' title='bbox 843 845 909 872; x_wconf 86' lang='grc' dir='ltr'>προ-</span> 
     </span>
    </p>
   </div>
   <div class='ocr_carea' id='block_1_16' title="bbox 117 883 907 919">
    <p class='ocr_par' dir='ltr' id='par_1_16' title="bbox 117 883 907 919">
     <span class='ocr_line' id='line_1_16' title="bbox 117 883 907 919; baseline -0.001 -9"><span class='ocrx_word' id='word_1_114' title='bbox 117 883 255 918; x_wconf 83' lang='grc' dir='ltr'><strong>κειμένοις</strong></span> <span class='ocrx_word' id='word_1_115' title='bbox 268 883 299 910; x_wconf 89' lang='grc' dir='ltr'><strong>σύ</strong></span> <span class='ocrx_word' id='word_1_116' title='bbox 304 892 410 919; x_wconf 87' lang='grc' dir='ltr'>μφωνα.</span> <span class='ocrx_word' id='word_1_117' title='bbox 424 883 492 910; x_wconf 82' lang='grc' dir='ltr'>Εἶτα</span> <span class='ocrx_word' id='word_1_118' title='bbox 503 884 517 910; x_wconf 86' lang='grc' dir='ltr'><strong>ό</strong></span> <span class='ocrx_word' id='word_1_119' title='bbox 528 883 716 919; x_wconf 82' lang='grc' dir='ltr'>ἀρχιδιὰκονος</span> <span class='ocrx_word' id='word_1_120' title='bbox 730 883 844 910; x_wconf 81' lang='grc' dir='ltr'>ἀπολύει</span> <span class='ocrx_word' id='word_1_121' title='bbox 858 883 907 918; x_wconf 79' lang='grc' dir='ltr'>μὲν</span> 
     </span>
    </p>
   </div>
   <div class='ocr_carea' id='block_1_17' title="bbox 114 928 908 965">
    <p class='ocr_par' dir='ltr' id='par_1_17' title="bbox 114 928 908 965">
     <span class='ocr_line' id='line_1_17' title="bbox 114 928 908 965; baseline 0 -9"><span class='ocrx_word' id='word_1_122' title='bbox 114 930 183 960; x_wconf 78' lang='grc' dir='ltr'>τοὺς</span> <span class='ocrx_word' id='word_1_123' title='bbox 194 929 423 965; x_wconf 81' lang='grc' dir='ltr'>κατηχουμένους,</span> <span class='ocrx_word' id='word_1_124' title='bbox 437 928 497 957; x_wconf 78' lang='grc' dir='ltr'>εἶτα</span> <span class='ocrx_word' id='word_1_125' title='bbox 508 929 688 965; x_wconf 82' lang='grc' dir='ltr'>ἀνακηρύττει</span> <span class='ocrx_word' id='word_1_126' title='bbox 705 929 740 956; x_wconf 86' lang='grc' dir='ltr'><strong>τὰ</strong></span> <span class='ocrx_word' id='word_1_127' title='bbox 757 928 812 956; x_wconf 83' lang='grc' dir='ltr'>τῶν</span> <span class='ocrx_word' id='word_1_128' title='bbox 823 929 908 963; x_wconf 82' lang='grc' dir='ltr'>ἁγίων</span> 
     </span>
    </p>
   </div>
   <div class='ocr_carea' id='block_1_18' title="bbox 115 971 908 1011">
    <p class='ocr_par' dir='ltr' id='par_1_18' title="bbox 115 971 908 1011">
     <span class='ocr_line' id='line_1_18' title="bbox 115 971 908 1011; baseline 0 -10"><span class='ocrx_word' id='word_1_129' title='bbox 115 975 223 1009; x_wconf 81' lang='grc' dir='ltr'>ἀνδρῶν</span> <span class='ocrx_word' id='word_1_130' title='bbox 235 975 282 1002; x_wconf 78' lang='grc' dir='ltr'>καὶ</span> <span class='ocrx_word' id='word_1_131' title='bbox 295 975 502 1011; x_wconf 81' lang='grc' dir='ltr'><strong>κεκοιμημένων</strong></span> <span class='ocrx_word' id='word_1_132' title='bbox 513 975 643 1011; x_wconf 84' lang='grc' dir='ltr'>ὀνόματα,</span> <span class='ocrx_word' id='word_1_133' title='bbox 658 974 717 1010; x_wconf 82' lang='grc' dir='ltr'>μεθ’</span> <span class='ocrx_word' id='word_1_134' title='bbox 729 971 766 1001; x_wconf 82' lang='grc' dir='ltr'>ὧν</span> <span class='ocrx_word' id='word_1_135' title='bbox 779 975 850 1008; x_wconf 81' lang='grc' dir='ltr'>ἀξιοῖ</span> <span class='ocrx_word' id='word_1_136' title='bbox 862 975 908 1002; x_wconf 78' lang='grc' dir='ltr'>τὸν</span> 
     </span>
    </p>
   </div>
   <div class='ocr_carea' id='block_1_19' title="bbox 116 1020 908 1057">
    <p class='ocr_par' dir='ltr' id='par_1_19' title="bbox 116 1020 908 1057">
     <span class='ocr_line' id='line_1_19' title="bbox 116 1020 908 1057; baseline 0 -11"><span class='ocrx_word' id='word_1_137' title='bbox 116 1020 299 1055; x_wconf 73' lang='grc' dir='ltr'>προκείμενον</span> <span class='ocrx_word' id='word_1_138' title='bbox 306 1021 355 1057; x_wconf 86' lang='grc' dir='ltr'>τῆς</span> <span class='ocrx_word' id='word_1_139' title='bbox 363 1021 539 1056; x_wconf 74' lang='grc' dir='ltr'>ἀναρρήσεως</span> <span class='ocrx_word' id='word_1_140' title='bbox 547 1020 659 1056; x_wconf 83' lang='grc' dir='ltr'><strong>ταύτης,</strong></span> <span class='ocrx_word' id='word_1_141' title='bbox 669 1020 717 1046; x_wconf 73' lang='grc' dir='ltr'>καὶ</span> <span class='ocrx_word' id='word_1_142' title='bbox 724 1021 908 1056; x_wconf 70' lang='grc' dir='ltr'>προτρέπεται</span> 
     </span>
    </p>
   </div>
   <div class='ocr_carea' id='block_1_20' title="bbox 117 1065 906 1104">
    <p class='ocr_par' dir='ltr' id='par_1_20' title="bbox 117 1065 906 1104">
     <span class='ocr_line' id='line_1_20' title="bbox 117 1065 906 1104; baseline 0.003 -12"><span class='ocrx_word' id='word_1_143' title='bbox 117 1066 225 1098; x_wconf 81' lang='grc' dir='ltr'>πάντας</span> <span class='ocrx_word' id='word_1_144' title='bbox 238 1067 309 1102; x_wconf 82' lang='grc' dir='ltr'>ὑπὲρ</span> <span class='ocrx_word' id='word_1_145' title='bbox 318 1066 400 1094; x_wconf 83' lang='grc' dir='ltr'>αὑτοῦ</span> <span class='ocrx_word' id='word_1_146' title='bbox 414 1067 522 1102; x_wconf 78' lang='grc' dir='ltr'>αἰτῆσαι</span> <span class='ocrx_word' id='word_1_147' title='bbox 534 1067 584 1103; x_wconf 86' lang='grc' dir='ltr'>τὴν</span> <span class='ocrx_word' id='word_1_148' title='bbox 594 1068 623 1095; x_wconf 86' lang='grc' dir='ltr'>ὲν</span> <span class='ocrx_word' id='word_1_149' title='bbox 635 1067 746 1104; x_wconf 78' lang='grc' dir='ltr'>Χριστῷ</span> <span class='ocrx_word' id='word_1_150' title='bbox 756 1065 906 1094; x_wconf 79' lang='grc' dir='ltr'>τελείωσιν.</span> 
     </span>
    </p>
   </div>
   <div class='ocr_carea' id='block_1_21' title="bbox 112 1111 909 1150">
    <p class='ocr_par' dir='ltr' id='par_1_21' title="bbox 112 1111 909 1150">
     <span class='ocr_line' id='line_1_21' title="bbox 112 1111 909 1150; baseline 0 -11"><span class='ocrx_word' id='word_1_151' title='bbox 112 1111 186 1139; x_wconf 82' lang='grc' dir='ltr'>Εἶτα</span> <span class='ocrx_word' id='word_1_152' title='bbox 199 1113 213 1140; x_wconf 91' lang='grc' dir='ltr'><strong>ό</strong></span> <span class='ocrx_word' id='word_1_153' title='bbox 227 1113 358 1148; x_wconf 83' lang='grc' dir='ltr'>ίεράρχης</span> <span class='ocrx_word' id='word_1_154' title='bbox 378 1112 461 1148; x_wconf 81' lang='grc' dir='ltr'>εὐχὴν</span> <span class='ocrx_word' id='word_1_155' title='bbox 475 1113 547 1150; x_wconf 79' lang='grc' dir='ltr'>ὑπὲρ</span> <span class='ocrx_word' id='word_1_156' title='bbox 560 1113 608 1140; x_wconf 84' lang='grc' dir='ltr'>τοῦ</span> <span class='ocrx_word' id='word_1_157' title='bbox 627 1113 829 1149; x_wconf 78' lang='grc' dir='ltr'>κεκοιμημένον</span> <span class='ocrx_word' id='word_1_158' title='bbox 850 1121 909 1139; x_wconf 86' lang='grc' dir='ltr'>ποι-</span> 
     </span>
    </p>
   </div>
   <div class='ocr_carea' id='block_1_22' title="bbox 116 1158 906 1195">
    <p class='ocr_par' dir='ltr' id='par_1_22' title="bbox 116 1158 906 1195">
     <span class='ocr_line' id='line_1_22' title="bbox 116 1158 906 1195; baseline 0 -10"><span class='ocrx_word' id='word_1_159' title='bbox 116 1160 198 1191; x_wconf 79' lang='grc' dir='ltr'>εἷται,</span> <span class='ocrx_word' id='word_1_160' title='bbox 210 1159 258 1186; x_wconf 75' lang='grc' dir='ltr'>καὶ</span> <span class='ocrx_word' id='word_1_161' title='bbox 273 1158 425 1191; x_wconf 78' lang='grc' dir='ltr'>ἀσπάζεται</span> <span class='ocrx_word' id='word_1_162' title='bbox 434 1158 538 1193; x_wconf 82' lang='grc' dir='ltr'>τοῦτον,</span> <span class='ocrx_word' id='word_1_163' title='bbox 555 1160 602 1187; x_wconf 82' lang='grc' dir='ltr'>καὶ</span> <span class='ocrx_word' id='word_1_164' title='bbox 617 1160 666 1187; x_wconf 86' lang='grc' dir='ltr'><strong>σὺν</strong></span> <span class='ocrx_word' id='word_1_165' title='bbox 680 1160 754 1195; x_wconf 84' lang='grc' dir='ltr'>αὐτῷ</span> <span class='ocrx_word' id='word_1_166' title='bbox 768 1161 792 1186; x_wconf 87' lang='grc' dir='ltr'>οἰ</span> <span class='ocrx_word' id='word_1_167' title='bbox 807 1159 906 1195; x_wconf 78' lang='grc' dir='ltr'>ἕτεροι.</span> 
     </span>
    </p>
   </div>
   <div class='ocr_carea' id='block_1_23' title="bbox 116 1203 908 1240">
    <p class='ocr_par' dir='ltr' id='par_1_23' title="bbox 116 1203 908 1240">
     <span class='ocr_line' id='line_1_23' title="bbox 116 1203 908 1240; baseline 0 -10"><span class='ocrx_word' id='word_1_168' title='bbox 116 1204 197 1231; x_wconf 77' lang='grc' dir='ltr'>Μετὰ</span> <span class='ocrx_word' id='word_1_169' title='bbox 207 1203 293 1230; x_wconf 83' lang='grc' dir='ltr'>ταῦτα</span> <span class='ocrx_word' id='word_1_170' title='bbox 308 1204 414 1240; x_wconf 82' lang='grc' dir='ltr'>ἐπιχέει</span> <span class='ocrx_word' id='word_1_171' title='bbox 428 1205 515 1240; x_wconf 87' lang='grc' dir='ltr'>τούτῳ</span> <span class='ocrx_word' id='word_1_172' title='bbox 531 1205 563 1231; x_wconf 76' lang='grc' dir='ltr'>τὸ</span> <span class='ocrx_word' id='word_1_173' title='bbox 577 1205 654 1240; x_wconf 73' lang='grc' dir='ltr'>ἅγιον</span> <span class='ocrx_word' id='word_1_174' title='bbox 668 1204 757 1232; x_wconf 79' lang='grc' dir='ltr'>ἔλαιον</span> <span class='ocrx_word' id='word_1_175' title='bbox 766 1224 774 1237; x_wconf 88' lang='grc'><strong>,</strong></span> <span class='ocrx_word' id='word_1_176' title='bbox 798 1205 847 1231; x_wconf 74' lang='grc' dir='ltr'>καὶ</span> <span class='ocrx_word' id='word_1_177' title='bbox 859 1204 908 1239; x_wconf 85' lang='grc' dir='ltr'>τὴν</span> 
     </span>
    </p>
   </div>
   <div class='ocr_carea' id='block_1_24' title="bbox 115 1249 908 1286">
    <p class='ocr_par' dir='ltr' id='par_1_24' title="bbox 115 1249 908 1286">
     <span class='ocr_line' id='line_1_24' title="bbox 115 1249 908 1286; baseline 0.001 -11"><span class='ocrx_word' id='word_1_178' title='bbox 115 1249 249 1276; x_wconf 83' lang='grc' dir='ltr'>ἀπόλυσιν</span> <span class='ocrx_word' id='word_1_179' title='bbox 259 1269 266 1281; x_wconf 90' lang='grc'><strong>,</strong></span> <span class='ocrx_word' id='word_1_180' title='bbox 279 1249 340 1284; x_wconf 82' lang='grc' dir='ltr'>ἣτις</span> <span class='ocrx_word' id='word_1_181' title='bbox 354 1249 465 1284; x_wconf 86' lang='grc' dir='ltr'>λέγεται</span> <span class='ocrx_word' id='word_1_182' title='bbox 478 1250 549 1286; x_wconf 83' lang='grc' dir='ltr'>ὑπὲρ</span> <span class='ocrx_word' id='word_1_183' title='bbox 570 1250 679 1278; x_wconf 81' lang='grc' dir='ltr'>πάντων</span> <span class='ocrx_word' id='word_1_184' title='bbox 695 1250 771 1286; x_wconf 76' lang='grc' dir='ltr'>εὐχὴ,</span> <span class='ocrx_word' id='word_1_185' title='bbox 795 1249 908 1286; x_wconf 79' lang='grc' dir='ltr'>ποιησά-</span> 
     </span>
    </p>
   </div>
   <div class='ocr_carea' id='block_1_25' title="bbox 117 1295 907 1332">
    <p class='ocr_par' dir='ltr' id='par_1_25' title="bbox 117 1295 907 1332">
     <span class='ocr_line' id='line_1_25' title="bbox 117 1295 907 1332; baseline 0.001 -11"><span class='ocrx_word' id='word_1_186' title='bbox 117 1303 211 1330; x_wconf 80' lang='grc' dir='ltr'>μενος,</span> <span class='ocrx_word' id='word_1_187' title='bbox 223 1295 369 1330; x_wconf 85' lang='grc' dir='ltr'>ἀποτίθησι</span> <span class='ocrx_word' id='word_1_188' title='bbox 382 1296 413 1322; x_wconf 84' lang='grc' dir='ltr'><strong>τὺ</strong></span> <span class='ocrx_word' id='word_1_189' title='bbox 429 1296 508 1332; x_wconf 84' lang='grc' dir='ltr'>σῶμα</span> <span class='ocrx_word' id='word_1_190' title='bbox 521 1297 549 1323; x_wconf 87' lang='grc' dir='ltr'><strong>ἐν</strong></span> <span class='ocrx_word' id='word_1_191' title='bbox 561 1296 628 1332; x_wconf 74' lang='grc' dir='ltr'>οἴκῳ</span> <span class='ocrx_word' id='word_1_192' title='bbox 638 1296 721 1332; x_wconf 83' lang='grc' dir='ltr'>τιμίῳ</span> <span class='ocrx_word' id='word_1_193' title='bbox 733 1295 792 1332; x_wconf 82' lang='grc' dir='ltr'>μεθ’</span> <span class='ocrx_word' id='word_1_194' title='bbox 806 1295 907 1332; x_wconf 78' lang='grc' dir='ltr'>ἑτέρων</span> 
     </span>
    </p>
   </div>
   <div class='ocr_carea' id='block_1_26' title="bbox 114 1341 516 1379">
    <p class='ocr_par' dir='ltr' id='par_1_26' title="bbox 114 1341 516 1379">
     <span class='ocr_line' id='line_1_26' title="bbox 114 1341 516 1379; baseline 0 -10"><span class='ocrx_word' id='word_1_195' title='bbox 114 1341 261 1377; x_wconf 73' lang='grc' dir='ltr'>ὁμοταγῶν</span> <span class='ocrx_word' id='word_1_196' title='bbox 274 1342 358 1378; x_wconf 73' lang='grc' dir='ltr'>ἱερῶν</span> <span class='ocrx_word' id='word_1_197' title='bbox 372 1343 516 1379; x_wconf 82' lang='grc' dir='ltr'>σωμάτων.</span> 
     </span>
    </p>
   </div>
   <div class='ocr_carea' id='block_1_27' title="bbox 419 1433 609 1468">
    <p class='ocr_par' dir='ltr' id='par_1_27' title="bbox 419 1433 609 1468">
     <span class='ocr_line' id='line_1_27' title="bbox 419 1433 609 1468; baseline 0 -8"><span class='ocrx_word' id='word_1_198' title='bbox 419 1433 466 1461; x_wconf 86' lang='lat' dir='ltr'><strong>Ill.</strong></span> <span class='ocrx_word' id='word_1_199' title='bbox 488 1433 609 1468; x_wconf 84' lang='grc' dir='ltr'>Θεωρία.</span> 
     </span>
    </p>
   </div>
   <div class='ocr_carea' id='block_1_28' title="bbox 159 1477 908 1516">
    <p class='ocr_par' dir='ltr' id='par_1_28' title="bbox 159 1477 908 1516">
     <span class='ocr_line' id='line_1_28' title="bbox 159 1477 908 1516; baseline 0.003 -11"><span class='ocrx_word' id='word_1_200' title='bbox 159 1477 204 1514; x_wconf 61' lang='grc' dir='ltr'><strong>ξι.</strong></span> <span class='ocrx_word' id='word_1_201' title='bbox 215 1477 309 1505; x_wconf 82' lang='grc' dir='ltr'>Ταῦτα</span> <span class='ocrx_word' id='word_1_202' title='bbox 326 1477 376 1514; x_wconf 75' lang='grc' dir='ltr'>μὲν</span> <span class='ocrx_word' id='word_1_203' title='bbox 392 1477 473 1515; x_wconf 74' lang='grc' dir='ltr'>εἴπερ</span> <span class='ocrx_word' id='word_1_204' title='bbox 487 1478 568 1506; x_wconf 77' lang='grc' dir='ltr'>ἴδοιεν</span> <span class='ocrx_word' id='word_1_205' title='bbox 582 1479 599 1515; x_wconf 75' lang='grc' dir='ltr'><strong>ἢ</strong></span> <span class='ocrx_word' id='word_1_206' title='bbox 611 1479 756 1507; x_wconf 77' lang='grc' dir='ltr'>ἀκούσαιεν</span> <span class='ocrx_word' id='word_1_207' title='bbox 767 1480 793 1507; x_wconf 78' lang='grc' dir='ltr'>οἱ</span> <span class='ocrx_word' id='word_1_208' title='bbox 808 1479 908 1516; x_wconf 88' lang='grc' dir='ltr'>Ἔλλη-</span> 
     </span>
    </p>
   </div>
   <div class='ocr_carea' id='block_1_29' title="bbox 116 1523 907 1561">
    <p class='ocr_par' dir='ltr' id='par_1_29' title="bbox 116 1523 907 1561">
     <span class='ocr_line' id='line_1_29' title="bbox 116 1523 907 1561; baseline 0.003 -11"><span class='ocrx_word' id='word_1_209' title='bbox 116 1532 164 1556; x_wconf 85' lang='grc' dir='ltr'><strong>νες</strong></span> <span class='ocrx_word' id='word_1_210' title='bbox 177 1523 326 1560; x_wconf 82' lang='grc' dir='ltr'>τελούμενα</span> <span class='ocrx_word' id='word_1_211' title='bbox 339 1524 404 1560; x_wconf 86' lang='grc' dir='ltr'>παρ’</span> <span class='ocrx_word' id='word_1_212' title='bbox 416 1524 510 1560; x_wconf 81' lang='grc' dir='ltr'>ἡμῶν,</span> <span class='ocrx_word' id='word_1_213' title='bbox 527 1525 614 1552; x_wconf 81' lang='grc' dir='ltr'>πλατὺ</span> <span class='ocrx_word' id='word_1_214' title='bbox 632 1525 792 1560; x_wconf 87' lang='grc' dir='ltr'>γελάσουσιν</span> <span class='ocrx_word' id='word_1_215' title='bbox 803 1534 810 1541; x_wconf 93' lang='grc'><strong>·</strong></span> <span class='ocrx_word' id='word_1_216' title='bbox 826 1526 907 1561; x_wconf 80' lang='grc' dir='ltr'>ἡμεῖς</span> 
     </span>
    </p>
   </div>
   <div class='ocr_carea' id='block_1_30' title="bbox 114 1569 942 1622">
    <p class='ocr_par' dir='ltr' id='par_1_30' title="bbox 114 1569 942 1622">
     <span class='ocr_line' id='line_1_30' title="bbox 114 1569 942 1622; baseline 0.002 -27"><span class='ocrx_word' id='word_1_217' title='bbox 114 1569 157 1622; x_wconf 53' lang='lat' dir='ltr'><strong>se,</strong></span> <span class='ocrx_word' id='word_1_218' title='bbox 172 1569 219 1622; x_wconf 68' lang='grc' dir='ltr'>τὸν</span> <span class='ocrx_word' id='word_1_219' title='bbox 230 1569 397 1620; x_wconf 49' lang='grc' dir='ltr'>Ϋωταγωγδν</span> <span class='ocrx_word' id='word_1_220' title='bbox 415 1569 518 1604; x_wconf 81' lang='grc' dir='ltr'>Ἰησοῦν</span> <span class='ocrx_word' id='word_1_221' title='bbox 533 1570 760 1606; x_wconf 71' lang='grc' dir='ltr'>ἐπικαλεσάμενοι</span> <span class='ocrx_word' id='word_1_222' title='bbox 781 1570 906 1606; x_wconf 85' lang='grc' dir='ltr'>λέγομεν,</span> <span class='ocrx_word' id='word_1_223' title='bbox 920 1592 942 1622; x_wconf 77' lang='lat' dir='ltr'><strong><em>C</em></strong></span> 
     </span>
    </p>
   </div>
   <div class='ocr_carea' id='block_1_31' title="bbox 113 1613 907 1650">
    <p class='ocr_par' dir='ltr' id='par_1_31' title="bbox 113 1613 907 1650">
     <span class='ocr_line' id='line_1_31' title="bbox 113 1613 907 1650; baseline 0.003 -10"><span class='ocrx_word' id='word_1_224' title='bbox 113 1613 160 1640; x_wconf 71' lang='grc' dir='ltr'>ὅτι</span> <span class='ocrx_word' id='word_1_225' title='bbox 174 1613 264 1646; x_wconf 84' lang='grc' dir='ltr'>καλῶς</span> <span class='ocrx_word' id='word_1_226' title='bbox 277 1615 292 1640; x_wconf 86' lang='grc' dir='ltr'><strong>ό</strong></span> <span class='ocrx_word' id='word_1_227' title='bbox 303 1615 435 1650; x_wconf 85' lang='grc' dir='ltr'>ιεράρχης</span> <span class='ocrx_word' id='word_1_228' title='bbox 452 1615 500 1641; x_wconf 79' lang='grc' dir='ltr'>ἐπὶ</span> <span class='ocrx_word' id='word_1_229' title='bbox 513 1615 559 1641; x_wconf 80' lang='grc' dir='ltr'>τὸν</span> <span class='ocrx_word' id='word_1_230' title='bbox 574 1614 648 1648; x_wconf 75' lang='grc' dir='ltr'>ἄξιον</span> <span class='ocrx_word' id='word_1_231' title='bbox 662 1615 744 1642; x_wconf 82' lang='grc' dir='ltr'>τόπον</span> <span class='ocrx_word' id='word_1_232' title='bbox 755 1615 802 1642; x_wconf 80' lang='grc' dir='ltr'><strong>τὸν</strong></span> <span class='ocrx_word' id='word_1_233' title='bbox 813 1623 907 1642; x_wconf 79' lang='grc' dir='ltr'>κεκοι-</span> 
     </span>
    </p>
   </div>
   <div class='ocr_carea' id='block_1_32' title="bbox 112 1658 906 1696">
    <p class='ocr_par' dir='ltr' id='par_1_32' title="bbox 112 1658 906 1696">
     <span class='ocr_line' id='line_1_32' title="bbox 112 1658 906 1696; baseline 0.004 -11"><span class='ocrx_word' id='word_1_234' title='bbox 112 1658 240 1694; x_wconf 80' lang='grc' dir='ltr'>μημένον</span> <span class='ocrx_word' id='word_1_235' title='bbox 261 1659 417 1695; x_wconf 80' lang='grc' dir='ltr'>ἐπιτίθησι,</span> <span class='ocrx_word' id='word_1_236' title='bbox 432 1659 552 1695; x_wconf 87' lang='grc' dir='ltr'>δηλονότι</span> <span class='ocrx_word' id='word_1_237' title='bbox 568 1660 614 1687; x_wconf 89' lang='grc' dir='ltr'>τὸν</span> <span class='ocrx_word' id='word_1_238' title='bbox 630 1661 680 1696; x_wconf 84' lang='grc' dir='ltr'>μὲν</span> <span class='ocrx_word' id='word_1_239' title='bbox 699 1661 846 1696; x_wconf 78' lang='grc' dir='ltr'>ἱερωμένον</span> <span class='ocrx_word' id='word_1_240' title='bbox 858 1661 906 1689; x_wconf 80' lang='grc' dir='ltr'><strong>τοῦ</strong></span> 
     </span>
    </p>
   </div>
   <div class='ocr_carea' id='block_1_33' title="bbox 117 1705 909 1742">
    <p class='ocr_par' dir='ltr' id='par_1_33' title="bbox 117 1705 909 1742">
     <span class='ocr_line' id='line_1_33' title="bbox 117 1705 909 1742; baseline 0.003 -10"><span class='ocrx_word' id='word_1_241' title='bbox 117 1705 313 1741; x_wconf 84' lang='grc' dir='ltr'>θυσιαστηρίου</span> <span class='ocrx_word' id='word_1_242' title='bbox 327 1705 508 1741; x_wconf 82' lang='grc' dir='ltr'>ἐπίπροσθεν,</span> <span class='ocrx_word' id='word_1_243' title='bbox 524 1705 569 1732; x_wconf 77' lang='grc' dir='ltr'><strong>τὸν</strong></span> <span class='ocrx_word' id='word_1_244' title='bbox 588 1706 617 1733; x_wconf 86' lang='grc' dir='ltr'><strong>δὲ</strong></span> <span class='ocrx_word' id='word_1_245' title='bbox 633 1707 746 1742; x_wconf 80' lang='grc' dir='ltr'>μοναχὸν</span> <span class='ocrx_word' id='word_1_246' title='bbox 760 1706 776 1742; x_wconf 84' lang='grc' dir='ltr'>ἢ</span> <span class='ocrx_word' id='word_1_247' title='bbox 791 1707 836 1734; x_wconf 82' lang='grc' dir='ltr'>τὸν</span> <span class='ocrx_word' id='word_1_248' title='bbox 849 1707 909 1734; x_wconf 80' lang='grc' dir='ltr'>λαῖ-</span> 
     </span>
    </p>
   </div>
   <div class='ocr_carea' id='block_1_34' title="bbox 114 1749 907 1787">
    <p class='ocr_par' dir='ltr' id='par_1_34' title="bbox 114 1749 907 1787">
     <span class='ocr_line' id='line_1_34' title="bbox 114 1749 907 1787; baseline 0.003 -11"><span class='ocrx_word' id='word_1_249' title='bbox 114 1750 166 1777; x_wconf 80' lang='grc' dir='ltr'>κδν</span> <span class='ocrx_word' id='word_1_250' title='bbox 185 1751 215 1776; x_wconf 83' lang='grc' dir='ltr'>ὲν</span> <span class='ocrx_word' id='word_1_251' title='bbox 227 1749 266 1785; x_wconf 85' lang='grc' dir='ltr'>τῷ</span> <span class='ocrx_word' id='word_1_252' title='bbox 280 1751 416 1786; x_wconf 86' lang='grc' dir='ltr'>ἰερατείῳ.</span> <span class='ocrx_word' id='word_1_253' title='bbox 438 1751 581 1786; x_wconf 85' lang='grc' dir='ltr'>Ἐμφαίνει</span> <span class='ocrx_word' id='word_1_254' title='bbox 593 1751 648 1787; x_wconf 87' lang='grc' dir='ltr'><strong>γὰρ</strong></span> <span class='ocrx_word' id='word_1_255' title='bbox 666 1752 707 1778; x_wconf 81' lang='grc' dir='ltr'>ὅτι</span> <span class='ocrx_word' id='word_1_256' title='bbox 720 1752 790 1778; x_wconf 80' lang='grc' dir='ltr'>κατὰ</span> <span class='ocrx_word' id='word_1_257' title='bbox 801 1752 847 1779; x_wconf 82' lang='grc' dir='ltr'>τὸν</span> <span class='ocrx_word' id='word_1_258' title='bbox 861 1752 907 1779; x_wconf 79' lang='grc' dir='ltr'><strong>ὲν·-</strong></span> 
     </span>
    </p>
   </div>
   <div class='ocr_carea' id='block_1_35' title="bbox 116 1794 908 1833">
    <p class='ocr_par' dir='ltr' id='par_1_35' title="bbox 116 1794 908 1833">
     <span class='ocr_line' id='line_1_35' title="bbox 116 1794 908 1833; baseline 0.005 -12"><span class='ocrx_word' id='word_1_259' title='bbox 116 1795 205 1822; x_wconf 83' lang='grc' dir='ltr'>ταῦθα</span> <span class='ocrx_word' id='word_1_260' title='bbox 225 1795 283 1830; x_wconf 87' lang='grc' dir='ltr'>βίον</span> <span class='ocrx_word' id='word_1_261' title='bbox 303 1794 351 1823; x_wconf 75' lang='grc' dir='ltr'>καὶ</span> <span class='ocrx_word' id='word_1_262' title='bbox 371 1796 407 1823; x_wconf 84' lang='grc' dir='ltr'><strong>τὰ</strong></span> <span class='ocrx_word' id='word_1_263' title='bbox 430 1797 554 1833; x_wconf 83' lang='grc' dir='ltr'>πρακτέα</span> <span class='ocrx_word' id='word_1_264' title='bbox 571 1798 588 1832; x_wconf 81' lang='grc' dir='ltr'>ἡ</span> <span class='ocrx_word' id='word_1_265' title='bbox 605 1797 695 1824; x_wconf 86' lang='grc' dir='ltr'>ἐκεῖσε</span> <span class='ocrx_word' id='word_1_266' title='bbox 717 1797 823 1832; x_wconf 90' lang='grc' dir='ltr'>γίνεται</span> <span class='ocrx_word' id='word_1_267' title='bbox 839 1798 908 1825; x_wconf 81' lang='grc' dir='ltr'>ἀπο-</span> 
     </span>
    </p>
   </div>
   <div class='ocr_carea' id='block_1_36' title="bbox 117 1839 906 1878">
    <p class='ocr_par' dir='ltr' id='par_1_36' title="bbox 117 1839 906 1878">
     <span class='ocr_line' id='line_1_36' title="bbox 117 1839 906 1878; baseline 0.008 -13"><span class='ocrx_word' id='word_1_268' title='bbox 117 1839 256 1875; x_wconf 81' lang='grc' dir='ltr'>κλήρωσις</span> <span class='ocrx_word' id='word_1_269' title='bbox 267 1849 274 1856; x_wconf 92' lang='grc'>·</span> <span class='ocrx_word' id='word_1_270' title='bbox 297 1842 321 1868; x_wconf 86' lang='grc' dir='ltr'><strong>εί</strong></span> <span class='ocrx_word' id='word_1_271' title='bbox 337 1841 388 1876; x_wconf 82' lang='grc' dir='ltr'>μὲν</span> <span class='ocrx_word' id='word_1_272' title='bbox 406 1841 522 1868; x_wconf 81' lang='grc' dir='ltr'>ἐνταῦθα</span> <span class='ocrx_word' id='word_1_273' title='bbox 536 1842 656 1878; x_wconf 80' lang='grc' dir='ltr'>θεοειδής</span> <span class='ocrx_word' id='word_1_274' title='bbox 674 1851 717 1875; x_wconf 84' lang='grc' dir='ltr'><strong>τις</strong></span> <span class='ocrx_word' id='word_1_275' title='bbox 731 1844 838 1878; x_wconf 81' lang='grc' dir='ltr'>ἐγένετο</span> <span class='ocrx_word' id='word_1_276' title='bbox 849 1864 857 1878; x_wconf 86' lang='grc'><strong>,</strong></span> <span class='ocrx_word' id='word_1_277' title='bbox 876 1845 906 1872; x_wconf 86' lang='grc' dir='ltr'><strong>ἐν</strong></span> 
     </span>
    </p>
   </div>
   <div class='ocr_carea' id='block_1_37' title="bbox 117 1886 906 1927">
    <p class='ocr_par' dir='ltr' id='par_1_37' title="bbox 117 1886 906 1927">
     <span class='ocr_line' id='line_1_37' title="bbox 117 1886 906 1927; baseline 0.008 -15"><span class='ocrx_word' id='word_1_278' title='bbox 117 1886 205 1918; x_wconf 86' lang='grc' dir='ltr'>θείαις</span> <span class='ocrx_word' id='word_1_279' title='bbox 219 1887 267 1913; x_wconf 77' lang='grc' dir='ltr'>καὶ</span> <span class='ocrx_word' id='word_1_280' title='bbox 285 1887 356 1914; x_wconf 83' lang='grc' dir='ltr'>κατὰ</span> <span class='ocrx_word' id='word_1_281' title='bbox 373 1887 406 1913; x_wconf 86' lang='grc' dir='ltr'>τὸ</span> <span class='ocrx_word' id='word_1_282' title='bbox 425 1887 520 1923; x_wconf 81' lang='grc' dir='ltr'>μέλλον</span> <span class='ocrx_word' id='word_1_283' title='bbox 539 1887 663 1924; x_wconf 81' lang='grc' dir='ltr'>λήξεσιν·</span> <span class='ocrx_word' id='word_1_284' title='bbox 678 1890 702 1916; x_wconf 89' lang='grc' dir='ltr'><strong>εί</strong></span> <span class='ocrx_word' id='word_1_285' title='bbox 717 1889 746 1915; x_wconf 75' lang='grc' dir='ltr'><strong>δὲ</strong></span> <span class='ocrx_word' id='word_1_286' title='bbox 765 1890 906 1927; x_wconf 83' lang='grc' dir='ltr'>καθυφῆκε</span> 
     </span>
    </p>
   </div>
   <div class='ocr_carea' id='block_1_38' title="bbox 118 1933 907 1973">
    <p class='ocr_par' dir='ltr' id='par_1_38' title="bbox 118 1933 907 1973">
     <span class='ocr_line' id='line_1_38' title="bbox 118 1933 907 1973; baseline 0.008 -14"><span class='ocrx_word' id='word_1_287' title='bbox 118 1933 168 1968; x_wconf 87' lang='grc' dir='ltr'>τῆς</span> <span class='ocrx_word' id='word_1_288' title='bbox 183 1933 325 1968; x_wconf 78' lang='grc' dir='ltr'>ἀκριϐείας</span> <span class='ocrx_word' id='word_1_289' title='bbox 339 1933 456 1960; x_wconf 82' lang='grc' dir='ltr'>ἐνταῦθα</span> <span class='ocrx_word' id='word_1_290' title='bbox 467 1953 476 1967; x_wconf 78' lang='lat'><strong>,</strong></span> <span class='ocrx_word' id='word_1_291' title='bbox 494 1934 555 1960; x_wconf 83' lang='grc' dir='ltr'>κατ’</span> <span class='ocrx_word' id='word_1_292' title='bbox 570 1934 647 1967; x_wconf 81' lang='grc' dir='ltr'>ἀξίαν</span> <span class='ocrx_word' id='word_1_293' title='bbox 667 1936 779 1963; x_wconf 85' lang='grc' dir='ltr'>κάκεῖσε</span> <span class='ocrx_word' id='word_1_294' title='bbox 793 1937 907 1973; x_wconf 77' lang='grc' dir='ltr'>λήψεται</span> 
     </span>
    </p>
   </div>
   <div class='ocr_carea' id='block_1_39' title="bbox 117 1979 908 2019">
    <p class='ocr_par' dir='ltr' id='par_1_39' title="bbox 117 1979 908 2019">
     <span class='ocr_line' id='line_1_39' title="bbox 117 1979 908 2019; baseline 0.006 -14"><span class='ocrx_word' id='word_1_295' title='bbox 117 1979 168 2010; x_wconf 77' lang='grc' dir='ltr'><strong>τὰς</strong></span> <span class='ocrx_word' id='word_1_296' title='bbox 178 1979 392 2014; x_wconf 81' lang='grc' dir='ltr'>ἁποκληρώσεις.</span> <span class='ocrx_word' id='word_1_297' title='bbox 410 1980 573 2016; x_wconf 78' lang='grc' dir='ltr'>Εὑχαριστεῖ</span> <span class='ocrx_word' id='word_1_298' title='bbox 586 1981 675 2008; x_wconf 83' lang='grc' dir='ltr'>τοίνυν</span> <span class='ocrx_word' id='word_1_299' title='bbox 691 1982 705 2008; x_wconf 90' lang='grc' dir='ltr'><strong>ό</strong></span> <span class='ocrx_word' id='word_1_300' title='bbox 719 1983 849 2019; x_wconf 80' lang='grc' dir='ltr'>ίεράρχης</span> <span class='ocrx_word' id='word_1_301' title='bbox 860 1984 908 2010; x_wconf 77' lang='grc' dir='ltr'>καὶ</span> 
     </span>
    </p>
   </div>
   <div class='ocr_carea' id='block_1_40' title="bbox 120 2025 907 2062">
    <p class='ocr_par' dir='ltr' id='par_1_40' title="bbox 120 2025 907 2062">
     <span class='ocr_line' id='line_1_40' title="bbox 120 2025 907 2062; baseline 0.006 -11"><span class='ocrx_word' id='word_1_302' title='bbox 120 2025 190 2060; x_wconf 74' lang='grc' dir='ltr'>ὖπὲρ</span> <span class='ocrx_word' id='word_1_303' title='bbox 204 2025 253 2060; x_wconf 84' lang='grc' dir='ltr'>τῆς</span> <span class='ocrx_word' id='word_1_304' title='bbox 267 2026 392 2060; x_wconf 86' lang='grc' dir='ltr'>τοιαύτης</span> <span class='ocrx_word' id='word_1_305' title='bbox 404 2025 576 2062; x_wconf 85' lang='grc' dir='ltr'>δικαιοσύνης</span> <span class='ocrx_word' id='word_1_306' title='bbox 586 2047 593 2060; x_wconf 93' lang='lat'><strong>,</strong></span> <span class='ocrx_word' id='word_1_307' title='bbox 616 2026 684 2054; x_wconf 82' lang='grc' dir='ltr'>ἀλλὰ</span> <span class='ocrx_word' id='word_1_308' title='bbox 702 2028 749 2054; x_wconf 74' lang='grc' dir='ltr'>καὶ</span> <span class='ocrx_word' id='word_1_309' title='bbox 771 2029 813 2055; x_wconf 80' lang='grc' dir='ltr'>ὅτι</span> <span class='ocrx_word' id='word_1_310' title='bbox 828 2038 907 2056; x_wconf 87' lang='grc' dir='ltr'>κατε-</span> 
     </span>
    </p>
   </div>
   <div class='ocr_carea' id='block_1_41' title="bbox 117 2070 912 2107">
    <p class='ocr_par' dir='ltr' id='par_1_41' title="bbox 117 2070 912 2107">
     <span class='ocr_line' id='line_1_41' title="bbox 117 2070 912 2107; baseline 0.006 -11"><span class='ocrx_word' id='word_1_311' title='bbox 117 2070 185 2105; x_wconf 85' lang='grc' dir='ltr'>λύθη</span> <span class='ocrx_word' id='word_1_312' title='bbox 196 2071 227 2096; x_wconf 74' lang='grc' dir='ltr'>τὸ</span> <span class='ocrx_word' id='word_1_313' title='bbox 237 2070 283 2096; x_wconf 78' lang='grc' dir='ltr'>τοῦ</span> <span class='ocrx_word' id='word_1_314' title='bbox 297 2071 429 2106; x_wconf 78' lang='grc' dir='ltr'>τυράννου</span> <span class='ocrx_word' id='word_1_315' title='bbox 440 2072 550 2107; x_wconf 74' lang='grc' dir='ltr'>κράτος,</span> <span class='ocrx_word' id='word_1_316' title='bbox 567 2073 617 2098; x_wconf 80' lang='grc' dir='ltr'>καὶ</span> <span class='ocrx_word' id='word_1_317' title='bbox 630 2074 644 2099; x_wconf 85' lang='grc' dir='ltr'><strong>ό</strong></span> <span class='ocrx_word' id='word_1_318' title='bbox 658 2072 771 2106; x_wconf 76' lang='grc' dir='ltr'>θάνατος</span> <span class='ocrx_word' id='word_1_319' title='bbox 786 2074 836 2100; x_wconf 83' lang='grc' dir='ltr'>οὐκ</span> <span class='ocrx_word' id='word_1_320' title='bbox 848 2074 912 2104; x_wconf 80' lang='grc' dir='ltr'>ἐστι,</span> 
     </span>
    </p>
   </div>
   <div class='ocr_carea' id='block_1_42' title="bbox 117 2115 420 2153">
    <p class='ocr_par' dir='ltr' id='par_1_42' title="bbox 117 2115 420 2153">
     <span class='ocr_line' id='line_1_42' title="bbox 117 2115 420 2153; baseline 0.007 -11"><span class='ocrx_word' id='word_1_321' title='bbox 117 2115 232 2147; x_wconf 83' lang='grc' dir='ltr'>θάνατος</span> <span class='ocrx_word' id='word_1_322' title='bbox 243 2136 252 2148; x_wconf 82' lang='grc'><strong>,</strong></span> <span class='ocrx_word' id='word_1_323' title='bbox 270 2115 339 2143; x_wconf 78' lang='grc' dir='ltr'>ἀλλὰ</span> <span class='ocrx_word' id='word_1_324' title='bbox 353 2115 420 2153; x_wconf 82' lang='grc' dir='ltr'><strong>ζωή.</strong></span> 
     </span>
    </p>
   </div>
   <div class='ocr_carea' id='block_1_43' title="bbox 154 2159 906 2200">
    <p class='ocr_par' dir='ltr' id='par_1_43' title="bbox 154 2159 906 2200">
     <span class='ocr_line' id='line_1_43' title="bbox 154 2159 906 2200; baseline 0.011 -15"><span class='ocrx_word' id='word_1_325' title='bbox 154 2159 217 2195; x_wconf 76' lang='lat' dir='ltr'><strong>§ll.</strong></span> <span class='ocrx_word' id='word_1_326' title='bbox 236 2160 269 2186; x_wconf 78' lang='grc' dir='ltr'>Δί</span> <span class='ocrx_word' id='word_1_327' title='bbox 290 2159 318 2186; x_wconf 81' lang='grc' dir='ltr'><strong>δὲ</strong></span> <span class='ocrx_word' id='word_1_328' title='bbox 339 2160 406 2196; x_wconf 75' lang='grc' dir='ltr'><strong>ᾠδαὶ</strong></span> <span class='ocrx_word' id='word_1_329' title='bbox 429 2160 476 2187; x_wconf 81' lang='grc' dir='ltr'>καὶ</span> <span class='ocrx_word' id='word_1_330' title='bbox 497 2162 526 2188; x_wconf 79' lang='grc' dir='ltr'>αι</span> <span class='ocrx_word' id='word_1_331' title='bbox 549 2162 716 2197; x_wconf 81' lang='grc' dir='ltr'>ἀναγνώσεις</span> <span class='ocrx_word' id='word_1_332' title='bbox 743 2164 906 2200; x_wconf 78' lang='grc' dir='ltr'>ἐκφαντικαί</span> 
     </span>
    </p>
   </div>
   <div class='ocr_carea' id='block_1_44' title="bbox 117 2205 905 2246">
    <p class='ocr_par' dir='ltr' id='par_1_44' title="bbox 117 2205 905 2246">
     <span class='ocr_line' id='line_1_44' title="bbox 117 2205 905 2246; baseline 0.01 -15"><span class='ocrx_word' id='word_1_333' title='bbox 117 2205 172 2231; x_wconf 85' lang='grc' dir='ltr'>εισι</span> <span class='ocrx_word' id='word_1_334' title='bbox 184 2205 238 2232; x_wconf 84' lang='grc' dir='ltr'>τῶν</span> <span class='ocrx_word' id='word_1_335' title='bbox 255 2206 345 2232; x_wconf 86' lang='grc' dir='ltr'>ἐκεῖσε</span> <span class='ocrx_word' id='word_1_336' title='bbox 361 2207 477 2234; x_wconf 79' lang='grc' dir='ltr'>αἰωνίων</span> <span class='ocrx_word' id='word_1_337' title='bbox 489 2208 586 2242; x_wconf 88' lang='grc' dir='ltr'>μονῶν,</span> <span class='ocrx_word' id='word_1_338' title='bbox 602 2209 779 2237; x_wconf 77' lang='grc' dir='ltr'>ἀποδεκτικαὶ</span> <span class='ocrx_word' id='word_1_339' title='bbox 795 2211 843 2246; x_wconf 84' lang='grc' dir='ltr'>μὲν</span> <span class='ocrx_word' id='word_1_340' title='bbox 857 2211 905 2239; x_wconf 79' lang='grc' dir='ltr'><strong>τοῦ</strong></span> 
     </span>
    </p>
   </div>
   <div class='ocr_carea' id='block_1_45' title="bbox 391 183 1478 220">
    <p class='ocr_par' dir='ltr' id='par_1_45' title="bbox 391 183 1478 220">
     <span class='ocr_line' id='line_1_45' title="bbox 391 183 1478 220; baseline -0.001 -7"><span class='ocrx_word' id='word_1_341' title='bbox 391 183 436 214; x_wconf 87' lang='lat' dir='ltr'><strong>DE</strong></span> <span class='ocrx_word' id='word_1_342' title='bbox 452 185 594 214; x_wconf 87' lang='lat' dir='ltr'><strong>ECCLES.</strong></span> <span class='ocrx_word' id='word_1_343' title='bbox 613 185 812 220; x_wconf 79' lang='lat' dir='ltr'><strong>HIERARCII.,</strong></span> <span class='ocrx_word' id='word_1_344' title='bbox 829 187 908 215; x_wconf 81' lang='lat' dir='ltr'><strong>CAP.</strong></span> <span class='ocrx_word' id='word_1_345' title='bbox 930 185 988 214; x_wconf 82' lang='lat' dir='ltr'><strong>Vli.</strong></span> <span class='ocrx_word' id='word_1_346' title='bbox 1004 201 1038 206; x_wconf 91' lang='lat'><strong>—-</strong></span> <span class='ocrx_word' id='word_1_347' title='bbox 1049 184 1226 213; x_wconf 72' lang='lat' dir='ltr'><strong>PARAPHIL</strong></span> <span class='ocrx_word' id='word_1_348' title='bbox 1243 184 1478 213; x_wconf 67' lang='lat' dir='ltr'><strong>PACHYMERAS.</strong></span> 
     </span>
    </p>
   </div>
   <div class='ocr_carea' id='block_1_46' title="bbox 1695 184 1749 213">
    <p class='ocr_par' dir='ltr' id='par_1_46' title="bbox 1695 184 1749 213">
     <span class='ocr_line' id='line_1_46' title="bbox 1695 184 1749 213; baseline 0 0"><span class='ocrx_word' id='word_1_349' title='bbox 1695 184 1749 213; x_wconf 74' lang='lat' dir='ltr'><strong>5H-</strong></span> 
     </span>
    </p>
   </div>
   <div class='ocr_carea' id='block_1_47' title="bbox 1191 242 1516 278">
    <p class='ocr_par' dir='ltr' id='par_1_47' title="bbox 1191 242 1516 278">
     <span class='ocr_line' id='line_1_47' title="bbox 1191 242 1516 278; baseline -0.006 -5"><span class='ocrx_word' id='word_1_350' title='bbox 1191 243 1273 278; x_wconf 78' lang='lat'><strong>275</strong></span> <span class='ocrx_word' id='word_1_351' title='bbox 1296 243 1328 270; x_wconf 91' lang='lat' dir='ltr'><strong>ll.</strong></span> <span class='ocrx_word' id='word_1_352' title='bbox 1349 242 1516 278; x_wconf 72' lang='lat' dir='ltr'><strong>Mysterium.</strong></span> 
     </span>
    </p>
   </div>
   <div class='ocr_carea' id='block_1_48' title="bbox 997 289 1749 326">
    <p class='ocr_par' dir='ltr' id='par_1_48' title="bbox 997 289 1749 326">
     <span class='ocr_line' id='line_1_48' title="bbox 997 289 1749 326; baseline 0 -8"><span class='ocrx_word' id='word_1_353' title='bbox 997 291 1145 326; x_wconf 62' lang='lat' dir='ltr'><strong>Episcopus</strong></span> <span class='ocrx_word' id='word_1_354' title='bbox 1161 291 1265 318; x_wconf 88' lang='lat' dir='ltr'><strong>clerum</strong></span> <span class='ocrx_word' id='word_1_355' title='bbox 1280 297 1462 325; x_wconf 72' lang='lat' dir='ltr'><strong>congregans,</strong></span> <span class='ocrx_word' id='word_1_356' title='bbox 1472 289 1606 324; x_wconf 85' lang='lat' dir='ltr'><strong>siquidem</strong></span> <span class='ocrx_word' id='word_1_357' title='bbox 1620 290 1647 318; x_wconf 93' lang='lat' dir='ltr'><strong>in</strong></span> <span class='ocrx_word' id='word_1_358' title='bbox 1660 292 1749 318; x_wconf 83' lang='lat' dir='ltr'><strong>sacris</strong></span> 
     </span>
    </p>
   </div>
   <div class='ocr_carea' id='block_1_49' title="bbox 960 335 1747 370">
    <p class='ocr_par' dir='ltr' id='par_1_49' title="bbox 960 335 1747 370">
     <span class='ocr_line' id='line_1_49' title="bbox 960 335 1747 370; baseline 0.001 -7"><span class='ocrx_word' id='word_1_359' title='bbox 960 335 1051 363; x_wconf 78' lang='lat' dir='ltr'><strong>fuerat</strong></span> <span class='ocrx_word' id='word_1_360' title='bbox 1072 336 1120 369; x_wconf 97' lang='lat' dir='ltr'><strong>qui</strong></span> <span class='ocrx_word' id='word_1_361' title='bbox 1141 336 1326 368; x_wconf 69' lang='lat' dir='ltr'><strong>obdormivit,</strong></span> <span class='ocrx_word' id='word_1_362' title='bbox 1345 339 1407 362; x_wconf 86' lang='lat' dir='ltr'><strong>ante</strong></span> <span class='ocrx_word' id='word_1_363' title='bbox 1419 335 1541 362; x_wconf 85' lang='lat' dir='ltr'><strong>divinum</strong></span> <span class='ocrx_word' id='word_1_364' title='bbox 1557 335 1644 363; x_wconf 87' lang='lat' dir='ltr'><strong>altare</strong></span> <span class='ocrx_word' id='word_1_365' title='bbox 1659 336 1747 370; x_wconf 90' lang='lat' dir='ltr'><strong>ipsum</strong></span> 
     </span>
    </p>
   </div>
   <div class='ocr_carea' id='block_1_50' title="bbox 960 382 1745 416">
    <p class='ocr_par' dir='ltr' id='par_1_50' title="bbox 960 382 1745 416">
     <span class='ocr_line' id='line_1_50' title="bbox 960 382 1745 416; baseline 0 -6"><span class='ocrx_word' id='word_1_366' title='bbox 960 383 1107 414; x_wconf 80' lang='lat' dir='ltr'><strong>inclinans,</strong></span> <span class='ocrx_word' id='word_1_367' title='bbox 1126 383 1186 409; x_wconf 83' lang='lat' dir='ltr'><strong>iniit</strong></span> <span class='ocrx_word' id='word_1_368' title='bbox 1199 382 1369 416; x_wconf 81' lang='lat' dir='ltr'><strong>precationes</strong></span> <span class='ocrx_word' id='word_1_369' title='bbox 1382 386 1411 409; x_wconf 86' lang='lat' dir='ltr'><strong>et</strong></span> <span class='ocrx_word' id='word_1_370' title='bbox 1423 382 1574 416; x_wconf 73' lang='lat' dir='ltr'><strong>gratiarum</strong></span> <span class='ocrx_word' id='word_1_371' title='bbox 1590 382 1726 412; x_wconf 83' lang='lat' dir='ltr'><strong>actionem</strong></span> <span class='ocrx_word' id='word_1_372' title='bbox 1738 392 1745 409; x_wconf 89' lang='lat'>:</span> 
     </span>
    </p>
   </div>
   <div class='ocr_carea' id='block_1_51' title="bbox 959 425 1747 462">
    <p class='ocr_par' dir='ltr' id='par_1_51' title="bbox 959 425 1747 462">
     <span class='ocr_line' id='line_1_51' title="bbox 959 425 1747 462; baseline -0.004 -7"><span class='ocrx_word' id='word_1_373' title='bbox 959 435 1054 462; x_wconf 82' lang='lat' dir='ltr'><strong>preces</strong></span> <span class='ocrx_word' id='word_1_374' title='bbox 1072 428 1199 462; x_wconf 91' lang='lat' dir='ltr'><strong>quidem,</strong></span> <span class='ocrx_word' id='word_1_375' title='bbox 1219 434 1302 461; x_wconf 86' lang='lat' dir='ltr'><strong>super</strong></span> <span class='ocrx_word' id='word_1_376' title='bbox 1324 426 1492 461; x_wconf 76' lang='lat' dir='ltr'><strong>ignorantias</strong></span> <span class='ocrx_word' id='word_1_377' title='bbox 1516 425 1658 458; x_wconf 80' lang='lat' dir='ltr'><strong>defuncti;</strong></span> <span class='ocrx_word' id='word_1_378' title='bbox 1685 434 1747 461; x_wconf 67' lang='lat' dir='ltr'><strong>gra-</strong></span> 
     </span>
    </p>
   </div>
   <div class='ocr_carea' id='block_1_52' title="bbox 958 472 1747 507">
    <p class='ocr_par' dir='ltr' id='par_1_52' title="bbox 958 472 1747 507">
     <span class='ocr_line' id='line_1_52' title="bbox 958 472 1747 507; baseline -0.004 -6"><span class='ocrx_word' id='word_1_379' title='bbox 958 473 1058 501; x_wconf 84' lang='lat' dir='ltr'><strong>tiarum</strong></span> <span class='ocrx_word' id='word_1_380' title='bbox 1073 481 1139 501; x_wconf 91' lang='lat' dir='ltr'><strong>vero</strong></span> <span class='ocrx_word' id='word_1_381' title='bbox 1152 474 1287 500; x_wconf 82' lang='lat' dir='ltr'><strong>actionem</strong></span> <span class='ocrx_word' id='word_1_382' title='bbox 1298 493 1306 505; x_wconf 93' lang='lat'><strong>,</strong></span> <span class='ocrx_word' id='word_1_383' title='bbox 1321 473 1385 507; x_wconf 84' lang='lat' dir='ltr'><strong>quia</strong></span> <span class='ocrx_word' id='word_1_384' title='bbox 1411 472 1571 507; x_wconf 76' lang='lat' dir='ltr'><strong>(Christus)</strong></span> <span class='ocrx_word' id='word_1_385' title='bbox 1586 473 1683 499; x_wconf 87' lang='lat' dir='ltr'><strong>mortis</strong></span> <span class='ocrx_word' id='word_1_386' title='bbox 1695 472 1747 499; x_wconf 87' lang='lat' dir='ltr'><strong>sti-</strong></span> 
     </span>
    </p>
   </div>
   <div class='ocr_carea' id='block_1_53' title="bbox 958 517 1746 554">
    <p class='ocr_par' dir='ltr' id='par_1_53' title="bbox 958 517 1746 554">
     <span class='ocr_line' id='line_1_53' title="bbox 958 517 1746 554; baseline -0.004 -6"><span class='ocrx_word' id='word_1_387' title='bbox 958 520 1062 548; x_wconf 88' lang='lat' dir='ltr'><strong>mulum</strong></span> <span class='ocrx_word' id='word_1_388' title='bbox 1079 519 1229 552; x_wconf 84' lang='lat' dir='ltr'><strong>hebetavit,</strong></span> <span class='ocrx_word' id='word_1_389' title='bbox 1246 524 1328 554; x_wconf 87' lang='lat' dir='ltr'><strong>atque</strong></span> <span class='ocrx_word' id='word_1_390' title='bbox 1345 519 1383 545; x_wconf 88' lang='lat' dir='ltr'><strong>ita</strong></span> <span class='ocrx_word' id='word_1_391' title='bbox 1396 519 1457 553; x_wconf 84' lang='lat' dir='ltr'><strong>ejus</strong></span> <span class='ocrx_word' id='word_1_392' title='bbox 1468 518 1571 546; x_wconf 76' lang='lat' dir='ltr'><strong>auxilio</strong></span> <span class='ocrx_word' id='word_1_393' title='bbox 1584 519 1672 546; x_wconf 78' lang='lat' dir='ltr'><strong>fretus</strong></span> <span class='ocrx_word' id='word_1_394' title='bbox 1683 517 1746 545; x_wconf 87' lang='lat' dir='ltr'><strong>boni</strong></span> 
     </span>
    </p>
   </div>
   <div class='ocr_carea' id='block_1_54' title="bbox 958 564 1745 600">
    <p class='ocr_par' dir='ltr' id='par_1_54' title="bbox 958 564 1745 600">
     <span class='ocr_line' id='line_1_54' title="bbox 958 564 1745 600; baseline -0.001 -9"><span class='ocrx_word' id='word_1_395' title='bbox 958 565 1096 600; x_wconf 82' lang='lat' dir='ltr'><strong>quidpiam</strong></span> <span class='ocrx_word' id='word_1_396' title='bbox 1117 572 1198 599; x_wconf 78' lang='lat' dir='ltr'><strong>agere</strong></span> <span class='ocrx_word' id='word_1_397' title='bbox 1225 564 1324 599; x_wconf 87' lang='lat' dir='ltr'><strong>potuit.</strong></span> <span class='ocrx_word' id='word_1_398' title='bbox 1348 564 1396 591; x_wconf 84' lang='lat' dir='ltr'><strong>Sin</strong></span> <span class='ocrx_word' id='word_1_399' title='bbox 1427 568 1516 590; x_wconf 88' lang='lat' dir='ltr'><strong>autem</strong></span> <span class='ocrx_word' id='word_1_400' title='bbox 1549 564 1653 590; x_wconf 77' lang='lat' dir='ltr'><strong>sanctis</strong></span> <span class='ocrx_word' id='word_1_401' title='bbox 1687 570 1745 590; x_wconf 87' lang='lat' dir='ltr'><strong>mo-</strong></span> 
     </span>
    </p>
   </div>
   <div class='ocr_carea' id='block_1_55' title="bbox 959 609 1745 645">
    <p class='ocr_par' dir='ltr' id='par_1_55' title="bbox 959 609 1745 645">
     <span class='ocr_line' id='line_1_55' title="bbox 959 609 1745 645; baseline -0.004 -6"><span class='ocrx_word' id='word_1_402' title='bbox 959 612 1057 639; x_wconf 88' lang='lat' dir='ltr'><strong>nachis</strong></span> <span class='ocrx_word' id='word_1_403' title='bbox 1071 616 1203 638; x_wconf 86' lang='lat' dir='ltr'><strong>sanctove</strong></span> <span class='ocrx_word' id='word_1_404' title='bbox 1222 610 1320 645; x_wconf 89' lang='lat' dir='ltr'><strong>populo</strong></span> <span class='ocrx_word' id='word_1_405' title='bbox 1335 614 1499 645; x_wconf 77' lang='lat' dir='ltr'><strong>aggregatus</strong></span> <span class='ocrx_word' id='word_1_406' title='bbox 1513 613 1592 641; x_wconf 84' lang='lat' dir='ltr'><strong>erat,</strong></span> <span class='ocrx_word' id='word_1_407' title='bbox 1604 609 1681 644; x_wconf 76' lang='lat' dir='ltr'><strong>juxta</strong></span> <span class='ocrx_word' id='word_1_408' title='bbox 1701 617 1745 636; x_wconf 83' lang='lat' dir='ltr'><strong>sa-</strong></span> 
     </span>
    </p>
   </div>
   <div class='ocr_carea' id='block_1_56' title="bbox 959 654 1738 685">
    <p class='ocr_par' dir='ltr' id='par_1_56' title="bbox 959 654 1738 685">
     <span class='ocr_line' id='line_1_56' title="bbox 959 654 1738 685; baseline -0.003 -1"><span class='ocrx_word' id='word_1_409' title='bbox 959 657 1079 684; x_wconf 86' lang='lat' dir='ltr'><strong>crarium</strong></span> <span class='ocrx_word' id='word_1_410' title='bbox 1104 655 1231 684; x_wconf 82' lang='lat' dir='ltr'><strong>collocat.</strong></span> <span class='ocrx_word' id='word_1_411' title='bbox 1247 655 1314 682; x_wconf 89' lang='lat' dir='ltr'><strong>Illud</strong></span> <span class='ocrx_word' id='word_1_412' title='bbox 1332 659 1436 685; x_wconf 83' lang='lat' dir='ltr'><strong>autem,</strong></span> <span class='ocrx_word' id='word_1_413' title='bbox 1468 655 1504 680; x_wconf 83' lang='lat' dir='ltr'><strong>ad</strong></span> <span class='ocrx_word' id='word_1_414' title='bbox 1517 654 1683 682; x_wconf 77' lang='lat' dir='ltr'><strong>sacerdotum</strong></span> <span class='ocrx_word' id='word_1_415' title='bbox 1695 656 1738 682; x_wconf 82' lang='lat' dir='ltr'><strong>in-</strong></span> 
     </span>
    </p>
   </div>
   <div class='ocr_carea' id='block_1_57' title="bbox 961 699 1745 737">
    <p class='ocr_par' dir='ltr' id='par_1_57' title="bbox 961 699 1745 737">
     <span class='ocr_line' id='line_1_57' title="bbox 961 699 1745 737; baseline 0 -9"><span class='ocrx_word' id='word_1_416' title='bbox 961 710 1090 736; x_wconf 79' lang='lat' dir='ltr'><strong>gressum,</strong></span> <span class='ocrx_word' id='word_1_417' title='bbox 1108 700 1246 737; x_wconf 78' lang='lat' dir='ltr'><strong>signiﬁcat</strong></span> <span class='ocrx_word' id='word_1_418' title='bbox 1260 701 1334 728; x_wconf 91' lang='lat' dir='ltr'><strong>illum</strong></span> <span class='ocrx_word' id='word_1_419' title='bbox 1351 708 1444 728; x_wconf 86' lang='lat' dir='ltr'><strong>coram</strong></span> <span class='ocrx_word' id='word_1_420' title='bbox 1458 699 1637 735; x_wconf 85' lang='lat' dir='ltr'><strong>psallentibus</strong></span> <span class='ocrx_word' id='word_1_421' title='bbox 1653 700 1745 734; x_wconf 82' lang='lat' dir='ltr'><strong>jacere</strong></span> 
     </span>
    </p>
   </div>
   <div class='ocr_carea' id='block_1_58' title="bbox 959 745 1744 779">
    <p class='ocr_par' dir='ltr' id='par_1_58' title="bbox 959 745 1744 779">
     <span class='ocr_line' id='line_1_58' title="bbox 959 745 1744 779; baseline -0.003 -5"><span class='ocrx_word' id='word_1_422' title='bbox 959 747 1069 774; x_wconf 89' lang='lat' dir='ltr'><strong>debere.</strong></span> <span class='ocrx_word' id='word_1_423' title='bbox 1087 746 1188 774; x_wconf 59' lang='lat' dir='ltr'><strong>Praesul</strong></span> <span class='ocrx_word' id='word_1_424' title='bbox 1211 747 1311 774; x_wconf 87' lang='lat' dir='ltr'><strong>deinde</strong></span> <span class='ocrx_word' id='word_1_425' title='bbox 1337 745 1551 773; x_wconf 80' lang='lat' dir='ltr'><strong>benedictionem</strong></span> <span class='ocrx_word' id='word_1_426' title='bbox 1574 745 1744 779; x_wconf 82' lang='lat' dir='ltr'><strong>pronuntiat,</strong></span> 
     </span>
    </p>
   </div>
   <div class='ocr_carea' id='block_1_59' title="bbox 959 791 1745 828">
    <p class='ocr_par' dir='ltr' id='par_1_59' title="bbox 959 791 1745 828">
     <span class='ocr_line' id='line_1_59' title="bbox 959 791 1745 828; baseline -0.003 -8"><span class='ocrx_word' id='word_1_427' title='bbox 959 793 1085 828; x_wconf 84' lang='lat' dir='ltr'><strong>deinceps</strong></span> <span class='ocrx_word' id='word_1_428' title='bbox 1102 800 1168 820; x_wconf 91' lang='lat' dir='ltr'><strong>vero</strong></span> <span class='ocrx_word' id='word_1_429' title='bbox 1185 792 1293 819; x_wconf 88' lang='lat' dir='ltr'><strong>diaconi</strong></span> <span class='ocrx_word' id='word_1_430' title='bbox 1317 798 1350 819; x_wconf 89' lang='lat' dir='ltr'><strong>ea</strong></span> <span class='ocrx_word' id='word_1_431' title='bbox 1376 798 1437 826; x_wconf 67' lang='lat' dir='ltr'><strong>qua:</strong></span> <span class='ocrx_word' id='word_1_432' title='bbox 1459 791 1626 818; x_wconf 86' lang='lat' dir='ltr'><strong>conveniunt</strong></span> <span class='ocrx_word' id='word_1_433' title='bbox 1650 795 1745 818; x_wconf 84' lang='lat' dir='ltr'><strong>sancte</strong></span> 
     </span>
    </p>
   </div>
   <div class='ocr_carea' id='block_1_60' title="bbox 957 837 1744 873">
    <p class='ocr_par' dir='ltr' id='par_1_60' title="bbox 957 837 1744 873">
     <span class='ocr_line' id='line_1_60' title="bbox 957 837 1744 873; baseline -0.004 -6"><span class='ocrx_word' id='word_1_434' title='bbox 957 841 1122 868; x_wconf 84' lang='lat' dir='ltr'><strong>concinunt:</strong></span> <span class='ocrx_word' id='word_1_435' title='bbox 1134 840 1178 867; x_wconf 90' lang='lat' dir='ltr'><strong>illa</strong></span> <span class='ocrx_word' id='word_1_436' title='bbox 1189 839 1263 867; x_wconf 86' lang='lat' dir='ltr'><strong>enim</strong></span> <span class='ocrx_word' id='word_1_437' title='bbox 1275 842 1340 866; x_wconf 88' lang='lat' dir='ltr'><strong>sunt</strong></span> <span class='ocrx_word' id='word_1_438' title='bbox 1349 837 1539 873; x_wconf 81' lang='lat' dir='ltr'><strong>:equivalenlia</strong></span> <span class='ocrx_word' id='word_1_439' title='bbox 1548 843 1575 865; x_wconf 90' lang='lat' dir='ltr'><strong>et</strong></span> <span class='ocrx_word' id='word_1_440' title='bbox 1582 844 1744 873; x_wconf 82' lang='lat' dir='ltr'><strong>synonyma,</strong></span> 
     </span>
    </p>
   </div>
   <div class='ocr_carea' id='block_1_61' title="bbox 959 883 1745 922">
    <p class='ocr_par' dir='ltr' id='par_1_61' title="bbox 959 883 1745 922">
     <span class='ocr_line' id='line_1_61' title="bbox 959 883 1745 922; baseline -0.005 -9"><span class='ocrx_word' id='word_1_441' title='bbox 959 894 1019 922; x_wconf 75' lang='lat' dir='ltr'><strong>quze</strong></span> <span class='ocrx_word' id='word_1_442' title='bbox 1035 886 1163 913; x_wconf 88' lang='lat' dir='ltr'><strong>nimirum</strong></span> <span class='ocrx_word' id='word_1_443' title='bbox 1180 889 1336 920; x_wconf 80' lang='lat' dir='ltr'><strong>congruunt</strong></span> <span class='ocrx_word' id='word_1_444' title='bbox 1359 884 1508 911; x_wconf 81' lang='lat' dir='ltr'><strong>defunctis.</strong></span> <span class='ocrx_word' id='word_1_445' title='bbox 1523 884 1591 911; x_wconf 87' lang='lat' dir='ltr'><strong>Tutn</strong></span> <span class='ocrx_word' id='word_1_446' title='bbox 1607 883 1745 910; x_wconf 82' lang='lat' dir='ltr'><strong>archidia-</strong></span> 
     </span>
    </p>
   </div>
   <div class='ocr_carea' id='block_1_62' title="bbox 959 929 1744 965">
    <p class='ocr_par' dir='ltr' id='par_1_62' title="bbox 959 929 1744 965">
     <span class='ocr_line' id='line_1_62' title="bbox 959 929 1744 965; baseline -0.005 -5"><span class='ocrx_word' id='word_1_447' title='bbox 959 940 1044 960; x_wconf 86' lang='lat' dir='ltr'><strong>conus</strong></span> <span class='ocrx_word' id='word_1_448' title='bbox 1068 932 1281 960; x_wconf 83' lang='lat' dir='ltr'><strong>catechumenos</strong></span> <span class='ocrx_word' id='word_1_449' title='bbox 1297 931 1428 962; x_wconf 84' lang='lat' dir='ltr'><strong>dimittit.</strong></span> <span class='ocrx_word' id='word_1_450' title='bbox 1454 935 1668 965; x_wconf 85' lang='lat' dir='ltr'><strong>sanctorumque</strong></span> <span class='ocrx_word' id='word_1_451' title='bbox 1688 929 1744 964; x_wconf 83' lang='lat' dir='ltr'><strong>jam</strong></span> 
     </span>
    </p>
   </div>
   <div class='ocr_carea' id='block_1_63' title="bbox 959 976 1744 1010">
    <p class='ocr_par' dir='ltr' id='par_1_63' title="bbox 959 976 1744 1010">
     <span class='ocr_line' id='line_1_63' title="bbox 959 976 1744 1010; baseline -0.005 -4"><span class='ocrx_word' id='word_1_452' title='bbox 959 979 1148 1006; x_wconf 80' lang='lat' dir='ltr'><strong>defunctorum</strong></span> <span class='ocrx_word' id='word_1_453' title='bbox 1166 977 1276 1004; x_wconf 88' lang='lat' dir='ltr'><strong>nomina</strong></span> <span class='ocrx_word' id='word_1_454' title='bbox 1295 980 1440 1008; x_wconf 88' lang='lat' dir='ltr'><strong>recenset,</strong></span> <span class='ocrx_word' id='word_1_455' title='bbox 1462 976 1562 1010; x_wconf 85' lang='lat' dir='ltr'><strong>quibus</strong></span> <span class='ocrx_word' id='word_1_456' title='bbox 1580 979 1744 1010; x_wconf 68' lang='lat' dir='ltr'><strong>praesentem</strong></span> 
     </span>
    </p>
   </div>
   <div class='ocr_carea' id='block_1_64' title="bbox 959 1021 1745 1056">
    <p class='ocr_par' dir='ltr' id='par_1_64' title="bbox 959 1021 1745 1056">
     <span class='ocr_line' id='line_1_64' title="bbox 959 1021 1745 1056; baseline -0.006 -4"><span class='ocrx_word' id='word_1_457' title='bbox 959 1025 1119 1052; x_wconf 81' lang='lat' dir='ltr'><strong>defunctum</strong></span> <span class='ocrx_word' id='word_1_458' title='bbox 1141 1024 1236 1051; x_wconf 79' lang='lat' dir='ltr'><strong>cadent</strong></span> <span class='ocrx_word' id='word_1_459' title='bbox 1260 1023 1525 1050; x_wconf 87' lang='lat' dir='ltr'><strong>commemoratione</strong></span> <span class='ocrx_word' id='word_1_460' title='bbox 1539 1028 1689 1056; x_wconf 73' lang='lat' dir='ltr'><strong>aggregare</strong></span> <span class='ocrx_word' id='word_1_461' title='bbox 1703 1021 1745 1048; x_wconf 91' lang='lat' dir='ltr'><strong>di-</strong></span> 
     </span>
    </p>
   </div>
   <div class='ocr_carea' id='block_1_65' title="bbox 959 1066 1742 1106">
    <p class='ocr_par' dir='ltr' id='par_1_65' title="bbox 959 1066 1742 1106">
     <span class='ocr_line' id='line_1_65' title="bbox 959 1066 1742 1106; baseline -0.004 -10"><span class='ocrx_word' id='word_1_462' title='bbox 959 1074 1067 1106; x_wconf 80' lang='lat' dir='ltr'><strong>gnatur,</strong></span> <span class='ocrx_word' id='word_1_463' title='bbox 1096 1070 1277 1103; x_wconf 81' lang='lat' dir='ltr'><strong>hortaturque</strong></span> <span class='ocrx_word' id='word_1_464' title='bbox 1301 1075 1414 1100; x_wconf 87' lang='lat' dir='ltr'><strong>omnes,</strong></span> <span class='ocrx_word' id='word_1_465' title='bbox 1440 1067 1493 1102; x_wconf 86' lang='lat' dir='ltr'><strong>ipsi</strong></span> <span class='ocrx_word' id='word_1_466' title='bbox 1521 1073 1551 1094; x_wconf 91' lang='lat' dir='ltr'><strong>ut</strong></span> <span class='ocrx_word' id='word_1_467' title='bbox 1577 1067 1688 1094; x_wconf 84' lang='lat' dir='ltr'><strong>beatum</strong></span> <span class='ocrx_word' id='word_1_468' title='bbox 1715 1066 1742 1093; x_wconf 90' lang='lat' dir='ltr'><strong>in</strong></span> 
     </span>
    </p>
   </div>
   <div class='ocr_carea' id='block_1_66' title="bbox 958 1113 1742 1150">
    <p class='ocr_par' dir='ltr' id='par_1_66' title="bbox 958 1113 1742 1150">
     <span class='ocr_line' id='line_1_66' title="bbox 958 1113 1742 1150; baseline -0.004 -7"><span class='ocrx_word' id='word_1_469' title='bbox 958 1116 1067 1144; x_wconf 82' lang='lat' dir='ltr'><strong>Christo</strong></span> <span class='ocrx_word' id='word_1_470' title='bbox 1093 1115 1175 1143; x_wconf 82' lang='lat' dir='ltr'><strong>linem</strong></span> <span class='ocrx_word' id='word_1_471' title='bbox 1199 1120 1304 1150; x_wconf 83' lang='lat' dir='ltr'><strong>petant.</strong></span> <span class='ocrx_word' id='word_1_472' title='bbox 1340 1115 1410 1142; x_wconf 83' lang='lat' dir='ltr'><strong>Tum</strong></span> <span class='ocrx_word' id='word_1_473' title='bbox 1446 1115 1581 1142; x_wconf 87' lang='lat' dir='ltr'><strong>accedens</strong></span> <span class='ocrx_word' id='word_1_474' title='bbox 1606 1113 1742 1144; x_wconf 83' lang='lat' dir='ltr'><strong>antistes,</strong></span> 
     </span>
    </p>
   </div>
   <div class='ocr_carea' id='block_1_67' title="bbox 956 1160 1744 1196">
    <p class='ocr_par' dir='ltr' id='par_1_67' title="bbox 956 1160 1744 1196">
     <span class='ocr_line' id='line_1_67' title="bbox 956 1160 1744 1196; baseline 0.001 -9"><span class='ocrx_word' id='word_1_475' title='bbox 956 1168 1067 1195; x_wconf 82' lang='lat' dir='ltr'><strong>precem</strong></span> <span class='ocrx_word' id='word_1_476' title='bbox 1092 1167 1198 1188; x_wconf 86' lang='lat' dir='ltr'><strong>sacram</strong></span> <span class='ocrx_word' id='word_1_477' title='bbox 1222 1168 1305 1195; x_wconf 83' lang='lat' dir='ltr'><strong>super</strong></span> <span class='ocrx_word' id='word_1_478' title='bbox 1326 1161 1456 1189; x_wconf 81' lang='lat' dir='ltr'><strong>defuncto</strong></span> <span class='ocrx_word' id='word_1_479' title='bbox 1477 1160 1600 1196; x_wconf 70' lang='lat' dir='ltr'><strong>peragit,</strong></span> <span class='ocrx_word' id='word_1_480' title='bbox 1625 1167 1744 1196; x_wconf 85' lang='lat' dir='ltr'><strong>eumque</strong></span> 
     </span>
    </p>
   </div>
   <div class='ocr_carea' id='block_1_68' title="bbox 957 1204 1746 1240">
    <p class='ocr_par' dir='ltr' id='par_1_68' title="bbox 957 1204 1746 1240">
     <span class='ocr_line' id='line_1_68' title="bbox 957 1204 1746 1240; baseline 0 -7"><span class='ocrx_word' id='word_1_481' title='bbox 957 1205 1076 1239; x_wconf 78' lang='lat' dir='ltr'><strong>salutat,</strong></span> <span class='ocrx_word' id='word_1_482' title='bbox 1103 1210 1133 1232; x_wconf 89' lang='lat' dir='ltr'><strong>et</strong></span> <span class='ocrx_word' id='word_1_483' title='bbox 1160 1213 1222 1233; x_wconf 90' lang='lat' dir='ltr'><strong>cum</strong></span> <span class='ocrx_word' id='word_1_484' title='bbox 1240 1206 1298 1240; x_wconf 90' lang='lat' dir='ltr'><strong>ipso</strong></span> <span class='ocrx_word' id='word_1_485' title='bbox 1319 1206 1421 1234; x_wconf 66' lang='lat' dir='ltr'><strong>caueri.</strong></span> <span class='ocrx_word' id='word_1_486' title='bbox 1439 1206 1537 1234; x_wconf 84' lang='lat' dir='ltr'><strong>Postea</strong></span> <span class='ocrx_word' id='word_1_487' title='bbox 1562 1204 1675 1234; x_wconf 71' lang='lat' dir='ltr'><strong>effundit</strong></span> <span class='ocrx_word' id='word_1_488' title='bbox 1695 1206 1746 1240; x_wconf 80' lang='lat' dir='ltr'><strong>ipsi</strong></span> 
     </span>
    </p>
   </div>
   <div class='ocr_carea' id='block_1_69' title="bbox 957 1250 1743 1285">
    <p class='ocr_par' dir='ltr' id='par_1_69' title="bbox 957 1250 1743 1285">
     <span class='ocr_line' id='line_1_69' title="bbox 957 1250 1743 1285; baseline -0.005 -7"><span class='ocrx_word' id='word_1_489' title='bbox 957 1257 1066 1278; x_wconf 75' lang='lat' dir='ltr'><strong>sacrum</strong></span> <span class='ocrx_word' id='word_1_490' title='bbox 1082 1251 1172 1278; x_wconf 86' lang='lat' dir='ltr'><strong>oleum</strong></span> <span class='ocrx_word' id='word_1_491' title='bbox 1184 1270 1191 1282; x_wconf 87' lang='lat'>.</span> <span class='ocrx_word' id='word_1_492' title='bbox 1214 1257 1241 1278; x_wconf 86' lang='lat' dir='ltr'><strong>et</strong></span> <span class='ocrx_word' id='word_1_493' title='bbox 1267 1251 1428 1285; x_wconf 86' lang='lat' dir='ltr'><strong>impertiens</strong></span> <span class='ocrx_word' id='word_1_494' title='bbox 1447 1250 1662 1279; x_wconf 82' lang='lat' dir='ltr'><strong>absolutionem.</strong></span> <span class='ocrx_word' id='word_1_495' title='bbox 1682 1250 1743 1282; x_wconf 66' lang='lat' dir='ltr'><strong>qua:</strong></span> 
     </span>
    </p>
   </div>
   <div class='ocr_carea' id='block_1_70' title="bbox 957 1296 1744 1329">
    <p class='ocr_par' dir='ltr' id='par_1_70' title="bbox 957 1296 1744 1329">
     <span class='ocr_line' id='line_1_70' title="bbox 957 1296 1744 1329; baseline 0 -6"><span class='ocrx_word' id='word_1_496' title='bbox 957 1296 1111 1324; x_wconf 83' lang='lat' dir='ltr'><strong>communis</strong></span> <span class='ocrx_word' id='word_1_497' title='bbox 1130 1297 1219 1324; x_wconf 87' lang='lat' dir='ltr'><strong>oratio</strong></span> <span class='ocrx_word' id='word_1_498' title='bbox 1243 1302 1377 1329; x_wconf 85' lang='lat' dir='ltr'><strong>vocatur,</strong></span> <span class='ocrx_word' id='word_1_499' title='bbox 1401 1297 1463 1326; x_wconf 90' lang='lat' dir='ltr'><strong>loco</strong></span> <span class='ocrx_word' id='word_1_500' title='bbox 1487 1297 1620 1324; x_wconf 88' lang='lat' dir='ltr'><strong>honorato</strong></span> <span class='ocrx_word' id='word_1_501' title='bbox 1644 1301 1744 1328; x_wconf 69' lang='lat' dir='ltr'><strong>corpus</strong></span> 
     </span>
    </p>
   </div>
   <div class='ocr_carea' id='block_1_71' title="bbox 956 1339 1744 1377">
    <p class='ocr_par' dir='ltr' id='par_1_71' title="bbox 956 1339 1744 1377">
     <span class='ocr_line' id='line_1_71' title="bbox 956 1339 1744 1377; baseline -0.004 -9"><span class='ocrx_word' id='word_1_502' title='bbox 956 1340 1074 1368; x_wconf 86' lang='lat' dir='ltr'><strong>collocat</strong></span> <span class='ocrx_word' id='word_1_503' title='bbox 1107 1348 1164 1369; x_wconf 87' lang='lat' dir='ltr'><strong>una</strong></span> <span class='ocrx_word' id='word_1_504' title='bbox 1199 1349 1262 1369; x_wconf 89' lang='lat' dir='ltr'><strong>cum</strong></span> <span class='ocrx_word' id='word_1_505' title='bbox 1305 1342 1456 1377; x_wconf 61' lang='lat' dir='ltr'><strong>arqualibus</strong></span> <span class='ocrx_word' id='word_1_506' title='bbox 1486 1341 1550 1370; x_wconf 83' lang='lat' dir='ltr'><strong>aliis</strong></span> <span class='ocrx_word' id='word_1_507' title='bbox 1584 1339 1744 1375; x_wconf 83' lang='lat' dir='ltr'><strong>corporibus</strong></span> 
     </span>
    </p>
   </div>
   <div class='ocr_carea' id='block_1_72' title="bbox 955 1386 1738 1415">
    <p class='ocr_par' dir='ltr' id='par_1_72' title="bbox 955 1386 1738 1415">
     <span class='ocr_line' id='line_1_72' title="bbox 955 1386 1738 1415; baseline -0.003 0"><span class='ocrx_word' id='word_1_508' title='bbox 955 1387 1071 1415; x_wconf 75' lang='lat' dir='ltr'><strong>salictis.</strong></span> <span class='ocrx_word' id='word_1_509' title='bbox 1735 1386 1738 1389; x_wconf 85' lang='lat'>&#39;</span> 
     </span>
    </p>
   </div>
   <div class='ocr_carea' id='block_1_73' title="bbox 1216 1434 1483 1468">
    <p class='ocr_par' dir='ltr' id='par_1_73' title="bbox 1216 1434 1483 1468">
     <span class='ocr_line' id='line_1_73' title="bbox 1216 1434 1483 1468; baseline 0.004 -7"><span class='ocrx_word' id='word_1_510' title='bbox 1216 1434 1259 1462; x_wconf 82' lang='lat' dir='ltr'><strong>ill.</strong></span> <span class='ocrx_word' id='word_1_511' title='bbox 1280 1434 1483 1468; x_wconf 78' lang='lat' dir='ltr'><strong>Contemplatio.</strong></span> 
     </span>
    </p>
   </div>
   <div class='ocr_carea' id='block_1_74' title="bbox 993 1478 1743 1517">
    <p class='ocr_par' dir='ltr' id='par_1_74' title="bbox 993 1478 1743 1517">
     <span class='ocr_line' id='line_1_74' title="bbox 993 1478 1743 1517; baseline -0.004 -9"><span class='ocrx_word' id='word_1_512' title='bbox 993 1481 1007 1517; x_wconf 83' lang='lat'>§</span> <span class='ocrx_word' id='word_1_513' title='bbox 1025 1480 1043 1508; x_wconf 93' lang='grc' dir='ltr'><strong>Ι.</strong></span> <span class='ocrx_word' id='word_1_514' title='bbox 1063 1481 1128 1508; x_wconf 81' lang='lat' dir='ltr'><strong>lla-c</strong></span> <span class='ocrx_word' id='word_1_515' title='bbox 1148 1480 1258 1515; x_wconf 85' lang='lat' dir='ltr'><strong>quldem</strong></span> <span class='ocrx_word' id='word_1_516' title='bbox 1280 1481 1302 1508; x_wconf 90' lang='lat' dir='ltr'><strong>si</strong></span> <span class='ocrx_word' id='word_1_517' title='bbox 1329 1480 1486 1515; x_wconf 81' lang='lat' dir='ltr'><strong>aspexerint</strong></span> <span class='ocrx_word' id='word_1_518' title='bbox 1509 1479 1640 1514; x_wconf 75' lang='lat' dir='ltr'><strong>gentiles,</strong></span> <span class='ocrx_word' id='word_1_519' title='bbox 1664 1478 1707 1505; x_wconf 77' lang='lat' dir='ltr'><strong>vel</strong></span> <span class='ocrx_word' id='word_1_520' title='bbox 1726 1485 1743 1505; x_wconf 85' lang='lat' dir='ltr'><strong>a</strong></span> 
     </span>
    </p>
   </div>
   <div class='ocr_carea' id='block_1_75' title="bbox 957 1525 1744 1559">
    <p class='ocr_par' dir='ltr' id='par_1_75' title="bbox 957 1525 1744 1559">
     <span class='ocr_line' id='line_1_75' title="bbox 957 1525 1744 1559; baseline -0.005 -5"><span class='ocrx_word' id='word_1_521' title='bbox 957 1527 1036 1554; x_wconf 89' lang='lat' dir='ltr'><strong>nobis</strong></span> <span class='ocrx_word' id='word_1_522' title='bbox 1050 1526 1109 1554; x_wconf 82' lang='lat' dir='ltr'><strong>ﬁeri</strong></span> <span class='ocrx_word' id='word_1_523' title='bbox 1126 1526 1324 1557; x_wconf 80' lang='lat' dir='ltr'><strong>inaudiverint,</strong></span> <span class='ocrx_word' id='word_1_524' title='bbox 1337 1525 1448 1559; x_wconf 81' lang='lat' dir='ltr'><strong>profuse</strong></span> <span class='ocrx_word' id='word_1_525' title='bbox 1467 1525 1596 1552; x_wconf 86' lang='lat' dir='ltr'><strong>ridebunt</strong></span> <span class='ocrx_word' id='word_1_526' title='bbox 1609 1532 1617 1551; x_wconf 91' lang='lat'><strong>:</strong></span> <span class='ocrx_word' id='word_1_527' title='bbox 1634 1531 1683 1551; x_wconf 85' lang='lat' dir='ltr'><strong>nos</strong></span> <span class='ocrx_word' id='word_1_528' title='bbox 1696 1531 1744 1550; x_wconf 90' lang='lat' dir='ltr'><strong>au-</strong></span> 
     </span>
    </p>
   </div>
   <div class='ocr_carea' id='block_1_76' title="bbox 960 1569 1744 1600">
    <p class='ocr_par' dir='ltr' id='par_1_76' title="bbox 960 1569 1744 1600">
     <span class='ocr_line' id='line_1_76' title="bbox 960 1569 1744 1600; baseline -0.005 -1"><span class='ocrx_word' id='word_1_529' title='bbox 960 1578 1012 1600; x_wconf 87' lang='lat' dir='ltr'><strong>tem</strong></span> <span class='ocrx_word' id='word_1_530' title='bbox 1031 1572 1100 1599; x_wconf 87' lang='lat' dir='ltr'><strong>lucis</strong></span> <span class='ocrx_word' id='word_1_531' title='bbox 1113 1573 1236 1598; x_wconf 78' lang='lat' dir='ltr'><strong>datorem</strong></span> <span class='ocrx_word' id='word_1_532' title='bbox 1257 1570 1347 1598; x_wconf 80' lang='lat' dir='ltr'><strong>Jesnm</strong></span> <span class='ocrx_word' id='word_1_533' title='bbox 1372 1571 1532 1598; x_wconf 85' lang='lat' dir='ltr'><strong>invocantes</strong></span> <span class='ocrx_word' id='word_1_534' title='bbox 1554 1570 1669 1598; x_wconf 79' lang='lat' dir='ltr'><strong>dicimus</strong></span> <span class='ocrx_word' id='word_1_535' title='bbox 1690 1569 1744 1596; x_wconf 83' lang='lat' dir='ltr'><strong>rite</strong></span> 
     </span>
    </p>
   </div>
   <div class='ocr_carea' id='block_1_77' title="bbox 959 1614 1739 1653">
    <p class='ocr_par' dir='ltr' id='par_1_77' title="bbox 959 1614 1739 1653">
     <span class='ocr_line' id='line_1_77' title="bbox 959 1614 1739 1653; baseline -0.005 -9"><span class='ocrx_word' id='word_1_536' title='bbox 959 1617 1100 1653; x_wconf 49' lang='lat' dir='ltr'><strong>praesulem</strong></span> <span class='ocrx_word' id='word_1_537' title='bbox 1124 1624 1185 1644; x_wconf 88' lang='lat' dir='ltr'><strong>eum</strong></span> <span class='ocrx_word' id='word_1_538' title='bbox 1201 1617 1246 1651; x_wconf 90' lang='lat' dir='ltr'><strong>qui</strong></span> <span class='ocrx_word' id='word_1_539' title='bbox 1263 1616 1408 1644; x_wconf 73' lang='lat' dir='ltr'><strong>defunctus</strong></span> <span class='ocrx_word' id='word_1_540' title='bbox 1421 1621 1463 1643; x_wconf 84' lang='lat' dir='ltr'><strong>est</strong></span> <span class='ocrx_word' id='word_1_541' title='bbox 1479 1615 1541 1642; x_wconf 86' lang='lat' dir='ltr'><strong>loco</strong></span> <span class='ocrx_word' id='word_1_542' title='bbox 1556 1615 1638 1649; x_wconf 81' lang='lat' dir='ltr'><strong>digno</strong></span> <span class='ocrx_word' id='word_1_543' title='bbox 1652 1614 1739 1641; x_wconf 60' lang='lat' dir='ltr'><strong>collo.</strong></span> 
     </span>
    </p>
   </div>
   <div class='ocr_carea' id='block_1_78' title="bbox 956 1659 1742 1696">
    <p class='ocr_par' dir='ltr' id='par_1_78' title="bbox 956 1659 1742 1696">
     <span class='ocr_line' id='line_1_78' title="bbox 956 1659 1742 1696; baseline -0.004 -6"><span class='ocrx_word' id='word_1_544' title='bbox 956 1670 1036 1695; x_wconf 80' lang='lat' dir='ltr'><strong>care;</strong></span> <span class='ocrx_word' id='word_1_545' title='bbox 1065 1669 1162 1696; x_wconf 89' lang='lat' dir='ltr'><strong>nempe</strong></span> <span class='ocrx_word' id='word_1_546' title='bbox 1179 1662 1253 1689; x_wconf 89' lang='lat' dir='ltr'><strong>illum</strong></span> <span class='ocrx_word' id='word_1_547' title='bbox 1280 1662 1325 1696; x_wconf 88' lang='lat' dir='ltr'><strong>qui</strong></span> <span class='ocrx_word' id='word_1_548' title='bbox 1343 1662 1369 1688; x_wconf 90' lang='lat' dir='ltr'><strong>in</strong></span> <span class='ocrx_word' id='word_1_549' title='bbox 1384 1661 1470 1688; x_wconf 88' lang='lat' dir='ltr'><strong>sacris</strong></span> <span class='ocrx_word' id='word_1_550' title='bbox 1484 1665 1536 1692; x_wconf 82' lang='lat' dir='ltr'><strong>est,</strong></span> <span class='ocrx_word' id='word_1_551' title='bbox 1562 1665 1625 1687; x_wconf 85' lang='lat' dir='ltr'><strong>ante</strong></span> <span class='ocrx_word' id='word_1_552' title='bbox 1640 1659 1742 1692; x_wconf 85' lang='lat' dir='ltr'><strong>altare;</strong></span> 
     </span>
    </p>
   </div>
   <div class='ocr_carea' id='block_1_79' title="bbox 959 1705 1744 1739">
    <p class='ocr_par' dir='ltr' id='par_1_79' title="bbox 959 1705 1744 1739">
     <span class='ocr_line' id='line_1_79' title="bbox 959 1705 1744 1739; baseline -0.001 -4"><span class='ocrx_word' id='word_1_553' title='bbox 959 1709 1120 1735; x_wconf 88' lang='lat' dir='ltr'><strong>monachum</strong></span> <span class='ocrx_word' id='word_1_554' title='bbox 1136 1715 1201 1734; x_wconf 80' lang='lat' dir='ltr'><strong>vero</strong></span> <span class='ocrx_word' id='word_1_555' title='bbox 1224 1708 1266 1734; x_wconf 83' lang='lat' dir='ltr'><strong>vel</strong></span> <span class='ocrx_word' id='word_1_556' title='bbox 1289 1707 1387 1734; x_wconf 79' lang='lat' dir='ltr'><strong>laicum</strong></span> <span class='ocrx_word' id='word_1_557' title='bbox 1399 1726 1407 1739; x_wconf 90' lang='lat'><strong>,</strong></span> <span class='ocrx_word' id='word_1_558' title='bbox 1423 1707 1449 1733; x_wconf 95' lang='lat' dir='ltr'><strong>in</strong></span> <span class='ocrx_word' id='word_1_559' title='bbox 1466 1707 1598 1733; x_wconf 84' lang='lat' dir='ltr'><strong>sacrario.</strong></span> <span class='ocrx_word' id='word_1_560' title='bbox 1616 1705 1744 1734; x_wconf 77' lang='lat' dir='ltr'><strong>Declarat</strong></span> 
     </span>
    </p>
   </div>
   <div class='ocr_carea' id='block_1_80' title="bbox 957 1753 1743 1788">
    <p class='ocr_par' dir='ltr' id='par_1_80' title="bbox 957 1753 1743 1788">
     <span class='ocr_line' id='line_1_80' title="bbox 957 1753 1743 1788; baseline -0.004 -6"><span class='ocrx_word' id='word_1_561' title='bbox 957 1755 1045 1788; x_wconf 82' lang='lat' dir='ltr'><strong>enim,</strong></span> <span class='ocrx_word' id='word_1_562' title='bbox 1072 1755 1219 1782; x_wconf 83' lang='lat' dir='ltr'><strong>secundum</strong></span> <span class='ocrx_word' id='word_1_563' title='bbox 1236 1755 1308 1781; x_wconf 83' lang='lat' dir='ltr'><strong>hanc</strong></span> <span class='ocrx_word' id='word_1_564' title='bbox 1323 1753 1408 1780; x_wconf 83' lang='lat' dir='ltr'><strong>vitam</strong></span> <span class='ocrx_word' id='word_1_565' title='bbox 1431 1758 1459 1780; x_wconf 88' lang='lat' dir='ltr'><strong>et</strong></span> <span class='ocrx_word' id='word_1_566' title='bbox 1481 1761 1541 1788; x_wconf 70' lang='lat' dir='ltr'><strong>qua:</strong></span> <span class='ocrx_word' id='word_1_567' title='bbox 1566 1757 1640 1788; x_wconf 76' lang='lat' dir='ltr'><strong>gesta</strong></span> <span class='ocrx_word' id='word_1_568' title='bbox 1663 1757 1743 1785; x_wconf 83' lang='lat' dir='ltr'><strong>sunt,</strong></span> 
     </span>
    </p>
   </div>
   <div class='ocr_carea' id='block_1_81' title="bbox 958 1798 1744 1833">
    <p class='ocr_par' dir='ltr' id='par_1_81' title="bbox 958 1798 1744 1833">
     <span class='ocr_line' id='line_1_81' title="bbox 958 1798 1744 1833; baseline -0.004 -5"><span class='ocrx_word' id='word_1_569' title='bbox 958 1801 994 1828; x_wconf 94' lang='lat' dir='ltr'><strong>ibi</strong></span> <span class='ocrx_word' id='word_1_570' title='bbox 1017 1806 1119 1828; x_wconf 86' lang='lat' dir='ltr'><strong>sortem</strong></span> <span class='ocrx_word' id='word_1_571' title='bbox 1136 1800 1273 1827; x_wconf 81' lang='lat' dir='ltr'><strong>retribui:</strong></span> <span class='ocrx_word' id='word_1_572' title='bbox 1287 1804 1317 1827; x_wconf 89' lang='lat' dir='ltr'><strong>ut</strong></span> <span class='ocrx_word' id='word_1_573' title='bbox 1337 1799 1362 1826; x_wconf 87' lang='lat' dir='ltr'><strong>si</strong></span> <span class='ocrx_word' id='word_1_574' title='bbox 1386 1799 1449 1833; x_wconf 86' lang='lat' dir='ltr'><strong>quis</strong></span> <span class='ocrx_word' id='word_1_575' title='bbox 1474 1799 1518 1826; x_wconf 90' lang='lat' dir='ltr'><strong>hic</strong></span> <span class='ocrx_word' id='word_1_576' title='bbox 1537 1798 1680 1826; x_wconf 80' lang='lat' dir='ltr'><strong>deiformis</strong></span> <span class='ocrx_word' id='word_1_577' title='bbox 1696 1806 1744 1826; x_wconf 71' lang='lat' dir='ltr'><strong>ex-</strong></span> 
     </span>
    </p>
   </div>
   <div class='ocr_carea' id='block_1_82' title="bbox 957 1844 1744 1881">
    <p class='ocr_par' dir='ltr' id='par_1_82' title="bbox 957 1844 1744 1881">
     <span class='ocr_line' id='line_1_82' title="bbox 957 1844 1744 1881; baseline -0.005 -7"><span class='ocrx_word' id='word_1_578' title='bbox 957 1848 1068 1880; x_wconf 84' lang='lat' dir='ltr'><strong>stiterit,</strong></span> <span class='ocrx_word' id='word_1_579' title='bbox 1083 1848 1109 1874; x_wconf 93' lang='lat' dir='ltr'><strong>in</strong></span> <span class='ocrx_word' id='word_1_580' title='bbox 1124 1846 1215 1874; x_wconf 79' lang='lat' dir='ltr'><strong>futuro</strong></span> <span class='ocrx_word' id='word_1_581' title='bbox 1228 1853 1336 1881; x_wconf 85' lang='lat' dir='ltr'><strong>quoque</strong></span> <span class='ocrx_word' id='word_1_582' title='bbox 1350 1845 1450 1872; x_wconf 73' lang='lat' dir='ltr'><strong>saeculo</strong></span> <span class='ocrx_word' id='word_1_583' title='bbox 1467 1845 1493 1872; x_wconf 90' lang='lat' dir='ltr'><strong>in</strong></span> <span class='ocrx_word' id='word_1_584' title='bbox 1508 1845 1607 1871; x_wconf 86' lang='lat' dir='ltr'><strong>divinis</strong></span> <span class='ocrx_word' id='word_1_585' title='bbox 1620 1845 1675 1872; x_wconf 88' lang='lat' dir='ltr'><strong>erit</strong></span> <span class='ocrx_word' id='word_1_586' title='bbox 1698 1844 1744 1871; x_wconf 80' lang='lat' dir='ltr'><strong>de-</strong></span> 
     </span>
    </p>
   </div>
   <div class='ocr_carea' id='block_1_83' title="bbox 957 1890 1741 1925">
    <p class='ocr_par' dir='ltr' id='par_1_83' title="bbox 957 1890 1741 1925">
     <span class='ocr_line' id='line_1_83' title="bbox 957 1890 1741 1925; baseline -0.006 -4"><span class='ocrx_word' id='word_1_587' title='bbox 957 1893 1168 1925; x_wconf 83' lang='lat' dir='ltr'><strong>lectationibus;</strong></span> <span class='ocrx_word' id='word_1_588' title='bbox 1197 1892 1239 1920; x_wconf 86' lang='lat' dir='ltr'><strong>sin</strong></span> <span class='ocrx_word' id='word_1_589' title='bbox 1256 1892 1301 1918; x_wconf 89' lang='lat' dir='ltr'><strong>hic</strong></span> <span class='ocrx_word' id='word_1_590' title='bbox 1315 1891 1440 1918; x_wconf 92' lang='lat' dir='ltr'><strong>nonnihil</strong></span> <span class='ocrx_word' id='word_1_591' title='bbox 1459 1891 1577 1918; x_wconf 86' lang='lat' dir='ltr'><strong>studium</strong></span> <span class='ocrx_word' id='word_1_592' title='bbox 1593 1890 1741 1923; x_wconf 89' lang='lat' dir='ltr'><strong>remiserit,</strong></span> 
     </span>
    </p>
   </div>
   <div class='ocr_carea' id='block_1_84' title="bbox 957 1937 1744 1976">
    <p class='ocr_par' dir='ltr' id='par_1_84' title="bbox 957 1937 1744 1976">
     <span class='ocr_line' id='line_1_84' title="bbox 957 1937 1744 1976; baseline -0.008 -8"><span class='ocrx_word' id='word_1_593' title='bbox 957 1948 1007 1976; x_wconf 91' lang='lat' dir='ltr'><strong>pro</strong></span> <span class='ocrx_word' id='word_1_594' title='bbox 1031 1939 1135 1967; x_wconf 90' lang='lat' dir='ltr'><strong>meritis</strong></span> <span class='ocrx_word' id='word_1_595' title='bbox 1159 1939 1196 1966; x_wconf 85' lang='lat' dir='ltr'><strong>ihi</strong></span> <span class='ocrx_word' id='word_1_596' title='bbox 1223 1946 1332 1973; x_wconf 84' lang='lat' dir='ltr'><strong>quoque</strong></span> <span class='ocrx_word' id='word_1_597' title='bbox 1358 1942 1448 1965; x_wconf 84' lang='lat' dir='ltr'><strong>sortes</strong></span> <span class='ocrx_word' id='word_1_598' title='bbox 1475 1937 1600 1971; x_wconf 81' lang='lat' dir='ltr'><strong>accipiet.</strong></span> <span class='ocrx_word' id='word_1_599' title='bbox 1624 1937 1744 1963; x_wconf 84' lang='lat' dir='ltr'><strong>Antistes</strong></span> 
     </span>
    </p>
   </div>
   <div class='ocr_carea' id='block_1_85' title="bbox 956 1983 1743 2022">
    <p class='ocr_par' dir='ltr' id='par_1_85' title="bbox 956 1983 1743 2022">
     <span class='ocr_line' id='line_1_85' title="bbox 956 1983 1743 2022; baseline -0.008 -7"><span class='ocrx_word' id='word_1_600' title='bbox 956 1989 1050 2022; x_wconf 88' lang='lat' dir='ltr'><strong>itaque</strong></span> <span class='ocrx_word' id='word_1_601' title='bbox 1067 1992 1117 2022; x_wconf 89' lang='lat' dir='ltr'><strong>pro</strong></span> <span class='ocrx_word' id='word_1_602' title='bbox 1130 1986 1222 2013; x_wconf 84' lang='lat' dir='ltr'><strong>divina</strong></span> <span class='ocrx_word' id='word_1_603' title='bbox 1237 1986 1342 2019; x_wconf 85' lang='lat' dir='ltr'><strong>justitia</strong></span> <span class='ocrx_word' id='word_1_604' title='bbox 1359 1987 1428 2018; x_wconf 87' lang='lat' dir='ltr'><strong>hac,</strong></span> <span class='ocrx_word' id='word_1_605' title='bbox 1446 1992 1495 2011; x_wconf 88' lang='lat' dir='ltr'><strong>nec</strong></span> <span class='ocrx_word' id='word_1_606' title='bbox 1518 1992 1571 2011; x_wconf 88' lang='lat' dir='ltr'><strong>non</strong></span> <span class='ocrx_word' id='word_1_607' title='bbox 1588 1984 1621 2010; x_wconf 87' lang='lat' dir='ltr'><strong>de</strong></span> <span class='ocrx_word' id='word_1_608' title='bbox 1636 1983 1743 2018; x_wconf 82' lang='lat' dir='ltr'><strong>tyranni</strong></span> 
     </span>
    </p>
   </div>
   <div class='ocr_carea' id='block_1_86' title="bbox 958 2031 1743 2068">
    <p class='ocr_par' dir='ltr' id='par_1_86' title="bbox 958 2031 1743 2068">
     <span class='ocr_line' id='line_1_86' title="bbox 958 2031 1743 2068; baseline -0.005 -8"><span class='ocrx_word' id='word_1_609' title='bbox 958 2033 1072 2068; x_wconf 84' lang='lat' dir='ltr'><strong>imperio</strong></span> <span class='ocrx_word' id='word_1_610' title='bbox 1087 2031 1229 2067; x_wconf 81' lang='lat' dir='ltr'><strong>proﬂigato</strong></span> <span class='ocrx_word' id='word_1_611' title='bbox 1250 2032 1351 2066; x_wconf 82' lang='lat' dir='ltr'><strong>gratias</strong></span> <span class='ocrx_word' id='word_1_612' title='bbox 1369 2031 1443 2065; x_wconf 72' lang='lat' dir='ltr'><strong>agit,</strong></span> <span class='ocrx_word' id='word_1_613' title='bbox 1461 2032 1586 2065; x_wconf 84' lang='lat' dir='ltr'><strong>quodque</strong></span> <span class='ocrx_word' id='word_1_614' title='bbox 1602 2037 1676 2057; x_wconf 86' lang='lat' dir='ltr'><strong>mors</strong></span> <span class='ocrx_word' id='word_1_615' title='bbox 1689 2037 1743 2056; x_wconf 82' lang='lat' dir='ltr'><strong>non</strong></span> 
     </span>
    </p>
   </div>
   <div class='ocr_carea' id='block_1_87' title="bbox 954 2078 1441 2114">
    <p class='ocr_par' dir='ltr' id='par_1_87' title="bbox 954 2078 1441 2114">
     <span class='ocr_line' id='line_1_87' title="bbox 954 2078 1441 2114; baseline -0.004 -8"><span class='ocrx_word' id='word_1_616' title='bbox 954 2079 1010 2114; x_wconf 86' lang='lat' dir='ltr'><strong>jam</strong></span> <span class='ocrx_word' id='word_1_617' title='bbox 1025 2079 1141 2114; x_wconf 80' lang='lat' dir='ltr'><strong>amplius</strong></span> <span class='ocrx_word' id='word_1_618' title='bbox 1156 2086 1228 2106; x_wconf 89' lang='lat' dir='ltr'><strong>mors</strong></span> <span class='ocrx_word' id='word_1_619' title='bbox 1242 2079 1290 2110; x_wconf 84' lang='lat' dir='ltr'><strong>sit,</strong></span> <span class='ocrx_word' id='word_1_620' title='bbox 1310 2078 1357 2105; x_wconf 86' lang='lat' dir='ltr'><strong>sed</strong></span> <span class='ocrx_word' id='word_1_621' title='bbox 1373 2078 1441 2104; x_wconf 89' lang='lat' dir='ltr'><strong>vita.</strong></span> 
     </span>
    </p>
   </div>
   <div class='ocr_carea' id='block_1_88' title="bbox 992 2165 1743 2204">
    <p class='ocr_par' dir='ltr' id='par_1_88' title="bbox 992 2165 1743 2204">
     <span class='ocr_line' id='line_1_88' title="bbox 992 2165 1743 2204; baseline -0.005 -9"><span class='ocrx_word' id='word_1_622' title='bbox 992 2169 1075 2204; x_wconf 74' lang='lat'><strong>276</strong></span> <span class='ocrx_word' id='word_1_623' title='bbox 1091 2167 1106 2204; x_wconf 83' lang='lat'><strong>§</strong></span> <span class='ocrx_word' id='word_1_624' title='bbox 1123 2167 1154 2195; x_wconf 91' lang='lat' dir='ltr'><strong>ll.</strong></span> <span class='ocrx_word' id='word_1_625' title='bbox 1173 2167 1259 2195; x_wconf 83' lang='lat' dir='ltr'><strong>Porro</strong></span> <span class='ocrx_word' id='word_1_626' title='bbox 1273 2166 1381 2194; x_wconf 83' lang='lat' dir='ltr'><strong>cantica</strong></span> <span class='ocrx_word' id='word_1_627' title='bbox 1408 2170 1436 2193; x_wconf 87' lang='lat' dir='ltr'><strong>et</strong></span> <span class='ocrx_word' id='word_1_628' title='bbox 1459 2165 1590 2193; x_wconf 89' lang='lat' dir='ltr'><strong>lectiones</strong></span> <span class='ocrx_word' id='word_1_629' title='bbox 1604 2169 1743 2197; x_wconf 79' lang='lat' dir='ltr'><strong>exponunt</strong></span> 
     </span>
    </p>
   </div>
   <div class='ocr_carea' id='block_1_89' title="bbox 957 2211 1741 2246">
    <p class='ocr_par' dir='ltr' id='par_1_89' title="bbox 957 2211 1741 2246">
     <span class='ocr_line' id='line_1_89' title="bbox 957 2211 1741 2246; baseline -0.006 -4"><span class='ocrx_word' id='word_1_630' title='bbox 957 2215 1017 2242; x_wconf 87' lang='lat' dir='ltr'><strong>illas</strong></span> <span class='ocrx_word' id='word_1_631' title='bbox 1040 2220 1155 2242; x_wconf 70' lang='lat' dir='ltr'><strong>teternas</strong></span> <span class='ocrx_word' id='word_1_632' title='bbox 1181 2213 1355 2244; x_wconf 85' lang='lat' dir='ltr'><strong>mansiones,</strong></span> <span class='ocrx_word' id='word_1_633' title='bbox 1380 2219 1440 2246; x_wconf 60' lang='lat' dir='ltr'><strong>quae</strong></span> <span class='ocrx_word' id='word_1_634' title='bbox 1461 2211 1604 2239; x_wconf 81' lang='lat' dir='ltr'><strong>defunctos</strong></span> <span class='ocrx_word' id='word_1_635' title='bbox 1630 2211 1741 2246; x_wconf 88' lang='lat' dir='ltr'><strong>quidem</strong></span> 
     </span>
    </p>
   </div>
   <div class='ocr_carea' id='block_1_90' title="bbox 117 2252 908 2294">
    <p class='ocr_par' dir='ltr' id='par_1_90' title="bbox 117 2252 902 2294">
     <span class='ocr_line' id='line_1_90' title="bbox 117 2252 902 2294; baseline 0.009 -16"><span class='ocrx_word' id='word_1_636' title='bbox 117 2252 312 2288; x_wconf 71' lang='grc' dir='ltr'>κοιμηθέντας,</span> <span class='ocrx_word' id='word_1_637' title='bbox 327 2253 382 2280; x_wconf 85' lang='grc' dir='ltr'>τῶν</span> <span class='ocrx_word' id='word_1_638' title='bbox 395 2253 424 2280; x_wconf 77' lang='grc' dir='ltr'><strong>δὲ</strong></span> <span class='ocrx_word' id='word_1_639' title='bbox 435 2253 475 2280; x_wconf 69' lang='grc' dir='ltr'><strong>ἐτι</strong></span> <span class='ocrx_word' id='word_1_640' title='bbox 493 2253 601 2286; x_wconf 78' lang='grc' dir='ltr'>ζώντων</span> <span class='ocrx_word' id='word_1_641' title='bbox 619 2258 818 2292; x_wconf 84' lang='grc' dir='ltr'>προτρεπτικαὶ</span> <span class='ocrx_word' id='word_1_642' title='bbox 835 2259 902 2294; x_wconf 83' lang='grc' dir='ltr'>πρὸς</span> 
     </span>
    </p>
   </div>
   <div class='ocr_carea' id='block_1_91' title="bbox 960 2252 1742 2294">
    <p class='ocr_par' dir='ltr' id='par_1_91' title="bbox 960 2256 1742 2294">
     <span class='ocr_line' id='line_1_91' title="bbox 960 2256 1742 2294; baseline -0.006 -7"><span class='ocrx_word' id='word_1_643' title='bbox 960 2261 1097 2294; x_wconf 74' lang='lat' dir='ltr'><strong>excipiunt</strong></span> <span class='ocrx_word' id='word_1_644' title='bbox 1109 2279 1118 2291; x_wconf 90' lang='lat'><strong>,</strong></span> <span class='ocrx_word' id='word_1_645' title='bbox 1132 2259 1258 2286; x_wconf 81' lang='lat' dir='ltr'><strong>viventes</strong></span> <span class='ocrx_word' id='word_1_646' title='bbox 1274 2262 1366 2285; x_wconf 86' lang='lat' dir='ltr'><strong>autem</strong></span> <span class='ocrx_word' id='word_1_647' title='bbox 1391 2257 1425 2284; x_wconf 81' lang='lat' dir='ltr'><strong>ad</strong></span> <span class='ocrx_word' id='word_1_648' title='bbox 1446 2256 1561 2284; x_wconf 85' lang='lat' dir='ltr'><strong>similem</strong></span> <span class='ocrx_word' id='word_1_649' title='bbox 1578 2256 1639 2284; x_wconf 77' lang='lat' dir='ltr'><strong>vitae</strong></span> <span class='ocrx_word' id='word_1_650' title='bbox 1661 2256 1742 2283; x_wconf 85' lang='lat' dir='ltr'><strong>linem</strong></span> 
     </span>
    </p>
   </div>
   <div class='ocr_carea' id='block_1_92' title="bbox 116 2298 436 2334">
    <p class='ocr_par' dir='ltr' id='par_1_92' title="bbox 116 2298 436 2334">
     <span class='ocr_line' id='line_1_92' title="bbox 116 2298 436 2334; baseline 0.006 -9"><span class='ocrx_word' id='word_1_651' title='bbox 116 2298 167 2334; x_wconf 82' lang='grc' dir='ltr'>τὴν</span> <span class='ocrx_word' id='word_1_652' title='bbox 180 2298 274 2333; x_wconf 82' lang='grc' dir='ltr'>ὁμοίαν</span> <span class='ocrx_word' id='word_1_653' title='bbox 288 2299 436 2327; x_wconf 87' lang='grc' dir='ltr'>τελείωσιν.</span> 
     </span>
    </p>
   </div>
   <div class='ocr_carea' id='block_1_93' title="bbox 156 2349 906 2390">
    <p class='ocr_par' dir='ltr' id='par_1_93' title="bbox 156 2349 906 2390">
     <span class='ocr_line' id='line_1_93' title="bbox 156 2349 906 2390; baseline 0.007 -14"><span class='ocrx_word' id='word_1_654' title='bbox 156 2349 223 2385; x_wconf 70' lang='lat' dir='ltr'><strong>ﬁll].</strong></span> <span class='ocrx_word' id='word_1_655' title='bbox 238 2350 338 2377; x_wconf 80' lang='grc' dir='ltr'>Σκόπει</span> <span class='ocrx_word' id='word_1_656' title='bbox 351 2351 391 2383; x_wconf 80' lang='grc' dir='ltr'><strong>δὲ,</strong></span> <span class='ocrx_word' id='word_1_657' title='bbox 406 2352 447 2378; x_wconf 84' lang='grc' dir='ltr'>ὅτι</span> <span class='ocrx_word' id='word_1_658' title='bbox 461 2351 508 2378; x_wconf 83' lang='grc' dir='ltr'><strong>νῦν</strong></span> <span class='ocrx_word' id='word_1_659' title='bbox 521 2351 550 2378; x_wconf 85' lang='grc' dir='ltr'>οὺ</span> <span class='ocrx_word' id='word_1_660' title='bbox 566 2353 652 2379; x_wconf 80' lang='grc' dir='ltr'>πᾶσαι</span> <span class='ocrx_word' id='word_1_661' title='bbox 668 2354 696 2380; x_wconf 82' lang='grc' dir='ltr'>αἱ</span> <span class='ocrx_word' id='word_1_662' title='bbox 711 2353 906 2390; x_wconf 84' lang='grc' dir='ltr'>καθαιρόμεναι</span> 
     </span>
    </p>
   </div>
   <div class='ocr_carea' id='block_1_94' title="bbox 118 2396 905 2435">
    <p class='ocr_par' dir='ltr' id='par_1_94' title="bbox 118 2396 905 2435">
     <span class='ocr_line' id='line_1_94' title="bbox 118 2396 905 2435; baseline 0.006 -13"><span class='ocrx_word' id='word_1_663' title='bbox 118 2396 211 2429; x_wconf 77' lang='grc' dir='ltr'>τάξεις</span> <span class='ocrx_word' id='word_1_664' title='bbox 223 2396 401 2430; x_wconf 82' lang='grc' dir='ltr'>ἀπολύονται,</span> <span class='ocrx_word' id='word_1_665' title='bbox 417 2398 499 2434; x_wconf 82' lang='grc' dir='ltr'>ἤγουν</span> <span class='ocrx_word' id='word_1_666' title='bbox 521 2399 567 2425; x_wconf 75' lang='grc' dir='ltr'>καὶ</span> <span class='ocrx_word' id='word_1_667' title='bbox 583 2399 612 2425; x_wconf 79' lang='grc' dir='ltr'>αἱ</span> <span class='ocrx_word' id='word_1_668' title='bbox 626 2399 681 2425; x_wconf 83' lang='grc' dir='ltr'><strong>τῶν</strong></span> <span class='ocrx_word' id='word_1_669' title='bbox 697 2399 905 2435; x_wconf 71' lang='grc' dir='ltr'>ἐνοχλουμένων,</span> 
     </span>
    </p>
   </div>
   <div class='ocr_carea' id='block_1_95' title="bbox 116 2444 909 2484">
    <p class='ocr_par' dir='ltr' id='par_1_95' title="bbox 116 2444 909 2484">
     <span class='ocr_line' id='line_1_95' title="bbox 116 2444 909 2484; baseline 0.006 -15"><span class='ocrx_word' id='word_1_670' title='bbox 116 2444 168 2470; x_wconf 73' lang='grc' dir='ltr'>καὶ</span> <span class='ocrx_word' id='word_1_671' title='bbox 188 2445 216 2470; x_wconf 70' lang='lat' dir='ltr'><strong>at</strong></span> <span class='ocrx_word' id='word_1_672' title='bbox 236 2444 292 2471; x_wconf 87' lang='grc' dir='ltr'><strong>τῶν</strong></span> <span class='ocrx_word' id='word_1_673' title='bbox 305 2445 334 2471; x_wconf 85' lang='grc' dir='ltr'><strong>ἐν</strong></span> <span class='ocrx_word' id='word_1_674' title='bbox 350 2446 495 2482; x_wconf 75' lang='grc' dir='ltr'>μετανοίᾳ,</span> <span class='ocrx_word' id='word_1_675' title='bbox 510 2445 579 2473; x_wconf 82' lang='grc' dir='ltr'>ἀλλὰ</span> <span class='ocrx_word' id='word_1_676' title='bbox 595 2446 684 2482; x_wconf 86' lang='grc' dir='ltr'>μόνων</span> <span class='ocrx_word' id='word_1_677' title='bbox 705 2447 761 2473; x_wconf 86' lang='grc' dir='ltr'>τῶν</span> <span class='ocrx_word' id='word_1_678' title='bbox 775 2456 909 2484; x_wconf 78' lang='grc' dir='ltr'>κατηχού-</span> 
     </span>
    </p>
   </div>
   <div class='ocr_carea' id='block_1_96' title="bbox 118 2489 907 2529">
    <p class='ocr_par' dir='ltr' id='par_1_96' title="bbox 118 2489 907 2529">
     <span class='ocr_line' id='line_1_96' title="bbox 118 2489 907 2529; baseline 0.008 -14"><span class='ocrx_word' id='word_1_679' title='bbox 118 2489 209 2525; x_wconf 80' lang='grc' dir='ltr'>μένων</span> <span class='ocrx_word' id='word_1_680' title='bbox 219 2498 226 2505; x_wconf 76' lang='grc' dir='ltr'><strong>ο</strong></span> <span class='ocrx_word' id='word_1_681' title='bbox 240 2490 357 2526; x_wconf 85' lang='grc' dir='ltr'>ἀμύητοι</span> <span class='ocrx_word' id='word_1_682' title='bbox 372 2489 573 2527; x_wconf 80' lang='grc' dir='ltr'>γὰροῦτοι,καὶ</span> <span class='ocrx_word' id='word_1_683' title='bbox 581 2493 672 2529; x_wconf 81' lang='grc' dir='ltr'>πάσης</span> <span class='ocrx_word' id='word_1_684' title='bbox 685 2493 802 2528; x_wconf 78' lang='grc' dir='ltr'>ἐποψίας</span> <span class='ocrx_word' id='word_1_685' title='bbox 818 2494 907 2529; x_wconf 83' lang='grc' dir='ltr'>ἀμέθ-</span> 
     </span>
    </p>
   </div>
   <div class='ocr_carea' id='block_1_97' title="bbox 118 2536 906 2575">
    <p class='ocr_par' dir='ltr' id='par_1_97' title="bbox 118 2536 906 2575">
     <span class='ocr_line' id='line_1_97' title="bbox 118 2536 906 2575; baseline 0.006 -14"><span class='ocrx_word' id='word_1_686' title='bbox 118 2544 207 2562; x_wconf 81' lang='grc' dir='ltr'>εκτοι.</span> <span class='ocrx_word' id='word_1_687' title='bbox 222 2536 306 2563; x_wconf 73' lang='grc' dir='ltr'>Οὐδὲν</span> <span class='ocrx_word' id='word_1_688' title='bbox 323 2536 350 2563; x_wconf 85' lang='grc' dir='ltr'>δὲ</span> <span class='ocrx_word' id='word_1_689' title='bbox 365 2538 463 2573; x_wconf 80' lang='grc' dir='ltr'>μικρὸν</span> <span class='ocrx_word' id='word_1_690' title='bbox 475 2539 504 2565; x_wconf 79' lang='grc' dir='ltr'><strong>ἐν</strong></span> <span class='ocrx_word' id='word_1_691' title='bbox 514 2540 571 2570; x_wconf 90' lang='grc' dir='ltr'>τοῖς</span> <span class='ocrx_word' id='word_1_692' title='bbox 583 2538 729 2575; x_wconf 80' lang='grc' dir='ltr'>καθ’ἠμᾶς</span> <span class='ocrx_word' id='word_1_693' title='bbox 745 2540 906 2575; x_wconf 85' lang='grc' dir='ltr'>μυστηρίοις</span> 
     </span>
    </p>
   </div>
   <div class='ocr_carea' id='block_1_98' title="bbox 118 2581 905 2622">
    <p class='ocr_par' dir='ltr' id='par_1_98' title="bbox 118 2581 905 2622">
     <span class='ocr_line' id='line_1_98' title="bbox 118 2581 905 2622; baseline 0.008 -15"><span class='ocrx_word' id='word_1_694' title='bbox 118 2581 271 2615; x_wconf 78' lang='grc' dir='ltr'>λογίζεσθαι</span> <span class='ocrx_word' id='word_1_695' title='bbox 285 2583 354 2619; x_wconf 84' lang='grc' dir='ltr'>χρὴ,</span> <span class='ocrx_word' id='word_1_696' title='bbox 375 2583 443 2610; x_wconf 82' lang='grc' dir='ltr'>ἀλλὰ</span> <span class='ocrx_word' id='word_1_697' title='bbox 465 2584 552 2612; x_wconf 78' lang='grc' dir='ltr'>πάντα</span> <span class='ocrx_word' id='word_1_698' title='bbox 578 2585 700 2620; x_wconf 87' lang='grc' dir='ltr'>μεγάλα·</span> <span class='ocrx_word' id='word_1_699' title='bbox 715 2585 784 2612; x_wconf 81' lang='grc' dir='ltr'>αὐτὰ</span> <span class='ocrx_word' id='word_1_700' title='bbox 801 2586 905 2622; x_wconf 83' lang='grc' dir='ltr'>μέντοι,</span> 
     </span>
    </p>
   </div>
   <div class='ocr_carea' id='block_1_99' title="bbox 117 2626 908 2666">
    <p class='ocr_par' dir='ltr' id='par_1_99' title="bbox 117 2626 908 2666">
     <span class='ocr_line' id='line_1_99' title="bbox 117 2626 908 2666; baseline 0.009 -14"><span class='ocrx_word' id='word_1_701' title='bbox 117 2627 187 2661; x_wconf 81' lang='grc' dir='ltr'>πρὸς</span> <span class='ocrx_word' id='word_1_702' title='bbox 198 2626 300 2663; x_wconf 80' lang='grc' dir='ltr'>ἄλληλα</span> <span class='ocrx_word' id='word_1_703' title='bbox 311 2628 520 2664; x_wconf 86' lang='grc' dir='ltr'>συγκρινόμενα,</span> <span class='ocrx_word' id='word_1_704' title='bbox 533 2629 663 2666; x_wconf 83' lang='grc' dir='ltr'>διαφορὰν</span> <span class='ocrx_word' id='word_1_705' title='bbox 672 2630 771 2663; x_wconf 72' lang='grc' dir='ltr'>ἕξουσι.</span> <span class='ocrx_word' id='word_1_706' title='bbox 782 2632 908 2666; x_wconf 79' lang='grc' dir='ltr'>Μέγιπα</span> 
     </span>
    </p>
   </div>
   <div class='ocr_carea' id='block_1_100' title="bbox 117 2673 906 2713">
    <p class='ocr_par' dir='ltr' id='par_1_100' title="bbox 117 2673 906 2713">
     <span class='ocr_line' id='line_1_100' title="bbox 117 2673 906 2713; baseline 0.006 -14"><span class='ocrx_word' id='word_1_707' title='bbox 117 2673 173 2708; x_wconf 82' lang='grc' dir='ltr'><strong>γὰρ</strong></span> <span class='ocrx_word' id='word_1_708' title='bbox 192 2673 242 2700; x_wconf 75' lang='grc' dir='ltr'>καὶ</span> <span class='ocrx_word' id='word_1_709' title='bbox 260 2674 459 2710; x_wconf 81' lang='grc' dir='ltr'>ἀπαράϐλητα,</span> <span class='ocrx_word' id='word_1_710' title='bbox 483 2675 519 2702; x_wconf 80' lang='grc' dir='ltr'>τὰ</span> <span class='ocrx_word' id='word_1_711' title='bbox 533 2676 588 2702; x_wconf 85' lang='grc' dir='ltr'><strong>τῶν</strong></span> <span class='ocrx_word' id='word_1_712' title='bbox 609 2676 699 2703; x_wconf 82' lang='grc' dir='ltr'>Θείων.</span> <span class='ocrx_word' id='word_1_713' title='bbox 717 2677 750 2703; x_wconf 78' lang='grc' dir='ltr'>Δί</span> <span class='ocrx_word' id='word_1_714' title='bbox 764 2677 793 2704; x_wconf 82' lang='grc' dir='ltr'><strong>δὲ</strong></span> <span class='ocrx_word' id='word_1_715' title='bbox 813 2678 906 2713; x_wconf 70' lang='grc' dir='ltr'>ἕτεραι</span> 
     </span>
    </p>
   </div>
   <div class='ocr_carea' id='block_1_101' title="bbox 116 2718 905 2758">
    <p class='ocr_par' dir='ltr' id='par_1_101' title="bbox 116 2718 905 2758">
     <span class='ocr_line' id='line_1_101' title="bbox 116 2718 905 2758; baseline 0.005 -12"><span class='ocrx_word' id='word_1_716' title='bbox 116 2718 219 2751; x_wconf 75' lang='grc' dir='ltr'>τάξεις,</span> <span class='ocrx_word' id='word_1_717' title='bbox 231 2720 256 2746; x_wconf 78' lang='grc' dir='ltr'>οἱ</span> <span class='ocrx_word' id='word_1_718' title='bbox 268 2720 474 2756; x_wconf 78' lang='grc' dir='ltr'>ὲνεργούμενοι,</span> <span class='ocrx_word' id='word_1_719' title='bbox 497 2721 521 2748; x_wconf 82' lang='grc' dir='ltr'>οἳ</span> <span class='ocrx_word' id='word_1_720' title='bbox 531 2722 562 2748; x_wconf 81' lang='grc' dir='ltr'><strong>ἐν</strong></span> <span class='ocrx_word' id='word_1_721' title='bbox 576 2722 704 2758; x_wconf 72' lang='grc' dir='ltr'>μετανοίᾳ</span> <span class='ocrx_word' id='word_1_722' title='bbox 721 2723 905 2755; x_wconf 83' lang='grc' dir='ltr'>συνίστανται,</span> 
     </span>
    </p>
   </div>
   <div class='ocr_carea' id='block_1_102' title="bbox 116 2764 913 2804">
    <p class='ocr_par' dir='ltr' id='par_1_102' title="bbox 116 2764 913 2804">
     <span class='ocr_line' id='line_1_102' title="bbox 116 2764 913 2804; baseline 0.008 -14"><span class='ocrx_word' id='word_1_723' title='bbox 116 2764 155 2796; x_wconf 84' lang='grc' dir='ltr'>ὼς</span> <span class='ocrx_word' id='word_1_724' title='bbox 168 2765 313 2800; x_wconf 85' lang='grc' dir='ltr'>μυηθεϊσαι</span> <span class='ocrx_word' id='word_1_725' title='bbox 326 2766 386 2801; x_wconf 76' lang='grc' dir='ltr'>μὲν,</span> <span class='ocrx_word' id='word_1_726' title='bbox 401 2766 526 2802; x_wconf 83' lang='grc' dir='ltr'>ἀνοήτως</span> <span class='ocrx_word' id='word_1_727' title='bbox 543 2766 571 2794; x_wconf 84' lang='grc' dir='ltr'><strong>δὲ</strong></span> <span class='ocrx_word' id='word_1_728' title='bbox 585 2767 654 2804; x_wconf 85' lang='grc' dir='ltr'>πρὸς</span> <span class='ocrx_word' id='word_1_729' title='bbox 670 2768 707 2795; x_wconf 82' lang='grc' dir='ltr'><strong>τὰ</strong></span> <span class='ocrx_word' id='word_1_730' title='bbox 718 2768 802 2804; x_wconf 85' lang='grc' dir='ltr'>χείρω</span> <span class='ocrx_word' id='word_1_731' title='bbox 816 2768 913 2796; x_wconf 88' lang='grc' dir='ltr'>παλιν-</span> 
     </span>
    </p>
   </div>
   <div class='ocr_carea' id='block_1_103' title="bbox 117 2811 907 2850">
    <p class='ocr_par' dir='ltr' id='par_1_103' title="bbox 117 2811 907 2850">
     <span class='ocr_line' id='line_1_103' title="bbox 117 2811 907 2850; baseline 0.005 -13"><span class='ocrx_word' id='word_1_732' title='bbox 117 2811 300 2846; x_wconf 85' lang='grc' dir='ltr'>δρομήσασαι,</span> <span class='ocrx_word' id='word_1_733' title='bbox 317 2811 371 2838; x_wconf 81' lang='grc' dir='ltr'>τῶν</span> <span class='ocrx_word' id='word_1_734' title='bbox 384 2811 449 2846; x_wconf 86' lang='grc' dir='ltr'>γοῦν</span> <span class='ocrx_word' id='word_1_735' title='bbox 461 2812 614 2848; x_wconf 84' lang='grc' dir='ltr'>θεαρχικῶν</span> <span class='ocrx_word' id='word_1_736' title='bbox 637 2813 783 2846; x_wconf 71' lang='grc' dir='ltr'>ἐποπτιῶν,</span> <span class='ocrx_word' id='word_1_737' title='bbox 799 2814 907 2850; x_wconf 79' lang='grc' dir='ltr'>καὶτῆς</span> 
     </span>
    </p>
   </div>
   <div class='ocr_carea' id='block_1_104' title="bbox 118 2856 906 2895">
    <p class='ocr_par' dir='ltr' id='par_1_104' title="bbox 118 2856 906 2895">
     <span class='ocr_line' id='line_1_104' title="bbox 118 2856 906 2895; baseline 0.005 -13"><span class='ocrx_word' id='word_1_738' title='bbox 118 2856 194 2888; x_wconf 82' lang='grc' dir='ltr'>Θείας</span> <span class='ocrx_word' id='word_1_739' title='bbox 217 2857 394 2893; x_wconf 80' lang='grc' dir='ltr'>μεταλήψεως</span> <span class='ocrx_word' id='word_1_740' title='bbox 411 2858 648 2895; x_wconf 75' lang='grc' dir='ltr'>ἀπειρχθήσονται.</span> <span class='ocrx_word' id='word_1_741' title='bbox 665 2860 695 2886; x_wconf 92' lang='grc'><strong>’0</strong></span> <span class='ocrx_word' id='word_1_742' title='bbox 707 2859 762 2895; x_wconf 84' lang='grc' dir='ltr'><strong>γὰρ</strong></span> <span class='ocrx_word' id='word_1_743' title='bbox 777 2859 906 2893; x_wconf 83' lang='grc' dir='ltr'>ἀναξίως</span> 
     </span>
    </p>
   </div>
   <div class='ocr_carea' id='block_1_105' title="bbox 118 2901 906 2939">
    <p class='ocr_par' dir='ltr' id='par_1_105' title="bbox 118 2901 906 2939">
     <span class='ocr_line' id='line_1_105' title="bbox 118 2901 906 2939; baseline 0.003 -10"><span class='ocrx_word' id='word_1_744' title='bbox 118 2901 229 2930; x_wconf 68' lang='grc' dir='ltr'>ἐσθίων</span> <span class='ocrx_word' id='word_1_745' title='bbox 242 2902 291 2930; x_wconf 75' lang='grc' dir='ltr'>καὶ</span> <span class='ocrx_word' id='word_1_746' title='bbox 302 2903 408 2937; x_wconf 68' lang='grc' dir='ltr'>πίνων,</span> <span class='ocrx_word' id='word_1_747' title='bbox 420 2905 464 2937; x_wconf 79' lang='grc' dir='ltr'><strong>εις</strong></span> <span class='ocrx_word' id='word_1_748' title='bbox 480 2903 569 2939; x_wconf 52' lang='lat' dir='ltr'><strong>epam</strong></span> <span class='ocrx_word' id='word_1_749' title='bbox 581 2904 675 2937; x_wconf 78' lang='grc' dir='ltr'>ἐαυτῷ</span> <span class='ocrx_word' id='word_1_750' title='bbox 688 2904 782 2932; x_wconf 79' lang='grc' dir='ltr'>ἐσθίει</span> <span class='ocrx_word' id='word_1_751' title='bbox 797 2904 846 2931; x_wconf 80' lang='grc' dir='ltr'>καὶ</span> <span class='ocrx_word' id='word_1_752' title='bbox 859 2905 906 2931; x_wconf 75' lang='grc' dir='ltr'>πί-</span> 
     </span>
    </p>
   </div>
   <div class='ocr_carea' id='block_1_106' title="bbox 956 2307 1146 2334">
    <p class='ocr_par' dir='ltr' id='par_1_106' title="bbox 956 2307 1146 2334">
     <span class='ocr_line' id='line_1_106' title="bbox 956 2307 1146 2334; baseline -0.005 -1"><span class='ocrx_word' id='word_1_753' title='bbox 956 2307 1146 2334; x_wconf 83' lang='lat' dir='ltr'><strong>adhortantur.</strong></span> 
     </span>
    </p>
   </div>
   <div class='ocr_carea' id='block_1_107' title="bbox 994 2348 1743 2387">
    <p class='ocr_par' dir='ltr' id='par_1_107' title="bbox 994 2348 1743 2387">
     <span class='ocr_line' id='line_1_107' title="bbox 994 2348 1743 2387; baseline -0.007 -8"><span class='ocrx_word' id='word_1_754' title='bbox 994 2351 1008 2387; x_wconf 83' lang='lat'><strong>§</strong></span> <span class='ocrx_word' id='word_1_755' title='bbox 1030 2351 1070 2378; x_wconf 94' lang='lat' dir='ltr'><strong>Ill.</strong></span> <span class='ocrx_word' id='word_1_756' title='bbox 1092 2351 1225 2378; x_wconf 83' lang='lat' dir='ltr'><strong>Caeterum</strong></span> <span class='ocrx_word' id='word_1_757' title='bbox 1246 2349 1383 2380; x_wconf 85' lang='lat' dir='ltr'><strong>observa,</strong></span> <span class='ocrx_word' id='word_1_758' title='bbox 1407 2348 1543 2383; x_wconf 84' lang='lat' dir='ltr'><strong>quomodo</strong></span> <span class='ocrx_word' id='word_1_759' title='bbox 1567 2355 1620 2375; x_wconf 90' lang='lat' dir='ltr'><strong>non</strong></span> <span class='ocrx_word' id='word_1_760' title='bbox 1647 2354 1743 2375; x_wconf 77' lang='lat' dir='ltr'><strong>omnes</strong></span> 
     </span>
    </p>
   </div>
   <div class='ocr_carea' id='block_1_108' title="bbox 956 2396 1744 2433">
    <p class='ocr_par' dir='ltr' id='par_1_108' title="bbox 956 2396 1744 2433">
     <span class='ocr_line' id='line_1_108' title="bbox 956 2396 1744 2433; baseline -0.005 -8"><span class='ocrx_word' id='word_1_761' title='bbox 956 2399 1002 2433; x_wconf 91' lang='lat' dir='ltr'><strong>qui</strong></span> <span class='ocrx_word' id='word_1_762' title='bbox 1019 2398 1167 2432; x_wconf 81' lang='lat' dir='ltr'><strong>expiationi</strong></span> <span class='ocrx_word' id='word_1_763' title='bbox 1192 2402 1292 2424; x_wconf 83' lang='lat' dir='ltr'><strong>vacant</strong></span> <span class='ocrx_word' id='word_1_764' title='bbox 1310 2397 1421 2424; x_wconf 87' lang='lat' dir='ltr'><strong>ordines</strong></span> <span class='ocrx_word' id='word_1_765' title='bbox 1439 2396 1496 2431; x_wconf 87' lang='lat' dir='ltr'><strong>jam</strong></span> <span class='ocrx_word' id='word_1_766' title='bbox 1510 2396 1695 2426; x_wconf 89' lang='lat' dir='ltr'><strong>dimittantur,</strong></span> <span class='ocrx_word' id='word_1_767' title='bbox 1714 2399 1744 2421; x_wconf 93' lang='lat' dir='ltr'><strong>ut</strong></span> 
     </span>
    </p>
   </div>
   <div class='ocr_carea' id='block_1_109' title="bbox 957 2441 1741 2478">
    <p class='ocr_par' dir='ltr' id='par_1_109' title="bbox 957 2441 1741 2478">
     <span class='ocr_line' id='line_1_109' title="bbox 957 2441 1741 2478; baseline -0.005 -6"><span class='ocrx_word' id='word_1_768' title='bbox 957 2450 1020 2473; x_wconf 87' lang='lat' dir='ltr'><strong>sunt</strong></span> <span class='ocrx_word' id='word_1_769' title='bbox 1033 2444 1207 2473; x_wconf 73' lang='lat' dir='ltr'><strong>daemonibus</strong></span> <span class='ocrx_word' id='word_1_770' title='bbox 1223 2444 1404 2471; x_wconf 84' lang='lat' dir='ltr'><strong>obnoxiorum</strong></span> <span class='ocrx_word' id='word_1_771' title='bbox 1421 2449 1449 2471; x_wconf 87' lang='lat' dir='ltr'><strong>et</strong></span> <span class='ocrx_word' id='word_1_772' title='bbox 1472 2442 1675 2478; x_wconf 72' lang='lat' dir='ltr'><strong>paenitentiam,</strong></span> <span class='ocrx_word' id='word_1_773' title='bbox 1693 2441 1741 2469; x_wconf 82' lang='lat' dir='ltr'><strong>sed</strong></span> 
     </span>
    </p>
   </div>
   <div class='ocr_carea' id='block_1_110' title="bbox 958 2489 1743 2525">
    <p class='ocr_par' dir='ltr' id='par_1_110' title="bbox 958 2489 1743 2525">
     <span class='ocr_line' id='line_1_110' title="bbox 958 2489 1743 2525; baseline -0.005 -7"><span class='ocrx_word' id='word_1_774' title='bbox 958 2491 1009 2518; x_wconf 89' lang='lat' dir='ltr'><strong>soli</strong></span> <span class='ocrx_word' id='word_1_775' title='bbox 1031 2491 1238 2524; x_wconf 82' lang='lat' dir='ltr'><strong>catechumeni;</strong></span> <span class='ocrx_word' id='word_1_776' title='bbox 1262 2491 1390 2525; x_wconf 83' lang='lat' dir='ltr'><strong>quoniam</strong></span> <span class='ocrx_word' id='word_1_777' title='bbox 1417 2490 1443 2517; x_wconf 78' lang='lat' dir='ltr'><strong>lii</strong></span> <span class='ocrx_word' id='word_1_778' title='bbox 1471 2489 1546 2517; x_wconf 91' lang='lat' dir='ltr'><strong>nullo</strong></span> <span class='ocrx_word' id='word_1_779' title='bbox 1569 2493 1743 2516; x_wconf 85' lang='lat' dir='ltr'><strong>sacramento</strong></span> 
     </span>
    </p>
   </div>
   <div class='ocr_carea' id='block_1_111' title="bbox 957 2535 1741 2570">
    <p class='ocr_par' dir='ltr' id='par_1_111' title="bbox 957 2535 1741 2570">
     <span class='ocr_line' id='line_1_111' title="bbox 957 2535 1741 2570; baseline -0.004 -7"><span class='ocrx_word' id='word_1_780' title='bbox 957 2541 1021 2563; x_wconf 90' lang='lat' dir='ltr'><strong>sunt</strong></span> <span class='ocrx_word' id='word_1_781' title='bbox 1044 2536 1164 2569; x_wconf 88' lang='lat' dir='ltr'><strong>initiati,</strong></span> <span class='ocrx_word' id='word_1_782' title='bbox 1198 2540 1225 2563; x_wconf 91' lang='lat' dir='ltr'><strong>et</strong></span> <span class='ocrx_word' id='word_1_783' title='bbox 1248 2537 1338 2563; x_wconf 89' lang='lat' dir='ltr'><strong>omnis</strong></span> <span class='ocrx_word' id='word_1_784' title='bbox 1357 2541 1484 2570; x_wconf 88' lang='lat' dir='ltr'><strong>aspectus</strong></span> <span class='ocrx_word' id='word_1_785' title='bbox 1509 2535 1579 2562; x_wconf 81' lang='lat' dir='ltr'><strong>sacri</strong></span> <span class='ocrx_word' id='word_1_786' title='bbox 1602 2539 1741 2568; x_wconf 79' lang='lat' dir='ltr'><strong>expertes.</strong></span> 
     </span>
    </p>
   </div>
   <div class='ocr_carea' id='block_1_112' title="bbox 955 2580 1740 2617">
    <p class='ocr_par' dir='ltr' id='par_1_112' title="bbox 955 2580 1740 2617">
     <span class='ocr_line' id='line_1_112' title="bbox 955 2580 1740 2617; baseline -0.005 -7"><span class='ocrx_word' id='word_1_787' title='bbox 955 2583 1064 2611; x_wconf 82' lang='lat' dir='ltr'><strong>Nullum</strong></span> <span class='ocrx_word' id='word_1_788' title='bbox 1086 2587 1176 2610; x_wconf 85' lang='lat' dir='ltr'><strong>autem</strong></span> <span class='ocrx_word' id='word_1_789' title='bbox 1192 2590 1209 2610; x_wconf 90' lang='lat' dir='ltr'><strong>e</strong></span> <span class='ocrx_word' id='word_1_790' title='bbox 1223 2583 1361 2617; x_wconf 83' lang='lat' dir='ltr'><strong>mysteriis</strong></span> <span class='ocrx_word' id='word_1_791' title='bbox 1379 2583 1480 2610; x_wconf 85' lang='lat' dir='ltr'><strong>nostris</strong></span> <span class='ocrx_word' id='word_1_792' title='bbox 1491 2582 1570 2617; x_wconf 89' lang='lat' dir='ltr'><strong>parvi</strong></span> <span class='ocrx_word' id='word_1_793' title='bbox 1585 2580 1740 2608; x_wconf 81' lang='lat' dir='ltr'><strong>faciendum</strong></span> 
     </span>
    </p>
   </div>
   <div class='ocr_carea' id='block_1_113' title="bbox 956 2627 1741 2665">
    <p class='ocr_par' dir='ltr' id='par_1_113' title="bbox 956 2627 1741 2665">
     <span class='ocr_line' id='line_1_113' title="bbox 956 2627 1741 2665; baseline -0.005 -8"><span class='ocrx_word' id='word_1_794' title='bbox 956 2635 1009 2662; x_wconf 88' lang='lat' dir='ltr'><strong>est,</strong></span> <span class='ocrx_word' id='word_1_795' title='bbox 1025 2630 1153 2665; x_wconf 88' lang='lat' dir='ltr'><strong>quoniam</strong></span> <span class='ocrx_word' id='word_1_796' title='bbox 1170 2637 1266 2664; x_wconf 78' lang='lat' dir='ltr'><strong>magna</strong></span> <span class='ocrx_word' id='word_1_797' title='bbox 1287 2634 1351 2656; x_wconf 91' lang='lat' dir='ltr'><strong>sunt</strong></span> <span class='ocrx_word' id='word_1_798' title='bbox 1374 2629 1481 2661; x_wconf 81' lang='lat' dir='ltr'><strong>omnia,</strong></span> <span class='ocrx_word' id='word_1_799' title='bbox 1497 2628 1562 2656; x_wconf 89' lang='lat' dir='ltr'><strong>licet</strong></span> <span class='ocrx_word' id='word_1_800' title='bbox 1576 2627 1609 2655; x_wconf 88' lang='lat' dir='ltr'><strong>ad</strong></span> <span class='ocrx_word' id='word_1_801' title='bbox 1625 2627 1741 2655; x_wconf 88' lang='lat' dir='ltr'><strong>invicem</strong></span> 
     </span>
    </p>
   </div>
   <div class='ocr_carea' id='block_1_114' title="bbox 956 2673 1742 2707">
    <p class='ocr_par' dir='ltr' id='par_1_114' title="bbox 956 2673 1742 2707">
     <span class='ocr_line' id='line_1_114' title="bbox 956 2673 1742 2707; baseline -0.001 -6"><span class='ocrx_word' id='word_1_802' title='bbox 956 2675 1054 2702; x_wconf 85' lang='lat' dir='ltr'><strong>collata</strong></span> <span class='ocrx_word' id='word_1_803' title='bbox 1068 2676 1177 2703; x_wconf 87' lang='lat' dir='ltr'><strong>diversa</strong></span> <span class='ocrx_word' id='word_1_804' title='bbox 1193 2674 1259 2702; x_wconf 88' lang='lat' dir='ltr'><strong>sint.</strong></span> <span class='ocrx_word' id='word_1_805' title='bbox 1273 2674 1389 2701; x_wconf 81' lang='lat' dir='ltr'><strong>Maxima</strong></span> <span class='ocrx_word' id='word_1_806' title='bbox 1404 2675 1477 2701; x_wconf 89' lang='lat' dir='ltr'><strong>enim</strong></span> <span class='ocrx_word' id='word_1_807' title='bbox 1494 2678 1523 2701; x_wconf 91' lang='lat' dir='ltr'><strong>et</strong></span> <span class='ocrx_word' id='word_1_808' title='bbox 1537 2673 1742 2707; x_wconf 85' lang='lat' dir='ltr'><strong>incomparabi-</strong></span> 
     </span>
    </p>
   </div>
   <div class='ocr_carea' id='block_1_115' title="bbox 956 2718 1740 2756">
    <p class='ocr_par' dir='ltr' id='par_1_115' title="bbox 956 2718 1740 2756">
     <span class='ocr_line' id='line_1_115' title="bbox 956 2718 1740 2756; baseline -0.004 -8"><span class='ocrx_word' id='word_1_809' title='bbox 956 2720 991 2748; x_wconf 81' lang='lat' dir='ltr'><strong>lia</strong></span> <span class='ocrx_word' id='word_1_810' title='bbox 1016 2726 1098 2754; x_wconf 87' lang='lat' dir='ltr'><strong>sunt,</strong></span> <span class='ocrx_word' id='word_1_811' title='bbox 1123 2728 1292 2756; x_wconf 65' lang='lat' dir='ltr'><strong>quaecunque</strong></span> <span class='ocrx_word' id='word_1_812' title='bbox 1315 2721 1404 2748; x_wconf 87' lang='lat' dir='ltr'><strong>divina</strong></span> <span class='ocrx_word' id='word_1_813' title='bbox 1429 2724 1502 2748; x_wconf 89' lang='lat' dir='ltr'><strong>sunt.</strong></span> <span class='ocrx_word' id='word_1_814' title='bbox 1527 2718 1624 2747; x_wconf 63' lang='lat' dir='ltr'><strong>Ceteri</strong></span> <span class='ocrx_word' id='word_1_815' title='bbox 1649 2723 1740 2746; x_wconf 86' lang='lat' dir='ltr'><strong>autem</strong></span> 
     </span>
    </p>
   </div>
   <div class='ocr_carea' id='block_1_116' title="bbox 956 2763 1741 2801">
    <p class='ocr_par' dir='ltr' id='par_1_116' title="bbox 956 2763 1741 2801">
     <span class='ocr_line' id='line_1_116' title="bbox 956 2763 1741 2801; baseline -0.006 -7"><span class='ocrx_word' id='word_1_816' title='bbox 956 2766 1066 2794; x_wconf 83' lang='lat' dir='ltr'><strong>ordines</strong></span> <span class='ocrx_word' id='word_1_817' title='bbox 1076 2787 1084 2798; x_wconf 84' lang='lat'><strong>,</strong></span> <span class='ocrx_word' id='word_1_818' title='bbox 1097 2772 1126 2794; x_wconf 91' lang='lat' dir='ltr'><strong>ut</strong></span> <span class='ocrx_word' id='word_1_819' title='bbox 1141 2766 1317 2800; x_wconf 77' lang='lat' dir='ltr'><strong>energmneni</strong></span> <span class='ocrx_word' id='word_1_820' title='bbox 1335 2771 1363 2793; x_wconf 91' lang='lat' dir='ltr'><strong>et</strong></span> <span class='ocrx_word' id='word_1_821' title='bbox 1378 2766 1559 2801; x_wconf 74' lang='lat' dir='ltr'><strong>pmnitentes,</strong></span> <span class='ocrx_word' id='word_1_822' title='bbox 1572 2769 1662 2791; x_wconf 85' lang='lat' dir='ltr'><strong>astant</strong></span> <span class='ocrx_word' id='word_1_823' title='bbox 1679 2763 1741 2799; x_wconf 83' lang='lat' dir='ltr'><strong>qui-</strong></span> 
     </span>
    </p>
   </div>
   <div class='ocr_carea' id='block_1_117' title="bbox 957 2811 1740 2846">
    <p class='ocr_par' dir='ltr' id='par_1_117' title="bbox 957 2811 1740 2846">
     <span class='ocr_line' id='line_1_117' title="bbox 957 2811 1740 2846; baseline -0.005 -8"><span class='ocrx_word' id='word_1_824' title='bbox 957 2813 1017 2840; x_wconf 86' lang='lat' dir='ltr'><strong>dem</strong></span> <span class='ocrx_word' id='word_1_825' title='bbox 1044 2816 1173 2846; x_wconf 81' lang='lat' dir='ltr'><strong>lanquam</strong></span> <span class='ocrx_word' id='word_1_826' title='bbox 1196 2817 1370 2839; x_wconf 77' lang='lat' dir='ltr'><strong>sacramento</strong></span> <span class='ocrx_word' id='word_1_827' title='bbox 1401 2811 1519 2842; x_wconf 89' lang='lat' dir='ltr'><strong>initiati,</strong></span> <span class='ocrx_word' id='word_1_828' title='bbox 1541 2814 1740 2841; x_wconf 81' lang='lat' dir='ltr'><strong>verumtamen,</strong></span> 
     </span>
    </p>
   </div>
   <div class='ocr_carea' id='block_1_118' title="bbox 956 2855 1738 2892">
    <p class='ocr_par' dir='ltr' id='par_1_118' title="bbox 956 2855 1738 2892">
     <span class='ocr_line' id='line_1_118' title="bbox 956 2855 1738 2892; baseline -0.005 -7"><span class='ocrx_word' id='word_1_829' title='bbox 956 2865 1017 2885; x_wconf 88' lang='lat' dir='ltr'><strong>cum</strong></span> <span class='ocrx_word' id='word_1_830' title='bbox 1031 2858 1216 2892; x_wconf 81' lang='lat' dir='ltr'><strong>imprudenter</strong></span> <span class='ocrx_word' id='word_1_831' title='bbox 1238 2858 1263 2884; x_wconf 94' lang='lat' dir='ltr'><strong>in</strong></span> <span class='ocrx_word' id='word_1_832' title='bbox 1286 2857 1384 2885; x_wconf 85' lang='lat' dir='ltr'><strong>malum</strong></span> <span class='ocrx_word' id='word_1_833' title='bbox 1401 2857 1498 2891; x_wconf 84' lang='lat' dir='ltr'><strong>relapsi</strong></span> <span class='ocrx_word' id='word_1_834' title='bbox 1514 2856 1583 2889; x_wconf 79' lang='lat' dir='ltr'><strong>sint,</strong></span> <span class='ocrx_word' id='word_1_835' title='bbox 1599 2863 1614 2882; x_wconf 91' lang='lat' dir='ltr'><strong>a</strong></span> <span class='ocrx_word' id='word_1_836' title='bbox 1630 2855 1738 2882; x_wconf 89' lang='lat' dir='ltr'><strong>divino-</strong></span> 
     </span>
    </p>
   </div>
   <div class='ocr_carea' id='block_1_119' title="bbox 958 2903 1738 2939">
    <p class='ocr_par' dir='ltr' id='par_1_119' title="bbox 958 2903 1738 2939">
     <span class='ocr_line' id='line_1_119' title="bbox 958 2903 1738 2939; baseline -0.004 -8"><span class='ocrx_word' id='word_1_837' title='bbox 958 2911 1017 2931; x_wconf 87' lang='lat' dir='ltr'><strong>rum</strong></span> <span class='ocrx_word' id='word_1_838' title='bbox 1045 2903 1235 2939; x_wconf 80' lang='lat' dir='ltr'><strong>mysteriorum</strong></span> <span class='ocrx_word' id='word_1_839' title='bbox 1260 2904 1417 2939; x_wconf 84' lang='lat' dir='ltr'><strong>aspectibus</strong></span> <span class='ocrx_word' id='word_1_840' title='bbox 1443 2903 1590 2937; x_wconf 79' lang='lat' dir='ltr'><strong>divinaque</strong></span> <span class='ocrx_word' id='word_1_841' title='bbox 1616 2909 1738 2930; x_wconf 83' lang='lat' dir='ltr'><strong>commu-</strong></span> 
     </span>
    </p>
   </div>
  </div>
