1929 3068
193 148 245 182 575

779 144 807 173 S.
827 141 978 172 DIONYSII
994 138 1226 169 AREOPAGITIE
1240 161 1242 163 ι

1762 138 1821 167 576

193 206 275 233 nione
299 205 476 233 arcebuntur.
495 203 548 238 Qui
563 203 636 232 enim
659 202 766 236 indigne
782 201 926 229 manduca:
951 204 975 228 et

1028 206 1087 231 νει,
1111 197 1202 229 καθὼς
1217 198 1245 225 ὲν
1260 197 1294 234 τῇ
1315 196 1384 234 πρὸς
1406 194 1565 232 Κορινθίους
1589 194 1684 232 πρώτῃ
1702 196 1786 231 φησὶν
1807 197 1824 226 ὁ

192 251 274 282 bibit,
295 251 427 285 judicium
451 249 502 277 sibi
527 248 670 276 manducat
695 252 720 274 et
744 246 828 279 bibit,
854 246 925 274 sicut
949 246 977 272 in

191 298 278 331 prima
292 303 341 323 sua
360 296 393 322 ad
409 294 564 322 Corinthios
579 293 725 329 Apostolus
747 293 796 320 ait.
812 292 870 320 Non
884 293 978 320 incon-

191 348 258 376 grue
273 345 364 368 autem
389 340 572 367 admittuntur
592 339 625 365 ad
639 346 671 366 ea
686 345 745 373 qua
770 337 814 365 hic
833 342 977 372 geruntur,

191 392 220 413 ιιι
235 387 341 414 discant
369 385 464 413 mortis
481 384 714 415 ittcertitudinem,
730 388 758 411 et
771 384 881 418 praemia
893 383 979 418 justo-

191 440 250 458 runt
265 439 298 459 ac
311 435 488 466 peccatorum
506 437 612 464 ptettas.
627 429 734 456 Adsunt
750 428 853 463 itaque,
868 432 897 454 ut
913 427 978 455 hinc

192 477 295 512 aliquid
312 476 440 504 utilitatis
457 475 556 508 ferant,
574 479 603 502 et
621 474 681 502 illos
695 473 766 501 forte
782 473 911 501 similium
930 473 977 501 de-

189 523 322 550 siderium
336 521 470 550 excitabit

225 565 302 602 §lV.
334 566 440 594 Deinde
467 569 568 592 tractat.
596 564 678 592 etiam
702 563 737 591 de
762 563 923 591 salutatione
949 567 977 590 et

187 612 313 640 oratione
331 620 339 638 :
359 616 388 639 et
412 611 503 639 oratio
524 610 632 645 quidem
654 609 777 644 precatio
800 614 844 637 est
865 616 914 644 pro
928 609 976 635 de-

192 658 297 690 functo,
314 661 344 684 ut
358 657 546 684 constituatur
560 656 586 682 itt
602 655 663 683 sinu
690 655 927 690 patriarcharum,
948 653 977 681 in

189 700 248 728 luco
262 708 277 727 a
292 707 347 735 quo
360 700 471 728 tristitia
484 699 574 727 omnis
588 699 676 727 abest.

224 787 285 824 5V.
305 787 540 822 Quemadmodum
557 787 630 816 enim
653 787 688 815 ab
707 787 741 815 iis
756 794 817 821 quae
841 786 920 814 nobis
937 787 979 822 ju-

189 835 279 862 cunda
302 840 383 868 sunt,
401 839 431 861 ut
453 841 547 869 regno,
560 841 638 862 creua
649 853 658 867 ,
673 834 748 866 luce,
765 832 851 868 gloria
862 851 870 865 ,
887 833 978 868 splen-

1035 243 1206 275 Ἀπόσίυολος⁶
1221 243 1278 269 υὺκ
1289 242 1443 273 ἀπεικότως
1455 241 1483 268 δὲ
1495 241 1541 269 ἐπὶ
1553 242 1610 274 τοῖς
1625 240 1673 268 νῦν
1689 240 1825 277 τελουμέ-

1028 298 1085 322 νοις
1098 291 1144 317 καὶ
1155 287 1227 317 οὗτοι
1239 290 1378 325 πάρεισιν,
1389 286 1576 324 διδασκόμενοι
1587 288 1636 324 τὴν
1645 288 1756 323 ἀδηλίαν
1769 288 1822 316 τοῦ

1029 336 1162 368 θανάτου,
1176 336 1210 363 τά
1220 344 1250 362 τε
1271 334 1385 370 βραδεῖα
1404 335 1459 361 τῶν
1480 334 1608 366 δικαίων,
1632 334 1680 361 καὶ
1699 334 1750 366 τὰς
1763 334 1822 362 τῶν

1029 381 1198 417 ἁμαρτωλῶν
1212 381 1311 412 λύπας.
1327 380 1377 407 Διά
1393 379 1460 415 γοῦν
1470 380 1501 407 τὸ
1515 380 1640 407 ἐντεῦθεν
1652 381 1760 416 ὄφελος,
1771 383 1823 409 καὶ

1029 427 1072 454 ἵνα
1086 428 1157 464 τάχα
1171 428 1219 455 καὶ
1237 425 1309 455 οὗτοι
1328 427 1398 463 πρὸς
1417 427 1467 462 τὴν
1485 427 1539 454 τῶν
1550 427 1650 463 ὁμοίων
1661 427 1754 463 ἔφεσιν
1765 428 1823 455 διε-
1855 433 1858 435 “

1030 471 1148 506 γερθῶσι
1158 491 1165 504 ,
1178 472 1316 507 πάρεισιν.

1064 561 1136 599 ειν.
1158 561 1227 597 Ἤδη
1248 561 1430 597 διαλαμόάνει
1449 559 1496 588 καὶ
1513 561 1577 597 περὶ
1595 560 1643 588 τοῦ
1670 560 1819 597 ἀσπασμοῦ

1029 608 1076 634 καὶ
1085 608 1135 643 τῆς
1148 607 1246 643 εύχῆς⁶
1260 607 1307 634 καὶ
1320 607 1336 642 ή
1350 606 1401 642 μὲν
1419 606 1485 642 εὐχὴ
1497 606 1588 641 δέησίς
1600 606 1673 632 ὲστιν
1685 607 1756 643 ὑπὲρ
1768 605 1819 632 τοῦ

1029 653 1250 689 κεκοιμημένου,
1285 653 1329 680 ῐνα
1356 652 1541 689 καταταχθείη
1570 653 1599 679 ὲν
1627 651 1736 684 κόλποις
1762 651 1821 680 τῶν

1029 698 1223 735 πατριαρχῶν,
1257 699 1286 724 ὲν
1308 697 1384 733 τόπῳ
1411 696 1476 725 ἔνθα
1509 696 1615 733 ἀπέδρα
1637 696 1673 725 τά
1700 696 1822 733 όδυνηρὰ

1028 745 1126 772 πάντα.

1064 790 1077 826 §
1092 789 1122 816 V.
1144 789 1249 825 Ὠσπερ
1267 788 1322 824 γὰρ
1337 789 1390 816 ἀπὸ
1404 788 1459 815 τῶν
1471 788 1536 824 ἡμῖν
1554 787 1649 823 ἡδέων,
1669 786 1720 822 τῆς
1743 786 1821 823 βασι-

1028 836 1114 869 λείας,
1129 835 1176 863 τοῦ
1193 835 1313 867 δείπνου,
1331 834 1378 862 τοῦ
1391 834 1479 869 φωτὸς
1489 854 1496 866 ,
1511 834 1560 869 τῆς
1573 833 1652 869 δόξης
1662 853 1669 866 ,
1683 834 1733 869 τῆς
1747 833 1820 869 λαμ-

189 879 273 913 dore,
288 887 349 914 qum
373 879 409 906 ibi
430 883 493 906 sunt
508 878 577 906 bona
598 878 787 912 designantur,
806 885 866 912 quae
882 877 975 905 oculus

1028 881 1178 917 πρότητος,
1213 879 1249 908 τὰ
1273 881 1362 907 ἐκεῖσε
1394 878 1641 916 χαρακτηρίζονται
1670 878 1772 913 ἀγαθὰ,
1799 878 1819 905 ἃ

190 931 244 951 non
269 924 348 956 vidit.
377 931 428 951 nec
452 924 528 951 auris
551 924 669 955 audivit;
695 923 735 951 sic
753 923 836 950 etiam
854 930 915 958 quae
940 923 975 950 ibi

188 968 302 996 molesta
323 973 397 1001 sunt,
412 969 446 995 ab
460 969 536 996 hisce
552 968 685 996 molestiis
702 968 877 996 denominata
901 971 975 1000 sunt,

189 1014 308 1042 tenebras
325 1019 352 1042 et
367 1015 468 1043 stridor
483 1015 615 1046 dentium,
639 1019 666 1042 et
695 1014 785 1045 dolor.
809 1019 837 1042 et
854 1014 975 1047 tristitia,

187 1066 216 1087 et
231 1060 386 1095 singultus:
404 1061 462 1088 hazc
475 1060 549 1088 ettim
563 1066 628 1088 sunt
646 1060 769 1095 analogia
794 1060 971 1095 significatio-

188 1115 247 1140 nes,
262 1114 323 1142 quae
337 1114 352 1134 a
372 1107 486 1134 veritate
499 1107 631 1134 bonorum
652 1114 685 1134 ac
702 1106 891 1134 molestiarum
906 1106 973 1134 ista-

189 1159 248 1180 rutu
260 1151 370 1179 omnino
379 1151 546 1186 discrepant.
557 1152 638 1179 Sinus
649 1156 739 1178 autem
751 1151 972 1186 patriarcharum

187 1204 406 1232 casterorumque
433 1202 590 1226 sanctorum
617 1201 681 1225 sunt
704 1197 870 1225 beatissima!
898 1204 975 1224 tuan-

190 1244 283 1270 siones
295 1263 303 1274 ,
317 1251 393 1277 quin,
411 1247 441 1269 ut
455 1242 563 1278 opinor,
579 1250 594 1271 a
609 1242 732 1271 sinuosis
757 1242 841 1269 tttaris
863 1241 975 1278 gremiis

187 1297 220 1316 ac
235 1289 366 1324 portubus
387 1290 495 1316 navium
523 1289 613 1323 potius
627 1289 824 1322 desumuntur,
849 1296 931 1323 quam
959 1296 974 1315 a

188 1333 249 1361 sinu
263 1330 390 1361 vestium.
416 1334 653 1367 Quemadmodum
682 1334 755 1362 ettim
770 1334 816 1368 qui
839 1333 865 1360 itt
891 1333 974 1362 maris

188 1384 353 1414 tempestate
366 1385 524 1414 versantur,
539 1379 572 1406 ad
589 1379 715 1407 marinos
729 1380 806 1407 sinus
821 1379 974 1411 attendunt,

188 1426 216 1453 in
231 1426 331 1461 quibus
355 1430 383 1453 et
406 1426 538 1461 quietiori
554 1433 620 1453 aura
639 1425 784 1458 fruuntur,
801 1425 876 1453 etab
891 1426 975 1460 agita-

190 1471 308 1499 tionibus
332 1472 493 1506 quiescttnt;
518 1472 555 1500 ita
579 1479 687 1507 quoque
706 1471 753 1506 qui
782 1472 809 1499 in
834 1472 885 1499 hac
915 1471 975 1498 vita

189 1518 398 1553 tempestatibus
419 1518 518 1552 iactati
541 1523 621 1550 sunt.
644 1519 671 1545 in
689 1519 797 1546 sinibus
819 1518 900 1553 $77
916 1518 975 1545 istis

188 1564 406 1600 conquiescunt,
434 1565 515 1593 tuodo
541 1565 648 1592 scilicet
674 1573 689 1593 e
710 1565 838 1599 periculis
855 1566 973 1593 anitttant

188 1618 266 1638 suam
282 1611 455 1638 vindicarint.
475 1611 523 1639 Sin
546 1619 611 1638 vero
625 1612 704 1640 sinus
725 1613 809 1639 etiam
826 1620 841 1638 a
854 1612 974 1639 vestibus

188 1656 293 1684 nostris
307 1657 395 1691 accipi
411 1657 574 1689 dixerimus.
592 1656 667 1691 juxta
682 1657 764 1684 illud:
777 1657 811 1686 Ut
825 1665 875 1685 nos
886 1657 975 1685 foveat

189 1701 266 1729 sinus
288 1702 413 1735 Abrahae.
439 1703 635 1730 convenienter
651 1703 702 1730 hoc
718 1710 827 1737 quoque
841 1702 974 1737 explicari

189 1747 285 1781 possit,
300 1747 372 1781 quod
387 1747 516 1775 nimirum
532 1748 671 1776 Abraham
687 1749 791 1783 primus
806 1749 839 1776 ad
854 1749 903 1776 Dei
926 1757 976 1776 no—

190 1794 277 1822 titiam
302 1795 437 1822 adductus
451 1795 486 1822 sit
499 1814 507 1827 .
534 1800 562 1822 et
579 1795 634 1823 Deo
649 1795 795 1823 familiaris
812 1795 950 1823 exstiterit
965 1802 974 1823 :

189 1839 231 1866 vel
247 1839 319 1873 quod
343 1843 422 1873 pater
445 1839 592 1867 multarunt
613 1841 734 1875 gentium
757 1840 909 1875 appellatus
928 1840 974 1873 sit,

189 1893 284 1912 earum
305 1885 411 1912 scilicet
429 1893 491 1920 qua:
506 1886 658 1913 secundum
673 1886 811 1914 Christum
836 1891 917 1919 sunt;
933 1886 976 1914 vel

190 1935 302 1965 propter
323 1931 487 1965 patriarchae
513 1931 747 1965 hospitalitatem,
772 1932 826 1959 ista
850 1931 977 1960 facientis

190 1977 217 2002 itt
235 1977 284 2003 hac
297 1977 353 2002 vita
365 1996 373 2008 ,
399 1981 512 2011 propter
526 1984 587 2011 quae
603 1978 695 2005 muttdi
709 1977 834 2006 conditor
848 1985 881 2005 ac
890 1977 976 2012 judex

187 2022 275 2058 jnstos
291 2023 423 2050 cmlorum
444 2031 527 2059 regno
543 2024 703 2052 honorabit.

225 2068 240 2105 ᾗ
252 2068 294 2096 VI.
305 2069 358 2096 Sed
369 2070 426 2096 haec
439 2069 565 2098 fortassis
576 2070 687 2104 quidem
702 2070 770 2098 satis
786 2070 976 2099 demonstrata

188 2116 263 2150 sint,
283 2115 421 2143 dubitabis
443 2120 535 2144 tamen
558 2117 592 2144 de
616 2125 700 2152 prece
726 2118 874 2151 antistitis,
894 2125 976 2154 quam

189 2161 255 2188 facit
267 2169 316 2196 pro
329 2162 364 2189 iis
378 2162 424 2196 qui
437 2164 464 2189 lu
473 2163 595 2197 peccatis
608 2162 728 2191 defuncti
744 2169 823 2196 sunt;
839 2164 976 2198 quontodo

1026 926 1164 962 ὀφθαλμὸς
1179 926 1229 953 οὐκ
1242 924 1296 952 εἶδε
1308 947 1315 959 ,
1331 927 1378 954 καὶ
1391 924 1438 958 οὖς
1452 926 1503 952 οὐκ
1523 926 1656 960 ἦκουσεν·
1679 924 1750 951 οὕτω
1771 924 1820 950 καὶ

1025 971 1060 998 τὰ
1074 972 1164 998 ἐκεῖσε
1178 971 1298 1007 δυσχερῆ
1309 971 1364 999 ἀπὸ
1377 971 1430 998 τῶν
1447 969 1563 998 ἐνταῦθα
1577 969 1713 1005 δυσχερῶν
1727 977 1819 996 κατω-

1026 1017 1210 1053 νομάσθησαν,
1225 1017 1330 1049 σκότος,
1345 1018 1391 1044 uel.
1403 1017 1523 1054 βρυγμὸς
1535 1017 1659 1048 ὀδόντων,
1669 1017 1715 1042 καὶ
1726 1015 1819 1051 ὀδύνη,

1026 1064 1072 1091 καὶ
1087 1062 1171 1099 λύπη,
1184 1064 1231 1090 καὶ
1246 1063 1396 1099 στεναγμός
1405 1072 1412 1080 ⁸
1429 1063 1515 1091 ταῦτα
1528 1063 1582 1098 γάρ
1594 1064 1664 1089 είσιν
1677 1062 1705 1088 αἱ
1720 1061 1819 1089 ἀναλο-

1025 1118 1068 1144 γοι
1086 1110 1236 1146 σημασίαι,
1258 1109 1306 1136 καὶ
1328 1109 1382 1136 τῶν
1402 1109 1513 1144 ἀγαθῶν
1535 1109 1581 1136 καὶ
1604 1108 1659 1136 τῶν
1679 1107 1819 1143 δυσχερῶν

1024 1156 1185 1183 ἀποδέουσαι
1196 1156 1305 1188 πάντως
1318 1155 1367 1192 τῆς
1384 1156 1524 1191 ἀληθείας.
1541 1155 1644 1182 Κόλποι
1655 1154 1683 1181 δέ
1696 1155 1749 1180 εἰσι
1762 1153 1819 1179 τῶν

1025 1203 1202 1239 πατριαρχῶν
1224 1203 1270 1230 καὶ
1292 1202 1346 1229 τῶν
1368 1203 1470 1238 ἐτέρων
1495 1202 1582 1236 ἁγίων
1597 1202 1624 1228 αί
1649 1199 1820 1236 μακαρισταὶ

1027 1249 1106 1285 μοναί
1115 1258 1123 1266 ο
1134 1250 1159 1276 οἱ
1171 1250 1229 1281 καὶ,
1244 1249 1282 1282 ὡς
1297 1247 1374 1285 οἶμαι
1384 1269 1392 1282 ,
1406 1249 1460 1276 ἀπὸ
1471 1248 1526 1276 τῶν
1539 1247 1690 1274 θαλαττίων
1708 1246 1819 1274 κόλπων

1024 1296 1072 1322 καὶ
1083 1295 1200 1331 λιμένων
1212 1295 1293 1323 πλέον
1306 1295 1533 1331 ὲκλαμϐάνονται,
1547 1294 1563 1330 ἢ
1578 1293 1631 1321 ἀπὸ
1643 1293 1699 1320 τῶν
1711 1292 1820 1320 κόλπων

1022 1341 1079 1368 τῶν
1095 1342 1218 1377 ἱματίων.
1239 1341 1283 1373 Ὦς
1293 1340 1348 1377 γὰρ
1361 1341 1385 1367 el
1400 1341 1429 1368 ὲν
1455 1340 1569 1367 κλύδωνι
1587 1339 1724 1374 θαλάσσης
1742 1338 1820 1370 ὄντες

1026 1390 1094 1426 πρὸς
1108 1389 1170 1420 τοὺς
1191 1387 1350 1419 θαλαττίους
1362 1386 1486 1422 ἀφορῶσι
1509 1385 1643 1417 κόλπους,
1667 1385 1696 1410 ὲν
1718 1382 1758 1416 οἷς
1772 1384 1820 1412 καὶ

1025 1434 1255 1471 ὲλλιμενίζονται,
1285 1433 1333 1460 καὶ
1362 1432 1416 1460 τῶν
1447 1431 1574 1467 ταραχῶν
1611 1430 1816 1457 ἀποπαύονται·

1024 1481 1096 1508 οὕτω
1108 1480 1155 1507 καὶ
1165 1480 1191 1506 οί
1203 1480 1231 1506 ὲν
1244 1478 1284 1514 τῷ
1296 1478 1345 1514 βίῳ
1364 1477 1587 1513 κλυδωνιζόμενοι
1608 1476 1658 1512 ἠδη
1678 1476 1734 1507 τοῖς
1757 1475 1820 1502 κόλ-

1027 1535 1088 1558 ποις
1099 1526 1214 1557 ἐκείνοις
1227 1523 1457 1559 ὲλλιμενίζονται,
1477 1522 1537 1549 ἀλλ’
1560 1521 1618 1548 ὅσοι
1642 1521 1692 1556 τὴν
1714 1519 1820 1547 ἑαυτῶν

1025 1572 1114 1608 ψυχὴν
1133 1572 1272 1608 ἀνωτέραν
1283 1569 1331 1598 τοῦ
1353 1569 1477 1597 κινδύνου
1490 1566 1692 1603 διεφυλάξαντο.
1705 1567 1736 1593 El
1747 1566 1776 1592 δέ
1787 1574 1820 1600 γε

1025 1621 1089 1653 τοὺς
1100 1620 1217 1652 κόλπους
1228 1620 1276 1647 καὶ
1288 1618 1342 1646 ἀπὸ
1359 1616 1413 1645 τῶν
1427 1618 1456 1644 ὲν
1470 1617 1535 1653 ἡμῖν
1549 1614 1664 1651 ἱματίων
1679 1613 1820 1649 ἐκλαμϐα-

1025 1667 1119 1695 νεσϐαι
1140 1666 1283 1702 εἴποιμεν,
1306 1664 1377 1692 κατὰ
1398 1663 1448 1692 τό·
1474 1663 1533 1689 Ἵνα
1556 1662 1631 1697 ἡμᾶς
1654 1660 1744 1695 θάλψῃ
1771 1658 1819 1686 τοῦ

1031 1712 1157 1749 Ἀϐραὰμ
1172 1713 1186 1739 ό
1198 1712 1296 1743 κόλπος
1308 1719 1315 1726 ·
1331 1709 1478 1746 ἐξηγηοείη
1491 1707 1538 1734 καὶ
1555 1706 1633 1734 τοῦτο
1648 1705 1818 1742 προσφόρως,

1026 1759 1071 1786 διὰ
1082 1758 1112 1785 τὸ
1129 1757 1245 1794 πρώτως
1266 1757 1307 1788 είς
1318 1754 1483 1790 θεογνωσίαν
1498 1753 1615 1788 ἀχθῆναι
1627 1752 1672 1778 τὸν
1681 1750 1818 1786 Ἀϐραὰμ,

1026 1806 1073 1832 καὶ
1086 1804 1260 1838 οἰκειωοῆναι
1275 1802 1335 1838 Θεῷ
1345 1810 1353 1817 ί
1369 1800 1440 1837 ἢδιά
1453 1799 1484 1827 τὸ
1495 1799 1603 1835 πατέρα
1614 1797 1719 1825 πολλῶν
1731 1797 1817 1824 ἐθνῶν

1026 1850 1157 1885 κληθῆναι
1168 1870 1175 1882 ,
1189 1848 1244 1876 τῶν
1257 1847 1328 1875 κατά
1341 1845 1458 1882 Χριστδν
1478 1844 1579 1880 δηλαδή
1591 1851 1597 1859 ·
1613 1843 1630 1879 ἢ
1643 1842 1688 1869 διὰ
1700 1842 1750 1878 τὴν
1770 1841 1817 1868 τοῦ

1026 1895 1196 1931 πατριάρχου
1212 1893 1375 1929 φιλοξενίαν,
1387 1893 1479 1918 ἐκεῖνα
1490 1891 1653 1926 ποιήσαντος
1668 1890 1696 1916 ὲν
1707 1888 1747 1924 τῷ
1759 1888 1818 1924 βίῳ,

1027 1942 1056 1968 ὲν
1067 1942 1140 1973 ὅσοις
1152 1940 1185 1968 ἂν
1198 1941 1213 1967 ό
1223 1939 1327 1976 κόσμον
1341 1937 1442 1969 παντὸς
1459 1936 1575 1973 ποιητὴς
1587 1935 1634 1962 καὶ
1646 1934 1743 1971 κριτὴς
1756 1934 1819 1966 τοὺς

1026 1988 1146 2020 δικαίους
1155 1987 1207 2023 τῆς
1222 1985 1361 2023 βασιλείας
1373 1983 1543 2020 καταξιώσῃ.

1021 2049 1031 2059 .
1063 2074 1077 2111 §
1093 2075 1135 2102 Vl.
1149 2074 1219 2101 Ἀλλ’
1233 2073 1299 2105 ἴσως
1318 2071 1406 2099 ταῦτα
1429 2071 1479 2108 μὲν
1501 2070 1652 2103 ἀποδείξει·
1669 2069 1819 2106 ἀπορήσεις

1026 2121 1055 2148 δὲ
1071 2121 1135 2156 περὶ
1145 2121 1195 2156 τῆς
1207 2119 1353 2155 γινομένης
1365 2117 1448 2154 εὐχῆς
1469 2117 1544 2153 παρά
1566 2116 1613 2143 τοῦ
1633 2116 1762 2152 ίεράρχου
1773 2115 1819 2142 ἐπὶ

1027 2168 1083 2199 τοῖς
1094 2167 1123 2193 ὲν
1136 2165 1284 2202 ἁμαρτίαις
1297 2163 1507 2200 κικοιμημένοις
1517 2172 1523 2178 ·
1537 2163 1589 2194 ὅτι,
1603 2161 1662 2194 πῶς
1673 2161 1703 2188 τὸ
1715 2160 1818 2188 δίκαιον

188 2207 319 2235 nimirum
337 2208 444 2243 jnstitia
458 2209 565 2236 Domini
589 2209 719 2237 salvauda
736 2210 784 2242 sit,
800 2210 825 2237 si
838 2210 975 2237 exauditis

1030 2213 1230 2250 φυλαχθήσεται
1244 2211 1291 2239 τοῦ
1303 2211 1448 2242 Δεσπότου,
1466 2210 1543 2246 εἰπερ
1554 2208 1688 2240 ὲπακουὸς
1704 2208 1819 2243 γενόμε-

191 2255 318 2288 precibus
332 2255 418 2283 salvet
439 2263 501 2283 eum
522 2256 569 2290 qui
595 2261 721 2284 mortuus
736 2261 780 2283 est
798 2257 824 2283 in
840 2257 972 2291 peccatis.

189 2301 246 2336 Ego
259 2306 348 2329 autem
359 2320 368 2333 ,
382 2302 489 2337 inquit,
503 2301 607 2336 justam
630 2302 743 2337 quidem
757 2309 808 2337 pro
823 2302 902 2330 factis
918 2303 975 2330 suis

187 2347 273 2382 (hanc
291 2349 363 2375 enim
379 2348 584 2375 retributionem
601 2349 692 2384 vocat)
707 2354 809 2376 sortem
824 2349 975 2384 quemlibet

189 2392 347 2421 habiturum
364 2393 447 2427 probe
466 2393 542 2426 scio.
570 2393 721 2428 Scripturis
737 2395 931 2427 consentiens,
946 2400 976 2422 et

189 2439 329 2474 suhjungit
341 2440 434 2467 statim
451 2441 607 2468 testimonia
620 2440 780 2476 Scriptum.
794 2440 868 2469 Solis
883 2445 975 2468 autem

190 2485 394 2513 misericordias
410 2485 458 2514 Dei
472 2488 658 2519 merentibus,
681 2488 739 2515 sive
760 2487 829 2514 vivis
855 2487 914 2514 sive
929 2486 976 2514 de-

188 2531 310 2563 functis,
325 2540 380 2559 non
398 2539 461 2559 vero
479 2532 513 2560 iis
525 2533 574 2568 qui
592 2533 719 2560 damnari
737 2537 917 2565 meruerunt,
930 2533 975 2568 ju-

189 2583 293 2605 storum
309 2579 447 2612 prodesse.
464 2580 566 2614 scripta
577 2579 669 2607 divina
685 2580 792 2607 docent.
808 2579 877 2612 Quid
900 2579 975 2613 enim

191 2623 265 2653 ﬁat-li
291 2624 394 2658 profuit
417 2625 545 2652 Samuel?
564 2625 599 2653 Et
630 2625 696 2660 quid
723 2625 825 2656 Judteis
849 2624 976 2653 Jeremia:

191 2671 312 2705 precatio
327 2671 461 2699 contulit?
475 2671 511 2699 ad
522 2679 603 2706 quem
615 2672 684 2699 dixit
699 2672 846 2699 Dominus:
859 2671 901 2699 Ne
917 2679 976 2699 ores

188 2723 238 2750 pro
251 2716 346 2750 popula
363 2717 421 2744 hac.
439 2717 546 2744 Etenim
560 2722 589 2744 ut
603 2718 625 2745 si
638 2718 700 2753 quis
713 2718 771 2746 sole
786 2718 905 2750 lucente,
922 2717 975 2745 sibi

193 2762 244 2798 ipsi
263 2763 357 2792 oculos
368 2771 478 2796 eruens,
501 2763 570 2792 lucis
583 2764 644 2800 ejus
660 2765 798 2799 particeps
813 2763 869 2791 fieri
884 2769 974 2799 petat;

189 2808 232 2836 sic
253 2816 286 2836 ex
307 2809 468 2845 itnpossibili
487 2818 536 2846 spe
551 2811 663 2846 pendet,
678 2811 803 2846 quisquis
818 2814 975 2837 sanctorum

191 2861 288 2884 Dreces
301 2854 407 2890 ﬂagitat
423 2856 487 2885 dum
495 2857 625 2887 mandata
641 2857 686 2894 Dei
702 2865 755 2886 non
771 2861 874 2890 servat,
889 2863 976 2891 neque

1027 2269 1071 2292 νος
1083 2260 1137 2286 τῶν
1151 2258 1237 2294 εὐχῶν
1247 2277 1255 2289 ,
1272 2256 1354 2283 σώσει
1371 2256 1418 2283 τὸν
1435 2256 1464 2282 ἐν
1476 2255 1624 2291 ἁμαρτίαις
1639 2253 1816 2280 ἀποθανόντα.

1033 2304 1104 2339 Ἐγὼ
1121 2304 1149 2332 δὲ
1159 2324 1166 2337 ,
1182 2304 1223 2331 ὅτι
1243 2303 1292 2339 μὲν
1306 2302 1413 2329 δικαίαν
1427 2301 1495 2337 πρὸς
1507 2299 1557 2332 τὰς
1580 2299 1695 2335 πράξεις
1708 2298 1818 2334 (ταύτην

1027 2350 1081 2386 γὰρ
1090 2349 1234 2385 ἀμοιϐαίαν
1243 2348 1318 2382 λέγει
1329 2347 1338 2382 )
1355 2347 1411 2380 ἕξει
1422 2346 1472 2382 τὴν
1486 2345 1681 2380 ἀποκλήρωσιν
1691 2344 1816 2376 ἕκαστος,

1027 2395 1056 2424 εὖ
1069 2395 1143 2429 οἶδα,
1164 2393 1318 2422 ἀκολουθῶν
1329 2394 1390 2425 ταῖς
1408 2393 1531 2428 Γραφαῐς
1540 2399 1546 2406 ”
1560 2392 1608 2418 καὶ
1620 2390 1758 2426 παρευθὺς
1778 2390 1818 2416 τί-

1026 2443 1089 2478 Θησι
1111 2442 1158 2468 καὶ
1176 2439 1315 2477 γραφικάς
1337 2437 1500 2474 μαρτυρίας.
1516 2437 1576 2464 Ὀτι
1596 2436 1625 2462 δὲ
1648 2435 1744 2471 μόνους
1757 2435 1819 2467 τοὺς

1026 2489 1120 2522 ἀξίους
1133 2489 1188 2514 τῶν
1201 2486 1352 2522 οἰκτιρμῶν
1365 2484 1411 2511 τοῦ
1424 2483 1492 2510 Θεοῦ
1504 2481 1655 2517 ὠφελοῦσιν
1667 2483 1694 2508 al
1709 2481 1763 2507 τῶν
1780 2480 1818 2506 δια

1026 2536 1112 2563 καίων
1125 2534 1275 2571 προσευχαὶ
1286 2554 1294 2565 ,
1308 2532 1362 2559 εἴτε
1378 2531 1484 2563 ζῶντας
1496 2550 1504 2562 ,
1517 2530 1572 2556 εἴτε
1585 2529 1633 2556 καὶ
1642 2528 1818 2562 τελευτησαν-

1025 2590 1086 2614 τας⁷
1098 2581 1128 2608 οὐ
1142 2581 1195 2616 μὴν
1206 2580 1269 2611 τοὺς
1281 2576 1523 2613 ἀξιοκατακρίτους
1537 2576 1566 2602 αἱ
1584 2573 1719 2610 γραφικαὶ
1729 2581 1816 2608 παρα·
1832 2607 1835 2609 ἓ

1026 2629 1113 2660 δόσεις
1128 2627 1294 2654 διδάσκουσι.
1303 2625 1335 2651 Τί
1350 2624 1404 2660 γὰρ
1422 2623 1498 2659 παρά
1509 2622 1557 2649 τοῦ
1571 2620 1697 2657 Σαμουὴλ
1708 2620 1723 2646 ό
1734 2617 1817 2645 Σαοὺλ

1025 2673 1155 2709 ὠφελήθη
1167 2681 1174 2705 ;
1186 2671 1219 2699 Τί
1231 2671 1261 2698 δὲ
1273 2671 1335 2703 τοὺς
1344 2669 1486 2700 Ἰουδαίους
1498 2669 1515 2704 ἡ
1525 2666 1572 2694 τοῦ
1587 2665 1717 2702 Ἰερεμίου
1729 2664 1816 2700 ὢνησε

1027 2719 1165 2756 προσευχὴ
1176 2726 1183 2751 ;
1206 2717 1274 2753 πρὸς
1287 2717 1315 2743 ὃν
1328 2714 1404 2743 εἶπεν
1419 2716 1433 2743 ό
1449 2714 1554 2751 Κύριος
1565 2722 1572 2729 ·
1584 2713 1633 2746 Μὴ
1645 2710 1816 2746 προσεύχου

1026 2765 1094 2800 περὶ
1110 2763 1162 2791 τοῦ
1172 2763 1250 2791 ,2αοῦ
1264 2763 1382 2790 τούτου.
1397 2762 1503 2796 Ὥσπερ
1514 2759 1579 2796 γὰρ,
1593 2758 1639 2786 τοῦ
1657 2758 1734 2794 ἡλίου
1750 2756 1813 2791 λάμ.

1027 2818 1123 2841 ποντος
1133 2829 1140 2840 ,
1153 2807 1324 2842 ἐξαφανίζων
1336 2816 1378 2840 τις
1395 2806 1445 2839 τὰς
1455 2806 1559 2838 οίκείας
1573 2806 1649 2840 δψεις
1659 2824 1666 2836 ,
1688 2803 1759 2830 αἰτεῖ
1771 2811 1815 2837 με·

1028 2857 1138 2892 τασχεῐν
1153 2854 1241 2890 φωτός
1251 2863 1257 2870 ·
1279 2853 1350 2882 οὓτω
1372 2854 1419 2882 καὶ
1434 2852 1501 2889 πρὸς
1515 2851 1661 2883 ἀδυνάτους
1681 2849 1818 2885 κρέμαται»
