1929 3068
87 166 138 195 επ

353 165 397 194 DE
415 165 557 195 ECCLES.
577 164 778 198 HIERARCH.,
796 165 872 193 CAP.
894 165 950 194 γη.
966 181 1001 186 -
1013 165 1188 194 PARAPHR.
1206 165 1445 196 PACHYMERE.

1660 169 1713 196 ετξ

86 225 198 256 ἐλπίδας
213 225 228 251 ὁ
238 223 288 257 τὰς
298 224 352 251 τῶν
365 225 450 259 ἁγίων
465 226 512 261 μὲν
526 226 640 259 ἐξαιτῶν
659 225 821 262 προσευχὰς,
838 225 868 261 μὶ

928 224 1027 253 mentis
1038 224 1133 252 oculos
1149 229 1258 260 apertos
1274 225 1368 257 habet,
1383 230 1411 253 et
1427 225 1504 259 Juxta
1527 224 1711 257 Psalmistam.

86 270 210 306 κατέχων
229 270 258 296 δὲ
276 269 325 302 τὰς
338 271 385 298 τοῦ
399 270 467 297 Θεοῦ
488 271 614 303 ἐντολὰς,
638 271 706 307 μηδὲ
728 271 798 308 ἔχων
819 269 875 299 οἷον

85 315 364 352 ἀποκεκαλυμμένους
390 317 455 349 τοὺς
486 317 598 352 νοητοὺς
625 318 799 354 ὀφθαλμοὺς,
827 319 875 346 καὶ

85 362 262 393 ἐκλείποντας
284 362 345 398 ἥδη,
367 362 438 389 κατά
450 362 495 390 τὸν
513 363 674 399 Ψαλμῳδδν,
688 366 728 397 εἰς
738 365 769 392 τδ
788 366 875 401 σωτή-

86 416 143 444 ριον
160 407 207 435 τοῦ
225 407 302 434 Θεοῦ.
316 407 361 445 Μὴ
375 408 488 445 νομίσῃς
501 409 541 442 δὲ,
563 409 603 436 ὅτι
616 410 630 437 ὁ
641 410 716 446 ἥλιος
727 410 763 438 τὰ
775 412 873 440 ἑαυτοῦ

85 454 162 488 φῶτα
177 453 313 489 δωρεῖται,
335 452 404 490 (πῶς
416 453 470 490 γὰρ
484 454 527 487 ἂν,
541 454 642 491 ἄψυχος
654 455 701 489 ὢν,
722 456 873 493 δωρήσεται

83 499 187 535 δωρεάν
198 499 300 535 ;)ἀλλὰ
311 499 382 526 κατὰ
396 499 538 535 ἠθοποιίαν
554 502 633 529 οἱονεί
643 511 705 529 τινα
716 503 746 530 τὸ
761 503 872 539 προκεί-

84 553 165 580 μενον
184 544 268 579 λέγει,
283 545 388 582 ’Ὠσπερ
407 545 462 581 γὰρ
478 545 506 574 εἰ
520 555 563 578 τις
584 547 710 574 ὑπόθοιτο
730 547 776 575 τὸν
797 548 873 584 ἥλιον

82 590 214 625 λέγοντα“
239 590 309 626 Ἐγὼ
328 593 384 624 τοῖς
415 592 583 628 ἐρρωμένοις
606 593 754 630 ὀφθαλμοῖς
775 594 873 631 δίδωμι

81 636 141 671 φῶς
152 644 158 652 ·
175 634 234 664 ε’ίτα
249 636 370 664 ἀσθενῶν
387 646 431 670 τις
443 637 478 665 τὰ
492 638 604 674 ὄμματα
622 638 694 666 εἴποι
705 647 712 655 ·
726 639 776 672 Δὺς
787 640 872 676 κάμοὶ

80 682 131 718 τὴν
154 683 267 715 ἀκτῖνα,
291 683 416 719 ἔρρωμαι
440 684 512 720 γάρ·
538 684 610 719 λέγω
631 684 672 712 ὅτι
693 685 730 711 οὔ
744 685 872 712 τοσοῦτον

80 727 289 764 ὠφεληθήσεται
302 726 378 762 οὗτος
388 748 395 762 ,
408 729 470 757 ὅσον
490 730 537 758 καὶ
549 730 563 757 δ
576 730 650 767 ἑώρα
665 730 794 758 ἀπολέσει
804 740 811 746 ·
825 731 872 759 τὸν

80 774 164 802 αὐτὸν
182 775 282 811 τρόπον
304 775 352 802 καὶ
365 776 380 802 ό
397 775 620 813 ἀξιοκατάκριτος
638 777 799 813 ἁμαρτωλὸς
821 777 871 810 τὰς

78 819 135 862 τῶν
156 819 269 846 δικαίων
281 819 364 855 εὐχὰς
378 820 511 856 ἐκζητῶν,
528 822 655 854 κάκεῖνος
670 822 792 858 μηδόλως
809 823 871 848 ὲπι-

78 865 277 901 στρεφόμενος.
290 866 346 893 Καὶ
359 865 439 893 τοῦτό
456 868 516 894 ἐστι
533 868 563 895 τὸ
578 869 654 904 παρά
668 869 702 904 τῇ
716 869 811 904 Γραφῇ
831 868 872 895 λε-

76 911 195 947 γόμενον
205 920 214 927 ·
227 911 310 947 Μέγα
327 913 426 946 ἰσχύει
440 913 518 948 εὐχὴ
531 913 647 941 δικαίου
670 914 851 951 ἐνεργουμένη
862 923 869 930 ·

77 958 146 994 παρ’
166 959 271 986 ἐκείνου
293 959 349 995 γὰρ
366 959 486 994 λέγεται.
509 959 590 997 Παρὰ
609 960 639 988 δὲ
660 960 709 988 τοῦ
724 961 794 996 ὑπὲρ
808 958 839 989 οὗ
851 962 868 997 ἡ

76 1004 199 1037 ἔντευξις
214 1006 375 1042 ἐνεργεῖται⁷
386 1005 457 1041 λέγω
472 1006 536 1041 γοῦν
548 1006 621 1034 κατὰ
632 1006 682 1039 τὰς
695 1007 816 1044 Γραφάς,
831 1007 869 1039 ὡς

75 1050 212 1087 ὠφέλιμοι
239 1053 307 1079 εἰσιν
327 1052 355 1079 αἱ
368 1052 423 1079 τῶν
439 1051 551 1080 δικαίων
564 1053 642 1089 εὐχαὶ
653 1053 724 1080 κατά
736 1053 812 1080 τόνδε
824 1053 868 1080 τὸν

75 1096 188 1132 τρόπον,
206 1096 234 1123 ετ
246 1105 289 1129 τις
298 1118 306 1131 ,
323 1097 378 1125 τῶν
391 1098 424 1125 ἑκ
440 1097 508 1125 Θεοῦ
520 1098 630 1135 δωρεῶν
641 1098 782 1135 ἐφιέμενος
791 1117 798 1130 ,
822 1098 869 1125 καὶ

75 1142 148 1178 ἔχων
163 1142 282 1170 διάθεσιν
303 1143 409 1180 ἀγαθὴν
428 1144 497 1181 πρὸς
510 1144 606 1177 αὑτὰς,
625 1144 685 1181 (τὴν
696 1144 750 1181 γὰρ
763 1144 809 1172 τοῦ
830 1146 869 1172 οἰ·

75 1189 154 1216 κείου
179 1188 236 1225 βίου
261 1188 328 1225 πρὸς
350 1189 453 1226 ἀρετὴν
477 1189 598 1217 διάθεσιν
617 1190 674 1223 ἕξιν
693 1189 781 1223 εἶπεν,
807 1191 868 1226 ἥτις

76 1235 188 1267 πάντως
209 1234 312 1270 γίνεται
327 1236 359 1262 ὲκ
377 1236 427 1271 τῆς
444 1236 547 1268 οἰκείας
565 1236 789 1272 ἑπιγνωμοσύνης
803 1236 868 1264 ἑκά-

76 1289 141 1308 στου
152 1281 172 1316 ·)
183 1280 266 1308 ἐλθὼν
280 1281 326 1308 ὲπί
337 1289 398 1308 τινα
408 1281 462 1309 τῶν
474 1281 595 1314 δικαίων,
608 1282 732 1315 ἀξιώσειε
743 1282 867 1317 γενέσθαι

74 1327 111 1354 τὰ
134 1327 202 1363 πρὸς
220 1327 266 1354 τὸν
283 1326 349 1354 Θεὺν
365 1328 620 1364 συμπαρακλήτορά
639 1327 663 1355 oi
687 1328 733 1355 καὶ
761 1328 862 1364 ἐαυτῷ,

75 1373 285 1409 ὠφεληθήσεται
306 1374 415 1406 πάντως
431 1374 464 1401 ὲκ
477 1373 572 1401 τούτου
584 1374 633 1410 τὴν
649 1374 780 1411 μεγίστην
793 1374 866 1410 ὠφέ-

73 1417 168 1444 λειαν·
183 1418 397 1455 ὰποδεχθήσεται
410 1419 464 1455 γὰρ
477 1419 552 1456 παρὰ
565 1418 632 1446 Θεοῦ
648 1419 730 1447 ἕνεκα
750 1420 800 1455 τῆς
820 1420 867 1446 εὐ-

73 1464 175 1497 λαϐοὖς
183 1465 265 1492 αὑτοῦ
278 1466 513 1502 ὲπιγνωμοσύνης,
526 1466 631 1502 καὶτῆς
644 1466 690 1493 ἐπὶ
703 1466 767 1498 τοὺς
777 1466 867 1499 ὁσίους

73 1509 182 1542 αἰδοῦς,
199 1510 239 1537 ἔτι
261 1510 290 1537 δὲ
312 1511 420 1546 καὶτῆς
431 1511 551 1546 ἐφέσεως
572 1511 619 1538 καὶ
632 1511 744 1548 μετρίας
764 1510 864 1544 ἓξεως·

72 1554 156 1582 τοῦτο
169 1555 224 1591 γάρ
241 1556 299 1583 ἐστι
314 1556 344 1583 τὸ
356 1556 534 1592 κατάλληλον,
547 1556 588 1584 ὅτι
604 1556 638 1584 τὰ
648 1556 719 1584 καλὰ
730 1557 865 1592 ςὴγάπησε

72 1600 124 1628 καὶ
136 1599 277 1636 ἐζήτησεν.
292 1601 370 1628 Ἔστι
382 1601 436 1637 γὰρ
450 1601 584 1629 καὶτοῦτο
595 1603 651 1635 τοῖς
665 1602 747 1634 θείοις
760 1610 867 1638 νενομο-

72 1646 224 1682 θετημένον
237 1647 363 1683 κρίμασι,
376 1647 408 1674 τδ
419 1647 562 1684 δωρεῖσθαι
575 1649 632 1681 τοῖς
645 1649 731 1683 ἀξίοις
752 1649 800 1676 τοῦ
817 1657 865 1685 με-

70 1693 186 1727 τασχεῖν
205 1692 249 1719 διὰ
261 1693 315 1720 τῶν
339 1693 421 1727 ἀξίων
435 1693 483 1720 τοῦ
505 1694 675 1730 μεταδοῦναι.
699 1695 741 1727 Ὠς
754 1695 808 1731 γὰρ
821 1695 866 1722 τὸν

72 1735 209 1772 ζητοῦντα
226 1737 376 1773 φιλοκρινετ
386 1758 393 1771 ,
409 1738 487 1775 εἰπερ
503 1739 562 1766 ἐστὶ
574 1740 624 1776 τῆς
648 1739 752 1776 δωρεᾶς
771 1740 846 1774 ἄξιος
856 1760 864 1772 ,

70 1782 147 1808 οὕτω
170 1782 274 1810 καὶτὸν
299 1783 447 1819 εὐχόμενον
459 1785 616 1821 ἐρευνήσει,
642 1785 722 1821 εἰπερ
737 1785 796 1813 ἐστὶ
819 1786 866 1813 καὶ

70 1827 158 1859 αὐτὸς
172 1827 245 1861 ἄξιος
258 1828 481 1866 ὑπηρετήσασθαι
493 1830 561 1866 πρὸς
575 1831 678 1858 ἐκεῖνον
689 1831 802 1867 τοιούτῳ
814 1831 866 1858 δω-

72 1875 188 1910 ρήματι.
196 1875 252 1910 Οὐχ
263 1875 356 1908 ἁπλῶς
371 1874 417 1903 οὖν
430 1875 462 1903 τὸ
471 1877 539 1913 πρὸς
551 1877 626 1904 θείαν
636 1877 744 1913 ὁμιλίαν
755 1879 864 1914 χωρεῖν,

70 1921 124 1948 καὶ
145 1921 278 1948 αἰτεῖσθαι
293 1922 369 1958 παρὰ
385 1921 453 1949 Θεοῦ
474 1922 509 1949 τὰ
525 1923 666 1958 κρείττονα
681 1923 813 1951 κωλύσειε
823 1932 866 1956 τις

70 1966 226 2002 εὐφρονῶν,
240 1965 318 1999 εἰδὼς
333 1967 378 1994 τὸν
392 1968 476 2003 μέγαν
484 1968 644 1996 Ἀπόστολον
657 1969 861 2005 προστάσσοντα

71 2011 257 2044 ἀδιαλείπτως
269 2012 468 2049 προσεύχεσθαι
478 2022 485 2029 ’
502 2014 570 2041 ἀλλά
579 2014 610 2041 τὸ
624 2015 712 2051 οἰήσει
726 2014 787 2042 τινὰ
801 2023 867 2051 κρα-

69 2057 121 2085 τού
126 2066 205 2093 μενον
218 2058 399 2095 ὑπερφρονεῖν
413 2059 467 2087 τῶν
480 2059 582 2094 ἁγίων,
603 2061 650 2087 καὶ
665 2059 741 2097 παρὰ
756 2060 865 2095 φαύλων

69 2104 197 2131 τίθεσθαι
209 2104 258 2137 τὰς
270 2105 372 2132 τούτων
383 2105 475 2142 εὐχὰς,
489 2106 569 2133 τοῦτο
581 2107 629 2133 καὶ
641 2106 701 2134 λίαν
713 2108 769 2139 τοῖς
783 2107 866 2140 θείοις

69 2150 178 2187 ἀπᾷδον
191 2151 237 2178 καὶ
250 2152 448 2187 κεκωλυμένον.
464 2153 527 2180 Ὅτε
538 2153 567 2179 δὲ
583 2153 630 2180 καὶ
642 2152 731 2189 οἴησις
747 2154 783 2189 μὴ
796 2153 864 2186 ἐστι,

68 2198 144 2230 τέως
165 2197 300 2234 χρῄζομεν
313 2200 367 2226 τῶν
383 2200 518 2227 κοινωνῶν
532 2199 582 2235 τῆς
598 2199 679 2236 εὐχῆς
690 2209 696 2216 ·
713 2201 744 2228 τὺ
758 2201 807 2236 μὲν
822 2201 866 2227 ίνα

927 270 1088 298 deficientes
1110 269 1137 297 in
1161 270 1281 298 salutare
1297 270 1380 298 Dcik.
1402 270 1441 298 Ne
1454 271 1597 298 existimes
1621 275 1712 299 autent

930 317 1014 345 solent
1029 318 1096 345 dare
1110 316 1213 344 lumina
1230 325 1278 344 sua
1290 318 1436 351 (quomodo
1448 319 1520 345 enim
1531 338 1538 351 ,
1549 326 1609 345 cum
1623 319 1713 347 inani-

926 362 978 391 mis
992 363 1039 395 sit,
1051 363 1137 398 possit
1154 363 1219 390 dare
1235 363 1381 395 Inunttsi),
1393 365 1441 391 sed
1455 363 1536 391 veluti
1547 371 1595 398 per
1605 371 1711 392 morum

924 408 1070 444 quamdam
1088 409 1228 436 ﬁctionem
1253 409 1280 436 id
1308 409 1386 437 dicit.
1410 408 1486 436 Sicut
1505 409 1579 444 enim
1604 410 1627 437 si
1650 410 1712 445 quis

926 459 1062 489 Supponat
1073 454 1159 482 solem
1172 454 1282 482 dicere:
1298 455 1515 489 Egovalentibus
1522 455 1608 483 oculis
1621 455 1710 482 lumen

924 498 1011 533 dono;
1036 504 1130 534 postea
1154 499 1256 535 aliquis
1272 499 1401 528 laborans
1423 500 1513 528 oculis
1536 500 1635 527 dixerit
1649 509 1657 527 :
1671 499 1710 528 Da

923 543 1005 571 etiam
1021 543 1088 572 mihi
1105 545 1225 577 radium,
1247 545 1324 572 valeo
1348 545 1433 577 enim,
1449 544 1510 572 dico
1526 545 1552 573 id
1578 545 1642 572 huic
1655 553 1710 573 non

924 593 1028 618 tantum
1043 598 1096 618 non
1106 590 1289 625 profuturum,
1302 591 1367 625 quin
1382 591 1465 618 etiam
1478 591 1504 618 id
1519 591 1590 626 quod
1601 591 1712 620 videbat

923 636 1051 664 amittet:
1070 637 1164 664 eodem
1187 637 1270 664 etiam
1287 636 1367 664 modo
1397 637 1444 672 qui
1468 637 1595 664 damnari
1612 637 1712 664 meruit

921 687 1053 716 peccator
1065 682 1181 711 allectus
1193 687 1237 710 est
1246 704 1253 717 ,
1274 691 1336 711 cum
1347 683 1482 718 iustorum
1499 691 1595 719 preces
1607 683 1710 717 cuiaui-

923 732 981 760 ωε.
1005 734 1033 756 et
1055 729 1114 764 ipse
1138 737 1169 757 se
1187 736 1240 756 non
1256 729 1405 757 convertit.
1428 729 1461 756 Et
1479 729 1531 757 hoc
1553 734 1594 756 est
1610 730 1681 764 quod
1694 737 1708 757 a

923 774 1065 809 Scriptura
1090 774 1338 802 dicitur:Multam
1361 774 1429 802 valet
1444 775 1595 809 deprecatio
1611 774 1708 810 justil

921 828 937 848 a
953 821 1057 856 Spiritu
1072 821 1175 856 agitata
1193 820 1269 856 (29);
1287 821 1320 848 de
1341 821 1418 856 justo
1435 821 1509 848 enim
1529 821 1580 849 hoc
1597 821 1708 850 dicitur.

923 867 962 895 De
984 867 1030 896 illo
1046 872 1152 899 autem,
1176 875 1227 902 pro
1249 874 1305 902 quo
1327 867 1542 902 lltdepreeatio,
1560 866 1710 903 Scripturis

886 905 1030 948 Bquoque
1053 920 1173 940 consone
1193 913 1273 946 diro,
1299 913 1432 948 perutiles
1461 920 1524 940 esse
1550 919 1708 941 sanctortun

919 966 1030 994 preces,
1047 958 1195 985 dummodo
1209 958 1272 993 quis
1285 965 1426 986 sacrorum
1442 965 1586 986 munerum
1602 959 1711 987 deside-

919 1005 960 1033 rio
968 1004 1052 1040 278
1060 1011 1203 1035 accensus.
1214 1009 1241 1031 et
1257 1004 1291 1031 ad
1300 1004 1395 1032 eadem
1409 1006 1454 1039 ple
1465 1005 1501 1032 sit
1513 1003 1627 1032 aﬂ'ectus
1635 1004 1710 1039 (pro-

918 1051 987 1087 priae
996 1051 1068 1078 enim
1081 1051 1144 1078 vitae
1152 1050 1186 1077 ad
1195 1051 1324 1077 virtutem
1335 1049 1507 1078 an‘cctionem
1515 1051 1621 1078 vocavit
1630 1050 1710 1078 habi-

919 1098 1050 1131 tudinem,
1058 1104 1119 1132 qute
1125 1105 1159 1125 ex
1170 1096 1316 1131 cujuslibet
1324 1096 1490 1124 conscientia
1498 1096 1618 1131 exsistit)
1626 1097 1658 1124 ad
1667 1098 1709 1125 vi-

918 1151 980 1172 rum
994 1143 1227 1179 aliquemjustum
1242 1143 1376 1170 accedens
1386 1147 1472 1178 petat,
1481 1148 1510 1170 ut
1519 1143 1603 1170 Deum
1615 1150 1664 1178 pro
1679 1151 1709 1171 se

923 1195 1013 1225 roget,
1034 1190 1142 1224 sibique
1153 1189 1291 1221 conciliet,
1300 1196 1354 1223 qua
1369 1189 1477 1216 ratione
1485 1195 1550 1216 sane
1561 1190 1707 1216 maximum

917 1241 951 1263 ex
963 1243 996 1262 eo
1008 1234 1108 1262 referet
1121 1234 1336 1261 emolumentum
1352 1233 1423 1260 :voti
1438 1233 1510 1260 enim
1525 1239 1636 1267 coiupos
1649 1232 1707 1265 ﬂet,

918 1290 979 1309 cum
996 1285 1107 1317 propter
1121 1280 1319 1308 conscientiam
1331 1279 1502 1314 religiosam,
1526 1283 1583 1305 tum
1597 1282 1709 1313 propter

918 1333 1075 1355 sanctorum
1086 1326 1282 1359 reverentiam,
1295 1330 1352 1353 tum
1366 1329 1478 1361 propter
1491 1326 1544 1359 piae
1566 1324 1707 1359 petitionis

918 1374 1057 1406 allectum;
1072 1374 1124 1401 hoc
1136 1372 1210 1401 enim
1224 1372 1261 1399 ita
1274 1372 1414 1404 convenit,
1424 1370 1552 1407 quoniam
1569 1370 1641 1397 bona
1658 1371 1702 1396 ad-

917 1421 1030 1454 amavit,
1041 1424 1069 1448 et
1077 1419 1210 1454 quaesivit.
1223 1418 1331 1446 Etenim
1343 1417 1444 1446 divinis
1454 1417 1480 1443 id
1491 1415 1608 1444 decretis
1619 1415 1706 1444 stabi-

917 1466 994 1494 litum
1011 1471 1065 1499 est,
1077 1470 1107 1494 ut
1119 1473 1214 1494 eorum
1227 1464 1435 1500 participatione
1449 1464 1551 1499 dignis,
1570 1464 1707 1491 donentur

917 1520 965 1547 per
976 1520 1022 1541 eos
1031 1512 1078 1547 qui
1087 1511 1161 1546 digni
1174 1514 1237 1539 sunt
1245 1510 1338 1537 cadent
1346 1508 1708 1542 distribuere.Quemadmo-

918 1558 981 1584 dum
990 1557 1061 1585 enitn
1072 1556 1253 1592 postulantem
1261 1554 1296 1589 dij
1301 1555 1467 1587 udicat,num
1474 1556 1546 1581 dono
1554 1553 1651 1589 dignus
1658 1553 1705 1586 sit,

917 1603 957 1631 sic
970 1604 1052 1631 etiam
1064 1607 1221 1638 precantem
1229 1601 1408 1635 scrutabitur,
1417 1609 1480 1628 num
1493 1605 1521 1628 et
1537 1601 1595 1636 ipse
1606 1600 1706 1636 digitus

917 1650 953 1678 sit
974 1650 1028 1677 tale
1043 1649 1082 1677 illi
1100 1655 1199 1677 munus
1215 1649 1375 1683 impetrare.
1403 1647 1462 1674 Non
1487 1651 1591 1674 temere
1611 1647 1705 1682 itaque

917 1697 963 1731 qui
985 1697 1060 1731 cupit
1082 1696 1116 1723 ad
1138 1695 1260 1723 divinum
1281 1694 1451 1722 consortium
1475 1695 1615 1726 accedere,
1638 1697 1666 1721 et
1687 1701 1705 1720 a

918 1744 974 1771 Deo
992 1743 1096 1778 optima
1118 1749 1234 1778 quaeque
1255 1741 1394 1776 postulare
1417 1740 1619 1776 prohibebitur,
1641 1748 1706 1768 cum

916 1790 987 1818 sciat
1009 1796 1136 1824 magnum
1150 1788 1310 1824 Apostolum
1327 1787 1476 1823 prmcipere
1491 1791 1521 1814 ut
1535 1787 1705 1815 incessanter

916 1842 1045 1868 oremus;
1070 1834 1118 1862 sed
1141 1833 1290 1861 absurdum
1306 1833 1386 1860 simul
1400 1836 1428 1859 et
1442 1831 1566 1859 illicitum
1581 1838 1659 1866 esse,
1680 1831 1707 1858 si

920 1880 996 1916 quis,
1008 1879 1138 1915 opinione
1152 1886 1199 1906 sua
1216 1879 1355 1910 seductus,
1373 1884 1454 1912 supra
1477 1882 1587 1905 sanctos
1609 1884 1705 1912 sapere

916 1927 994 1960 velit,
1009 1931 1037 1954 et
1050 1933 1101 1961 pro
1118 1926 1200 1952 rebus
1227 1924 1306 1952 malis
1326 1930 1420 1958 preces
1440 1922 1566 1950 fundere.
1591 1922 1706 1955 Quando

917 1977 1008 2003 autem
1024 1971 1096 1998 nulla
1108 1971 1185 1998 adest
1200 1969 1293 2001 elatio,
1305 1974 1371 1996 tunc
1387 1976 1439 1996 non
1459 1967 1612 2003 refugimus
1625 1975 1708 1995 com-

916 2025 1012 2046 munes
1027 2023 1140 2053 preces;
1162 2021 1218 2043 tum
1235 2020 1264 2043 ut
1276 2015 1416 2042 discamus
1428 2021 1489 2049 quae
1501 2018 1594 2048 petere
1604 2014 1717 2042 debear

916 2071 988 2099 mus,
1000 2069 1057 2091 tum
1074 2070 1140 2090 vero
1154 2062 1237 2089 etiam
1253 2062 1390 2097 quomodo
1404 2069 1500 2096 preces
1513 2060 1704 2089 instituamus.

915 2110 1094 2138 Frustramur
1106 2109 1179 2137 enim
1192 2109 1274 2142 votis,
1287 2109 1329 2135 vel
1340 2109 1403 2144 quia
1421 2108 1556 2135 nescimus
1567 2107 1706 2142 quomodo

915 2156 1004 2183 oratio
1019 2155 1055 2182 sit
1070 2154 1236 2182 intendenda
1248 2174 1256 2188 ,
1275 2154 1325 2181 ista
1343 2154 1415 2181 cnim
1447 2159 1489 2181 est
1514 2153 1706 2188 postulationis

917 2201 1024 2229 inscitia
1036 2209 1044 2234 ;
1058 2200 1101 2228 vel
1116 2201 1180 2235 quia
1197 2207 1242 2227 res
1257 2200 1382 2235 indignas
1395 2199 1577 2234 postulamus.
1594 2199 1648 2227 Sed
1663 2199 1705 2226 di-

67 2244 264 2280 διδασκώμεθα
277 2245 307 2272 τὸ
319 2246 379 2272 τίνα
393 2246 426 2272 ἂν
440 2245 622 2282 αἰτησαίμεθα
631 2253 640 2262 ⁸
654 2247 685 2273 τδ
699 2247 728 2274 δὲ
739 2248 814 2280 ὅπως
826 2249 868 2275 αἰ-

921 2253 966 2275 cet
989 2246 1106 2281 aliquis:
1125 2245 1194 2279 Quid
1220 2251 1289 2280 opus
1322 2249 1366 2273 est
1392 2245 1580 2278 institutione,
1605 2250 1635 2272 ut
1656 2253 1704 2273 co-

68 2291 239 2328 τησαίμεθα.
253 2292 378 2328 Λὴσομεν
397 2291 451 2328 γὰρ
475 2292 656 2328 ἀποτυχόντες
674 2292 691 2328 ἦ
709 2292 753 2320 διὰ
773 2293 804 2319 τὸ
828 2293 866 2329 μὴ

69 2337 177 2365 εἰδέναι
200 2338 274 2370 ὅπως
299 2337 423 2371 σύντονος
444 2339 460 2374 ἡ
483 2339 575 2374 δέησις
594 2338 709 2373 γίνεται,
723 2338 801 2365 τοῦτο
812 2339 866 2375 γάρ

68 2386 150 2411 ἐστιν
162 2384 346 2421 ἀνεπιστῆμον
359 2385 408 2420 τῆς
423 2386 568 2421 αἰτήσεως,
582 2384 598 2420 ἢ
609 2384 654 2411 διὰ
669 2385 699 2411 τὺ
712 2385 809 2418 ἀνάξια
824 2385 867 2411 αἰ-

67 2433 143 2459 τεῖν.
163 2430 231 2457 Ἀλλ’
244 2424 325 2457 εῐποι
336 2440 378 2463 τις
399 2431 444 2458 ἄν·
458 2432 514 2458 Καὶ
532 2431 574 2462 τίς
595 2430 674 2466 χρεία
691 2430 866 2464 διδασκαλίας

69 2478 114 2509 είς
127 2475 160 2502 τδ
171 2475 272 2510 γνῶναι
284 2475 357 2508 τίνες
372 2476 441 2502 εἰσὶν
455 2476 483 2503 αἱ
499 2475 603 2508 ἀνάξιοι
617 2476 750 2511 αἰτήσεις,
764 2477 813 2502 καὶ
823 2477 865 2503 τί-

69 2530 118 2554 νες
140 2521 168 2547 αἰ
190 2519 281 2553 ἄξιαι,
299 2520 381 2547 aii-:06
401 2521 448 2548 τοῦ
468 2520 572 2557 Κυρίου
592 2520 733 2555 λέγοντος·
755 2522 867 2550 Αἰτεῖτε

69 2565 194 2601 πρῶτον
205 2565 262 2599 τὴν
268 2565 431 2598 ,ϐασιλείαν
442 2566 495 2593 τοῦ
504 2565 589 2597 Θεοῦ,
601 2564 649 2592 καὶ
660 2565 759 2592 τᾶλλα
769 2565 868 2593 πάντα

69 2611 313 2647 προστεθήσεται
328 2611 416 2647 ὺμῖν;
430 2611 553 2648 Λέγομεν
565 2613 605 2644 εἰς
616 2611 712 2645 τοῦτο,
728 2612 769 2639 ὅτι
782 2612 869 2640 πολλά

69 2658 130 2685 εἰσι
145 2656 180 2684 τὰ
193 2658 257 2693 παρ’
271 2657 350 2693 ἡμῶν
363 2658 533 2693 ἀγνοούμενα
547 2659 588 2685 ὅτι
602 2659 669 2685 εἰσὶν
685 2658 796 2692 ἀνάξια·
811 2659 870 2686 κλει

69 2703 200 2740 πτόμεθα
214 2703 268 2740 γὰρ
286 2704 320 2739 τῇ
341 2703 433 2738 εφέσει
444 2724 452 2737 ,
469 2704 516 2731 καὶ
533 2704 562 2731 ὲν
577 2703 727 2741 ἁμαρτίαις
741 2704 870 2737 πολλάκις

920 2299 1083 2329 gnoscamus
1102 2299 1226 2327 quaenam
1244 2291 1300 2318 sint
1316 2291 1436 2326 indignae
1464 2290 1661 2326 postulationes
1678 2295 1706 2319 et

917 2346 1042 2375 quaenam
1067 2338 1174 2373 dignae,
1200 2337 1314 2365 Domino
1335 2337 1465 2365 dicente:
1481 2336 1566 2364 Pelite
1590 2339 1705 2372 primum

917 2393 1026 2420 regnum
1052 2384 1118 2416 Dei,
1134 2389 1157 2411 et
1173 2389 1268 2411 cratera
1286 2384 1375 2411 omnia
1400 2384 1562 2419 adjiciantur
1572 2386 1643 2411 vobis
1673 2383 1706 2410 In?

917 2431 1038 2459 Dicimus
1063 2431 1165 2458 idcirco
1180 2430 1266 2457 multa
1282 2431 1361 2458 nobis
1378 2437 1441 2457 esse
1465 2430 1556 2464 ignota
1572 2438 1633 2465 qua:
1651 2429 1706 2457 sint

917 2477 1029 2513 indigna
1053 2485 1061 2505 :
1086 2484 1149 2504 nam
1172 2476 1321 2511 cupiditate
1344 2476 1512 2511 decipimur,
1536 2480 1562 2503 et
1586 2476 1707 2510 peccatis

917 2530 1107 2558 saepenumero
1131 2521 1382 2554 circumvenimur,
1413 2528 1599 2556 saepenumero
1623 2521 1706 2548 etism

920 2575 1059 2602 rogamus,
1076 2572 1105 2595 et
1118 2567 1190 2596 bona
1209 2567 1319 2601 indigne
1332 2566 1517 2600 postulamus,
1540 2566 1706 2597 nescientes,

920 2614 1048 2644 adversa,
1066 2620 1126 2647 qum
1141 2612 1274 2647 pennissu
1288 2611 1333 2639 Dei
1348 2611 1511 2644 obveniunt,
1526 2610 1613 2646 magis
1625 2611 1708 2645 protl-

921 2665 992 2686 esse.
1016 2657 1158 2691 Quomodo
1181 2657 1252 2684 enim
1270 2657 1351 2684 Israel
1369 2658 1395 2684 in
1409 2657 1554 2694 [Egyptqu
1575 2657 1708 2684 transmi-

923 2708 1046 2739 grasset,
1068 2709 1096 2732 et
1111 2707 1213 2731 terram
1229 2702 1419 2738 promissionis
1434 2704 1637 2734 Ittcreditassct,
1654 2701 1707 2729 nisi

126 2805 141 2825 ἱ
157 2805 230 2833 Psal.
249 2813 347 2839 cxvm,
363 2806 424 2833 125.
462 2804 541 2832 ‘Jac.
559 2814 586 2838 ν,
602 2806 646 2835 16.
685 2810 704 2822 ¹¹
721 2806 816 2835 Matth.
831 2814 868 2841 Vl,
887 2806 933 2835 35.

112 2894 172 2927 ('29)
191 2895 284 2923 Gra‘ce
297 2895 491 2930 ἐνεργουμένη.
508 2895 586 2931 Vulg.
602 2895 722 2922 assidua.
