1929 3068
217 170 220 172 ’
234 173 286 201 563
826 174 853 202 S.
873 174 1022 202 DIONYSII
1038 174 1272 203 AREOPAGI'LE
1811 174 1858 203 564

235 231 349 265 malque
361 231 505 266 semetipse
519 231 635 267 benigne
654 233 828 260 conlormans
844 234 876 261 ad
893 234 1008 261 imitatio

1076 241 1159 268 μητον
1179 231 1344 266 ἁγαθοειδῶς
1358 231 1569 268 ἐκτυπούμενος,
1582 231 1629 258 καὶ
1640 229 1689 263 τὰς
1701 229 1801 266 ἐτέρων
1812 231 1860 257 δω-

235 285 296 304 nem
316 277 375 310 Dei,
395 285 449 305 non
466 286 545 306 secus
569 278 631 305 aliis
649 286 728 313 quam
751 279 801 306 sibi
820 279 869 313 ipsi
885 278 953 305 dona
971 287 1011 313 po-

1073 278 1138 313 ρεὰς
1150 277 1187 310 ὡς
1198 278 1301 310 οἰκείας
1311 277 1423 311 ἐξαιτῶν
1431 278 1556 314 χάριτας·
1569 278 1627 313 ἅμα
1634 277 1662 304 δὲ
1673 275 1777 308 καὶτὰς
1785 275 1860 310 ἀψευ-

232 331 313 351 scens
330 331 363 352 ac
375 324 492 359 gratias;
507 326 596 352 sciens
611 325 674 352 item
693 326 886 360 promissiones
901 326 947 353 Dei
961 333 1011 353 esst

1071 323 1126 355 δεῖς
1136 323 1300 358 ἐπαγγελίας
1309 323 1385 355 εἰδὼς
1397 323 1538 359 ἐσομένας,
1552 324 1598 350 καὶ
1608 324 1664 354 τοῖς
1674 322 1805 357 παροῦσιν
1814 322 1858 348 ὲκ-

233 369 404 404 infallibiles,
423 371 601 406 praesentibus
615 371 697 398 etiam
720 375 813 405 aperte
827 371 956 403 declarat,
974 370 1019 397 illa

233 422 293 448 quae
310 415 344 442 ab
355 423 388 443 eo
401 416 463 450 jure
477 425 556 444 sacro
568 417 748 452 postulantur,
763 425 872 451 prorsus
887 422 1018 444 eventura

234 461 298 494 illis,
316 462 363 496 qui
379 463 526 490 secundum
540 462 624 490 Deum
637 464 719 491 vitam
736 463 958 490 consummarint.
973 463 1019 490 Et-

234 509 306 534 enim
328 509 464 540 antistes,
479 516 540 535 cum
563 509 598 536 sit
620 509 772 543 prtecipuns
788 509 885 536 divinae
907 507 1018 543 iustitia:

234 560 334 587 praeco,
351 561 489 588 nunquam
502 554 653 588 postularet
667 562 698 581 ea
712 562 772 588 quae
785 561 838 581 non
853 559 943 581 essent
963 554 1018 581 Deo

234 602 315 628 quam
329 596 494 630 gratissima,
510 602 538 624 et
548 598 624 631 juxta
638 598 832 632 promissiones
844 597 902 632 ejus
918 599 1018 626 deifor»-

234 640 316 667 initer
336 642 521 669 concedenda.
543 643 725 676 Quamobrem
739 644 874 672 defunctis
890 644 1018 678 improbis

234 691 405 720 nequaquam
430 687 581 715 istiusmodi
601 695 748 722 precatur,
767 697 820 716 non
843 689 929 717 solum
945 691 1017 724 quod

234 730 390 765 interpretis
400 732 516 760 omnium
535 733 563 761 in
577 735 628 761 hoc
640 735 773 768 violaret,
787 741 870 770 atque
885 744 1017 771 praesum-

233 781 330 811 ptuose
338 777 388 805 sibi
398 778 544 814 quidquam
553 787 693 807 munerum
703 782 897 816 pontificalium
906 790 1016 818 arroga-

233 827 287 855 ret,
305 824 339 850 ab
350 829 462 852 auctore
479 826 670 862 mysteriorum
685 828 796 855 tninime
805 833 894 856 motus
904 836 910 860 ;
922 836 1014 856 verum

232 869 314 896 etiam
329 871 399 904 quod
420 871 500 906 impia
517 865 649 906 petitione
663 872 854 906 frustraretur,
874 879 902 902 et
915 883 930 902 a
941 875 1015 909 justo

231 922 346 948 prorsus
363 916 469 950 eloquio
484 917 564 944 etiam
582 919 640 953 ipse
660 919 759 946 merito
770 920 898 947 audiens:
909 919 1015 954 Pelitis,
1031 909 1053 936 Β

230 964 255 986 et
269 967 320 987 non
337 961 467 997 accipitis,
489 963 550 997 quia
566 967 635 991 male
655 965 739 999 petitis
753 965 776 992 τ.
792 965 912 993 Postulat
924 967 1016 1003 itaque

230 1009 341 1032 sanctus
360 1006 474 1035 antistes
487 1015 518 1035 ea
533 1015 593 1044 quae
605 1014 669 1036 sunt
682 1010 813 1038 divinitus
826 1013 969 1047 promissa,
987 1017 1015 1040 et

230 1056 341 1085 accepta
355 1057 420 1080 sunt
431 1053 496 1087 Deo,
509 1055 673 1089 omninoque
687 1055 842 1091 largienda;
855 1063 880 1085 et
889 1058 1014 1088 aﬂ'eetum

231 1097 411 1131 benignitatis
422 1106 479 1128 suae
493 1099 706 1128 clementissimo
722 1101 776 1129 Deo
790 1110 821 1130 ac
832 1105 1014 1137 praesentibus

230 1143 356 1171 omnibus
379 1150 473 1179 aperte
495 1146 660 1180 declarans,
682 1155 805 1180 quienam
831 1149 900 1177 bona
925 1152 1012 1178 sancti

229 1189 353 1223 adepturi
368 1191 424 1218 sint
436 1192 568 1220 insinuat.
590 1192 691 1220 Eodem
714 1195 795 1222 modo
811 1196 946 1224 antistites
966 1198 1013 1224 Ita-

231 1237 296 1263 bent
319 1241 481 1270 potestatem
501 1239 681 1274 segregandi,
701 1245 829 1276 tanquam
851 1242 1012 1277 interpretes

229 1282 381 1310 divinarum
393 1282 620 1317 justiﬁcationnm
635 1294 643 1320 ;
659 1294 711 1314 non
725 1288 797 1322 quod
808 1288 1012 1317 irrationalibus

229 1328 348 1356 motibus
360 1330 561 1364 sapientissima
574 1333 702 1361 divinitas
713 1335 850 1363 serviliter
869 1335 911 1371 (ut
927 1337 1012 1364 hone-

228 1379 271 1402 ste
283 1376 412 1414 dixerim)
426 1377 605 1414 obsequatur,
621 1381 668 1408 sed
689 1381 761 1416 quod
781 1381 891 1416 ipsimet
913 1383 1011 1417 Spiritu

230 1423 423 1457 mysteriorum
444 1425 600 1462 principali,
620 1434 635 1454 a
649 1434 704 1462 quo
719 1429 754 1455 ad
776 1428 1010 1464 interpretandum

228 1472 372 1494 moventur
389 1476 404 1495 a
427 1469 493 1504 Deo,
514 1479 563 1506 pro
579 1472 684 1500 meritis
703 1473 841 1508 judicatos
854 1480 1008 1503 secernant.

226 1513 342 1547 Accipite
355 1515 441 1551 enim,
460 1517 557 1550 inquit,
573 1517 703 1551 Spiritum
717 1525 838 1546 sanctum
863 1528 872 1546 :
898 1528 1009 1556 quarunt

228 1558 381 1586 remiseriu's
410 1567 537 1595 peceata,
567 1564 736 1591 remittuntur
768 1565 823 1598 eis;
851 1571 875 1592 et
898 1575 1045 1610 quorumc

231 1602 404 1638 retinueritis,
436 1609 537 1632 retenta
555 1613 614 1634 sunt
630 1609 652 1635 Β.
669 1609 737 1643 Quin
752 1615 779 1637 et
793 1611 828 1644 ei,
848 1613 893 1646 qui
906 1612 1011 1640 divinas

229 1648 409 1677 revelationes
418 1658 433 1677 a
445 1658 572 1685 supremo
581 1652 662 1681 Patre
674 1655 816 1690 didicerat,
825 1664 850 1683 In
861 1656 1011 1691 Scripturis

226 1695 350 1722 dicitur:
377 1697 556 1735 Quodcunque
579 1698 700 1734 ligaveris
726 1710 803 1735 super
828 1707 935 1736 terram,
963 1704 1011 1731 erit

224 1740 335 1775 ligatum
360 1747 384 1769 et
409 1744 437 1770 in
467 1745 560 1778 cazlie;
583 1750 608 1772 et
632 1749 803 1782 quodcunque
828 1750 935 1778 solveris
964 1759 1010 1777 su-

223 1794 271 1821 per
300 1791 417 1822 terram,
445 1792 493 1817 erit
515 1791 630 1819 solutum
657 1799 681 1820 et
703 1794 730 1821 in
758 1795 829 1822 caelis
856 1796 887 1829 h,
911 1797 947 1823 ita
981 1803 1011 1824 ut

224 1831 287 1865 ille,
309 1834 453 1869 orantisque
473 1837 594 1871 pontifex
613 1838 650 1865 illi
668 1839 782 1874 similis,
808 1841 883 1875 juxta
906 1843 1010 1870 revela-

225 1878 313 1907 tiones
335 1885 512 1915 paternarum
535 1883 761 1918 justilicationutn
788 1888 839 1916 sibi
868 1890 1007 1923 indultas,

223 1926 302 1959 quasi
320 1926 455 1961 interpres
467 1937 498 1957 ac
511 1931 628 1964 portitor
641 1932 697 1960 Deo
714 1935 813 1962 charos
831 1936 966 1965 admittat.
981 1943 1008 1966 et

223 1970 321 2006 impios
336 1974 473 2002 excludat.
488 1975 580 2011 Neque
588 1978 662 2006 enim
674 1985 796 2008 sanctam
806 1981 878 2009 illam
892 1983 1008 2019 Deipro-

225 2017 384 2052 fessionem,
401 2027 430 2047 ut
442 2021 548 2056 eloquia
563 2029 708 2061 testantur,
723 2031 797 2054 tnotu
811 2029 932 2063 proprio,
944 2017 1008 2057 car-

223 2071 291 2090 neve
304 2070 351 2092 aut
362 2067 493 2101 sanguine
509 2070 703 2105 revelantibus,
719 2073 765 2100 sed
780 2081 794 2100 a
808 2075 863 2102 Deo
875 2076 1006 2110 spiritali-

224 2114 266 2136 ter
282 2110 356 2142 illum
372 2112 510 2142 itnbuente
524 2116 669 2150 perdoctus
681 2138 688 2150 ,
705 2120 899 2153 pronuntiavit.
915 2122 1007 2156 Quare

222 2157 326 2184 sanctis
346 2159 514 2188 antistitibus
532 2167 586 2191 tam
603 2165 763 2198 segregandi
780 2173 862 2200 quam
882 2168 944 2196 aliis
961 2177 1006 2195 sa-

221 2202 276 2229 cris
297 2203 472 2234 facultatibus
487 2208 636 2241 utendum,
659 2214 740 2243 prout
762 2211 828 2245 ipsis
850 2212 1004 2242 divinorum

221 2254 317 2276 auctor
329 2253 519 2285 mysteriorum
532 2254 660 2282 divinitus
670 2256 753 2292 27o
766 2257 918 2293 iuspirarit.
935 2260 1003 2288 l’on-
1018 2251 1043 2281 Ῑ)

221 2295 309 2323 titiees
323 2302 414 2324 autem
431 2298 466 2325 ita
481 2292 586 2327 cteleris
598 2307 661 2328 sunt
673 2305 835 2333 observandi
854 2307 880 2333 in
894 2308 928 2334 iis
945 2316 1004 2341 qua:

221 2347 251 2369 ul.
264 2344 408 2377 pontiﬁces
426 2351 533 2380 gerunt,
553 2353 680 2383 tanquam
704 2351 755 2385 ipsi
770 2359 784 2378 a
800 2352 856 2380 Deo
873 2361 1001 2382 tn0vean—

219 2394 274 2417 tur.
289 2389 341 2422 Qui
355 2391 439 2424 enim,
453 2392 552 2426 inquit,
564 2403 606 2421 vos
619 2398 727 2430 spernit,
750 2406 791 2425 me
803 2401 929 2433 σρενιιίμ.

1072 368 1242 402 φαντορικῶς
1259 367 1400 402 ἐμφαίνων
1411 368 1442 400 ⁶⁹,
1458 368 1497 394 ὅτι
1510 367 1544 394 τὰ
1557 367 1620 402 παρ’
1633 366 1715 392 αὑτοῦ
1729 365 1798 392 κατὰ
1816 365 1859 392 θε-

1073 413 1139 448 σμὸν
1153 413 1223 449 ἱερὸν
1238 413 1424 448 ὲξαιτούμενα,
1440 413 1548 445 πάντως
1557 413 1695 444 ἐσταιτοῖς
1707 412 1777 439 κατὰ
1789 411 1860 438 θείαν

1071 456 1143 493 ζωὴν
1164 458 1394 493 τετελειωμέναις.
1412 458 1448 484 Οὐ
1464 457 1518 493 γὰρ
1538 457 1571 484 ἂν
1586 458 1600 483 ὁ
1615 458 1754 492 ἱεράρχης,
1770 457 1791 494 ῤ
1813 457 1860 492 τῆς

1071 502 1219 538 θεαρχικῆς
1238 503 1406 535 δικαιώσεως
1422 503 1575 539 ὑποφήτης,
1596 502 1685 539 ἐζήτει
1696 504 1718 518 ⁷⁰
1741 503 1805 529 ποτὲ
1826 502 1858 529 τὰ

1069 547 1158 584 μήτῷ
1178 548 1237 584 Θεῷ
1251 548 1479 584 προσφιλέστατα,
1496 550 1543 576 καὶ
1564 548 1634 584 πρὸς
1651 548 1733 574 αὑτοῦ
1751 548 1846 584 δοθήσε

1070 593 1131 621 σθαι
1144 593 1261 626 θειωδῶς
1268 594 1470 630 ἐπηγγελμένα.
1483 594 1530 620 Διὸ
1538 595 1594 625 τοῖς
1602 594 1718 629 ἀνιέροις
1727 594 1777 619 οὐκ
1784 593 1859 619 ἐπεύ-

1069 650 1146 678 χεται
1156 642 1242 669 ταῦτα
1263 643 1485 679 κεκοιμημένοις,
1503 644 1532 671 οὺ
1548 644 1626 680 μόνον
1637 645 1678 671 ὅτι
1691 644 1741 679 τῆς
1756 643 1859 678 ὑποφη-

1067 687 1147 723 τικῆς
1158 688 1179 703 τί
1194 688 1222 714 ἐν
1234 687 1321 724 τούτῳ
1334 689 1579 725 παρατραπήσεται
1591 689 1704 722 τάξεως,
1716 688 1762 714 καί
1771 687 1858 715 τιτῶν

1068 734 1234 770 ἱεραρχικῶν
1247 734 1370 766 αὐθαδῶς
1383 735 1529 771 τολμήσει,
1545 735 1581 771 μὴ
1594 735 1661 769 πρὸς
1673 734 1720 763 τοῦ
1733 733 1859 769 τελετάρ-

1067 786 1114 814 χου
1129 779 1317 814 κεκινημένος,
1332 779 1389 806 ἀλλ’
1402 780 1443 806 ὅτι
1457 781 1562 818 καὶτῆς
1574 781 1687 816 ἐναγοῦς
1695 781 1777 816 εὐχῆς
1790 781 1858 806 ἀποο

1066 824 1201 858 τεύξεται,
1214 824 1282 860 πρὸς
1289 825 1336 851 τοῦ
1348 825 1453 853 δικαίου
1466 826 1556 861 λογίου
1570 827 1617 853 καὶ
1625 826 1705 858 αὐτὸς
1720 826 1770 852 οὐκ
1780 825 1859 852 ἀπει-

1067 869 1152 901 κότως
1163 870 1279 896 ἀκούωνθ
1293 869 1415 903 Αἰτεῖτε,
1425 871 1473 898 καὶ
1488 873 1523 899 οὺ
1531 871 1707 906 λαμϐάνετε,
1723 870 1797 897 διότι
1807 879 1859 896 κα-

1068 915 1126 948 κῶς
1142 915 1259 944 αἰτεῖτε.
1276 917 1380 944 Οὐκοῦν
1402 919 1416 946 ὁ
1437 917 1507 950 θεῖος
1529 918 1657 953 ίεράρχης
1673 917 1801 949 Eget-rei"
1823 915 1858 942 τὰ

1068 961 1186 995 θειωδῶς
1203 964 1394 999 ἐπηγγελμένα
1402 964 1449 991 καὶ
1462 964 1526 999 φίλα
1539 964 1607 999 Θεῷ,
1623 964 1670 990 καὶ
1683 963 1791 994 πάντως
1805 962 1857 989 δω-

1069 1007 1252 1044 ρηθησόμενα·
1272 1010 1319 1036 καὶ
1339 1009 1369 1036 τὸ
1389 1010 1438 1045 τῆς
1456 1009 1558 1041 οἰκείας
1578 1009 1750 1044 ἀγαθοειδοῦς
1772 1008 1856 1040 ’ἐξεως

1066 1052 1219 1085 ἐπιδεικνὺς
1232 1053 1271 1089 τῷ
1285 1054 1425 1090 φιλαγάθῳ
1440 1054 1499 1090 Θεῷ
1508 1075 1515 1087 ,
1530 1054 1577 1081 καὶ
1590 1056 1646 1086 τοῖς
1663 1053 1797 1089 παροῦσιν
1811 1055 1858 1080 ὲκ-

1066 1098 1236 1134 φαντορικῶς
1247 1099 1386 1135 ἐμφαίνων
1400 1099 1435 1126 τὰ
1450 1101 1505 1132 τοῖς
1520 1099 1602 1131 ὁσίοις
1609 1100 1632 1115 ⁷³
1642 1099 1759 1134 ἐσόμενα
1770 1098 1856 1133 δῶρα.

1065 1141 1142 1168 Οὕτω
1156 1142 1203 1169 καὶ
1216 1142 1265 1174 τὰς
1280 1143 1459 1179 ἀφοριστικὰς
1473 1143 1579 1178 ἔχουσιν
1596 1143 1620 1169 οἱ
1634 1143 1760 1179 ῖεράρχαι
1773 1142 1857 1169 δυνά·-

1066 1196 1136 1223 μεις,
1149 1188 1187 1220 ὡς
1208 1189 1400 1225 ὲκφαντορικοὶ
1416 1188 1471 1216 τῶν
1486 1189 1566 1216 θείων
1586 1189 1786 1224 δικαιωμάτων,
1806 1188 1859 1224 οὐχ

1063 1233 1101 1264 ὡς
1115 1235 1175 1266 ταῖς
1186 1234 1276 1263 αιίτῶν
1287 1235 1395 1269 ἀλόγοις
1405 1235 1504 1271 ὁρμαῖς
1512 1235 1562 1271 τῆς
1575 1235 1712 1270 πανσόφου
1726 1234 1858 1270 Θεαρχίας

1063 1278 1206 1314 (εὐφήμως
1220 1279 1318 1315 εἰπεῖν)
1333 1280 1507 1316 ὑπηρετικῶς
1521 1280 1666 1316 ἑπομένης,
1678 1280 1736 1307 ἀλλ’
1751 1280 1789 1311 ὡς
1806 1279 1857 1306 αὐ-

1062 1324 1116 1350 τῶν
1124 1325 1300 1360 ὑποφητικῶς
1308 1325 1481 1354 ὑποκινοῦντι
1494 1325 1533 1362 τῷ
1540 1325 1725 1362 τελεταρχικῷ
1735 1325 1758 1342 “
1770 1325 1856 1352 πνεύ-

1064 1379 1127 1405 ματι
1140 1371 1203 1402 τοὺς
1216 1372 1395 1408 κεκριμένους
1410 1372 1469 1408 Θεῷ
1488 1373 1548 1400 κατ’
1561 1372 1639 1406 ἀξίαν
1658 1372 1855 1408 ἀφοριζόντων.

1061 1417 1172 1444 Λάϐετε
1186 1418 1250 1453 γὰρ,
1262 1419 1344 1454 φησὶ,
1354 1419 1387 1445 τὸ
1399 1419 1522 1454 Πνεῦμα
1532 1419 1565 1446 τὸ
1582 1419 1676 1454 ἅγιον·
1686 1418 1725 1445 ἄν
1732 1427 1823 1445 τινων
1830 1419 1856 1435 ⁷⁵

1060 1463 1157 1498 ἀφῆτε
1170 1464 1224 1497 τὰς
1240 1464 1394 1499 ἁμαρτίας.
1406 1465 1552 1500 ἀφίενται·
1566 1464 1605 1491 ἄν
1616 1473 1704 1491 τινων
1713 1465 1854 1499 κρατῆτε,

1060 1510 1322 1544 κεκράτηνται.Κα“ι
1331 1509 1369 1545 τῷ
1375 1510 1423 1542 τὰς
1432 1510 1506 1543 θείας
1518 1509 1702 1545 ἀποκαλύψεις
1708 1510 1755 1537 τοῦ
1766 1518 1857 1537 πανα-

1061 1554 1192 1589 γεστάτου
1212 1555 1318 1592 Πατρὸς
1334 1556 1532 1592 ὲλλαμπομένῳ
1554 1556 1589 1583 τὰ
1611 1556 1688 1590 λόγιά
1709 1565 1800 1591 φησιν·
1820 1556 1855 1584 Ὃ

1061 1601 1114 1628 ἐὰν
1128 1600 1226 1635 δήσῃς
1239 1601 1288 1628 ἐπὶ
1305 1601 1360 1636 τῆς
1380 1603 1447 1637 γῆς,
1465 1602 1550 1629 ἔσται
1562 1602 1720 1637 δεδεμένον
1738 1603 1774 1629 ἐν
1790 1603 1856 1636 τοῖς

1060 1648 1198 1682 οὐρανοῖς
1206 1649 1239 1665 ’θ’
1262 1648 1312 1675 καὶ
1332 1648 1347 1675 ὃ
1362 1648 1416 1675 ἐὰν
1433 1649 1532 1683 λύσῃς
1542 1649 1591 1676 ἐπὶ
1610 1649 1666 1684 τῆς
1688 1648 1755 1684 γῆς,
1766 1649 1854 1676 ἔσται

1059 1694 1269 1729 λελυμένονέν
1280 1693 1340 1728 τοῖς
1353 1694 1499 1728 οὐρανοῖς
1516 1695 1554 1727 ὡς
1568 1695 1673 1721 ἐκείνου
1684 1695 1706 1710 ⁷⁷
1721 1694 1768 1721 καὶ
1784 1702 1856 1721 παν-

1059 1739 1105 1772 τὸς
1120 1739 1167 1766 τοῦ
1181 1740 1241 1766 κατ’
1264 1739 1346 1766 αὐτὸν
1361 1740 1499 1776 ἱεράρχου,
1518 1739 1589 1767 κατὰ
1608 1740 1658 1772 τὰς
1672 1741 1701 1767 ὲν
1717 1739 1791 1774 αὐτῷ
1802 1748 1852 1774 γε-

1059 1786 1174 1821 νομένας
1184 1786 1206 1802 τθ
1224 1786 1279 1813 τῶν
1293 1785 1435 1821 πατρικῶν
1450 1786 1641 1821 δικαιωμάτων
1653 1785 1851 1820 ἀποκαλύψεις,

1058 1831 1262 1867 ἐκφαντορικῶς
1277 1832 1325 1858 καὶ
1337 1831 1590 1867 διαπορθμευτικῶς
1599 1830 1662 1863 τούς
1674 1839 1704 1857 τε
1716 1831 1853 1866 θεοφιλεῖς

1059 1877 1252 1913 προσιεμένου,
1276 1876 1404 1908 καὶτοὺς
1423 1876 1518 1908 ἀθέους
1539 1876 1769 1912 ἁποκληροῦντος.
1792 1877 1853 1903 Καὶ

1057 1923 1107 1959 τὴν
1119 1922 1193 1958 ἱερὰν
1205 1922 1260 1958 γὰρ
1278 1923 1385 1958 ἐκείνην
1399 1922 1546 1956 θεολογίαν,
1562 1922 1599 1953 ὡς
1616 1922 1650 1948 τὰ
1659 1922 1738 1956 λόγια
1754 1930 1851 1957 φησιν,

1057 1969 1107 1995 οὐκ
1124 1969 1315 2004 αὑτοκινήτως,
1328 1968 1388 1994 οὐδὲ
1404 1968 1504 2004 σαρκὸς
1523 1969 1569 1995 καὶ
1583 1968 1697 2003 αἵματος
1712 1968 1854 1994 ἀποκαλυ-

1057 2014 1174 2049 ψάντων,
1191 2014 1246 2041 ἀλλ’
1261 2014 1314 2041 ὑπὸ
1327 2014 1395 2041 Θεοῦ
1408 2014 1510 2050 νοητῶς
1521 2015 1601 2043 αὐτὸν
1610 2014 1644 2040 τὰ
1652 2014 1710 2041 θεῖα
1726 2014 1854 2049 μνήσαν-

1056 2069 1101 2092 τος
1126 2059 1324 2094 ἀπεφθέγξατο,
1348 2060 1417 2092 Τοὺς
1439 2060 1487 2096 μὲν
1510 2058 1557 2087 οὖν
1574 2060 1682 2091 ἐνθέους
1705 2059 1852 2095 ἱεράρχας,

1056 2106 1127 2133 οὕτω
1138 2107 1254 2138 καὶτοῖς
1266 2107 1438 2142 ἀφορισμοῖς,
1461 2108 1508 2134 καὶ
1526 2107 1626 2138 πάσαις
1644 2108 1705 2137 ταῖς
1727 2106 1856 2141 ἱεραρχι-

1056 2154 1117 2184 καῖς
1128 2152 1257 2187 δυνάμεσι
1270 2152 1411 2188 χρηστέον,
1425 2152 1498 2184 ὅπως
1510 2152 1565 2188 ἂνὴ
1578 2152 1735 2187 τελετὰρχις
1746 2152 1854 2185 αὐτοὺς

1056 2197 1168 2233 Θεαρχία
1178 2198 1293 2233 κινήσοι·
1312 2198 1374 2229 τοὺς
1387 2197 1414 2223 δὲ
1428 2197 1524 2229 ἄλλους
1536 2197 1608 2224 οὕτω
1619 2199 1675 2229 τοῖς
1692 2198 1852 2233 ἱεράρχαις,

1056 2243 1086 2268 ἐν
1105 2240 1146 2274 οἷς
1166 2242 1199 2268 ἃν
1215 2242 1314 2277 δρῶσιν
1336 2242 1513 2280 ίεροιρχικῶς,
1536 2242 1710 2278 προσεκτέον,
1732 2242 1770 2274 ὡς
1793 2242 1856 2269 ὑπὸ

1055 2286 1123 2313 Θεοῦ
1142 2287 1377 2323 κεκινημένους⁷⁹’
1400 2287 1426 2313 Ὀ
1440 2287 1557 2323 ,ἀθετῶν
1573 2286 1627 2323 γὰρ
1645 2286 1733 2322 ὑμᾶς,
1749 2287 1854 2322 φησὶν,

1053 2331 1106 2366 ἐμὲ
1120 2332 1225 2360 ἀθετεῖ.

964 2473 981 2511 §_
994 2473 1078 2506 vnt.

255 2533 306 2560 Sed
320 2534 376 2569 jam
399 2535 434 2562 ad
447 2543 490 2569 ea,
511 2545 570 2571 quze
586 2538 685 2566 dictant
702 2541 889 2575 precationem
904 2545 999 2572 subsc-

1094 2548 1166 2575 Ἀλλ’
1185 2548 1376 2584 ἐπανέλθωμεν
1398 2550 1438 2582 είς
1454 2549 1503 2582 τὰς
1520 2549 1571 2584 τῆς
1593 2551 1741 2587 εἰρημένης
1757 2552 1853 2588 εὐχῆς

217 2585 352 2614 qnuntur,
365 2581 516 2610 veniamus.
531 2582 581 2610 Ubi
598 2585 719 2618 pontifex
733 2594 794 2615 earn
809 2588 908 2622 iinivit,
925 2591 1000 2624 ipse-

1064 2592 1184 2621 ικόλουθα
1192 2594 1225 2620 ⁸ο.
1238 2581 1355 2626 Τελέσας
1366 2594 1421 2630 γὰρ
1431 2581 1515 2632 αὺτῆν
1532 2581 1688 2632 ὀ-ίεράρλξίης
1697 2617 1705 2630 ,
1717 2581 1853 2631 Quae};

258 2660 268 2679 ί
285 2659 342 2689 Jac.
360 2670 397 2695 tv,
416 2662 442 2691 5.
482 2664 585 2693 ‘Joan.
601 2674 647 2699 xx,
660 2667 708 2695 22.
754 2667 767 2687 ιι
783 2667 883 2696 Matth.
900 2679 953 2703 xvn,
971 2672 1013 2700 l9.

1066 2675 1073 2694 i
1092 2673 1158 2702 Luc.
1174 2683 1203 2708 Χ,
1218 2675 1260 2702 16.

849 2748 966 2778 νΑΙίΙᾹΙ
984 2750 1188 2780 LECTIONES.

253 2823 442 2868 ⁶⁹κὲκφαίνωνζὶ
448 2825 469 2853 Ρ
495 2826 524 2868 §;
539 2862 546 2868 _
559 2809 692 2868 _"ééﬁrst.
704 2862 720 2868 η
732 2829 869 2868 {smiles
883 2830 963 2868 μόνον
975 2831 1024 2868 τῆς
1037 2832 1131 2867 ὑποφ.,
1148 2832 1181 2861 SI.
1198 2833 1273 2861 Scot.
1310 2835 1332 2850 η
1345 2833 1499 2867 ὲξαιτεῖται,
1514 2833 1545 2861 ι).
1584 2833 1606 2849 ⁷³
1618 2834 1674 2865 τοῖς
1689 2833 1789 2868 ἁγίοις,
1803 2833 1843 2862 P.

249 2859 409 2896 τελετᾴρχῃ,
424 2861 456 2888 ί).
501 2862 524 2877 ⁷⁵
538 2862 585 2894 {civ
598 2858 688 2894 τινων,
704 2862 732 2890 S.
745 2864 772 2890 P.

215 2892 238 2908 "
251 2892 404 2930 γινομίνᾶξ,
421 2896 448 2923 S.
463 2897 492 2925 P.
503 2897 530 2924 υ.

820 2865 848 2902 "_
860 2865 899 2902 τῷ
914 2865 1032 2902 οὐρανῷ,

584 2898 606 2914 ⁷⁹
620 2899 819 2934 κεκινημένοις,
832 2899 860 2927 S.
872 2898 899 2926 1⁵.
913 2900 943 2927 υ.

1057 2867 1146 2895 M.Sc.
1191 2870 1213 2885 ⁷⁷
1225 2869 1263 2901 ὡς
1282 2870 1358 2902 ἁγίου
1380 2869 1571 2904 εὐαγγελιστοῦ
1592 2868 1713 2902 exslvet),
1735 2869 1766 2896 ill.
1787 2870 1843 2899 Sc.

994 2903 1017 2918 ⁸⁰
1033 2903 1061 2929 ἐν
1074 2904 1107 2940 τῇ
1120 2903 1263 2940 ἀκολουθίᾳ
1276 2924 1281 2935 ,
1299 2905 1335 2931 Μ.
