1929 3068
102 174 156 202 565

617 173 662 201 DE
677 173 818 203 ECCLES.
836 173 1037 205 HIERARCH.,
1053 175 1130 208 CAP.
1148 175 1204 203 VII.

1676 156 1728 202 ssc

103 229 253 262 ἀσπάζεται
267 228 312 256 τδν
332 236 544 264 κεκοιμημενον,
563 229 610 256 καὶ
629 229 693 266 ἑξῆς
712 230 736 256 οί
756 231 889 266 παρόντες

950 234 996 256 not
1008 230 1164 258 defunctum
1177 229 1288 263 salutat,
1303 237 1335 257 ac
1349 230 1446 258 deinde
1455 235 1550 258 Omnes
1559 231 1605 265 qui
1618 230 1731 267 adsum;

103 276 231 307 ἅπαντες·
245 274 310 311 ἡδὺς
323 275 378 310 γάρ
392 274 515 313 ἐστιγκαὶ
527 275 616 310 τίμιος
634 275 719 303 ἅπασι
735 278 788 308 τοῖς
810 276 893 304 θεοει-

102 321 175 349 δέσιν
184 322 198 348 ὁ
211 321 282 349 κατὰ
293 320 368 348 θείαν
377 321 399 336 ⁸⁸
412 321 484 357 ζωὴν
494 322 713 357 τετελειωμένος.
724 323 803 350 Μετὰ
812 324 840 350 δέ
847 325 892 351 τὸν

103 366 246 403 ἀσπασμὸν
259 366 363 403 ἐπιχέει
375 366 414 403 τῷ
429 368 622 404 κεκοιμημένῳ
633 368 663 395 τὸ
673 368 762 396 ἔλαιον
772 370 787 397 ὁ
802 370 895 407 ίεράρ-

103 422 164 449 χης.
181 412 313 449 Μέμνησο
323 412 362 445 δέ,
375 412 415 439 ὃτι
429 412 501 440 κατὰ
510 413 560 449 τὴν
573 413 649 449 ίερὰν
661 413 831 448 θεογενεσίαν
840 416 894 450 πρὸ

102 461 146 488 ςοῦη
171 459 308 487 θειοτάτου
321 460 344 476 ⁸³
367 459 556 495 βαπτίσματος
574 459 669 496 πρώτη
689 460 796 496 μέθεξις
820 461 893 497 ἱεροῦ

102 505 237 542 συμϐόλου
256 505 383 542 δωρεῖται
399 504 438 540 τῷ
458 505 628 541 τελουμένῳ,
645 505 714 541 μετὰ
731 506 781 542 τὴν
799 506 893 542 ὁλικὴν

102 553 149 587 τῆς
164 550 299 587 προτέρας
315 550 427 586 ἐσθῆτος
440 550 612 586 ἀπαμφίασιν
622 551 644 567 ³⁸
655 571 664 584 ,
674 551 705 578 τὸ
716 551 767 587 τῆς
779 551 893 587 κρίσεως

102 598 201 624 ἔλαιον·
216 598 245 623 ἐν
256 596 328 624 τέλει
338 596 368 623 δὲ
379 595 427 623 νῦν
437 596 566 624 ἁπάντων
583 597 632 623 ἐπὶ
643 596 683 632 τῷ
700 604 776 623 κεκοι
780 605 816 632 μη
821 596 894 632 μένῳ

102 643 123 670 δ
144 641 233 669 ἔλαιον
246 641 384 677 ἐπικέεται
394 641 428 668 ⁸⁸.
441 642 497 669 Καὶ
508 641 569 668 τότε
585 642 635 677 μὲν
647 643 664 678 ἡ
674 641 720 668 τοῦ
730 642 821 668 ἐλαίου
835 642 896 678 χρί-

100 696 132 722 κς-
164 688 211 714 ἐπὶ⁵
222 688 286 720 τοὺς
304 687 393 723 ἱεροὺς
413 687 523 722 ἀγῶνας
541 687 633 714 ἐκάλει
653 687 700 715 τὸν
722 687 892 723 τελούμενον·

100 734 151 770 νῦν
161 734 190 761 δέ
207 734 237 760 τὸ
254 733 428 770 ἐπιχεόμενον
448 733 536 761 ἐλαιον
547 734 675 769 ἐμφαίνει
687 734 759 761 κατὰ
772 734 835 765 τοὺς
847 734 896 760 αὺ-

103 781 166 813 τοὺς
181 780 270 817 ἱεροὺς
289 780 398 815 ἀγῶνας
417 779 573 816 ἀθλήσαντα
587 780 635 809 καὶ
653 779 831 809 τελειωθέντα
849 779 896 807 τὸν

101 834 178 856 κεκοι
181 834 218 861 μη
222 825 310 862 μένον.

940 276 1066 304 omnibus
1082 277 1155 304 enim
1179 275 1247 303 viris
1261 275 1440 304 deiformibus
1464 277 1612 304 admodum
1636 281 1730 312 gratus

941 314 1031 354 estiet
1041 323 1144 350 honore
1159 323 1267 357 dignus,
1284 322 1533 357 quisquisdivinam
1548 324 1631 350 vitam
1642 328 1732 351 trans-

941 369 1006 401 egit.
1023 369 1085 396 Post
1096 369 1287 396 salutationem
1297 376 1362 396 vero
1371 368 1490 404 pontifex
1503 369 1631 398 defuncw
1640 369 1729 398 oleum

942 413 1067 441 alfundit.
1085 415 1243 442 Memineris
1257 414 1311 446 hic,
1329 419 1358 442 ut
1374 414 1401 441 in
1417 415 1504 448 prima
1523 414 1567 442 illa
1585 422 1730 450 regenera-

945 460 1018 487 tione
1028 467 1108 487 sacra
1121 465 1184 488 ante
1197 465 1324 487 sanctum
1340 460 1516 494 baptismum,
1532 464 1593 494 post
1608 460 1732 494 antiqua-

943 513 1003 533 rum
1016 506 1132 533 vestium
1147 506 1358 541 depositionem,
1370 505 1416 533 ille
1430 505 1475 540 qui
1492 505 1625 537 initiatur,
1642 506 1667 532 in
1677 505 1733 540 pri—

943 560 986 579 ma
1000 552 1086 580 sancti
1104 551 1218 586 symboli
1242 551 1462 586 participatione,
1485 551 1557 578 sacri
1575 551 1733 578 chrismatis

941 598 1003 626 oleo
1018 598 1184 633 inungatur;
1201 602 1229 625 et
1248 598 1291 625 hic
1308 598 1415 625 demum
1434 598 1459 624 in
1476 597 1530 624 line
1550 597 1670 624 omnium
1688 597 1735 624 dc-

943 643 1038 670 functo
1061 643 1154 670 itidem
1179 642 1269 670 oleum
1295 641 1454 669 affunditur.
1480 641 1513 669 Et
1539 646 1605 668 tunc
1622 641 1733 675 quidem

943 689 996 717 olei
1016 689 1138 716 inunctio
1150 689 1345 724 baptizandnm
1361 689 1393 716 ad
1410 696 1488 716 sacra
1506 687 1657 716 certamina
1670 695 1735 714 evo-

943 735 1043 767 cabat;
1059 743 1132 762 nunc
1149 740 1238 762 autem
1256 735 1370 762 ali'usum
1387 735 1478 762 oleum
1503 734 1625 762 declarat
1638 754 1646 767 ,
1670 741 1731 760 cum

943 781 990 815 qui
1006 780 1149 808 defunctus
1164 785 1208 808 est
1229 781 1326 809 iisdem
1349 781 1435 809 sacris
1451 779 1646 809 certaminibus
1669 787 1734 807 exa-

891 844 893 847 ι
943 827 996 854 ctis
1010 825 1133 854 functum
1148 834 1220 855 esse.

873 906 890 942 ἃ
905 905 961 938 IX.

138 987 231 1014 Ταῦτα
242 987 353 1019 τελέσας
365 988 379 1014 ὁ
398 988 537 1024 ίεράρχης,
550 988 712 1024 ἀποτίθησιν
729 987 759 1015 ἐν
776 988 845 1024 οἴκῳ
855 997 895 1015 τι-

980 987 1029 1018 His
1048 989 1184 1024 peractis,
1210 988 1336 1024 pontifex
1354 988 1474 1017 defuncti
1497 996 1599 1023 corpus
1619 989 1736 1016 honesto

104 1033 158 1069 μίῳ
169 1033 200 1060 τὸ
211 1032 289 1069 σῶμα
307 1034 366 1069 μεθ’
383 1034 483 1069 ἐτέρων
495 1034 641 1070 ὁμοταγῶν
655 1033 737 1071 ίερῶν
750 1035 895 1071 σωμάτων.

103 1080 135 1106 Et
150 1078 203 1115 γὰρ
222 1079 250 1106 ἐν
263 1079 335 1115 ψυχῇ
351 1080 398 1106 καὶ
413 1079 518 1115 σώματι
532 1080 582 1116 τὴν
601 1080 712 1116 θεοφιλῆ
728 1079 800 1116 ζωὴν
818 1081 833 1107 ὁ
850 1089 897 1107 κε-

103 1125 270 1160 κοιμημένος
282 1125 358 1157 ἐϐίω,
369 1125 459 1160 τίμιον
476 1125 553 1153 ἐσται
568 1126 638 1161 μετὰ
649 1126 699 1162 τῆς
717 1126 793 1158 ὁσίας
808 1126 897 1162 ψυχῆς

104 1171 152 1198 καὶ
166 1171 197 1198 τὸ
209 1171 377 1207 συναθλῆσαν
387 1171 455 1207 αὐτῇ
469 1171 548 1207 σῶμα
560 1172 631 1200 κατὰ
644 1173 707 1204 τοὺς
717 1172 805 1208 ίεροὺς
818 1172 897 1208 ἱδρῶ-

103 1225 163 1249 τας.
179 1216 300 1253 Ἔνθενή
313 1216 371 1243 θεία
382 1216 538 1253 δικαιοσύνη
553 1217 623 1252 μετὰ
634 1217 681 1244 τοῦ
695 1217 826 1254 σφετέρου
846 1217 897 1244 σώ-

104 1269 190 1296 ματος
210 1261 277 1297 αὐτῇ
291 1261 417 1297 δωρεῖται
435 1261 484 1293 τὰς
498 1261 644 1297 ἀμοιϐαίιις
657 1262 759 1300 λήξεις,
774 1263 811 1295 ὡς
830 1264 896 1299 ὁμο-

105 1306 232 1342 πορεύτῳ
244 1307 291 1334 καὶ
306 1307 469 1342 συμμετὸχῳ
482 1307 534 1342 τῆς
544 1308 621 1340 ὁσίας
633 1308 650 1344 ἢ
668 1309 718 1345 τῆς
735 1309 860 1341 ἐναντίας
873 1310 896 1326 ⁸⁸

104 1351 189 1392 ζωῆς.
203 1353 248 1379 Διὺ
262 1352 308 1379 καὶ
318 1352 373 1380 τῶν
382 1352 464 1388 ἱερῶν
478 1353 494 1388 ἠ
509 1353 569 1379 θεία
583 1353 745 1389 θεσμοθεσία
754 1354 803 1386 τὰς
817 1354 898 1390 θεαρ-

105 1393 187 1434 ίικὰς
206 1399 347 1431 κοινωνίας
371 1399 472 1434 ἀμφοῖν
492 1399 628 1435 δωρεῖται·
647 1401 680 1435 τῇ
701 1399 773 1436 ψυχῇ
798 1401 848 1435 μὲν
868 1402 896 1428 ἐν

105 1444 218 1481 καθαρᾷ
227 1444 328 1481 θεωρίᾳ
347 1446 394 1472 καὶ
413 1447 441 1473 ἐν
450 1446 473 1462 ⁸⁵
486 1446 625 1481 ἐπιστήμῃ
640 1445 694 1472 τῶν
713 1438 894 1482 τελουμένων-

105 1490 145 1529 τῷ
157 1490 262 1526 σώματι
277 1491 305 1522 δέ
322 1486 393 1518 κατὰ
404 1492 434 1518 τὸ
447 1491 584 1518 θειότατον
598 1492 635 1524 ὡς
653 1493 681 1518 ἐν
699 1492 783 1519 εικόνι
800 1493 895 1529 μύρον,

106 1537 153 1563 καὶ
172 1537 207 1563 τὰ
222 1537 271 1573 τῆς
288 1537 436 1575 θεαρχικῆς
447 1537 588 1570 κοινωνίας
608 1537 741 1574 ίερώτατα
764 1538 895 1574 σύμϐολα,

106 1583 151 1610 τὸν
168 1583 227 1610 ὅλον
238 1583 380 1620 ἄνθρωπον
391 1583 552 1619 ἁγιάζουσα,
571 1585 618 1611 καὶ
628 1584 678 1621 τὴν
698 1585 792 1621 ὁλικὴν
811 1586 896 1613 αὑτοῦ

107 1629 243 1664 σωτηρίαν
268 1629 464 1666 ίερουργοῦσα,
489 1631 536 1657 καὶ
555 1630 725 1667 τελειοτάτην
745 1631 827 1658 αὐτοῦ
846 1633 897 1668 τὴν

107 1675 254 1702 ἀνάστασιν
269 1675 377 1703 ἔσεσθαι
387 1675 582 1712 διαγγέλλουσα
594 1678 654 1709 ταῖς
668 1677 825 1710 καθολικαῖς
835 1679 896 1713 ἁγι-
913 1669 934 1697 c

109 1721 212 1754 στείαις
222 1721 255 1749 ⁸⁷.

948 1035 1007 1063 loco
1019 1035 1143 1063 recondit
1155 1042 1208 1061 una
1225 1042 1286 1062 cum
1300 1034 1410 1062 caneris
1423 1034 1543 1068 ejusdem
1556 1034 1662 1062 ordinis
1673 1042 1736 1062 cor-

949 1080 1062 1115 poribus
1074 1081 1170 1108 sacris.
1186 1079 1215 1108 Si
1231 1080 1304 1108 enim
1316 1080 1340 1107 is
1354 1080 1400 1114 qui
1419 1079 1565 1107 defunctus
1586 1080 1676 1107 anima
1695 1080 1735 1107 si-

949 1126 1005 1154 mul
1019 1131 1047 1154 et
1069 1133 1188 1161 corpore
1201 1131 1327 1154 sanctam
1351 1126 1435 1153 vitam
1451 1126 1519 1161 egit,
1537 1133 1638 1160 corpus
1652 1126 1737 1153 etiam

948 1180 1003 1200 una
1018 1180 1080 1200 cum
1093 1172 1185 1200 anima
1198 1177 1293 1200 sancta
1309 1172 1390 1200 simul
1407 1173 1434 1199 in
1449 1172 1552 1199 honore
1563 1172 1614 1199 erit
1629 1179 1662 1199 ac
1674 1179 1738 1206 prc-

950 1220 999 1253 tio,
1013 1220 1085 1254 quod
1099 1220 1188 1247 sacris
1202 1219 1347 1247 sudoribus
1368 1226 1421 1245 una
1435 1218 1646 1245 concertaverit.
1661 1217 1739 1244 Divi-

948 1274 982 1293 na
996 1265 1201 1301 itaquejustitia
1212 1266 1309 1293 anima:
1321 1269 1349 1293 et
1358 1266 1465 1300 corpori
1480 1265 1613 1299 condigna
1625 1265 1738 1299 praemia

948 1311 1082 1347 largitur,
1098 1317 1225 1346 tanquam
1246 1311 1344 1338 comiti.
1360 1315 1386 1338 et
1403 1310 1523 1338 consorti
1540 1310 1598 1337 sive
1620 1309 1737 1340 divina,

947 1358 1005 1385 sive
1022 1357 1167 1386 contraria:
1181 1357 1258 1387 vitm.
1269 1356 1373 1384 Idcirco
1385 1356 1468 1383 etiam
1485 1359 1642 1383 sanctorum
1657 1362 1737 1382 sacra

949 1405 1053 1433 functio
1074 1405 1181 1432 divinas
1201 1404 1311 1439 utrique
1338 1403 1562 1438 participationes
1588 1402 1739 1437 elargitur;

947 1451 1047 1479 animae
1062 1451 1184 1485 quidem,
1197 1451 1224 1477 in
1244 1449 1388 1484 purissima
1403 1447 1633 1482 contemplatione
1653 1452 1683 1474 et
1695 1454 1740 1474 re-

948 1504 1007 1524 rum
1022 1495 1209 1531 perfectarum
1233 1495 1366 1527 scientia;
1386 1494 1497 1529 corpori
1520 1500 1586 1520 vero
1608 1492 1741 1520 sacratis—-

947 1542 1045 1569 simum
1058 1546 1225 1576 unguentum
1241 1539 1320 1575 quasi
1336 1540 1362 1566 in
1378 1539 1495 1574 imagine
1514 1546 1562 1573 per
1585 1537 1742 1566 sacratissi-

948 1595 992 1614 ma
1008 1587 1107 1614 divinae
1123 1585 1382 1616 communicationis
1404 1584 1527 1619 symbola
1545 1588 1631 1611 totum
1649 1583 1741 1610 homi-

949 1640 1010 1660 nem
1023 1632 1213 1664 sanctiﬁcans,
1227 1636 1256 1659 et
1268 1632 1401 1666 integram
1412 1630 1527 1657 salutem
1542 1629 1599 1663 ejus
1611 1636 1740 1664 operans,

952 1686 1002 1706 nec
1014 1686 1067 1705 non
1080 1678 1246 1705 denuntians
1254 1685 1303 1712 per
1315 1676 1483 1704 universales
1494 1676 1668 1703 lustrationes
1680 1682 1743 1710 pen-

951 1724 1129 1752 fectissimam
1142 1725 1166 1751 ei
1181 1724 1241 1751 fore
1260 1724 1500 1750 resurrectionem.

877 1802 959 1839 §X.

148 1871 205 1898 Τὰς
215 1872 243 1898 δὲ
255 1871 411 1905 τελεστικὰς
431 1873 589 1909 ἐπικλήσεις
606 1873 636 1900 οὐ
653 1873 763 1909 θεμιτὸν
784 1873 813 1899 ἐν
834 1881 907 1909 γρα-.

112 1919 177 1954 φαῖς
185 1918 207 1933 ⁸⁸
220 1918 428 1954 ἀφερμηνεύειν,
442 1919 501 1946 οὐδέ
513 1920 543 1946 τὸ
556 1920 685 1955 μυστικὸν
703 1919 802 1952 αὐτῶν,
816 1919 833 1954 ἢ
853 1918 903 1950 τὰς

112 1963 156 1989 ἐπ’
177 1964 272 1996 αὑταῖς
293 1965 493 2000 ἐνεργουμὲνας
511 1965 544 1992 ἐκ
565 1965 632 1992 θεοῦ
655 1965 783 2001 δυνάμεις
803 1966 836 1992 ἐκ
857 1964 904 1991 τοῦ

113 2008 230 2044 κρυφίου
242 2010 310 2045 πρὸς
321 2010 351 2036 τὸ
367 2011 455 2036 κοινὸν
467 2010 582 2044 ἐξάγειν·
596 2010 653 2037 ἀλλ’
672 2011 710 2042 ὼς
721 2012 738 2046 ἡ
752 2011 813 2037 καθ’
831 2011 904 2046 ἡμᾶς

115 2054 177 2090 ἱερὰ
190 2055 337 2091 παράδοσις
353 2055 426 2091 ἐχει,
441 2058 500 2088 ταῖς
519 2056 754 2092 ἀνεχπομπεύτοις
774 2057 905 2093 μυήσεσιν

114 2102 198 2134 αὑτὰς
210 2101 349 2137 ἐκμαθὼν,
364 2103 411 2129 καὶ
424 2102 492 2138 πρὸς
507 2102 645 2138 θειοτέραν
659 2102 715 2135 ἕξιν
737 2104 786 2130 καὶ
799 2103 905 2137 ἀναγω-

114 2148 166 2183 γὴν
177 2149 258 2184 ἔρωτι
271 2148 336 2184 θείῳ
353 2150 400 2175 καὶ
419 2149 569 2184 ἐνεργείαις
586 2150 672 2186 ἱεραῖς
691 2149 884 2182 ἀποτελεσθεὶς
895 2169 903 2181 ,

115 2195 168 2224 ὑπὸ
183 2195 233 2230 τῆς
243 2194 439 2230 τελεταρχικῆς
451 2195 610 2230 ἑλλάμψεως
624 2196 767 2232 ἀναχθήσῃ
778 2196 846 2231 πρὸς
857 2195 906 2231 τὴν

115 2241 270 2276 ὑπερτάτην
287 2240 376 2267 αὐτῶν
388 2241 542 2277 ἐπιστήμην

987 1871 1175 1899 lnvocationes
1191 1879 1272 1906 porro
1284 1870 1505 1899 consecratorias
1521 1868 1598 1897 nefas
1615 1873 1655 1896 est
1672 1867 1742 1895 scri-

952 1923 998 1954 pto
1014 1919 1200 1953 interpretari,
1217 1923 1246 1945 et
1261 1926 1392 1945 arcanum
1411 1925 1505 1945 earum
1518 1923 1640 1948 sensum,
1654 1915 1742 1941 virtu-

952 1970 1050 2000 tesque
1064 1972 1132 1999 quas
1149 1965 1174 1991 in
1191 1965 1224 1991 iis
1248 1964 1320 1991 Deus
1335 1968 1478 1998 operatur,
1496 1969 1512 1989 e
1528 1965 1635 1989 secreto
1651 1961 1677 1987 in
1694 1967 1743 1994 puo

952 2010 1052 2037 blicutu
1068 2009 1183 2043 ell'erre;
1198 2009 1246 2036 sed
1259 2029 1267 2042 ,
1284 2014 1314 2036 nt
1333 2013 1424 2035 nostra
1439 2010 1618 2035 sacrosancta
1632 2004 1744 2032 traditio

953 2056 1052 2088 docet,
1065 2055 1110 2083 ubi
1127 2062 1174 2082 eas
1189 2055 1384 2082 secretioribus
1399 2052 1628 2081 instructionibus
1643 2052 1743 2079 hause~

953 2103 1001 2136 ris,
1017 2107 1098 2137 atque
1115 2101 1150 2128 ad
1166 2101 1291 2128 habitum
1312 2103 1491 2128 sacratiorem
1511 2103 1595 2133 atque
1616 2097 1743 2132 capacio-

953 2156 1011 2175 rem
1028 2147 1237 2181 intelligentiam
1249 2165 1258 2179 ,
1277 2146 1367 2174 divino
1382 2153 1478 2173 amore
1495 2144 1637 2179 sacrisque
1656 2143 1745 2170 actio-

953 2194 1037 2221 nibus
1050 2197 1257 2220 consummatus
1270 2191 1402 2226 evaseris,
1414 2191 1506 2218 divina
1521 2191 1582 2218 luce
1595 2189 1743 2217 collustra-

954 2245 1000 2268 tus
1014 2241 1048 2268 ad
1062 2247 1216 2275 supremam
1235 2247 1330 2268 earum
1345 2239 1487 2267 scientiam
1501 2238 1671 2266 subveheris.

883 2319 958 2356 §Xl

151 2392 187 2420 Τὺ
201 2391 230 2418 δὲ
260 2391 309 2418 καὶ
332 2391 440 2424 παῖδας,
472 2390 549 2418 οΰπω
563 2389 598 2417 τὰ
612 2390 672 2417 Θεῖα
685 2390 803 2417 συνιέναι
821 2390 898 2416 δυνα-

989 2389 1064 2424 Quod
1089 2395 1181 2418 autem
1211 2390 1329 2418 infantes
1358 2397 1484 2425 quoque,
1518 2389 1565 2424 qui
1594 2395 1644 2423 per
1681 2391 1746 2415 mta-

119 2437 227 2473 μένους,
244 2437 295 2472 τῆς
313 2437 389 2472 ἱερᾶς
407 2436 537 2472 μετόχους
559 2435 701 2470 γίγνεσθαι
720 2435 905 2470 θεογενεσίας,

117 2483 231 2510 καὶτῶν
246 2483 399 2518 ἱερωτάτων
424 2483 474 2518 τῆς
499 2482 647 2518 θεαρχικῆς
672 2482 814 2514 κοινωνίας
838 2490 907 2517 συμ-

117 2529 213 2561 ϐόλων,
227 2529 300 2555 δοκεῖ
315 2529 374 2564 μὲν⁷
398 2528 437 2561 ὡς
459 2529 513 2564 φῂς
525 2529 559 2560 ⁸⁵³,
579 2529 636 2559 τοῖς
657 2527 776 2563 ἀνιέροις
794 2527 906 2561 εὐλόγου

117 2575 236 2609 γέλωτος
246 2575 357 2608 ἄξιον,εί
378 2576 441 2607 τοὺς
463 2575 578 2602 ἀκοῦσαι
592 2574 629 2610 μὴ
651 2573 815 2609 δυναμένους
839 2573 909 2599 ἐκδι-

117 2621 263 2648 δάσκουσιν
274 2622 298 2647 ol.
313 2621 437 2657 ἱεράρχαι
449 2621 484 2647 τὰ
497 2620 567 2651 θεῖα,
588 2620 636 2647 καὶ
660 2621 716 2652 τοῖς
741 2619 777 2655 μὴ
801 2618 908 2646 νοοῦσιν

118 2668 181 2703 είκῆ
205 2668 381 2702 παραδιδόασι
396 2667 444 2700 τὰς
458 2666 533 2703 ίερὰς
553 2666 718 2702 παραδόσεις
730 2674 738 2681 ·
763 2665 812 2693 καὶ
823 2665 855 2692 τὸ
867 2665 908 2692 ἔτι

956 2440 1011 2464 tem
1036 2441 1174 2471 nequeunt
1202 2436 1365 2472 intelligere,
1392 2436 1491 2464 divina;
1502 2434 1583 2471 271
1596 2441 1745 2469 regenera—

957 2483 1040 2510 tionis
1053 2483 1341 2518 sanctissimorumque
1354 2483 1452 2510 divina:
1470 2480 1672 2509 communionis
1688 2489 1749 2518 my-

958 2529 1103 2556 steriorum
1126 2529 1275 2564 participes
1299 2529 1377 2562 fiant,
1394 2529 1512 2562 videtur,
1526 2532 1557 2555 ut
1570 2527 1671 2562 inquis,
1696 2528 1748 2554 ho-

959 2573 1076 2600 minibus
1087 2573 1210 2608 profanis
1230 2582 1284 2602 non
1307 2574 1443 2602 immerito
1468 2574 1523 2602 risu
1535 2573 1656 2609 dignum,
1676 2574 1748 2607 quod

959 2617 1101 2652 pontifices
1115 2626 1161 2647 eos
1173 2620 1299 2648 erudiant
1313 2620 1360 2654 qui
1380 2624 1518 2655 nequeunt
1545 2620 1652 2652 audire,
1681 2626 1747 2647 san-

961 2667 1074 2698 ctasque
1087 2665 1244 2693 traditiones
1263 2673 1317 2693 non
1329 2665 1542 2700 intelligentibus
1557 2665 1658 2693 frustra
1690 2669 1745 2692 tra-

762 2751 880 2780 VARLE
897 2750 1091 2780 LECTIONES

157 2832 179 2849 ⁶¹
193 2834 207 2860 ὁ
219 2832 290 2860 κατὰ
300 2832 348 2868 τὴν
360 2833 445 2865 θείαν,
457 2832 491 2868 D,

124 2902 247 2940 τράφώς,
261 2903 294 2931 Μ.
332 2904 354 2920 ’θ
370 2904 406 2936 ὡς
421 2903 498 2938 ἔφης»
513 2902 541 2930 S-

547 2832 570 2848 ⁸’
584 2832 656 2860 θείου
670 2852 677 2864 ,
695 2832 725 2859 ι).
771 2832 794 2847 ⁸³
808 2830 895 2867 variat
911 2835 939 2867 et
954 2831 1034 2867 hujus
1049 2831 1123 2867 mis
1137 2830 1271 2867 scriptura
1283 2852 1290 2864 ,
1303 2831 1371 2859 alias
1384 2832 1411 2860 in
1428 2833 1574 2867 pennltima
1591 2841 1614 2863 ε,
1635 2831 1702 2859 alias
1715 2839 1744 2858 α.

123 2868 146 2886 ’⁵
158 2869 317 2904 ἐπιχέειηι).
328 2865 334 2868 ⁷
355 2869 378 2884 ⁸³
391 2868 439 2904 τῆς
452 2867 536 2904 Θείας,
550 2866 580 2894 S.
608 2869 641 2884 '"
654 2868 682 2894 ἐν
697 2875 749 2895 non
760 2871 802 2895 est
814 2867 841 2894 in
858 2866 890 2895 Μ.
908 2865 937 2893 S.
953 2867 983 2894 D.

1033 2866 1055 2883 ⁸⁷
1069 2865 1112 2893 διὰ
1131 2866 1179 2901 τῆς
1193 2865 1337 2903 καθολικῆς
1350 2865 1515 2902 ἁγιαστείας.
1531 2867 1565 2896 Μ.
1576 2868 1610 2894 Sc
1659 2867 1680 2884 "
1697 2867 1728 2895 ἐγ
