1929 3068
179 137 228 164 5‘37

757 139 786 168 S.
806 138 962 167 DIONYSIL
974 139 1206 170 AREOPAGITIE

1747 143 1801 172 568

177 195 259 226 dant;
275 201 362 230 neque
376 195 464 224 minus
477 196 620 225 ridiculum
630 202 677 225 .est
693 198 764 231 quod
789 197 834 225 alii
854 205 902 231 pro
930 197 962 224 iis

1019 197 1190 235 γελοιότερον,
1212 198 1250 230 ὡς
1273 199 1344 234 ὑπὲρ
1366 199 1455 227 αὐτῶν
1472 200 1560 236 έτιροι
1585 192 1635 232 τάς
1660 200 1801 234 ἀτταταγάς

177 241 426 270 abrenuntiationes
435 251 579 279 sacrasque
588 242 769 278 professiones
777 244 959 278 pronuntian

178 286 278 314 Verum
305 295 359 316 non
388 294 497 324 oportet
533 294 605 316 tuam
632 294 753 317 sanctam
789 288 960 324 prudentiam

177 333 332 360 errantibus
347 334 492 370 indignari,
505 335 551 362 sed
576 334 700 369 religiose
721 334 756 362 ad
775 341 868 362 eorum
884 334 963 362 iusti.

178 379 308 406 tationem
342 387 403 407 cum
435 380 568 408 charitate
599 381 733 409 rationem
773 380 909 412 reddere,
934 384 962 407 et

177 425 345 459 oI-jectiones
377 434 471 454 eorum
497 427 622 460 solvere;
655 432 740 462 atque
768 427 831 455 illud
852 428 962 463 insuper

177 472 324 498 Secundum
347 479 451 499 sacram
482 473 650 501 sanctionem
683 474 802 506 addere,
825 473 962 508 quomodo

177 515 268 543 divina
283 517 374 544 omnia
399 525 570 553 nequaquam
595 524 688 546 nostra
704 520 877 555 intelligentia
892 527 964 546 coin-

178 564 359 591 incnsuranda
377 569 450 596 sunt,
474 565 520 592 sed
536 565 650 600 plurima
662 573 723 600 qua:
738 573 786 592 nos
800 566 885 592 latent
898 573 962 593 cau-

178 615 222 635 sas
235 607 334 637 habere
347 609 401 637 Deo
416 610 522 645 dignas,
536 619 602 645 quas
614 618 662 638 nos
672 611 782 645 quidem
796 611 961 645 ignoremus,

179 661 271 681 verum
285 655 318 682 ab
331 655 473 684 ordinibus
483 657 562 684 nobis
574 656 808 691 prtestautioribus
820 657 964 692 perspicuo

178 706 390 734 roguoscantur.
416 700 534 728 Plurima
560 702 624 728 item
640 701 726 728 latent
748 708 889 735 supremas
904 700 963 728 illas

177 747 441 781 sublimissimasque
462 748 638 779 substantias,
653 755 713 782 quae
732 747 962 781 solisapientissi—

179 801 230 820 tua:
243 792 474 828 sapientilicaeque
499 793 635 820 divinitati
652 798 715 820 nota
745 797 817 820 sunt.
845 791 962 820 Verum-

180 844 270 866 tamen
284 839 333 866 hac
347 839 380 866 de
392 846 420 866 re
435 839 460 866 id
474 846 581 873 quoque
597 838 721 871 dicimus,
731 839 802 873 quod
813 838 962 865 deil‘ormes

1013 252 1090 279 φασι,
1102 245 1149 270 καὶ
1161 244 1210 277 τὰς
1223 243 1298 280 ίεράς
1311 245 1465 280 ὁμολογίας.
1480 246 1526 272 Δεῖ
1537 246 1567 273 δὲ
1577 247 1627 283 τὴν
1641 246 1692 281 σὴν
1706 246 1800 281 [epap-

1011 289 1090 324 χικὴν
1104 289 1209 316 σύνεσιν
1220 290 1257 325 μὴ
1271 289 1440 325 χαλεπαίνειν
1450 291 1497 318 ἐπὶ
1505 293 1561 323 τοῖς
1569 290 1798 327 πεπλανημένοις,

1012 334 1070 362 ἀλλ’
1095 335 1217 368 εὐλαϐῶς
1243 345 1273 363 τε
1293 336 1352 371 ἅμα
1364 336 1474 372 καὶτῆς
1500 336 1590 364 αὐτῶν
1615 336 1801 372 φωταγωγίας

1012 379 1091 415 χάριν
1104 379 1283 416 ἀγαπητικῶς
1294 381 1485 416 ἀπολογεῖσθαι
1504 382 1572 417 πρὸς
1587 381 1637 414 τάς
1649 381 1696 408 ὑπ’
1709 380 1800 408 αὐτῶν

1012 426 1220 461 προφερομένας
1253 427 1393 458 ἐνστάσεις
1421 428 1584 462 προτιθέντα
1609 428 1632 444 ’⁸
1649 428 1697 455 καὶ
1720 425 1802 453 τοῦτο

1013 471 1083 498 κατὰ
1107 471 1206 507 θεσμὸν
1220 471 1301 508 ἱερὸν,
1325 473 1364 505 ὼς
1375 473 1426 500 οὐκ
1438 474 1468 500 ὲν
1489 474 1523 510 τῇ
1537 473 1597 500 καθ’
1610 473 1684 508 ἡμᾶς
1699 471 1802 507 γνώσει

1013 517 1103 544 πάντα
1133 517 1168 544 τά
1193 517 1252 546 θεῖα
1277 518 1488 555 περιγράφεται,
1514 517 1600 547 πολλά
1623 519 1652 545 δὲ
1676 517 1731 545 τῶν
1754 517 1801 552 ὑφ’

1013 562 1092 598 ἡμῶν
1102 563 1300 599 ἀγνοουμένων,
1315 564 1404 597 αίτίας
1416 564 1472 600 ἔχει
1482 564 1655 600 θεοπρεπείς,
1669 563 1736 599 ἡμῖν
1751 562 1802 598 μὲν

1013 609 1185 645 ὴγνοημένας
1197 610 1231 641 οι,
1253 609 1401 645 ὲπιστητὰς
1423 610 1453 638 δὲ
1476 611 1537 643 ταῖς
1562 609 1641 646 ἡμῶν
1664 609 1802 646 κρείττοσι

1013 655 1119 688 τάξεσι.
1135 655 1223 682 Πολλὰ
1246 655 1274 683 δὲ
1287 656 1335 683 καὶ
1349 656 1399 689 τάς
1412 656 1566 692 ὑπερτάτας
1578 655 1671 688 οὐσίας
1694 654 1802 690 λέληθε,

1014 703 1061 729 καὶ
1073 702 1142 738 πρὸς
1159 702 1242 738 μάνης
1254 702 1377 738 ἀκριϐῶς
1389 702 1521 737 ἔγνωσται
1541 703 1591 738 τῆς
1603 702 1742 736 πανσόφου
1755 701 1804 728 καὶ

1015 747 1158 782 σοφοποιοῦ
1171 748 1194 764 ⁹¹
1207 747 1345 783 θεαρχίας.
1359 747 1434 783 Πλήν
1447 755 1490 781 γε,
1505 747 1546 774 ὅτι
1559 747 1606 774 καὶ
1631 747 1695 782 περὶ
1707 746 1805 773 τούτου

1013 792 1100 820 ταῦτά
1124 801 1224 828 φαμεν,
1238 791 1310 828 ἅπερ
1334 793 1358 819 οι
1380 791 1507 824 θεοειδεῖς
1519 790 1803 827 ἡμῶνῐεροτελεσταὶ,

1014 838 1082 874 πρὸς
1105 838 1155 873 τῆς
1176 837 1293 873 ἀρχαίας
1316 837 1464 873 μυηθέντες
1477 837 1661 873 παραδόσεως,
1674 838 1714 869 εἰς
1730 837 1805 873 ἡμᾶς

179 888 358 919 praeceptores
375 886 459 912 nostri
487 884 521 911 ab
540 884 651 918 antiqua
667 885 812 911 traditione
825 889 964 917 acceptum

1019 886 1173 921 προήγαγον
1183 885 1217 911 ’³.
1243 885 1311 911 Φασὶ
1334 884 1398 920 γὰρ,
1411 884 1480 920 ὅπερ
1492 884 1550 910 ἐστὶ
1569 884 1616 910 καὶ⁵
1628 882 1737 918 ἀληθὲς,
1750 883 1804 917 ὅτι,

180 930 258 957 nobis
285 930 523 964 transcripserunt.
550 930 633 957 Aiunt
647 930 731 963 enim,
746 930 818 964 quod
832 934 859 956 et
870 936 963 956 verum

179 980 232 1007 est.
251 975 378 1009 infantes,
397 976 421 1003 si
437 977 463 1003 in
477 975 536 1011 lege
550 982 627 1003 sacra
642 975 832 1008 instituantur,
844 975 876 1002 ad
902 982 964 1002 san-

179 1027 252 1048 etum
273 1022 357 1048 animi
372 1026 472 1048 statum
499 1026 678 1056 perventuros
696 1029 759 1049 esse
779 1021 853 1048 omni
869 1027 966 1048 errore

180 1067 292 1100 liberos,
313 1073 341 1095 et
362 1068 422 1095 sine
451 1067 505 1094 ullo
529 1067 642 1102 impura:
669 1067 730 1095 vita:
751 1067 881 1102 periculo.
909 1066 966 1094 lloc

179 1114 252 1142 enim
264 1122 325 1142 cum
341 1115 367 1142 iu
386 1118 502 1142 mentem
526 1114 644 1141 venisset
659 1114 757 1141 divinis
772 1114 874 1141 nostris
885 1113 966 1141 insti-

179 1160 328 1193 tutoribus,
342 1160 444 1195 placuit
459 1160 564 1187 admitti
578 1167 678 1194 pueros
694 1159 746 1187 hoc
762 1163 858 1187 sancto
872 1159 965 1192 modo,

181 1210 212 1232 ut
223 1205 306 1233 oblati
334 1205 440 1240 parvuli
454 1210 582 1241 parentes
592 1205 730 1232 naturales
752 1205 837 1232 lilium
864 1205 910 1231 uni
932 1212 965 1231 ex

182 1251 308 1279 tldelibus
335 1252 454 1284 tradant,
484 1251 530 1286 qui
556 1252 687 1286 praeclare
711 1252 738 1279 in
756 1251 856 1278 divinis
883 1251 965 1278 rebus

182 1304 294 1331 puerum
313 1297 432 1329 erudiat.
451 1297 502 1324 sub
521 1297 600 1331 cujus
613 1297 741 1332 deinceps
754 1304 820 1325 cura
837 1297 884 1328 sit,
904 1301 964 1324 tan-

181 1349 264 1377 quam
278 1342 329 1369 sub
352 1342 433 1369 l’atre
452 1342 555 1376 divino,
586 1348 741 1378 sanctasque
764 1343 860 1370 salutis
872 1349 967 1370 susce-

182 1392 270 1421 pture.
301 1387 380 1415 lluuc
400 1388 493 1422 itaque
506 1388 632 1422 antistes,
647 1394 742 1416 sancte
764 1389 967 1423 promittentem

181 1442 212 1461 se
224 1442 337 1469 puerum
352 1435 386 1462 ad
404 1439 528 1462 sanctam
554 1435 637 1462 vitam
650 1435 871 1468 informaturum,
888 1435 967 1469 jubet

182 1479 302 1513 proﬁteri
329 1480 582 1508 abrenuntiationes
595 1487 742 1514 sacrasque
764 1480 967 1516 professiones;

184 1534 236 1553 nou
250 1527 335 1559 enim,
351 1531 379 1554 ut
392 1526 428 1554 illi
446 1527 658 1555 subsannatores
666 1528 752 1561 aiunt,
764 1527 845 1555 alium
858 1534 906 1562 pro
916 1526 970 1554 alio

183 1573 265 1600 rebus
288 1573 388 1600 divinis
402 1573 498 1601 imbuit
512 1583 520 1607 ;
547 1581 634 1609 neque
649 1574 720 1601 enim
745 1581 861 1609 sponsor
879 1574 968 1601 dicit:
982 1590 1004 1619 ο

184 1620 240 1654 ligo
264 1627 314 1655 pro
336 1627 422 1654 puero
450 1619 706 1648 nbrenunliatioues
733 1620 815 1649 facio.
843 1627 970 1647 sacrasve

183 1665 376 1699 professiones,
399 1666 446 1693 sed
466 1667 518 1694 hoc
543 1667 623 1694 modo
640 1674 753 1702 puerum
770 1666 871 1694 asserit
889 1666 970 1693 abre-

184 1713 310 1741 nuntiare
324 1721 356 1741 ac
369 1714 506 1748 proﬁteri;
521 1721 553 1741 ac
565 1714 668 1741 sidicat
685 1721 692 1740 :
707 1713 841 1741 Proﬁteor
849 1720 892 1740 me
907 1713 971 1740 huic

184 1767 280 1793 puero,
295 1767 357 1787 eum
373 1767 421 1794 per
433 1764 541 1788 aetatem
572 1760 725 1795 intelligere
753 1767 832 1788 sacra
855 1759 970 1794 poterit,

184 1805 283 1833 divinis
298 1806 366 1834 meis
383 1806 596 1834 institutionibus
613 1814 819 1841 persuasurum,
836 1812 865 1833 ut
876 1806 973 1833 adver-

184 1851 266 1879 sariis
273 1852 397 1879 nuntium
410 1853 522 1880 omnino
536 1853 667 1885 remittat,
680 1859 708 1881 et
732 1854 823 1882 divina
835 1853 971 1887 promissa

184 1899 356 1934 profiteatur,
381 1906 409 1928 et
424 1901 559 1929 exsolvat.
587 1900 660 1928 Nihil
686 1909 764 1937 ergo,
790 1906 819 1928 ut
849 1901 970 1936 opinor,

184 1946 333 1979 absurdum
351 1952 403 1980 est,
417 1948 439 1975 si
459 1948 492 1975 ad
507 1947 629 1975 divinum
643 1948 794 1975 institutum
809 1956 876 1982 puer
887 1947 973 1974 addu-

185 1994 267 2026 citur,
295 2001 356 2021 cum
373 1994 470 2021 ducem
486 2002 517 2022 ac
544 2002 705 2028 sponsorem
725 1995 824 2022 habeat
848 1994 893 2029 qui
910 2001 972 2021 eum

185 2039 377 2066 etdivinarutu
399 2047 492 2066 rerum
513 2039 628 2067 scientia
642 2040 755 2070 imbuat,
772 2045 800 2067 et
829 2040 863 2067 ab
877 2039 975 2067 adver-

186 2086 266 2114 sariis
289 2091 375 2114 tutum
393 2087 540 2115 custodiat.
569 2086 654 2114 Porro
666 2087 748 2122 2³12
762 2087 881 2122 pontifex
905 2095 974 2121 pue-

189 2141 249 2160 rum
263 2137 417 2161 consortem
441 2132 508 2160 facit
525 2140 668 2161 sacrorum
682 2133 885 2168 mysteriorum,
903 2137 932 2160 nt
947 2133 973 2160 in

187 2180 229 2206 eis
239 2179 381 2212 educetur,
394 2186 492 2214 _neque
516 2183 579 2214 agat
592 2178 677 2205 vitam
698 2178 790 2211 aliam,
818 2185 900 2213 quam
913 2185 973 2204 eam

188 2232 249 2258 qua:
263 2224 354 2252 divina
383 2232 490 2259 semper
511 2229 626 2259 spectet,
649 2228 676 2251 et
695 2223 849 2258 hujusmodi
881 2227 975 2250 sancta

1016 931 1088 958 κατὰ
1109 930 1208 966 θεσμὸν
1227 930 1299 966 ίερδν
1311 930 1465 966 ἀναγόμενα
1487 929 1522 956 τὰ
1533 929 1632 967 βρέφη,
1658 930 1726 965 πρὸς
1748 928 1806 962 ἕξιν

1016 976 1092 1012 ίεράν
1115 975 1220 1011 ἥξουσι,
1241 976 1331 1012 πάσης
1343 976 1545 1012 ἁτυοτελοὺμενα
1569 975 1672 1012 πλάνης
1685 975 1732 1003 καὶ
1756 975 1806 1002 ἁν-

1018 1022 1090 1058 ιέρου
1117 1021 1189 1057 ζωῆς
1201 1021 1346 1057 ἀπείρατα.
1371 1021 1456 1048 Τοῦτο
1474 1023 1531 1055 τοῖς
1550 1021 1632 1054 θείοις
1643 1020 1722 1058 ήμῶν
1735 1020 1806 1048 καθ-

1017 1067 1147 1104 ηγεμόσιν
1169 1068 1208 1100 είς
1232 1067 1294 1094 νοῦν
1318 1067 1464 1103 ἐληλυθδς,
1489 1067 1578 1101 ἔδοξεν
1590 1066 1758 1102 εἰσδέχεσθαι
1771 1066 1808 1093 τὰ

1018 1113 1104 1149 βρέφη
1128 1112 1199 1140 κατὰ
1210 1113 1286 1140 τόνδε
1297 1113 1343 1141 τὸν
1357 1114 1427 1150 ἱερὸν
1438 1113 1548 1149 τρόπον,
1568 1112 1638 1140 ὥστε
1649 1113 1712 1144 τοὺς
1725 1119 1808 1147 φυσι-

1017 1160 1083 1192 κοὺς
1104 1160 1152 1186 τοῦ
1177 1160 1382 1196 προσαγομένου
1396 1160 1491 1193 παιδὸς
1512 1160 1609 1195 γονέας
1633 1158 1808 1196 παραδιδόναι

1017 1206 1063 1233 τὸν
1085 1207 1168 1234 παῖδά
1179 1215 1232 1234 τινι
1244 1207 1300 1234 τῶν
1315 1208 1497 1243 μεμυημένων
1509 1207 1603 1243 ἀγαθῷ
1621 1205 1656 1234 τὰ
1669 1206 1728 1233 θεῖα
1745 1213 1810 1232 παις

1017 1252 1144 1288 δαγωγῷ,
1158 1252 1205 1280 καὶ
1228 1253 1258 1280 τὸ
1271 1253 1363 1281 λοιπὸν
1375 1253 1420 1280 ὑπ’
1446 1252 1522 1288 αὐτῷ
1533 1253 1579 1280 τὸν
1603 1252 1687 1280 παῖδα
1708 1251 1808 1283 τελεῖν,

1017 1298 1056 1330 ὡς
1079 1299 1132 1325 ὑπὸ
1156 1298 1220 1334 θείῳ
1231 1299 1316 1336 πατρὶ
1345 1299 1392 1326 καὶ
1415 1299 1552 1336 σωτηρίας
1577 1299 1652 1334 ἱερᾶς
1675 1297 1808 1334 ἀναδόχῳ.

1018 1344 1119 1372 Τοῦτον
1140 1343 1211 1372 οὖνό
1223 1346 1353 1382 ἱεράρχης
1364 1345 1546 1381 ὁμολογοῦντα
1566 1345 1638 1373 κατὰ
1656 1344 1705 1381 τὴν
1730 1345 1808 1382 ιεράν

1020 1391 1130 1425 ἀνάγειν
1143 1390 1167 1407 ⁸³
1179 1390 1225 1418 τὸν
1250 1391 1333 1418 παῖδα
1358 1390 1441 1428 ζωὴν,
1454 1391 1566 1419 ἀπαιτεῖ
1588 1389 1639 1423 τάς
1665 1389 1807 1425 ἀποταγὰς

1019 1437 1194 1474 ὁμολογῆσαι,
1218 1439 1265 1465 καὶ
1287 1437 1336 1470 τὰς
1360 1437 1436 1474 ἱερὰς
1461 1437 1616 1473 ὁμολογίας,
1644 1436 1754 1474 οὺχ,ὼς
1776 1436 1810 1464 ἂν

1020 1484 1118 1510 ἐκεῖνοι
1141 1483 1276 1518 γελῶντες
1301 1485 1390 1519 φαῖενν
1412 1483 1492 1511 ἄλλον
1514 1483 1573 1510 ἀντ’
1594 1482 1675 1510 ἀλλον
1688 1481 1723 1508 τὰ
1747 1481 1809 1508 θεῖα

1022 1532 1113 1567 μνῶν·
1128 1532 1189 1560 οὐδὲ
1202 1532 1257 1568 γὰρ
1269 1532 1351 1561 τοῦτὸ
1371 1540 1464 1568 φησιν,
1487 1531 1525 1564 ὡς
1550 1530 1621 1567 ὑπὲρ
1641 1529 1691 1557 τοῦ
1715 1529 1811 1562 παιδὸς

1021 1578 1077 1612 ἐγὼ
1088 1578 1138 1611 τὰς
1160 1578 1311 1613 ἀποταγὰς,
1325 1578 1342 1614 ἢ
1357 1578 1407 1610 τὰς
1420 1577 1494 1614 ἱερὰς
1507 1576 1650 1613 ὁμολογίας
1663 1574 1794 1611 ποιοῦμαι
1802 1583 1810 1590 ·

1020 1623 1077 1650 ἀλλ’
1095 1624 1134 1651 Mt
1147 1625 1162 1651 ὁ
1174 1624 1239 1656 παῖς
1252 1624 1433 1650 ἀποτάσσεται
1457 1623 1505 1649 καὶ
1517 1621 1697 1649 συντάσσεται
1707 1629 1714 1636 ·
1734 1619 1809 1647 τοῦτ’

1021 1668 1105 1696 ἐστιν·
1123 1668 1260 1705 ὀμολογῶ
1269 1669 1316 1696 τὸν
1322 1668 1403 1696 παῖδα
1413 1668 1517 1695 πείσειν
1526 1669 1565 1700 είς
1577 1666 1638 1694 νοῦν
1647 1667 1669 1693 ίε
1674 1665 1717 1702 ρδν
1726 1665 1811 1697 ίόντα,

1021 1716 1080 1746 ταῖς
1103 1716 1184 1750 ἐμαῖς
1207 1715 1308 1746 ἐνθέοις
1335 1714 1502 1748 ἀναγωγαῖς,
1526 1711 1712 1744 ἀποτάξασθαι
1724 1711 1748 1726 ⁹⁸
1763 1710 1812 1746 μὲν

1021 1760 1119 1794 ὑλικῶς
1131 1761 1188 1792 τοῖς
1201 1760 1341 1792 ἐναντίοις,
1363 1759 1529 1795 ὁμολογῆσαι
1553 1757 1583 1784 δὲ
1607 1757 1655 1784 καὶ
1667 1755 1813 1792 ἐνεργῆσαι

1021 1806 1071 1838 τὰς
1084 1806 1159 1839 θείας
1171 1807 1324 1842 ὁμολογίας.
1337 1806 1423 1833 Οὐδὲν
1433 1803 1491 1838 οὖν,
1504 1804 1542 1836 ὡς
1555 1801 1643 1839 οἶμαι,
1657 1803 1689 1830 τὺ
1701 1802 1812 1834 ἄτοπον,

1023 1854 1047 1880 ει
1060 1852 1131 1880 κατά
1142 1853 1218 1879 θείαν
1228 1854 1242 1880 ὁ
1251 1853 1316 1884 παῖς
1328 1850 1472 1886 ἀναγωγὴν
1482 1850 1624 1884 ἀνάγεται,
1637 1848 1815 1884 καθηγεμόνα

1024 1900 1070 1926 καὶ
1086 1899 1214 1934 ἀνάδοχον
1235 1899 1307 1934 ἱερὸν
1318 1898 1397 1933 ἔχων,
1422 1897 1480 1930 (iw
1491 1895 1566 1932 αὐτῷ
1587 1895 1643 1922 τῶν
1659 1895 1739 1922 θείων
1762 1895 1815 1930 έμ-

1024 1946 1162 1978 ποιοῦντα,
1186 1946 1233 1972 καὶ
1257 1945 1426 1980 φυλάττοντα
1435 1943 1490 1971 τῶν
1503 1942 1633 1971 ἐναντίων
1655 1941 1814 1977 ἀπείρατον.

1024 1991 1192 2019 Μεταδίδωσι
1203 1991 1232 2018 δὲ
1242 1990 1281 2025 τῷ
1292 1990 1369 2018 παιδὶ
1379 1990 1435 2017 τῶν
1446 1988 1528 2026 ιερῶν
1540 1988 1684 2024 συμϐόλων
1694 1987 1708 2013 ό
1722 1986 1816 2022 ίεράρ-

1024 2047 1086 2074 χης,
1112 2038 1185 2069 ὅπως
1214 2038 1244 2064 έν
1266 2037 1359 2069 αὐτοῖς
1371 2035 1550 2073 ἀνατραφείη,
1575 2035 1622 2062 καὶ
1645 2033 1712 2070 μηδὲ
1737 2033 1816 2068 σχοίη

1025 2084 1098 2120 ζωὴν
1122 2084 1230 2120 ἑτέραν,
1243 2085 1267 2110 ει
1286 2083 1324 2119 μὴ
1347 2083 1398 2119 τὴν
1412 2082 1447 2110 τὰ
1459 2082 1519 2109 θεῖα
1532 2080 1687 2117 θεωροῦσαν
1699 2079 1752 2111 ἀεὶ,
1767 2079 1818 2106 καὶ

1026 2131 1152 2158 κοινωνὸν
1165 2129 1254 2157 αὐτῶν
1267 2130 1296 2157 ὲν
1310 2130 1463 2165 προκοπαῐς
1476 2129 1563 2164 ἱεραῖς
1574 2126 1750 2162 γιγνομένην,
1759 2123 1819 2157 ἕξιν

1025 2185 1056 2204 τε
1067 2177 1142 2212 ἱερὰν
1155 2177 1184 2203 ὲν
1196 2175 1301 2208 τούτοις
1312 2175 1448 2211 ῐσχουσαν,
1461 2173 1632 2210 ἀναγομένην
1643 2181 1674 2199 τε
1686 2173 1818 2208 ἱεροπρε-

1027 2225 1086 2256 πῶς
1099 2223 1151 2250 ὐπδ
1161 2223 1208 2250 τοῦ
1221 2223 1354 2255 θεοειδοῦς
1366 2222 1507 2257 ἀναδόχου.

189 2271 379 2298 communione
392 2271 616 2306 proﬂeiat,atque
631 2269 656 2296 in
672 2269 715 2296 his
729 2277 837 2296 sacrum
852 2269 974 2296 habitum
995 2270 1146 2305 possideat,
1163 2274 1191 2298 et
1213 2276 1228 2296 a
1246 2273 1405 2303 susceptare
1425 2267 1551 2294 deilormi
1569 2265 1691 2293 studiose
1706 2272 1820 2300 prorno-

189 2322 293 2345 ventur.

219 2363 270 2390 Ista
282 2367 357 2394 sunt,
370 2362 405 2389 mi
417 2362 465 2394 fili,
479 2367 551 2390 tanta
562 2368 672 2397 tamque
681 2362 808 2397 praeclara
819 2362 968 2390 hierarcliia

1066 2360 1190 2388 Τοσαῦτα
1202 2380 1209 2392 ,
1223 2356 1246 2387 ὦ
1264 2361 1332 2391 παῖ,
1346 2358 1394 2385 καὶ
1411 2357 1482 2384 οὕτω
1505 2356 1575 2383 καλὰ
1592 2356 1642 2392 τῆς
1660 2356 1721 2383 καθ’
1743 2356 1820 2392 ἡμᾶς

190 2415 292 2437 nostra;
305 2409 460 2444 spectacula
483 2409 628 2436 uniformia
651 2408 717 2435 milii
736 2408 919 2441 manifestata,
931 2409 979 2436 sed

191 2456 252 2483 aliis
263 2456 379 2484 fortasse
394 2455 532 2482 mentibus
551 2453 810 2489 perspicacioribus,
825 2461 878 2480 non
889 2453 977 2480 solum

193 2504 259 2532 haec.
268 2509 362 2528 verum
372 2502 453 2528 etiam
464 2501 516 2527 alia
527 2500 611 2528 multo
621 2499 769 2527 illustriora
780 2506 864 2534 atque
876 2499 977 2527 deilor-

193 2548 278 2575 ntiora
294 2552 434 2582 perspecta
447 2551 520 2574 sunt.
536 2546 606 2580 Quin
621 2551 648 2574 et
676 2546 725 2573 tibi
741 2553 859 2581 quoque,
875 2551 904 2574 ut
917 2547 980 2581 opi-

195 2593 402 2626 nor,cl:triores
426 2592 628 2626 divinioresque
651 2587 869 2626 p'ulchritudines
893 2591 981 2619 collu-

194 2638 306 2671 cebunt,
330 2640 353 2666 si
380 2639 413 2666 iis
424 2639 564 2674 gradibus,
580 2645 649 2672 quos
659 2637 725 2670 dixi,
742 2638 775 2665 ad
790 2637 977 2665 sublimiorem

1030 2407 1172 2444 ἱεραρχίας
1179 2403 1270 2433 ὦπταί
1283 2413 1327 2440 μοι
1339 2404 1374 2431 τὰ
1386 2402 1488 2438 ἐνοειδῆ
1501 2402 1635 2438 Θεάματα,
1648 2403 1717 2438 πρὸς
1729 2402 1821 2430 ἀλλων

1031 2456 1059 2483 δὲ
1074 2455 1139 2486 ἴσως
1150 2451 1344 2487 ὀπτικωτέρων
1362 2451 1385 2467 ’⁸
1397 2449 1465 2476 νοῶν
1483 2449 1514 2476 οὐ
1533 2448 1620 2475 ταῦτα
1641 2449 1720 2484 μόνον
1736 2448 1821 2475 ὲθεω-

1033 2501 1118 2538 ρήθη,
1132 2499 1268 2534 φανότερα
1285 2497 1314 2523 δὲ
1332 2496 1423 2532 πολλῷ
1432 2496 1455 2512 ’⁷
1471 2495 1520 2522 καὶ
1539 2494 1736 2531 θεοειδέα-τερα.
1758 2495 1817 2522 Καὶ

1031 2547 1071 2572 σοὶ
1090 2545 1130 2578 δὲ,
1159 2544 1197 2575 ὡς
1210 2541 1304 2578 οἴμαι,
1326 2542 1433 2573 πάντως
1460 2540 1592 2576 ἐλλάμψει
1613 2540 1822 2576 τηλαυγέστςρα

1030 2592 1115 2626 κάλλη
1134 2591 1181 2617 καὶ
1193 2589 1327 2623 θειότερα,
1337 2588 1394 2618 τοῖς
1412 2586 1569 2622 είρημένοις
1580 2585 1605 2604 ³⁸
1615 2586 1821 2621 ἑπαναϐαθμοῐς

1031 2635 1164 2671 χρωμένῳ
1182 2633 1250 2669 πρὸς
1270 2631 1424 2667 ὑπερτέραν
1443 2631 1550 2657 ἀκτῖνα.
1573 2631 1697 2663 Μετάδος
1714 2628 1779 2665 οὖν,
1797 2627 1822 2658 ὗ

833 2725 952 2754 νΑιιυΕ
968 2723 1172 2753 LECTIONES.

232 2798 254 2811 ³⁸
269 2797 463 2832 προστιθέντα,
486 2795 519 2823 Μ.
547 2796 576 2823 S.
599 2797 629 2823 Ι).
660 2797 722 2823 Sor.
761 2797 781 2813 ⁹¹
797 2796 991 2830 ἀγνοουμένας,
1004 2794 1032 2822 S.
1072 2795 1095 2810 θ’
1116 2794 1162 2820 καὶ
1179 2789 1388 2834 πανσοφοποιοῦ.

234 2834 318 2864 ἄγειν,
335 2833 363 2858 S.
414 2833 435 2847 ⁵⁸
447 2831 636 2864 ὰποταξεσθαι,
652 2832 683 2859 Ι).
700 2831 760 2859 Sar.
810 2832 832 2847 9’
846 2830 1039 2864 ὀπτικώτερον,
1054 2829 1086 2856 Μ.
1104 2829 1149 2856 Sc.
1199 2829 1220 2846 ⁸⁷
1235 2832 1388 2862 φανερωτερ

862 2838 1039 2861 τιτικωτερον.
1054 2838 1086 2856 at.
1104 2838 1149 2856 ac.

197 2834 218 2848 "
234 2834 318 2865 ἄγειν,
335 2833 363 2858 S.

414 2833 435 2847 ’³⁸
447 2831 636 2865 ὰποταξεσθαι,
652 2832 683 2859 Ι).
700 2831 760 2859 Sar.

197 2868 298 2900 τόξοις,
313 2866 338 2895 Ι

1413 2791 1440 2818 S.
1485 2789 1507 2806 ’³
1520 2789 1693 2824 προσήγαγον
1723 2787 1757 2814 Μ.
1772 2787 1819 2815 Sc.

1199 2810 1451 2862 ἵᾷἷιξέξέἓέἔραὲὶ
1465 2810 1565 2856 mm“.
1582 2810 1620 2851 ii.’
1631 2810 1678 2852 s‘c.
1716 2824 1738 2840 ο·
1751 2825 1819 2851 οςιν
