1929 3068
220 149 269 178 571

796 151 824 181 8.
845 151 996 180 DlONYSll
1011 152 1246 182 ΑΒΕΟΡΑϐίΤτΕ

1797 152 1853 180 572

219 209 320 242 quibus
339 209 433 237 inhac
457 210 514 237 vita
540 210 686 245 conjuncta
710 209 846 244 fuerant,
871 210 978 238 reunita

1061 209 1195 236 ἐνωθέντα
1218 210 1279 241 ταῖς
1307 209 1416 245 ψυχαῖς,
1441 206 1484 241 αἶς
1507 209 1624 244 ἥνωνται
1637 208 1708 237 κατὰ
1719 207 1766 237 τὸν
1787 209 1852 244 τῇδε

219 259 404 289 assequentur
434 261 525 284 autem
550 256 710 285 deiformcut
738 256 853 292 gloriam
881 262 1008 292 tanquatn

218 299 340 327 membra
356 300 415 328 Dei.

255 356 270 392 ᾗ
290 356 321 383 ll.
334 356 513 386 Profanortttn
527 366 593 386 vero
611 358 694 394 aliqui
708 359 817 394 quidem
830 359 889 387 sine
904 359 1009 387 ratione

219 408 326 436 putant.
340 412 392 430 non
407 404 495 431 solani
518 413 664 441 corporum
690 413 744 433 ttou
770 405 889 432 futuram
919 411 1011 432 resur-

221 449 382 483 rectionem,
396 457 490 478 verum
509 452 592 478 etiattt
612 452 743 486 ipsasntet
766 452 872 478 animas
896 452 1009 486 penitus

218 494 333 526 aboleri.
349 502 397 522 seu
415 496 441 522 itt
455 495 570 523 nihilum
585 498 681 529 abire;
698 497 743 524 alii
756 504 832 529 vero,
849 497 892 525 his
912 497 1008 532 utique

218 541 421 575 prudentiores,
437 548 465 569 lll
480 543 567 576 Plato,
579 544 667 577 aiunt,
682 551 785 578 corpus
813 543 923 578 quidem
947 548 1008 578 post

218 592 332 614 tnortem
348 595 519 624 nequaquam
531 590 723 622 substiturttm,
738 590 787 618 sed
800 597 851 617 nec
877 590 903 617 itt
928 595 1007 617 acter-

217 638 282 658 nutn
296 632 330 659 ad
343 633 547 660 subsistentiatn
561 641 638 661 suam
654 642 842 662 reversurum.
864 635 922 662 lloc
933 635 1006 662 enim

215 682 257 704 est
273 679 343 713 quod
357 679 421 706 dicit
435 679 563 711 εἰσάπαξ.
577 680 717 715 Indignum
733 681 806 708 ettim
828 689 899 713 esse.
914 681 1003 714 aittttt,

207 728 245 751 ‘ut
260 725 401 752 materiale
412 733 509 759 corpus
521 727 620 754 anima:
632 727 806 754 ittttnateriali
822 729 858 754 sit
871 735 1004 762 οοαινυιιι,

214 771 332 798 anitnam
346 778 411 798 vero
424 771 510 799 solam
523 779 584 799 esse
609 772 802 800 immortalem.
830 773 903 800 Idem
918 773 1002 801 etiam

214 817 335 844 Simonis
362 817 487 852 discipuli
506 818 746 849 asserebantrnon
760 819 925 854 cogitantes.
941 827 1006 848 uec-

209 861 277 887 dnm
291 861 380 888 edocti
395 868 410 887 a
424 868 522 896 magno
537 861 660 895 apostolo
671 861 755 888 Paulo
773 863 891 894 dicente.
907 863 1005 897 pignus

1060 253 1132 289 βίον·
1148 253 1329 290 ἀπολήψονται
1339 254 1367 281 δὲ
1379 254 1426 280 καὶ
1443 254 1492 289 τὴν
1505 254 1607 290 θεοειδῆ
1631 253 1710 287 δόξαν
1721 254 1759 286 ὼς
1781 253 1852 290 μέλη

1061 299 1142 327 Θεοῦ.

1098 356 1113 392 §
1126 356 1157 384 ll.
1171 357 1232 384 Τῶν
1252 357 1280 384 δὲ
1293 357 1407 393 ἀνιέρων
1424 358 1451 384 οἱ
1470 357 1520 392 μὲν
1533 356 1736 393 ἀλογιστότερον
1750 357 1788 392 μὴ
1803 357 1854 392 μό-

1059 410 1104 429 νον
1118 402 1252 437 σωμὰτων
1275 402 1306 428 οὐ
1330 401 1486 435 δοξάζουσιν
1499 401 1690 434 ἐξανάστασιν,
1709 402 1777 430 ἀλλά
1803 403 1852 430 καὶ

1058 447 1108 480 τὰς
1130 448 1219 484 ψυχὰς
1249 448 1334 481 αὑτὰς
1353 450 1393 480 είς
1416 448 1521 475 τελείαν
1556 449 1725 484 ἀνυπαρξίαν
1751 451 1851 485 χωρεῖν

1058 492 1168 519 οἴονται.
1183 493 1214 520 Οἱ
1227 493 1254 519 δὲ
1264 492 1438 529 λογικώτεροι
1447 493 1526 528 δῆθεν
1536 493 1636 525 αὐτῶν,
1650 493 1687 525 ὡς
1700 494 1714 520 ὁ
1725 494 1850 526 Πλάτων,

1057 539 1089 565 τὸ
1100 539 1148 574 μὲν
1163 539 1241 574 σῶμα
1255 539 1324 576 μετά
1346 539 1460 567 θάνατον
1473 539 1564 566 οὐκέτι
1578 540 1644 574 φασὶ
1658 540 1850 576 συστήσεσθαι,

1057 585 1116 611 ἀλλ’
1131 585 1170 617 είς
1183 585 1283 617 αἰῶνας
1294 586 1344 621 οὐχ
1357 586 1539 623 ὑποστρέφειν
1554 585 1593 612 ἔτι
1605 586 1673 621 πρὸς
1686 587 1718 622 ῆν
1731 586 1786 621 ἔχει
1801 586 1851 613 σύ-

1059 639 1171 658 στασινο
1187 632 1267 658 τοῦτο
1285 633 1339 668 γάρ
1363 633 1436 659 ἐστιν
1458 633 1472 659 ὅ
1497 641 1578 668 φησιν
1597 632 1737 665 εἰσάπαξ.
1768 633 1850 659 Ἀνά-

1057 675 1113 709 ξιον
1132 677 1186 712 γάρ
1209 685 1290 712 φασιν
1301 676 1370 705 εἶναι
1383 678 1414 705 τὸ
1427 678 1519 705 ὑλικὸν
1531 677 1715 710 συναιωνίζειν
1727 679 1760 714 τῇ
1775 678 1850 714 ἀΰλῳ

1055 721 1140 757 ψυχῇ,
1154 723 1203 758 τὴν
1222 723 1310 758 ψυχὴν
1332 723 1415 759 μόνην
1429 724 1571 756 ἀθανάτως
1584 724 1729 761 ὑπάρχειν.
1755 725 1849 751 Ταῦτα

1055 765 1104 792 καὶ
1116 767 1140 792 oi
1163 767 1217 793 ἀπὸ
1243 767 1362 802 Σίμωνος
1379 768 1483 802 ἐλεγον,
1510 769 1561 796 οὐκ
1586 770 1763 806 ἐννοήσαντες
1786 769 1852 796 οὐδὲ

1057 811 1206 848 μυηθέντες
1226 813 1302 849 παρὰ
1319 814 1366 840 τοῦ
1388 814 1505 850 μεγάλου
1520 814 1668 841 ἀποστόλου
1685 815 1791 842 Παύλου
1805 815 1849 842 λέ-

1055 865 1160 892 γοντος,
1185 858 1331 894 ἀρραϐῶνα
1353 861 1400 886 καὶ
1418 860 1554 894 ἀπόδειξιν
1565 860 1614 896 τῆς
1639 861 1708 896 μετὰ
1723 860 1848 896 σώματος

211 911 239 934 et
252 906 440 940 probationem
455 907 618 934 universalis
637 907 662 934 in
679 907 763 943 274
777 915 891 943 corpore
906 909 995 936 futura

1057 902 1204 938 καθολικῆς
1241 905 1415 937 ἀναστάσεως
1439 905 1485 932 τὸν
1510 905 1611 941 Κύριον
1635 906 1714 942 ἡμῶν
1744 906 1847 942 Ἰησοῦν

212 953 422 980 resurrectionis
439 954 581 980 Dominum
595 959 720 981 ttostruttt
740 954 833 982 Jcsutn
862 954 1002 982 Christum

209 999 366 1031 exstitisse;
381 1003 410 1026 et
425 1000 497 1034 quod
514 999 541 1027 itt
552 999 610 1034 ipso
624 1001 704 1027 utoJo
717 1001 879 1028 abscondita
895 1001 932 1029 sit
948 1001 1003 1029 vita

210 1049 306 1071 nostra
330 1044 358 1071 in
384 1044 440 1072 Deo
473 1045 619 1073 revelanda
646 1045 674 1072 in
702 1047 917 1080 resonet-alioue.
949 1046 1002 1074 Alii

210 1097 275 1118 vero
291 1091 418 1119 dicebant
434 1099 533 1125 corpus
549 1096 613 1119 tunc
635 1100 745 1120 aereum
768 1093 867 1120 animis
879 1093 1001 1120 futurum

207 1137 245 1171 (si
261 1139 341 1165 modo
361 1139 483 1165 futurum
500 1139 548 1174 sit)
562 1144 591 1166 et
613 1147 666 1167 non
693 1146 912 1167 resurrecturum
933 1140 1002 1168 illud

204 1183 300 1218 "ipsum
327 1185 400 1219 quod
425 1186 505 1212 tnodo
528 1186 659 1222 gerimus,
684 1187 846 1221 corporibus
872 1195 934 1222 qua:
949 1195 1001 1214 una

209 1229 389 1257 decertat-unt
406 1230 534 1265 ittjut‘iatn
548 1232 713 1266 irrogantes.
727 1233 781 1261 Alii
797 1240 891 1268 porro,
906 1234 1000 1262 nescio

206 1282 263 1309 quo
277 1279 355 1310 pacto
372 1276 405 1303 ad
422 1282 547 1304 terrenas
569 1278 751 1312 cogitationes
767 1279 918 1314 provocati,
930 1279 1000 1306 scti-

207 1325 323 1354 pserunt
340 1320 377 1348 ibi
397 1322 475 1349 cibus
491 1327 625 1358 polusque
649 1324 765 1352 sensiles
782 1325 899 1353 Futurus.
932 1325 1001 1352 Insi-

208 1365 288 1393 uuari
310 1368 388 1394 aiuttt
399 1375 447 1402 per
463 1368 513 1395 ltoc
530 1369 671 1404 Pappiaut,
685 1369 837 1405 Hierapolis
855 1371 927 1398 Asia:
941 1371 999 1405 epi—

211 1419 338 1447 scopum,
351 1415 396 1448 qui
410 1414 464 1441 divi
487 1414 602 1442 Joannis
628 1416 802 1451 evangelista
829 1417 999 1452 temporibus

206 1458 310 1485 floruit.
327 1459 377 1486 llic
389 1461 462 1487 enint
472 1461 588 1496 Pappias
600 1461 668 1489 libro
681 1467 778 1497 quarto
794 1462 997 1490 Dontint'carum

205 1513 316 1531 suarum
331 1506 547 1539 expluuatiouum
562 1508 682 1542 scripsit,
697 1508 757 1536 fore
769 1509 795 1535 itt
816 1510 996 1547 resurrectio-

205 1558 242 1577 ne
261 1551 415 1586 voluptates
429 1561 489 1587 quo:
512 1554 701 1588 percipiuntur
721 1564 754 1583 ex
778 1557 865 1590 cibis;
879 1557 906 1584 itt
923 1557 995 1592 quod
1010 1573 1031 1603 ε

205 1596 316 1630 quidem
336 1597 432 1632 dogma
456 1600 628 1633 postmodum
652 1601 837 1635 Apollinarius
864 1603 992 1630 credidit.

205 1642 346 1675 Quomodo
377 1645 460 1680 igitur
479 1646 644 1681 Apollittarii
671 1653 752 1675 erunt
778 1649 881 1684 scripta
907 1650 995 1677 sancti

204 1687 341 1723 Dionysii,
358 1691 508 1718 secundum
526 1700 611 1727 nugas
636 1693 805 1729 aliquorum,
820 1702 881 1730 qua:
894 1695 996 1729 Apolli-

206 1735 314 1762 narium
333 1736 478 1764 refutant?
498 1738 551 1765 Sed
566 1747 645 1767 ttetno
666 1741 786 1767 virorum
799 1742 946 1776 proborum
961 1743 995 1770 ad

204 1781 359 1809 istiusmodi
385 1783 572 1813 absurditatcs
593 1786 756 1819 abducetur,
775 1794 868 1814 verum
882 1787 995 1815 creden—

204 1830 245 1854 tes
257 1835 287 1854 se
301 1828 518 1857 Christiforment
535 1836 635 1859 sortem
647 1832 803 1868 adepturus,
817 1835 993 1862 mutationem

203 1872 301 1899 tuortis
314 1873 425 1901 minime
439 1874 634 1908 formidabant,
653 1877 737 1912 probe
751 1879 868 1906 scientes
877 1886 907 1906 se
922 1880 994 1907 bona

202 1923 280 1951 parta
297 1920 434 1947 stabiliter
450 1929 634 1955 pussessuros.
655 1923 817 1952 Pet-calores
827 1931 892 1952 vero
906 1926 993 1960 siqui-

201 1963 263 1990 dem
280 1972 387 1992 sacrum
414 1967 556 1995 hauserint
576 1968 788 2002 institutionem,
801 1978 887 2005 eaque
901 1974 992 2006 negle-

200 2015 258 2042 cla,
271 2011 305 2037 ad
333 2013 568 2047 cottcupisrentias
596 2023 644 2043 sua
670 2021 768 2051 sponte
791 2017 909 2044 devoluti
926 2019 990 2049 sint.

200 2063 263 2082 cum
282 2058 315 2083 ad
337 2058 398 2085 vita:
429 2060 509 2087 liuent
528 2062 717 2096 pervenerint,
742 2070 796 2090 tton
824 2064 878 2098 jatn
905 2063 991 2099 legent

199 2100 320 2128 divinam
347 2110 424 2137 atque
449 2109 477 2131 ut
502 2105 578 2140 prius
595 2107 788 2141 despicabilem
811 2109 988 2142 cnstimant;

198 2149 247 2174 sed
263 2149 325 2176 aliis
341 2149 420 2185 longe
431 2151 528 2184 oculis,
540 2154 709 2188 spiritalibus
723 2157 830 2182 demum
846 2161 874 2184 et
887 2164 918 2183 ea
930 2165 990 2192 quat

198 2193 258 2220 illic
283 2201 345 2222 sunt
366 2197 546 2231 intuentibus,
583 2206 615 2226 ea
638 2207 700 2234 quae
723 2201 760 2228 ibi
779 2207 843 2229 sunt
859 2203 988 2230 conside-

197 2249 308 2274 rantes,
323 2248 350 2269 et
374 2244 471 2278 quibus
497 2245 576 2272 bonis
604 2247 758 2274 excidet-int.
781 2250 986 2283 expendentes,
1003 2244 1026 2272 D

197 2286 294 2315 lautos
308 2289 417 2323 qttidcttt
437 2291 587 2325 pncdicattt
600 2299 647 2319 eos
660 2293 704 2326 qui
732 2293 778 2320 illa
799 2294 888 2327 adepti
909 2300 986 2328 sunt,

195 2334 289 2361 miseri
309 2341 399 2363 autetn
420 2342 447 2364 et
470 2338 546 2365 inviti
565 2345 598 2364 ex
619 2339 669 2366 hac
684 2340 737 2366 vita
752 2341 904 2375 decedunt,
924 2350 988 2377 pro-

192 2384 256 2414 pter
281 2381 363 2408 vitatu
379 2390 455 2409 suattt
470 2384 627 2418 pessimam,
650 2385 725 2412 nulla
741 2386 837 2414 salutis
852 2394 900 2422 spe
912 2387 984 2415 fulti.

231 2425 246 2462 §
267 2427 310 2455 Ill.
330 2427 397 2455 Cum
414 2429 439 2456 in
455 2435 611 2458 saneturutu
638 2432 888 2462 obdortnitionibus
918 2435 986 2462 nihil

193 2474 291 2502 ltorutn
318 2476 434 2508 accidat,
452 2475 474 2503 is
488 2476 598 2511 quidem
615 2477 661 2512 qui
684 2478 718 2505 ad
747 2478 809 2506 vita:
823 2479 904 2507 finem
924 2487 985 2515 pro-

193 2526 283 2556 perat,
299 2522 399 2557 gaudet
431 2529 461 2550 se
474 2524 507 2550 ad
535 2529 657 2551 sanctam
672 2526 907 2559 regenerationem
922 2534 985 2562 per—

193 2568 304 2600 venire,
333 2568 455 2597 defuncti
477 2575 568 2598 autem
593 2570 751 2605 familiares,
769 2573 906 2608 spiritales
934 2581 984 2608 po-

192 2616 247 2643 tius
263 2624 345 2651 qttam
369 2618 494 2645 carnales
518 2618 582 2654 (hoc
593 2619 665 2646 enim
693 2623 735 2647 est
750 2627 799 2655 pro
809 2620 870 2655 jure
883 2621 983 2648 divina:

191 2663 413 2699 propinquitatis)
430 2665 539 2692 beatum
554 2665 640 2700 ipsum
653 2666 816 2701 praedicant,
828 2671 855 2694 et
864 2667 981 2695 sintilem

191 2710 273 2739 finem
298 2711 484 2740 beatissimum
506 2712 557 2748 ipsi
573 2721 681 2748 quoque
697 2715 827 2750 consequi
841 2718 980 2750 exoptant.

190 2759 306 2789 Portant
321 2768 412 2791 autem
432 2764 520 2799 ipsum
549 2765 583 2792 ad
600 2765 767 2801 episcopum.
783 2766 861 2801 quasi
871 2766 981 2794 coronis

192 2810 389 2838 ntunerandunt
405 2819 413 2844 ;
431 2811 475 2840 hic
485 2816 559 2848 ~Vero
575 2811 664 2848 ipsum
690 2814 830 2849 excipiens
857 2814 881 2842 ei
905 2813 980 2849 ius”

189 2854 331 2884 uersolvit.

1055 948 1175 984 Χριστὸν
1191 950 1365 985 γεγενῆσθαι,
1381 950 1428 977 καὶ
1441 951 1481 978 ὅτι
1495 952 1524 978 ἐν
1538 951 1611 988 αὐτῷ
1623 952 1670 979 νῦν
1693 952 1846 988 κέκρυπται

1055 996 1072 1031 ἡ
1097 994 1153 1031 ζωὴ
1178 996 1255 1032 ἡμῶν
1279 998 1307 1023 ἐν
1331 997 1370 1032 τῷ
1399 997 1458 1033 Θεῷ
1483 997 1730 1035 φανερωθησομένη
1759 1000 1788 1026 ἐν
1813 1001 1844 1035 τῇ

1054 1041 1259 1078 παλιγγενεσία.
1288 1042 1378 1069 Ἀλλοι
1401 1043 1430 1070 δὲ
1443 1043 1565 1079 αἰθέριον
1588 1044 1708 1079 ἔφασκον
1737 1044 1844 1073 ἔσεσθαι

1055 1086 1093 1121 (εἴ
1103 1095 1135 1121 γε
1147 1088 1194 1114 καὶ
1205 1087 1325 1124 ἔσεσθαι)
1340 1088 1420 1124 σῶμα
1431 1091 1491 1121 ταῖς
1502 1089 1611 1125 ψυχαῖς,
1632 1090 1678 1117 καὶ
1707 1090 1757 1116 οὐκ
1780 1090 1845 1117 αὐτὸ

1052 1133 1131 1160 τοῦτο
1143 1133 1370 1171 ἐξαναστήσεσθαι
1384 1135 1398 1162 ὃ
1417 1135 1607 1171 περικείμεθα,
1631 1136 1787 1169 ἀδικοῦντες
1811 1136 1845 1163 τά

1053 1178 1257 1216 συναθλήσαντα
1282 1179 1405 1216 σώματα.
1421 1181 1513 1208 ’Δλλοι
1525 1181 1563 1213 δὲ,
1581 1182 1630 1208 οὐκ
1649 1180 1697 1210 οἶδ’
1709 1182 1783 1214 ὅπως
1804 1183 1844 1214 είς

1051 1224 1157 1257 ἐννοίας
1176 1224 1272 1258 ὑλικὰς
1295 1226 1490 1260 ἀποκλιθέντες
1500 1247 1508 1260 ,
1522 1228 1625 1263 τροφὰς
1638 1228 1772 1265 αἰσθητὰς
1797 1229 1844 1257 καὶ

1051 1269 1146 1302 πόσεις
1168 1270 1258 1298 ἐκεῖσε
1277 1272 1463 1309 γενησομένας
1497 1273 1664 1310 ἀνέγραψαν.
1691 1274 1843 1303 Αἱνίττεται

1049 1316 1090 1349 δὲ,
1105 1319 1197 1351 φασιν,
1212 1319 1252 1350 είς
1283 1319 1413 1346 Παππίαν
1425 1320 1471 1346 τὸν
1490 1319 1666 1355 Ἰεραπόλεως
1679 1321 1728 1357 τῆς
1751 1321 1843 1354 Ἀσίας

1050 1363 1210 1397 ἐπίσκοπον,
1235 1364 1281 1392 τὸν
1304 1365 1342 1401 τῷ
1367 1365 1432 1402 θείῳ
1457 1367 1506 1392 καὶ
1527 1367 1708 1404 εὐαγγελιστῇ
1729 1368 1842 1405 Ἰωάννῃ

1050 1410 1272 1446 συνακμάσαντα.
1287 1409 1371 1444 Οὗτος
1383 1412 1438 1449 γὰρ
1456 1414 1471 1440 ὁ
1484 1414 1615 1446 Παππίας
1627 1415 1657 1440 ἐν
1667 1414 1705 1449 τῷ
1719 1415 1842 1451 τετάρτῳ

1050 1461 1145 1497 βιϐλίῳ
1155 1462 1211 1488 τῶν
1222 1462 1370 1498 Κυριακῶν
1382 1463 1466 1490 αὺτοῦ
1481 1463 1636 1500 ἐξηγήσεων
1650 1465 1699 1497 τὰς
1715 1464 1759 1494 διὰ
1773 1465 1842 1501 βρω-

1049 1507 1143 1543 μάτων
1161 1505 1237 1535 εῖπεν
1251 1509 1279 1535 ἐν
1295 1510 1328 1544 τῇ
1352 1509 1500 1537 ἀναστάσει
1522 1510 1686 1543 ἀπολαύσεις
1698 1519 1705 1526 ⁸
1721 1512 1762 1542 εἰς
1773 1512 1841 1547 ὅπερ

1047 1552 1136 1588 δόγμα
1148 1553 1195 1580 καὶ
1221 1554 1235 1580 ὁ
1257 1554 1458 1590 ’Δπολλινάριος
1486 1555 1556 1591 μετά
1579 1555 1667 1583 ταῦτα
1678 1556 1834 1583 ἐπίστευσε.

1048 1598 1112 1631 Πῶς
1133 1598 1181 1625 οὖν
1201 1599 1404 1637 Ἀπολλιναρίου
1420 1601 1507 1628 ταῦτα
1526 1601 1562 1628 τά
1583 1602 1630 1629 τοῦ
1641 1603 1721 1636 ἁγίου
1743 1604 1840 1631 Διονυι-

1048 1644 1106 1670 σίου
1136 1645 1341 1680 συγγράμματα
1368 1646 1440 1672 κατὰ
1470 1646 1532 1678 τούς
1556 1655 1636 1674 τινων
1659 1647 1778 1684 λήρους,
1806 1649 1841 1676 τὰ

1047 1689 1210 1726 ἀναιροῦντα
1228 1690 1428 1727 Ἀπολλινάριον
1439 1700 1446 1724 ;
1461 1691 1534 1724 Ἀλλ’,
1541 1692 1593 1718 οὐκ
1603 1692 1635 1719 ἄν
1644 1701 1686 1725 τις
1693 1693 1747 1720 τῶν
1758 1693 1840 1729 ἱερῶν

1044 1734 1151 1771 ἀνδρῶν
1175 1736 1216 1767 είς
1236 1735 1363 1768 τοιαύτας
1383 1735 1497 1768 ἀτοπίας
1517 1737 1742 1773 ἀπενεχοήσεται·
1770 1737 1839 1765 ἀλλὰ

1045 1781 1229 1814 πιστεύοντες,
1242 1782 1283 1808 ὃτι
1297 1781 1427 1818 λήψονται
1440 1782 1490 1817 τὴν
1513 1783 1674 1819 Χριστοειδῆ
1699 1783 1788 1819 λῆξιν,
1805 1785 1837 1812 οὐ

1043 1827 1094 1862 τὴν
1107 1827 1154 1854 ἐπὶ
1179 1826 1293 1854 θάνατον
1306 1827 1455 1860 δεδοικότες
1468 1829 1582 1864 τροπὴν,
1605 1829 1662 1856 ἀλλ’
1680 1827 1710 1856 εὖ
1737 1830 1838 1864 είδὸτες

1043 1872 1084 1899 ὅτι
1100 1872 1134 1899 τὰ
1159 1873 1292 1909 κτηθέντα
1302 1874 1373 1901 καλὰ
1389 1874 1504 1910 βεϐαίως
1518 1875 1634 1908 ἕξουσιν.
1653 1876 1684 1902 Oi
1702 1875 1729 1902 δὲ
1745 1877 1839 1912 ἁμαρ-

1043 1918 1133 1950 τωλοὶ,
1158 1919 1239 1954 εἴπερ
1255 1921 1309 1946 είσὶ
1323 1921 1370 1947 καὶ
1385 1921 1566 1957 μεμυημένοι,
1591 1922 1653 1949 ἐπεὶ
1683 1923 1751 1959 πρὸς
1776 1924 1839 1950 ἐπι-

1043 1965 1143 2000 θυμίας
1164 1966 1402 2002 ᾰπηυτομόλησαν,
1417 1968 1481 1994 ὅταν
1512 1967 1580 2004 πρὸς
1605 1969 1636 1995 τὸ
1649 1969 1724 2001 τέλος
1736 1969 1838 2005 ἕρχωψ

1042 2020 1100 2043 ται,
1114 2012 1206 2038 οὐκέτι
1230 2012 1292 2039 τότε
1319 2013 1556 2050 εὐκαταφρόνητον
1586 2014 1631 2041 τὸν
1657 2015 1726 2042 θεῖον
1752 2016 1837 2052 νόμον

1042 2056 1192 2091 λογίζονται
1206 2058 1244 2089 ὡς
1263 2059 1311 2086 καὶ
1326 2060 1469 2095 πρότερον,
1483 2059 1540 2086 ἀλλ’
1553 2060 1659 2096 ἑτέροις
1684 2060 1836 2097 ὀφθαλμοῖς

1040 2105 1144 2139 νοεροῖς
1168 2104 1260 2131 λοιπὸν
1292 2105 1383 2132 καὶτὰ
1405 2106 1494 2133 ἐκεῖσε
1520 2107 1684 2140 σκοποῦσιν,
1712 2108 1834 2135 ἀποσκο-

1040 2149 1171 2182 ποῦντες
1188 2150 1223 2177 τὰ
1250 2151 1351 2184 ἐκεῖσε,
1376 2152 1423 2178 καὶ
1457 2149 1495 2178 ὦν
1515 2153 1720 2185 ἐκπεπτώκασι,
1745 2163 1836 2190 μακα..

1041 2195 1145 2230 ρίζουσι
1176 2196 1227 2232 μὲν
1259 2198 1323 2230 τοὺς
1351 2199 1464 2226 ἐκείνων
1497 2199 1669 2234 ἁψαμένους,
1704 2200 1834 2235 ἐλεεινῶς

1038 2242 1067 2268 δὲ
1094 2243 1143 2277 τῆς
1172 2243 1313 2280 παρούσης
1349 2244 1422 2280 ζωῆς
1446 2245 1657 2281 ἀποσχίζονται,
1679 2247 1730 2274 οὐκ
1753 2248 1832 2284 ἕχον-

1038 2297 1085 2328 τες
1120 2288 1217 2316 ἐλπίδα
1248 2291 1384 2326 σωτηρίας
1413 2291 1458 2318 διὰ
1480 2292 1529 2327 τὴν
1559 2292 1699 2329 χειρίστην
1731 2294 1833 2330 διαγω-

1034 2341 1100 2375 γῆν·

1075 2435 1145 2472 §lll.
1161 2437 1271 2464 Τούτων
1295 2438 1401 2470 οὐδενὸς
1420 2439 1569 2475 γινομένων
1599 2440 1670 2466 κατὰ
1698 2439 1748 2472 τὰς
1773 2441 1830 2468 τῶν

1036 2481 1122 2515 ἁγίων
1136 2481 1240 2517 ἀνδρῶν
1260 2483 1414 2518 κοιμήσεις,
1434 2484 1515 2516 αὐτὸς
1530 2484 1580 2520 μὲν
1598 2485 1613 2510 ό
1635 2485 1704 2521 πρὸς
1726 2486 1758 2512 τὸ
1779 2487 1830 2513 πέ-

1037 2535 1087 2562 ρας
1107 2527 1263 2563 ἐρχόμενος,
1289 2527 1378 2563 χαίρει
1398 2529 1545 2556 ἐπιϐαίνων
1568 2530 1618 2565 τῆς
1638 2531 1712 2565 ἱερᾶς
1731 2531 1830 2566 παλιγ-

1035 2573 1171 2606 γενεσίας,
1198 2574 1223 2599 οί
1241 2573 1270 2600 δέ
1298 2573 1345 2599 τοῦ
1359 2574 1537 2609 κοιμηθέντος
1562 2576 1667 2607 οἰκεῖοι,
1686 2577 1710 2602 οἱ
1741 2584 1827 2603 πνευ-

1036 2620 1147 2654 ματικοὶ
1160 2619 1260 2655 μᾶλλον
1273 2620 1345 2656 ἥπερ
1359 2621 1384 2647 oi
1397 2620 1469 2648 κατὰ
1484 2621 1573 2656 σάρκα
1585 2622 1673 2656 (τοῦτο
1698 2623 1754 2659 γάρ
1766 2624 1826 2650 ἐστι

1032 2666 1064 2692 τὸ
1087 2665 1158 2693 κατά
1180 2666 1231 2702 τὴν
1251 2666 1326 2693 θείαν
1348 2667 1520 2703 οίκειότητα)
1545 2667 1627 2694 αὐτόν
1651 2676 1681 2694 τε
1704 2669 1825 2704 μακαρί-

1033 2711 1108 2745 ζουσι
1121 2714 1168 2740 καὶ
1189 2713 1310 2740 τοιοῦτον
1331 2715 1498 2750 μακαριστὸν
1521 2714 1599 2746 τέλος
1631 2714 1755 2751 εὔχονται
1776 2716 1824 2743 καὶ

1031 2759 1110 2786 αὐτοὶ
1121 2759 1265 2794 λήψεσθαι.
1278 2759 1392 2794 ’Δγουσι
1402 2760 1434 2787 δὲ
1448 2760 1542 2788 τοῦτον
1554 2761 1600 2788 ἐπὶ
1619 2761 1665 2788 τὸν
1679 2762 1822 2798 ίεράρχην,

1030 2807 1069 2838 ὼς
1081 2807 1128 2834 ἐπὶ
1150 2806 1226 2833 δόσιν
1240 2806 1379 2843 στεφάνων
1389 2816 1395 2823 ·
1409 2809 1424 2834 ὁ
1433 2807 1470 2840 δὲ,
1485 2807 1638 2843 δεχόμενος,
1650 2809 1757 2836 ἐκτελεῖ
1771 2809 1823 2838 ἐπὶ

1031 2851 1117 2889 τούτῳ
1134 2852 1168 2880 τὰ
1180 2853 1250 2882 ὅσια.
