1929 3068
120 189 174 217 573

393 246 427 272 Il.
447 246 634 281 Μυστήριον.

156 293 320 328 Συναγαγὼν
329 293 374 320 τὸν
386 293 486 329 κλῆρον
496 295 510 320 ὁ
523 279 663 330 ἱεράρχης,
674 295 698 321 εἰ
709 293 758 330 μὲν
768 293 823 321 τῶν
835 295 911 330 ἱερω-
946 279 949 283 ”

121 337 212 373 μένων
224 338 296 364 ἐστὶν
314 339 328 364 ό
348 337 548 374 κεκοιμημένος
559 359 566 371 ,
587 338 752 375 ἐπίπροσθεν
768 337 816 365 τοῦ
836 337 909 365 θείου

120 383 311 419 θυσιαστηρίου
324 384 499 417 κατακλίνας,
512 383 566 411 τῶν
579 384 665 420 εὐχῶν
679 384 786 420 καὶτῆς
797 384 908 419 εὐχαρι-

121 430 198 461 στίας
220 429 372 465 ἀπάρχεται
381 438 388 445 ο
403 430 490 465 εὐχῶν
506 430 564 466 μὲν,
577 430 648 466 ὑπὲρ
661 430 715 456 τῶν
728 430 909 466 ἀγνοημάτων

119 475 167 502 τοῦ
182 475 380 511 κεκοιμημένου
390 484 396 490 ·
414 476 589 511 εὐχαριστίας
601 476 629 502 δὲ
638 496 646 508 ,
659 476 730 511 ὑπὲρ
740 472 777 502 ὧν
788 476 908 511 ἤμϐλυνε

119 520 151 547 τὸ
163 520 210 547 τοῦ
223 520 336 548 θανάτου
348 521 470 557 κέντρον,
486 521 533 548 καὶ
553 520 639 552 οὕτως
650 520 770 556 ⁴ιηδυνήθη
784 521 850 555 παρ’
860 521 910 547 αὺ-

119 565 167 592 τοῦ
177 565 272 601 βοηϐού
277 575 356 601 μενος
369 566 539 602 κατορθῶσαί
550 574 620 593 τινα.
630 567 661 592 El
671 566 699 593 δὲ
712 565 827 601 μοναχός
837 566 908 592 ἐστιν

118 611 137 647 ἢ
152 611 244 643 πιστὸς
256 613 287 637 ὲκ
299 612 345 638 τοῦ
361 612 433 647 ἱεροῦ
444 611 509 638 λαοῦ
519 631 527 644 ,
540 612 616 648 παρά
629 611 674 638 τὸν
686 611 810 647 νάρθηκα
821 620 908 638 κατα-

119 657 218 684 κλίνει.
234 658 270 684 Τὸ
281 657 310 684 δὲ
322 657 379 692 πρὸ
393 657 610 693 τῆςζὶερατικῆς
618 657 815 689 εἰσελὲύσεως
834 656 910 692 δηλοῖ

116 703 161 730 ὅτι
180 703 344 739 ἐπίπροσθεν
355 703 409 730 τῶν
429 703 582 738 ψαλλόντων
594 704 695 738 ὀφείλει
711 703 828 730 κεῖσθαι.
842 701 910 730 Εῐτα

117 749 133 775 ὁ
154 748 203 784 μὲν
224 748 353 784 ιεράρχης
365 749 411 775 τὸν
433 748 577 783 εὐλογητδν
594 748 728 782 ὲκφωνεί,
752 747 816 782 ἑξῆς
835 747 864 773 δὲ
884 748 908 775 οἱ

116 792 236 820 διάκονοι
247 793 282 819 τὰ
294 793 437 829 πρόσφορα
456 793 536 828 ἱερῶς
556 793 663 829 ᾄδουσι·
676 793 763 820 ταῦτα
782 793 837 829 γάρ
856 794 909 819 εισι

115 838 153 865 τὰ
172 838 359 874 ταύτοδύναμα
377 839 424 865 καὶ
441 838 559 874 ὁμόλογα
570 859 578 872 ,
590 838 710 874 δηλονότι
722 838 757 865 τὰ
774 839 831 870 τοῖς
843 847 908 874 προ-

117 885 255 920 κειμένοις
268 885 409 920 σύμφωνα.
424 885 491 912 Εἶτα
503 886 517 912 ὁ
528 885 716 921 ἀρχιδιάκονος
730 885 843 911 ἀπολύει
858 885 907 920 μὲν

112 931 182 962 τοὺς
193 931 422 966 κατηχουμένους,
437 930 496 958 εἶτα
508 931 688 967 ἁνακηρύττει
705 931 740 957 τὰ
757 930 811 957 τῶν
823 931 908 965 ἁγίων

115 976 223 1011 ἀνδρῶν
235 977 282 1003 καὶ
294 977 501 1013 κεκοιμημένων
512 977 642 1012 ὀνόματα,
658 976 716 1012 μεθ’
729 973 766 1004 ὧν
779 977 850 1010 ἀξιοῖ
861 976 908 1003 τὸν

116 1022 299 1057 προκείμενον
306 1023 355 1058 τῆς
363 1023 539 1058 ἀναρρήσεως
547 1022 659 1058 ταύτης,
669 1021 716 1048 καὶ
724 1022 908 1058 προτρέπεται

117 1068 224 1100 πάντας
238 1068 308 1104 ὑπὲρ
318 1067 399 1095 αὑτοῦ
413 1069 522 1104 αἰτῆσαι
534 1070 583 1105 τὴν
594 1070 623 1096 ὲν
635 1069 745 1106 Χριστῷ
756 1067 906 1096 τελείωσιν.

112 1113 186 1141 Εἶτα
199 1115 213 1141 ὁ
227 1115 358 1150 ίεράρχης
377 1114 460 1150 εὐχὴν
475 1115 547 1151 ὑπὲρ
560 1115 607 1142 τοῦ
627 1115 828 1151 κεκοιμημένου
850 1123 908 1141 ποι-

116 1162 198 1192 εῖται,
210 1161 258 1188 καὶ
273 1159 425 1193 ἀσπάζεται
434 1160 538 1194 τοῦτον,
555 1163 601 1189 καὶ
616 1162 666 1189 σὺν
680 1162 754 1197 αὒτῷ
767 1162 792 1188 οἱ
806 1161 906 1196 ἕτεροι.

116 1206 196 1233 Μετά
207 1205 293 1232 ταῦτα
307 1206 414 1241 ὲπιχέει
427 1206 515 1242 τούτῳ
532 1207 562 1233 τὸ
577 1207 653 1241 ἅγιον
667 1206 757 1234 ἔλαιον
766 1226 774 1239 ,
798 1207 846 1233 καὶ
859 1206 908 1241 τὴν

115 1251 249 1278 ἀπόλυσιν
258 1271 265 1283 ,
278 1251 340 1286 ἥτις
354 1251 464 1286 λέγεται
478 1252 548 1288 ὑπὲρ
570 1252 678 1279 πάντων
694 1252 771 1287 εὐχὴ,
794 1251 908 1288 ποιησά-

117 1305 210 1332 μενος,
223 1297 368 1332 ἀποτίθησι
381 1298 413 1324 τὺ
429 1297 508 1333 σῶμα
520 1299 549 1325 ὲν
561 1297 628 1334 οἴκῳ
638 1297 721 1334 τιμίῳ
733 1297 792 1334 μεθ’
806 1297 907 1333 ἑτέρων

114 1343 261 1378 ὁμοταγῶν
274 1343 358 1380 ιερῶν
372 1345 516 1381 σωμάτων.

419 1435 466 1463 Ill.
488 1435 608 1469 Θεωρία.

158 1479 204 1516 51.
215 1479 309 1506 Ταῦτα
326 1479 375 1516 μὲν
392 1479 473 1517 εἴπερ
487 1481 568 1508 ἴδοιεν
582 1480 599 1516 ἢ
611 1480 756 1508 ἀκούσαιεν
767 1482 792 1508 el
808 1481 908 1517 Ἐλλη-

114 1534 164 1557 νες
176 1525 326 1561 τελούμενα
338 1525 403 1562 παρ’
415 1526 510 1562 ἡμῶν,
527 1527 613 1554 πλατὺ
632 1527 791 1561 γελάσουσιν
803 1535 810 1542 ·
826 1527 908 1562 ἡμεῖς

114 1571 156 1623 δὲ,
171 1571 218 1623 τὸν
229 1570 397 1622 Ϋωταγωγδν
415 1571 518 1606 Ἰησοῦν
533 1571 760 1607 ἐπικαλεσάμενοι
780 1572 905 1607 λέγομεν,
920 1594 942 1623 c

112 1615 160 1642 ὅτι
173 1615 264 1648 καλῶς
277 1617 292 1642 ό
303 1616 435 1652 ίεράρχης
452 1616 499 1642 ἐπὶ
513 1617 559 1643 τὸν
574 1616 648 1650 ἀξιον
662 1617 744 1644 τόπον
755 1616 801 1643 τὸν
813 1625 907 1644 κεκοι-

112 1660 240 1696 μημένον
260 1660 398 1697 ἐπιτίθησι
409 1681 416 1694 ,
432 1661 552 1697 δηλονότι
568 1662 614 1689 τὸν
630 1662 679 1698 μὲν
698 1662 845 1698 ἱερωμένον
858 1663 906 1690 τοῦ

116 1707 313 1742 θυσιαστηρίου
327 1707 491 1742 ἐπίπροσθεν
500 1727 508 1740 ,
523 1707 568 1734 τὸν
587 1707 616 1734 δὲ
633 1708 746 1744 μοναχὸν
760 1708 776 1744 ἢ
790 1709 836 1736 τὸν
849 1709 908 1735 λαῖ-

114 1752 166 1778 κὸν
185 1752 215 1778 ὲν
227 1751 266 1787 τῷ
280 1752 416 1788 ἱερατείῳ.
437 1753 580 1788 Ἐμφαίνει
593 1752 648 1789 γὰρ
666 1753 707 1780 ὅτι
719 1753 790 1780 κατὰ
801 1754 847 1780 τὸν
861 1755 907 1781 έν-

116 1797 205 1824 ταῦθα
225 1797 283 1832 βίον
303 1797 351 1825 καὶ
371 1797 407 1825 τὰ
430 1798 555 1834 πρακτέα
571 1799 588 1834 ἡ
605 1799 695 1825 ἐκεῖσε
717 1799 823 1834 γίνεται
839 1800 907 1827 ἀπο-

117 1841 274 1877 κλήρωσις·
297 1844 321 1869 ει
336 1843 387 1878 μὲν
406 1843 522 1870 ἐνταῦθα
536 1843 656 1880 θεοειδής
674 1853 716 1877 τις
730 1846 838 1880 ἐγένετο
849 1866 857 1880 ,
876 1847 905 1873 ἐν

116 1887 205 1919 θείαις
219 1889 266 1915 καὶ
285 1889 355 1915 κατά
373 1889 405 1915 τὸ
424 1889 520 1925 μέλλον
539 1889 663 1926 λήξεσιν·
678 1892 702 1917 εί
716 1891 745 1917 δὲ
764 1892 906 1928 καθυφῆκε

118 1935 167 1969 τῆς
182 1935 325 1970 ἀκριϐείας
339 1935 457 1962 ἐνταῦθα
467 1955 475 1969 ,
494 1936 554 1962 κατ’
570 1936 647 1969 ἀξίαν
667 1938 778 1965 κάκεῖσε
793 1939 906 1975 λήψεται

115 1981 167 2012 τὰς
177 1981 392 2016 ἀποκληρώσεις.
410 1981 572 2017 Εὐχαριστεῖ
586 1982 675 2010 τοίνυν
691 1984 705 2010 ο
719 1985 848 2021 ίεράρχης
860 1986 907 2012 καὶ

119 2026 189 2062 ὑπὲρ
203 2027 253 2062 τῆς
267 2027 392 2062 τοιαύτης
403 2027 574 2064 δικαιοσύνης
586 2049 593 2061 ,
616 2028 684 2056 ἀλλὰ
702 2030 749 2056 καὶ
771 2031 812 2057 ὅτι
827 2039 907 2058 κατε-

116 2072 185 2107 λύθη
196 2072 227 2098 τὸ
237 2072 284 2098 τοῦ
297 2073 429 2108 τυράννου
439 2073 550 2109 κράτος,
567 2075 616 2100 καὶ
629 2076 643 2101 ό
657 2074 771 2108 θάνατος
785 2076 836 2103 οὐκ
847 2076 912 2106 ἐστι,

118 2117 232 2149 θάνατος
244 2137 251 2150 ,
270 2117 339 2145 ἀλλά
352 2117 420 2155 ζωή.

154 2161 216 2196 §IL
236 2162 270 2187 Ai
289 2161 318 2188 δὲ
340 2161 406 2198 ᾠδαὶ
429 2162 476 2189 καὶ
498 2164 525 2190 αι
549 2163 715 2199 ἀναγνώσεις
743 2166 905 2201 ὲκφαντικαί

117 2207 172 2233 εἰσι
183 2207 238 2234 τῶν
256 2208 345 2234 ἐκεῖσε
361 2208 477 2236 αἰωνίων
489 2210 586 2244 μονῶν,
602 2211 778 2239 ἀποδεκτικαὶ
795 2213 843 2248 μὲν
857 2213 905 2240 τοῦ

390 185 435 215 DE
451 187 593 216 ECCLES.
612 187 812 222 HIERARCH.,
830 188 908 217 CAP.
931 187 988 215 VII.
1003 202 1038 208 —
1049 185 1226 215 PARAPHR.
1242 185 1478 214 PACHYMERAS.

1695 186 1749 215 5H

1191 245 1273 280 275
1296 245 1328 272 ll.
1349 244 1516 279 Mysterium.

996 293 1145 327 Episcopus
1161 293 1264 320 clerum
1280 299 1462 327 congregans,
1471 291 1606 326 siquidem
1620 292 1647 319 in
1659 294 1748 320 sacris

959 337 1051 364 fuerat
1072 338 1119 370 qui
1141 337 1326 369 obdormivit,
1345 340 1408 364 ante
1419 336 1541 364 divinum
1557 337 1644 365 altare
1659 338 1747 373 ipsum

960 384 1107 416 inclinans,
1126 384 1186 411 iniit
1199 384 1369 418 precationes
1383 388 1411 410 et
1423 384 1574 418 gratiarum
1590 384 1726 413 actionem
1738 394 1745 412 :

958 437 1054 464 preces
1071 429 1199 464 quidem,
1219 435 1301 462 super
1324 427 1492 463 ignorantias
1516 427 1657 460 defuncti;
1685 435 1747 462 gra-

957 475 1058 503 tiarum
1072 483 1139 503 vero
1151 475 1286 502 actionem
1299 495 1306 507 ,
1321 475 1385 508 quia
1411 474 1571 508 (Christus)
1586 475 1683 501 mortis
1696 474 1747 501 sti-

958 521 1062 550 mulum
1078 521 1229 553 hebetavlt,
1245 526 1328 555 atque
1345 521 1383 547 ita
1396 521 1457 554 ejus
1468 520 1571 547 auxilio
1584 520 1672 548 fretus
1683 519 1746 547 boni

958 566 1096 602 quidpiam
1117 573 1197 601 agere
1225 566 1324 600 potuit.
1348 565 1395 592 Sin
1426 569 1516 592 autem
1549 565 1653 592 sanctis
1687 572 1745 592 mo-

959 614 1057 641 nachis
1071 617 1203 640 sanclove
1221 612 1319 648 populo
1335 616 1499 646 aggregatus
1513 615 1573 638 erat
1586 633 1592 644 ,
1605 611 1681 646 juxta
1701 619 1745 638 sa-

958 659 1078 686 crarium
1103 657 1230 685 collocat.
1246 657 1313 684 lllud
1331 661 1436 687 autem,
1466 656 1503 682 ad
1517 656 1682 683 sacerdotum
1694 657 1738 684 ἰη-

961 711 1089 738 greuum,
1109 702 1246 739 significat
1260 703 1334 730 illum
1351 710 1444 730 coram
1458 701 1637 736 psallentibus
1653 702 1745 736 jacere

959 749 1069 776 debere.
1087 748 1187 776 Praasul
1210 749 1311 776 deinde
1337 747 1551 775 benedictionem
1574 747 1744 780 pronuntiat,

959 794 1085 829 deinceps
1102 802 1168 822 vero
1184 793 1292 821 diaconi
1317 800 1348 821 ea
1376 801 1437 827 qua:
1459 793 1626 820 conveniunt
1650 797 1745 820 sancto

956 843 1122 870 concinunt:
1134 842 1178 868 illa
1189 841 1263 868 enim
1274 845 1339 868 sunt
1349 839 1539 874 :equivalentia
1547 845 1574 866 et
1582 846 1744 875 synonyma,

959 896 1019 924 quae
1035 888 1162 915 nimirum
1179 891 1335 922 congruunt
1359 885 1508 913 defunctis.
1523 886 1591 913 Tum
1607 885 1744 912 archidia-

923 927 944 954 Β
958 941 1043 962 conus
1067 934 1281 962 catechumenos
1297 932 1428 964 dimittit,
1454 937 1668 966 sanctorumque
1688 931 1743 966 jam

959 981 1148 1008 defunctorum
1166 979 1275 1006 nomina
1295 982 1420 1005 recenset
1432 997 1440 1010 ,
1462 977 1562 1012 quibus
1581 981 1744 1011 praesentem

959 1026 1119 1054 defunctum
1141 1026 1235 1053 eadem
1260 1024 1524 1052 commemoratione
1539 1030 1688 1058 aggregare
1703 1022 1745 1049 di-

959 1076 1067 1107 gnatur,
1096 1072 1277 1106 hortaturque
1300 1076 1414 1101 omnes,
1440 1069 1492 1104 ipsi
1520 1075 1551 1096 ut
1577 1069 1687 1096 beatum
1715 1067 1742 1095 in

957 1118 1067 1145 Christo
1093 1118 1174 1145 flnem
1198 1122 1304 1152 petant.
1339 1117 1409 1144 Tum
1445 1117 1580 1144 accedens
1605 1115 1742 1146 antistes,

956 1170 1066 1197 precem
1091 1169 1198 1190 sacram
1222 1170 1304 1197 super
1326 1163 1455 1190 defuncto
1477 1161 1600 1198 peragit,
1625 1169 1744 1197 eumque

957 1207 1076 1240 salutat,
1103 1211 1132 1234 et
1159 1215 1222 1234 cum
1240 1207 1298 1242 ipso
1319 1208 1421 1236 caeteri.
1438 1208 1536 1236 Postea
1562 1206 1675 1235 aﬂundit
1695 1207 1746 1242 ipsi

957 1259 1066 1280 sacrum
1082 1252 1191 1284 oleum,
1214 1259 1241 1280 et
1266 1253 1427 1287 impertiens
1447 1252 1661 1281 absolutionem.
1681 1251 1743 1284 quae

957 1298 1110 1325 communis
1129 1299 1219 1326 oratio
1243 1304 1377 1331 vocatur,
1401 1299 1463 1327 loco
1487 1299 1620 1326 honorato
1643 1302 1743 1330 corpus

955 1342 1074 1370 collocat
1110 1349 1164 1370 una
1199 1350 1262 1371 cum
1305 1344 1455 1379 aequalibus
1486 1343 1550 1371 aliis
1584 1340 1743 1377 corporibus

954 1388 1071 1416 salictis.

1216 1435 1259 1463 ΙΙΙ.
1280 1435 1482 1470 Contemplatio.

992 1482 1006 1519 ς
1024 1482 1043 1510 1.
1063 1482 1127 1510 Hac
1148 1482 1258 1517 quidem
1280 1482 1301 1509 si
1329 1482 1486 1516 aspexerint
1508 1480 1640 1515 gentiles,
1663 1479 1706 1507 vel
1726 1487 1742 1507 ιι

956 1529 1035 1556 nobis
1050 1528 1108 1555 ﬁeri
1126 1527 1323 1558 inaudiveriut,
1337 1526 1448 1561 profuse
1467 1527 1596 1554 ridebunt
1609 1534 1617 1552 :
1633 1532 1682 1552 nos
1695 1533 1744 1551 aus-

960 1579 1011 1601 tem
1031 1574 1100 1601 lucis
1113 1574 1235 1600 datorem
1256 1571 1347 1600 Jesum
1371 1573 1532 1599 invocantes
1554 1572 1669 1599 dicimus
1690 1570 1744 1597 rite

959 1618 1100 1654 prxsulem
1123 1625 1185 1645 eum
1201 1618 1246 1652 qni
1262 1617 1407 1645 defunctus
1421 1621 1463 1644 est
1479 1617 1541 1644 loco
1556 1616 1638 1650 digno
1652 1615 1738 1642 collo-

956 1672 1036 1696 care;
1065 1670 1162 1698 nempe
1179 1663 1253 1690 illum
1279 1663 1324 1697 qui
1342 1663 1368 1690 in
1383 1663 1470 1689 sacris
1484 1667 1536 1694 est,
1562 1667 1625 1689 ante
1639 1661 1741 1694 altare;

958 1710 1120 1737 monachum
1136 1717 1201 1736 vero
1224 1709 1265 1735 vel
1289 1709 1387 1735 laicum
1398 1727 1407 1740 ,
1422 1708 1449 1734 in
1465 1708 1598 1735 sacrario.
1616 1707 1744 1736 Declarat

956 1757 1045 1789 enim,
1072 1756 1219 1783 secundum
1236 1756 1307 1782 hanc
1322 1755 1407 1782 vitam
1431 1760 1459 1782 et
1480 1763 1541 1789 quas
1566 1759 1639 1789 gesta
1663 1758 1743 1787 sunt,

957 1803 994 1830 ibi
1017 1808 1119 1830 sortem
1136 1802 1251 1829 retribui
1265 1809 1273 1828 :
1287 1806 1317 1828 ut
1337 1801 1362 1828 si
1385 1801 1449 1835 quis
1474 1801 1518 1827 hic
1536 1800 1680 1827 dciformis
1695 1807 1744 1827 ex-

957 1849 1067 1882 stiterit,
1083 1849 1109 1876 in
1123 1848 1214 1875 futuro
1227 1855 1336 1882 quoque
1349 1847 1450 1874 saeculo
1467 1847 1493 1874 in
1507 1846 1607 1873 divinis
1620 1846 1674 1873 erit
1698 1845 1744 1873 de-

957 1894 1168 1926 lectationibus;
1197 1894 1239 1922 sin
1256 1893 1300 1920 hic
1316 1893 1440 1920 nonnihil
1459 1893 1576 1920 studium
1593 1891 1741 1924 remiserit,

957 1950 1006 1977 pro
1031 1941 1134 1969 meritis
1158 1940 1195 1968 ibi
1223 1948 1331 1974 quoque
1358 1943 1448 1967 sortes
1475 1939 1600 1972 accipiet.
1623 1938 1744 1965 Antistes

956 1991 1050 2023 itaque
1066 1995 1117 2023 pro
1129 1987 1221 2015 divina
1236 1987 1341 2021 justitia
1359 1988 1427 2020 hac,
1446 1993 1495 2013 nec
1518 1993 1571 2012 non
1588 1986 1621 2012 de
1636 1985 1743 2019 tyranni

958 2035 1072 2070 imperio
1087 2033 1229 2068 proﬂigato
1249 2033 1351 2068 gratias
1369 2033 1442 2067 agit,
1461 2033 1586 2067 quodque
1602 2038 1675 2058 mors
1689 2038 1743 2058 non

954 2081 1010 2116 jam
1024 2080 1140 2116 amplius
1156 2088 1228 2107 mors
1242 2081 1290 2112 sit,
1310 2079 1357 2107 sed
1373 2080 1440 2106 vita.

991 2171 1074 2206 276
1091 2169 1106 2206 ς
1123 2169 1153 2198 ll.
1172 2169 1259 2197 Porro
1273 2168 1381 2196 cantica
1408 2172 1436 2195 et
1459 2167 1589 2195 lectiones
1604 2170 1743 2198 exponunt

956 2217 1018 2244 illas
1040 2222 1155 2243 aeternas
1181 2215 1354 2246 mansiones,
1379 2221 1440 2248 quae
1460 2213 1604 2240 defunctos
1630 2212 1742 2247 quidem

117 2254 312 2290 κοιμηθέντας,
327 2255 382 2282 τῶν
395 2255 423 2281 δὲ
434 2255 475 2282 ἔτι
492 2255 601 2287 ζώντων
619 2259 817 2294 προτρεπτικαὶ
835 2261 902 2295 πρὸς

960 2262 1097 2296 excipiunt
1109 2280 1117 2293 ,
1132 2261 1258 2288 viventes
1274 2264 1366 2287 autem
1391 2259 1425 2286 ad
1445 2258 1561 2286 similem
1577 2258 1639 2285 vita:
1661 2258 1742 2284 liuent

116 2300 167 2336 τὴν
179 2300 274 2335 ὁμοίαν
288 2301 435 2329 τελείωσιν.

155 2351 222 2387 ςιιῐ.
238 2352 338 2379 Σκόπει
351 2353 391 2385 δὲ,
405 2353 447 2380 ὅτι
460 2353 507 2380 νῦν
520 2353 550 2380 οὐ
566 2354 652 2381 πᾶσαι
668 2355 696 2381 αἱ
711 2354 905 2391 καθαιρόμεναι

118 2398 211 2431 τάξεις
223 2398 401 2431 ἀπολύονται,
417 2400 499 2435 ἤγουν
520 2401 567 2426 καὶ
583 2400 612 2427 αἱ
626 2401 680 2427 τῶν
697 2401 904 2437 ἐνοχλουμένων,

116 2446 168 2472 ,καὶ
188 2447 216 2472 αἱ
236 2446 291 2473 τῶν
305 2447 334 2473 ἐν
350 2447 495 2483 μετανοίᾳ,
510 2447 579 2475 ἀλλὰ
595 2448 683 2483 μόνων
705 2448 760 2475 τῶν
774 2458 908 2485 κατηχού-

117 2491 208 2526 μένων
219 2500 226 2506 ·
240 2492 357 2528 ἀμύητοι
371 2492 426 2529 γὰρ
433 2491 517 2527 οὗτοι,
525 2495 573 2521 καὶ
581 2494 672 2530 πάσης
685 2495 803 2530 ἐπαιιίας
817 2496 907 2531 ἀμέθ-

117 2545 207 2564 εκτοι.
222 2538 305 2564 Οὐδὲν
321 2538 351 2565 δὲ
364 2539 462 2574 μικρὸν
474 2541 504 2566 ὲν
514 2541 571 2572 τοῖς
584 2540 645 2567 καθ’
655 2541 729 2576 ἡμᾶς
745 2541 905 2577 μυστηρίοις

117 2582 270 2617 λογίζεσθαι
285 2584 354 2620 χρὴ,
375 2585 443 2612 ἀλλὰ
464 2586 553 2613 πάντα
578 2587 699 2621 μεγάλα⁸
715 2587 784 2614 αύτά
801 2587 904 2623 μέντοι,

117 2628 187 2663 πρὸς
198 2628 300 2664 ἀλληλα
311 2630 520 2666 συγκρινόμενα,
532 2631 664 2668 διαφορὰν
672 2632 771 2664 ἕξουσι.
782 2633 907 2668 Μέγιστα

116 2675 173 2709 γὰρ
191 2675 241 2702 καὶ
260 2675 458 2712 ἀπαράϐλητα,
483 2677 518 2703 τὰ
533 2677 588 2704 τῶν
609 2677 698 2705 θείων.
717 2679 749 2705 Αἱ
764 2678 794 2706 δὲ
813 2679 906 2715 ἕτεραι

115 2720 219 2753 τάξεις,
231 2722 255 2747 οι
267 2721 457 2757 ὲνεργούμενοι
466 2742 474 2755 ,
496 2723 522 2750 οἱ
531 2724 562 2750 ὲν
576 2724 705 2760 μετανοίᾳ
721 2724 905 2756 συνίστανται,

115 2765 155 2798 ὡς
168 2766 312 2802 μυηθεῖσαι
326 2767 386 2803 μὲν,
401 2768 525 2804 ἀνοήτως
543 2768 571 2796 δὲ
585 2769 654 2805 πρὸς
670 2769 706 2796 τά
718 2769 802 2805 χείρω
816 2770 912 2798 παλιν-

116 2812 300 2848 δρομήσασαι,
316 2813 371 2840 τῶν
383 2813 449 2848 γοῦν
461 2813 614 2850 θεαρχικῶν
637 2815 783 2848 ὲποπτιῶν,
799 2815 906 2852 καὶτῆς

118 2858 194 2890 θείας
216 2859 394 2894 μεταλήψεως
411 2860 648 2896 ἀπειρχθήσονται.
664 2861 695 2888 'O
707 2861 761 2897 γὰρ
777 2861 906 2894 ἀναξίως

117 2903 228 2931 ἐσθίων
242 2904 291 2931 καί
302 2904 408 2938 πίνων,
420 2906 464 2938 εἰς
480 2905 568 2941 κρῖμα
580 2906 675 2939 ἐαυτῷ
688 2906 782 2934 ἐσθίει
797 2905 846 2933 καὶ
859 2907 906 2933 πί-

956 2309 1146 2336 adhortantur.

994 2353 1008 2389 §
1029 2353 1070 2380 Ill.
1091 2353 1224 2380 Craterum
1245 2351 1382 2383 observa,
1407 2350 1542 2384 quomodo
1566 2357 1620 2377 non
1647 2355 1744 2377 omnes

956 2401 1001 2435 qui
1018 2400 1167 2434 expiationi
1191 2404 1291 2426 vacant
1310 2399 1421 2426 ordines
1439 2398 1495 2433 jam
1510 2398 1694 2428 dimittantur,
1714 2400 1744 2423 ut

956 2452 1019 2475 sunt
1033 2446 1207 2474 daemonibus
1223 2446 1404 2473 obnoxiorum
1421 2451 1449 2472 et
1472 2444 1674 2480 pceniteutium.
1693 2442 1741 2470 sed

958 2493 1009 2520 soli
1030 2493 1237 2525 catechtuneni;
1261 2492 1389 2527 quoniam
1416 2491 1443 2518 hi
1471 2491 1546 2518 nullo
1569 2495 1743 2518 sacramento

956 2543 1021 2565 sunt
1044 2538 1164 2570 initiati,
1197 2542 1226 2564 et
1248 2538 1338 2565 omnis
1357 2542 1484 2572 aspectus
1509 2536 1578 2564 sacri
1602 2541 1741 2570 expertes.

956 2584 1064 2613 Nullum
1086 2588 1175 2612 autem
1192 2591 1209 2612 e
1223 2585 1361 2619 mysteriis
1378 2584 1480 2612 nostris
1491 2583 1569 2619 parvi
1584 2582 1739 2610 faciendum

956 2637 1009 2664 est,
1024 2632 1153 2666 quoniam
1170 2639 1266 2666 magna
1287 2635 1351 2658 sunt
1373 2630 1480 2663 omnia,
1497 2630 1562 2657 licet
1575 2629 1609 2656 ad
1625 2629 1740 2656 invicetn

956 2677 1054 2704 collata
1067 2677 1177 2704 diversa
1193 2676 1259 2704 sint.
1273 2675 1388 2703 Maxima
1403 2676 1476 2703 enitn
1493 2679 1523 2703 et
1536 2675 1741 2709 incomparabi-

956 2722 990 2749 lia
1016 2728 1098 2756 sunt,
1122 2729 1292 2758 quacunque
1314 2723 1404 2749 divina
1428 2725 1502 2749 sunt.
1526 2720 1623 2749 Ceteri
1648 2724 1739 2748 autem

956 2767 1065 2796 ordines
1076 2789 1084 2800 ,
1097 2773 1126 2796 ut
1141 2768 1317 2802 energmneni
1335 2773 1362 2795 et
1378 2768 1558 2802 ptenilcntes,
1572 2770 1662 2793 astant
1679 2765 1741 2800 qui-

957 2814 1017 2842 dem
1044 2818 1173 2848 tanquam
1196 2819 1369 2841 sacramento
1401 2813 1518 2844 initiati,
1540 2816 1739 2843 verumtamen,

956 2867 1017 2886 cum
1031 2860 1215 2894 imprudenter
1238 2860 1262 2886 in
1285 2859 1384 2886 malum
1400 2859 1498 2893 relapsi
1513 2858 1583 2890 sint,
1598 2865 1613 2885 a
1630 2857 1738 2884 divino-

958 2913 1017 2933 rum
1045 2905 1235 2941 mysteriorum
1259 2905 1417 2941 aspeclibus
1442 2905 1590 2939 divinaque
1616 2911 1737 2932 commu-
