1929 3068
188 158 241 191 575

774 155 803 183 S.
823 151 974 183 DIONYSII
990 149 1222 180 AREOPAGITA‘}

1759 149 1819 178 576

189 216 271 243 nione
294 215 472 243 arcebantur.
490 214 544 248 Qui
558 213 632 242 enim
655 213 762 247 indigne
777 212 921 240 mandarat
946 215 970 239 et

1022 217 1083 241 νει,
1106 208 1197 240 καθὼς
1213 209 1241 235 ἐν
1256 208 1290 245 τῇ
1311 207 1380 244 πρὸς
1402 205 1560 243 Κορινθίους
1584 206 1680 244 πρώτῃ
1697 207 1781 242 φησὶν
1803 208 1820 237 ὁ

187 261 270 292 bibit,
291 261 423 295 judicium
448 259 498 286 tibi
523 259 666 286 manduca!
691 263 715 285 et
739 257 823 290 bibit,
850 257 920 284 sicut
945 256 973 283 in

186 307 273 341 prima
288 313 336 333 sua
356 306 389 332 ad
405 304 560 333 Corinthios
575 304 720 338 Apostolus
743 303 792 330 ait.
808 303 865 330 Non
880 304 974 330 incon-

186 358 254 386 grue
269 356 359 378 autem
385 350 567 376 admittuntur
587 349 621 376 ad
634 357 667 376 ea
681 356 741 383 quae
765 348 810 375 hic
829 353 973 383 geruntur,

186 402 215 423 nt
230 396 336 424 discant.
365 395 460 423 mortis
477 394 710 426 ineertitndinem,
726 398 753 421 et
766 394 876 428 praemia
889 393 975 428 justo-

186 449 246 468 rum
261 449 294 468 ae
307 445 483 475 peccatorum
502 447 607 474 pronas.
623 439 729 466 Adsunt
745 439 848 473 itaque,
863 442 893 465 ut
909 437 974 465 hinc

187 487 290 522 aliquid
307 486 435 514 utilitatis
453 486 552 518 ferant,
570 490 598 512 et
616 485 677 512 illos
691 484 761 512 forte
777 484 907 512 similium
926 483 972 511 de-

184 533 317 560 siderium
332 531 466 560 excitabit

220 575 297 611 §lV.
329 576 436 604 Deinde
463 579 563 602 tractat
591 575 674 602 etiam
697 574 732 601 de
757 573 918 602 salutatione
945 577 973 601 et

183 622 308 650 oratione
326 630 334 648 :
354 625 383 649 et
408 621 498 649 oratio
519 620 628 655 quidem
649 620 773 655 precatio
795 624 839 647 est
860 626 909 654 pro
923 619 972 646 de-

187 668 292 700 functo,
309 671 339 694 ut.
353 667 541 694 constituatur
556 666 582 692 in
597 665 658 693 sinu
686 665 922 700 patriarcharum,
944 664 972 691 in

184 710 244 738 loco
257 717 272 737 a
288 717 342 745 quo
355 710 466 738 tristitia
479 709 570 737 outnis
583 709 670 737 abest.

219 797 280 834 δν.
300 797 536 832 Quemadmodum
552 798 625 826 enim
649 797 683 826 ab
703 798 737 825 iis
751 804 813 831 quae
836 797 916 825 nobis
931 797 974 833 ju-

184 845 273 872 cunda
297 849 378 877 sunt,
396 849 426 871 ut
448 851 542 879 regno,
555 852 634 872 caena
645 863 653 877 ,
668 844 744 876 luce,
760 842 846 878 gloria
857 862 865 875 ,
882 843 973 878 splen-

1031 254 1202 286 'A1r6<ruo)toc.
1216 253 1273 280 Οὐκ
1285 253 1438 284 ἀπεικότως
1450 253 1479 279 δὲ
1490 252 1536 280 ἐπὶ
1548 253 1605 285 τοῖς
1620 251 1668 279 νῦν
1685 251 1821 287 τελουμέ-

1024 309 1080 333 νοις
1093 302 1140 328 καὶ
1151 299 1223 328 οὗτοι
1235 301 1374 336 πάρεισιν,
1384 299 1571 335 διδασκόμενοι
1583 299 1632 335 τὴν
1640 299 1752 335 ἀδηλίαν
1765 299 1819 327 τοῦ

1025 346 1158 379 θανάτου,
1171 347 1206 374 τά
1215 355 1246 373 τε
1267 345 1381 381 βραδεῖα
1400 346 1455 372 τῶν
1476 345 1603 377 δικαίων,
1627 346 1675 372 καὶ
1694 345 1745 377 τὰς
1759 346 1819 373 τῶν

1024 392 1193 428 ἁμαρτωλῶν
1208 391 1306 424 λύπας.
1323 392 1373 418 Διά
1389 391 1455 426 γοῦν
1466 391 1497 418 τὸ
1511 391 1635 418 ἐντεῦθεν
1647 391 1755 427 ὄφελος,
1767 394 1820 420 καὶ

1025 438 1068 465 ἵνα
1082 439 1153 474 τάχα
1167 438 1214 465 καὶ
1232 435 1304 465 οὗτοι
1324 438 1393 474 πρὸς
1412 438 1462 474 τὴν
1479 438 1535 465 τῶν
1545 438 1646 474 ὁμοίων
1656 438 1750 474 ἔφεσιν
1761 439 1820 466 διε-

1025 482 1143 516 γερθῶσι
1153 502 1160 515 ,
1173 483 1311 518 πάρεισιν.

1059 572 1131 609 ειν.
1153 572 1223 607 Ἤδη
1243 571 1425 608 διαλαμϐάνει
1443 571 1491 599 καὶ
1508 572 1573 608 περὶ
1589 571 1638 599 τοῦ
1665 571 1815 608 ἀσπασμοῦ

1024 619 1071 645 καὶ
1080 618 1130 653 τῆς
1143 618 1226 653 εὐχῆς
1235 625 1241 633 ³
1255 618 1303 644 καὶ
1315 618 1332 653 ἡ
1346 617 1396 652 μὲν
1414 616 1480 653 εὐχὴ
1492 617 1584 652 δέησίς
1595 617 1668 644 ἐστιν
1680 618 1751 654 ὑπὲρ
1763 616 1815 644 τοῦ

1024 663 1245 700 κεκοιμημένου,
1280 663 1324 691 ἵνα
1352 663 1536 700 καταταχθείη
1565 664 1594 690 ὲν
1622 663 1732 695 κόλποις
1757 663 1817 690 τῶν

1024 709 1218 745 πατριαρχῶν,
1252 709 1281 735 ὲν
1303 708 1379 744 τόπῳ
1406 708 1471 736 ἔνθα
1504 707 1610 744 ἀπέδρα
1632 707 1668 736 τὰ
1696 707 1819 744 ὀδυνηρά

1024 755 1121 782 πάντα.

1059 800 1072 837 §
1087 799 1117 827 V.
1139 800 1244 836 Ὠσπερ
1262 799 1317 834 γὰρ
1332 799 1385 827 ἀπὸ
1399 799 1454 826 τῶν
1465 799 1531 834 ἡμῖν
1549 798 1644 834 ἡδέων,
1664 797 1715 833 τῆς
1738 798 1817 834 βασι-

1024 847 1109 879 λείας,
1124 845 1171 874 τοῦ
1188 846 1308 878 δείπνου,
1326 845 1373 873 τοῦ
1385 845 1474 880 φωτὸς
1484 865 1491 876 ,
1506 845 1555 880 τῆς
1568 844 1664 880 δόξης,
1677 845 1728 880 τῆς
1743 844 1817 880 λαμ-

184 889 268 923 dore,
283 897 344 924 qua:
368 889 404 916 ibi
424 893 489 916 sunt
503 888 572 916 bona
594 889 783 923 designantur,
801 895 862 923 quae
877 888 970 916 oculus

1023 891 1173 927 πρότητος,
1209 890 1244 919 τὰ
1268 892 1357 917 ἐκεῖσε
1389 889 1636 926 χαρακτηριζονται
1665 889 1768 924 ἀγαθὰ,
1796 889 1817 916 ἃ

185 941 240 961 non
264 934 343 966 vidit,
372 941 423 961 nec
447 934 523 961 auris
547 934 664 965 audivit;
689 934 730 961 sic
749 933 831 960 etiam
850 941 910 968 qua:
935 933 970 960 ibi

183 978 297 1006 molesta
318 983 392 1011 sunt,
407 979 441 1005 ab
455 979 530 1006 hisce
546 978 680 1006 molestiis
697 978 872 1006 denominata
896 982 970 1011 sunt,

177 1024 303 1055 tenebrae
320 1029 348 1052 et
362 1024 463 1053 stridor
479 1025 610 1056 dentiutn,
633 1029 662 1052 et
689 1025 780 1056 dolor,
804 1029 831 1052 et
849 1025 969 1057 tristitia,

182 1076 210 1097 et
226 1070 380 1105 :ingnltus:
399 1071 457 1099 lucc
470 1071 544 1099 enim
559 1076 623 1098 sunt
641 1069 764 1106 analoga:
789 1071 965 1106 signiﬁcatio-

183 1124 242 1150 nes,
257 1124 317 1152 quae
332 1125 346 1144 a
366 1118 481 1144 veritate
494 1117 626 1145 bonorum
647 1124 680 1144 ac
696 1117 886 1144 molestiarum
901 1117 968 1144 ista-

183 1169 243 1190 rutu
255 1161 365 1190 omnino
374 1161 540 1197 discrepant.
552 1162 633 1189 Sinus
644 1167 734 1189 autem
746 1161 967 1196 patriarcharum

181 1214 399 1242 canerorumque
428 1213 585 1236 sanctorum
612 1212 676 1235 sunt
699 1207 865 1236 beatissima:
893 1215 970 1234 nian-

184 1253 277 1280 siones
289 1273 298 1285 ,
312 1261 388 1287 qtnn,
406 1257 436 1279 ut
450 1252 558 1288 opinor,
574 1260 589 1282 a
605 1253 726 1280 sinuosis
752 1253 835 1280 maris
858 1253 970 1288 gremiis

182 1306 215 1326 ac
229 1299 360 1334 portubus
382 1299 490 1326 navium
517 1299 607 1333 potius
622 1299 819 1332 desumuntur,
844 1307 926 1334 quam
954 1307 969 1326 a

182 1343 244 1371 sinu
258 1340 385 1371 vestium.
411 1344 647 1377 Quemadmodum
676 1344 749 1372 enim
764 1344 810 1379 qui
833 1344 859 1370 in
885 1343 969 1372 maris

183 1393 347 1424 tempestate
361 1395 518 1424 versantur,
533 1390 567 1417 ad
584 1390 709 1417 marinos
724 1390 801 1417 sinus
815 1390 969 1422 attendunt,

182 1435 210 1463 in
225 1436 325 1470 quibus
350 1440 378 1463 et
401 1436 532 1471 quietiori
549 1444 615 1462 aura
634 1435 780 1468 fruuntur,
795 1441 823 1463 et
836 1436 871 1463 ab
885 1436 970 1471 agita-

184 1481 302 1509 tionibus
327 1482 488 1516 quiescunt;
513 1482 550 1510 ita
573 1489 681 1517 quoque
701 1482 748 1516 qui
777 1482 803 1509 in
828 1483 880 1509 bac
910 1482 969 1509 vita

184 1528 393 1562 tempestatibus
414 1528 512 1562 iactati
535 1533 616 1560 sunt,
639 1529 665 1556 itt
684 1529 791 1557 sinibus
814 1528 895 1564 277
910 1529 970 1556 istis

183 1574 401 1610 canquiescunt,
429 1575 509 1603 modo
535 1575 643 1603 scilicet
668 1583 684 1602 e
705 1575 833 1610 periculis
850 1577 968 1603 animam

182 1628 260 1648 suam
276 1621 450 1648 vindicarint.
470 1621 517 1649 Sin
540 1629 605 1648 Vero
619 1622 699 1650 sinus
720 1623 803 1649 etiam
820 1631 835 1649 a
849 1622 969 1650 vestibus

183 1666 288 1693 nostris
301 1667 390 1701 accipi
406 1666 569 1699 dixerimus.
586 1666 661 1701 juxta
676 1667 757 1695 illud:
772 1667 805 1696 Ut
820 1675 869 1695 nos
881 1667 970 1695 foveat

183 1711 261 1738 sinus
283 1712 408 1744 Abrahae,
434 1713 629 1740 convenienter
646 1713 696 1740 hoc
712 1720 822 1747 quoque
835 1713 968 1748 explicari

183 1757 280 1791 possit,
295 1757 366 1791 quod
382 1757 510 1786 nimirum
526 1758 665 1786 Abraham
682 1759 785 1793 primtts
800 1760 833 1786 ad
849 1759 896 1786 Dei
921 1768 970 1786 no-

185 1804 271 1832 titiam
297 1805 431 1832 adductus
445 1805 481 1832 sit.
493 1824 501 1837 ,
529 1810 556 1832 et
572 1805 628 1833 Deo
643 1805 790 1834 familiaris
806 1806 943 1833 exstiterit
960 1813 968 1834 :

183 1849 226 1876 vel
241 1849 313 1883 quod
338 1853 416 1883 pater
439 1849 586 1877 multarunt
607 1851 728 1885 gentium
751 1850 903 1886 appellatus
922 1851 969 1883 sit.

183 1902 279 1922 earum
299 1895 405 1922 scilicet
424 1903 485 1930 qua:
501 1897 652 1923 secundum
668 1896 805 1924 Christum
831 1902 911 1930 sunt;
927 1897 970 1925 vel

184 1945 296 1975 propter
318 1941 482 1975 patriarchze
508 1941 741 1975 hospitalitatem,
766 1943 820 1970 ista
844 1942 971 1971 facientis

184 1986 211 2013 in
229 1988 279 2013 hac
292 1987 347 2012 vita
359 2005 367 2018 ,
393 1991 507 2021 propter
520 1994 581 2021 qua:
597 1988 689 2015 mundi
703 1987 829 2016 conditor
842 1996 875 2016 ac
884 1988 970 2023 judex

181 2032 269 2068 juslos
286 2033 417 2060 cmlorum
438 2041 521 2070 regno
538 2034 698 2062 honorabit.

219 2078 234 2115 ς
247 2078 288 2106 γι.
299 2079 352 2106 Sed
363 2080 420 2106 haec
433 2079 559 2108 fortassis
571 2080 681 2115 quidem
696 2081 764 2108 satis
780 2081 970 2109 demonstrata

182 2126 257 2159 sint,
278 2125 415 2153 dubitabis
438 2131 530 2154 tamen
552 2127 587 2155 de
610 2135 694 2162 prece
721 2128 868 2161 antistitis,
888 2136 970 2164 quam

183 2170 249 2197 facit
261 2179 310 2205 pro
323 2171 358 2199 iis
372 2172 418 2206 qui
431 2174 457 2199 iu
468 2173 589 2206 peccatis
602 2172 723 2201 defuncti
738 2179 818 2206 sunt;
833 2174 971 2208 quontodo

1021 937 1159 972 ὀφθαλμὸς
1174 937 1224 964 οὒκ
1237 935 1291 964 εἶδε
1303 958 1311 970 ,
1326 937 1373 964 καὶ
1386 935 1432 969 οὖς
1447 937 1498 963 οὐκ
1518 936 1634 971 ἡκουσεν
1644 944 1650 951 ·
1674 935 1745 962 οὕτω
1766 935 1818 962 καὶ

1020 982 1056 1009 τὰ
1069 983 1159 1008 ἐκεῖσε
1174 982 1292 1018 δυσχερῆ
1304 982 1359 1009 ἀπὸ
1372 981 1425 1009 τῶν
1442 981 1558 1009 ἐνταῦθα
1572 980 1708 1016 δυσχερῶν
1723 989 1816 1007 κατω-

1021 1027 1205 1063 νομάσθησαν,
1221 1028 1325 1060 σκότος,
1339 1029 1386 1055 καὶ
1398 1028 1518 1065 βρυγμὸς
1529 1028 1653 1059 ὀδόντων,
1663 1028 1710 1054 καὶ
1721 1027 1816 1062 ὀδύνη,

1020 1075 1068 1101 καὶ
1083 1073 1165 1109 λύπη,
1179 1074 1226 1101 καὶ
1241 1074 1391 1110 στεναγμός
1401 1083 1407 1090 ·
1424 1074 1510 1102 ταῦτα
1522 1074 1576 1110 γάρ
1590 1074 1659 1100 εἰσιν
1671 1073 1699 1100 αἱ
1715 1072 1816 1100 ἀνάλο-

1020 1129 1063 1155 γοι
1081 1121 1231 1156 σημασίαι,
1253 1120 1301 1147 καὶ
1323 1120 1377 1147 τῶν
1397 1120 1508 1155 ἀγαθῶν
1529 1121 1576 1147 καὶ
1599 1119 1653 1146 τῶν
1674 1118 1816 1154 δυσχερῶν

1019 1166 1180 1194 ἀποδέουσαι
1191 1167 1300 1199 πάντως
1313 1166 1363 1202 τῆς
1379 1166 1519 1202 ἀληθείας.
1535 1166 1638 1193 Κόλποι
1649 1166 1678 1192 δέ
1690 1166 1744 1192 εισι
1757 1164 1816 1191 τῶν

1020 1213 1197 1250 πατριαρχῶν
1219 1214 1265 1240 καὶ
1287 1213 1341 1240 τῶν
1363 1214 1464 1249 ἑτέρων
1489 1213 1576 1247 ἁγίων
1592 1213 1618 1239 αἱ
1644 1210 1816 1247 μακαρισταὶ

1021 1260 1117 1296 μοναί·
1128 1261 1153 1287 οἳ
1166 1261 1224 1292 καὶ.⁷
1239 1260 1277 1293 ὡς
1292 1258 1369 1295 οἶμαι
1379 1280 1386 1292 ,
1401 1259 1455 1286 ἀπὸ
1466 1259 1520 1286 τῶν
1534 1258 1685 1285 θαλαττίων
1703 1258 1815 1285 κόλπων

1019 1306 1067 1333 καὶ
1077 1306 1195 1342 λιμένων
1206 1305 1288 1334 πλέον
1301 1306 1527 1341 ὲκλαμῧάνονται,
1541 1305 1557 1341 ἢ
1572 1304 1626 1332 ἀπὺ
1638 1304 1693 1331 τῶν
1706 1303 1816 1331 κόλπων

1016 1352 1074 1379 τῶν
1089 1352 1212 1388 ἱματίων.
1234 1351 1278 1383 Ὧς
1288 1351 1343 1388 γὰρ
1355 1353 1380 1378 οι
1395 1351 1424 1378 ὲν
1450 1351 1563 1378 κλύδωνι
1582 1350 1719 1385 θαλάσσης
1737 1349 1816 1382 ὅντες

1021 1401 1089 1436 πρὸς
1102 1400 1165 1431 τοὺς
1185 1397 1345 1430 θαλαττίους
1357 1397 1481 1433 ἀφορῶσι
1503 1396 1620 1427 κόλπους
1630 1416 1638 1428 ,
1662 1397 1690 1422 ὲν
1712 1393 1753 1427 οἷς
1767 1396 1816 1423 καὶ

1019 1445 1250 1482 ὲλλιμενίζονται,
1279 1444 1327 1471 καὶ
1357 1443 1411 1471 τῶν
1441 1442 1568 1478 ταραχῶν
1605 1441 1812 1468 ἀποπαύονται·

1019 1491 1090 1518 οὕτω
1103 1491 1149 1518 καὶ
1160 1491 1185 1517 oi.
1198 1491 1226 1517 ὲν
1239 1489 1278 1525 τῷ
1291 1489 1339 1525 βίῳ
1359 1488 1582 1523 κλυδωνιζόμενοι
1603 1487 1652 1523 ήδη
1672 1487 1729 1518 τοῖς
1753 1486 1816 1513 κόλ-

1021 1545 1082 1569 ποις
1094 1537 1209 1568 ἐκείνοις
1221 1534 1452 1570 ἑλλιμενίζονται,
1472 1533 1531 1560 ἀλλ’
1554 1533 1612 1559 ὅσοι
1637 1532 1686 1567 τὴν
1709 1531 1815 1558 ἑαυτῶν

1019 1583 1108 1619 ψυχὴν
1128 1582 1212 1610 ἀνωτέ
1218 1590 1266 1618 ραν
1278 1580 1326 1609 τοῦ
1348 1580 1471 1608 κινδύνου
1485 1577 1686 1614 διεφυλάξαντο.
1699 1578 1730 1604 Ei
1742 1577 1771 1604 δέ
1783 1585 1814 1612 γε

1020 1632 1083 1664 τοὺς
1095 1631 1212 1663 κόλπους
1223 1631 1270 1658 καὶ
1282 1629 1337 1657 ἀπὸ
1354 1627 1408 1656 τῶν
1422 1629 1450 1655 ὲν
1465 1628 1529 1664 ἡμῖν
1544 1625 1659 1662 ἱματίων
1673 1625 1816 1660 ἐκλαμϐά-

1019 1678 1113 1706 νεσοαι
1135 1677 1278 1712 εἴποιμεν,
1301 1675 1371 1703 κατὰ
1393 1674 1443 1702 τό·
1468 1674 1527 1700 Ἷνα
1550 1673 1625 1708 ἡμᾶς
1648 1671 1738 1706 θάλψῃ
1766 1669 1814 1697 τοῦ

1026 1723 1151 1760 Ἀϐραὰμ
1166 1724 1180 1750 6
1192 1723 1291 1754 κόλπος
1301 1730 1309 1737 ·
1325 1720 1472 1757 ἑξηγηθείη
1486 1719 1532 1745 καὶ
1550 1717 1627 1744 τοῦτο
1642 1716 1813 1753 προσφόρους,

1020 1769 1065 1797 διὰ
1076 1769 1106 1796 τὸ
1124 1768 1240 1805 πρώτως
1261 1768 1301 1800 είς
1313 1765 1478 1802 θεογνωσίαν
1491 1763 1609 1800 ἀχθῆναι
1620 1763 1666 1789 τὺν
1675 1761 1813 1797 ’Δὸραάμ,

1021 1816 1068 1843 καὶ
1080 1814 1254 1849 οίκειωθῆναι
1269 1813 1329 1849 Θεῷ
1340 1821 1347 1828 ·
1363 1810 1434 1848 ηδιά
1447 1810 1478 1837 τὺ
1489 1810 1597 1846 πατέρα
1608 1808 1714 1836 πολλῶν
1726 1807 1812 1835 ἐθνῶν

1021 1861 1151 1896 κληθῆναι
1162 1880 1169 1893 ,
1183 1859 1238 1887 τῶν
1251 1858 1322 1885 κατὰ
1335 1856 1452 1893 Χριστδν
1473 1855 1573 1891 δηλαδή
1585 1862 1591 1870 ·
1607 1854 1624 1890 ἢ
1637 1853 1682 1880 διὰ
1694 1853 1745 1889 τὴν
1764 1852 1813 1880 τοῦ

1021 1906 1190 1942 πατριάρχου
1206 1904 1369 1940 φιλοξενίαν,
1381 1903 1473 1930 ἐκεῖνα
1484 1901 1648 1936 ποιήσαντος
1662 1901 1690 1927 ἐν
1701 1899 1741 1935 τῷ
1753 1899 1813 1935 βίῳ,

1021 1953 1051 1979 ὲν
1061 1953 1134 1984 ὅσοις
1146 1951 1179 1979 ἂν
1192 1952 1207 1978 ὁ
1217 1950 1322 1986 κόσμου
1335 1948 1436 1979 παντὸς
1453 1947 1569 1983 ποιητὴς
1580 1946 1628 1973 καὶ
1639 1945 1737 1982 κριτὴς
1750 1945 1815 1977 τοὺς

1021 1999 1140 2031 δικαίους
1150 1998 1201 2033 τῆς
1216 1996 1355 2033 βασιλείας
1367 1993 1537 2031 καταξιώσῃ.

1015 2060 1026 2069 .
1057 2085 1071 2121 §
1086 2085 1129 2113 Vl.
1143 2085 1213 2112 Ἀλλ’
1227 2083 1293 2116 ἴσως
1312 2082 1400 2110 ταῦτα
1423 2082 1473 2118 μὲν
1495 2081 1646 2114 ἀποδείξει·
1663 2080 1814 2117 ἀπορήσεις

1020 2131 1049 2158 δὲ
1065 2131 1128 2166 περὶ
1139 2131 1189 2166 τῆς
1200 2130 1347 2165 γινομένης
1359 2128 1442 2164 εὐχῆς
1463 2127 1538 2164 παρὰ
1559 2127 1607 2154 τοῦ
1627 2126 1756 2162 ἱεράρχου
1767 2126 1814 2153 ἐπὶ

1022 2179 1078 2209 τοῖς
1089 2178 1117 2204 ὲν
1130 2176 1278 2212 ἁμαρτίαις
1291 2174 1501 2210 κεκοιμημένοις
1510 2182 1517 2188 ·
1531 2173 1583 2205 ὅτι,
1596 2172 1656 2204 πῶς
1666 2172 1697 2198 τὺ
1708 2172 1813 2199 δίκαιον

182 2217 313 2244 nimirum
331 2218 438 2253 justitia
452 2219 560 2246 Domini
583 2218 713 2246 salvanda
730 2220 778 2252 sit,
794 2220 819 2247 si
832 2221 970 2248 exauditis

1024 2224 1224 2261 φυλαχθήσεται
1238 2222 1285 2249 τοῦ
1297 2221 1442 2253 Δεσπότου,
1459 2220 1537 2256 εἰπερ
1548 2219 1682 2251 ὲπακουδς
1697 2219 1813 2254 γενόμε-

184 2264 312 2298 precibus
326 2264 412 2292 salvet
433 2273 494 2293 eum
516 2266 563 2300 qui
589 2271 715 2294 mortuus
731 2271 774 2294 est
792 2267 818 2293 in
834 2267 967 2301 peccatis.

183 2310 240 2346 Ego
252 2315 342 2338 autem
353 2330 362 2343 ,
376 2311 483 2346 inquit,
497 2311 601 2345 justam
624 2312 737 2347 quidem
751 2319 802 2346 pro
817 2312 896 2340 tactis
912 2313 969 2340 suis

181 2357 267 2391 (hanc
284 2359 357 2386 enim
373 2357 578 2385 retributionem
595 2358 686 2393 vocat)
701 2363 803 2386 sortem
819 2359 970 2394 quemlibet

183 2402 341 2430 habiturum
357 2402 441 2437 probe
460 2403 518 2430 scio
528 2422 536 2435 ,
564 2403 715 2438 Scripturis
731 2405 926 2437 consentiens,
940 2410 971 2432 et

182 2448 323 2483 Sttltjuttgil.
335 2449 428 2476 statim
445 2450 600 2478 testimonia
614 2450 774 2485 Scriptum.
788 2450 862 2478 Solis
877 2455 968 2478 autent

183 2494 388 2522 misericordias
404 2495 451 2524 Dei
466 2497 652 2529 merentibus,
675 2498 732 2524 sive
754 2497 823 2524 vivis
849 2497 908 2524 sive
923 2496 970 2524 de-

182 2540 304 2572 functis.
319 2549 373 2569 non
391 2549 455 2569 vero
473 2542 506 2570 iis
519 2542 567 2577 qui
586 2542 713 2570 damnari
731 2547 910 2575 meruerunt.
923 2543 969 2577 ju-

183 2592 287 2613 stot‘ttltl
303 2587 440 2621 prodesse.
458 2589 560 2623 scripta
571 2589 663 2616 divina
679 2589 786 2617 docent.
802 2589 871 2622 Quid
894 2589 969 2622 enim

184 2633 258 2662 Sauli
284 2633 388 2667 profuit
410 2634 538 2662 Samuel?
559 2635 593 2662 Et
624 2635 689 2670 quid
717 2635 819 2666 ludatis
843 2635 970 2663 Jeretniac

185 2680 306 2714 precatio
321 2680 454 2708 contulit?
468 2681 504 2708 ad
516 2689 596 2716 quem
609 2682 678 2709 dixit
693 2681 839 2710 Dominus:
853 2681 895 2709 Ne
911 2689 969 2709 ares

182 2731 231 2759 pro
245 2725 340 2759 papula
356 2726 415 2753 hoc.
432 2726 540 2754 Etenim
553 2731 582 2754 ut
596 2727 618 2755 si
632 2728 694 2763 quis
706 2728 764 2756 sole
779 2728 899 2761 lucente,
916 2728 969 2755 sibi

187 2771 238 2807 ipsi
257 2772 351 2800 oculos
361 2780 472 2806 eruens,
495 2773 564 2801 lucis
577 2773 638 2809 ejus
653 2775 791 2810 particeps
806 2774 863 2801 fieri
878 2779 968 2810 petat;

183 2817 226 2844 sic
247 2825 280 2845 ex
301 2818 462 2854 impossibili
481 2827 529 2855 spe
545 2821 656 2855 pendet,
672 2821 797 2856 quisquis
811 2825 969 2848 sanctorum

185 2870 281 2893 preces
295 2863 400 2899 ﬂagitat
416 2865 480 2894 dum
489 2867 618 2896 mandata
634 2868 680 2904 Dei
695 2875 749 2896 non
764 2871 867 2901 servat,
882 2873 970 2902 neque

1021 2279 1065 2302 νος
1077 2270 1131 2296 τῶν
1145 2268 1232 2304 εὐχῶν
1242 2287 1249 2300 ,
1266 2266 1347 2294 σώσει
1366 2267 1412 2293 τὸν
1429 2267 1457 2292 ὲν
1470 2265 1618 2302 ἁμαρτίαις
1633 2264 1811 2292 ἀποθανόντα.

1027 2315 1097 2349 Ἐγὼ
1115 2314 1143 2342 δὲ
1153 2334 1160 2346 ,
1176 2315 1217 2341 ὅτι
1237 2314 1286 2349 μὲν
1300 2312 1406 2339 δικαίαν
1420 2311 1489 2347 πρὸς
1501 2310 1551 2342 τὰς
1573 2310 1689 2346 πράξεις
1702 2309 1812 2345 (ταύτην

1020 2360 1075 2396 γὰρ
1084 2359 1228 2395 ἀμοιϐαίαν
1237 2358 1312 2392 λέγει
1323 2358 1331 2392 )
1348 2357 1404 2390 ἕξει
1416 2357 1466 2392 τὴν
1480 2356 1587 2390 ἀποκλή
1592 2363 1675 2391 ρωσιν
1685 2355 1810 2387 ἕκαστος,

1020 2405 1050 2434 εὖ
1063 2405 1121 2433 οἶδα
1130 2425 1137 2439 ,
1158 2404 1312 2433 ἀκολουθῶν
1323 2404 1384 2435 ταῖς
1402 2403 1540 2438 Γραφαῖς’
1553 2402 1601 2428 καὶ
1614 2400 1752 2437 παρευθὺς
1772 2401 1812 2428 τί-

1020 2453 1083 2489 θησι
1105 2453 1152 2479 καὶ⁸
1170 2449 1309 2487 γραφικὰς
1331 2448 1493 2484 μαρτυρίας.
1510 2448 1570 2474 Ὀτι
1589 2447 1618 2473 δὲ
1641 2446 1738 2482 μόνους
1751 2446 1813 2478 τοὺς

1020 2500 1114 2532 ἀξίους
1127 2499 1182 2525 τῶν
1195 2496 1346 2533 οἰκτιρμῶν
1358 2494 1405 2521 τοῦ
1418 2493 1486 2520 Θεοῦ
1498 2491 1648 2528 ὠφελοῦσιν
1660 2493 1688 2518 αἱ
1703 2491 1757 2518 τῶν
1774 2491 1812 2517 διε-

1021 2546 1106 2573 καίων
1118 2544 1269 2581 προσευχαὶ
1280 2564 1287 2575 ,
1301 2542 1356 2569 εἴτε
1372 2541 1477 2574 ζῶντας
1490 2560 1497 2574 ,
1510 2540 1565 2567 εἴτε
1579 2539 1626 2566 καὶ
1636 2538 1812 2573 τελευτήσαν-

1019 2600 1080 2625 τας,
1092 2592 1122 2619 οὐ
1136 2592 1188 2627 μὴν
1200 2591 1263 2622 τοὺς
1275 2587 1516 2623 ἀξιοκατακρίτους
1530 2587 1559 2612 αἱ
1578 2584 1712 2621 γραφικαὶ
1723 2591 1810 2618 παρα-

1019 2640 1107 2670 δόσεις
1122 2638 1288 2665 διδάσκουσι.
1297 2635 1329 2661 Τί
1343 2634 1398 2670 γάρ
1415 2633 1491 2669 παρά
1503 2632 1550 2660 τοῦ
1564 2630 1690 2667 Σαμουὴλ
1701 2631 1716 2656 ὁ
1727 2628 1810 2656 Σαοὺλ

1020 2683 1148 2720 ὠφελήθη
1160 2691 1168 2715 ;
1180 2682 1213 2709 Τί
1225 2681 1254 2709 δὲ
1266 2682 1329 2713 τοὺς
1337 2679 1479 2710 Ἰουδαίους
1492 2680 1509 2714 ὴ
1518 2677 1566 2705 τοῦ
1580 2676 1710 2713 Ἱερεμίου
1723 2674 1810 2710 ὤνησε

1021 2730 1158 2766 προσευχὴ
1169 2736 1176 2762 ;
1200 2728 1268 2764 πρὸς
1280 2727 1310 2754 ὃν
1321 2725 1398 2754 εἶπεν
1412 2727 1426 2753 6
1444 2724 1547 2761 Κύριος
1559 2732 1566 2739 ·
1577 2723 1626 2757 Μὴ
1638 2721 1810 2756 προσεύχου

1020 2776 1088 2810 περὶ
1103 2774 1156 2802 τοῦ
1166 2774 1244 2802 λαοῦ
1258 2773 1375 2800 τούτου.
1391 2773 1496 2807 Ὥσπερ
1508 2770 1572 2806 γὰρ,
1586 2768 1633 2796 τοῦ
1651 2768 1726 2804 ἡλίου
1743 2766 1807 2801 λάμ·

1021 2829 1116 2852 πόντος
1127 2839 1134 2851 ,
1146 2818 1317 2853 ἐξαφανίζων
1330 2826 1372 2850 τις
1388 2817 1438 2849 τὰς
1448 2816 1552 2848 οἰκείας
1567 2815 1643 2851 tua;
1652 2835 1659 2846 ,
1680 2814 1752 2840 αἰτεῖ
1765 2821 1809 2847 με·

1022 2867 1132 2902 τασχιῖν
1147 2865 1251 2901 φωτός·
1272 2864 1343 2892 οὓτω
1366 2864 1412 2892 καὶ
1427 2863 1494 2899 πρὸς
1508 2862 1654 2893 ἀδυνάτους
1673 2859 1813 2894 κρέματασ
