1929 3068
82 166 134 194 επ

348 164 393 194 DE
410 165 552 195 ECCLES.
572 164 773 198 HIERARCH.,
791 165 868 194 CAP.
889 165 945 194 νη.
962 181 996 187 -
1009 165 1183 194 PARAPHB.
1201 166 1440 197 PACHYMERE.

1655 169 1708 197 ὅτε

81 224 192 256 ἐλπίδας
208 225 222 251 ὁ
233 223 283 256 τὰς
293 224 347 251 τῶν
359 211 445 259 ἁγίων
460 225 508 261 μὲν
521 225 635 259 ἐξαιτῶν
654 225 816 262 προσευχὰς,
833 225 862 261 μὶ

923 225 1022 252 mentis
1033 225 1128 252 oculos
1144 230 1254 260 apertos
1269 226 1363 257 habet,
1378 230 1406 253 et
1422 226 1499 260 juxta
1523 225 1707 258 Psalmistam,

81 270 205 305 κατέχων
224 270 257 296 δὲ
271 269 320 302 τὰς
333 270 380 297 τοῦ
394 270 462 297 Θεοῦ
483 271 610 304 ἐντολὰς,
634 272 701 307 μηδὲ
723 271 793 308 ἔχων
814 269 870 300 οἷον

80 315 359 351 ἀποκεκαλυμμένους
385 316 450 348 τοὺς
481 317 593 352 νοητοὺς
620 318 795 354 ὀφθαλμοὺς,
823 319 870 346 καὶ

80 362 257 393 ἐκλείποντας
279 362 340 398 ἤδη,
361 362 433 389 κατὰ
445 362 490 390 τὸν
508 363 669 400 Ψαλμῳδδν,
683 366 722 397 είς
734 365 764 392 τὸ
783 366 870 402 σωτή-

80 416 138 444 ριον
154 407 202 434 τοῦ
219 407 297 434 Θεοῦ.
311 407 356 444 Μὴ
369 408 483 445 νομίσῃς
496 409 536 442 δὲ,
558 410 598 436 ὄτι
611 411 625 437 ό
636 410 711 446 ἥλιος
722 410 758 438 τὰ
770 412 867 439 ἑαυτοῦ

79 454 157 488 φῶτα
172 453 308 488 δωρεῖται,
330 452 399 489 (πῶς
411 453 466 490 γὰρ
479 454 522 487 ἂν,
536 454 638 491 ἄψυχος
649 455 696 489 ὢν,
716 456 868 493 δωρήσεται

77 498 182 535 δωρεάν
192 498 216 535 ;)
227 499 294 526 ἀλλὰ
306 499 377 526 κατὰ
391 500 533 535 ἠθοποιίαν
548 502 628 529 οἱονεί
638 511 699 530 τινα
711 503 741 530 τὸ
755 503 867 540 προκεί-

79 553 160 579 μενον
179 544 262 579 λέγει.
277 545 384 581 ’Ὠσπερ
402 545 456 581 γὰρ
473 545 500 573 εί
515 554 558 578 τις
579 547 704 574 ὑπόθοιτο
725 547 771 575 τὸν
791 548 867 584 ἥλιον

76 589 209 624 λέγοντα·
234 590 304 625 Ἐγὼ
323 592 380 624 τοῖς
410 592 578 629 ἐρρωμένοις
601 593 749 630 ὀφθαλμοῖς
770 594 867 631 διδωμι

76 636 136 670 φῶς
147 644 153 652 ·
170 634 228 664 εἶτα
244 636 365 664 ἀσθενῶν
382 646 426 670 τις
438 637 473 664 τὰ
487 638 599 674 ὅμματα
617 638 689 666 εἴποι
700 648 707 655 ·
721 639 771 672 Δὸς
781 640 867 676 κάμοὶ

74 681 126 718 τὴν
149 683 261 714 ἀκτῖνα,
286 682 410 719 ἔρρωμαι
435 683 508 720 γάρ·
533 683 605 718 λέγω
625 684 666 712 δτι
688 685 718 711 οὐ
738 685 867 713 τοσοῦτον

74 727 284 764 ὠφεληθήσεται
296 726 373 762 οὗτος
383 748 390 762 ,
403 730 465 757 ὅσον
484 729 532 758 καὶ
544 730 558 757 ὃ
570 729 644 767 ἐώρα
660 730 806 758 ἀπολέσει·
820 731 866 760 τὸν

75 774 158 801 αὐτὸν
177 775 277 810 τρόπον
299 775 346 802 καὶ⁸
360 776 374 802 ό
391 775 615 813 ὰξιοκατάκριτος
632 777 794 813 ἁμαρτωλὸς
816 777 866 810 τὰς

73 818 130 861 τῶν
150 818 263 846 δικαίων
275 819 359 855 εὐχὰς
372 820 506 856 ἐκζητῶν,
522 822 649 854 κάκεῖνος
665 822 787 858 μηδόλως
804 822 865 849 ὲπι-

73 865 272 901 στρεφόμενος.
284 866 341 893 Καὶ
353 865 433 893 τοῦτό
450 867 510 894 ὲστι
527 867 557 894 τδ
572 869 648 904 παρὰ
662 869 696 904 τῇ
710 869 805 904 Γραφῇ
825 868 866 895 λε-

71 911 190 947 γόμενον
199 919 208 927 ·
221 911 305 946 Μέγα
322 913 420 946 ἰσχύει
435 913 512 948 εὐχὴ
525 913 641 942 δικαίου
664 914 846 951 ἐνεργουμένη
857 923 863 930 ·

71 957 140 994 παρ’
160 958 266 986 ἐκείνου
288 959 343 995 γὰρ
360 959 481 994 λέγεται.
503 959 584 997 Παρὰ
603 960 633 988 δὲ
655 960 703 988 τοῦ
718 961 789 997 ὑπὲρ
803 959 862 997 οὖὴ

71 1003 194 1037 ἔντευξις
208 1005 369 1041 ἐνεργεῖται,
381 1005 451 1041 λέγω
467 1006 531 1041 γοῦν
543 1006 615 1034 κατὰ
626 1006 676 1039 τὰς
689 1007 811 1043 Γραφὰς,
825 1007 864 1040 ὼς

70 1050 206 1087 ὠφέλιμοι
233 1053 301 1078 εἰσιν
322 1052 350 1079 αι
362 1052 417 1079 τῶν
433 1051 546 1080 δικαίων
559 1053 636 1089 εὐχαὶ
647 1053 718 1080 κατὰ
731 1053 806 1080 τόνδε
818 1053 863 1081 τὸν

69 1096 183 1132 τρόπον,
201 1096 229 1123 εί
240 1104 301 1130 τις,
318 1097 372 1125 τῶν
386 1098 419 1125 ὲκ
434 1097 502 1125 Θεοῦ
514 1098 624 1135 δωρεῶν
635 1098 776 1135 ἐφιέμενος
786 1118 793 1130 ,
816 1098 864 1125 καὶ

70 1142 142 1178 ἔχων
157 1142 276 1170 διάθεσιν
297 1143 403 1180 ἀγαθὴν
423 1144 492 1181 πρὸς
505 1144 600 1177 αὐτὰς,
619 1145 680 1181 (τὴν
690 1145 744 1181 γὰρ
757 1144 804 1172 τοῦ
824 1146 863 1172 oi-

69 1188 148 1215 κείου
173 1188 230 1224 βίου
255 1188 323 1225 πρὸς
345 1189 448 1226 ἀρετὴν
471 1189 592 1217 διάθεσιν
612 1190 669 1223 ἕξιν
687 1189 775 1223 εἶπεν,
801 1191 862 1226 ἥτις

71 1234 183 1267 πάντως
203 1233 307 1270 γίνεται
321 1236 353 1262 ἐκ
371 1235 421 1271 τῆς
439 1236 541 1268 οικείας
559 1236 783 1273 ἑπιγνωμοσύνης
797 1237 863 1264 ἐκά-

71 1289 135 1308 στου
146 1281 166 1316 ί)
176 1280 260 1308 ἐλθὼν
274 1281 320 1308 ὲπί
331 1289 392 1308 τινα
402 1281 456 1308 τῶν
469 1281 590 1314 δικαίων,
603 1281 726 1315 ἀξιώσειε
737 1282 862 1317 γενέσθαι

69 1327 106 1353 τὰ
128 1326 197 1363 πρὸς
214 1327 260 1354 τὸν
277 1327 343 1354 Θεὸν
360 1328 614 1365 συμπαρακλήτορά
633 1328 658 1355 oi
681 1328 727 1355 καὶ
756 1328 857 1364 ἐαυτῷ,

70 1372 280 1408 ὠφεληθήσεται
300 1374 410 1406 πάντως
426 1374 458 1402 ὲκ
471 1373 566 1402 τούτου
578 1374 627 1411 τὴν
643 1374 774 1411 μεγίστην
788 1374 860 1411 ὠφέ-

69 1416 146 1444 λειαν
156 1425 162 1432 ·
176 1418 392 1455 ἀποδεχθήσεται
404 1419 458 1456 γὰρ
470 1419 547 1456 παρὰ
559 1418 626 1447 Θεοῦ
642 1419 724 1447 ἕνεκα
744 1420 794 1455 τῆς
814 1420 861 1447 εὐ-

68 1463 170 1496 λαδοῦς
177 1465 259 1492 αὐτοῦ
272 1465 507 1502 ὲπιγνωμοσύνης,
519 1466 625 1502 καὶτῆς
639 1466 684 1493 ἐπὶ
697 1466 761 1498 τοὺς
771 1466 861 1499 ὁσίους

69 1509 177 1542 αἰδοῦς,
193 1509 233 1536 ἔτι
256 1509 284 1537 δὲ
306 1511 414 1547 καὶτῆς
425 1510 545 1546 ἐφέσεως
566 1511 613 1538 καὶ
626 1511 738 1547 μετρίας
758 1510 858 1544 ἐξεως·

67 1554 150 1581 τοῦτο
163 1555 218 1591 γάρ
235 1555 293 1583 ἐστι
307 1556 338 1582 τὸ
350 1556 528 1592 κατάλληλον,
541 1557 582 1584 ὅτι
598 1556 632 1584 τὰ
642 1556 713 1584 καλὰ
723 1557 859 1593 ςήγάπ-ησε

67 1600 118 1627 καὶ
130 1599 272 1636 ἐζήτησεν.
286 1600 364 1627 Ἐστι
376 1601 430 1637 γὰρ
444 1600 578 1628 καὶτοῦτο
589 1603 645 1635 τοῖς
659 1602 741 1634 θείοις
754 1610 861 1638 νενομο-

67 1645 218 1682 θετημένον
232 1646 357 1682 κρίμασι,
371 1647 401 1674 τδ
413 1647 556 1684 δωρεῖσθαι
569 1650 626 1681 τοῖς
639 1649 725 1683 ἀξίοις
746 1649 794 1676 τοῦ
811 1658 860 1685 με·

66 1693 180 1727 τασχείν
198 1692 243 1719 διὰ
255 1692 309 1720 τῶν
332 1692 415 1727 ἀξίων
429 1693 477 1720 τοῦ
499 1694 669 1730 μεταδοῦναι.
692 1695 735 1727 Ὧς
748 1694 802 1731 γὰρ
815 1695 860 1722 τὸν

67 1734 203 1771 ζητοῦντα
220 1736 370 1773 φιλοκρινεῖ
380 1758 387 1771 ,
403 1738 482 1775 είπερ
497 1739 555 1766 ἐστὶ
568 1740 617 1775 τῆς
642 1739 745 1775 δωρεᾶς
765 1739 840 1774 ἄξιος
850 1761 858 1772 ,

65 1781 141 1808 οὕτω
163 1782 269 1810 καὶτὸν
292 1783 441 1819 εὐχόμενον
452 1785 610 1821 ἐρευνήσει,
636 1785 715 1821 εῐπιρ
731 1785 790 1813 ἐστὶ
813 1786 860 1813 καὶ

65 1826 152 1858 αὐτὸς
166 1826 239 1861 ἄξιος
253 1827 475 1865 ὑπηρετήσασθαι
486 1830 554 1866 πρὸς
569 1831 672 1858 ἐκεῖνον
683 1831 796 1867 τοιούτῳ
808 1831 860 1858 δω-

68 1874 101 1909 ρή
107 1882 181 1909 ματι.
190 1875 247 1910 οὐχ
257 1875 350 1908 ἁπλῶς
364 1873 411 1903 οὖν
424 1875 456 1904 τὸ
465 1877 533 1913 πρὸς
544 1876 619 1904 θείαν
630 1876 738 1914 ὁμιλίαν
749 1879 857 1914 χωρεῖν,

65 1921 118 1947 καὶ
139 1920 272 1947 αἰτεῖσθαι
287 1921 362 1958 παρὰ
379 1921 447 1948 Θεοῦ
467 1922 502 1949 τὰ
518 1922 659 1958 κρείττονα
675 1923 806 1951 κωλύσειέ
817 1932 859 1956 τις

66 1965 220 2001 εὐφρονῶν,
234 1965 312 1999 εἰδὼς
326 1967 371 1994 τὸν
385 1968 470 2003 μέγαν
478 1968 638 1996 Ἀπόστολον
650 1970 855 2005 προστάσσοντα

67 2011 251 2044 ἀδιαλείπτως
263 2012 462 2048 προσεύχεσθαι
471 2022 478 2028 ·
495 2013 564 2041 ἀλλὰ
573 2014 603 2041 τὸ
617 2015 706 2051 οίήσει
719 2014 781 2042 τινὰ
795 2023 861 2051 κρα-

64 2057 115 2084 τού
120 2066 199 2092 μενον
212 2058 392 2094 ὑπερφρονεῖν
407 2059 461 2087 τῶν
473 2059 576 2094 ἁγίων,
597 2061 644 2087 καὶ
659 2059 735 2097 παρὰ
750 2061 859 2096 φαύλων

64 2103 191 2131 τίθεσθαι
203 2103 252 2137 τὰς
264 2104 366 2132 τούτων
376 2105 468 2141 εὐχὰς,
482 2106 562 2133 τοῦτο
574 2107 623 2133 καὶ
634 2106 695 2134 λίαν
707 2108 763 2139 τοῖς
776 2107 859 2140 θείοις

65 2150 172 2187 ἀπᾷδον
184 2151 230 2178 καὶ
243 2151 441 2187 κεκωλυμένον.
457 2153 521 2179 Ὀτε
532 2153 560 2180 δὲ
576 2153 623 2180 καὶ
636 2153 724 2189 οἴησις
740 2153 777 2189 μὴ
789 2153 857 2187 ἐστι,

64 2197 138 2229 τέως
159 2197 294 2234 χρῄζομεν
306 2199 360 2226 τῶν
376 2200 512 2227 κοινωνῶν
526 2200 576 2236 τῆς
591 2200 673 2236 εὐχῆς
683 2209 690 2216 ·
706 2200 738 2227 τὸ
751 2201 800 2236 μὲν
815 2201 859 2228 ῐνα

922 271 1083 298 deﬁcientes
1105 270 1132 297 in
1156 270 1276 298 salutare
1291 271 1338 298 Dei
1349 271 1375 298 ιι.
1397 271 1436 298 Ne
1449 272 1593 299 existimes
1617 276 1707 300 autent

925 317 1009 345 solent
1024 318 1091 346 dare
1105 317 1208 345 lumina
1225 325 1273 345 sua
1285 318 1431 352 (quomodo
1443 319 1515 346 enim
1526 340 1533 352 ,
1544 327 1604 346 rum
1618 320 1708 348 inani-

921 363 974 391 mis
988 363 1034 395 sit,
1046 363 1132 398 possit
1149 363 1214 390 dare
1230 364 1375 396 tnnnnsi),
1388 365 1436 391 seti
1449 363 1531 392 veluti
1541 372 1590 399 per
1599 372 1706 392 morum

919 408 1065 444 quamdam
1084 409 1223 437 lictionent
1248 409 1275 437 id
1303 410 1380 438 dicit.
1405 409 1482 437 Sicut
1501 410 1575 446 enim
1599 411 1622 438 si
1645 411 1708 446 quis

921 458 1057 489 supponat
1068 454 1154 482 solem
1167 455 1260 483 dicere
1270 463 1278 482 :
1294 455 1349 490 Ego
1355 456 1510 484 valentibus
1516 456 1603 484 oculis
1616 456 1705 483 lumen

919 498 1006 533 dono;
1031 504 1126 535 postea
1149 500 1251 536 aliquis
1267 500 1396 528 laborans
1418 501 1508 528 oculis
1530 501 1629 528 dixerit
1644 510 1652 528 :
1667 500 1705 529 Da

918 544 1000 571 etlam
1016 543 1083 572 mihi
1100 545 1220 578 radium,
1241 545 1319 572 valeo
1343 546 1428 578 enim,
1443 545 1505 573 dico
1521 546 1547 574 id
1572 546 1636 573 huic
1650 554 1705 574 non

919 594 1023 618 tantum
1038 598 1091 619 non
1101 590 1284 626 profuturum,
1296 592 1362 626 quin
1377 592 1460 619 etiam
1473 592 1498 619 id
1513 592 1585 627 quod
1596 592 1707 620 videbat

917 636 1046 664 amittet:
1065 637 1159 664 eodem
1182 637 1264 664 etiam
1282 636 1362 665 modo
1392 638 1438 672 qui
1463 637 1589 665 damnari
1607 638 1706 665 meruit

916 687 1048 717 peccator
1060 682 1176 711 aiiectus
1188 687 1248 717 est,
1268 691 1330 711 cum
1342 684 1477 718 justorum
1494 692 1590 720 preces
1602 684 1706 718 etliagi-
1721 696 1723 699 -

918 732 976 761 tat,
999 734 1028 757 et
1050 729 1109 765 ipse
1132 737 1164 757 se
1182 737 1235 757 non
1251 730 1400 757 convertit.
1423 729 1456 757 Et
1474 730 1526 758 hoc
1547 734 1589 757 est
1605 731 1676 765 quod
1689 739 1704 758 a

917 774 1060 810 Scriptura
1084 775 1204 803 dicitur:
1219 774 1332 802 Multum
1356 775 1424 803 valet
1439 776 1589 810 deprecatio
1606 776 1702 811 justil

916 828 932 848 a
948 821 1051 857 Spiritu
1067 821 1170 856 agitata
1188 821 1264 857 (29);
1282 822 1315 849 de
1336 821 1413 856 justo
1429 822 1503 849 enim
1523 822 1575 849 hoc
1591 822 1702 850 dicitur.

917 868 957 895 De
979 868 1025 896 illo
1041 872 1147 899 autem,
1171 875 1222 902 pro
1244 875 1300 903 quo
1322 868 1352 895 iit
1365 868 1537 903 deprecatio,
1555 867 1704 904 Scripturis

880 905 1025 948 Bcluoque
1048 920 1167 941 consone
1188 913 1267 947 dico,
1295 914 1426 949 perutiles
1456 921 1519 941 esse
1545 919 1702 942 sanetorum

914 966 1024 994 preces,
1041 958 1190 986 dummodo
1204 959 1267 993 quis
1279 966 1421 986 sacrorum
1436 966 1580 986 munerum
1596 959 1705 988 deside-

914 1005 954 1033 rio
963 1004 1046 1040 278
1054 1011 1198 1036 accensus,
1209 1009 1236 1031 et
1251 1005 1285 1032 ad
1295 1005 1390 1032 eadem
1404 1006 1448 1040 pie
1459 1005 1496 1032 sit
1507 1004 1621 1033 affectus
1630 1005 1704 1040 (pro-

913 1051 982 1087 pria:
990 1052 1063 1078 enim
1076 1051 1139 1078 vitm
1147 1051 1181 1078 ad
1191 1051 1318 1078 virtutem
1329 1050 1501 1078 affectionem
1510 1052 1615 1079 vocavit
1625 1051 1704 1079 habi~

913 1098 1044 1131 tudinem,
1053 1105 1154 1132 quaeea
1164 1096 1310 1131 cujuslibet
1320 1097 1484 1124 conscientia
1493 1097 1652 1132 exsistit)ad
1662 1099 1703 1126 vi-

913 1152 975 1172 rnm
988 1143 1222 1179 aliquemjustum
1237 1143 1371 1171 accedens
1381 1148 1466 1178 petat,
1475 1149 1505 1171 ut
1514 1144 1597 1171 Deum
1609 1151 1658 1179 pro
1673 1152 1703 1172 se

917 1196 1007 1225 roget,
1029 1190 1136 1225 sibique
1147 1189 1285 1222 conciliet,
1295 1197 1348 1224 qua
1363 1190 1472 1217 ratione
1479 1196 1545 1217 sane
1555 1191 1702 1217 maximum

911 1241 945 1263 ex
957 1243 990 1262 eo
1003 1235 1102 1262 referet
1116 1234 1330 1262 emolumentum
1346 1233 1418 1261 :voti
1432 1233 1504 1260 enim
1519 1240 1631 1268 compos
1643 1233 1702 1267 ﬂet,

912 1290 974 1309 cum
991 1285 1102 1317 propter
1116 1281 1313 1308 conseientiam
1325 1280 1497 1315 religiosam,
1521 1283 1577 1306 tum
1591 1284 1703 1314 propter

912 1333 1069 1355 sanctorum
1081 1326 1276 1360 reverentiam,
1289 1331 1346 1353 tum
1360 1329 1472 1361 propter
1486 1326 1538 1360 pia:
1560 1325 1701 1360 petitionis

912 1374 1051 1407 ail‘ectum;
1066 1374 1118 1401 hoc
1130 1373 1204 1401 enim
1218 1373 1255 1400 ita
1268 1373 1408 1404 convenit,
1418 1371 1547 1407 quoniam
1564 1372 1635 1398 bona
1652 1371 1697 1397 ad-

911 1421 1024 1454 amavit,
1035 1419 1204 1455 etquaasivit.
1217 1419 1325 1447 Etenim
1338 1418 1437 1446 divinis
1448 1417 1474 1444 id
1486 1417 1602 1444 decretis
1614 1416 1700 1444 stabi-

911 1466 988 1495 litum
1006 1472 1059 1500 est,
1071 1471 1101 1494 ut
1113 1474 1208 1494 eorum
1221 1465 1429 1501 participatione
1443 1464 1545 1500 dignis,
1564 1465 1702 1492 donentur

911 1520 959 1548 per
970 1520 1017 1541 eos
1026 1513 1072 1548 qui
1081 1511 1155 1546 digni
1168 1515 1230 1539 sunt
1239 1511 1332 1538 eadem
1340 1509 1702 1543 distribuere.Quemadmo-

912 1558 975 1585 dum
984 1558 1055 1585 enitn
1065 1556 1247 1592 postulantem
1255 1555 1290 1590 dij
1295 1556 1462 1588 udicat,num
1468 1557 1540 1582 dono
1548 1555 1645 1590 dignus
1652 1554 1699 1587 sit,

911 1604 951 1632 sic
964 1604 1046 1631 etiam
1058 1608 1215 1638 precantem
1223 1602 1402 1636 scrutabitur,
1411 1610 1474 1629 num
1488 1607 1515 1629 et
1531 1602 1589 1636 ipse
1601 1601 1700 1636 dignus

911 1651 947 1678 sit
968 1650 1022 1677 tale
1037 1650 1076 1677 illi
1093 1656 1193 1677 munus
1209 1649 1368 1684 impetrare.
1397 1648 1455 1675 Non
1481 1652 1585 1675 temere
1605 1648 1699 1682 itaque

911 1697 957 1732 qui
979 1697 1054 1732 cupit
1076 1697 1109 1724 ad
1132 1696 1254 1724 divinum
1275 1695 1445 1723 consortium
1468 1697 1609 1727 accedere,
1632 1698 1660 1722 et
1682 1702 1699 1722 a

911 1744 968 1771 Deo
986 1744 1089 1778 optima
1112 1749 1228 1778 qumque
1249 1742 1389 1777 postulare
1412 1741 1613 1777 prohibebitur,
1635 1749 1700 1769 cunt

910 1790 981 1818 sciat
1002 1796 1130 1825 magnum
1144 1789 1304 1824 Apostolum
1321 1787 1470 1823 prmcipere
1485 1792 1514 1815 ut
1529 1787 1699 1815 incessanter

909 1842 1039 1868 oremus;
1064 1835 1112 1862 sed
1135 1834 1284 1862 absurdum
1300 1833 1379 1861 simul
1393 1837 1421 1860 et
1436 1832 1561 1860 illicitum
1575 1839 1653 1866 esse,
1673 1831 1701 1859 si

914 1881 989 1917 quis,
1001 1880 1131 1916 opinione
1145 1886 1193 1907 sua
1210 1880 1349 1911 seductus,
1367 1885 1448 1913 supra
1471 1883 1581 1906 sanctos
1603 1885 1699 1913 sapere

910 1927 988 1960 vclit,
1003 1931 1031 1955 et
1044 1934 1095 1961 pro
1111 1926 1194 1953 rebus
1220 1925 1300 1952 malis
1320 1931 1413 1959 preces
1434 1923 1560 1951 fundere.
1585 1923 1699 1957 Quando

910 1977 1002 2003 autem
1018 1971 1090 1999 nulla
1102 1971 1178 1999 adest
1194 1970 1286 2002 elatio,
1299 1975 1365 1997 tunc
1381 1977 1433 1997 non
1453 1969 1605 2004 refugimus
1619 1977 1702 1997 com-

910 2025 1007 2046 munes
1021 2024 1133 2053 preces;
1155 2022 1212 2044 tum
1228 2021 1258 2043 ut
1270 2015 1410 2043 discamus
1422 2022 1483 2050 quae
1495 2019 1588 2049 petere
1598 2015 1699 2043 debea-

910 2072 982 2098 tpus,
994 2069 1050 2091 tum
1068 2071 1134 2091 vero
1148 2063 1231 2090 etiam
1247 2063 1384 2098 quomodo
1398 2069 1493 2098 preces
1507 2062 1697 2090 instituamus.

909 2110 1088 2138 Frustramur
1100 2110 1173 2137 enim
1186 2110 1268 2143 votis,
1281 2109 1322 2136 vcl
1334 2109 1397 2144 quia
1414 2109 1550 2136 nescimus
1561 2109 1699 2143 quomodo

909 2157 998 2184 oratio
1012 2155 1049 2183 sit
1064 2155 1230 2182 intendenda
1242 2175 1250 2188 ,
1269 2155 1319 2182 ista
1337 2155 1409 2182 enim
1440 2159 1483 2182 est
1507 2154 1699 2190 postulationis

910 2201 1038 2235 inscitia;
1051 2201 1095 2229 vel
1110 2201 1174 2236 quia
1191 2208 1236 2228 res
1251 2201 1375 2236 indignas
1389 2200 1570 2235 postulamus.
1587 2200 1641 2228 Sed
1656 2201 1699 2227 di-

63 2244 258 2280 διδασκώμεθα
270 2245 301 2272 τὸ
312 2246 372 2272 τίνα
387 2246 420 2272 ἂν
434 2245 616 2282 αἰτησαίμεθα
625 2253 633 2262 ·
648 2247 679 2273 τὸ
693 2247 722 2274 δὲ
732 2247 807 2280 ὅπως
819 2249 862 2275 αί-

915 2253 959 2275 cet
983 2247 1100 2282 aliquis:
1118 2245 1188 2280 Quid
1214 2252 1283 2280 opus
1315 2250 1360 2274 est
1385 2246 1574 2280 institutione,
1599 2251 1628 2273 ut
1649 2253 1697 2274 co-

63 2291 233 2327 τησαίμεθα.
246 2292 371 2328 Λήσομεν
391 2291 445 2328 γὰρ
468 2292 649 2328 ἀποτυχόντες
667 2292 684 2328 ἢ
702 2292 746 2320 διὰ
766 2293 797 2319 τὸ
822 2294 859 2329 μὴ

65 2337 171 2364 εἰδέναι
193 2337 268 2369 ὅπως
292 2337 417 2371 σύντονος
437 2339 454 2375 ὴ
477 2338 569 2374 δέησις
587 2338 702 2374 γίνεται,
716 2338 794 2365 τοῦτο
805 2340 860 2375 γάρ

64 2385 143 2411 ἐστιν
156 2384 339 2421 ἀνεπιστῆμον
352 2385 402 2420 τῆς
416 2386 561 2421 αἰτήσεως,
575 2385 591 2420 ἦ
603 2384 647 2411 διὰ
662 2385 692 2412 τὸ
705 2385 802 2418 ἀνάξια
818 2385 860 2411 al-

63 2432 136 2458 τεῖν.
156 2429 225 2456 Ἀλλ’
237 2424 372 2462 εῐποιτις
392 2431 438 2458 ἄν·
452 2432 507 2458 Καὶ
525 2431 568 2463 τίς
588 2430 667 2467 χρεία
685 2431 860 2465 διδασκαλίας

64 2477 108 2508 είς
121 2475 153 2502 τδ
164 2474 265 2509 γνῶναι
277 2475 350 2508 τίνες
365 2476 434 2502 εἰσὶν
448 2477 477 2503 αἱ
492 2476 597 2509 ἀνάξιοι
611 2476 743 2512 αἰτήσεις,
757 2477 806 2503 καὶ
816 2477 858 2504 τί-

65 2529 113 2552 νες
133 2520 162 2546 αἱ
183 2519 275 2553 ἄξιαι,
293 2520 375 2547 αὑτοῦ
394 2521 442 2548 τοῦ
462 2520 565 2557 Κυρίου
585 2521 727 2555 λέγοντοςθ
747 2523 860 2550 Αἰτεῖτε

65 2564 188 2599 πρῶτον
198 2564 256 2599 τὴν
262 2565 425 2597 βασιλείαν
436 2566 488 2593 τοῦ
498 2565 582 2597 Θεοῦ,
594 2564 643 2593 καὶ
653 2565 752 2593 τᾶλλα
763 2567 861 2594 πάντα

65 2610 307 2646 προστεθήσεται
322 2611 409 2647 ῠμῖν;
424 2611 546 2648 Λέγομεν
558 2613 598 2644 είς
609 2612 689 2639 τοῦτο
698 2632 705 2645 ,
721 2613 762 2640 ὅτι
775 2613 862 2640 πολλά

66 2657 124 2684 εἰσι
138 2655 174 2684 τὰ
186 2657 251 2692 παρ’
265 2657 343 2693 ἡμῶν
356 2657 526 2693 ἀγνοούμενα
540 2659 581 2685 ὅτι
595 2659 663 2685 είσὶν
678 2658 789 2692 ἀνάξια·
804 2660 863 2687 κλε-

67 2702 194 2739 ῃόμεθα
207 2702 262 2739 γὰρ
279 2704 313 2739 τῇ
335 2702 426 2738 εφέσει
437 2723 445 2736 ,
462 2704 509 2730 καὶ
526 2704 555 2731 ὲν
570 2704 720 2741 ἁμαρτίαις
734 2704 863 2738 πολλάκις

913 2300 1076 2329 gnoscamus
1096 2300 1220 2327 quaenam
1237 2292 1294 2319 sint
1310 2292 1430 2327 indigna!
1457 2291 1655 2327 postulationes
1672 2297 1700 2320 et

911 2346 1035 2375 quzcnam
1061 2339 1167 2373 dignae,
1194 2338 1308 2366 Domino
1329 2338 1459 2366 dicente:
1475 2337 1559 2365 Petite
1584 2340 1698 2372 primum

911 2393 1020 2420 regnum
1046 2384 1112 2417 Dei,
1128 2390 1151 2411 et
1166 2390 1262 2412 cratera
1280 2385 1368 2412 omnia
1393 2385 1555 2420 adjiciantur
1566 2387 1637 2412 vobis
1666 2384 1700 2411 In?

911 2432 1031 2459 Dicimus
1056 2431 1159 2459 idcirco
1173 2430 1260 2457 multa
1276 2431 1355 2458 nobts
1372 2437 1435 2458 esse
1458 2431 1548 2465 ignota
1565 2439 1626 2465 qua:
1644 2431 1700 2458 sint

910 2478 1022 2513 indigna
1046 2486 1054 2506 :
1080 2485 1143 2504 nam
1165 2477 1315 2511 cupiditate
1338 2477 1505 2512 decipimur,
1529 2481 1555 2504 et
1579 2477 1701 2512 peccatis

910 2531 1100 2558 smpenumero
1125 2522 1376 2555 circumvenitnur,
1407 2529 1592 2557 saapennmero
1617 2522 1700 2549 etiam

913 2575 1053 2603 rogamus,
1069 2572 1098 2595 et
1112 2567 1184 2597 bona
1203 2568 1312 2602 indigne
1326 2567 1511 2601 postulaturum,
1534 2567 1699 2598 nescientes,

913 2615 1041 2644 adversa,
1059 2620 1119 2648 qua:
1134 2613 1267 2647 permissu
1281 2612 1326 2639 Dei
1343 2612 1504 2645 obveuiunt,
1519 2612 1606 2647 magis
1618 2611 1701 2646 prod-

913 2666 985 2687 esse.
1009 2658 1152 2692 Quomodo
1174 2658 1245 2686 enim
1263 2658 1344 2685 Israel
1362 2659 1388 2685 in
1402 2658 1547 2695 (Egyplum
1569 2658 1701 2686 transmi-

915 2709 1038 2739 grasset,
1061 2710 1089 2732 et
1104 2708 1206 2732 terram
1222 2703 1412 2739 promissionis
1427 2705 1630 2735 Inereditasset,
1647 2702 1700 2730 nisi

121 2804 134 2825 ί
151 2804 224 2833 Paul.
243 2813 340 2839 CXVIII,
356 2805 417 2833 l25.
455 2804 534 2833 ‘Jac.
552 2813 578 2838 ν,
595 2806 639 2835 16.
678 2810 698 2822 ⁵³
714 2806 809 2835 Matth.
824 2815 861 2842 τι,
880 2807 926 2836 55.

109 2894 165 2927 (29)
185 2894 277 2923 Grmce
290 2894 484 2930 ἐνεργουμένη.
501 2894 579 2930 Vulg.
595 2896 715 2922 «uidua.
