  <div class='ocr_page' id='page_1' title='image "/cluster/home/n/w/nwhite01/storage/ocr_20150623/3/njp.32101077772356/365.png"; bbox 0 0 1929 3068; ppageno 0'>
   <div class='ocr_carea' id='block_1_1' title="bbox 213 141 268 170">
    <p class='ocr_par' dir='ltr' id='par_1_1' title="bbox 213 141 268 170">
     <span class='ocr_line' id='line_1_1' title="bbox 213 141 268 170; baseline 0 0"><span class='ocrx_word' id='word_1_1' title='bbox 213 141 268 170; x_wconf 75' lang='grc' dir='ltr'><strong>ΰ79</strong></span> 
     </span>
    </p>
   </div>
   <div class='ocr_carea' id='block_1_2' title="bbox 798 137 1254 168">
    <p class='ocr_par' dir='ltr' id='par_1_2' title="bbox 798 137 1254 168">
     <span class='ocr_line' id='line_1_2' title="bbox 798 137 1254 168; baseline 0.002 -2"><span class='ocrx_word' id='word_1_2' title='bbox 798 138 828 167; x_wconf 88' lang='lat' dir='ltr'><strong>S.</strong></span> <span class='ocrx_word' id='word_1_3' title='bbox 846 137 999 167; x_wconf 78' lang='lat' dir='ltr'><strong>DIONYSII</strong></span> <span class='ocrx_word' id='word_1_4' title='bbox 1019 137 1254 168; x_wconf 68' lang='lat' dir='ltr'><strong>AREOPAGITE</strong></span> 
     </span>
    </p>
   </div>
   <div class='ocr_carea' id='block_1_3' title="bbox 1791 141 1842 170">
    <p class='ocr_par' dir='ltr' id='par_1_3' title="bbox 1791 141 1842 170">
     <span class='ocr_line' id='line_1_3' title="bbox 1791 141 1842 170; baseline 0.02 -1"><span class='ocrx_word' id='word_1_5' title='bbox 1791 141 1842 170; x_wconf 83' lang='lat'><strong>580</strong></span> 
     </span>
    </p>
   </div>
   <div class='ocr_carea' id='block_1_4' title="bbox 214 195 1000 233">
    <p class='ocr_par' dir='ltr' id='par_1_4' title="bbox 214 195 1000 232">
     <span class='ocr_line' id='line_1_4' title="bbox 214 195 1000 232; baseline -0.001 -7"><span class='ocrx_word' id='word_1_6' title='bbox 214 197 286 226; x_wconf 87' lang='lat' dir='ltr'><strong>Deus</strong></span> <span class='ocrx_word' id='word_1_7' title='bbox 305 195 416 232; x_wconf 68' lang='lat' dir='ltr'><strong>Iosephi</strong></span> <span class='ocrx_word' id='word_1_8' title='bbox 443 203 539 231; x_wconf 75' lang='lat' dir='ltr'><strong>preces</strong></span> <span class='ocrx_word' id='word_1_9' title='bbox 563 196 729 229; x_wconf 80' lang='lat' dir='ltr'><strong>exaudiens.</strong></span> <span class='ocrx_word' id='word_1_10' title='bbox 747 195 909 224; x_wconf 85' lang='lat' dir='ltr'><strong>incolumem</strong></span> <span class='ocrx_word' id='word_1_11' title='bbox 931 196 1000 232; x_wconf 88' lang='lat' dir='ltr'><strong>patri</strong></span> 
     </span>
    </p>
   </div>
   <div class='ocr_carea' id='block_1_5' title="bbox 1052 195 1842 233">
    <p class='ocr_par' dir='ltr' id='par_1_5' title="bbox 1055 197 1842 233">
     <span class='ocr_line' id='line_1_5' title="bbox 1055 197 1842 233; baseline 0.003 -9"><span class='ocrx_word' id='word_1_12' title='bbox 1055 197 1295 233; x_wconf 66' lang='grc' dir='ltr'>προφασιζόμεθα-</span> <span class='ocrx_word' id='word_1_13' title='bbox 1311 198 1438 230; x_wconf 72' lang='grc' dir='ltr'>πολλάκις</span> <span class='ocrx_word' id='word_1_14' title='bbox 1460 198 1488 225; x_wconf 79' lang='grc' dir='ltr'>δὲ</span> <span class='ocrx_word' id='word_1_15' title='bbox 1510 198 1646 232; x_wconf 69' lang='grc' dir='ltr'>αἰτοῦντες</span> <span class='ocrx_word' id='word_1_16' title='bbox 1669 200 1714 226; x_wconf 72' lang='grc' dir='ltr'><strong>καὶ</strong></span> <span class='ocrx_word' id='word_1_17' title='bbox 1737 199 1842 233; x_wconf 70' lang='grc' dir='ltr'>ἀγαθὰ,</span> 
     </span>
    </p>
   </div>
   <div class='ocr_carea' id='block_1_6' title="bbox 214 243 471 271">
    <p class='ocr_par' dir='ltr' id='par_1_6' title="bbox 214 243 471 271">
     <span class='ocr_line' id='line_1_6' title="bbox 214 243 471 271; baseline -0.004 -1"><span class='ocrx_word' id='word_1_18' title='bbox 214 243 298 271; x_wconf 86' lang='lat' dir='ltr'><strong>ﬁlium</strong></span> <span class='ocrx_word' id='word_1_19' title='bbox 314 243 471 271; x_wconf 85' lang='lat' dir='ltr'><strong>servasset?</strong></span> 
     </span>
    </p>
   </div>
   <div class='ocr_carea' id='block_1_7' title="bbox 1055 243 1844 281">
    <p class='ocr_par' dir='ltr' id='par_1_7' title="bbox 1055 243 1844 281">
     <span class='ocr_line' id='line_1_7' title="bbox 1055 243 1844 281; baseline 0.001 -11"><span class='ocrx_word' id='word_1_20' title='bbox 1055 243 1172 277; x_wconf 84' lang='grc' dir='ltr'><strong>ἀναξίως</strong></span> <span class='ocrx_word' id='word_1_21' title='bbox 1192 244 1338 279; x_wconf 77' lang='grc' dir='ltr'>αἰτοῦμεν,</span> <span class='ocrx_word' id='word_1_22' title='bbox 1364 245 1402 281; x_wconf 85' lang='grc' dir='ltr'>μὴ</span> <span class='ocrx_word' id='word_1_23' title='bbox 1422 245 1521 277; x_wconf 80' lang='grc' dir='ltr'>εἰδότες</span> <span class='ocrx_word' id='word_1_24' title='bbox 1543 246 1584 272; x_wconf 84' lang='grc' dir='ltr'>ὅτι</span> <span class='ocrx_word' id='word_1_25' title='bbox 1599 246 1699 281; x_wconf 78' lang='grc' dir='ltr'>μᾶλλον</span> <span class='ocrx_word' id='word_1_26' title='bbox 1720 245 1756 272; x_wconf 72' lang='grc' dir='ltr'><strong>τὰ</strong></span> <span class='ocrx_word' id='word_1_27' title='bbox 1774 246 1844 272; x_wconf 76' lang='grc' dir='ltr'>κατὰ</span> 
     </span>
    </p>
   </div>
   <div class='ocr_carea' id='block_1_8' title="bbox 212 287 1844 328">
    <p class='ocr_par' dir='ltr' id='par_1_8' title="bbox 212 287 1844 328">
     <span class='ocr_line' id='line_1_8' title="bbox 212 287 1844 328; baseline 0.002 -15"><span class='ocrx_word' id='word_1_28' title='bbox 212 287 409 324; x_wconf 78' lang='grc' dir='ltr'>παραχώρησιν</span> <span class='ocrx_word' id='word_1_29' title='bbox 429 288 476 315; x_wconf 82' lang='grc' dir='ltr'><strong>τοῦ</strong></span> <span class='ocrx_word' id='word_1_30' title='bbox 493 288 561 315; x_wconf 86' lang='grc' dir='ltr'>Θεοῦ</span> <span class='ocrx_word' id='word_1_31' title='bbox 580 289 693 316; x_wconf 72' lang='grc' dir='ltr'>ἐναντία</span> <span class='ocrx_word' id='word_1_32' title='bbox 711 288 841 324; x_wconf 76' lang='grc' dir='ltr'><strong>μειζόνως</strong></span> <span class='ocrx_word' id='word_1_33' title='bbox 870 288 1016 325; x_wconf 74' lang='grc' dir='ltr'><strong>ὠφελήσει.</strong></span> <span class='ocrx_word' id='word_1_34' title='bbox 1037 289 1100 322; x_wconf 88' lang='grc' dir='ltr'>Πῶς</span> <span class='ocrx_word' id='word_1_35' title='bbox 1111 290 1166 326; x_wconf 78' lang='grc' dir='ltr'><strong>γὰρ</strong></span> <span class='ocrx_word' id='word_1_36' title='bbox 1181 290 1340 326; x_wconf 81' lang='grc' dir='ltr'><strong>μετῴκησεν</strong></span> <span class='ocrx_word' id='word_1_37' title='bbox 1355 293 1395 324; x_wconf 80' lang='grc' dir='ltr'>εἰς</span> <span class='ocrx_word' id='word_1_38' title='bbox 1417 292 1554 326; x_wconf 80' lang='grc' dir='ltr'>Αἴγυπτον</span> <span class='ocrx_word' id='word_1_39' title='bbox 1572 292 1696 328; x_wconf 82' lang='grc' dir='ltr'>Ἰσραὴλ,</span> <span class='ocrx_word' id='word_1_40' title='bbox 1723 293 1770 319; x_wconf 84' lang='grc' dir='ltr'>καὶ</span> <span class='ocrx_word' id='word_1_41' title='bbox 1794 292 1844 327; x_wconf 83' lang='grc' dir='ltr'><strong>τὴν</strong></span> 
     </span>
    </p>
   </div>
   <div class='ocr_carea' id='block_1_9' title="bbox 213 334 1845 374">
    <p class='ocr_par' dir='ltr' id='par_1_9' title="bbox 213 334 1845 374">
     <span class='ocr_line' id='line_1_9' title="bbox 213 334 1845 374; baseline 0.002 -13"><span class='ocrx_word' id='word_1_42' title='bbox 213 335 265 370; x_wconf 84' lang='grc' dir='ltr'><strong>γῆν</strong></span> <span class='ocrx_word' id='word_1_43' title='bbox 292 335 341 370; x_wconf 85' lang='grc' dir='ltr'><strong>τῆς</strong></span> <span class='ocrx_word' id='word_1_44' title='bbox 357 335 521 369; x_wconf 79' lang='grc' dir='ltr'><strong>ἐπαγγελίας</strong></span> <span class='ocrx_word' id='word_1_45' title='bbox 534 334 767 371; x_wconf 79' lang='grc' dir='ltr'><strong>ἐκληρονόμησεν,</strong></span> <span class='ocrx_word' id='word_1_46' title='bbox 781 335 870 371; x_wconf 71' lang='grc' dir='ltr'>εἴπερ,</span> <span class='ocrx_word' id='word_1_47' title='bbox 884 335 1021 369; x_wconf 82' lang='grc' dir='ltr'>ἐπακουὸς</span> <span class='ocrx_word' id='word_1_48' title='bbox 1042 336 1096 362; x_wconf 88' lang='grc' dir='ltr'><strong>τῶν</strong></span> <span class='ocrx_word' id='word_1_49' title='bbox 1117 337 1206 372; x_wconf 81' lang='grc' dir='ltr'><strong>εὐχῶν</strong></span> <span class='ocrx_word' id='word_1_50' title='bbox 1218 336 1266 363; x_wconf 86' lang='grc' dir='ltr'>τοῦ</span> <span class='ocrx_word' id='word_1_51' title='bbox 1285 337 1384 373; x_wconf 76' lang='grc' dir='ltr'>Ἰωσὴφ</span> <span class='ocrx_word' id='word_1_52' title='bbox 1404 338 1420 365; x_wconf 87' lang='grc' dir='ltr'><strong>ό</strong></span> <span class='ocrx_word' id='word_1_53' title='bbox 1433 338 1499 370; x_wconf 83' lang='grc' dir='ltr'><strong>Θεὸς</strong></span> <span class='ocrx_word' id='word_1_54' title='bbox 1515 339 1629 373; x_wconf 79' lang='grc' dir='ltr'>φανεὶς,</span> <span class='ocrx_word' id='word_1_55' title='bbox 1646 339 1784 374; x_wconf 74' lang='grc' dir='ltr'>ἀλώδητον</span> <span class='ocrx_word' id='word_1_56' title='bbox 1805 337 1845 374; x_wconf 84' lang='grc' dir='ltr'>τῷ</span> 
     </span>
    </p>
   </div>
   <div class='ocr_carea' id='block_1_10' title="bbox 214 382 732 419">
    <p class='ocr_par' dir='ltr' id='par_1_10' title="bbox 214 382 732 419">
     <span class='ocr_line' id='line_1_10' title="bbox 214 382 732 419; baseline -0.004 -9"><span class='ocrx_word' id='word_1_57' title='bbox 214 383 300 418; x_wconf 78' lang='grc' dir='ltr'>πατρὶ</span> <span class='ocrx_word' id='word_1_58' title='bbox 312 382 441 419; x_wconf 77' lang='grc' dir='ltr'>παραυτὰ</span> <span class='ocrx_word' id='word_1_59' title='bbox 450 383 494 409; x_wconf 84' lang='grc' dir='ltr'>τὸν</span> <span class='ocrx_word' id='word_1_60' title='bbox 508 383 590 409; x_wconf 85' lang='grc' dir='ltr'>παῖδα</span> <span class='ocrx_word' id='word_1_61' title='bbox 603 382 713 414; x_wconf 80' lang='grc' dir='ltr'>διέσωζε</span> <span class='ocrx_word' id='word_1_62' title='bbox 725 390 732 414; x_wconf 94' lang='grc'><strong>;</strong></span> 
     </span>
    </p>
   </div>
   <div class='ocr_carea' id='block_1_11' title="bbox 250 428 997 464">
    <p class='ocr_par' dir='ltr' id='par_1_11' title="bbox 250 428 997 464">
     <span class='ocr_line' id='line_1_11' title="bbox 250 428 997 464; baseline -0.001 -8"><span class='ocrx_word' id='word_1_63' title='bbox 250 429 333 464; x_wconf 74' lang='lat'><strong>279</strong></span> <span class='ocrx_word' id='word_1_64' title='bbox 350 428 365 464; x_wconf 84' lang='lat'>§</span> <span class='ocrx_word' id='word_1_65' title='bbox 383 428 438 456; x_wconf 76' lang='lat' dir='ltr'><strong>VII.</strong></span> <span class='ocrx_word' id='word_1_66' title='bbox 451 428 550 455; x_wconf 80' lang='lat' dir='ltr'><strong>Verum</strong></span> <span class='ocrx_word' id='word_1_67' title='bbox 572 429 614 455; x_wconf 89' lang='lat' dir='ltr'><strong>bis</strong></span> <span class='ocrx_word' id='word_1_68' title='bbox 628 428 655 455; x_wconf 89' lang='lat' dir='ltr'><strong>in</strong></span> <span class='ocrx_word' id='word_1_69' title='bbox 674 428 811 455; x_wconf 87' lang='lat' dir='ltr'><strong>communi</strong></span> <span class='ocrx_word' id='word_1_70' title='bbox 827 429 859 455; x_wconf 88' lang='lat' dir='ltr'><strong>de</strong></span> <span class='ocrx_word' id='word_1_71' title='bbox 871 429 997 455; x_wconf 88' lang='lat' dir='ltr'><strong>oratione</strong></span> 
     </span>
    </p>
   </div>
   <div class='ocr_carea' id='block_1_12' title="bbox 214 474 1002 508">
    <p class='ocr_par' dir='ltr' id='par_1_12' title="bbox 214 474 1002 508">
     <span class='ocr_line' id='line_1_12' title="bbox 214 474 1002 508; baseline -0.005 -5"><span class='ocrx_word' id='word_1_72' title='bbox 214 475 307 506; x_wconf 65' lang='lat' dir='ltr'><strong>dictis,</strong></span> <span class='ocrx_word' id='word_1_73' title='bbox 320 483 433 502; x_wconf 78' lang='lat' dir='ltr'><strong>necessu</strong></span> <span class='ocrx_word' id='word_1_74' title='bbox 439 474 478 501; x_wconf 88' lang='lat' dir='ltr'><strong>rio</strong></span> <span class='ocrx_word' id='word_1_75' title='bbox 488 474 570 501; x_wconf 89' lang='lat' dir='ltr'><strong>etiam</strong></span> <span class='ocrx_word' id='word_1_76' title='bbox 580 474 723 502; x_wconf 88' lang='lat' dir='ltr'><strong>dicendum</strong></span> <span class='ocrx_word' id='word_1_77' title='bbox 734 474 767 501; x_wconf 84' lang='lat' dir='ltr'><strong>de</strong></span> <span class='ocrx_word' id='word_1_78' title='bbox 776 481 855 508; x_wconf 89' lang='lat' dir='ltr'><strong>prece</strong></span> <span class='ocrx_word' id='word_1_79' title='bbox 863 482 943 508; x_wconf 89' lang='lat' dir='ltr'><strong>quam</strong></span> <span class='ocrx_word' id='word_1_80' title='bbox 955 482 1002 502; x_wconf 87' lang='lat' dir='ltr'><strong>sn-</strong></span> 
     </span>
    </p>
   </div>
   <div class='ocr_carea' id='block_1_13' title="bbox 214 520 994 557">
    <p class='ocr_par' dir='ltr' id='par_1_13' title="bbox 214 520 994 557">
     <span class='ocr_line' id='line_1_13' title="bbox 214 520 994 557; baseline -0.001 -8"><span class='ocrx_word' id='word_1_81' title='bbox 214 529 263 557; x_wconf 89' lang='lat' dir='ltr'><strong>per</strong></span> <span class='ocrx_word' id='word_1_82' title='bbox 271 520 398 548; x_wconf 83' lang='lat' dir='ltr'><strong>defuncto</strong></span> <span class='ocrx_word' id='word_1_83' title='bbox 410 521 511 548; x_wconf 82' lang='lat' dir='ltr'><strong>recitat</strong></span> <span class='ocrx_word' id='word_1_84' title='bbox 522 521 647 547; x_wconf 90' lang='lat' dir='ltr'><strong>antistes.</strong></span> <span class='ocrx_word' id='word_1_85' title='bbox 658 521 769 547; x_wconf 89' lang='lat' dir='ltr'><strong>Divinus</strong></span> <span class='ocrx_word' id='word_1_86' title='bbox 781 520 865 555; x_wconf 77' lang='lat' dir='ltr'><strong>igitur</strong></span> <span class='ocrx_word' id='word_1_87' title='bbox 879 521 994 548; x_wconf 90' lang='lat' dir='ltr'><strong>antistes</strong></span> 
     </span>
    </p>
   </div>
   <div class='ocr_carea' id='block_1_14' title="bbox 215 566 1003 601">
    <p class='ocr_par' dir='ltr' id='par_1_14' title="bbox 215 566 1003 601">
     <span class='ocr_line' id='line_1_14' title="bbox 215 566 1003 601; baseline -0.003 -6"><span class='ocrx_word' id='word_1_88' title='bbox 215 568 348 601; x_wconf 83' lang='lat' dir='ltr'><strong>interpres</strong></span> <span class='ocrx_word' id='word_1_89' title='bbox 372 571 416 593; x_wconf 84' lang='lat' dir='ltr'><strong>est</strong></span> <span class='ocrx_word' id='word_1_90' title='bbox 443 567 594 593; x_wconf 84' lang='lat' dir='ltr'><strong>divinarum</strong></span> <span class='ocrx_word' id='word_1_91' title='bbox 617 566 845 600; x_wconf 87' lang='lat' dir='ltr'><strong>justiﬁeationum</strong></span> <span class='ocrx_word' id='word_1_92' title='bbox 866 575 874 594; x_wconf 92' lang='lat'><strong><em>:</em></strong></span> <span class='ocrx_word' id='word_1_93' title='bbox 899 567 1003 594; x_wconf 90' lang='lat' dir='ltr'><strong>idcirco</strong></span> 
     </span>
    </p>
   </div>
   <div class='ocr_carea' id='block_1_15' title="bbox 214 612 1002 648">
    <p class='ocr_par' dir='ltr' id='par_1_15' title="bbox 214 612 1002 648">
     <span class='ocr_line' id='line_1_15' title="bbox 214 612 1002 648; baseline 0 -8"><span class='ocrx_word' id='word_1_94' title='bbox 214 613 286 640; x_wconf 89' lang='lat' dir='ltr'><strong>enim</strong></span> <span class='ocrx_word' id='word_1_95' title='bbox 299 613 413 648; x_wconf 81' lang='lat' dir='ltr'><strong>angelus</strong></span> <span class='ocrx_word' id='word_1_96' title='bbox 426 612 531 638; x_wconf 90' lang='lat' dir='ltr'><strong>Domini</strong></span> <span class='ocrx_word' id='word_1_97' title='bbox 546 613 743 646; x_wconf 83' lang='lat' dir='ltr'><strong>omnipotentis</strong></span> <span class='ocrx_word' id='word_1_98' title='bbox 755 620 769 639; x_wconf 87' lang='lat' dir='ltr'><strong>a</strong></span> <span class='ocrx_word' id='word_1_99' title='bbox 783 617 879 640; x_wconf 88' lang='lat' dir='ltr'><strong>sancto</strong></span> <span class='ocrx_word' id='word_1_100' title='bbox 890 612 1002 640; x_wconf 67' lang='lat' dir='ltr'><strong>Michana</strong></span> 
     </span>
    </p>
   </div>
   <div class='ocr_carea' id='block_1_16' title="bbox 215 659 1002 693">
    <p class='ocr_par' dir='ltr' id='par_1_16' title="bbox 215 659 1002 693">
     <span class='ocr_line' id='line_1_16' title="bbox 215 659 1002 693; baseline 0 -7"><span class='ocrx_word' id='word_1_101' title='bbox 215 659 325 691; x_wconf 92' lang='lat' dir='ltr'><strong>dicitur,</strong></span> <span class='ocrx_word' id='word_1_102' title='bbox 341 663 371 686; x_wconf 90' lang='lat' dir='ltr'><strong>ut</strong></span> <span class='ocrx_word' id='word_1_103' title='bbox 390 659 435 693; x_wconf 93' lang='lat' dir='ltr'><strong>qui</strong></span> <span class='ocrx_word' id='word_1_104' title='bbox 454 659 499 686; x_wconf 87' lang='lat' dir='ltr'><strong>Dei</strong></span> <span class='ocrx_word' id='word_1_105' title='bbox 515 659 727 693; x_wconf 71' lang='lat' dir='ltr'><strong>iustiﬁcationes</strong></span> <span class='ocrx_word' id='word_1_106' title='bbox 742 660 882 687; x_wconf 69' lang='lat' dir='ltr'><strong>annuntiet</strong></span> <span class='ocrx_word' id='word_1_107' title='bbox 898 667 929 686; x_wconf 88' lang='lat' dir='ltr'><strong>ac</strong></span> <span class='ocrx_word' id='word_1_108' title='bbox 945 667 1002 686; x_wconf 85' lang='lat' dir='ltr'><strong>ma-</strong></span> 
     </span>
    </p>
   </div>
   <div class='ocr_carea' id='block_1_17' title="bbox 215 703 1000 740">
    <p class='ocr_par' dir='ltr' id='par_1_17' title="bbox 215 703 1000 740">
     <span class='ocr_line' id='line_1_17' title="bbox 215 703 1000 740; baseline 0.003 -10"><span class='ocrx_word' id='word_1_109' title='bbox 215 703 335 731; x_wconf 83' lang='lat' dir='ltr'><strong>nifestet.</strong></span> <span class='ocrx_word' id='word_1_110' title='bbox 349 704 447 731; x_wconf 82' lang='lat' dir='ltr'><strong>Didicit</strong></span> <span class='ocrx_word' id='word_1_111' title='bbox 463 705 556 738; x_wconf 87' lang='lat' dir='ltr'><strong>utique</strong></span> <span class='ocrx_word' id='word_1_112' title='bbox 569 713 603 731; x_wconf 73' lang='lat' dir='ltr'><strong>ex</strong></span> <span class='ocrx_word' id='word_1_113' title='bbox 625 703 786 740; x_wconf 88' lang='lat' dir='ltr'><strong>Scripturis,</strong></span> <span class='ocrx_word' id='word_1_114' title='bbox 797 705 880 739; x_wconf 88' lang='lat' dir='ltr'><strong>juslis</strong></span> <span class='ocrx_word' id='word_1_115' title='bbox 892 705 1000 740; x_wconf 84' lang='lat' dir='ltr'><strong>quidem</strong></span> 
     </span>
    </p>
   </div>
   <div class='ocr_carea' id='block_1_18' title="bbox 211 750 1000 786">
    <p class='ocr_par' dir='ltr' id='par_1_18' title="bbox 211 750 1000 786">
     <span class='ocr_line' id='line_1_18' title="bbox 211 750 1000 786; baseline 0 -8"><span class='ocrx_word' id='word_1_116' title='bbox 211 755 288 786; x_wconf 72' lang='lat' dir='ltr'><strong>Justo</strong></span> <span class='ocrx_word' id='word_1_117' title='bbox 306 751 353 778; x_wconf 86' lang='lat' dir='ltr'><strong>Dei</strong></span> <span class='ocrx_word' id='word_1_118' title='bbox 371 750 475 784; x_wconf 92' lang='lat' dir='ltr'><strong>judicio</strong></span> <span class='ocrx_word' id='word_1_119' title='bbox 495 751 691 778; x_wconf 80' lang='lat' dir='ltr'><strong>lueidissimant</strong></span> <span class='ocrx_word' id='word_1_120' title='bbox 713 751 889 786; x_wconf 87' lang='lat' dir='ltr'><strong>divinamque</strong></span> <span class='ocrx_word' id='word_1_121' title='bbox 916 751 1000 778; x_wconf 91' lang='lat' dir='ltr'><strong>vitam</strong></span> 
     </span>
    </p>
   </div>
   <div class='ocr_carea' id='block_1_19' title="bbox 215 797 1001 833">
    <p class='ocr_par' dir='ltr' id='par_1_19' title="bbox 215 797 1001 833">
     <span class='ocr_line' id='line_1_19' title="bbox 215 797 1001 833; baseline 0.001 -9"><span class='ocrx_word' id='word_1_122' title='bbox 215 797 338 830; x_wconf 84' lang='lat' dir='ltr'><strong>retribui,</strong></span> <span class='ocrx_word' id='word_1_123' title='bbox 354 797 444 824; x_wconf 85' lang='lat' dir='ltr'><strong>divina</strong></span> <span class='ocrx_word' id='word_1_124' title='bbox 467 797 588 825; x_wconf 85' lang='lat' dir='ltr'><strong>bonitate</strong></span> <span class='ocrx_word' id='word_1_125' title='bbox 602 805 635 824; x_wconf 93' lang='lat' dir='ltr'><strong>ac</strong></span> <span class='ocrx_word' id='word_1_126' title='bbox 654 797 821 833; x_wconf 81' lang='lat' dir='ltr'><strong>benignitate</strong></span> <span class='ocrx_word' id='word_1_127' title='bbox 842 802 1001 826; x_wconf 80' lang='lat' dir='ltr'><strong>contractas</strong></span> 
     </span>
    </p>
   </div>
   <div class='ocr_carea' id='block_1_20' title="bbox 214 842 1004 877">
    <p class='ocr_par' dir='ltr' id='par_1_20' title="bbox 214 842 1004 877">
     <span class='ocr_line' id='line_1_20' title="bbox 214 842 1004 877; baseline 0.003 -8"><span class='ocrx_word' id='word_1_128' title='bbox 214 850 246 870; x_wconf 76' lang='lat' dir='ltr'><strong>ex</strong></span> <span class='ocrx_word' id='word_1_129' title='bbox 270 842 385 869; x_wconf 82' lang='lat' dir='ltr'><strong>humana</strong></span> <span class='ocrx_word' id='word_1_130' title='bbox 401 842 549 877; x_wconf 78' lang='lat' dir='ltr'><strong>fragilitate</strong></span> <span class='ocrx_word' id='word_1_131' title='bbox 565 843 687 870; x_wconf 88' lang='lat' dir='ltr'><strong>maculas</strong></span> <span class='ocrx_word' id='word_1_132' title='bbox 700 843 851 871; x_wconf 88' lang='lat' dir='ltr'><strong>clementer</strong></span> <span class='ocrx_word' id='word_1_133' title='bbox 872 845 1004 871; x_wconf 87' lang='lat' dir='ltr'><strong>dissimu-</strong></span> 
     </span>
    </p>
   </div>
   <div class='ocr_carea' id='block_1_21' title="bbox 214 887 1038 925">
    <p class='ocr_par' dir='ltr' id='par_1_21' title="bbox 214 887 1038 925">
     <span class='ocr_line' id='line_1_21' title="bbox 214 887 1038 925; baseline 0.004 -11"><span class='ocrx_word' id='word_1_134' title='bbox 214 887 299 921; x_wconf 86' lang='lat' dir='ltr'><strong>lante,</strong></span> <span class='ocrx_word' id='word_1_135' title='bbox 314 896 375 916; x_wconf 92' lang='lat' dir='ltr'><strong>cum</strong></span> <span class='ocrx_word' id='word_1_136' title='bbox 397 895 477 916; x_wconf 80' lang='lat' dir='ltr'><strong>neruo</strong></span> <span class='ocrx_word' id='word_1_137' title='bbox 493 889 538 920; x_wconf 88' lang='lat' dir='ltr'><strong>sit,</strong></span> <span class='ocrx_word' id='word_1_138' title='bbox 553 893 582 916; x_wconf 92' lang='lat' dir='ltr'><strong>ut</strong></span> <span class='ocrx_word' id='word_1_139' title='bbox 608 889 708 922; x_wconf 81' lang='lat' dir='ltr'><strong>inquit,</strong></span> <span class='ocrx_word' id='word_1_140' title='bbox 735 890 852 917; x_wconf 88' lang='lat' dir='ltr'><strong>mundus</strong></span> <span class='ocrx_word' id='word_1_141' title='bbox 874 897 890 916; x_wconf 85' lang='lat' dir='ltr'><strong>a</strong></span> <span class='ocrx_word' id='word_1_142' title='bbox 911 889 1000 917; x_wconf 87' lang='lat' dir='ltr'><strong>sorde.</strong></span> <span class='ocrx_word' id='word_1_143' title='bbox 1016 897 1038 925; x_wconf 78' lang='grc' dir='ltr'><strong>Β</strong></span> 
     </span>
    </p>
   </div>
   <div class='ocr_carea' id='block_1_22' title="bbox 214 934 999 970">
    <p class='ocr_par' dir='ltr' id='par_1_22' title="bbox 214 934 999 970">
     <span class='ocr_line' id='line_1_22' title="bbox 214 934 999 970; baseline 0.001 -9"><span class='ocrx_word' id='word_1_144' title='bbox 214 934 277 961; x_wconf 63' lang='lat' dir='ltr'><strong>Haec</strong></span> <span class='ocrx_word' id='word_1_145' title='bbox 290 934 406 961; x_wconf 83' lang='lat' dir='ltr'><strong>antistes</strong></span> <span class='ocrx_word' id='word_1_146' title='bbox 430 934 566 969; x_wconf 84' lang='lat' dir='ltr'><strong>promissa</strong></span> <span class='ocrx_word' id='word_1_147' title='bbox 584 942 649 962; x_wconf 80' lang='lat' dir='ltr'><strong>esse</strong></span> <span class='ocrx_word' id='word_1_148' title='bbox 670 935 754 962; x_wconf 82' lang='lat' dir='ltr'><strong>nevit.</strong></span> <span class='ocrx_word' id='word_1_149' title='bbox 770 934 895 963; x_wconf 82' lang='lat' dir='ltr'><strong>Postulat</strong></span> <span class='ocrx_word' id='word_1_150' title='bbox 909 935 999 970; x_wconf 77' lang='lat' dir='ltr'><strong>igitur.</strong></span> 
     </span>
    </p>
   </div>
   <div class='ocr_carea' id='block_1_23' title="bbox 214 979 1001 1009">
    <p class='ocr_par' dir='ltr' id='par_1_23' title="bbox 214 979 1001 1009">
     <span class='ocr_line' id='line_1_23' title="bbox 214 979 1001 1009; baseline 0.003 -3"><span class='ocrx_word' id='word_1_151' title='bbox 214 984 244 1007; x_wconf 89' lang='lat' dir='ltr'><strong>ut</strong></span> <span class='ocrx_word' id='word_1_152' title='bbox 257 979 374 1007; x_wconf 90' lang='lat' dir='ltr'><strong>ﬁdelium</strong></span> <span class='ocrx_word' id='word_1_153' title='bbox 393 987 426 1007; x_wconf 77' lang='lat' dir='ltr'><strong>ex</strong></span> <span class='ocrx_word' id='word_1_154' title='bbox 440 980 598 1008; x_wconf 79' lang='lat' dir='ltr'><strong>inﬁrmitate</strong></span> <span class='ocrx_word' id='word_1_155' title='bbox 617 985 769 1009; x_wconf 67' lang='lat' dir='ltr'><strong>contractae</strong></span> <span class='ocrx_word' id='word_1_156' title='bbox 793 980 905 1009; x_wconf 71' lang='lat' dir='ltr'><strong>macula:</strong></span> <span class='ocrx_word' id='word_1_157' title='bbox 919 980 1001 1008; x_wconf 86' lang='lat' dir='ltr'><strong>dissi-</strong></span> 
     </span>
    </p>
   </div>
   <div class='ocr_carea' id='block_1_24' title="bbox 215 1026 1003 1062">
    <p class='ocr_par' dir='ltr' id='par_1_24' title="bbox 215 1026 1003 1062">
     <span class='ocr_line' id='line_1_24' title="bbox 215 1026 1003 1062; baseline 0.001 -9"><span class='ocrx_word' id='word_1_158' title='bbox 215 1026 365 1059; x_wconf 85' lang='lat' dir='ltr'><strong>Inulentnr,</strong></span> <span class='ocrx_word' id='word_1_159' title='bbox 385 1031 413 1053; x_wconf 91' lang='lat' dir='ltr'><strong>et</strong></span> <span class='ocrx_word' id='word_1_160' title='bbox 438 1034 523 1054; x_wconf 60' lang='lat' dir='ltr'><strong>sat-ra!</strong></span> <span class='ocrx_word' id='word_1_161' title='bbox 548 1027 745 1055; x_wconf 82' lang='lat' dir='ltr'><strong>retributiones</strong></span> <span class='ocrx_word' id='word_1_162' title='bbox 758 1027 947 1062; x_wconf 81' lang='lat' dir='ltr'><strong>conferantur,</strong></span> <span class='ocrx_word' id='word_1_163' title='bbox 964 1028 1003 1055; x_wconf 88' lang='lat' dir='ltr'><strong>si-</strong></span> 
     </span>
    </p>
   </div>
   <div class='ocr_carea' id='block_1_25' title="bbox 214 1073 1002 1107">
    <p class='ocr_par' dir='ltr' id='par_1_25' title="bbox 214 1073 1002 1107">
     <span class='ocr_line' id='line_1_25' title="bbox 214 1073 1002 1107; baseline 0.003 -8"><span class='ocrx_word' id='word_1_164' title='bbox 214 1073 326 1107; x_wconf 87' lang='lat' dir='ltr'><strong>mulque</strong></span> <span class='ocrx_word' id='word_1_165' title='bbox 341 1073 426 1099; x_wconf 90' lang='lat' dir='ltr'><strong>Deum</strong></span> <span class='ocrx_word' id='word_1_166' title='bbox 447 1073 590 1106; x_wconf 88' lang='lat' dir='ltr'><strong>imitando,</strong></span> <span class='ocrx_word' id='word_1_167' title='bbox 605 1073 674 1100; x_wconf 88' lang='lat' dir='ltr'><strong>dona</strong></span> <span class='ocrx_word' id='word_1_168' title='bbox 689 1080 748 1107; x_wconf 73' lang='lat' dir='ltr'><strong>qua:</strong></span> <span class='ocrx_word' id='word_1_169' title='bbox 764 1073 826 1101; x_wconf 85' lang='lat' dir='ltr'><strong>aliis</strong></span> <span class='ocrx_word' id='word_1_170' title='bbox 838 1073 1002 1101; x_wconf 78' lang='lat' dir='ltr'><strong>conferenda</strong></span> 
     </span>
    </p>
   </div>
   <div class='ocr_carea' id='block_1_26' title="bbox 214 1118 1003 1154">
    <p class='ocr_par' dir='ltr' id='par_1_26' title="bbox 214 1118 1003 1154">
     <span class='ocr_line' id='line_1_26' title="bbox 214 1118 1003 1154; baseline 0.004 -10"><span class='ocrx_word' id='word_1_171' title='bbox 214 1122 278 1145; x_wconf 86' lang='lat' dir='ltr'><strong>sunt</strong></span> <span class='ocrx_word' id='word_1_172' title='bbox 302 1122 432 1152; x_wconf 87' lang='lat' dir='ltr'><strong>tanquam</strong></span> <span class='ocrx_word' id='word_1_173' title='bbox 459 1118 511 1145; x_wconf 88' lang='lat' dir='ltr'><strong>sibi</strong></span> <span class='ocrx_word' id='word_1_174' title='bbox 538 1118 701 1154; x_wconf 74' lang='lat' dir='ltr'><strong>indulgentia</strong></span> <span class='ocrx_word' id='word_1_175' title='bbox 722 1119 938 1153; x_wconf 78' lang='lat' dir='ltr'><strong>postulans(boc</strong></span> <span class='ocrx_word' id='word_1_176' title='bbox 960 1123 1003 1147; x_wconf 86' lang='lat' dir='ltr'><strong>est</strong></span> 
     </span>
    </p>
   </div>
   <div class='ocr_carea' id='block_1_27' title="bbox 214 1163 1001 1200">
    <p class='ocr_par' dir='ltr' id='par_1_27' title="bbox 214 1163 1001 1200">
     <span class='ocr_line' id='line_1_27' title="bbox 214 1163 1001 1200; baseline 0.003 -10"><span class='ocrx_word' id='word_1_177' title='bbox 214 1164 287 1194; x_wconf 83' lang='lat' dir='ltr'><strong>enim</strong></span> <span class='ocrx_word' id='word_1_178' title='bbox 304 1163 387 1191; x_wconf 87' lang='lat' dir='ltr'><strong>Deum</strong></span> <span class='ocrx_word' id='word_1_179' title='bbox 404 1163 516 1197; x_wconf 87' lang='lat' dir='ltr'><strong>imitari,</strong></span> <span class='ocrx_word' id='word_1_180' title='bbox 532 1165 689 1199; x_wconf 81' lang='lat' dir='ltr'><strong>proximum</strong></span> <span class='ocrx_word' id='word_1_181' title='bbox 715 1165 829 1200; x_wconf 72' lang='lat' dir='ltr'><strong>diligere</strong></span> <span class='ocrx_word' id='word_1_182' title='bbox 844 1165 915 1193; x_wconf 80' lang='lat' dir='ltr'><strong>sicut</strong></span> <span class='ocrx_word' id='word_1_183' title='bbox 929 1165 1001 1200; x_wconf 87' lang='lat' dir='ltr'><strong>seip-</strong></span> 
     </span>
    </p>
   </div>
   <div class='ocr_carea' id='block_1_28' title="bbox 214 1209 1004 1246">
    <p class='ocr_par' dir='ltr' id='par_1_28' title="bbox 214 1209 1004 1246">
     <span class='ocr_line' id='line_1_28' title="bbox 214 1209 1004 1246; baseline 0.003 -10"><span class='ocrx_word' id='word_1_184' title='bbox 214 1211 299 1242; x_wconf 81' lang='lat' dir='ltr'><strong>sum),</strong></span> <span class='ocrx_word' id='word_1_185' title='bbox 309 1209 389 1236; x_wconf 90' lang='lat' dir='ltr'><strong>simul</strong></span> <span class='ocrx_word' id='word_1_186' title='bbox 400 1217 466 1236; x_wconf 89' lang='lat' dir='ltr'><strong>vero</strong></span> <span class='ocrx_word' id='word_1_187' title='bbox 475 1210 557 1237; x_wconf 86' lang='lat' dir='ltr'><strong>etiam</strong></span> <span class='ocrx_word' id='word_1_188' title='bbox 571 1215 697 1245; x_wconf 79' lang='lat' dir='ltr'><strong>tanquam</strong></span> <span class='ocrx_word' id='word_1_189' title='bbox 710 1210 844 1246; x_wconf 87' lang='lat' dir='ltr'><strong>interpres</strong></span> <span class='ocrx_word' id='word_1_190' title='bbox 856 1210 902 1238; x_wconf 87' lang='lat' dir='ltr'><strong>Dei</strong></span> <span class='ocrx_word' id='word_1_191' title='bbox 913 1211 1004 1239; x_wconf 87' lang='lat' dir='ltr'><strong>sciens</strong></span> 
     </span>
    </p>
   </div>
   <div class='ocr_carea' id='block_1_29' title="bbox 214 1254 1004 1293">
    <p class='ocr_par' dir='ltr' id='par_1_29' title="bbox 214 1254 1004 1293">
     <span class='ocr_line' id='line_1_29' title="bbox 214 1254 1004 1293; baseline 0.005 -13"><span class='ocrx_word' id='word_1_192' title='bbox 214 1259 245 1281; x_wconf 91' lang='lat' dir='ltr'><strong>et</strong></span> <span class='ocrx_word' id='word_1_193' title='bbox 258 1255 321 1281; x_wconf 78' lang='lat' dir='ltr'><strong>aliis</strong></span> <span class='ocrx_word' id='word_1_194' title='bbox 335 1254 528 1288; x_wconf 74' lang='lat' dir='ltr'><strong>manifestans,</strong></span> <span class='ocrx_word' id='word_1_195' title='bbox 544 1260 672 1290; x_wconf 88' lang='lat' dir='ltr'><strong>tanquam</strong></span> <span class='ocrx_word' id='word_1_196' title='bbox 691 1256 804 1291; x_wconf 76' lang='lat' dir='ltr'><strong>angelus</strong></span> <span class='ocrx_word' id='word_1_197' title='bbox 828 1257 854 1284; x_wconf 91' lang='lat' dir='ltr'><strong>id</strong></span> <span class='ocrx_word' id='word_1_198' title='bbox 870 1257 941 1291; x_wconf 89' lang='lat' dir='ltr'><strong>quod</strong></span> <span class='ocrx_word' id='word_1_199' title='bbox 957 1265 1004 1293; x_wconf 88' lang='lat' dir='ltr'><strong>pe-</strong></span> 
     </span>
    </p>
   </div>
   <div class='ocr_carea' id='block_1_30' title="bbox 216 1300 1001 1338">
    <p class='ocr_par' dir='ltr' id='par_1_30' title="bbox 216 1300 1001 1338">
     <span class='ocr_line' id='line_1_30' title="bbox 216 1300 1001 1338; baseline 0.003 -10"><span class='ocrx_word' id='word_1_200' title='bbox 216 1300 292 1333; x_wconf 74' lang='lat' dir='ltr'><strong>titur,</strong></span> <span class='ocrx_word' id='word_1_201' title='bbox 309 1305 400 1334; x_wconf 85' lang='lat' dir='ltr'><strong>utpote</strong></span> <span class='ocrx_word' id='word_1_202' title='bbox 416 1300 530 1336; x_wconf 84' lang='lat' dir='ltr'><strong>justum,</strong></span> <span class='ocrx_word' id='word_1_203' title='bbox 544 1308 655 1336; x_wconf 83' lang='lat' dir='ltr'><strong>prorsus</strong></span> <span class='ocrx_word' id='word_1_204' title='bbox 670 1307 831 1330; x_wconf 88' lang='lat' dir='ltr'><strong>eventurutn</strong></span> <span class='ocrx_word' id='word_1_205' title='bbox 845 1303 1001 1338; x_wconf 79' lang='lat' dir='ltr'><strong>signiﬁcat;</strong></span> 
     </span>
    </p>
   </div>
   <div class='ocr_carea' id='block_1_31' title="bbox 216 1346 1003 1384">
    <p class='ocr_par' dir='ltr' id='par_1_31' title="bbox 216 1346 1003 1384">
     <span class='ocr_line' id='line_1_31' title="bbox 216 1346 1003 1384; baseline 0.008 -12"><span class='ocrx_word' id='word_1_206' title='bbox 216 1353 305 1380; x_wconf 85' lang='lat' dir='ltr'><strong>neque</strong></span> <span class='ocrx_word' id='word_1_207' title='bbox 329 1346 400 1373; x_wconf 87' lang='lat' dir='ltr'><strong>enim</strong></span> <span class='ocrx_word' id='word_1_208' title='bbox 416 1347 450 1375; x_wconf 88' lang='lat' dir='ltr'><strong>ab</strong></span> <span class='ocrx_word' id='word_1_209' title='bbox 470 1347 550 1374; x_wconf 84' lang='lat' dir='ltr'><strong>initio</strong></span> <span class='ocrx_word' id='word_1_210' title='bbox 565 1347 675 1381; x_wconf 80' lang='lat' dir='ltr'><strong>petebat</strong></span> <span class='ocrx_word' id='word_1_211' title='bbox 689 1349 742 1376; x_wconf 87' lang='lat' dir='ltr'><strong>nisi</strong></span> <span class='ocrx_word' id='word_1_212' title='bbox 763 1356 824 1384; x_wconf 69' lang='lat' dir='ltr'><strong>qua:</strong></span> <span class='ocrx_word' id='word_1_213' title='bbox 847 1348 903 1376; x_wconf 89' lang='lat' dir='ltr'><strong>Deo</strong></span> <span class='ocrx_word' id='word_1_214' title='bbox 925 1353 1003 1378; x_wconf 82' lang='lat' dir='ltr'><strong>erant</strong></span> 
     </span>
    </p>
   </div>
   <div class='ocr_carea' id='block_1_32' title="bbox 215 1392 1003 1430">
    <p class='ocr_par' dir='ltr' id='par_1_32' title="bbox 215 1392 1003 1430">
     <span class='ocr_line' id='line_1_32' title="bbox 215 1392 1003 1430; baseline 0.006 -12"><span class='ocrx_word' id='word_1_215' title='bbox 215 1399 296 1425; x_wconf 85' lang='lat' dir='ltr'><strong>quam</strong></span> <span class='ocrx_word' id='word_1_216' title='bbox 309 1392 474 1426; x_wconf 80' lang='lat' dir='ltr'><strong>gratissima.</strong></span> <span class='ocrx_word' id='word_1_217' title='bbox 491 1392 627 1426; x_wconf 84' lang='lat' dir='ltr'><strong>Quoeirca</strong></span> <span class='ocrx_word' id='word_1_218' title='bbox 648 1394 758 1428; x_wconf 89' lang='lat' dir='ltr'><strong>quidem</strong></span> <span class='ocrx_word' id='word_1_219' title='bbox 781 1403 832 1430; x_wconf 91' lang='lat' dir='ltr'><strong>pro</strong></span> <span class='ocrx_word' id='word_1_220' title='bbox 846 1396 950 1423; x_wconf 82' lang='lat' dir='ltr'><strong>sanctis</strong></span> <span class='ocrx_word' id='word_1_221' title='bbox 963 1395 1003 1423; x_wconf 88' lang='lat' dir='ltr'><strong>sic</strong></span> 
     </span>
    </p>
   </div>
   <div class='ocr_carea' id='block_1_33' title="bbox 215 1436 1002 1473">
    <p class='ocr_par' dir='ltr' id='par_1_33' title="bbox 215 1436 1002 1473">
     <span class='ocr_line' id='line_1_33' title="bbox 215 1436 1002 1473; baseline 0.005 -10"><span class='ocrx_word' id='word_1_222' title='bbox 215 1436 291 1470; x_wconf 81' lang='lat' dir='ltr'><strong>facit,</strong></span> <span class='ocrx_word' id='word_1_223' title='bbox 305 1437 352 1464; x_wconf 87' lang='lat' dir='ltr'><strong>sed</strong></span> <span class='ocrx_word' id='word_1_224' title='bbox 368 1445 417 1472; x_wconf 91' lang='lat' dir='ltr'><strong>pro</strong></span> <span class='ocrx_word' id='word_1_225' title='bbox 442 1438 575 1473; x_wconf 86' lang='lat' dir='ltr'><strong>improbis</strong></span> <span class='ocrx_word' id='word_1_226' title='bbox 589 1439 755 1471; x_wconf 82' lang='lat' dir='ltr'><strong>inﬁdelibus,</strong></span> <span class='ocrx_word' id='word_1_227' title='bbox 777 1440 849 1467; x_wconf 89' lang='lat' dir='ltr'><strong>sicut</strong></span> <span class='ocrx_word' id='word_1_228' title='bbox 869 1440 951 1467; x_wconf 86' lang='lat' dir='ltr'><strong>etiam</strong></span> <span class='ocrx_word' id='word_1_229' title='bbox 975 1440 1002 1467; x_wconf 89' lang='lat' dir='ltr'><strong>in</strong></span> 
     </span>
    </p>
   </div>
   <div class='ocr_carea' id='block_1_34' title="bbox 215 1484 1003 1520">
    <p class='ocr_par' dir='ltr' id='par_1_34' title="bbox 215 1484 1003 1520">
     <span class='ocr_line' id='line_1_34' title="bbox 215 1484 1003 1520; baseline 0.006 -11"><span class='ocrx_word' id='word_1_230' title='bbox 215 1490 363 1518; x_wconf 81' lang='lat' dir='ltr'><strong>progressu</strong></span> <span class='ocrx_word' id='word_1_231' title='bbox 388 1484 563 1519; x_wconf 76' lang='lat' dir='ltr'><strong>signiﬁcabit,</strong></span> <span class='ocrx_word' id='word_1_232' title='bbox 579 1485 689 1520; x_wconf 88' lang='lat' dir='ltr'><strong>quando</strong></span> <span class='ocrx_word' id='word_1_233' title='bbox 704 1486 783 1518; x_wconf 80' lang='lat' dir='ltr'><strong>dicit.</strong></span> <span class='ocrx_word' id='word_1_234' title='bbox 798 1486 935 1514; x_wconf 84' lang='lat' dir='ltr'><strong>videbitur</strong></span> <span class='ocrx_word' id='word_1_235' title='bbox 950 1486 1003 1514; x_wconf 84' lang='lat' dir='ltr'><strong>hoc</strong></span> 
     </span>
    </p>
   </div>
   <div class='ocr_carea' id='block_1_35' title="bbox 217 1527 1002 1566">
    <p class='ocr_par' dir='ltr' id='par_1_35' title="bbox 217 1527 1002 1566">
     <span class='ocr_line' id='line_1_35' title="bbox 217 1527 1002 1566; baseline 0.005 -12"><span class='ocrx_word' id='word_1_236' title='bbox 217 1527 341 1563; x_wconf 76' lang='lat' dir='ltr'><strong>profanis</strong></span> <span class='ocrx_word' id='word_1_237' title='bbox 353 1529 487 1564; x_wconf 85' lang='lat' dir='ltr'><strong>probabili</strong></span> <span class='ocrx_word' id='word_1_238' title='bbox 502 1530 558 1558; x_wconf 85' lang='lat' dir='ltr'><strong>risu</strong></span> <span class='ocrx_word' id='word_1_239' title='bbox 569 1530 692 1565; x_wconf 82' lang='lat' dir='ltr'><strong>dignum.</strong></span> <span class='ocrx_word' id='word_1_240' title='bbox 701 1530 827 1558; x_wconf 80' lang='lat' dir='ltr'><strong>Profanis</strong></span> <span class='ocrx_word' id='word_1_241' title='bbox 841 1531 932 1566; x_wconf 81' lang='lat' dir='ltr'><strong>itaque</strong></span> <span class='ocrx_word' id='word_1_242' title='bbox 944 1531 1002 1558; x_wconf 73' lang='lat' dir='ltr'><strong>lmc</strong></span> 
     </span>
    </p>
   </div>
   <div class='ocr_carea' id='block_1_36' title="bbox 1090 424 1846 465">
    <p class='ocr_par' dir='ltr' id='par_1_36' title="bbox 1090 424 1846 465">
     <span class='ocr_line' id='line_1_36' title="bbox 1090 424 1846 465; baseline 0.009 -14"><span class='ocrx_word' id='word_1_243' title='bbox 1090 424 1103 461; x_wconf 63' lang='grc' dir='ltr'><strong>ς</strong></span> <span class='ocrx_word' id='word_1_244' title='bbox 1116 424 1169 452; x_wconf 82' lang='grc' dir='ltr'>νιι.</span> <span class='ocrx_word' id='word_1_245' title='bbox 1183 425 1264 453; x_wconf 81' lang='grc' dir='ltr'>Ἀλλὰ</span> <span class='ocrx_word' id='word_1_246' title='bbox 1269 426 1371 453; x_wconf 87' lang='grc' dir='ltr'>τούτων</span> <span class='ocrx_word' id='word_1_247' title='bbox 1377 426 1426 462; x_wconf 83' lang='grc' dir='ltr'><strong>ήδη</strong></span> <span class='ocrx_word' id='word_1_248' title='bbox 1434 427 1571 462; x_wconf 71' lang='grc' dir='ltr'>ῥηθέντων</span> <span class='ocrx_word' id='word_1_249' title='bbox 1579 429 1643 464; x_wconf 80' lang='grc' dir='ltr'>περὶ</span> <span class='ocrx_word' id='word_1_250' title='bbox 1651 430 1740 465; x_wconf 85' lang='grc' dir='ltr'><strong>πάσης</strong></span> <span class='ocrx_word' id='word_1_251' title='bbox 1747 431 1846 462; x_wconf 78' lang='grc' dir='ltr'><strong>κοινῶς</strong></span> 
     </span>
    </p>
   </div>
   <div class='ocr_carea' id='block_1_37' title="bbox 1051 472 1845 514">
    <p class='ocr_par' dir='ltr' id='par_1_37' title="bbox 1051 472 1845 514">
     <span class='ocr_line' id='line_1_37' title="bbox 1051 472 1845 514; baseline 0.009 -17"><span class='ocrx_word' id='word_1_252' title='bbox 1051 472 1145 507; x_wconf 80' lang='grc' dir='ltr'><strong>εὐχῆς,</strong></span> <span class='ocrx_word' id='word_1_253' title='bbox 1158 472 1305 506; x_wconf 86' lang='grc' dir='ltr'>ἀναγκαῖον</span> <span class='ocrx_word' id='word_1_254' title='bbox 1315 474 1402 499; x_wconf 85' lang='grc' dir='ltr'>εἰπεῖν</span> <span class='ocrx_word' id='word_1_255' title='bbox 1410 474 1457 499; x_wconf 77' lang='grc' dir='ltr'>καὶ</span> <span class='ocrx_word' id='word_1_256' title='bbox 1470 474 1534 509; x_wconf 77' lang='grc' dir='ltr'>περὶ</span> <span class='ocrx_word' id='word_1_257' title='bbox 1550 475 1600 509; x_wconf 91' lang='grc' dir='ltr'><strong>τῆς</strong></span> <span class='ocrx_word' id='word_1_258' title='bbox 1615 476 1661 502; x_wconf 74' lang='grc' dir='ltr'><strong>ἐπὶ</strong></span> <span class='ocrx_word' id='word_1_259' title='bbox 1675 476 1713 511; x_wconf 84' lang='grc' dir='ltr'>τῷ</span> <span class='ocrx_word' id='word_1_260' title='bbox 1726 477 1845 514; x_wconf 82' lang='grc' dir='ltr'><strong>κειμένῳ</strong></span> 
     </span>
    </p>
   </div>
   <div class='ocr_carea' id='block_1_38' title="bbox 1051 517 1846 559">
    <p class='ocr_par' dir='ltr' id='par_1_38' title="bbox 1051 517 1846 559">
     <span class='ocr_line' id='line_1_38' title="bbox 1051 517 1846 559; baseline 0.008 -16"><span class='ocrx_word' id='word_1_261' title='bbox 1051 517 1098 543; x_wconf 83' lang='grc' dir='ltr'><strong>τοῦ</strong></span> <span class='ocrx_word' id='word_1_262' title='bbox 1128 517 1254 553; x_wconf 83' lang='grc' dir='ltr'>ίεράρχου</span> <span class='ocrx_word' id='word_1_263' title='bbox 1275 519 1367 554; x_wconf 85' lang='grc' dir='ltr'>εὐχῆς.</span> <span class='ocrx_word' id='word_1_264' title='bbox 1393 519 1421 545; x_wconf 88' lang='grc' dir='ltr'><strong>Ὀ</strong></span> <span class='ocrx_word' id='word_1_265' title='bbox 1445 519 1515 551; x_wconf 78' lang='grc' dir='ltr'>θεῖος</span> <span class='ocrx_word' id='word_1_266' title='bbox 1542 521 1687 556; x_wconf 78' lang='grc' dir='ltr'><strong>τοιγαροῦν</strong></span> <span class='ocrx_word' id='word_1_267' title='bbox 1713 523 1846 559; x_wconf 83' lang='grc' dir='ltr'>ἱεράρχης</span> 
     </span>
    </p>
   </div>
   <div class='ocr_carea' id='block_1_39' title="bbox 1052 563 1847 602">
    <p class='ocr_par' dir='ltr' id='par_1_39' title="bbox 1052 563 1847 602">
     <span class='ocr_line' id='line_1_39' title="bbox 1052 563 1847 602; baseline 0.009 -13"><span class='ocrx_word' id='word_1_268' title='bbox 1052 563 1248 599; x_wconf 79' lang='grc' dir='ltr'>ἐκφαντορικός</span> <span class='ocrx_word' id='word_1_269' title='bbox 1263 565 1320 590; x_wconf 75' lang='grc' dir='ltr'>ἐστι</span> <span class='ocrx_word' id='word_1_270' title='bbox 1332 565 1386 591; x_wconf 84' lang='grc' dir='ltr'><strong>τῶν</strong></span> <span class='ocrx_word' id='word_1_271' title='bbox 1402 565 1481 591; x_wconf 79' lang='grc' dir='ltr'>θείων</span> <span class='ocrx_word' id='word_1_272' title='bbox 1489 565 1681 602; x_wconf 82' lang='grc' dir='ltr'><strong>δικαιωμάτων</strong></span> <span class='ocrx_word' id='word_1_273' title='bbox 1692 577 1698 583; x_wconf 90' lang='grc'>·</span> <span class='ocrx_word' id='word_1_274' title='bbox 1711 568 1756 596; x_wconf 82' lang='grc' dir='ltr'><strong>διὰ</strong></span> <span class='ocrx_word' id='word_1_275' title='bbox 1767 569 1847 597; x_wconf 86' lang='grc' dir='ltr'>τοῦτο</span> 
     </span>
    </p>
   </div>
   <div class='ocr_carea' id='block_1_40' title="bbox 1052 609 1845 652">
    <p class='ocr_par' dir='ltr' id='par_1_40' title="bbox 1052 609 1845 652">
     <span class='ocr_line' id='line_1_40' title="bbox 1052 609 1845 652; baseline 0.009 -17"><span class='ocrx_word' id='word_1_276' title='bbox 1052 609 1108 645; x_wconf 79' lang='grc' dir='ltr'><strong>γὰρ</strong></span> <span class='ocrx_word' id='word_1_277' title='bbox 1134 609 1248 644; x_wconf 79' lang='grc' dir='ltr'>ἄγγελος</span> <span class='ocrx_word' id='word_1_278' title='bbox 1262 611 1366 646; x_wconf 82' lang='grc' dir='ltr'>Κυρίου</span> <span class='ocrx_word' id='word_1_279' title='bbox 1383 612 1602 648; x_wconf 76' lang='grc' dir='ltr'><strong>παντοκράτορος</strong></span> <span class='ocrx_word' id='word_1_280' title='bbox 1624 613 1699 650; x_wconf 87' lang='grc' dir='ltr'>παρὰ</span> <span class='ocrx_word' id='word_1_281' title='bbox 1719 615 1758 650; x_wconf 87' lang='grc' dir='ltr'>τῷ</span> <span class='ocrx_word' id='word_1_282' title='bbox 1779 616 1845 652; x_wconf 81' lang='grc' dir='ltr'>ἱερῷ</span> 
     </span>
    </p>
   </div>
   <div class='ocr_carea' id='block_1_41' title="bbox 1052 654 1846 694">
    <p class='ocr_par' dir='ltr' id='par_1_41' title="bbox 1052 654 1846 694">
     <span class='ocr_line' id='line_1_41' title="bbox 1052 654 1846 694; baseline 0.01 -14"><span class='ocrx_word' id='word_1_283' title='bbox 1052 654 1157 690; x_wconf 81' lang='grc' dir='ltr'>Μιχαίᾳ</span> <span class='ocrx_word' id='word_1_284' title='bbox 1166 654 1284 689; x_wconf 83' lang='grc' dir='ltr'>λέγεται,</span> <span class='ocrx_word' id='word_1_285' title='bbox 1304 655 1342 687; x_wconf 87' lang='grc' dir='ltr'>ὠς</span> <span class='ocrx_word' id='word_1_286' title='bbox 1353 656 1521 691; x_wconf 69' lang='grc' dir='ltr'><strong>ἐξαγγέλλων</strong></span> <span class='ocrx_word' id='word_1_287' title='bbox 1539 659 1585 685; x_wconf 74' lang='grc' dir='ltr'>καὶ</span> <span class='ocrx_word' id='word_1_288' title='bbox 1598 660 1735 694; x_wconf 80' lang='grc' dir='ltr'>ἐκφαίνων</span> <span class='ocrx_word' id='word_1_289' title='bbox 1750 661 1784 687; x_wconf 82' lang='grc' dir='ltr'>τὰ</span> <span class='ocrx_word' id='word_1_290' title='bbox 1798 661 1846 688; x_wconf 84' lang='grc' dir='ltr'><strong>τοῦ</strong></span> 
     </span>
    </p>
   </div>
   <div class='ocr_carea' id='block_1_42' title="bbox 1051 700 1847 742">
    <p class='ocr_par' dir='ltr' id='par_1_42' title="bbox 1051 700 1847 742">
     <span class='ocr_line' id='line_1_42' title="bbox 1051 700 1847 742; baseline 0.009 -16"><span class='ocrx_word' id='word_1_291' title='bbox 1051 700 1119 727; x_wconf 82' lang='grc' dir='ltr'>Θεοῦ</span> <span class='ocrx_word' id='word_1_292' title='bbox 1136 700 1316 737; x_wconf 82' lang='grc' dir='ltr'>δικαιώματα.</span> <span class='ocrx_word' id='word_1_293' title='bbox 1330 702 1480 738; x_wconf 86' lang='grc' dir='ltr'>Μεμάθηκε</span> <span class='ocrx_word' id='word_1_294' title='bbox 1495 703 1560 738; x_wconf 88' lang='grc' dir='ltr'>γοῦν</span> <span class='ocrx_word' id='word_1_295' title='bbox 1577 705 1630 731; x_wconf 78' lang='grc' dir='ltr'>ἀπὸ</span> <span class='ocrx_word' id='word_1_296' title='bbox 1646 705 1700 732; x_wconf 86' lang='grc' dir='ltr'><strong>τῶν</strong></span> <span class='ocrx_word' id='word_1_297' title='bbox 1716 706 1847 742; x_wconf 72' lang='grc' dir='ltr'>Γραφῶν,</span> 
     </span>
    </p>
   </div>
   <div class='ocr_carea' id='block_1_43' title="bbox 1052 746 1844 788">
    <p class='ocr_par' dir='ltr' id='par_1_43' title="bbox 1052 746 1844 788">
     <span class='ocr_line' id='line_1_43' title="bbox 1052 746 1844 788; baseline 0.009 -16"><span class='ocrx_word' id='word_1_298' title='bbox 1052 746 1092 773; x_wconf 78' lang='grc' dir='ltr'>ὅτι</span> <span class='ocrx_word' id='word_1_299' title='bbox 1107 748 1164 779; x_wconf 88' lang='grc' dir='ltr'>τοῖς</span> <span class='ocrx_word' id='word_1_300' title='bbox 1180 747 1229 782; x_wconf 86' lang='grc' dir='ltr'>μὲν</span> <span class='ocrx_word' id='word_1_301' title='bbox 1243 747 1358 779; x_wconf 87' lang='grc' dir='ltr'>δικαίοις</span> <span class='ocrx_word' id='word_1_302' title='bbox 1370 748 1445 784; x_wconf 78' lang='grc' dir='ltr'>παρὰ</span> <span class='ocrx_word' id='word_1_303' title='bbox 1451 749 1502 783; x_wconf 87' lang='grc' dir='ltr'><strong>τῆς</strong></span> <span class='ocrx_word' id='word_1_304' title='bbox 1512 749 1559 775; x_wconf 84' lang='grc' dir='ltr'><strong>τοῦ</strong></span> <span class='ocrx_word' id='word_1_305' title='bbox 1570 750 1636 776; x_wconf 79' lang='grc' dir='ltr'>Θεοῦ</span> <span class='ocrx_word' id='word_1_306' title='bbox 1647 751 1844 788; x_wconf 77' lang='grc' dir='ltr'>δικαιοκρισίας</span> 
     </span>
    </p>
   </div>
   <div class='ocr_carea' id='block_1_44' title="bbox 1052 792 1844 833">
    <p class='ocr_par' dir='ltr' id='par_1_44' title="bbox 1052 792 1844 833">
     <span class='ocr_line' id='line_1_44' title="bbox 1052 792 1844 833; baseline 0.008 -15"><span class='ocrx_word' id='word_1_307' title='bbox 1052 793 1071 827; x_wconf 84' lang='grc' dir='ltr'><strong>ή</strong></span> <span class='ocrx_word' id='word_1_308' title='bbox 1086 792 1264 829; x_wconf 76' lang='grc' dir='ltr'><strong>λαμπροτάτη</strong></span> <span class='ocrx_word' id='word_1_309' title='bbox 1281 794 1327 820; x_wconf 75' lang='grc' dir='ltr'>καὶ</span> <span class='ocrx_word' id='word_1_310' title='bbox 1339 793 1398 820; x_wconf 89' lang='grc' dir='ltr'>θεία</span> <span class='ocrx_word' id='word_1_311' title='bbox 1413 794 1470 830; x_wconf 77' lang='grc' dir='ltr'><strong>ζωὴ</strong></span> <span class='ocrx_word' id='word_1_312' title='bbox 1493 795 1663 827; x_wconf 79' lang='grc' dir='ltr'>ἀντιδίδοται,</span> <span class='ocrx_word' id='word_1_313' title='bbox 1679 796 1844 833; x_wconf 82' lang='grc' dir='ltr'>παρορώσης</span> 
     </span>
    </p>
   </div>
   <div class='ocr_carea' id='block_1_45' title="bbox 1052 837 1860 878">
    <p class='ocr_par' dir='ltr' id='par_1_45' title="bbox 1052 837 1860 878">
     <span class='ocr_line' id='line_1_45' title="bbox 1052 837 1860 878; baseline 0.009 -14"><span class='ocrx_word' id='word_1_314' title='bbox 1052 837 1081 871; x_wconf 75' lang='grc' dir='ltr'><strong>ἐξ</strong></span> <span class='ocrx_word' id='word_1_315' title='bbox 1100 838 1266 875; x_wconf 84' lang='grc' dir='ltr'>ἀγαθότητος</span> <span class='ocrx_word' id='word_1_316' title='bbox 1283 839 1332 874; x_wconf 90' lang='grc' dir='ltr'><strong>τῆς</strong></span> <span class='ocrx_word' id='word_1_317' title='bbox 1347 839 1393 866; x_wconf 84' lang='grc' dir='ltr'><strong>τοῦ</strong></span> <span class='ocrx_word' id='word_1_318' title='bbox 1418 839 1486 866; x_wconf 82' lang='grc' dir='ltr'>Θεοῦ</span> <span class='ocrx_word' id='word_1_319' title='bbox 1506 841 1709 877; x_wconf 81' lang='grc' dir='ltr'>φιλανθρωπίας</span> <span class='ocrx_word' id='word_1_320' title='bbox 1727 844 1790 875; x_wconf 82' lang='grc' dir='ltr'>τοὺς</span> <span class='ocrx_word' id='word_1_321' title='bbox 1815 844 1860 878; x_wconf 76' lang='grc' dir='ltr'><strong>ἐξ¹</strong></span> 
     </span>
    </p>
   </div>
   <div class='ocr_carea' id='block_1_46' title="bbox 1053 883 1846 924">
    <p class='ocr_par' dir='ltr' id='par_1_46' title="bbox 1053 883 1846 924">
     <span class='ocr_line' id='line_1_46' title="bbox 1053 883 1846 924; baseline 0.008 -14"><span class='ocrx_word' id='word_1_322' title='bbox 1053 883 1226 920; x_wconf 80' lang='grc' dir='ltr'>ἀνθρωπίνης</span> <span class='ocrx_word' id='word_1_323' title='bbox 1242 885 1382 917; x_wconf 83' lang='grc' dir='ltr'><strong>ἀσθενείας</strong></span> <span class='ocrx_word' id='word_1_324' title='bbox 1394 885 1495 921; x_wconf 79' lang='grc' dir='ltr'>ῥύπους</span> <span class='ocrx_word' id='word_1_325' title='bbox 1505 894 1511 901; x_wconf 81' lang='grc'><strong><em>⁸</em></strong></span> <span class='ocrx_word' id='word_1_326' title='bbox 1526 887 1641 923; x_wconf 71' lang='grc' dir='ltr'>ἐπείπερ</span> <span class='ocrx_word' id='word_1_327' title='bbox 1650 888 1747 920; x_wconf 80' lang='grc' dir='ltr'>οὐδεὶς,</span> <span class='ocrx_word' id='word_1_328' title='bbox 1767 889 1846 924; x_wconf 76' lang='grc' dir='ltr'>φησὶ,</span> 
     </span>
    </p>
   </div>
   <div class='ocr_carea' id='block_1_47' title="bbox 1053 929 1848 971">
    <p class='ocr_par' dir='ltr' id='par_1_47' title="bbox 1053 929 1848 971">
     <span class='ocr_line' id='line_1_47' title="bbox 1053 929 1848 971; baseline 0.005 -14"><span class='ocrx_word' id='word_1_329' title='bbox 1053 930 1172 966; x_wconf 77' lang='grc' dir='ltr'>καθαρὸς</span> <span class='ocrx_word' id='word_1_330' title='bbox 1187 931 1284 966; x_wconf 81' lang='grc' dir='ltr'><strong>ῥύπου.</strong></span> <span class='ocrx_word' id='word_1_331' title='bbox 1298 931 1391 958; x_wconf 80' lang='grc' dir='ltr'>Ταῦτα</span> <span class='ocrx_word' id='word_1_332' title='bbox 1400 929 1469 959; x_wconf 85' lang='grc' dir='ltr'>εἶδεν</span> <span class='ocrx_word' id='word_1_333' title='bbox 1479 933 1673 969; x_wconf 68' lang='grc' dir='ltr'>ὲπηγγελμενα</span> <span class='ocrx_word' id='word_1_334' title='bbox 1680 934 1694 960; x_wconf 87' lang='grc' dir='ltr'>ὀ</span> <span class='ocrx_word' id='word_1_335' title='bbox 1703 936 1848 971; x_wconf 61' lang='grc' dir='ltr'>ίεραρχης,</span> 
     </span>
    </p>
   </div>
   <div class='ocr_carea' id='block_1_48' title="bbox 1052 977 1844 1016">
    <p class='ocr_par' dir='ltr' id='par_1_48' title="bbox 1052 977 1844 1016">
     <span class='ocr_line' id='line_1_48' title="bbox 1052 977 1844 1016; baseline 0.006 -13"><span class='ocrx_word' id='word_1_336' title='bbox 1052 977 1129 1003; x_wconf 64' lang='lat' dir='ltr'><strong>Alte?</strong></span> <span class='ocrx_word' id='word_1_337' title='bbox 1140 977 1229 1004; x_wconf 86' lang='grc' dir='ltr'>τοίνυν</span> <span class='ocrx_word' id='word_1_338' title='bbox 1241 979 1298 1010; x_wconf 84' lang='grc' dir='ltr'>τοῖς</span> <span class='ocrx_word' id='word_1_339' title='bbox 1308 978 1411 1010; x_wconf 84' lang='grc' dir='ltr'>πιστῶς</span> <span class='ocrx_word' id='word_1_340' title='bbox 1426 978 1579 1013; x_wconf 81' lang='grc' dir='ltr'>βεϐιωκόσι,</span> <span class='ocrx_word' id='word_1_341' title='bbox 1596 981 1785 1016; x_wconf 83' lang='grc' dir='ltr'>παροραθῆναι</span> <span class='ocrx_word' id='word_1_342' title='bbox 1795 982 1844 1014; x_wconf 78' lang='grc' dir='ltr'>τὰς</span> 
     </span>
    </p>
   </div>
   <div class='ocr_carea' id='block_1_49' title="bbox 1053 1022 1846 1062">
    <p class='ocr_par' dir='ltr' id='par_1_49' title="bbox 1053 1022 1846 1062">
     <span class='ocr_line' id='line_1_49' title="bbox 1053 1022 1846 1062; baseline 0.009 -14"><span class='ocrx_word' id='word_1_343' title='bbox 1053 1022 1082 1056; x_wconf 80' lang='grc' dir='ltr'>ἐξ</span> <span class='ocrx_word' id='word_1_344' title='bbox 1103 1022 1244 1055; x_wconf 82' lang='grc' dir='ltr'>ἀσθενείας</span> <span class='ocrx_word' id='word_1_345' title='bbox 1263 1023 1384 1060; x_wconf 77' lang='grc' dir='ltr'>κηλῖδας,</span> <span class='ocrx_word' id='word_1_346' title='bbox 1401 1026 1447 1052; x_wconf 74' lang='grc' dir='ltr'>καὶ</span> <span class='ocrx_word' id='word_1_347' title='bbox 1465 1025 1574 1060; x_wconf 86' lang='grc' dir='ltr'>δοθῆναι</span> <span class='ocrx_word' id='word_1_348' title='bbox 1599 1026 1649 1059; x_wconf 80' lang='grc' dir='ltr'><strong>τὰς</strong></span> <span class='ocrx_word' id='word_1_349' title='bbox 1676 1027 1753 1062; x_wconf 75' lang='grc' dir='ltr'>ἱερὰς</span> <span class='ocrx_word' id='word_1_350' title='bbox 1772 1028 1846 1055; x_wconf 85' lang='grc' dir='ltr'>ἀντι-</span> 
     </span>
    </p>
   </div>
   <div class='ocr_carea' id='block_1_50' title="bbox 1052 1069 1845 1110">
    <p class='ocr_par' dir='ltr' id='par_1_50' title="bbox 1052 1069 1845 1110">
     <span class='ocr_line' id='line_1_50' title="bbox 1052 1069 1845 1110; baseline 0.009 -16"><span class='ocrx_word' id='word_1_351' title='bbox 1052 1069 1155 1100; x_wconf 71' lang='grc' dir='ltr'>δόσειςο</span> <span class='ocrx_word' id='word_1_352' title='bbox 1173 1069 1230 1104; x_wconf 79' lang='grc' dir='ltr'><strong>ἃμα</strong></span> <span class='ocrx_word' id='word_1_353' title='bbox 1248 1069 1298 1105; x_wconf 81' lang='grc' dir='ltr'>μὲν</span> <span class='ocrx_word' id='word_1_354' title='bbox 1309 1069 1483 1106; x_wconf 85' lang='grc' dir='ltr'>θεομιμήτως</span> <span class='ocrx_word' id='word_1_355' title='bbox 1496 1071 1545 1104; x_wconf 82' lang='grc' dir='ltr'><strong>τὰς</strong></span> <span class='ocrx_word' id='word_1_356' title='bbox 1560 1072 1600 1104; x_wconf 83' lang='grc' dir='ltr'>εἰς</span> <span class='ocrx_word' id='word_1_357' title='bbox 1616 1073 1726 1108; x_wconf 80' lang='grc' dir='ltr'>ἐτέρους</span> <span class='ocrx_word' id='word_1_358' title='bbox 1741 1073 1845 1110; x_wconf 80' lang='grc' dir='ltr'>δωρεὰς</span> 
     </span>
    </p>
   </div>
   <div class='ocr_carea' id='block_1_51' title="bbox 1052 1114 1845 1155">
    <p class='ocr_par' dir='ltr' id='par_1_51' title="bbox 1052 1114 1845 1155">
     <span class='ocr_line' id='line_1_51' title="bbox 1052 1114 1845 1155; baseline 0.009 -15"><span class='ocrx_word' id='word_1_359' title='bbox 1052 1115 1099 1141; x_wconf 85' lang='grc' dir='ltr'><strong>τοῦ</strong></span> <span class='ocrx_word' id='word_1_360' title='bbox 1115 1114 1182 1141; x_wconf 84' lang='grc' dir='ltr'>Θεοῦ</span> <span class='ocrx_word' id='word_1_361' title='bbox 1194 1115 1231 1147; x_wconf 84' lang='grc' dir='ltr'>ὡς</span> <span class='ocrx_word' id='word_1_362' title='bbox 1245 1116 1285 1147; x_wconf 83' lang='grc' dir='ltr'><strong>είς</strong></span> <span class='ocrx_word' id='word_1_363' title='bbox 1296 1116 1392 1144; x_wconf 80' lang='grc' dir='ltr'>ἑαυτὸν</span> <span class='ocrx_word' id='word_1_364' title='bbox 1412 1118 1596 1153; x_wconf 84' lang='grc' dir='ltr'>γενησομένας</span> <span class='ocrx_word' id='word_1_365' title='bbox 1614 1119 1737 1152; x_wconf 75' lang='grc' dir='ltr'>ἐξαιτῶν,</span> <span class='ocrx_word' id='word_1_366' title='bbox 1756 1121 1845 1155; x_wconf 78' lang='grc' dir='ltr'>(τοῦτο</span> 
     </span>
    </p>
   </div>
   <div class='ocr_carea' id='block_1_52' title="bbox 1053 1161 1846 1200">
    <p class='ocr_par' dir='ltr' id='par_1_52' title="bbox 1053 1161 1846 1200">
     <span class='ocr_line' id='line_1_52' title="bbox 1053 1161 1846 1200; baseline 0.006 -13"><span class='ocrx_word' id='word_1_367' title='bbox 1053 1161 1107 1196; x_wconf 78' lang='grc' dir='ltr'>γάρ</span> <span class='ocrx_word' id='word_1_368' title='bbox 1123 1162 1182 1188; x_wconf 80' lang='grc' dir='ltr'>ἐστι</span> <span class='ocrx_word' id='word_1_369' title='bbox 1207 1161 1238 1188; x_wconf 84' lang='grc' dir='ltr'>τὸ</span> <span class='ocrx_word' id='word_1_370' title='bbox 1260 1161 1436 1199; x_wconf 83' lang='grc' dir='ltr'>θεομίμητον,</span> <span class='ocrx_word' id='word_1_371' title='bbox 1462 1164 1572 1200; x_wconf 78' lang='grc' dir='ltr'>ἀγαπᾷν</span> <span class='ocrx_word' id='word_1_372' title='bbox 1594 1165 1640 1191; x_wconf 82' lang='grc' dir='ltr'>τὸν</span> <span class='ocrx_word' id='word_1_373' title='bbox 1667 1165 1780 1200; x_wconf 84' lang='grc' dir='ltr'>πλησίον</span> <span class='ocrx_word' id='word_1_374' title='bbox 1807 1166 1846 1198; x_wconf 85' lang='grc' dir='ltr'><strong>ὡς</strong></span> 
     </span>
    </p>
   </div>
   <div class='ocr_carea' id='block_1_53' title="bbox 1053 1207 1847 1246">
    <p class='ocr_par' dir='ltr' id='par_1_53' title="bbox 1053 1207 1847 1246">
     <span class='ocr_line' id='line_1_53' title="bbox 1053 1207 1847 1246; baseline 0.009 -14"><span class='ocrx_word' id='word_1_375' title='bbox 1053 1207 1173 1242; x_wconf 61' lang='grc' dir='ltr'>ἑαυτόν)</span> <span class='ocrx_word' id='word_1_376' title='bbox 1196 1208 1254 1243; x_wconf 75' lang='grc' dir='ltr'>ἅμα</span> <span class='ocrx_word' id='word_1_377' title='bbox 1280 1208 1308 1236; x_wconf 81' lang='grc' dir='ltr'>δὲ</span> <span class='ocrx_word' id='word_1_378' title='bbox 1328 1209 1375 1237; x_wconf 85' lang='grc' dir='ltr'>καὶ</span> <span class='ocrx_word' id='word_1_379' title='bbox 1396 1210 1434 1242; x_wconf 86' lang='grc' dir='ltr'>ὡς</span> <span class='ocrx_word' id='word_1_380' title='bbox 1445 1211 1588 1246; x_wconf 72' lang='grc' dir='ltr'>ὑποφήτης</span> <span class='ocrx_word' id='word_1_381' title='bbox 1609 1210 1677 1237; x_wconf 84' lang='grc' dir='ltr'>Θεοῦ</span> <span class='ocrx_word' id='word_1_382' title='bbox 1705 1211 1783 1244; x_wconf 71' lang='grc' dir='ltr'>εἰδὼς</span> <span class='ocrx_word' id='word_1_383' title='bbox 1798 1213 1847 1240; x_wconf 79' lang='grc' dir='ltr'>καὶ</span> 
     </span>
    </p>
   </div>
   <div class='ocr_carea' id='block_1_54' title="bbox 1052 1253 1846 1293">
    <p class='ocr_par' dir='ltr' id='par_1_54' title="bbox 1052 1253 1846 1293">
     <span class='ocr_line' id='line_1_54' title="bbox 1052 1253 1846 1293; baseline 0.01 -15"><span class='ocrx_word' id='word_1_384' title='bbox 1052 1253 1108 1284; x_wconf 80' lang='grc' dir='ltr'>τοῖς</span> <span class='ocrx_word' id='word_1_385' title='bbox 1125 1253 1215 1285; x_wconf 78' lang='grc' dir='ltr'>ἅλλοις</span> <span class='ocrx_word' id='word_1_386' title='bbox 1227 1254 1375 1288; x_wconf 81' lang='grc' dir='ltr'>ὲκφαίνων,</span> <span class='ocrx_word' id='word_1_387' title='bbox 1394 1255 1433 1288; x_wconf 85' lang='grc' dir='ltr'><strong>ὡς</strong></span> <span class='ocrx_word' id='word_1_388' title='bbox 1447 1255 1562 1290; x_wconf 80' lang='grc' dir='ltr'>ἄγγελος</span> <span class='ocrx_word' id='word_1_389' title='bbox 1583 1257 1697 1292; x_wconf 84' lang='grc' dir='ltr'>Κυρίου,</span> <span class='ocrx_word' id='word_1_390' title='bbox 1712 1258 1846 1293; x_wconf 72' lang='grc' dir='ltr'>ἐκφαντο-</span> 
     </span>
    </p>
   </div>
   <div class='ocr_carea' id='block_1_55' title="bbox 1054 1298 1844 1341">
    <p class='ocr_par' dir='ltr' id='par_1_55' title="bbox 1054 1298 1844 1341">
     <span class='ocr_line' id='line_1_55' title="bbox 1054 1298 1844 1341; baseline 0.009 -17"><span class='ocrx_word' id='word_1_391' title='bbox 1054 1298 1148 1333; x_wconf 88' lang='grc' dir='ltr'>ρικῶς,</span> <span class='ocrx_word' id='word_1_392' title='bbox 1166 1299 1207 1326; x_wconf 86' lang='grc' dir='ltr'>ὄτι</span> <span class='ocrx_word' id='word_1_393' title='bbox 1220 1301 1366 1336; x_wconf 76' lang='grc' dir='ltr'>γενήσεται</span> <span class='ocrx_word' id='word_1_394' title='bbox 1397 1301 1436 1334; x_wconf 86' lang='grc' dir='ltr'>ὡς</span> <span class='ocrx_word' id='word_1_395' title='bbox 1453 1302 1543 1329; x_wconf 89' lang='grc' dir='ltr'>δικαία</span> <span class='ocrx_word' id='word_1_396' title='bbox 1562 1304 1579 1338; x_wconf 85' lang='grc' dir='ltr'>ἡ</span> <span class='ocrx_word' id='word_1_397' title='bbox 1602 1303 1727 1339; x_wconf 74' lang='grc' dir='ltr'>αἴτησις·</span> <span class='ocrx_word' id='word_1_398' title='bbox 1743 1305 1774 1331; x_wconf 83' lang='grc' dir='ltr'><strong>οὐ</strong></span> <span class='ocrx_word' id='word_1_399' title='bbox 1790 1304 1844 1341; x_wconf 87' lang='grc' dir='ltr'>γὰρ</span> 
     </span>
    </p>
   </div>
   <div class='ocr_carea' id='block_1_56' title="bbox 1053 1344 1846 1385">
    <p class='ocr_par' dir='ltr' id='par_1_56' title="bbox 1053 1344 1846 1385">
     <span class='ocr_line' id='line_1_56' title="bbox 1053 1344 1846 1385; baseline 0.009 -14"><span class='ocrx_word' id='word_1_400' title='bbox 1053 1344 1086 1371; x_wconf 83' lang='grc' dir='ltr'>ἂν</span> <span class='ocrx_word' id='word_1_401' title='bbox 1101 1345 1149 1380; x_wconf 88' lang='grc' dir='ltr'>τὴν</span> <span class='ocrx_word' id='word_1_402' title='bbox 1169 1345 1256 1381; x_wconf 82' lang='grc' dir='ltr'>ἀρχὴν</span> <span class='ocrx_word' id='word_1_403' title='bbox 1270 1347 1361 1383; x_wconf 76' lang='grc' dir='ltr'>ἐζήτει</span> <span class='ocrx_word' id='word_1_404' title='bbox 1375 1347 1409 1374; x_wconf 81' lang='grc' dir='ltr'>τὰ</span> <span class='ocrx_word' id='word_1_405' title='bbox 1425 1347 1461 1384; x_wconf 83' lang='grc' dir='ltr'>μὴ</span> <span class='ocrx_word' id='word_1_406' title='bbox 1477 1348 1536 1384; x_wconf 87' lang='grc' dir='ltr'>Θεῷ</span> <span class='ocrx_word' id='word_1_407' title='bbox 1551 1349 1781 1385; x_wconf 78' lang='grc' dir='ltr'>προσφιλέστατα.</span> <span class='ocrx_word' id='word_1_408' title='bbox 1799 1352 1846 1378; x_wconf 76' lang='grc' dir='ltr'><strong>Διὸ</strong></span> 
     </span>
    </p>
   </div>
   <div class='ocr_carea' id='block_1_57' title="bbox 1053 1389 1848 1432">
    <p class='ocr_par' dir='ltr' id='par_1_57' title="bbox 1053 1389 1848 1432">
     <span class='ocr_line' id='line_1_57' title="bbox 1053 1389 1848 1432; baseline 0.01 -17"><span class='ocrx_word' id='word_1_409' title='bbox 1053 1389 1099 1416; x_wconf 71' lang='grc' dir='ltr'><strong>ἐπὶ</strong></span> <span class='ocrx_word' id='word_1_410' title='bbox 1115 1390 1165 1426; x_wconf 82' lang='grc' dir='ltr'>μὲν</span> <span class='ocrx_word' id='word_1_411' title='bbox 1176 1392 1232 1423; x_wconf 83' lang='grc' dir='ltr'>τοῖς</span> <span class='ocrx_word' id='word_1_412' title='bbox 1250 1392 1335 1424; x_wconf 81' lang='grc' dir='ltr'>ὁσίοις</span> <span class='ocrx_word' id='word_1_413' title='bbox 1354 1391 1424 1420; x_wconf 80' lang='grc' dir='ltr'>οὕτω</span> <span class='ocrx_word' id='word_1_414' title='bbox 1446 1395 1526 1426; x_wconf 80' lang='grc' dir='ltr'>ποιεῖ,</span> <span class='ocrx_word' id='word_1_415' title='bbox 1543 1395 1590 1421; x_wconf 81' lang='grc' dir='ltr'><strong>ἐπὶ</strong></span> <span class='ocrx_word' id='word_1_416' title='bbox 1605 1395 1633 1421; x_wconf 83' lang='grc' dir='ltr'>δὲ</span> <span class='ocrx_word' id='word_1_417' title='bbox 1652 1397 1708 1428; x_wconf 88' lang='grc' dir='ltr'>τοῖς</span> <span class='ocrx_word' id='word_1_418' title='bbox 1727 1396 1848 1432; x_wconf 79' lang='grc' dir='ltr'>ἀνιέροις</span> 
     </span>
    </p>
   </div>
   <div class='ocr_carea' id='block_1_58' title="bbox 1053 1435 1848 1476">
    <p class='ocr_par' dir='ltr' id='par_1_58' title="bbox 1053 1435 1848 1476">
     <span class='ocr_line' id='line_1_58' title="bbox 1053 1435 1848 1476; baseline 0.01 -15"><span class='ocrx_word' id='word_1_419' title='bbox 1053 1435 1187 1469; x_wconf 82' lang='grc' dir='ltr'>ἀπίστοις,</span> <span class='ocrx_word' id='word_1_420' title='bbox 1203 1437 1295 1470; x_wconf 84' lang='grc' dir='ltr'>καθὼς</span> <span class='ocrx_word' id='word_1_421' title='bbox 1309 1438 1356 1465; x_wconf 81' lang='grc' dir='ltr'>καὶ</span> <span class='ocrx_word' id='word_1_422' title='bbox 1372 1439 1550 1474; x_wconf 81' lang='grc' dir='ltr'>παρακατιὼν</span> <span class='ocrx_word' id='word_1_423' title='bbox 1563 1440 1687 1476; x_wconf 86' lang='grc' dir='ltr'>δηλώσει,</span> <span class='ocrx_word' id='word_1_424' title='bbox 1699 1441 1744 1468; x_wconf 75' lang='grc' dir='ltr'>ὅτε</span> <span class='ocrx_word' id='word_1_425' title='bbox 1759 1442 1848 1476; x_wconf 77' lang='grc' dir='ltr'>λέγει,</span> 
     </span>
    </p>
   </div>
   <div class='ocr_carea' id='block_1_59' title="bbox 1052 1481 1846 1523">
    <p class='ocr_par' dir='ltr' id='par_1_59' title="bbox 1052 1481 1846 1523">
     <span class='ocr_line' id='line_1_59' title="bbox 1052 1481 1846 1523; baseline 0.011 -15"><span class='ocrx_word' id='word_1_426' title='bbox 1052 1481 1122 1515; x_wconf 79' lang='grc' dir='ltr'>δόξει</span> <span class='ocrx_word' id='word_1_427' title='bbox 1134 1483 1190 1515; x_wconf 83' lang='grc' dir='ltr'>τοῖς</span> <span class='ocrx_word' id='word_1_428' title='bbox 1207 1484 1324 1519; x_wconf 81' lang='grc' dir='ltr'>ἀνιέροις</span> <span class='ocrx_word' id='word_1_429' title='bbox 1337 1485 1447 1520; x_wconf 78' lang='grc' dir='ltr'>εὐλόγου</span> <span class='ocrx_word' id='word_1_430' title='bbox 1462 1486 1579 1520; x_wconf 80' lang='grc' dir='ltr'>γέλωτος</span> <span class='ocrx_word' id='word_1_431' title='bbox 1601 1487 1686 1520; x_wconf 60' lang='grc' dir='ltr'>ἄξιον</span> <span class='ocrx_word' id='word_1_432' title='bbox 1706 1490 1762 1521; x_wconf 81' lang='grc' dir='ltr'>τοῖς</span> <span class='ocrx_word' id='word_1_433' title='bbox 1779 1490 1846 1523; x_wconf 83' lang='grc' dir='ltr'>γοῦν</span> 
     </span>
    </p>
   </div>
   <div class='ocr_carea' id='block_1_60' title="bbox 1053 1525 1846 1569">
    <p class='ocr_par' dir='ltr' id='par_1_60' title="bbox 1053 1525 1846 1569">
     <span class='ocr_line' id='line_1_60' title="bbox 1053 1525 1846 1569; baseline 0.008 -16"><span class='ocrx_word' id='word_1_434' title='bbox 1053 1525 1172 1563; x_wconf 77' lang='grc' dir='ltr'>ἀνιέροις</span> <span class='ocrx_word' id='word_1_435' title='bbox 1192 1528 1242 1555; x_wconf 86' lang='grc' dir='ltr'><strong>οὐκ</strong></span> <span class='ocrx_word' id='word_1_436' title='bbox 1269 1529 1414 1564; x_wconf 74' lang='grc' dir='ltr'>ἐπεύχεται</span> <span class='ocrx_word' id='word_1_437' title='bbox 1426 1529 1523 1562; x_wconf 74' lang='grc' dir='ltr'>ταῦτα,</span> <span class='ocrx_word' id='word_1_438' title='bbox 1539 1531 1569 1557; x_wconf 85' lang='grc' dir='ltr'><strong>οὐ</strong></span> <span class='ocrx_word' id='word_1_439' title='bbox 1593 1531 1672 1567; x_wconf 81' lang='grc' dir='ltr'>μόνον</span> <span class='ocrx_word' id='word_1_440' title='bbox 1692 1532 1744 1564; x_wconf 81' lang='grc' dir='ltr'>ὅτι,</span> <span class='ocrx_word' id='word_1_441' title='bbox 1764 1532 1846 1569; x_wconf 76' lang='grc' dir='ltr'>εἴπερ</span> 
     </span>
    </p>
   </div>
   <div class='ocr_carea' id='block_1_61' title="bbox 215 1566 1000 1613">
    <p class='ocr_par' dir='ltr' id='par_1_61' title="bbox 215 1574 1000 1613">
     <span class='ocr_line' id='line_1_61' title="bbox 215 1574 1000 1613; baseline 0.006 -13"><span class='ocrx_word' id='word_1_442' title='bbox 215 1574 328 1602; x_wconf 87' lang='lat' dir='ltr'><strong>minime</strong></span> <span class='ocrx_word' id='word_1_443' title='bbox 341 1580 514 1610; x_wconf 84' lang='lat' dir='ltr'><strong>apprecatur,</strong></span> <span class='ocrx_word' id='word_1_444' title='bbox 532 1584 584 1604; x_wconf 93' lang='lat' dir='ltr'><strong>non</strong></span> <span class='ocrx_word' id='word_1_445' title='bbox 601 1577 687 1604; x_wconf 89' lang='lat' dir='ltr'><strong>solum</strong></span> <span class='ocrx_word' id='word_1_446' title='bbox 708 1577 783 1612; x_wconf 82' lang='lat' dir='ltr'><strong>quia,</strong></span> <span class='ocrx_word' id='word_1_447' title='bbox 799 1577 822 1605; x_wconf 90' lang='lat' dir='ltr'><strong>si</strong></span> <span class='ocrx_word' id='word_1_448' title='bbox 847 1578 900 1605; x_wconf 89' lang='lat' dir='ltr'><strong>ista</strong></span> <span class='ocrx_word' id='word_1_449' title='bbox 924 1582 1000 1613; x_wconf 84' lang='lat' dir='ltr'><strong>pete-</strong></span> 
     </span>
    </p>
   </div>
   <div class='ocr_carea' id='block_1_62' title="bbox 1052 1566 1848 1613">
    <p class='ocr_par' dir='ltr' id='par_1_62' title="bbox 1052 1566 1848 1613">
     <span class='ocr_line' id='line_1_62' title="bbox 1052 1566 1848 1613; baseline 0.009 -15"><span class='ocrx_word' id='word_1_450' title='bbox 1052 1572 1147 1609; x_wconf 77' lang='grc' dir='ltr'>ξητοίη</span> <span class='ocrx_word' id='word_1_451' title='bbox 1161 1573 1258 1606; x_wconf 80' lang='grc' dir='ltr'>ταῦτα,</span> <span class='ocrx_word' id='word_1_452' title='bbox 1273 1575 1322 1601; x_wconf 85' lang='grc' dir='ltr'><strong>οὐκ</strong></span> <span class='ocrx_word' id='word_1_453' title='bbox 1334 1575 1534 1612; x_wconf 80' lang='grc' dir='ltr'>ἐσταιχρηστὺς</span> <span class='ocrx_word' id='word_1_454' title='bbox 1547 1577 1688 1613; x_wconf 83' lang='grc' dir='ltr'>ὑποφήτης</span> <span class='ocrx_word' id='word_1_455' title='bbox 1701 1577 1748 1604; x_wconf 88' lang='grc' dir='ltr'><strong>τοῦ</strong></span> <span class='ocrx_word' id='word_1_456' title='bbox 1762 1566 1848 1606; x_wconf 81' lang='grc' dir='ltr'>Πνεύ-</span> 
     </span>
    </p>
   </div>
   <div class='ocr_carea' id='block_1_63' title="bbox 215 1622 1001 1660">
    <p class='ocr_par' dir='ltr' id='par_1_63' title="bbox 215 1622 1001 1660">
     <span class='ocr_line' id='line_1_63' title="bbox 215 1622 1001 1660; baseline 0.005 -12"><span class='ocrx_word' id='word_1_457' title='bbox 215 1626 268 1653; x_wconf 87' lang='lat' dir='ltr'><strong>ret,</strong></span> <span class='ocrx_word' id='word_1_458' title='bbox 283 1622 394 1650; x_wconf 89' lang='lat' dir='ltr'><strong>minime</strong></span> <span class='ocrx_word' id='word_1_459' title='bbox 422 1623 509 1651; x_wconf 87' lang='lat' dir='ltr'><strong>bonus</strong></span> <span class='ocrx_word' id='word_1_460' title='bbox 525 1624 660 1659; x_wconf 85' lang='lat' dir='ltr'><strong>interpres</strong></span> <span class='ocrx_word' id='word_1_461' title='bbox 682 1629 755 1652; x_wconf 81' lang='lat' dir='ltr'><strong>esset</strong></span> <span class='ocrx_word' id='word_1_462' title='bbox 770 1623 900 1660; x_wconf 85' lang='lat' dir='ltr'><strong>Spiritus,</strong></span> <span class='ocrx_word' id='word_1_463' title='bbox 913 1625 1001 1660; x_wconf 89' lang='lat' dir='ltr'><strong>utqui</strong></span> 
     </span>
    </p>
   </div>
   <div class='ocr_carea' id='block_1_64' title="bbox 215 1667 1004 1706">
    <p class='ocr_par' dir='ltr' id='par_1_64' title="bbox 215 1667 1004 1706">
     <span class='ocr_line' id='line_1_64' title="bbox 215 1667 1004 1706; baseline 0.005 -12"><span class='ocrx_word' id='word_1_464' title='bbox 215 1667 259 1694; x_wconf 89' lang='lat' dir='ltr'><strong>illa</strong></span> <span class='ocrx_word' id='word_1_465' title='bbox 274 1672 388 1702; x_wconf 87' lang='lat' dir='ltr'><strong>peteret,</strong></span> <span class='ocrx_word' id='word_1_466' title='bbox 402 1669 435 1695; x_wconf 87' lang='lat' dir='ltr'><strong>ad</strong></span> <span class='ocrx_word' id='word_1_467' title='bbox 451 1677 511 1704; x_wconf 82' lang='lat' dir='ltr'><strong>qua:</strong></span> <span class='ocrx_word' id='word_1_468' title='bbox 523 1669 558 1697; x_wconf 86' lang='lat' dir='ltr'><strong>ab</strong></span> <span class='ocrx_word' id='word_1_469' title='bbox 573 1675 686 1698; x_wconf 89' lang='lat' dir='ltr'><strong>auctore</strong></span> <span class='ocrx_word' id='word_1_470' title='bbox 707 1670 896 1706; x_wconf 79' lang='lat' dir='ltr'><strong>mysteriorum</strong></span> <span class='ocrx_word' id='word_1_471' title='bbox 910 1671 1004 1698; x_wconf 80' lang='lat' dir='ltr'><strong>divino</strong></span> 
     </span>
    </p>
   </div>
   <div class='ocr_carea' id='block_1_65' title="bbox 215 1713 1002 1749">
    <p class='ocr_par' dir='ltr' id='par_1_65' title="bbox 215 1713 1002 1749">
     <span class='ocr_line' id='line_1_65' title="bbox 215 1713 1002 1749; baseline 0.004 -8"><span class='ocrx_word' id='word_1_472' title='bbox 215 1713 321 1742; x_wconf 78' lang='lat' dir='ltr'><strong>scilicet</strong></span> <span class='ocrx_word' id='word_1_473' title='bbox 346 1713 452 1748; x_wconf 84' lang='lat' dir='ltr'><strong>Spiritu</strong></span> <span class='ocrx_word' id='word_1_474' title='bbox 474 1715 586 1742; x_wconf 89' lang='lat' dir='ltr'><strong>minime</strong></span> <span class='ocrx_word' id='word_1_475' title='bbox 602 1721 774 1749; x_wconf 82' lang='lat' dir='ltr'><strong>moveretur;</strong></span> <span class='ocrx_word' id='word_1_476' title='bbox 799 1724 893 1744; x_wconf 81' lang='lat' dir='ltr'><strong>verum</strong></span> <span class='ocrx_word' id='word_1_477' title='bbox 917 1717 1002 1744; x_wconf 88' lang='lat' dir='ltr'><strong>etiam</strong></span> 
     </span>
    </p>
   </div>
   <div class='ocr_carea' id='block_1_66' title="bbox 214 1760 1004 1798">
    <p class='ocr_par' dir='ltr' id='par_1_66' title="bbox 214 1760 1004 1798">
     <span class='ocr_line' id='line_1_66' title="bbox 214 1760 1004 1798; baseline 0.006 -12"><span class='ocrx_word' id='word_1_478' title='bbox 214 1760 287 1794; x_wconf 76' lang='lat' dir='ltr'><strong>quod</strong></span> <span class='ocrx_word' id='word_1_479' title='bbox 311 1761 443 1795; x_wconf 87' lang='lat' dir='ltr'><strong>petitione</strong></span> <span class='ocrx_word' id='word_1_480' title='bbox 459 1769 505 1789; x_wconf 87' lang='lat' dir='ltr'><strong>sua</strong></span> <span class='ocrx_word' id='word_1_481' title='bbox 521 1766 650 1796; x_wconf 86' lang='lat' dir='ltr'><strong>tanquam</strong></span> <span class='ocrx_word' id='word_1_482' title='bbox 667 1763 779 1798; x_wconf 75' lang='lat' dir='ltr'><strong>indigna</strong></span> <span class='ocrx_word' id='word_1_483' title='bbox 801 1763 979 1791; x_wconf 82' lang='lat' dir='ltr'><strong>frustraretur</strong></span> <span class='ocrx_word' id='word_1_484' title='bbox 990 1773 1004 1791; x_wconf 70' lang='grc' dir='ltr'><strong>ι</strong></span> 
     </span>
    </p>
   </div>
   <div class='ocr_carea' id='block_1_67' title="bbox 215 1806 1001 1844">
    <p class='ocr_par' dir='ltr' id='par_1_67' title="bbox 215 1806 1001 1844">
     <span class='ocr_line' id='line_1_67' title="bbox 215 1806 1001 1844; baseline 0.005 -11"><span class='ocrx_word' id='word_1_485' title='bbox 215 1806 268 1833; x_wconf 81' lang='lat' dir='ltr'><strong>hoc</strong></span> <span class='ocrx_word' id='word_1_486' title='bbox 281 1806 353 1834; x_wconf 89' lang='lat' dir='ltr'><strong>enim</strong></span> <span class='ocrx_word' id='word_1_487' title='bbox 369 1806 471 1833; x_wconf 88' lang='lat' dir='ltr'><strong>indicat</strong></span> <span class='ocrx_word' id='word_1_488' title='bbox 495 1814 548 1834; x_wconf 81' lang='lat' dir='ltr'><strong>vox</strong></span> <span class='ocrx_word' id='word_1_489' title='bbox 571 1807 697 1842; x_wconf 76' lang='grc' dir='ltr'>ἐναγοῦς,</span> <span class='ocrx_word' id='word_1_490' title='bbox 716 1808 776 1836; x_wconf 90' lang='lat' dir='ltr'><strong>sive</strong></span> <span class='ocrx_word' id='word_1_491' title='bbox 798 1809 891 1844; x_wconf 83' lang='lat' dir='ltr'><strong>impia,</strong></span> <span class='ocrx_word' id='word_1_492' title='bbox 909 1810 934 1837; x_wconf 89' lang='lat' dir='ltr'><strong>id</strong></span> <span class='ocrx_word' id='word_1_493' title='bbox 948 1814 1001 1843; x_wconf 81' lang='lat' dir='ltr'><strong>est,</strong></span> 
     </span>
    </p>
   </div>
   <div class='ocr_carea' id='block_1_68' title="bbox 215 1850 1001 1891">
    <p class='ocr_par' dir='ltr' id='par_1_68' title="bbox 215 1850 1001 1891">
     <span class='ocr_line' id='line_1_68' title="bbox 215 1850 1001 1891; baseline 0.009 -14"><span class='ocrx_word' id='word_1_494' title='bbox 215 1850 336 1886; x_wconf 74' lang='lat' dir='ltr'><strong>indigna.</strong></span> <span class='ocrx_word' id='word_1_495' title='bbox 358 1853 458 1880; x_wconf 82' lang='lat' dir='ltr'><strong>Audiet</strong></span> <span class='ocrx_word' id='word_1_496' title='bbox 477 1852 550 1880; x_wconf 87' lang='lat' dir='ltr'><strong>enim</strong></span> <span class='ocrx_word' id='word_1_497' title='bbox 565 1854 647 1881; x_wconf 86' lang='lat' dir='ltr'><strong>etiam</strong></span> <span class='ocrx_word' id='word_1_498' title='bbox 668 1855 728 1890; x_wconf 88' lang='lat' dir='ltr'><strong>ipse</strong></span> <span class='ocrx_word' id='word_1_499' title='bbox 744 1854 846 1889; x_wconf 87' lang='lat' dir='ltr'><strong>ajusto</strong></span> <span class='ocrx_word' id='word_1_500' title='bbox 870 1856 978 1891; x_wconf 83' lang='lat' dir='ltr'><strong>eloquio</strong></span> <span class='ocrx_word' id='word_1_501' title='bbox 991 1864 1001 1884; x_wconf 86' lang='lat'><strong>:</strong></span> 
     </span>
    </p>
   </div>
   <div class='ocr_carea' id='block_1_69' title="bbox 215 1896 1002 1933">
    <p class='ocr_par' dir='ltr' id='par_1_69' title="bbox 215 1896 1002 1933">
     <span class='ocr_line' id='line_1_69' title="bbox 215 1896 1002 1933; baseline 0.008 -9"><span class='ocrx_word' id='word_1_502' title='bbox 215 1896 309 1925; x_wconf 70' lang='lat' dir='ltr'><strong>Petitis</strong></span> <span class='ocrx_word' id='word_1_503' title='bbox 322 1903 346 1925; x_wconf 79' lang='lat' dir='ltr'><strong>et</strong></span> <span class='ocrx_word' id='word_1_504' title='bbox 357 1907 408 1925; x_wconf 80' lang='lat' dir='ltr'><strong>non</strong></span> <span class='ocrx_word' id='word_1_505' title='bbox 422 1900 576 1933; x_wconf 71' lang='lat' dir='ltr'><strong>accipitis“,</strong></span> <span class='ocrx_word' id='word_1_506' title='bbox 584 1904 629 1928; x_wconf 87' lang='lat' dir='ltr'><strong>est</strong></span> <span class='ocrx_word' id='word_1_507' title='bbox 642 1905 733 1928; x_wconf 89' lang='lat' dir='ltr'><strong>autem</strong></span> <span class='ocrx_word' id='word_1_508' title='bbox 750 1901 806 1929; x_wconf 72' lang='lat' dir='ltr'><strong>banc</strong></span> <span class='ocrx_word' id='word_1_509' title='bbox 820 1903 953 1930; x_wconf 88' lang='lat' dir='ltr'><strong>sententia</strong></span> <span class='ocrx_word' id='word_1_510' title='bbox 967 1910 1002 1931; x_wconf 79' lang='lat' dir='ltr'><strong>ex</strong></span> 
     </span>
    </p>
   </div>
   <div class='ocr_carea' id='block_1_70' title="bbox 215 1943 1002 1983">
    <p class='ocr_par' dir='ltr' id='par_1_70' title="bbox 215 1943 1002 1983">
     <span class='ocr_line' id='line_1_70' title="bbox 215 1943 1002 1983; baseline 0.009 -13"><span class='ocrx_word' id='word_1_511' title='bbox 215 1943 335 1978; x_wconf 82' lang='lat' dir='ltr'><strong>Epistula</strong></span> <span class='ocrx_word' id='word_1_512' title='bbox 355 1944 544 1978; x_wconf 83' lang='lat' dir='ltr'><strong>Jacobi.Quod</strong></span> <span class='ocrx_word' id='word_1_513' title='bbox 557 1946 650 1980; x_wconf 88' lang='lat' dir='ltr'><strong>utique</strong></span> <span class='ocrx_word' id='word_1_514' title='bbox 662 1947 737 1981; x_wconf 88' lang='lat' dir='ltr'><strong>dicit,</strong></span> <span class='ocrx_word' id='word_1_515' title='bbox 753 1948 795 1975; x_wconf 88' lang='lat' dir='ltr'><strong>vel</strong></span> <span class='ocrx_word' id='word_1_516' title='bbox 805 1948 868 1983; x_wconf 86' lang='lat' dir='ltr'><strong>quia</strong></span> <span class='ocrx_word' id='word_1_517' title='bbox 881 1948 954 1982; x_wconf 87' lang='lat' dir='ltr'><strong>juste</strong></span> <span class='ocrx_word' id='word_1_518' title='bbox 964 1950 1002 1977; x_wconf 84' lang='lat' dir='ltr'><strong>di-</strong></span> 
     </span>
    </p>
   </div>
   <div class='ocr_carea' id='block_1_71' title="bbox 215 1991 1002 2029">
    <p class='ocr_par' dir='ltr' id='par_1_71' title="bbox 215 1991 1002 2029">
     <span class='ocr_line' id='line_1_71' title="bbox 215 1991 1002 2029; baseline 0.006 -11"><span class='ocrx_word' id='word_1_519' title='bbox 215 1997 300 2023; x_wconf 85' lang='lat' dir='ltr'><strong>ctum,</strong></span> <span class='ocrx_word' id='word_1_520' title='bbox 309 1991 351 2019; x_wconf 90' lang='lat' dir='ltr'><strong>vel</strong></span> <span class='ocrx_word' id='word_1_521' title='bbox 360 1992 422 2026; x_wconf 88' lang='lat' dir='ltr'><strong>quia</strong></span> <span class='ocrx_word' id='word_1_522' title='bbox 430 1992 524 2026; x_wconf 86' lang='lat' dir='ltr'><strong>ajnsto</strong></span> <span class='ocrx_word' id='word_1_523' title='bbox 531 1992 877 2027; x_wconf 76' lang='lat' dir='ltr'><strong>prolatumJaoobusenim</strong></span> <span class='ocrx_word' id='word_1_524' title='bbox 886 1994 1002 2029; x_wconf 77' lang='lat' dir='ltr'><strong>Joblias.</strong></span> 
     </span>
    </p>
   </div>
   <div class='ocr_carea' id='block_1_72' title="bbox 215 2037 1002 2076">
    <p class='ocr_par' dir='ltr' id='par_1_72' title="bbox 215 2037 1002 2076">
     <span class='ocr_line' id='line_1_72' title="bbox 215 2037 1002 2076; baseline 0.004 -10"><span class='ocrx_word' id='word_1_525' title='bbox 215 2039 291 2070; x_wconf 71' lang='lat' dir='ltr'><strong>quasi</strong></span> <span class='ocrx_word' id='word_1_526' title='bbox 302 2037 402 2072; x_wconf 77' lang='lat' dir='ltr'><strong>justus,</strong></span> <span class='ocrx_word' id='word_1_527' title='bbox 416 2039 619 2073; x_wconf 73' lang='lat' dir='ltr'><strong>cognominatus</strong></span> <span class='ocrx_word' id='word_1_528' title='bbox 629 2045 683 2068; x_wconf 84' lang='lat' dir='ltr'><strong>est.</strong></span> <span class='ocrx_word' id='word_1_529' title='bbox 695 2039 816 2068; x_wconf 86' lang='lat' dir='ltr'><strong>Postulat</strong></span> <span class='ocrx_word' id='word_1_530' title='bbox 831 2041 923 2076; x_wconf 86' lang='lat' dir='ltr'><strong>itaque</strong></span> <span class='ocrx_word' id='word_1_531' title='bbox 938 2050 1002 2070; x_wconf 84' lang='lat' dir='ltr'><strong>san-</strong></span> 
     </span>
    </p>
   </div>
   <div class='ocr_carea' id='block_1_73' title="bbox 212 2085 1000 2121">
    <p class='ocr_par' dir='ltr' id='par_1_73' title="bbox 212 2085 1000 2121">
     <span class='ocr_line' id='line_1_73' title="bbox 212 2085 1000 2121; baseline 0.005 -9"><span class='ocrx_word' id='word_1_532' title='bbox 212 2089 275 2113; x_wconf 88' lang='lat' dir='ltr'><strong>ctus</strong></span> <span class='ocrx_word' id='word_1_533' title='bbox 284 2086 400 2112; x_wconf 82' lang='lat' dir='ltr'><strong>antistes</strong></span> <span class='ocrx_word' id='word_1_534' title='bbox 410 2085 454 2112; x_wconf 82' lang='lat' dir='ltr'><strong>illa</strong></span> <span class='ocrx_word' id='word_1_535' title='bbox 465 2093 525 2120; x_wconf 71' lang='lat' dir='ltr'><strong>qua:</strong></span> <span class='ocrx_word' id='word_1_536' title='bbox 536 2086 647 2113; x_wconf 90' lang='lat' dir='ltr'><strong>omnino</strong></span> <span class='ocrx_word' id='word_1_537' title='bbox 661 2087 748 2114; x_wconf 90' lang='lat' dir='ltr'><strong>danda</strong></span> <span class='ocrx_word' id='word_1_538' title='bbox 768 2093 841 2121; x_wconf 82' lang='lat' dir='ltr'><strong>sunt,</strong></span> <span class='ocrx_word' id='word_1_539' title='bbox 854 2088 1000 2116; x_wconf 88' lang='lat' dir='ltr'><strong>ostendens</strong></span> 
     </span>
    </p>
   </div>
   <div class='ocr_carea' id='block_1_74' title="bbox 215 2131 998 2166">
    <p class='ocr_par' dir='ltr' id='par_1_74' title="bbox 215 2131 998 2166">
     <span class='ocr_line' id='line_1_74' title="bbox 215 2131 998 2166; baseline 0.003 -8"><span class='ocrx_word' id='word_1_540' title='bbox 215 2131 270 2163; x_wconf 88' lang='lat' dir='ltr'><strong>hic,</strong></span> <span class='ocrx_word' id='word_1_541' title='bbox 281 2131 336 2158; x_wconf 87' lang='lat' dir='ltr'><strong>Deo</strong></span> <span class='ocrx_word' id='word_1_542' title='bbox 345 2131 467 2165; x_wconf 83' lang='lat' dir='ltr'><strong>quidem,</strong></span> <span class='ocrx_word' id='word_1_543' title='bbox 477 2131 597 2158; x_wconf 84' lang='lat' dir='ltr'><strong>habitum</strong></span> <span class='ocrx_word' id='word_1_544' title='bbox 609 2139 687 2159; x_wconf 86' lang='lat' dir='ltr'><strong>suum</strong></span> <span class='ocrx_word' id='word_1_545' title='bbox 701 2139 755 2166; x_wconf 89' lang='lat' dir='ltr'><strong>quo</strong></span> <span class='ocrx_word' id='word_1_546' title='bbox 768 2132 850 2160; x_wconf 91' lang='lat' dir='ltr'><strong>Deum</strong></span> <span class='ocrx_word' id='word_1_547' title='bbox 862 2133 998 2166; x_wconf 84' lang='lat' dir='ltr'><strong>imitatur;</strong></span> 
     </span>
    </p>
   </div>
   <div class='ocr_carea' id='block_1_75' title="bbox 214 2177 1000 2212">
    <p class='ocr_par' dir='ltr' id='par_1_75' title="bbox 214 2177 1000 2212">
     <span class='ocr_line' id='line_1_75' title="bbox 214 2177 1000 2212; baseline 0.004 -9"><span class='ocrx_word' id='word_1_548' title='bbox 214 2177 393 2210; x_wconf 79' lang='lat' dir='ltr'><strong>praesentibus</strong></span> <span class='ocrx_word' id='word_1_549' title='bbox 408 2184 483 2209; x_wconf 88' lang='lat' dir='ltr'><strong>vero,</strong></span> <span class='ocrx_word' id='word_1_550' title='bbox 499 2177 609 2211; x_wconf 77' lang='lat' dir='ltr'><strong>praemia</strong></span> <span class='ocrx_word' id='word_1_551' title='bbox 623 2185 683 2212; x_wconf 82' lang='lat' dir='ltr'><strong>quae</strong></span> <span class='ocrx_word' id='word_1_552' title='bbox 695 2182 805 2205; x_wconf 84' lang='lat' dir='ltr'><strong>sanctos</strong></span> <span class='ocrx_word' id='word_1_553' title='bbox 819 2185 938 2206; x_wconf 88' lang='lat' dir='ltr'><strong>manent.</strong></span> <span class='ocrx_word' id='word_1_554' title='bbox 954 2178 1000 2207; x_wconf 91' lang='lat' dir='ltr'><strong>Sic</strong></span> 
     </span>
    </p>
   </div>
   <div class='ocr_carea' id='block_1_76' title="bbox 1054 1619 1847 1661">
    <p class='ocr_par' dir='ltr' id='par_1_76' title="bbox 1054 1619 1847 1661">
     <span class='ocr_line' id='line_1_76' title="bbox 1054 1619 1847 1661; baseline 0.01 -17"><span class='ocrx_word' id='word_1_555' title='bbox 1054 1625 1149 1653; x_wconf 83' lang='grc' dir='ltr'>ματος,</span> <span class='ocrx_word' id='word_1_556' title='bbox 1162 1619 1200 1651; x_wconf 87' lang='grc' dir='ltr'><strong>ὡς</strong></span> <span class='ocrx_word' id='word_1_557' title='bbox 1216 1620 1308 1647; x_wconf 74' lang='grc' dir='ltr'>ἐκεῖνα</span> <span class='ocrx_word' id='word_1_558' title='bbox 1319 1621 1420 1656; x_wconf 77' lang='grc' dir='ltr'>ζητῶν,</span> <span class='ocrx_word' id='word_1_559' title='bbox 1433 1623 1474 1654; x_wconf 80' lang='grc' dir='ltr'><strong>είς</strong></span> <span class='ocrx_word' id='word_1_560' title='bbox 1488 1621 1560 1658; x_wconf 82' lang='grc' dir='ltr'>ἂπερ</span> <span class='ocrx_word' id='word_1_561' title='bbox 1576 1623 1626 1650; x_wconf 88' lang='grc' dir='ltr'><strong>οὐκ</strong></span> <span class='ocrx_word' id='word_1_562' title='bbox 1640 1624 1752 1660; x_wconf 76' lang='grc' dir='ltr'>ἐκινήθη</span> <span class='ocrx_word' id='word_1_563' title='bbox 1767 1625 1847 1661; x_wconf 73' lang='grc' dir='ltr'>παρὰ</span> 
     </span>
    </p>
   </div>
   <div class='ocr_carea' id='block_1_77' title="bbox 1051 1665 1846 1704">
    <p class='ocr_par' dir='ltr' id='par_1_77' title="bbox 1051 1665 1846 1704">
     <span class='ocr_line' id='line_1_77' title="bbox 1051 1665 1846 1704; baseline 0.008 -13"><span class='ocrx_word' id='word_1_564' title='bbox 1051 1665 1100 1692; x_wconf 85' lang='grc' dir='ltr'><strong>τοῦ</strong></span> <span class='ocrx_word' id='word_1_565' title='bbox 1114 1665 1287 1702; x_wconf 82' lang='grc' dir='ltr'>τελετάρχου,</span> <span class='ocrx_word' id='word_1_566' title='bbox 1312 1666 1360 1694; x_wconf 86' lang='grc' dir='ltr'><strong>τοῦ</strong></span> <span class='ocrx_word' id='word_1_567' title='bbox 1383 1667 1454 1694; x_wconf 84' lang='grc' dir='ltr'>θείου</span> <span class='ocrx_word' id='word_1_568' title='bbox 1472 1667 1572 1704; x_wconf 87' lang='grc' dir='ltr'>δηλαδὴ</span> <span class='ocrx_word' id='word_1_569' title='bbox 1589 1669 1748 1704; x_wconf 88' lang='grc' dir='ltr'>Πνεύματος</span> <span class='ocrx_word' id='word_1_570' title='bbox 1761 1677 1769 1684; x_wconf 91' lang='grc'><strong>·</strong></span> <span class='ocrx_word' id='word_1_571' title='bbox 1787 1670 1846 1697; x_wconf 80' lang='grc' dir='ltr'>ἀλλ’</span> 
     </span>
    </p>
   </div>
   <div class='ocr_carea' id='block_1_78' title="bbox 1051 1711 1845 1751">
    <p class='ocr_par' dir='ltr' id='par_1_78' title="bbox 1051 1711 1845 1751">
     <span class='ocr_line' id='line_1_78' title="bbox 1051 1711 1845 1751; baseline 0.005 -13"><span class='ocrx_word' id='word_1_572' title='bbox 1051 1711 1092 1738; x_wconf 75' lang='grc' dir='ltr'>ὅτι</span> <span class='ocrx_word' id='word_1_573' title='bbox 1101 1712 1146 1739; x_wconf 78' lang='grc' dir='ltr'>καὶ</span> <span class='ocrx_word' id='word_1_574' title='bbox 1155 1712 1205 1748; x_wconf 90' lang='grc' dir='ltr'><strong>τῆς</strong></span> <span class='ocrx_word' id='word_1_575' title='bbox 1216 1712 1299 1748; x_wconf 80' lang='grc' dir='ltr'>εὐχῆς</span> <span class='ocrx_word' id='word_1_576' title='bbox 1311 1713 1489 1747; x_wconf 77' lang='grc' dir='ltr'>ἀποτεύξεται</span> <span class='ocrx_word' id='word_1_577' title='bbox 1498 1713 1535 1746; x_wconf 83' lang='grc' dir='ltr'>ὡς</span> <span class='ocrx_word' id='word_1_578' title='bbox 1543 1714 1660 1748; x_wconf 81' lang='grc' dir='ltr'>ἀναξίως</span> <span class='ocrx_word' id='word_1_579' title='bbox 1670 1716 1823 1751; x_wconf 84' lang='grc' dir='ltr'>γενομένης</span> <span class='ocrx_word' id='word_1_580' title='bbox 1839 1725 1845 1730; x_wconf 92' lang='grc'><strong>·</strong></span> 
     </span>
    </p>
   </div>
   <div class='ocr_carea' id='block_1_79' title="bbox 1051 1758 1850 1795">
    <p class='ocr_par' dir='ltr' id='par_1_79' title="bbox 1051 1758 1850 1795">
     <span class='ocr_line' id='line_1_79' title="bbox 1051 1758 1850 1795; baseline 0.005 -11"><span class='ocrx_word' id='word_1_581' title='bbox 1051 1758 1130 1785; x_wconf 82' lang='grc' dir='ltr'>τοῦτο</span> <span class='ocrx_word' id='word_1_582' title='bbox 1150 1758 1204 1794; x_wconf 85' lang='grc' dir='ltr'><strong>γὰρ</strong></span> <span class='ocrx_word' id='word_1_583' title='bbox 1223 1758 1299 1795; x_wconf 90' lang='grc' dir='ltr'>δηλοῖ</span> <span class='ocrx_word' id='word_1_584' title='bbox 1311 1758 1342 1785; x_wconf 81' lang='grc' dir='ltr'><strong>τὺ</strong></span> <span class='ocrx_word' id='word_1_585' title='bbox 1354 1759 1492 1794; x_wconf 79' lang='grc' dir='ltr'>ἐναγοῦς,</span> <span class='ocrx_word' id='word_1_586' title='bbox 1511 1759 1593 1786; x_wconf 71' lang='grc' dir='ltr'>οἱονεὶ</span> <span class='ocrx_word' id='word_1_587' title='bbox 1608 1760 1728 1793; x_wconf 79' lang='grc' dir='ltr'>ἀναξίου.</span> <span class='ocrx_word' id='word_1_588' title='bbox 1750 1761 1850 1788; x_wconf 77' lang='grc' dir='ltr'>Ἀκού-</span> 
     </span>
    </p>
   </div>
   <div class='ocr_carea' id='block_1_80' title="bbox 1052 1804 1847 1842">
    <p class='ocr_par' dir='ltr' id='par_1_80' title="bbox 1052 1804 1847 1842">
     <span class='ocr_line' id='line_1_80' title="bbox 1052 1804 1847 1842; baseline 0.003 -10"><span class='ocrx_word' id='word_1_589' title='bbox 1052 1813 1129 1832; x_wconf 87' lang='grc' dir='ltr'>σεται</span> <span class='ocrx_word' id='word_1_590' title='bbox 1144 1805 1198 1842; x_wconf 81' lang='grc' dir='ltr'><strong>γὰρ</strong></span> <span class='ocrx_word' id='word_1_591' title='bbox 1214 1805 1260 1832; x_wconf 50' lang='grc' dir='ltr'><strong>καί¹</strong></span> <span class='ocrx_word' id='word_1_592' title='bbox 1285 1804 1366 1836; x_wconf 82' lang='grc' dir='ltr'>αὐτὸς</span> <span class='ocrx_word' id='word_1_593' title='bbox 1384 1804 1453 1840; x_wconf 85' lang='grc' dir='ltr'>πρὸς</span> <span class='ocrx_word' id='word_1_594' title='bbox 1475 1804 1522 1831; x_wconf 87' lang='grc' dir='ltr'><strong>τοῦ</strong></span> <span class='ocrx_word' id='word_1_595' title='bbox 1545 1805 1650 1832; x_wconf 89' lang='grc' dir='ltr'>δικαίου</span> <span class='ocrx_word' id='word_1_596' title='bbox 1672 1806 1773 1840; x_wconf 84' lang='grc' dir='ltr'>λογίου,</span> <span class='ocrx_word' id='word_1_597' title='bbox 1794 1808 1847 1834; x_wconf 83' lang='lat' dir='ltr'><strong>AI-</strong></span> 
     </span>
    </p>
   </div>
   <div class='ocr_carea' id='block_1_81' title="bbox 1052 1851 1847 1888">
    <p class='ocr_par' dir='ltr' id='par_1_81' title="bbox 1052 1851 1847 1888">
     <span class='ocr_line' id='line_1_81' title="bbox 1052 1851 1847 1888; baseline 0 -9"><span class='ocrx_word' id='word_1_598' title='bbox 1052 1851 1136 1884; x_wconf 76' lang='grc' dir='ltr'>ῑεῑτε,</span> <span class='ocrx_word' id='word_1_599' title='bbox 1149 1852 1198 1879; x_wconf 78' lang='grc' dir='ltr'>καὶ</span> <span class='ocrx_word' id='word_1_600' title='bbox 1216 1853 1252 1879; x_wconf 81' lang='grc' dir='ltr'>οὐ</span> <span class='ocrx_word' id='word_1_601' title='bbox 1271 1852 1446 1886; x_wconf 76' lang='grc' dir='ltr'>λαμϐάνετε.</span> <span class='ocrx_word' id='word_1_602' title='bbox 1465 1852 1542 1878; x_wconf 86' lang='grc' dir='ltr'>Ἔστι</span> <span class='ocrx_word' id='word_1_603' title='bbox 1556 1851 1584 1877; x_wconf 81' lang='grc' dir='ltr'>δὲ</span> <span class='ocrx_word' id='word_1_604' title='bbox 1600 1851 1630 1878; x_wconf 83' lang='grc' dir='ltr'>τὸ</span> <span class='ocrx_word' id='word_1_605' title='bbox 1650 1852 1731 1888; x_wconf 80' lang='grc' dir='ltr'>ῥητὸν</span> <span class='ocrx_word' id='word_1_606' title='bbox 1746 1854 1779 1879; x_wconf 79' lang='grc' dir='ltr'>ὲκ</span> <span class='ocrx_word' id='word_1_607' title='bbox 1793 1853 1847 1888; x_wconf 83' lang='grc' dir='ltr'><strong>τῆς</strong></span> 
     </span>
    </p>
   </div>
   <div class='ocr_carea' id='block_1_82' title="bbox 1051 1897 1843 1936">
    <p class='ocr_par' dir='ltr' id='par_1_82' title="bbox 1051 1897 1843 1936">
     <span class='ocr_line' id='line_1_82' title="bbox 1051 1897 1843 1936; baseline -0.001 -10"><span class='ocrx_word' id='word_1_608' title='bbox 1051 1898 1098 1926; x_wconf 82' lang='grc' dir='ltr'><strong>τοῦ</strong></span> <span class='ocrx_word' id='word_1_609' title='bbox 1121 1898 1247 1936; x_wconf 73' lang='grc' dir='ltr'>Ἰακώϐου</span> <span class='ocrx_word' id='word_1_610' title='bbox 1270 1898 1438 1934; x_wconf 80' lang='grc' dir='ltr'>Ἐπιστολῆς.</span> <span class='ocrx_word' id='word_1_611' title='bbox 1456 1897 1489 1924; x_wconf 84' lang='lat'><strong>&#39;0</strong></span> <span class='ocrx_word' id='word_1_612' title='bbox 1503 1898 1534 1933; x_wconf 78' lang='grc' dir='ltr'>δὴ</span> <span class='ocrx_word' id='word_1_613' title='bbox 1556 1897 1602 1924; x_wconf 75' lang='grc' dir='ltr'>καὶ</span> <span class='ocrx_word' id='word_1_614' title='bbox 1615 1897 1699 1932; x_wconf 80' lang='grc' dir='ltr'>λέγει,</span> <span class='ocrx_word' id='word_1_615' title='bbox 1714 1898 1730 1934; x_wconf 86' lang='grc' dir='ltr'>ἢ</span> <span class='ocrx_word' id='word_1_616' title='bbox 1751 1899 1789 1930; x_wconf 83' lang='grc' dir='ltr'>ὡς</span> <span class='ocrx_word' id='word_1_617' title='bbox 1801 1899 1843 1926; x_wconf 86' lang='grc' dir='ltr'>δι-</span> 
     </span>
    </p>
   </div>
   <div class='ocr_carea' id='block_1_83' title="bbox 1052 1943 1842 1981">
    <p class='ocr_par' dir='ltr' id='par_1_83' title="bbox 1052 1943 1842 1981">
     <span class='ocr_line' id='line_1_83' title="bbox 1052 1943 1842 1981; baseline -0.003 -9"><span class='ocrx_word' id='word_1_618' title='bbox 1052 1945 1135 1977; x_wconf 86' lang='grc' dir='ltr'>καίως</span> <span class='ocrx_word' id='word_1_619' title='bbox 1158 1945 1314 1981; x_wconf 86' lang='grc' dir='ltr'>λεγόμενον,</span> <span class='ocrx_word' id='word_1_620' title='bbox 1337 1945 1353 1981; x_wconf 86' lang='grc' dir='ltr'><strong>ῆ</strong></span> <span class='ocrx_word' id='word_1_621' title='bbox 1381 1944 1419 1976; x_wconf 85' lang='grc' dir='ltr'>ὡς</span> <span class='ocrx_word' id='word_1_622' title='bbox 1450 1943 1527 1980; x_wconf 79' lang='grc' dir='ltr'><strong>παρά</strong></span> <span class='ocrx_word' id='word_1_623' title='bbox 1551 1944 1656 1971; x_wconf 88' lang='grc' dir='ltr'>δικαίου</span> <span class='ocrx_word' id='word_1_624' title='bbox 1682 1944 1842 1979; x_wconf 82' lang='grc' dir='ltr'>λεγόμενον·</span> 
     </span>
    </p>
   </div>
   <div class='ocr_carea' id='block_1_84' title="bbox 1058 1989 1842 2026">
    <p class='ocr_par' dir='ltr' id='par_1_84' title="bbox 1058 1989 1842 2026">
     <span class='ocr_line' id='line_1_84' title="bbox 1058 1989 1842 2026; baseline -0.001 -9"><span class='ocrx_word' id='word_1_625' title='bbox 1058 1990 1169 2023; x_wconf 77' lang='grc' dir='ltr'>Ἰοϐλίας</span> <span class='ocrx_word' id='word_1_626' title='bbox 1179 1991 1233 2026; x_wconf 83' lang='grc' dir='ltr'><strong>γὰρ</strong></span> <span class='ocrx_word' id='word_1_627' title='bbox 1244 1991 1258 2018; x_wconf 84' lang='grc' dir='ltr'><strong>ό</strong></span> <span class='ocrx_word' id='word_1_628' title='bbox 1277 1990 1415 2023; x_wconf 75' lang='grc' dir='ltr'>Ἰάκωϐος,</span> <span class='ocrx_word' id='word_1_629' title='bbox 1427 1991 1509 2016; x_wconf 75' lang='grc' dir='ltr'>οἱονεὶ</span> <span class='ocrx_word' id='word_1_630' title='bbox 1523 1989 1842 2024; x_wconf 75' lang='grc' dir='ltr'>δίκαιος,ὲπωνομάζετο.</span> 
     </span>
    </p>
   </div>
   <div class='ocr_carea' id='block_1_85' title="bbox 1051 2035 1845 2072">
    <p class='ocr_par' dir='ltr' id='par_1_85' title="bbox 1051 2035 1845 2072">
     <span class='ocr_line' id='line_1_85' title="bbox 1051 2035 1845 2072; baseline -0.005 -8"><span class='ocrx_word' id='word_1_631' title='bbox 1051 2037 1155 2065; x_wconf 80' lang='grc' dir='ltr'>Οὐκοῦν</span> <span class='ocrx_word' id='word_1_632' title='bbox 1166 2038 1261 2064; x_wconf 75' lang='grc' dir='ltr'>ἐκεῖνα</span> <span class='ocrx_word' id='word_1_633' title='bbox 1274 2037 1346 2064; x_wconf 85' lang='grc' dir='ltr'>αίτεῖ</span> <span class='ocrx_word' id='word_1_634' title='bbox 1359 2037 1374 2064; x_wconf 80' lang='grc' dir='ltr'>ὁ</span> <span class='ocrx_word' id='word_1_635' title='bbox 1392 2036 1532 2072; x_wconf 82' lang='grc' dir='ltr'>ίεράρχης,</span> <span class='ocrx_word' id='word_1_636' title='bbox 1547 2035 1583 2061; x_wconf 81' lang='grc' dir='ltr'><strong>τὰ</strong></span> <span class='ocrx_word' id='word_1_637' title='bbox 1596 2035 1705 2067; x_wconf 85' lang='grc' dir='ltr'>πάντως</span> <span class='ocrx_word' id='word_1_638' title='bbox 1716 2035 1845 2071; x_wconf 86' lang='grc' dir='ltr'>δωρηθη-</span> 
     </span>
    </p>
   </div>
   <div class='ocr_carea' id='block_1_86' title="bbox 1052 2081 1846 2120">
    <p class='ocr_par' dir='ltr' id='par_1_86' title="bbox 1052 2081 1846 2120">
     <span class='ocr_line' id='line_1_86' title="bbox 1052 2081 1846 2120; baseline -0.005 -9"><span class='ocrx_word' id='word_1_639' title='bbox 1052 2085 1163 2120; x_wconf 86' lang='grc' dir='ltr'>σόμενα,</span> <span class='ocrx_word' id='word_1_640' title='bbox 1177 2084 1330 2115; x_wconf 75' lang='grc' dir='ltr'>ἐπιδεικνὺς</span> <span class='ocrx_word' id='word_1_641' title='bbox 1347 2082 1472 2110; x_wconf 75' lang='grc' dir='ltr'>ἐντεῦθεν</span> <span class='ocrx_word' id='word_1_642' title='bbox 1490 2082 1528 2118; x_wconf 81' lang='grc' dir='ltr'><strong>τῷ</strong></span> <span class='ocrx_word' id='word_1_643' title='bbox 1541 2082 1589 2117; x_wconf 87' lang='grc' dir='ltr'>μὲν</span> <span class='ocrx_word' id='word_1_644' title='bbox 1604 2081 1673 2117; x_wconf 82' lang='grc' dir='ltr'>Θεῷ,</span> <span class='ocrx_word' id='word_1_645' title='bbox 1684 2082 1734 2116; x_wconf 81' lang='grc' dir='ltr'><strong>τὴν</strong></span> <span class='ocrx_word' id='word_1_646' title='bbox 1747 2081 1846 2117; x_wconf 75' lang='grc' dir='ltr'>θεομι-</span> 
     </span>
    </p>
   </div>
   <div class='ocr_carea' id='block_1_87' title="bbox 1053 2128 1853 2174">
    <p class='ocr_par' dir='ltr' id='par_1_87' title="bbox 1053 2128 1853 2174">
     <span class='ocr_line' id='line_1_87' title="bbox 1053 2128 1853 2174; baseline -0.004 -15"><span class='ocrx_word' id='word_1_647' title='bbox 1053 2141 1137 2169; x_wconf 86' lang='grc' dir='ltr'>μητον</span> <span class='ocrx_word' id='word_1_648' title='bbox 1152 2131 1250 2158; x_wconf 76' lang='grc' dir='ltr'>ἑαυτοῦ</span> <span class='ocrx_word' id='word_1_649' title='bbox 1265 2129 1322 2163; x_wconf 72' lang='grc' dir='ltr'>ἕξιν</span> <span class='ocrx_word' id='word_1_650' title='bbox 1333 2136 1339 2144; x_wconf 91' lang='grc'><strong>·</strong></span> <span class='ocrx_word' id='word_1_651' title='bbox 1355 2130 1412 2161; x_wconf 87' lang='grc' dir='ltr'>τοῖς</span> <span class='ocrx_word' id='word_1_652' title='bbox 1426 2129 1454 2155; x_wconf 84' lang='grc' dir='ltr'>δὲ</span> <span class='ocrx_word' id='word_1_653' title='bbox 1468 2128 1596 2164; x_wconf 86' lang='grc' dir='ltr'>παροῦσι,</span> <span class='ocrx_word' id='word_1_654' title='bbox 1608 2128 1642 2155; x_wconf 88' lang='grc' dir='ltr'><strong>τὰ</strong></span> <span class='ocrx_word' id='word_1_655' title='bbox 1656 2129 1773 2164; x_wconf 79' lang='grc' dir='ltr'>ἐσόμενα</span> <span class='ocrx_word' id='word_1_656' title='bbox 1785 2131 1853 2174; x_wconf 51' lang='grc' dir='ltr'>τοῖς.</span> 
     </span>
    </p>
   </div>
   <div class='ocr_carea' id='block_1_88' title="bbox 1050 2174 1843 2212">
    <p class='ocr_par' dir='ltr' id='par_1_88' title="bbox 1050 2174 1843 2212">
     <span class='ocr_line' id='line_1_88' title="bbox 1050 2174 1843 2212; baseline -0.005 -6"><span class='ocrx_word' id='word_1_657' title='bbox 1050 2179 1134 2210; x_wconf 80' lang='grc' dir='ltr'>ὁσίοις</span> <span class='ocrx_word' id='word_1_658' title='bbox 1159 2177 1244 2212; x_wconf 79' lang='grc' dir='ltr'>δῶρα.</span> <span class='ocrx_word' id='word_1_659' title='bbox 1261 2175 1337 2202; x_wconf 77' lang='grc' dir='ltr'>Οὕτω</span> <span class='ocrx_word' id='word_1_660' title='bbox 1355 2175 1402 2202; x_wconf 58' lang='grc' dir='ltr'><strong>καὶ⁸</strong></span> <span class='ocrx_word' id='word_1_661' title='bbox 1425 2174 1474 2206; x_wconf 75' lang='grc' dir='ltr'><strong>τὰς</strong></span> <span class='ocrx_word' id='word_1_662' title='bbox 1503 2174 1680 2210; x_wconf 77' lang='grc' dir='ltr'>ἀφοριστικὰς</span> <span class='ocrx_word' id='word_1_663' title='bbox 1700 2175 1843 2211; x_wconf 74' lang='grc' dir='ltr'>δυνάμεις,</span> 
     </span>
    </p>
   </div>
   <div class='ocr_carea' id='block_1_89' title="bbox 215 2219 1000 2264">
    <p class='ocr_par' dir='ltr' id='par_1_89' title="bbox 215 2222 999 2259">
     <span class='ocr_line' id='line_1_89' title="bbox 215 2222 999 2259; baseline 0.006 -11"><span class='ocrx_word' id='word_1_664' title='bbox 215 2222 296 2248; x_wconf 89' lang='lat' dir='ltr'><strong>etiam</strong></span> <span class='ocrx_word' id='word_1_665' title='bbox 311 2222 461 2250; x_wconf 68' lang='lat' dir='ltr'><strong>liicrarcha:</strong></span> <span class='ocrx_word' id='word_1_666' title='bbox 474 2223 576 2250; x_wconf 83' lang='lat' dir='ltr'><strong>habent</strong></span> <span class='ocrx_word' id='word_1_667' title='bbox 591 2223 706 2250; x_wconf 79' lang='lat' dir='ltr'><strong>virtutes</strong></span> <span class='ocrx_word' id='word_1_668' title='bbox 729 2225 900 2259; x_wconf 78' lang='lat' dir='ltr'><strong>segregandi,</strong></span> <span class='ocrx_word' id='word_1_669' title='bbox 914 2226 939 2252; x_wconf 88' lang='lat' dir='ltr'><strong>id</strong></span> <span class='ocrx_word' id='word_1_670' title='bbox 957 2231 999 2253; x_wconf 86' lang='lat' dir='ltr'><strong>est</strong></span> 
     </span>
    </p>
   </div>
   <div class='ocr_carea' id='block_1_90' title="bbox 1052 2219 1844 2264">
    <p class='ocr_par' dir='ltr' id='par_1_90' title="bbox 1052 2219 1844 2259">
     <span class='ocr_line' id='line_1_90' title="bbox 1052 2219 1844 2259; baseline -0.004 -9"><span class='ocrx_word' id='word_1_671' title='bbox 1052 2223 1170 2259; x_wconf 84' lang='grc' dir='ltr'>δηλονότι</span> <span class='ocrx_word' id='word_1_672' title='bbox 1182 2221 1245 2253; x_wconf 81' lang='grc' dir='ltr'>τοὺς</span> <span class='ocrx_word' id='word_1_673' title='bbox 1258 2220 1438 2256; x_wconf 77' lang='grc' dir='ltr'>ἀφορισμοὺς,</span> <span class='ocrx_word' id='word_1_674' title='bbox 1462 2220 1486 2246; x_wconf 87' lang='grc' dir='ltr'><strong>οί</strong></span> <span class='ocrx_word' id='word_1_675' title='bbox 1509 2219 1635 2255; x_wconf 76' lang='grc' dir='ltr'>ίεράρχαι</span> <span class='ocrx_word' id='word_1_676' title='bbox 1651 2219 1769 2255; x_wconf 81' lang='grc' dir='ltr'>ἔχουσιν,</span> <span class='ocrx_word' id='word_1_677' title='bbox 1791 2222 1844 2256; x_wconf 73' lang='grc' dir='ltr'><strong>οὐχ</strong></span> 
     </span>
    </p>
   </div>
   <div class='ocr_carea' id='block_1_91' title="bbox 215 2265 1000 2304">
    <p class='ocr_par' dir='ltr' id='par_1_91' title="bbox 215 2269 1000 2304">
     <span class='ocr_line' id='line_1_91' title="bbox 215 2269 1000 2304; baseline 0.004 -9"><span class='ocrx_word' id='word_1_678' title='bbox 215 2269 430 2303; x_wconf 74' lang='lat' dir='ltr'><strong>segregationes,</strong></span> <span class='ocrx_word' id='word_1_679' title='bbox 458 2276 512 2296; x_wconf 91' lang='lat' dir='ltr'><strong>non</strong></span> <span class='ocrx_word' id='word_1_680' title='bbox 532 2270 604 2304; x_wconf 90' lang='lat' dir='ltr'><strong>quod</strong></span> <span class='ocrx_word' id='word_1_681' title='bbox 629 2270 863 2298; x_wconf 87' lang='lat' dir='ltr'><strong>irrationabilibus</strong></span> <span class='ocrx_word' id='word_1_682' title='bbox 882 2271 1000 2299; x_wconf 88' lang='lat' dir='ltr'><strong>motibus</strong></span> 
     </span>
    </p>
   </div>
   <div class='ocr_carea' id='block_1_92' title="bbox 1052 2265 1844 2304">
    <p class='ocr_par' dir='ltr' id='par_1_92' title="bbox 1052 2265 1844 2301">
     <span class='ocr_line' id='line_1_92' title="bbox 1052 2265 1844 2301; baseline -0.003 -6"><span class='ocrx_word' id='word_1_683' title='bbox 1052 2269 1090 2296; x_wconf 79' lang='grc' dir='ltr'>’ότι</span> <span class='ocrx_word' id='word_1_684' title='bbox 1107 2269 1202 2294; x_wconf 70' lang='grc' dir='ltr'>ἕπεται</span> <span class='ocrx_word' id='word_1_685' title='bbox 1218 2268 1278 2298; x_wconf 84' lang='grc' dir='ltr'>ταῖς</span> <span class='ocrx_word' id='word_1_686' title='bbox 1295 2266 1402 2300; x_wconf 80' lang='grc' dir='ltr'>ἀλόγοις</span> <span class='ocrx_word' id='word_1_687' title='bbox 1419 2266 1518 2301; x_wconf 77' lang='grc' dir='ltr'>ὁρμαῖς</span> <span class='ocrx_word' id='word_1_688' title='bbox 1529 2265 1629 2298; x_wconf 79' lang='grc' dir='ltr'>αὐτῶν,</span> <span class='ocrx_word' id='word_1_689' title='bbox 1645 2266 1678 2292; x_wconf 84' lang='grc' dir='ltr'><strong>ἵν’</strong></span> <span class='ocrx_word' id='word_1_690' title='bbox 1692 2265 1780 2299; x_wconf 76' lang='grc' dir='ltr'>οὕτως</span> <span class='ocrx_word' id='word_1_691' title='bbox 1795 2268 1844 2293; x_wconf 85' lang='grc' dir='ltr'>εὐ-</span> 
     </span>
    </p>
   </div>
   <div class='ocr_carea' id='block_1_93' title="bbox 213 2309 1000 2351">
    <p class='ocr_par' dir='ltr' id='par_1_93' title="bbox 213 2315 998 2351">
     <span class='ocr_line' id='line_1_93' title="bbox 213 2315 998 2351; baseline 0.003 -9"><span class='ocrx_word' id='word_1_692' title='bbox 213 2322 323 2346; x_wconf 87' lang='lat' dir='ltr'><strong>corum,</strong></span> <span class='ocrx_word' id='word_1_693' title='bbox 335 2319 365 2341; x_wconf 92' lang='lat' dir='ltr'><strong>ut</strong></span> <span class='ocrx_word' id='word_1_694' title='bbox 376 2315 462 2342; x_wconf 88' lang='lat' dir='ltr'><strong>dicam</strong></span> <span class='ocrx_word' id='word_1_695' title='bbox 476 2315 603 2346; x_wconf 86' lang='lat' dir='ltr'><strong>honeste,</strong></span> <span class='ocrx_word' id='word_1_696' title='bbox 617 2315 747 2344; x_wconf 85' lang='lat' dir='ltr'><strong>divinitas</strong></span> <span class='ocrx_word' id='word_1_697' title='bbox 760 2317 937 2351; x_wconf 85' lang='lat' dir='ltr'><strong>obsequatur,</strong></span> <span class='ocrx_word' id='word_1_698' title='bbox 951 2318 998 2345; x_wconf 86' lang='lat' dir='ltr'><strong>sed</strong></span> 
     </span>
    </p>
   </div>
   <div class='ocr_carea' id='block_1_94' title="bbox 1052 2309 1846 2351">
    <p class='ocr_par' dir='ltr' id='par_1_94' title="bbox 1052 2309 1846 2347">
     <span class='ocr_line' id='line_1_94' title="bbox 1052 2309 1846 2347; baseline -0.001 -8"><span class='ocrx_word' id='word_1_699' title='bbox 1052 2311 1139 2344; x_wconf 78' lang='grc' dir='ltr'>λαὸῶς</span> <span class='ocrx_word' id='word_1_700' title='bbox 1159 2311 1241 2343; x_wconf 80' lang='grc' dir='ltr'>εἴπω,</span> <span class='ocrx_word' id='word_1_701' title='bbox 1254 2311 1272 2346; x_wconf 83' lang='grc' dir='ltr'><strong>ἡ</strong></span> <span class='ocrx_word' id='word_1_702' title='bbox 1289 2310 1413 2347; x_wconf 86' lang='grc' dir='ltr'>θεαρχία.</span> <span class='ocrx_word' id='word_1_703' title='bbox 1435 2309 1494 2336; x_wconf 81' lang='grc' dir='ltr'>ἀλλ’</span> <span class='ocrx_word' id='word_1_704' title='bbox 1511 2310 1552 2337; x_wconf 77' lang='grc' dir='ltr'>ὅτι</span> <span class='ocrx_word' id='word_1_705' title='bbox 1575 2310 1653 2337; x_wconf 74' lang='grc' dir='ltr'>αὐτοὶ</span> <span class='ocrx_word' id='word_1_706' title='bbox 1677 2311 1846 2347; x_wconf 66' lang='grc' dir='ltr'>ἀφορίζουσα</span> 
     </span>
    </p>
   </div>
   <div class='ocr_carea' id='block_1_95' title="bbox 213 2360 999 2394">
    <p class='ocr_par' dir='ltr' id='par_1_95' title="bbox 213 2360 999 2394">
     <span class='ocr_line' id='line_1_95' title="bbox 213 2360 999 2394; baseline 0.005 -8"><span class='ocrx_word' id='word_1_707' title='bbox 213 2361 284 2394; x_wconf 90' lang='lat' dir='ltr'><strong>quod</strong></span> <span class='ocrx_word' id='word_1_708' title='bbox 301 2360 410 2394; x_wconf 89' lang='lat' dir='ltr'><strong>ipsimet</strong></span> <span class='ocrx_word' id='word_1_709' title='bbox 432 2367 447 2387; x_wconf 92' lang='lat' dir='ltr'><strong>a</strong></span> <span class='ocrx_word' id='word_1_710' title='bbox 462 2360 565 2394; x_wconf 86' lang='lat' dir='ltr'><strong>Spiritu</strong></span> <span class='ocrx_word' id='word_1_711' title='bbox 580 2366 677 2388; x_wconf 85' lang='lat' dir='ltr'><strong>sancto</strong></span> <span class='ocrx_word' id='word_1_712' title='bbox 698 2361 764 2388; x_wconf 89' lang='lat' dir='ltr'><strong>moti</strong></span> <span class='ocrx_word' id='word_1_713' title='bbox 788 2362 931 2390; x_wconf 87' lang='lat' dir='ltr'><strong>damnatos</strong></span> <span class='ocrx_word' id='word_1_714' title='bbox 955 2370 999 2390; x_wconf 91' lang='lat' dir='ltr'><strong>se-</strong></span> 
     </span>
    </p>
   </div>
   <div class='ocr_carea' id='block_1_96' title="bbox 213 2407 996 2442">
    <p class='ocr_par' dir='ltr' id='par_1_96' title="bbox 213 2407 996 2442">
     <span class='ocr_line' id='line_1_96' title="bbox 213 2407 996 2442; baseline 0.001 -8"><span class='ocrx_word' id='word_1_715' title='bbox 213 2412 336 2441; x_wconf 72' lang='lat' dir='ltr'><strong>gregent.</strong></span> <span class='ocrx_word' id='word_1_716' title='bbox 352 2407 471 2440; x_wconf 75' lang='lat' dir='ltr'><strong>Accipite</strong></span> <span class='ocrx_word' id='word_1_717' title='bbox 491 2407 574 2441; x_wconf 85' lang='lat' dir='ltr'><strong>enim,</strong></span> <span class='ocrx_word' id='word_1_718' title='bbox 600 2408 698 2442; x_wconf 82' lang='lat' dir='ltr'><strong>inquit.</strong></span> <span class='ocrx_word' id='word_1_719' title='bbox 714 2407 842 2442; x_wconf 79' lang='lat' dir='ltr'><strong>Spiritum</strong></span> <span class='ocrx_word' id='word_1_720' title='bbox 865 2413 996 2442; x_wconf 73' lang='lat' dir='ltr'><strong>sanciunt,</strong></span> 
     </span>
    </p>
   </div>
   <div class='ocr_carea' id='block_1_97' title="bbox 212 2451 998 2488">
    <p class='ocr_par' dir='ltr' id='par_1_97' title="bbox 212 2451 998 2488">
     <span class='ocr_line' id='line_1_97' title="bbox 212 2451 998 2488; baseline 0.006 -11"><span class='ocrx_word' id='word_1_721' title='bbox 212 2452 259 2486; x_wconf 88' lang='lat' dir='ltr'><strong>qui</strong></span> <span class='ocrx_word' id='word_1_722' title='bbox 275 2451 400 2479; x_wconf 88' lang='lat' dir='ltr'><strong>videlicet</strong></span> <span class='ocrx_word' id='word_1_723' title='bbox 412 2459 459 2480; x_wconf 87' lang='lat' dir='ltr'><strong>vos</strong></span> <span class='ocrx_word' id='word_1_724' title='bbox 472 2458 580 2480; x_wconf 82' lang='lat' dir='ltr'><strong>moveat</strong></span> <span class='ocrx_word' id='word_1_725' title='bbox 595 2453 628 2480; x_wconf 86' lang='lat' dir='ltr'><strong>ad</strong></span> <span class='ocrx_word' id='word_1_726' title='bbox 640 2453 777 2488; x_wconf 70' lang='lat' dir='ltr'><strong>ligandum</strong></span> <span class='ocrx_word' id='word_1_727' title='bbox 786 2459 814 2480; x_wconf 85' lang='lat' dir='ltr'><strong>et</strong></span> <span class='ocrx_word' id='word_1_728' title='bbox 826 2454 998 2482; x_wconf 84' lang='lat' dir='ltr'><strong>solvendum.</strong></span> 
     </span>
    </p>
   </div>
   <div class='ocr_carea' id='block_1_98' title="bbox 213 2500 1000 2536">
    <p class='ocr_par' dir='ltr' id='par_1_98' title="bbox 213 2500 1000 2536">
     <span class='ocr_line' id='line_1_98' title="bbox 213 2500 1000 2536; baseline 0.004 -9"><span class='ocrx_word' id='word_1_729' title='bbox 213 2500 248 2527; x_wconf 86' lang='lat' dir='ltr'><strong>Et</strong></span> <span class='ocrx_word' id='word_1_730' title='bbox 263 2500 362 2528; x_wconf 89' lang='lat' dir='ltr'><strong>iterum</strong></span> <span class='ocrx_word' id='word_1_731' title='bbox 384 2501 424 2528; x_wconf 91' lang='lat' dir='ltr'><strong>sic</strong></span> <span class='ocrx_word' id='word_1_732' title='bbox 441 2501 525 2536; x_wconf 69' lang='lat'><strong>280</strong></span> <span class='ocrx_word' id='word_1_733' title='bbox 541 2502 621 2529; x_wconf 86' lang='lat' dir='ltr'><strong>Petro</strong></span> <span class='ocrx_word' id='word_1_734' title='bbox 641 2502 771 2530; x_wconf 87' lang='lat' dir='ltr'><strong>Dominus</strong></span> <span class='ocrx_word' id='word_1_735' title='bbox 784 2504 841 2530; x_wconf 87' lang='lat' dir='ltr'><strong>ait:</strong></span> <span class='ocrx_word' id='word_1_736' title='bbox 856 2502 1000 2536; x_wconf 77' lang='lat' dir='ltr'><strong>Quodcun-</strong></span> 
     </span>
    </p>
   </div>
   <div class='ocr_carea' id='block_1_99' title="bbox 212 2545 996 2583">
    <p class='ocr_par' dir='ltr' id='par_1_99' title="bbox 212 2545 996 2583">
     <span class='ocr_line' id='line_1_99' title="bbox 212 2545 996 2583; baseline 0.008 -12"><span class='ocrx_word' id='word_1_737' title='bbox 212 2553 262 2580; x_wconf 75' lang='lat' dir='ltr'><strong>que</strong></span> <span class='ocrx_word' id='word_1_738' title='bbox 282 2545 405 2581; x_wconf 71' lang='lat' dir='ltr'><strong>ligaveris</strong></span> <span class='ocrx_word' id='word_1_739' title='bbox 426 2555 505 2581; x_wconf 74' lang='lat' dir='ltr'><strong>super</strong></span> <span class='ocrx_word' id='word_1_740' title='bbox 527 2553 625 2574; x_wconf 81' lang='lat' dir='ltr'><strong>terram</strong></span> <span class='ocrx_word' id='word_1_741' title='bbox 642 2548 665 2581; x_wconf 80' lang='lat'><strong>&#39;,</strong></span> <span class='ocrx_word' id='word_1_742' title='bbox 683 2553 714 2576; x_wconf 81' lang='lat' dir='ltr'><strong>et</strong></span> <span class='ocrx_word' id='word_1_743' title='bbox 743 2556 805 2583; x_wconf 64' lang='lat' dir='ltr'><strong>quae</strong></span> <span class='ocrx_word' id='word_1_744' title='bbox 835 2554 996 2583; x_wconf 85' lang='lat' dir='ltr'><strong>sequuntur.</strong></span> 
     </span>
    </p>
   </div>
   <div class='ocr_carea' id='block_1_100' title="bbox 212 2591 997 2630">
    <p class='ocr_par' dir='ltr' id='par_1_100' title="bbox 212 2591 997 2630">
     <span class='ocr_line' id='line_1_100' title="bbox 212 2591 997 2630; baseline 0.008 -13"><span class='ocrx_word' id='word_1_745' title='bbox 212 2592 322 2625; x_wconf 72' lang='lat' dir='ltr'><strong>quando</strong></span> <span class='ocrx_word' id='word_1_746' title='bbox 334 2591 434 2620; x_wconf 88' lang='lat' dir='ltr'><strong>divinis</strong></span> <span class='ocrx_word' id='word_1_747' title='bbox 458 2593 669 2621; x_wconf 83' lang='lat' dir='ltr'><strong>revelationibus</strong></span> <span class='ocrx_word' id='word_1_748' title='bbox 686 2602 700 2620; x_wconf 89' lang='lat' dir='ltr'><strong>a</strong></span> <span class='ocrx_word' id='word_1_749' title='bbox 715 2593 797 2622; x_wconf 89' lang='lat' dir='ltr'><strong>Patre</strong></span> <span class='ocrx_word' id='word_1_750' title='bbox 816 2595 862 2630; x_wconf 92' lang='lat' dir='ltr'><strong>qui</strong></span> <span class='ocrx_word' id='word_1_751' title='bbox 876 2595 902 2622; x_wconf 90' lang='lat' dir='ltr'><strong>in</strong></span> <span class='ocrx_word' id='word_1_752' title='bbox 919 2595 997 2623; x_wconf 69' lang='lat' dir='ltr'><strong>cmlis</strong></span> 
     </span>
    </p>
   </div>
   <div class='ocr_carea' id='block_1_101' title="bbox 212 2637 997 2676">
    <p class='ocr_par' dir='ltr' id='par_1_101' title="bbox 212 2637 997 2676">
     <span class='ocr_line' id='line_1_101' title="bbox 212 2637 997 2676; baseline 0.009 -13"><span class='ocrx_word' id='word_1_753' title='bbox 212 2641 256 2664; x_wconf 86' lang='lat' dir='ltr'><strong>est</strong></span> <span class='ocrx_word' id='word_1_754' title='bbox 267 2637 464 2668; x_wconf 77' lang='lat' dir='ltr'><strong>illustrabatur.</strong></span> <span class='ocrx_word' id='word_1_755' title='bbox 483 2640 520 2666; x_wconf 89' lang='lat' dir='ltr'><strong>ita</strong></span> <span class='ocrx_word' id='word_1_756' title='bbox 545 2644 575 2666; x_wconf 92' lang='lat' dir='ltr'><strong>ut</strong></span> <span class='ocrx_word' id='word_1_757' title='bbox 598 2640 677 2667; x_wconf 86' lang='lat' dir='ltr'><strong>beato</strong></span> <span class='ocrx_word' id='word_1_758' title='bbox 696 2640 790 2674; x_wconf 82' lang='lat' dir='ltr'><strong>Petro,</strong></span> <span class='ocrx_word' id='word_1_759' title='bbox 806 2647 834 2669; x_wconf 90' lang='lat' dir='ltr'><strong>et</strong></span> <span class='ocrx_word' id='word_1_760' title='bbox 848 2642 921 2669; x_wconf 90' lang='lat' dir='ltr'><strong>omni</strong></span> <span class='ocrx_word' id='word_1_761' title='bbox 936 2647 997 2676; x_wconf 79' lang='lat' dir='ltr'><strong>post</strong></span> 
     </span>
    </p>
   </div>
   <div class='ocr_carea' id='block_1_102' title="bbox 212 2681 997 2723">
    <p class='ocr_par' dir='ltr' id='par_1_102' title="bbox 212 2681 997 2723">
     <span class='ocr_line' id='line_1_102' title="bbox 212 2681 997 2723; baseline 0.009 -14"><span class='ocrx_word' id='word_1_762' title='bbox 212 2681 301 2716; x_wconf 78' lang='lat' dir='ltr'><strong>ipsum</strong></span> <span class='ocrx_word' id='word_1_763' title='bbox 315 2684 445 2717; x_wconf 87' lang='lat' dir='ltr'><strong>pontiﬁci,</strong></span> <span class='ocrx_word' id='word_1_764' title='bbox 460 2686 610 2713; x_wconf 85' lang='lat' dir='ltr'><strong>secundum</strong></span> <span class='ocrx_word' id='word_1_765' title='bbox 628 2686 808 2715; x_wconf 83' lang='lat' dir='ltr'><strong>revelationes</strong></span> <span class='ocrx_word' id='word_1_766' title='bbox 821 2689 872 2723; x_wconf 83' lang='lat' dir='ltr'><strong>ipsi</strong></span> <span class='ocrx_word' id='word_1_767' title='bbox 887 2689 997 2716; x_wconf 69' lang='lat' dir='ltr'><strong>caelitus</strong></span> 
     </span>
    </p>
   </div>
   <div class='ocr_carea' id='block_1_103' title="bbox 211 2727 996 2770">
    <p class='ocr_par' dir='ltr' id='par_1_103' title="bbox 211 2727 996 2770">
     <span class='ocr_line' id='line_1_103' title="bbox 211 2727 996 2770; baseline 0.01 -16"><span class='ocrx_word' id='word_1_768' title='bbox 211 2735 227 2754; x_wconf 85' lang='lat' dir='ltr'><strong>a</strong></span> <span class='ocrx_word' id='word_1_769' title='bbox 240 2727 295 2756; x_wconf 82' lang='lat' dir='ltr'><strong>Deo</strong></span> <span class='ocrx_word' id='word_1_770' title='bbox 307 2728 404 2763; x_wconf 77' lang='lat' dir='ltr'><strong>factas,</strong></span> <span class='ocrx_word' id='word_1_771' title='bbox 423 2735 450 2758; x_wconf 91' lang='lat' dir='ltr'><strong>et</strong></span> <span class='ocrx_word' id='word_1_772' title='bbox 464 2730 628 2766; x_wconf 87' lang='lat' dir='ltr'><strong>approbandi</strong></span> <span class='ocrx_word' id='word_1_773' title='bbox 650 2738 678 2759; x_wconf 91' lang='lat' dir='ltr'><strong>et</strong></span> <span class='ocrx_word' id='word_1_774' title='bbox 690 2735 851 2769; x_wconf 78' lang='lat' dir='ltr'><strong>segregandi</strong></span> <span class='ocrx_word' id='word_1_775' title='bbox 873 2739 996 2770; x_wconf 85' lang='lat' dir='ltr'><strong>potestas</strong></span> 
     </span>
    </p>
   </div>
   <div class='ocr_carea' id='block_1_104' title="bbox 210 2774 996 2815">
    <p class='ocr_par' dir='ltr' id='par_1_104' title="bbox 210 2774 996 2815">
     <span class='ocr_line' id='line_1_104' title="bbox 210 2774 996 2815; baseline 0.01 -13"><span class='ocrx_word' id='word_1_776' title='bbox 210 2774 258 2803; x_wconf 84' lang='lat' dir='ltr'><strong>sit.</strong></span> <span class='ocrx_word' id='word_1_777' title='bbox 279 2775 420 2808; x_wconf 80' lang='lat' dir='ltr'><strong>Quomodo</strong></span> <span class='ocrx_word' id='word_1_778' title='bbox 433 2781 524 2805; x_wconf 84' lang='lat' dir='ltr'><strong>autem</strong></span> <span class='ocrx_word' id='word_1_779' title='bbox 541 2777 724 2807; x_wconf 83' lang='lat' dir='ltr'><strong>revelationes</strong></span> <span class='ocrx_word' id='word_1_780' title='bbox 737 2780 787 2815; x_wconf 89' lang='lat' dir='ltr'><strong>ipsi</strong></span> <span class='ocrx_word' id='word_1_781' title='bbox 809 2780 887 2809; x_wconf 76' lang='lat' dir='ltr'><strong>facta:</strong></span> <span class='ocrx_word' id='word_1_782' title='bbox 903 2782 929 2809; x_wconf 91' lang='lat' dir='ltr'><strong>in</strong></span> <span class='ocrx_word' id='word_1_783' title='bbox 947 2790 996 2810; x_wconf 70' lang='lat' dir='ltr'><strong>cxc-</strong></span> 
     </span>
    </p>
   </div>
   <div class='ocr_carea' id='block_1_105' title="bbox 247 2854 736 2892">
    <p class='ocr_par' dir='ltr' id='par_1_105' title="bbox 247 2854 736 2892">
     <span class='ocr_line' id='line_1_105' title="bbox 247 2854 736 2892; baseline 0.008 -10"><span class='ocrx_word' id='word_1_784' title='bbox 247 2859 261 2874; x_wconf 77' lang='grc' dir='ltr'><strong>ι</strong></span> <span class='ocrx_word' id='word_1_785' title='bbox 277 2854 338 2883; x_wconf 84' lang='lat' dir='ltr'><strong>Jac.</strong></span> <span class='ocrx_word' id='word_1_786' title='bbox 354 2863 392 2888; x_wconf 85' lang='lat' dir='ltr'><strong>tv.</strong></span> <span class='ocrx_word' id='word_1_787' title='bbox 412 2855 439 2884; x_wconf 84' lang='grc'><strong>5.</strong></span> <span class='ocrx_word' id='word_1_788' title='bbox 480 2859 492 2874; x_wconf 82' lang='grc' dir='ltr'><strong>ο</strong></span> <span class='ocrx_word' id='word_1_789' title='bbox 506 2855 603 2886; x_wconf 74' lang='lat' dir='ltr'><strong>Matth.</strong></span> <span class='ocrx_word' id='word_1_790' title='bbox 621 2865 676 2892; x_wconf 75' lang='lat' dir='ltr'><strong>xvi,</strong></span> <span class='ocrx_word' id='word_1_791' title='bbox 694 2859 736 2886; x_wconf 84' lang='lat' dir='ltr'><strong>l9.</strong></span> 
     </span>
    </p>
   </div>
   <div class='ocr_carea' id='block_1_106' title="bbox 1047 2357 1842 2394">
    <p class='ocr_par' dir='ltr' id='par_1_106' title="bbox 1047 2357 1842 2394">
     <span class='ocr_line' id='line_1_106' title="bbox 1047 2357 1842 2394; baseline -0.001 -9"><span class='ocrx_word' id='word_1_792' title='bbox 1047 2359 1110 2390; x_wconf 77' lang='grc' dir='ltr'>τοὺς</span> <span class='ocrx_word' id='word_1_793' title='bbox 1141 2357 1329 2394; x_wconf 82' lang='grc' dir='ltr'>κεκριμένους,</span> <span class='ocrx_word' id='word_1_794' title='bbox 1355 2357 1395 2389; x_wconf 88' lang='grc' dir='ltr'><strong>εἰς</strong></span> <span class='ocrx_word' id='word_1_795' title='bbox 1419 2357 1498 2384; x_wconf 84' lang='grc' dir='ltr'>τοῦτο</span> <span class='ocrx_word' id='word_1_796' title='bbox 1521 2357 1658 2389; x_wconf 83' lang='grc' dir='ltr'>κινοῦντος</span> <span class='ocrx_word' id='word_1_797' title='bbox 1684 2357 1731 2383; x_wconf 84' lang='grc' dir='ltr'><strong>τοῦ</strong></span> <span class='ocrx_word' id='word_1_798' title='bbox 1759 2359 1842 2392; x_wconf 82' lang='grc' dir='ltr'>ἁγίου</span> 
     </span>
    </p>
   </div>
   <div class='ocr_carea' id='block_1_107' title="bbox 1049 2403 1841 2442">
    <p class='ocr_par' dir='ltr' id='par_1_107' title="bbox 1049 2403 1841 2442">
     <span class='ocr_line' id='line_1_107' title="bbox 1049 2403 1841 2442; baseline -0.003 -9"><span class='ocrx_word' id='word_1_799' title='bbox 1049 2406 1216 2442; x_wconf 83' lang='grc' dir='ltr'>Πνεὺματος³</span> <span class='ocrx_word' id='word_1_800' title='bbox 1232 2404 1342 2431; x_wconf 77' lang='grc' dir='ltr'>Λάϐετε</span> <span class='ocrx_word' id='word_1_801' title='bbox 1363 2403 1427 2439; x_wconf 83' lang='grc' dir='ltr'>γὰρ,</span> <span class='ocrx_word' id='word_1_802' title='bbox 1450 2403 1527 2438; x_wconf 75' lang='grc' dir='ltr'>φησὶ,</span> <span class='ocrx_word' id='word_1_803' title='bbox 1543 2404 1664 2438; x_wconf 78' lang='grc' dir='ltr'>Πνεῦμα</span> <span class='ocrx_word' id='word_1_804' title='bbox 1680 2404 1776 2439; x_wconf 79' lang='grc' dir='ltr'>ἅγιον,</span> <span class='ocrx_word' id='word_1_805' title='bbox 1795 2414 1841 2431; x_wconf 87' lang='grc' dir='ltr'>κι-</span> 
     </span>
    </p>
   </div>
   <div class='ocr_carea' id='block_1_108' title="bbox 1049 2449 1849 2486">
    <p class='ocr_par' dir='ltr' id='par_1_108' title="bbox 1049 2449 1849 2486">
     <span class='ocr_line' id='line_1_108' title="bbox 1049 2449 1849 2486; baseline -0.001 -7"><span class='ocrx_word' id='word_1_806' title='bbox 1049 2453 1112 2479; x_wconf 78' lang='grc' dir='ltr'>νοῦν</span> <span class='ocrx_word' id='word_1_807' title='bbox 1133 2452 1205 2486; x_wconf 78' lang='grc' dir='ltr'>ὑμᾶς</span> <span class='ocrx_word' id='word_1_808' title='bbox 1219 2449 1319 2486; x_wconf 87' lang='grc' dir='ltr'>δηλαδὴ</span> <span class='ocrx_word' id='word_1_809' title='bbox 1332 2450 1379 2476; x_wconf 82' lang='grc' dir='ltr'>καὶ</span> <span class='ocrx_word' id='word_1_810' title='bbox 1396 2450 1436 2481; x_wconf 83' lang='grc' dir='ltr'><strong>είς</strong></span> <span class='ocrx_word' id='word_1_811' title='bbox 1458 2449 1531 2476; x_wconf 76' lang='grc' dir='ltr'>δέσιν</span> <span class='ocrx_word' id='word_1_812' title='bbox 1551 2450 1597 2477; x_wconf 71' lang='grc' dir='ltr'><strong>καὶ</strong></span> <span class='ocrx_word' id='word_1_813' title='bbox 1625 2450 1665 2482; x_wconf 84' lang='grc' dir='ltr'><strong>είς</strong></span> <span class='ocrx_word' id='word_1_814' title='bbox 1680 2450 1766 2477; x_wconf 88' lang='grc' dir='ltr'>λύσιν.</span> <span class='ocrx_word' id='word_1_815' title='bbox 1783 2451 1849 2478; x_wconf 63' lang='grc' dir='ltr'><strong>Καὶ</strong></span> 
     </span>
    </p>
   </div>
   <div class='ocr_carea' id='block_1_109' title="bbox 1048 2495 1841 2532">
    <p class='ocr_par' dir='ltr' id='par_1_109' title="bbox 1048 2495 1841 2532">
     <span class='ocr_line' id='line_1_109' title="bbox 1048 2495 1841 2532; baseline -0.003 -8"><span class='ocrx_word' id='word_1_816' title='bbox 1048 2496 1129 2524; x_wconf 62' lang='grc' dir='ltr'>πάλιν</span> <span class='ocrx_word' id='word_1_817' title='bbox 1140 2496 1199 2523; x_wconf 85' lang='grc' dir='ltr'>τότε</span> <span class='ocrx_word' id='word_1_818' title='bbox 1212 2497 1278 2532; x_wconf 77' lang='grc' dir='ltr'>φησὶ</span> <span class='ocrx_word' id='word_1_819' title='bbox 1287 2495 1327 2531; x_wconf 85' lang='grc' dir='ltr'>τῷ</span> <span class='ocrx_word' id='word_1_820' title='bbox 1339 2495 1434 2532; x_wconf 80' lang='grc' dir='ltr'>Πέτρῳ</span> <span class='ocrx_word' id='word_1_821' title='bbox 1446 2497 1460 2522; x_wconf 89' lang='grc' dir='ltr'><strong>ό</strong></span> <span class='ocrx_word' id='word_1_822' title='bbox 1474 2495 1575 2531; x_wconf 87' lang='grc' dir='ltr'>Κύριος</span> <span class='ocrx_word' id='word_1_823' title='bbox 1585 2504 1592 2510; x_wconf 86' lang='grc'><strong>·</strong></span> <span class='ocrx_word' id='word_1_824' title='bbox 1607 2496 1642 2521; x_wconf 90' lang='grc' dir='ltr'><strong>Ὃ</strong></span> <span class='ocrx_word' id='word_1_825' title='bbox 1661 2495 1716 2522; x_wconf 79' lang='grc' dir='ltr'><strong>ἐὰν</strong></span> <span class='ocrx_word' id='word_1_826' title='bbox 1737 2495 1841 2530; x_wconf 76' lang='grc' dir='ltr'>δήσῃς</span> 
     </span>
    </p>
   </div>
   <div class='ocr_carea' id='block_1_110' title="bbox 1047 2541 1840 2578">
    <p class='ocr_par' dir='ltr' id='par_1_110' title="bbox 1047 2541 1840 2578">
     <span class='ocr_line' id='line_1_110' title="bbox 1047 2541 1840 2578; baseline -0.004 -8"><span class='ocrx_word' id='word_1_827' title='bbox 1047 2543 1097 2570; x_wconf 77' lang='grc' dir='ltr'><strong>ἐπὶ</strong></span> <span class='ocrx_word' id='word_1_828' title='bbox 1108 2542 1164 2576; x_wconf 83' lang='grc' dir='ltr'><strong>τῆς</strong></span> <span class='ocrx_word' id='word_1_829' title='bbox 1175 2542 1242 2578; x_wconf 78' lang='grc' dir='ltr'>γῆς,</span> <span class='ocrx_word' id='word_1_830' title='bbox 1255 2542 1303 2569; x_wconf 72' lang='grc' dir='ltr'>καὶ</span> <span class='ocrx_word' id='word_1_831' title='bbox 1312 2542 1346 2568; x_wconf 83' lang='grc' dir='ltr'>τὰ</span> <span class='ocrx_word' id='word_1_832' title='bbox 1356 2541 1418 2577; x_wconf 79' lang='grc' dir='ltr'>ἑξῆς</span> <span class='ocrx_word' id='word_1_833' title='bbox 1428 2550 1434 2556; x_wconf 93' lang='grc'><strong>·</strong></span> <span class='ocrx_word' id='word_1_834' title='bbox 1448 2541 1492 2568; x_wconf 75' lang='grc' dir='ltr'>ὅτε</span> <span class='ocrx_word' id='word_1_835' title='bbox 1503 2541 1552 2573; x_wconf 78' lang='grc' dir='ltr'><strong>τὰς</strong></span> <span class='ocrx_word' id='word_1_836' title='bbox 1564 2541 1639 2573; x_wconf 85' lang='grc' dir='ltr'>θείας</span> <span class='ocrx_word' id='word_1_837' title='bbox 1650 2541 1840 2577; x_wconf 80' lang='grc' dir='ltr'>ἀποκαλύψεις</span> 
     </span>
    </p>
   </div>
   <div class='ocr_carea' id='block_1_111' title="bbox 1048 2587 1841 2624">
    <p class='ocr_par' dir='ltr' id='par_1_111' title="bbox 1048 2587 1841 2624">
     <span class='ocr_line' id='line_1_111' title="bbox 1048 2587 1841 2624; baseline -0.001 -9"><span class='ocrx_word' id='word_1_838' title='bbox 1048 2588 1124 2624; x_wconf 72' lang='grc' dir='ltr'>παρὰ</span> <span class='ocrx_word' id='word_1_839' title='bbox 1140 2588 1187 2615; x_wconf 85' lang='grc' dir='ltr'><strong>τοῦ</strong></span> <span class='ocrx_word' id='word_1_840' title='bbox 1211 2589 1240 2614; x_wconf 78' lang='grc' dir='ltr'>ὲν</span> <span class='ocrx_word' id='word_1_841' title='bbox 1262 2588 1388 2624; x_wconf 78' lang='grc' dir='ltr'>οὐρανοῖς</span> <span class='ocrx_word' id='word_1_842' title='bbox 1410 2587 1517 2623; x_wconf 81' lang='grc' dir='ltr'>Πατρὸς</span> <span class='ocrx_word' id='word_1_843' title='bbox 1533 2587 1711 2622; x_wconf 83' lang='grc' dir='ltr'>ὲνελάμπετο,</span> <span class='ocrx_word' id='word_1_844' title='bbox 1727 2587 1766 2619; x_wconf 84' lang='grc' dir='ltr'>ὡς</span> <span class='ocrx_word' id='word_1_845' title='bbox 1791 2588 1841 2614; x_wconf 85' lang='grc' dir='ltr'>καὶ</span> 
     </span>
    </p>
   </div>
   <div class='ocr_carea' id='block_1_112' title="bbox 1046 2635 1841 2672">
    <p class='ocr_par' dir='ltr' id='par_1_112' title="bbox 1046 2635 1841 2672">
     <span class='ocr_line' id='line_1_112' title="bbox 1046 2635 1841 2672; baseline -0.001 -9"><span class='ocrx_word' id='word_1_846' title='bbox 1046 2636 1093 2663; x_wconf 82' lang='grc' dir='ltr'><strong>τοῦ</strong></span> <span class='ocrx_word' id='word_1_847' title='bbox 1114 2636 1249 2672; x_wconf 87' lang='grc' dir='ltr'>μακαρίου</span> <span class='ocrx_word' id='word_1_848' title='bbox 1267 2635 1382 2672; x_wconf 80' lang='grc' dir='ltr'>Πέτρου,</span> <span class='ocrx_word' id='word_1_849' title='bbox 1404 2636 1452 2662; x_wconf 80' lang='grc' dir='ltr'>καὶ</span> <span class='ocrx_word' id='word_1_850' title='bbox 1472 2635 1573 2667; x_wconf 78' lang='grc' dir='ltr'>παντὸς</span> <span class='ocrx_word' id='word_1_851' title='bbox 1598 2635 1647 2662; x_wconf 80' lang='grc' dir='ltr'><strong>τοῦ</strong></span> <span class='ocrx_word' id='word_1_852' title='bbox 1671 2635 1731 2662; x_wconf 76' lang='grc' dir='ltr'>κατ’</span> <span class='ocrx_word' id='word_1_853' title='bbox 1755 2635 1841 2662; x_wconf 81' lang='grc' dir='ltr'>αὐτὸν</span> 
     </span>
    </p>
   </div>
   <div class='ocr_carea' id='block_1_113' title="bbox 1047 2680 1842 2718">
    <p class='ocr_par' dir='ltr' id='par_1_113' title="bbox 1047 2680 1842 2718">
     <span class='ocr_line' id='line_1_113' title="bbox 1047 2680 1842 2718; baseline -0.001 -10"><span class='ocrx_word' id='word_1_854' title='bbox 1047 2683 1186 2718; x_wconf 78' lang='grc' dir='ltr'>ίεράρχου,</span> <span class='ocrx_word' id='word_1_855' title='bbox 1203 2681 1274 2708; x_wconf 87' lang='grc' dir='ltr'><strong>κατά</strong></span> <span class='ocrx_word' id='word_1_856' title='bbox 1286 2681 1335 2714; x_wconf 82' lang='grc' dir='ltr'><strong>τὰς</strong></span> <span class='ocrx_word' id='word_1_857' title='bbox 1347 2681 1376 2708; x_wconf 75' lang='grc' dir='ltr'>ἐν</span> <span class='ocrx_word' id='word_1_858' title='bbox 1393 2681 1467 2717; x_wconf 84' lang='grc' dir='ltr'>αὐτῷ</span> <span class='ocrx_word' id='word_1_859' title='bbox 1485 2681 1628 2716; x_wconf 82' lang='grc' dir='ltr'>γινομένας</span> <span class='ocrx_word' id='word_1_860' title='bbox 1643 2680 1789 2716; x_wconf 85' lang='grc' dir='ltr'>οὐρανόθεν</span> <span class='ocrx_word' id='word_1_861' title='bbox 1805 2681 1842 2708; x_wconf 80' lang='grc' dir='ltr'>ὲκ</span> 
     </span>
    </p>
   </div>
   <div class='ocr_carea' id='block_1_114' title="bbox 1046 2723 1842 2761">
    <p class='ocr_par' dir='ltr' id='par_1_114' title="bbox 1046 2723 1842 2761">
     <span class='ocr_line' id='line_1_114' title="bbox 1046 2723 1842 2761; baseline -0.004 -8"><span class='ocrx_word' id='word_1_862' title='bbox 1046 2726 1114 2753; x_wconf 81' lang='grc' dir='ltr'>Θεοῦ</span> <span class='ocrx_word' id='word_1_863' title='bbox 1131 2725 1324 2761; x_wconf 71' lang='grc' dir='ltr'>ἀποκαλύψεις,</span> <span class='ocrx_word' id='word_1_864' title='bbox 1338 2726 1385 2752; x_wconf 73' lang='grc' dir='ltr'>καὶ</span> <span class='ocrx_word' id='word_1_865' title='bbox 1398 2724 1622 2761; x_wconf 79' lang='grc' dir='ltr'>προσδεχομένου,</span> <span class='ocrx_word' id='word_1_866' title='bbox 1636 2725 1683 2751; x_wconf 80' lang='grc' dir='ltr'>καὶ</span> <span class='ocrx_word' id='word_1_867' title='bbox 1693 2723 1842 2760; x_wconf 73' lang='grc' dir='ltr'>ἀφορίζον-</span> 
     </span>
    </p>
   </div>
   <div class='ocr_carea' id='block_1_115' title="bbox 1046 2768 1841 2807">
    <p class='ocr_par' dir='ltr' id='par_1_115' title="bbox 1046 2768 1841 2807">
     <span class='ocr_line' id='line_1_115' title="bbox 1046 2768 1841 2807; baseline -0.005 -9"><span class='ocrx_word' id='word_1_868' title='bbox 1046 2779 1101 2804; x_wconf 83' lang='grc' dir='ltr'>τος.</span> <span class='ocrx_word' id='word_1_869' title='bbox 1117 2771 1180 2804; x_wconf 86' lang='grc' dir='ltr'>Πῶς</span> <span class='ocrx_word' id='word_1_870' title='bbox 1193 2771 1221 2798; x_wconf 78' lang='grc' dir='ltr'>δὲ</span> <span class='ocrx_word' id='word_1_871' title='bbox 1238 2772 1266 2798; x_wconf 80' lang='grc' dir='ltr'>αἱ</span> <span class='ocrx_word' id='word_1_872' title='bbox 1283 2772 1314 2798; x_wconf 82' lang='grc' dir='ltr'>ὲν</span> <span class='ocrx_word' id='word_1_873' title='bbox 1334 2771 1430 2807; x_wconf 73' lang='grc' dir='ltr'>ἐκείνῳ</span> <span class='ocrx_word' id='word_1_874' title='bbox 1443 2769 1626 2805; x_wconf 79' lang='grc' dir='ltr'>ἀποκαλύψεις</span> <span class='ocrx_word' id='word_1_875' title='bbox 1644 2769 1691 2796; x_wconf 78' lang='grc' dir='ltr'>καὶ</span> <span class='ocrx_word' id='word_1_876' title='bbox 1712 2768 1760 2795; x_wconf 79' lang='grc' dir='ltr'><strong>ἐπὶ</strong></span> <span class='ocrx_word' id='word_1_877' title='bbox 1780 2768 1841 2801; x_wconf 73' lang='grc' dir='ltr'>τοῖς</span> 
     </span>
    </p>
   </div>
  </div>
