1929 3068
62 154 113 186 581

329 155 375 189 DE
390 155 531 184 ECCLES.
553 154 753 186 HIERARCH..
771 153 849 186 CAP.
869 153 926 183 VII.
942 169 956 176 -
985 153 1161 184 PARAPHR.
1179 155 1415 185 PACHYMERzE.

1641 161 1696 190 582

61 217 166 252 ἑτέροις
176 212 320 251 ῐερᾷρχαις
337 213 442 241 ἔσονται
459 214 494 240 δι’
511 211 549 241 ὧν
572 214 658 241 ταῦτα
674 215 721 241 καὶ
738 214 852 250 ἐνεργή-

916 213 972 240 eris
987 219 1095 247 quoque
1106 213 1279 248 pontiﬁcibus
1290 219 1380 247 erunt,
1393 215 1430 243 ita
1444 220 1474 244 ut
1488 223 1536 251 per
1553 217 1602 246 bos
1612 218 1696 248 etiam

62 266 166 293 σουσιν,
191 260 209 296 ἢ
222 261 263 286 ὅτι
284 259 537 296 διαπορθμευτικῶς
552 261 600 288 καὶ
616 260 853 296 ὰλληλοδιαδόχως,

61 307 111 334 καὶ
136 304 357 341 ὲκφαντορικῶςς
375 305 450 341 Ὅσῳ
466 306 521 341 γὰρ
542 304 725 341 πληθύνονται
741 304 776 332 τὰ
799 305 855 332 τῶν

61 352 262 388 ἀποκαλύψεων
273 352 301 379 ὲν
311 352 428 385 πολλοῖς,
437 352 557 388 τοσούτῳ
566 351 664 388 μᾶλλον
669 352 852 387 ἐκφαίνονται.

61 400 119 426 Καὶ
131 398 186 434 γὰρ
198 398 247 434 τὴν
265 398 341 434 ἱερὰν
359 398 466 434 ἐκείνην
483 398 632 433 θεολογίαν,
650 399 709 435 τήν·
725 399 767 426 Σὺ
790 399 817 426 εἷ
839 401 857 427 ὀ

61 444 193 479 Χριστὸς
206 445 224 471 ὀ
241 443 308 478 Υιὸς
322 444 374 471 τοῦ
386 444 460 471 Θεοῦ
473 444 526 471 τοῦ
539 443 656 477 ζῶντος,
672 445 722 471 οὐκ
736 443 782 480 ἀφ’
796 445 857 471 ἑαυε

60 491 122 525 τοῦ,
132 491 186 517 οὐδ’
194 490 248 517 ἀπὸ
256 490 355 526 σαρκὸς
364 490 411 516 καὶ
421 490 544 525 αἵματος,
555 490 611 516 ἀλλ’
620 490 672 517 ὑπὸ
680 490 747 517 Θεοῦ
759 490 857 526 μυοῦν-

61 546 111 569 τος
129 536 177 564 καὶ
198 537 336 568 κινοῦν-τος
364 537 444 563 αὑτὸν
472 536 671 572 ἀπεφθέγξατο.
697 537 767 569 Τοὺς
791 536 856 572 γοῦν

62 584 202 621 ἀρχιερεῖς
214 583 285 610 οὕτω
301 584 361 615 ταῖς
380 583 549 619 ίεραρχικαῖς
562 583 692 619 δυνάμεσι
712 583 855 619 χρηστέον.

69 630 180 666 Ἀττικὴ
193 630 247 666 δὲή
262 629 397 663 σύνταξις,
410 629 458 656 καὶ
469 628 590 665 ἀρχαῖον,
603 629 633 656 τὸ
649 630 807 656 συντάσσειν
822 629 856 656 τὰ

64 675 214 703 omnemi:
228 676 392 706 αἰτιατικαῖς
411 674 562 702 πτώσεων
581 674 652 702 οὕτω
673 684 741 707 πως,
766 675 857 707 καθὼς

64 723 100 751 ἂν
116 723 221 759 κινήσοι
234 722 332 753 αὐτοὺς
348 723 362 748 ό
373 721 449 754 Θεός·
460 722 523 753 τοὺς
539 721 568 748 δὲ
584 721 681 754 ἄλλους
693 722 763 749 οὕτω
777 730 858 758 προσ-

64 768 190 796 ενεκτέον
209 769 267 799 τοῖς
294 767 436 803 ἱεράρχαις
460 767 518 802 (καὶ
540 766 618 793 τοῦτο
636 767 690 803 γὰρ
706 768 778 794 οὕτω
795 776 858 794 συν-

63 813 205 850 τάσσεται)
231 813 270 845 ὠς
285 813 338 840 ὑπὸ
354 812 421 839 Θεοῦ
446 813 649 848 κεκινημένοις·
669 814 736 850 πρὸς
759 814 858 847 αὐτοὺς

64 861 121 897 γάρ
134 861 192 887 ἐστι
206 860 220 887 ό
231 859 277 886 τοῦ
290 859 425 886 Δεσπότω
432 858 549 895 Χριστοῦ
557 859 645 894 λόγος,
664 860 694 887 '0
703 859 779 895 ὑμᾶς
789 860 856 888 ἀθε-

65 907 136 939 τῶν,
150 905 204 941 ἐμὲ
215 905 325 934 ἀθετεῖ.

102 952 116 988 §
130 943 194 978 Vlll.
212 950 280 978 Ἀλλ’
290 950 483 982 ἐπανελθόντες
493 950 619 986 λέγομεν,
631 951 672 978 ὅτι
683 951 860 988 τελεσθείσης

65 998 118 1034 τῆς
132 998 226 1034 εὐχῆς,
248 997 416 1030 ἀσπάζονται
432 997 552 1029 ἅπαντες
566 997 613 1024 τὸν
639 997 838 1034 κεκοιμημένον
851 1006 859 1014 δ

65 1044 135 1080 ἡδὺς
145 1044 201 1080 γὰρ
215 1043 263 1071 καὶ
280 1043 371 1080 τίμιος
383 1044 397 1070 ό
413 1043 499 1078 ἁγίως
517 1043 664 1079 βεϐιωκώς.
678 1043 757 1071 Μετὰ
772 1043 860 1071 ταῦτα

67 1088 172 1126 ὲπιχέει
185 1090 216 1117 τὺ
236 1090 324 1117 ἔλαιον
337 1091 351 1117 ό
372 1090 501 1126 ἱεράρχης
518 1089 557 1126 τῷ
568 1091 696 1126 κειμένῳ.
716 1090 860 1126 Ἑλέγομεν

65 1135 96 1162 δὲ
112 1137 140 1162 ἐν
152 1136 210 1167 τοῖς
223 1133 343 1170 περὶτοῦ
357 1134 530 1170 φωτίσματος
546 1135 645 1169 λόγοις,
663 1134 701 1167 ὡς
716 1135 756 1171 τῷ
778 1135 861 1171 ἐλαίῳ

67 1180 186 1218 πρώτως
205 1181 312 1216 ὲχρίετο
338 1182 352 1208 ό
370 1180 532 1216 τελούμενος
554 1181 614 1217 μεθ’
636 1181 650 1208 ὃ
673 1181 723 1217 τῆς
746 1181 861 1217 ἐσθῆτος

68 1227 273 1262 ἀπεγυμνοῦτο·
287 1227 402 1254 ἐνταῦθα
423 1228 452 1254 ὲν
473 1227 512 1263 τῷ
526 1227 610 1260 τέλει,
635 1227 683 1254 καὶ
702 1227 788 1254 ταῦτα
811 1228 861 1254 οὐκ

68 1274 232 1305 ἀπεικότως.
255 1273 363 1309 Ἐπειδὴ
382 1273 436 1309 γὰρ
462 1273 509 1300 καὶ
529 1274 554 1300 οἱ
572 1274 612 1305 είς
634 1273 744 1308 ἀγῶνας
764 1274 861 1311 εὑτρε-

69 1320 211 1356 πιζόμενοι
228 1320 359 1357 χρίονται,
385 1321 431 1347 καὶ
448 1320 474 1347 oi
494 1320 548 1347 τῶν
564 1320 676 1356 ἀγώνων
692 1321 863 1357 παυσάμενοι

70 1367 119 1394 καὶ
141 1367 195 1394 τῶν
213 1367 332 1403 ἱδρώτων
356 1366 573 1402 ἀπολουσάμενοι
595 1367 728 1403 χρίονται,
748 1367 860 1400 εἰκότως

69 1413 119 1440 καὶ
131 1413 177 1440 ἐπὶ
198 1413 313 1445 τούτοις,
338 1412 429 1439 ἐκεῖσε
443 1412 493 1447 μὲν
513 1413 574 1440 κατ’
590 1412 677 1449 ἀρχὰς
694 1413 800 1450 ἐχρίετο
820 1414 862 1446 εῑς

69 1459 134 1491 τοὺς
147 1458 254 1493 ἀγῶνας
271 1459 485 1495 ὑπαλειφόμενος
494 1478 503 1491 ,
522 1459 638 1486 ἐνταῦθα
650 1459 678 1486 δὲ
690 1460 719 1487 ὲν
738 1459 778 1496 τῷ
789 1459 862 1487 τέλει

70 1503 180 1530 πάντων
190 1502 228 1535 ὡς
242 1502 296 1531 τῶν
308 1503 420 1538 ἀγώνων
431 1504 670 1539 ἀποπαυσάμενος.

907 259 964 286 haec
974 263 1132 292 operentur,
1148 259 1199 286 nisi
1212 267 1261 294 per
1273 260 1447 289 traditionem
1458 267 1487 290 et
1498 269 1619 293 mutuam
1633 273 1698 294 suc-

906 305 1060 332 cessionem
1083 309 1111 332 et
1133 305 1403 334 manifestationem?
1423 308 1531 342 Quanto
1555 311 1628 339 enim
1653 319 1698 340 re—

906 351 1054 378 velationes
1070 352 1096 378 in
1114 351 1238 386 pluribus
1260 351 1490 388 multiplicantur,
1513 360 1589 384 tanto
1611 358 1698 393 magis

906 396 1127 424 tnanil‘estantur.
1144 397 1252 425 Etenim
1268 405 1375 426 sacram
1389 399 1462 428 illam
1481 400 1528 429 Dei
1546 402 1699 438 professio-

907 450 991 470 nem:
1008 443 1048 470 Tu
1071 452 1098 471 es
1126 442 1247 471 Christus
1271 443 1362 472 Filius
1388 445 1438 473 Dei
1457 447 1520 479 viui,
1543 456 1595 476 non
1609 457 1624 477 a
1650 458 1697 478 se‘

908 491 1035 526 metipso.
1052 498 1139 526 neque
1153 499 1168 519 a
1183 499 1265 519 carne
1276 498 1304 520 et
1319 493 1468 533 sanguine,_
1478 494 1525 522 sed
1540 494 1595 530 Deo
1606 496 1696 531 ipsum

908 536 960 563 hoc
981 536 1095 563 docente
1115 543 1148 563 ac
1176 541 1302 564 movente
1326 538 1532 572 pronuntiabat.
1562 539 1698 568 Similiter

909 583 1001 617 itaque
1025 583 1170 618 pontiﬁces
1183 583 1378 611 ecclesiasticis
1399 585 1582 620 potestatibus
1595 587 1634 614 uti
1649 587 1698 614 de-

908 631 984 658 bent.
999 631 1088 658 Attica
1103 637 1145 659 est
1161 631 1284 667 syntaxis
1295 636 1322 659 et
1335 636 1440 660 vetusta
1455 634 1636 669 constructio,
1644 643 1697 669 qua

908 678 1112 712 propositiones
1146 678 1292 705 accusandi
1326 678 1437 706 casibus
1462 679 1630 714 efferuntur;
1658 682 1700 709 sic

910 723 1049 756 nimirum,
1066 730 1099 751 ac
1114 724 1137 750 si
1165 727 1288 750 moveret
1301 731 1349 751 eos
1371 723 1459 757 Deus;
1479 726 1588 754 eaeteris
1607 731 1698 754 autem

909 769 948 795 ita
963 768 1107 802 pontiﬁces
1131 768 1295 796 observandi
1314 774 1379 796 sunt
1398 769 1474 804 (nam
1487 774 1515 798 et
1534 771 1586 798 hoc
1601 772 1698 799 eodem

909 814 990 842 modo
1007 814 1189 849 construitur)
1203 818 1331 849 tanquam
1346 815 1393 850 qui
1412 823 1426 842 a
1441 814 1497 843 Deo
1513 822 1676 845 moveantur
1690 827 1699 845 :

911 861 945 888 ad
968 868 1016 889 eos
1036 861 1108 888 enim
1132 865 1174 889 est
1197 868 1287 889 sermo
1311 861 1415 890 Christi
1437 861 1544 891 Domini
1561 871 1568 890 :
1585 863 1638 896 Qui
1655 872 1701 892 vos

909 907 1018 942 spernit,
1029 915 1070 934 me
1081 907 1179 942 spernit
1192 911 1217 934 P.

947 952 961 988 ε
978 952 1045 980 Vlll.
1059 952 1194 980 Caeterum
1218 950 1253 980 ad
1273 955 1374 980 textum
1393 953 1549 988 redeuntes,
1571 952 1700 989 dicimus,

916 998 992 1026 ﬁnita
1008 998 1179 1033 precatione,
1193 1004 1289 1026 omnes
1299 997 1455 1026 del‘unttum
1468 999 1605 1033 salutare;
1621 1009 1700 1028 acce-

911 1049 973 1081 ptus
990 1045 1062 1073 enim
1076 1048 1104 1072 et
1115 1044 1219 1072 honore
1231 1043 1330 1079 dignus
1344 1048 1386 1072 est
1410 1045 1535 1080 quisquis
1551 1051 1644 1074 sancte
1662 1047 1702 1074 vi-

913 1091 962 1118 xit.
974 1091 1072 1118 Postea
1092 1089 1215 1125 pontifex
1230 1089 1362 1117 defuncto
1378 1090 1467 1118 oleum
1483 1090 1609 1118 ali’undit.
1625 1091 1702 1120 Dixi-

911 1144 973 1164 mus
990 1141 1079 1164 autem
1098 1137 1125 1164 in
1141 1136 1174 1164 iis
1191 1144 1252 1172 qua:
1269 1137 1302 1164 de
1323 1137 1523 1166 illuminatione
1539 1139 1610 1166 dicta
1625 1145 1701 1172 sunt,

911 1184 1049 1218 quomodo
1063 1182 1212 1210 initiandus
1226 1182 1343 1217 primum
1357 1183 1419 1211 olco
1440 1183 1620 1219 inungeretnr
1642 1190 1705 1220 post

911 1229 1026 1257 vestium
1042 1228 1240 1265 depositionem
1252 1237 1261 1263 ;
1274 1229 1314 1257 sic
1325 1233 1352 1256 et
1369 1230 1412 1257 hic
1427 1230 1453 1256 in
1470 1230 1534 1263 ﬁne,
1552 1236 1579 1257 et
1591 1231 1702 1264 quidem

911 1282 964 1303 non
986 1275 1135 1303 immerito;
1152 1275 1220 1303 Cum
1236 1275 1308 1302 enim
1334 1275 1354 1302 ii
1380 1275 1426 1310 qui
1445 1275 1478 1302 ad
1493 1276 1645 1303 certamina
1662 1276 1702 1303 in-

911 1325 1067 1354 struuntur,
1094 1320 1281 1357 intinguntur;
1307 1320 1348 1348 uti
1380 1320 1445 1349 etii
1469 1321 1514 1356 qui
1538 1328 1552 1348 a
1573 1322 1707 1349 certando

912 1371 1034 1399 cessant,
1055 1369 1082 1394 et
1108 1366 1222 1394 sudores
1239 1365 1444 1399 absterserunt;
1460 1366 1558 1393 merito
1580 1366 1661 1393 etiam
1677 1366 1704 1393 in

913 1411 955 1440 his
968 1421 974 1439 :
988 1411 1024 1439 ibi
1039 1411 1148 1446 quidem
1161 1412 1187 1439 in
1201 1411 1346 1447 principio,
1363 1411 1385 1439 is
1395 1412 1440 1450 qui
1455 1411 1605 1439 certamina
1619 1411 1704 1439 susci—

913 1458 964 1493 pit,
981 1458 1026 1486 bic
1039 1465 1106 1486 vero
1120 1457 1147 1485 in
1164 1458 1217 1485 ﬁnc
1236 1458 1371 1491 omnium,
1387 1463 1517 1493 tauquam
1538 1458 1585 1494 qui
1609 1465 1624 1485 a
1645 1465 1706 1485 cer-

916 1502 1000 1531 tando
1014 1502 1131 1535 desistit,
1147 1502 1298 1537 iniungitur.
1573 1510 1575 1513 ·

105 1549 119 1585 §
134 1548 178 1576 IX.
192 1547 285 1576 Ταῦτα
296 1549 408 1582 τελέσας
421 1550 435 1576 ό
448 1549 590 1585 ἶεράρχης,
604 1549 749 1586 ἁποτίθησι
765 1550 862 1587 τιμίως

951 1547 966 1583 §
982 1545 1028 1575 IX.
1042 1547 1091 1575 llis
1105 1548 1234 1582 peractis,
1252 1548 1375 1583 pontifex
1400 1545 1522 1574 defuncti
1537 1552 1637 1580 corpus
1657 1545 1705 1572 bo«

66 1595 100 1623 τὸ
116 1595 196 1630 σῶμα
214 1594 274 1631 μεθ’
289 1594 390 1631 ἐτέρων
414 1594 498 1631 ῐερῶν
515 1595 660 1630 σωμάτων.
684 1596 792 1633 Ἐπειδὴ
808 1596 864 1633 γὰρ

67 1640 84 1669 ὁ
97 1641 219 1676 φιλόθεος
232 1641 374 1677 ἄνθρωπος
388 1642 417 1668 ὲν
434 1641 506 1677 ψυχῇ
524 1642 572 1668 καὶ
597 1640 703 1677 σώματι
728 1642 864 1675 συνεστὼς

64 1688 116 1715 τὸν
126 1686 254 1723 ὲνᾶρετον
269 1687 324 1722 βίον
337 1687 520 1719 ἐπολιτεύετο,
543 1687 587 1714 ἵνα
601 1687 628 1713 τί
642 1688 692 1723 τῆς
712 1687 801 1723 ψυχῆς
813 1688 864 1714 αὑ-

71 1731 220 1769 λιζομένης
238 1733 266 1760 ἐν
278 1732 401 1768 ἀγαθοῖς,
417 1732 447 1759 τὸ
461 1733 540 1768 σῶμα
557 1733 795 1769 παροραθήσεται,
817 1733 864 1760 καὶ

67 1780 101 1806 οὔ
113 1779 212 1814 τιμίως
226 1779 440 1815 κατατεθήσεται
454 1788 461 1812 ;
478 1779 533 1806 Καὶ
554 1779 609 1815 γὰρ
628 1778 676 1806 καὶ
699 1780 728 1806 αι
752 1779 867 1816 ἀμοιϐαὶ

68 1827 104 1862 τῇ
114 1825 187 1861 ψυχῇ
205 1825 275 1861 μετὰ
289 1824 414 1861 σώματος
427 1825 595 1861 δοθήσονται,
610 1825 665 1851 εἴτε
677 1825 732 1852 τῶν
743 1825 863 1860 ἀγαθῶν,

69 1871 130 1898 εἴτε
142 1871 196 1898 τῶν
209 1871 312 1903 κακῶν,
328 1871 402 1908 παρὰ
414 1870 460 1898 τοῦ
475 1871 581 1898 δικαίου
605 1870 717 1907 Κριτοῦ.
730 1870 776 1897 Διὸ
790 1871 837 1897 καὶ
850 1870 865 1897 ὸ

69 1916 145 1952 ίερὺς
170 1916 270 1953 θεσμὸς
285 1917 333 1943 καὶ
350 1916 494 1952 ἀμφότερα
517 1915 636 1950 ἁγιάζει,
654 1916 704 1952 τὴν
720 1924 751 1942 τε
776 1915 865 1952 ψυχὴν

71 1963 123 1990 καὶ
139 1962 169 1989 τὺ
184 1963 277 1998 σῶμα·
293 1955 344 1998 τὴν
365 1962 455 1998 ψυχὴν
473 1962 533 1997 μὲν,
557 1962 587 1988 ὲν
605 1962 716 1998 νοηταῖς
738 1961 866 1998 θεωρίαις

69 2008 122 2036 καὶ
137 2009 276 2045 ἐπιστήμῃ
292 2008 347 2035 τῶν
364 2008 534 2044 τελουμένων
546 2016 554 2023 ·
568 2007 598 2035 τὺ
613 2007 693 2044 σῶμα
708 2007 738 2035 δὲ
748 2008 788 2044 τῷ
801 2008 866 2044 θείῳ

72 2054 163 2090 μύρῳ.
189 2054 249 2080 Ἔτι
264 2054 292 2080 δὲ
321 2054 370 2080 καὶ¹
389 2055 446 2086 τοῖς
467 2053 630 2088 ἁγιωτάτοις
654 2054 797 2089 ωμὸὀλοις
815 2054 866 2089 τῆς

70 2100 150 2132 Θείας
166 2099 342 2136 μεταλήψεως
353 2099 472 2134 ἁγιάζων
484 2099 572 2126 πάντα
586 2099 633 2126 τὸν
649 2099 801 2135 ἄνθρωπον,
819 2099 867 2127 καὶ

69 2147 123 2183 τὴν
134 2146 226 2182 όλικὴν
242 2146 335 2179 αὑτοῦ,
349 2147 433 2183 ἤγουν
449 2147 498 2173 καὶ
517 2147 568 2182 τὴν
591 2147 640 2182 τῆς
653 2146 743 2182 ψυχῆς
757 2147 804 2173 καὶ
816 2146 866 2182 τὴν

70 2191 120 2219 τοῦ
138 2190 263 2227 σώματος
279 2193 414 2228 σωτηρίαν
439 2192 597 2229 ίερουργῶν,
621 2192 669 2219 καὶ
695 2192 776 2220 πάλιν
796 2192 867 2219 οὕτω

69 2237 246 2274 τελειοτάτην
265 2237 431 2273 διαγγέλλων
446 2238 493 2264 καὶ
504 2238 554 2274 τὴν
567 2238 725 2265 ἀνάστασιν.

110 2321 170 2359 ςΧ.
183 2322 238 2355 Τὰς
251 2322 279 2350 δὲ
287 2323 337 2359 τῆς
348 2323 514 2360 χειροτονίας
527 2324 610 2360 εὐχὰς
622 2325 652 2352 οὗ
666 2324 775 2361 θεμιτὸν
784 2327 866 2363 ἀφερ-

74 2369 215 2406 μηνεύειν,
236 2370 319 2406 ἦγουν
335 2370 394 2406 μεθ’
409 2370 558 2407 ἑρμηνείας
572 2372 753 2408 δημοσιεύειν,
771 2382 867 2409 μυστι-

73 2415 127 2447 κὰς
138 2414 221 2447 οὔσας
234 2415 281 2442 καὶ
302 2415 477 2452 ἀπορρήτους
487 2424 493 2431 ·
509 2417 538 2443 οὺ
558 2417 611 2453 χρὴ
627 2417 656 2444 δὲ
672 2418 780 2452 ἐξάγειν
798 2419 866 2454 πρὸς

72 2462 106 2489 τδ
128 2461 217 2489 κοινὸν
238 2461 288 2494 τὰς
302 2462 335 2489 ὲκ
348 2462 403 2488 τῶν
417 2462 504 2497 εὐχῶν
516 2463 688 2500 δωρουμένας
701 2466 758 2496 τοῖς
772 2463 865 2491 τελου-

75 2508 170 2544 μένοις
190 2508 320 2543 δυνάμεις
342 2508 390 2535 τοῦ
409 2508 578 2544 Πνεύματος.
601 2509 680 2536 Ἀλλὰ
698 2510 742 2542 σὺ,
765 2510 870 2543 ταύτας

73 2554 148 2581 κατὰ
173 2553 223 2590 τὴν
245 2553 322 2581 θείαν
340 2554 490 2590 παράδοσιν
515 2555 653 2590 μυστικῶς
677 2555 804 2592 ἐκμαθὼν
822 2557 869 2584 καὶ

73 2600 148 2636 πρὸς
171 2600 310 2636 θειοτέραν
325 2600 452 2636 ἀναχθεὶς
476 2600 542 2633 ἕξιν,
557 2600 672 2636 φθάσεις
685 2602 732 2628 καὶ
749 2602 799 2638 τὴν
811 2601 869 2629 τῶν

72 2645 205 2673 τοιούτων
225 2647 380 2682 ἐπιστήμην
397 2647 520 2682 omni“
534 2647 693 2684 ίεραρχικῆς
710 2647 869 2684 ὲλλάμψεως

73 2692 158 2730 (αὕτη
179 2694 234 2728 γάρ
259 2695 333 2721 ἐστιν
352 2695 369 2730 ἡ
399 2693 496 2721 πασῶν
514 2693 568 2721 τῶν
590 2693 706 2721 τελετῶν
727 2694 870 2730 ἄρχουσα)

72 2738 174 2774 ὀδηγού
177 2747 267 2775 μενος.

112 2786 126 2823 §
141 2786 188 2813 ΧΙ.
205 2785 343 2814 Ἐντεῦθεν
355 2787 415 2823 ὅρα,
426 2786 454 2814 τί
467 2794 548 2824 φησιν
559 2788 573 2814 ό
586 2787 680 2823 Πατὴρ
696 2787 758 2823 περὶ
770 2786 817 2813 τοῦ
833 2786 868 2815 τὰ

113 2878 126 2901 ι
138 2873 205 2902 Luc.
219 2882 245 2908 κ,
263 2874 307 2902 16.

880 2263 905 2293 ι)

913 1599 994 1622 nesto
1013 1593 1074 1621 loco
1101 1594 1225 1621 recondit
1245 1600 1307 1620 cum
1332 1592 1392 1619 aliis
1417 1591 1581 1626 corporibus
1607 1590 1705 1619 sacris.

914 1640 981 1669 Cum
997 1640 1069 1668 enim
1093 1640 1116 1667 is
1131 1639 1177 1674 qui
1206 1639 1351 1666 defunctus
1378 1642 1430 1670 est,
1447 1637 1538 1665 anima
1565 1636 1649 1665 simul
1677 1642 1704 1665 et

914 1694 1028 1722 corpore
1041 1691 1180 1719 constans,
1194 1690 1317 1714 sanctam
1337 1684 1420 1713 vitam
1435 1684 1532 1720 egerit,
1549 1692 1601 1712 cur
1612 1685 1704 1711 anima

915 1734 942 1761 in
967 1733 1047 1761 bonis
1073 1736 1263 1760 commorante
1277 1738 1376 1766 corpus
1400 1731 1594 1766 negligerctur,
1609 1735 1706 1758 etnon

915 1780 1028 1808 honeste
1040 1778 1240 1814 deponeretur?
1254 1778 1361 1806 Etenim
1385 1785 1400 1805 a
1415 1777 1489 1813 justo
1501 1777 1594 1812 judice
1611 1777 1706 1805 condi-

915 1834 967 1862 gna
983 1826 1132 1853 retributio
1147 1826 1246 1852 anima:
1264 1832 1318 1852 una
1341 1831 1403 1851 cum
1421 1830 1536 1858 corpore
1550 1822 1704 1852 donabitur,

915 1873 974 1901 sive
988 1873 1122 1900 bonorum
1144 1873 1203 1900 sive
1230 1871 1380 1901 malorum.
1400 1870 1503 1897 Idcirco
1519 1869 1602 1897 etiam
1627 1876 1705 1896 sacra

915 1919 958 1946 lex
974 1923 1090 1953 utraque
1102 1917 1269 1950 sanctiﬁcat,
1285 1923 1339 1944 tam
1356 1923 1456 1950 corpus
1471 1922 1551 1950 quam
1568 1914 1705 1942 animam:

916 1965 1035 1992 animam
1062 1964 1142 1999 28]
1158 1963 1267 1998 quidem
1279 1983 1287 1996 ,
1310 1963 1336 1989 in
1354 1961 1522 1997 spiritalibus
1541 1960 1708 1994 contempla-

917 2011 1036 2038 tionibus
1070 2016 1153 2045 atque
1173 2010 1290 2038 scientia
1314 2016 1408 2037 eorum
1432 2016 1491 2043 quae
1514 2007 1706 2038 celebrantur;

916 2062 1015 2091 corpus
1029 2063 1104 2087 vero,
1118 2056 1210 2083 divino
1225 2058 1372 2090 unguento.
1388 2054 1457 2088 Quin
1484 2058 1511 2080 et
1525 2052 1706 2080 sanctissimis

917 2101 1049 2137 symbolis
1076 2101 1175 2129 divina:
1202 2100 1423 2136 participationis
1449 2104 1533 2127 totum
1567 2098 1707 2126 hominem

917 2147 1082 2179 sanctiﬁcat,
1107 2151 1191 2182 atque
1205 2147 1314 2174 letalem
1338 2146 1407 2179 eius,
1425 2145 1523 2172 animm
1550 2143 1656 2171 scilicet
1679 2147 1708 2169 et

917 2193 1051 2228 corporis,
1065 2193 1181 2221 salutem
1195 2197 1336 2228 operatur,
1351 2199 1402 2219 nec
1418 2199 1471 2219 non
1486 2193 1537 2219 hoc
1551 2191 1630 2218 modo
1645 2198 1709 2225 per-

918 2239 1094 2268 fectissimam
1126 2239 1166 2268 illi
1199 2247 1307 2275 quoque
1339 2240 1568 2268 resurrectiOncm
1598 2246 1708 2266 annun-

919 2286 978 2314 tiat.

957 2331 1020 2367 ςχ.
1043 2331 1226 2359 Invocationes
1251 2339 1332 2366 porro
1353 2331 1535 2359 ordinationis
1563 2330 1641 2357 nefas
1663 2334 1708 2357 est

920 2377 1107 2412 interpretari,
1129 2384 1176 2405 seu
1202 2378 1364 2413 explicando
1389 2378 1540 2413 publicare,
1567 2384 1628 2404 cum
1650 2384 1708 2412 my-

919 2423 995 2450 stica:
1019 2423 1075 2451 sint
1095 2428 1123 2450 et
1137 2431 1262 2456 areante;
1283 2431 1336 2451 non
1352 2428 1460 2459 oportet
1474 2428 1565 2450 autem
1580 2424 1608 2450 in
1631 2429 1708 2450 com-

922 2476 1004 2496 mune
1017 2469 1116 2497 eﬁ'erre
1127 2469 1241 2497 virtutes
1255 2469 1375 2504 Spiritus
1392 2470 1492 2502 sancti,
1507 2477 1568 2505 quae
1578 2477 1627 2504 per
1647 2476 1710 2503 pre-

920 2522 965 2542 ces
980 2515 1096 2543 initiatis
1116 2515 1305 2543 conferuntur.
1321 2516 1375 2544 Sed
1398 2521 1437 2548 tu,
1452 2515 1497 2543 ubi
1509 2515 1645 2550 easjuxta
1666 2514 1712 2541 di-

920 2561 1013 2597 vinam
1028 2561 1202 2589 traditionem
1216 2562 1331 2597 mystice
1345 2562 1482 2594 hauseris,
1493 2565 1522 2588 et
1539 2561 1572 2588 ad
1593 2559 1711 2587 divinio-

920 2614 979 2634 rem
993 2607 1115 2634 habitum
1128 2607 1268 2635 traductus
1279 2607 1376 2640 fueris,
1388 2614 1483 2635 earum
1497 2613 1605 2641 quoque
1619 2606 1710 2633 scicn-

921 2653 987 2680 tiam
1017 2653 1193 2681 bierarcbica
1224 2653 1406 2682 illustratione
1434 2653 1621 2688 censequeris,
1653 2652 1710 2680 hac

922 2697 994 2726 enim
1008 2702 1049 2726 est
1063 2698 1184 2726 omnium
1200 2699 1396 2734 mysteriorum
1411 2698 1537 2734 princeps
1548 2706 1581 2726 ac
1589 2698 1655 2725 dux.

959 2787 1034 2824 siti.
1061 2788 1211 2817 Considera
1238 2789 1322 2818 etiam
1344 2788 1388 2817 hic
1414 2788 1479 2824 quid
1501 2788 1573 2817 dicat
1598 2790 1710 2815 sanctus

909 2863 935 2878 id.
