1929 3068
230 131 283 161 583

814 135 842 164 S.
862 134 1010 163 DIONYSII
1027 133 1259 163 AREOPAGthE

1810 138 1860 166 584

230 190 311 217 Pater
321 190 357 217 de
368 191 503 226 baptismo
514 192 699 227 parvulorum.
709 193 775 220 lllnd
787 198 890 226 autem,
906 194 1008 222 Vident:

1070 193 1157 229 βρέφη
1170 193 1357 228 βαπτίζεσθαι.
1374 192 1410 220 Τὸ
1420 193 1458 226 δὲ,
1469 193 1632 229 Δοκεῖμὲν,
1643 194 1682 227 ὡς
1695 194 1770 229 φῂς,
1782 195 1859 230 δῆλον

228 235 346 271 quidem,
361 241 390 262 ut
406 240 458 270 utr,
476 237 651 265 manifestutn
675 238 752 271 facit,
769 246 830 266 eum
854 240 910 266 htnc
924 244 951 266 et
963 240 1017 268 alia

229 289 325 312 sancto
337 285 481 313 Timotheo
508 290 637 320 tanquam
657 285 836 321 interroganti
861 287 1013 321 scripsisse.

229 330 373 360 Videbitur
383 333 474 367 itaque
483 332 605 368 profanis
616 340 668 359 non
689 333 826 361 immerito
838 334 892 361 risu
904 335 1016 370 dignum

228 378 300 414 quod
319 378 438 406 infantes
454 379 563 411 docent,
575 380 622 414 qui
636 380 752 407 necdum
771 385 886 415 possunt
905 381 1016 415 audire;

229 428 313 460 atque
332 425 445 460 insuper
462 425 582 452 movebit
599 425 650 453 hoc
666 433 714 453 eos
730 427 764 454 ad
780 431 872 454 nostra
888 428 1016 462 mysteria

228 469 409 504 explodenda,
425 471 496 505 quod
510 471 556 498 alii
571 479 620 506 pro
635 472 697 499 aliis
714 472 966 500 abrenuntiationes
985 481 1017 501 ac

227 516 414 552 professiones
429 518 616 552 pronuntient.
634 517 733 546 Verum
759 526 813 546 non
835 524 942 554 oportet
956 520 1016 547 hie~

228 563 341 591 rarchas
353 571 385 591 ac
398 564 547 599 prudentes
562 564 698 600 indignari
722 564 775 593 illis
791 565 835 600 qui
852 570 955 598 errant,
968 566 1015 594 sed

228 609 355 644 religiose
365 610 498 638 rationem
512 611 641 643 reddere;
655 618 705 638 nec
717 619 769 638 non
779 613 889 644 addere,
897 614 1015 640 rationes

228 655 255 684 in
269 657 353 684 rebus
365 657 470 685 nostris
478 658 608 692 quasdam
617 665 677 685 esse
687 665 746 692 qua:
759 663 878 685 nostram
888 663 1016 694 superent

227 702 446 738 intelligentiam,
472 711 588 738 quarum
615 703 767 738 aliquarum
795 705 892 732 notitia
922 709 1013 732 tamen

226 749 338 785 angelos
367 757 420 776 non
447 749 524 782 latet,
539 750 718 785 quarumdam
747 757 812 777 vero
835 751 916 778 etiam
942 751 1014 786 ipsos

226 793 304 829 fugit,
321 786 351 823 et
374 795 422 822 soli
450 795 506 822 Deo
530 797 647 832 cognita:
665 801 740 824 sunt.
766 796 959 824 Verumtamen
985 797 1012 824 in

225 847 357 875 quantum
382 848 396 868 a
423 842 636 877 praceptoribus
664 843 767 870 nostris
781 843 947 877 accepimus.
965 843 1012 878 qui

225 887 336 921 antiqua
354 887 501 915 traditione
526 888 599 915 docti
623 893 714 921 erant,
736 889 863 922 dicimus,
885 889 1014 921 infantes.
1031 898 1052 926 Β

224 934 245 960 si
263 933 288 960 In
308 933 368 968 lege
378 941 455 961 sacra
471 934 661 968 instituantur,
675 935 708 962 ad
721 939 846 963 sanctum
863 935 944 962 animi
954 942 1012 963 sta-

224 981 280 1005 tnm
302 985 364 1005 esse
390 982 585 1018 perventuros,
611 979 648 1006 ita
677 984 706 1007 ut
733 980 833 1007 donum
861 981 1013 1015 intelligant

223 1022 294 1056 quod
320 1028 495 1057 acceperunt.
521 1024 577 1052 Hoc
594 1025 698 1060 itaque,
725 1025 786 1053 illos
811 1026 957 1060 aliquando
977 1027 1011 1053 ad

223 1066 373 1101 perfectam
401 1072 507 1095 atatem
533 1076 567 1096 ac
593 1074 694 1098 statum
729 1075 919 1105 perventuros,
949 1078 1011 1098 cum

223 1113 438 1148 praeceptoribus
452 1115 554 1142 nostris
568 1115 594 1142 in
608 1121 727 1144 mentem
744 1117 931 1152 venisset(ubi
945 1123 1010 1145 uota

221 1159 454 1187 constructionem
468 1161 588 1188 Atticam
598 1161 736 1197 ἐληλυθός,
755 1170 806 1197 pro
819 1163 938 1198 genitivo
948 1163 1011 1199 ἐλη-

220 1203 342 1241 λυθὸτος)
358 1204 463 1240 placuit
479 1206 584 1234 admitti
612 1215 727 1242 pueros;
748 1212 936 1238 verumtamen
957 1211 1011 1242 sic,

221 1254 250 1277 ut
269 1250 410 1278 naturales
429 1258 525 1279 eorum
554 1257 683 1287 parentes
710 1253 794 1281 tilium
828 1253 899 1281 fideli
925 1255 1011 1282 alicui

221 1296 368 1332 predagogo
395 1298 546 1332 susceptori
569 1299 746 1332 concredant,
766 1307 780 1327 a
797 1307 850 1335 quo
869 1300 895 1328 in
909 1301 1012 1329 divinis

222 1342 393 1370 instituatur.
417 1343 458 1370 Ab
475 1340 526 1371 hoc
553 1344 644 1379 itaque
661 1346 776 1374 antistes
794 1346 880 1382 exigit
901 1346 1009 1382 profes-

220 1387 313 1416 siones
326 1397 333 1416 :
348 1397 411 1422 non,
424 1394 453 1416 ut
467 1389 506 1416 illi
522 1390 610 1423 aiunt,
621 1390 704 1418 alium
717 1399 766 1427 pro
780 1392 833 1420 alio
847 1393 947 1421 divinis
958 1393 1011 1420 itu-

221 1434 317 1466 buens,
330 1435 376 1462 sed
391 1436 586 1470 promissiones
611 1438 690 1472 hujus
714 1439 863 1474 excipiens,
882 1444 1009 1475 tempore

221 1478 347 1506 nimirum
359 1485 522 1520 opportuno,
533 1482 615 1518 282
625 1483 738 1517 parvulo
751 1484 815 1512 huic
826 1493 933 1514 onmem
950 1494 1009 1522 my-

218 1524 296 1551 sterii
307 1525 459 1554 doctrinam
472 1527 640 1556 tribuendam
651 1537 728 1564 esse;
741 1531 778 1558 ita
792 1535 821 1558 ut
831 1531 888 1564 ipse
898 1533 1007 1568 prapria

1068 241 1106 273 ὼς
1125 241 1291 276 ἐρωτήσαντι
1301 240 1341 276 τῷ
1355 241 1425 275 ἁγίῳ
1439 240 1563 276 Τιμοθέῳ
1585 241 1689 277 ἔγραψε
1713 242 1761 268 καὶ
1777 241 1860 269 ταῦτα

1069 287 1116 314 καὶ
1127 286 1221 314 τᾶλλα.
1241 286 1316 320 Δόξει
1339 287 1428 313 τοίνυν
1442 287 1499 318 τοῖς
1513 287 1631 323 ἀνιέροις
1648 287 1759 323 εὐλόγου
1777 289 1858 323 γέλω-

1067 342 1113 365 τος
1127 333 1213 366 ἄξιον,
1231 334 1256 360 εί
1267 334 1302 360 τὰ
1314 334 1399 370 βρέφη
1415 333 1450 361 τὰ
1460 333 1498 369 μὴ
1513 333 1628 361 ἀκοῦσαι
1639 334 1775 370 δυνάμενα
1788 335 1860 362 ἐκδι-

1067 376 1197 405 δάσκουσι
1207 387 1214 393 ·
1230 377 1318 404 καὶτὸ
1329 377 1371 404 ἔτι
1393 378 1581 414 παρακινῆσον
1597 379 1695 411 αὐτοὺς
1712 379 1754 411 είς
1775 379 1806 406 τδ
1825 378 1860 406 τὰ

1068 423 1189 459 ἡμέτερα
1204 422 1349 455 σκώπτειν,
1371 423 1412 451 ὄτι
1428 423 1497 459 ὑπὲρ
1512 423 1599 451 ἄλλων
1619 423 1708 459 ἕτεροι
1727 424 1778 457 τὰς
1792 425 1859 451 ἀπο-

1066 467 1152 502 ταγὰς
1165 467 1305 495 ποιοῦνται
1321 468 1369 495 καὶ
1380 467 1430 500 τὰς
1442 468 1597 504 ὁμολογίας.
1612 469 1659 496 Δεῖ
1674 469 1702 496 δὲ
1713 469 1777 501 τοὺς
1789 469 1859 498 κατὰ

1066 515 1133 542 Θεὸν
1148 516 1279 552 ίεράρχας
1290 517 1337 544 καὶ
1349 517 1476 549 συνετοὺς
1497 517 1534 553 μὴ
1553 516 1727 552 χαλεπαίνειν
1745 517 1792 543 ἐπὶ
1802 518 1858 549 τοῖς

1067 561 1293 597 πεπλανημένοις,
1320 562 1377 590 ἀλλ’
1395 563 1517 595 εὺλαὸὦυς
1540 562 1742 597 ἀπολογεῖσθαι,
1766 571 1858 598 προτι-

1066 606 1161 639 θέντας
1174 607 1220 634 καὶ
1232 607 1320 640 τοῦτο,
1336 609 1377 635 ὅτι
1391 608 1444 635 είσί
1457 617 1529 641 τινες
1543 608 1617 643 λόγοι
1632 608 1678 635 ἐπὶ
1687 609 1743 640 τοῖς
1761 608 1858 645 ἡμετέ-

1067 660 1123 688 ροις
1138 653 1209 689 ὑπὲρ
1223 653 1271 689 τὴν
1287 654 1423 691 ἡμετέραν
1437 654 1550 689 γνῶσιν,
1576 654 1624 682 καί
1642 663 1716 687 τινες
1734 654 1783 690 μὲν
1804 654 1857 681 ἀπὸ

1063 700 1166 728 τούτων
1179 701 1319 737 ἑπιστητοὶ
1333 703 1390 734 τοῖς
1403 702 1528 736 ἀγγέλοις
1542 702 1606 735 εἰσὶ,
1628 701 1701 734 τινὲς
1718 703 1746 729 δὲ
1764 702 1857 729 κάκεί-

1064 754 1120 778 νοις
1132 746 1266 781 ἇγνωστοί
1282 747 1346 780 εισι,
1362 748 1409 774 xui.
1424 747 1483 783 Θεῷ
1498 747 1571 784 μόνῳ
1581 747 1772 783 γινώσκονται.
1783 749 1856 784 Πλὴν

1063 790 1113 818 ὅσα
1127 791 1203 828 παρὰ
1214 792 1269 819 τῶν
1282 792 1449 820 διδασκάλων
1461 794 1541 830 ἡμῶν
1559 793 1718 830 ἀκηκόαμεν
1741 794 1855 831 μυηθέν-

1063 845 1118 864 των
1137 838 1185 865 καὶ
1197 837 1302 865 τούτων
1321 839 1354 866 ἐκ
1376 838 1426 875 τῆς
1437 839 1556 875 ἀρχαίας
1569 840 1756 876 παραδόσεως,
1769 840 1856 869 ταῦτά

1065 891 1166 918 φαμεν,
1181 883 1223 910 δτι
1246 884 1317 911 κατὰ
1340 884 1387 911 τὸν
1399 885 1472 920 ἱερὸν
1492 885 1574 920 νόμον
1588 885 1624 912 τὰ
1643 886 1731 922 βρέφη
1755 887 1855 922 ἀναγό-

1064 937 1145 964 μενα,
1157 928 1252 964 ἥξουσί
1264 938 1330 957 ποτε
1341 931 1410 966 πρὸς
1425 931 1481 964 ἕξιν
1495 931 1573 967 ἱερὰν
1586 933 1648 960 καθ’
1662 933 1696 969 ἢν
1706 933 1855 968 γνώσονται

1062 975 1093 1002 τὺ
1109 975 1195 1010 δῶρον
1203 972 1234 1003 οὒ
1250 976 1392 1012 μετέσχον.
1401 968 1490 1004 Τοῦτο
1500 979 1578 1013 γοῦν,
1589 979 1620 1005 τό
1630 968 1696 1006 ποτε
1713 980 1854 1016 προελθεῖν

1061 1018 1133 1045 αὑτὰ
1143 1019 1186 1051 είς
1199 1019 1305 1046 τελείαν
1319 1020 1427 1056 ἡλικίαν
1447 1023 1495 1049 καὶ
1510 1023 1578 1056 ἱξιν,
1591 1024 1633 1056 είς
1652 1024 1715 1052 νοῦν
1726 1024 1854 1060 ἑληλυθδς

1061 1065 1118 1097 τοῖς
1130 1065 1276 1101 ἡμετέροις
1289 1065 1470 1100 διδασκάλοις,
1492 1067 1521 1104 (ἡ
1535 1068 1564 1095 δὲ
1582 1068 1710 1103 σύνταξις
1731 1071 1793 1097 ἀντὶ
1804 1071 1854 1106 τῆς

1061 1111 1190 1146 γενικῆς,
1216 1111 1352 1145 ἀττικῶς,
1385 1113 1471 1149 ἡγουν
1498 1114 1595 1142 τούτου
1625 1115 1658 1151 δὴ
1684 1115 1852 1153 ἐληλυθότος)

1060 1154 1150 1188 ἔδοξεν
1162 1155 1331 1192 εἰσδέχεσθαι
1343 1157 1379 1184 τὰ
1395 1156 1482 1195 βρέφη
1492 1166 1498 1174 ·
1512 1159 1582 1196 πλὴν
1592 1159 1689 1193 οὕτως,
1705 1160 1777 1188 ὥστε
1790 1162 1853 1194 τοὺς

1061 1201 1193 1235 φυσικοὺς
1206 1202 1295 1230 αὐτῶν
1307 1203 1403 1237 γονέας
1417 1204 1591 1240 παραδιδόναι
1600 1205 1647 1232 τὸν
1661 1206 1743 1233 παῖδα
1757 1206 1853 1242 ἀγαθῴ

1059 1254 1113 1273 τινι
1137 1246 1304 1284 παιδαγωγῷ
1321 1249 1369 1276 καὶ
1388 1249 1520 1286 ἁναδόχῳ,
1538 1250 1584 1277 ὑπ’
1597 1250 1672 1287 αὖτῷ
1686 1251 1721 1278 τὰ
1741 1251 1801 1279 θεῖα
1814 1252 1853 1278 δι-

1059 1292 1271 1330 δαχθησόμενον.
1293 1295 1349 1323 Καὶ
1362 1296 1457 1323 τοῦτον
1475 1296 1590 1324 ἁπαιτεῖ
1609 1296 1658 1329 τὰς
1671 1297 1816 1333 ὁμολογίας
1836 1299 1852 1324 ό

1061 1339 1202 1376 ίεράρχης,
1217 1341 1267 1377 οὐχ
1278 1341 1317 1373 ὡς
1327 1342 1427 1370 ἐκεῖνοί
1447 1352 1540 1377 φασιν,
1553 1343 1632 1371 ἄλλον
1648 1344 1707 1371 ἀντ’
1720 1344 1800 1371 ἄλλου
1816 1344 1852 1371 τὰ

1060 1385 1119 1413 θεῖα
1144 1386 1231 1422 μυῶν,
1245 1387 1314 1415 ἀλλὰ
1335 1388 1386 1421 τὰς
1401 1389 1562 1425 ὑποσχέσεις
1581 1389 1677 1417 τούτου
1696 1391 1852 1426 δεχόμενος,

1059 1431 1100 1459 ὅτι
1121 1433 1192 1459 κατὰ
1214 1433 1261 1460 τὸν
1278 1433 1433 1470 πρόσφορον
1455 1434 1550 1471 καιρὸν
1576 1435 1796 1472 παραδοθήσεται
1810 1437 1850 1473 τῷ

1059 1477 1135 1505 παιδὶ
1147 1477 1212 1514 παρ’
1224 1477 1307 1505 αὐτοῦ
1323 1480 1340 1515 ἡ
1359 1480 1434 1506 πᾶσα
1451 1479 1610 1507 διδασκαλία
1624 1480 1671 1507 τοῦ
1688 1481 1852 1517 μυστηρίου,

1058 1522 1129 1550 ὥστε
1151 1523 1198 1550 καὶ
1224 1524 1305 1550 αὐτὸν
1326 1524 1415 1560 οἰκείᾳ.
1442 1525 1601 1561 προαιρέσει
1630 1526 1686 1557 τοῖς
1716 1526 1850 1558 ἐναντίοις

218 1577 266 1597 sna
281 1575 378 1605 sponte
391 1572 472 1600 rebus
486 1575 635 1602 contrariis
651 1576 866 1610 renuntiaturus,
883 1585 915 1605 ac
927 1577 1006 1606 fidem

1059 1569 1255 1602 ἀποτάξασθαι,
1271 1571 1319 1596 καὶ
1342 1570 1517 1606 ὁμολογῆσαι,
1536 1571 1576 1597 ἔτι
1590 1570 1619 1598 δὲ
1640 1571 1687 1598 καὶ
1703 1571 1850 1608 ἐνεργῆσαι

219 1615 403 1650 professurus,
418 1623 500 1653 atque
519 1619 633 1654 insuper
655 1628 684 1648 re
710 1621 766 1657 ipsa
788 1623 971 1654 professiones
988 1632 1004 1651 a

217 1666 376 1695 susceptare
417 1670 466 1697 pro
493 1671 524 1692 se
549 1664 636 1693 factas
651 1667 846 1702 aditnpleturus
867 1669 913 1697 sit.
932 1662 1003 1697 Nihil

218 1706 311 1742 itaque
330 1709 440 1736 absurdi
452 1715 504 1742 est,
520 1712 543 1738 si
556 1712 615 1739 haec
629 1719 712 1747 super
728 1721 813 1748 puero
828 1720 1004 1750 peragantnr,

217 1759 278 1780 cum
294 1754 390 1782 ducem
403 1763 435 1782 ac
448 1763 607 1791 sponsorem
620 1758 730 1792 habeat,
743 1760 791 1794 qui
804 1761 903 1788 divinis
916 1762 1003 1796 ipsum

217 1802 334 1829 erudiat.
364 1803 481 1832 Puerum
510 1810 600 1834 autem
628 1809 821 1843 mysteriorum
846 1813 1002 1837 consortem

218 1848 282 1875 facit
297 1854 327 1876 ut
341 1850 368 1876 in
382 1850 415 1877 iis
426 1852 512 1886 magis
524 1852 664 1887 educetur,
678 1861 765 1889 neque
775 1855 891 1890 amplius
905 1862 1004 1883 secun-

215 1893 281 1921 dum
297 1902 408 1923 carnem
428 1897 511 1924 vitam
522 1897 616 1932 ducat,
632 1900 680 1927 sed
696 1901 788 1929 divina
814 1905 1009 1939 contemplan-m

216 1942 270 1966 tein
286 1943 314 1967 ct
327 1940 354 1967 in
368 1941 402 1968 iis
416 1945 467 1970 sub
479 1945 620 1978 sponsoris
633 1946 775 1981 disciplina
792 1949 925 1984 proficiat.
938 1950 1002 1980 Haec

216 1988 291 2013 tanta
310 1987 456 2015 uniformia
472 1996 520 2016 seu
536 1990 627 2018 divina
651 1998 753 2022 nostra:
768 1994 930 2024 hierarchia:
941 2005 1002 2033 spe-

214 2033 322 2061 ctacula
340 2035 406 2062 mihi
425 2036 598 2065 manifestata
612 2044 690 2073 sunt;
706 2041 753 2068 sed
779 2047 807 2069 et
823 2043 882 2076 tibi,
899 2048 927 2071 ut
939 2045 1001 2080 opi-

215 2087 276 2112 nor,
292 2080 404 2108 outnino
424 2082 577 2112 clarescent
604 2087 704 2113 nostris
733 2087 809 2115 hisce
836 2090 1000 2124 rationibus,

213 2125 294 2159 quasi
315 2127 446 2161 gradibus
473 2129 645 2165 quibusdam,
673 2132 709 2160 ad
735 2134 920 2163 sublimiorem
943 2137 1000 2165 illus

214 2171 375 2199 strationem
389 2174 550 2202 ascendenti
567 2182 576 2202 ι
591 2176 661 2205 hanc
671 2184 735 2206 ettu
750 2180 815 2207 mihi
826 2184 998 2211 communica

213 2221 242 2244 et
265 2218 437 2252 spiritalibus
454 2221 523 2249 meis
535 2223 623 2251 oculis
634 2225 734 2253 exhibe
746 2229 916 2257 venustiores
935 2230 997 2258 illas

214 2262 429 2297 pulchritudines
456 2273 525 2301 quas
552 2270 730 2305 contemplari
756 2273 867 2306 poteris.
882 2273 996 2304 Conﬁdo

212 2308 286 2335 enim
297 2316 341 2336 me
352 2312 453 2339 nostris
467 2313 541 2342 hisce
554 2317 726 2344 sermonibus
741 2318 838 2347 insitas
851 2320 898 2347 tibi
911 2321 995 2349 divini

213 2354 284 2402 ignis
307 2355 416 2390 (divina:
431 2358 536 2388 scilicet
550 2360 715 2397 cognitionis
728 2363 904 2402 illustrantis)
924 2369 997 2395 scin-

213 2399 286 2428 t.llas
302 2403 508 2433 suscitatnrmn.

1056 1611 1105 1644 τὰς
1120 1612 1190 1648 ὑπὲρ
1205 1613 1286 1639 αὑτοῦ
1301 1613 1445 1649 ὁμολογίας
1460 1614 1508 1641 τοῦ
1531 1615 1670 1651 ἀναδόχου.
1697 1616 1781 1643 Οὐδὲν
1802 1615 1849 1644 οὖν

1055 1657 1154 1684 ἄτοπον
1171 1659 1195 1684 εἰ
1206 1658 1318 1685 τοιαῦτα
1333 1658 1381 1686 ἐπὶ
1393 1660 1432 1695 τῷ
1445 1660 1539 1696 βρέφει
1553 1661 1707 1693 τελοῦνται,
1719 1662 1848 1698 ἀνάδοχον

1054 1702 1142 1738 ἔχοντι
1156 1702 1211 1736 ἕξιν
1228 1704 1303 1740 αὐτῷ
1314 1704 1369 1731 τῶν
1383 1705 1462 1733 θείων
1476 1707 1671 1742 παρεχόμενον.
1683 1708 1800 1743 Μετέχει
1818 1709 1850 1736 δὲ

1053 1749 1101 1776 καὶ
1113 1749 1168 1776 τῶν
1180 1750 1337 1786 μυστηρίων
1350 1751 1380 1777 τὸ
1394 1751 1585 1787 βρέιρος,ὂπως
1598 1753 1627 1780 ὲν
1641 1753 1732 1785 αὐτοῖς
1747 1754 1848 1790 μᾶλλον

1053 1794 1230 1831 ἀνατραφείη,
1248 1796 1295 1823 καὶ
1314 1796 1448 1833 μηδεμίαν
1469 1797 1565 1834 ἑτέραν
1580 1797 1652 1835 ζωὴν
1664 1799 1735 1826 κατὰ
1755 1800 1848 1836 σάρκα

1053 1840 1141 1877 σχοίη,
1149 1842 1173 1867 εί
1182 1841 1219 1878 μὴ
1228 1842 1278 1878 τὴν
1289 1841 1443 1878 θεωροῦσαν
1451 1843 1484 1870 τὰ
1491 1843 1551 1870 θεῖα
1561 1845 1589 1871 ὲν
1597 1847 1748 1880 προκοιπαῖς
1759 1854 1847 1881 γιγνα

1054 1885 1138 1921 μένην
1156 1886 1208 1913 ὑπὸ
1223 1887 1274 1923 τῆς
1291 1887 1339 1914 τοῦ
1355 1887 1483 1924 ἀναδόχου
1507 1889 1691 1923 διδασκαλίας.
1718 1891 1846 1919 Τοσαῦτα

1052 1932 1099 1959 καὶ
1113 1933 1175 1968 ἐμοὶ
1187 1930 1277 1961 ὦπται
1294 1934 1329 1961 τὰ
1355 1935 1468 1971 ὲνοειδῆ,
1484 1936 1568 1971 ἡγουν
1585 1936 1645 1964 θεῖα
1659 1937 1782 1972 θεάματα
1794 1939 1846 1974 τῆς

1051 1977 1112 2004 καθ’
1130 1978 1204 2013 ἡμᾶς
1226 1978 1383 2016 ίεραρχίας·
1400 1981 1447 2007 καὶ
1470 1981 1512 2007 σοὶ
1527 1980 1566 2014 δὲ,
1579 1981 1617 2014 ὡς
1631 1980 1718 2018 οἶμαι,
1735 1983 1846 2016 πάντως

1051 2023 1182 2059 ἐλλάμψει
1195 2026 1329 2061 χρωμένῳ
1343 2027 1400 2058 τοῖς
1412 2026 1558 2063 ἡμετέροις
1573 2026 1672 2062 λόγοις,
1683 2028 1721 2060 ὼς
1732 2028 1845 2065 κλίμαξί

1049 2078 1104 2096 τισι
1119 2071 1186 2106 πρὸς
1197 2070 1364 2108 ὑψηλοτέραν
1378 2072 1512 2108 ἐλλαμψιν
1523 2081 1530 2088 ο
1542 2070 1576 2109 ἦς
1584 2073 1630 2100 καὶ
1644 2074 1758 2109 μετάδος
1769 2075 1844 2110 ἐμοὶ,

1049 2116 1097 2142 καὶ
1107 2115 1192 2148 δεῖξον
1207 2117 1264 2148 τοῖς
1276 2117 1352 2153 ὲμοῖς
1371 2119 1476 2154 νοητοῖς
1488 2119 1647 2155 ὀφθαλμοῖς,
1665 2120 1738 2156 ἅπερ
1751 2120 1785 2148 ἂν
1797 2121 1844 2148 δυ-

1049 2158 1158 2194 νηθείης
1169 2161 1376 2198 εὐπρεπέστερα
1394 2163 1478 2199 κάλλη
1496 2163 1654 2192 θεάσασθαι.
1671 2163 1773 2201 Θαῤῥῶ
1787 2165 1844 2202 γὰρ

1049 2204 1104 2240 ἐγὼ
1125 2206 1165 2232 ὅτι
1182 2207 1210 2233 ὲν
1226 2206 1331 2240 τούτοις
1349 2209 1406 2240 τοῖς
1430 2209 1575 2246 ἡμετέροις
1588 2209 1678 2244 λόγοις
1690 2212 1755 2243 τοὺς
1777 2211 1843 2238 ἐνα-

1013 2255 1034 2283 D
1049 2252 1228 2287 ποκειμένους
1250 2253 1279 2279 ὲν
1296 2254 1338 2280 σοὶ
1359 2254 1406 2281 τοῦ
1434 2255 1506 2282 θείου
1533 2256 1619 2292 πυρὸς
1636 2256 1767 2292 (δηλονότι
1791 2258 1842 2294 τῆς

1049 2296 1123 2329 θείας
1138 2298 1184 2325 καὶ
1194 2300 1359 2337 φωτιστικῆς
1372 2299 1508 2335 γνώσεως)
1521 2301 1717 2330 ἀπλασκαλεὺσω
1727 2304 1828 2334 σπινθῆ

896 2513 1128 2529 -—...———
