1929 3068
216 159 268 187 587

794 155 823 184 s.
840 155 993 184 DlONYSll
1010 147 1242 183 AREOPAGITE

1790 154 1842 183 588

214 215 270 242 vim
285 219 392 241 omnem
407 219 440 240 ac
457 211 609 247 potentiam
626 215 727 239 nostra:
741 216 788 238 aut
811 212 995 240 ratiocinatio-

1052 211 1200 246 καθ’ἡμᾶς
1216 209 1329 246 λογικῆς
1349 210 1396 237 καὶ
1417 209 1513 246 νοερᾶς
1531 200 1672 245 δυνάμεως
1694 210 1742 237 καὶ
1764 210 1842 246 ἔνερ-

183 279 191 287 -.
216 261 258 288 nis
273 264 320 287 aut
335 257 529 286 intellectionis
551 257 670 285 excedit.
686 256 820 285 Universe
846 257 929 292 igitur
950 266 1002 285 au-

193 321 197 327 -
215 306 334 333 dendum
348 312 400 332 non
415 308 467 336 est,
482 310 570 338 neque
581 303 779 339 dicere,neque
790 304 909 338 cogitare
922 305 1002 339 quid-

216 358 297 385 quam
313 350 345 377 de
358 348 615 384 supersubstantiali
632 353 658 376 et
673 349 763 376 abdita
779 349 890 380 deitate.
904 355 1003 384 praeter

215 404 246 423 ea
263 403 324 431 quae
349 395 428 423 nobis
452 394 478 422 in
495 394 582 423 sacris
593 394 710 421 oraculis
722 400 785 422 sunt
802 395 918 422 indicata
934 395 1003 422 divi-

209 443 300 469 ‘nitus.
315 441 383 469 Nam
405 441 672 476 supernaturalitatis
690 441 774 476 ipsius
802 441 1003 469 indemonstra-

215 489 319 521 bilitas,
336 495 396 523 quae
423 494 505 522 supra
535 494 645 514 omnem
667 487 810 518 rationem.
825 491 853 514 ct
871 493 1000 520 mentem,

213 540 243 562 ct
257 535 405 562 essentiam
419 538 472 566 est,
483 534 541 568 ipsa
554 537 595 561 est
607 533 650 561 cui
662 533 898 568 supernaturalem
913 534 1002 561 scien-

209 581 279 608 tiam
295 581 414 608 tribucre
429 587 480 607 nos
502 584 627 614 oportet;
645 584 751 607 tantum
773 579 807 607 ad
830 579 1000 606 inaccessum

214 626 281 654 illud
310 626 402 654 lumen
431 625 589 661 aspirando,
606 630 737 660 quantum
765 633 795 653 se
822 625 1002 652 insinuaverit

207 674 370 701 divinorum
388 673 434 701 ille
457 672 551 701 radius
569 673 755 707 oraculorum,
772 680 826 708 quo
839 673 1002 701 eminentio-

213 721 290 749 ribus
305 720 365 748 istis
389 727 481 747 rerum
500 719 654 747 divinarum
679 719 871 754 splendoribus
894 719 1001 746 sobrie-

210 769 271 792 tate
286 765 404 799 quadam
416 771 449 791 ac
462 764 609 791 sanctitate
625 768 876 799 contemperamur.
893 764 1000 792 Etenim

213 812 236 839 si
253 811 318 846 quid
334 809 546 846 sapientissima:
559 810 762 845 verissimzeque
780 810 922 845 theologia:
941 817 1002 837 ere-

213 857 331 886 dendum
353 861 407 888 est,
423 863 473 891 pro
495 855 666 891 singularum
681 860 762 890 captu
785 855 915 882 mentium
930 855 1000 883 divi-

1053 257 1130 292 γείας
1149 257 1255 284 ἕνωσιν.
1276 256 1398 283 Καθόλου
1419 255 1565 292 τοιγαροῦν
1585 256 1615 282 οὑ
1639 255 1786 292 τολμητέον
1801 258 1842 284 εί-

1052 304 1126 335 πεῖν,
1140 302 1201 329 οὔτε
1219 303 1271 338 μὴν
1291 303 1416 338 ἐννοῆσαί
1433 311 1459 329 τι
1472 302 1535 338 περὶ
1551 302 1600 337 τῆς
1615 302 1777 338 ὑπερουσίου
1796 304 1843 330 καὶ

1053 348 1172 384 κρυφίας
1194 348 1329 383 θεότητος,
1350 347 1428 383 παρὰ
1452 347 1487 374 τὰ
1515 346 1631 379 θειωδῶς
1657 348 1722 383 ἡμῖν
1737 349 1770 374 ὲκ
1787 348 1843 376 τῶν

1054 395 1134 430 ἱερῶν
1149 393 1246 428 λογίων
1265 392 1471 429 ὲκπεφασμένα.
1485 393 1542 428 Τῆς
1553 392 1606 428 γὰρ
1621 393 1690 429 ὑπὲρ
1704 393 1781 427 λόγον
1795 394 1844 421 καὶ

1052 441 1114 469 νοῦν
1123 442 1170 468 καὶ
1180 441 1273 468 οὐσίαν
1281 441 1365 476 αὐτῆς
1375 439 1601 476 ὑπερουσιότητος
1612 440 1731 474 ἀγνωσία
1740 442 1761 472 ¹,
1773 441 1841 476 αὐτῇ

1053 489 1102 525 τὴν
1117 488 1279 525 ὑπερούσιον
1288 488 1443 523 ἐπιστήμην
1455 486 1608 519 ἀναθετέον,
1618 487 1743 514 τοσοῦτον
1754 488 1800 514 ἐπὶ
1811 487 1843 514 τδ

1052 535 1164 566 ἄναντες
1185 534 1373 566 ἀνανεύοντας,
1389 534 1450 560 ὅσον
1474 533 1573 569 ἑαυτὴν
1592 533 1730 560 ἐνδίδωσιν
1751 534 1767 569 ή
1787 533 1842 560 τῶν

1052 581 1204 616 θεαρχικῶν
1231 581 1350 615 λογίων³
1370 580 1458 613 ἀκτὶς,
1488 581 1556 616 πρὸς
1586 580 1656 612 τὰς⁵
1687 580 1842 616 ὑπερτέρας

1051 627 1139 662 αὐγὰς
1150 628 1184 663 τῇ
1200 627 1265 663 περὶ
1288 626 1322 653 τὰ
1344 626 1403 653 οεῖα
1420 627 1580 664 σωφροσύνῃ
1594 627 1641 653 καὶ
1654 626 1772 661 ὁσιότητι
1794 634 1842 653 συ-

1052 672 1256 708 στελλομένους.
1272 671 1327 698 Καὶ
1341 671 1396 707 γὰρ
1406 671 1432 698 εἴ
1440 680 1465 697 τι
1480 671 1520 697 δεῖ
1531 672 1564 706 τῇ
1579 671 1708 706 πανσόφῳ
1719 671 1767 697 καὶ
1777 670 1842 706 ἀλη-

1052 718 1168 755 θεστάτῃ
1182 717 1306 753 θεολογίᾳ
1317 716 1468 748 πείθεσθαι,
1479 716 1550 743 κατά
1560 717 1610 752 τὴν
1620 716 1762 750 ἀναλογίαν
1773 716 1840 742 ἑκά-

1052 772 1115 790 στου
1133 763 1188 790 τῶν
1206 764 1274 790 νοῶν
1295 763 1514 790 ἀνακαλύπτεται
1526 763 1536 778 ⁵
1551 762 1587 789 τὰ
1608 762 1678 794 θεῖα,
1704 763 1753 789 καὶ
1777 763 1841 789 ἐπο-

1052 804 1190 844 πτεῦεται,
1205 809 1255 845 τῆς
1267 809 1415 846 ῦεαρχικῆς
1434 809 1600 845 ἀγαοότητος
1616 809 1645 835 ὲν
1670 809 1789 844 σωστικῇ
1801 808 1841 834 δι-

1050 855 1181 892 καιοσύνῃ
1193 855 1248 883 τῶν
1262 857 1291 883 ὲν
1304 856 1395 891 μέτρῳ
1405 855 1455 891 τὴν
1466 855 1600 891 ἀμετρίαν
1619 854 1790 890 θεοπρεπῶς,
1801 854 1841 887 ὡς

208 907 248 931 'na
262 904 429 936 revelantur,
445 905 668 938 spectanturque,
685 903 748 930 dum
761 909 869 930 summa
885 902 933 930 Dei
952 903 995 930 bo-

1050 903 1202 939 ἀχώρητον,
1223 900 1494 938 ἀποδιαστελλοῦσης.
1513 902 1619 938 ’Ὠσπερ
1649 901 1704 937 γὰρ
1731 901 1840 936 ἄληπτιι

208 950 411 985 1iitns,justitia
431 949 556 982 salutari,
573 949 654 976 rebus
673 949 838 976 mensuratis
860 948 1001 976 immensi-

213 1000 296 1022 tatem
322 1003 400 1022 suam
417 994 510 1022 divino
526 995 643 1029 quodam
661 994 773 1027 decore,
790 994 861 1029 quod
875 1001 999 1029 compre-

206 1041 294 1068 hendi
321 1045 451 1076 nequeat,
473 1044 686 1068 eommensurat.
704 1041 782 1068 Sicut
801 1041 874 1068 enim
891 1047 924 1068 ea
938 1047 999 1074 qua:

211 1085 263 1114 sub
276 1085 485 1120 intelligentiam
501 1086 602 1113 cadunt
625 1093 675 1121 per
695 1093 727 1113 ea
743 1093 803 1120 quae
823 1085 873 1113 sub
887 1092 997 1112 sensum

203 1131 312 1159 ~cadunt
331 1131 564 1166 comprehendere
581 1136 610 1159 et
623 1131 802 1166 contemplari
828 1137 881 1159 nou
896 1139 997 1166 possu-

210 1184 281 1211 mus,
295 1184 383 1212 neque
397 1184 447 1212 per
462 1185 493 1204 ea
505 1185 566 1212 qua:
579 1178 650 1213 typis
664 1183 692 1205 et
706 1178 791 1212 signis
804 1177 996 1211 informantur,

203 1230 242 1250 ea
255 1231 316 1258 quae
336 1223 470 1258 simplicia
492 1227 556 1251 sunt
575 1223 691 1259 ettypis
708 1232 761 1251 non
780 1224 934 1259 signantur,
949 1233 997 1252 ne-

208 1276 262 1302 que
276 1275 325 1302 per
339 1268 441 1303 ﬁguras
465 1276 611 1303 corporum
629 1270 801 1304 incorporea,
824 1276 886 1304 quas
910 1274 996 1303 neque

208 1320 320 1341 sensum
346 1317 434 1342 tactus
458 1315 561 1347 subire,
579 1322 668 1349 neque
695 1316 809 1350 lignram
831 1320 858 1343 et
880 1315 995 1343 formam

201 1365 308 1394 ‘capere
322 1365 453 1394 possunt;
469 1361 563 1387 cadent
579 1360 658 1396 plane
674 1361 779 1388 ratione
801 1361 924 1389 veritatis
949 1369 997 1389 su-

205 1412 258 1440 pra
275 1405 443 1433 substantias
456 1411 500 1432 est
513 1405 557 1432 illa
572 1406 846 1442 suprasubstantialis
861 1408 994 1441 inﬁnitas.

201 1456 237 1479 'et
252 1459 335 1487 supra
354 1457 457 1480 mentes
471 1452 517 1480 illa
532 1460 613 1488 supra
628 1458 744 1481 mentem
765 1454 871 1487 unitas;
884 1460 911 1482 et
935 1463 996 1482 om—

208 1496 289 1525 nibus
302 1498 558 1526 ratiocinationibus
581 1499 755 1527 inscrutabile
773 1505 814 1527 est
832 1500 896 1527 illud
912 1508 995 1535 supra

207 1543 447 1572 ratiocinationem
472 1552 574 1578 unum;
599 1545 729 1580 omnique
750 1546 832 1573 verbo
858 1546 995 1573 ineﬂ‘abile

1049 949 1097 976 καὶ
1108 949 1255 985 ἀθεώρητα
1267 950 1324 981 τοῖς
1339 948 1477 984 αἰσθητοῖς
1490 949 1547 975 ἐστι
1567 947 1602 974 τὰ
1616 947 1708 982 νοητὰ,
1724 948 1771 973 καὶ
1783 947 1841 978 τοῖς
1884 961 1887 962 ν

1050 996 1078 1022 ὲν
1096 995 1193 1023 πλάσει
1208 996 1255 1023 καὶ
1269 995 1346 1032 τύπῳ
1365 995 1399 1022 τὰ
1417 995 1491 1022 ἁπλᾶ
1513 996 1560 1022 καὶ
1583 994 1723 1025 ἀτύπωτα,
1742 995 1798 1026 τοῖς
1809 1002 1840 1020 τε

1049 1042 1119 1069 κατὰ
1131 1041 1262 1078 σωμάτων
1280 1042 1406 1078 σχήματα
1425 1041 1684 1078 μεμορφωμένοις,ὴ
1696 1041 1749 1067 τῶν
1763 1041 1838 1067 ἀσω-

1051 1088 1143 1123 μάτων
1156 1087 1261 1124 ἀναφὴς
1271 1089 1317 1115 καὶ
1333 1087 1536 1123 ἀτχημάτιστος
1554 1087 1676 1123 ἀμορφία
1685 1095 1691 1101 ·
1707 1086 1778 1113 κατά
1790 1086 1839 1113 τὸν

1048 1135 1128 1162 αὐτὸν
1139 1135 1190 1170 τῆς
1203 1129 1332 1171 ἀληθείας
1352 1128 1431 1169 λόγον
1453 1135 1613 1170 ὑπέρκειται
1633 1133 1688 1160 τῶν
1707 1132 1806 1160 οὐσιῶν
1820 1133 1840 1168 ἡ

1049 1180 1211 1217 ὑπερούσιος
1237 1180 1362 1216 ἀοριστία
1373 1180 1397 1196 ε·
1413 1180 1460 1207 καὶ
1484 1180 1539 1208 τῶν
1563 1180 1642 1211 νοῶν,
1656 1180 1672 1215 ἠ
1685 1179 1755 1215 ὑπὲρ
1775 1178 1839 1206 νοῦν

1048 1227 1157 1263 ἑνότηςο
1176 1227 1224 1254 καὶ
1249 1227 1349 1259 πάσαις
1377 1226 1507 1258 διανοίαις
1543 1226 1698 1262 ἀδιανόητόν
1724 1226 1783 1252 ἐστι
1807 1225 1839 1252 τὺ

1048 1272 1119 1308 ὑπὲρ
1141 1272 1259 1298 διάνοιαν
1280 1271 1319 1303 ἓν,
1343 1271 1507 1308 ἄρῤητόντε
1523 1271 1594 1307 λόγῳ
1615 1271 1698 1298 παντὶ
1717 1271 1748 1297 τὸ
1767 1270 1838 1305 ὑπὲρ

1048 1317 1125 1352 λόγον
1146 1317 1257 1352 ἀγαθὸν,
1286 1317 1348 1349 Eva;
1375 1317 1496 1349 ἐνοποιὸς
1522 1318 1632 1353 ἁπάσης
1655 1317 1761 1349 ὲνάδος,
1789 1317 1838 1343 καὶ

1047 1364 1208 1400 ὑπερούσιος
1220 1363 1308 1395 οὐσία,
1320 1364 1367 1390 καὶ
1387 1363 1449 1396 νοῦς
1465 1364 1578 1399 ἀνόητος
1593 1364 1640 1390 καὶ
1653 1363 1732 1397 λόγος
1747 1363 1837 1399 appu-

1046 1418 1092 1441 τος
1102 1419 1109 1426 ⁸
1127 1410 1223 1444 ἀλογία
1238 1411 1285 1437 καὶ
1299 1409 1413 1446 ἀνοησία
1433 1411 1480 1436 καὶ
1493 1409 1644 1445 ἀνωνυμία,
1659 1409 1730 1436 κατὰ
1752 1409 1836 1444 μηδὲν

1046 1457 1101 1484 τῶν
1112 1456 1195 1483 ὅντων
1206 1454 1288 1482 οὖσα·
1303 1456 1350 1482 καὶ
1362 1455 1446 1482 αἴτιον
1461 1455 1509 1491 μὲν
1519 1455 1566 1482 τοῦ
1579 1453 1647 1481 εἶναι
1662 1455 1754 1487 πᾶσιν,
1770 1455 1837 1481 αὐτὸ

1046 1495 1075 1530 δὲ
1088 1502 1124 1538 μὴ
1138 1501 1177 1534 ὃν,
1188 1499 1226 1534 ὡς
1235 1502 1329 1537 ’πάσης
1340 1502 1433 1533 οὐσίας
1447 1502 1585 1534 ἐπέκεινα,
1599 1503 1645 1528 καὶ
1659 1501 1696 1533 ὡς
1703 1501 1736 1528 ἆν
1744 1499 1815 1535 αὐτὴ
1823 1497 1835 1516 ν

1046 1548 1110 1583 περὶ
1121 1546 1221 1582 ἑαυτῆς
1233 1546 1336 1582 κυρίως
1350 1547 1397 1573 καὶ
1413 1546 1565 1582 ὲπιστητῶς
1583 1546 1756 1580 ἀποφαίνοιτο
1764 1545 1785 1572 ⁸.
1838 1548 1840 1576 l

207 1593 249 1616 est
271 1589 336 1616 illud
360 1597 441 1624 supra
467 1590 580 1617 verbum
604 1590 725 1622 honuni;
752 1591 842 1618 unitas
857 1591 981 1619 eﬂ'ectrix
998 1592 1135 1620 universae
1160 1593 1283 1625 unitatis,
1311 1596 1339 1620 et
1358 1592 1511 1619 substantia
1532 1600 1613 1627 supra
1636 1591 1832 1625 substantiam,

206 1641 325 1664 ctmens
345 1644 398 1663 non
422 1637 522 1664 cadens
538 1638 588 1664 sub
614 1637 835 1672 intelligentiam,
851 1637 923 1665 ratio
952 1646 1005 1665 non
1018 1637 1134 1666 eliabilis
1165 1639 1289 1670 ratione,
1313 1638 1501 1673 intelligentia,
1536 1639 1699 1672 nomineqne
1720 1643 1833 1669 vacans.

207 1682 310 1710 nullius
337 1682 376 1709 rei
406 1682 614 1710 similitudinem
643 1683 770 1710 habens:
792 1690 852 1717 qua:
886 1683 995 1718 quidem
1012 1691 1094 1711 causa
1111 1688 1152 1712 est
1169 1688 1200 1710 ut
1214 1685 1303 1711 omnia
1320 1683 1385 1716 sint,
1403 1678 1462 1718 ipsa
1480 1691 1544 1710 vero
1560 1690 1612 1711 non
1637 1689 1689 1715 est,
1717 1687 1748 1710 ut
1773 1689 1835 1718 qua

207 1728 322 1764 quiescit
343 1733 420 1756 extra
442 1728 534 1756 omnia
558 1736 619 1763 qua:
647 1733 722 1761 sunt,
751 1728 982 1762 quemadmodum
996 1728 1076 1756 etiam
1093 1729 1148 1764 ipsa
1162 1729 1195 1756 de
1208 1736 1237 1756 se
1253 1729 1361 1764 proprie
1378 1730 1500 1764 sciteque
1519 1729 1577 1757 bzec
1589 1728 1665 1757 eti‘ari
1679 1734 1778 1765 potest.

988 1831 1004 1867 ᾗ
1027 1829 1067 1861 ΙΙ.

239 1905 279 1932 De
291 1905 342 1932 hac
359 1904 451 1938 igitur,
462 1908 498 1931 ‘ut
508 1903 608 1931 dictum
619 1907 673 1936 est,
685 1902 942 1937 supersubstantiali
961 1909 993 1930 ac

1078 1903 1147 1939 Περὶ
1163 1903 1266 1939 ταύτης
1287 1900 1343 1935 οὖν,
1357 1903 1395 1934 ὡς
1409 1901 1528 1938 εἴρηται,
1539 1901 1589 1936 τῆς
1607 1901 1769 1937 ὑπερουσίου
1785 1901 1834 1928 καὶ

205 1950 348 1978 recondita
364 1950 509 1977 divinitate
526 1957 578 1976 non
600 1953 641 1976 est
654 1949 876 1983 praesumendum
890 1948 991 1981 dicere,

204 1998 252 2025 sed
267 2004 356 2032 neque
373 1996 661 2031 cogitare-quidpiam.
677 2001 777 2030 praeter
789 2002 820 2022 ea
839 2003 900 2030 quae
915 1995 993 2023 nobis

205 2043 338 2070 divinitus
367 2042 456 2070 sacris
483 2047 547 2069 sunt
570 2041 687 2076 eloquiis
703 2041 857 2074 enuntiata,
878 2049 940 2068 nam
963 2045 993 2068 ut

204 2092 263 2124 ipsa
277 2090 310 2116 de
323 2096 352 2116 se
363 2088 445 2124 285
463 2089 489 2116 in
498 2088 588 2116 sacris
613 2088 713 2115 litteris
730 2088 846 2123 benigne
871 2087 991 2120 tradidit,

203 2136 264 2172 ejus
279 2136 344 2171 quid
359 2136 394 2162 sit
407 2136 522 2163 scientia
536 2140 564 2163 et
584 2134 789 2169 contemplatio,
806 2138 850 2161 est
864 2133 993 2161 omnibus

205 2181 344 2209 inaccessa
366 2181 528 2209 substantiis
556 2184 684 2215 tanquam
708 2181 743 2207 ab
756 2179 883 2206 omnibus
898 2185 993 2213 super-

205 2228 389 2255 essentialiter
420 2232 548 2262 excepta.
575 2226 674 2254 Iulios
695 2248 698 2251 η
716 2233 825 2262 quoque
849 2225 993 2260 theologos

204 2273 346 2306 invenias,
365 2281 419 2300 non
443 2273 523 2300 modo
542 2273 628 2303 illam.
652 2273 726 2307 quod
757 2272 844 2300 visum
868 2275 991 2299 nostrum

205 2324 370 2354 captumque
386 2319 471 2354 fugiat
484 2318 625 2351 laudasse;
645 2325 740 2346 verum
763 2318 928 2352 etiamquod
950 2317 992 2344 in-

205 2365 298 2400 dagari
316 2369 434 2399 nequeat
454 2368 486 2392 et
506 2364 678 2399 investigari,
707 2363 782 2391 nullo
805 2363 913 2391 scilicet
942 2371 991 2391 ex-

204 2414 298 2436 stante
311 2409 426 2444 vestigio
442 2408 514 2443 quod
540 2409 622 2436 ducat
636 2410 671 2436 ad
694 2408 753 2443 ejus
778 2408 989 2436 secretissimam

204 2455 380 2483 inﬁnitatem.
407 2456 460 2483 Sed
485 2462 573 2490 neque
602 2459 694 2482 tamen
719 2462 815 2482 eorum
842 2462 903 2489 qua:
928 2459 992 2482 sunt

204 2502 353 2537 quidquam
377 2501 436 2537 ejus
460 2502 572 2529 omnino
589 2501 652 2528 boni
670 2508 767 2528 exsors
787 2501 908 2533 exsistit,
925 2500 988 2535 quia

205 2551 313 2577 radium
327 2549 401 2576 illum
415 2548 704 2583 supersubstantialem
718 2548 772 2576 sibi
785 2552 990 2582 perseveranter

1045 1949 1163 1986 κρυφίας
1189 1949 1316 1984 θεότητος
1337 1949 1368 1975 οὐ
1396 1948 1543 1984 τολμητέον
1569 1949 1667 1979 εἰπεῖν,
1690 1947 1752 1974 οὔτε
1778 1948 1833 1984 μὴν

1044 1996 1170 2032 ἐννοῆσαί
1187 2005 1224 2028 τι,
1243 1995 1318 2032 παρὰ
1337 1995 1372 2022 τὰ
1393 1994 1538 2026 θεοειδῶς⁹
1555 1995 1620 2030 ἡμῖν
1633 1995 1666 2020 ὲκ
1678 1994 1732 2021 τῶν
1751 1994 1833 2030 ιερῶν

1044 2043 1142 2077 λογίων
1155 2041 1428 2077 ὲκπεφασμένατκαὶ
1443 2041 1498 2077 γὰρ
1511 2040 1549 2072 ὡς
1565 2040 1634 2076 αὑτὴ
1648 2040 1711 2076 περὶ
1730 2041 1833 2076 ἑαυτῆς

1044 2090 1073 2116 ἐν
1095 2090 1152 2121 τοῖς
1174 2088 1274 2123 λογίοις
1293 2087 1493 2123 ἀγαθοπρεπῶς
1519 2086 1721 2123 παραδέδωκεν.
1746 2087 1763 2122 ἡ
1782 2087 1833 2122 μὲν

1043 2136 1128 2172 αὐτῆς
1141 2136 1155 2162 ὅ
1174 2144 1200 2162 τι
1219 2135 1285 2162 ποτέ
1307 2136 1382 2162 ἐστιν
1406 2134 1543 2170 ἐπιστήμη
1564 2134 1611 2160 καὶ
1623 2133 1733 2168 Θεωρία,
1748 2135 1834 2162 πᾶσιν

1043 2183 1143 2214 ἀϐατός
1156 2183 1214 2209 ἐστι
1234 2183 1290 2214 τοῖς
1315 2179 1400 2212 οὖσιν,
1415 2181 1453 2213 ὡς
1466 2181 1573 2208 πάντων
1588 2180 1758 2216 ὑπερουσίως
1772 2181 1834 2218 ἐξῃ-

1044 2229 1159 2264 ρημένη.
1174 2228 1229 2256 Καὶ
1253 2227 1366 2260 πολλοὺς
1379 2227 1434 2254 τῶν
1446 2227 1576 2261 θεολόγων
1598 2227 1723 2263 εὑρήσεις
1737 2227 1767 2254 οὺ
1783 2228 1833 2263 μό-

1042 2284 1087 2302 νον
1104 2275 1142 2307 ὼς
1155 2275 1269 2310 ἀόρατον
1283 2274 1367 2310 αὐτὴν
1389 2274 1435 2300 καὶ
1454 2273 1639 2309 ἀπερίληπτον
1663 2274 1832 2309 ὑμνηκότας,

1042 2320 1110 2347 ἀλλὰ
1121 2320 1168 2347 καὶ
1181 2319 1389 2355 ἀνεξερεύνητον
1414 2319 1472 2354 ἅμα
1494 2319 1541 2345 καὶ
1563 2318 1777 2354 ἀνεξιχνίαστον,
1792 2321 1832 2352 ὡς

1041 2366 1092 2392 οὐκ
1104 2366 1179 2398 ὄντος
1193 2365 1283 2401 ἴχνους
1294 2365 1411 2397 οὐδενὸς,
1425 2365 1479 2392 τῶν
1493 2365 1539 2392 ἐπὶ
1550 2364 1599 2400 τὴν
1613 2366 1732 2401 κρυφίαν
1744 2367 1832 2402 αὐτῆς

1041 2411 1168 2447 ἀπειρίαν
1191 2410 1394 2446 διεληλυθότων.
1419 2409 1456 2436 (ίὺ
1483 2409 1535 2445 μὴν
1568 2409 1746 2445 ἀκοινώνητόν
1770 2412 1831 2439 ἐστι

1041 2456 1154 2484 καθόλου
1178 2455 1295 2490 τάγαθὸν
1311 2456 1399 2482 οὐδενὶ
1422 2455 1475 2481 τῶν
1497 2455 1591 2487 ὅντων,
1605 2455 1662 2482 ἀλλ’
1675 2457 1718 2490 ἐφ’
1730 2457 1829 2484 ἑαυτοῦ

1043 2502 1163 2538 μονίμως
1181 2502 1231 2537 τὴν
1244 2502 1405 2537 ὑπερούσιον
1433 2500 1543 2536 ἰδρῦσαν
1568 2501 1663 2528 ἀκτῖνα
1685 2503 1744 2533 ταῖς
1763 2503 1830 2530 ἐκά-

1042 2555 1104 2573 στου
1117 2546 1173 2579 τῶν
1184 2547 1268 2573 ὅντων
1281 2546 1422 2580 ἀναλόγοις
1436 2546 1600 2580 ὲλλάμψεσιν
1627 2545 1763 2581 ἁγαθοπρε
1769 2546 1829 2578 πῶς

205 2596 317 2624 insitum
331 2595 446 2623 cuilibet
463 2596 502 2622 rei
519 2595 647 2629 congruis
671 2594 915 2622 illuminationibus
935 2593 990 2621 cle-

1047 2592 1224 2627 imcpatvs'tat,
1239 2592 1286 2618 καὶ
1309 2591 1377 2626 πρὸς
1396 2591 1447 2626 τὴν
1471 2591 1584 2626 ὲφικτὴν
1602 2590 1684 2617 αὑτοῦ
1710 2591 1827 2626 θεωρίαν

205 2646 313 2668 tnenter
327 2645 499 2675 attemperat,
514 2647 620 2667 necnon
630 2639 663 2666 ad
677 2645 806 2674 quantam
820 2639 861 2667 fas
872 2643 914 2666 est
924 2647 988 2666 con-

204 2687 409 2722 templationem
436 2695 468 2714 ac
491 2686 710 2714 comtnunionem
726 2685 988 2720 similitudinemque

1043 2639 1090 2665 καὶ
1118 2638 1259 2665 κοινωνίαν
1282 2637 1329 2664 κα)⁴
1354 2637 1483 2673 ὁμοίωσιν
1501 2637 1635 2664 ἀνατείνει
1654 2638 1716 2669 τοὺς
1736 2638 1827 2673 ἱεροὺς

1040 2686 1113 2718 νόας,
1124 2686 1188 2717 τοὺς
1198 2685 1236 2718 ὡς
1249 2685 1358 2720 θεμιτὸν
1372 2684 1446 2721 αὐτῷ
1465 2686 1512 2712 καὶ
1532 2684 1702 2720 ἱεροπρεπῶς
1714 2683 1826 2711 ἐπιϐάλ-

845 2775 963 2804 νΑιιιλΕ
983 2775 1185 2806 LECTlONES.

220 2845 232 2861 ’λ
253 2855 297 2880 γρ.
308 2847 452 2878 ἀγνωσίας.
482 2846 493 2862 ⁸
506 2846 602 2881 λόγων,
615 2845 664 2872 Ch.
697 2845 708 2861 ⁸
722 2845 790 2880 πρὸς
801 2844 829 2881 δὲ
840 2844 900 2876 τάς,
914 2844 945 2870 D.
956 2879 962 2881 _
976 2843 986 2859 '
1001 2844 1197 2881 ἀνακόπτεται,
1212 2842 1279 2881 ius
1290 2879 1296 2881 _
1321 2843 1330 2859 ⁵
1342 2843 1462 2881 ἀπειρία,
1476 2843 1548 2881 M._$.
1559 2841 1681 2881 ἀοριστία
1689 2841 1735 2881 ita}
1742 2841 1822 2881 ἁπειε

207 2877 262 2916 pta,
273 2877 306 2909 Ῥ.
347 2883 356 2897 ⁷
369 2877 446 2916 αὐτό,
460 2882 489 2910 S.
502 2882 532 2910 P.
543 2877 572 2910 et
585 2889 646 2909 mox
662 2881 724 2918 περὶ
738 2877 844 2908 ἑαυτοῦ.
884 2881 894 2897 ⁸
906 2879 1040 2914 αἰσθητῶς
1052 2878 1228 2913 ἁποφήσοιτο,
1243 2878 1270 2907 S.
1284 2877 1501 2915 ἀποφοιτήσοιτο,
1515 2877 1545 2906 Ρ.

1595 2879 1604 2894 ⁸
1621 2876 1764 2910 θειοειδῶς,
1789 2876 1822 2904 υ.
