1929 3068
111 163 166 192 589

643 161 687 189 DE
704 160 832 190 DlVlNlS
847 159 1048 194 NOMINIBUS,
1064 159 1141 187 CAP.
1161 161 1182 188 Ι.

1679 161 1732 187 5M

111 223 219 254 λοντας,
233 222 279 248 καὶ
292 222 361 258 μήτε
375 222 443 261 πρὸς
455 221 486 248 τὸ
497 222 648 257 ὑπέρτερον
668 221 718 257 τῆς
730 220 899 256 ὲναρμονίως

953 224 1061 247 sanctas
1077 224 1181 245 mentes
1195 218 1295 252 cvcliit,
1308 226 1368 252 quze
1379 219 1412 246 ad
1433 219 1532 255 ipsum,
1555 220 1643 254 quoad
1669 228 1733 254 pos--

111 270 283 306 ὲνδιδομένης
315 270 483 305 θεοφανείας,
517 270 654 300 ἀδυνάτως
683 266 898 302 ὰπαυθαδιζομέ-

112 325 176 348 νους
192 317 224 348 ¹⁰,
241 316 308 352 μήτε
322 316 390 352 πρὸς
402 316 433 342 τὸ
448 315 580 347 κάταντες
592 316 624 341 ὲκ
636 314 685 350 τῆς
702 315 748 340 ἐπὶ
764 306 796 340 τό
807 315 897 349 χεῖρον

113 361 237 396 ὑφέσεως
267 361 518 392 ἀπολισθαίνοντας,
544 360 601 387 ἀλλ’
625 360 765 391 εὐσταθῶς
793 368 823 386 τε
851 359 899 385 καί

112 407 229 438 ἁκλινῶς
248 407 294 434 ἐπὶ
317 407 366 443 τὴν
386 407 483 433 ἀκτῖνα
503 405 550 442 τὴν
572 406 663 437 αὐτοῖς
692 406 897 441 ὲπιλάμπουσαν

112 453 346 488 ἀνατεινομένους,
367 453 414 479 καὶ
436 452 475 487 τῷ
493 452 642 488 συμμέτρῳ
654 451 708 478 τῶν
725 451 840 487 θεμιτῶν
853 451 898 476 ὲλ-

112 499 243 534 λάμψεων
259 499 340 534 ἔρωτι
356 501 413 534 μετ’
427 499 568 530 εὐλαϐείας
593 499 679 534 ἱερᾶς,
703 497 848 532 σωφρόνως
869 505 899 522 τε

113 545 161 570 καὶ
175 544 256 575 ὁσίως
268 544 530 580 ἀνατιτερουμένους.

953 269 1026 296 sunt,
1043 264 1230 296 connituntur,
1249 264 1394 291 dummodu
1407 272 1459 291 non
1478 264 1634 297 sublimius,
1649 274 1731 300 quant

953 318 1004 345 pro
1018 317 1111 337 eorum
1135 313 1214 343 captu
1229 309 1319 335 divina
1342 308 1395 336 fert
1419 309 1572 342 illustratio,
1585 310 1733 337 insolenter

954 355 1056 390 aliquid
1070 357 1248 389 praesumant,
1268 360 1319 380 nec
1342 353 1368 380 in
1393 361 1512 388 pra'ceps
1529 362 1654 388 perversa
1670 363 1733 390 pro-

954 400 1085 436 pensionc
1096 400 1234 432 labantur,
1245 404 1273 425 at
1286 403 1445 425 constanter
1458 403 1486 426 et
1500 399 1633 426 irrcllexis
1647 401 1734 428 oculis

954 446 1074 474 illncenti
1089 445 1163 473 radio
1177 445 1354 478 obtneantnr,
1375 452 1424 471 nec
1441 452 1494 472 non
1512 453 1606 473 amore
1620 446 1732 473 indultis

954 491 1006 517 sibi
1035 489 1286 518 collustrationibus
1307 496 1475 521 commenso.
1494 497 1554 516 cum
1570 498 1647 517 sacra
1665 499 1733 525 qna-

953 537 1015 564 dam
1046 535 1201 564 reverentia
1219 535 1341 562 modeste
1367 540 1519 569 sancteque
1542 543 1650 564 sursum
1672 545 1736 564 evo-

954 583 1020 611 lent.

900 664 984 702 §1n.

148 757 260 789 Τούτοις
273 757 400 793 ἑπόμενοι
411 758 466 788 τοῖς
480 755 633 791 θεαρχιχοῖς
646 755 748 790 ζυγοῖς,
761 755 785 782 οἳ
795 756 840 782 καὶ
851 754 900 786 τὰς

111 803 178 836 ὅλας
187 803 381 839 διακυῦερνῶσι
398 802 453 829 τῶν
467 801 667 837 ὑπερουρανίων
677 801 779 834 τάξεων
788 801 808 816 ¹¹
822 801 902 835 ἁγίας

110 849 317 885 διακοσμήσεις,
332 848 363 875 τὸ
376 849 425 884 μὲν
439 847 509 883 ὑπὲρ
518 847 579 874 νοῦν
590 849 636 875 καὶ
646 848 748 879 οὐσίαν,
759 848 808 882 τῆς
821 848 902 883 θεαρ-

111 895 176 930 χίας
190 895 304 930 κρύφιον
325 895 543 931 ἀνεξερευνήτοις
563 896 610 923 καὶ
630 896 716 930 ἱεραῖς
741 893 799 925 νοὸς
823 893 900 919 εὐλα-

112 940 211 972 ϐείαις,
224 940 257 967 τὰ
269 940 297 967 δὲ
308 941 414 977 ἄρρητα
430 941 548 977 σώφρονι
563 942 627 977 σιγῇ
640 940 782 975 τιμῶντες,
796 939 842 965 ἐπὶ
850 938 899 969 τὰς

112 986 303 1021 ὲλλαμπούσας
316 987 383 1021 ἡμῖν
402 985 432 1012 ἒν
451 986 508 1018 τοῖς
523 987 605 1021 ἱεροῖς
623 985 723 1020 λογίοις
736 983 822 1018 αὐγὰς
835 984 900 1010 ἀνα-

110 1032 265 1067 τεινόμεοα,
289 1032 336 1059 καὶ
366 1032 433 1067 πρὸς
457 1031 547 1058 αὐτῶν
571 1030 810 1066 φωταγωγούμεθα
833 1029 900 1066 πρὸς

111 1078 175 1110 τοὺς
187 1078 348 1113 θεαρχικοὺς
358 1077 468 1113 ὕμνους,
483 1077 528 1104 ὑπ’
539 1077 628 1103 αὐτῶν
639 1077 830 1112 ὑπερκοσμίως
843 1085 900 1111 φω-

111 1124 259 1159 τιζόμενοι,
274 1124 320 1150 καὶ
345 1124 413 1159 πρὸς
433 1123 482 1155 τὰς
497 1123 572 1158 ἱερὰς
585 1121 745 1158 ὑμνολογίας
761 1122 899 1157 τυπούμε-

112 1179 164 1202 νοι,
179 1169 247 1205 πρὸς
259 1170 290 1196 τὸ
302 1170 349 1196 καὶ
358 1170 423 1206 ὁρᾷν
432 1170 453 1185 ¹²
467 1169 501 1196 τὰ
514 1169 677 1205 συμμέτρως
690 1170 753 1204 ἡμῖν
767 1168 801 1194 δι’
811 1169 900 1196 αὐτῶν

112 1215 274 1252 δωρούμενα
289 1215 422 1251 θεαρχικὰ
435 1215 521 1250 φῶτα,
539 1215 586 1242 καὶ
612 1215 662 1251 τὴν
681 1214 838 1248 ἀγαθοδότιν
852 1215 901 1250 ἀρ-

112 1264 164 1299 χὴν
177 1263 286 1297 ἀπάσης
302 1262 377 1298 ἱερᾶς
391 1262 576 1296 φωτοφανείας
592 1261 695 1296 ὑμνεῖν,
709 1261 746 1293 ὡς
757 1262 824 1297 αὑτὴ
837 1262 901 1297 περὶ

113 1308 213 1343 ἑαυτῆς
223 1308 244 1323 ⁸³
259 1309 286 1334 ἐν
298 1309 352 1339 τοῖς
366 1308 447 1343 ἱεροῖς
459 1307 558 1341 λογίοις
571 1307 768 1342 παραδέδωκεν.
780 1304 852 1338 Οἴον⁷
861 1308 901 1334 ὅτι

113 1353 222 1380 πάντων
230 1354 303 1380 ἐστὶν
315 1354 398 1385 αίτία,
408 1353 453 1380 καὶ
461 1352 541 1388 ἀρχὴ,
552 1353 598 1379 καὶ
608 1353 695 1385 οὐσία,
710 1353 755 1380 καὶ
768 1353 823 1389 ζωή
834 1362 840 1368 ·
855 1353 902 1380 καὶ

113 1399 168 1426 τῶν
183 1400 232 1435 μὲν
245 1399 452 1427 ὰποπιπτόντων
472 1399 557 1434 αὐτῆς
581 1399 728 1434 ἀνάκλησις
740 1408 770 1426 τε
783 1399 828 1426 καὶ
841 1399 902 1426 ἀνά-

117 1454 228 1477 στασις,
243 1445 295 1472 τῶν
309 1445 335 1471 δὲ
350 1445 417 1481 πρὸς
429 1445 459 1471 τὸ
471 1445 517 1471 τοῦ
531 1444 664 1477 θεοειδοῦς
679 1445 902 1481 παραφθαρτικὸν

113 1491 387 1527 ἀπολισῧησάντωωλ
410 1491 604 1526 ἀνακαινισμὸς
628 1492 674 1518 καὶ
697 1491 899 1528 άναμὸρφωσις,

113 1536 170 1563 τῶν
191 1537 219 1563 δὲ
242 1537 313 1563 κατά
330 1545 390 1563 τινα
414 1536 492 1563 σάλον
520 1536 627 1571 ἀνίερον
659 1536 900 1572 παρακινουμένων
914 1553 936 1582 C

113 1583 218 1619 ἵδρυσις
232 1582 302 1618 ἱερὰ,
317 1583 365 1609 καὶ
385 1583 438 1609 τῶν
451 1583 604 1618 ἑστηκότων
623 1583 765 1617 ἀσφάλεια,
780 1584 826 1610 καὶ
846 1582 900 1610 τῶν

111 1630 157 1656 ἐπ’
165 1630 249 1665 αὐτὴν
259 1629 431 1664 ἀναγομένων
444 1630 591 1666 άνατατικὴ
601 1630 777 1666 χειραγωγία,
793 1631 838 1656 καὶ
847 1630 901 1657 τῶν

113 1676 306 1711 φωτιζομένων
321 1676 461 1712 ἔλλαμψις,
474 1676 522 1703 καὶ
538 1676 592 1702 τῶν
614 1675 782 1712 τελουμένων
796 1677 817 1692 ¹⁵
831 1676 902 1703 τελε-

111 1722 223 1758 ταρχία,
237 1723 284 1748 καὶ
295 1722 350 1749 τῶν
363 1722 516 1758 θεουμένων
532 1721 655 1757 θεαρχία,
669 1722 716 1748 καὶ
734 1722 788 1748 τῶν
801 1722 902 1749 ἁπλου-

115 1766 204 1801 μένων
229 1766 358 1802 ἁπλότης,
380 1765 498 1793 καὶτῶν
520 1765 682 1802 ένιζομὲνων
706 1766 800 1801 ἑνότης
813 1766 900 1802 ἀρχῆς

111 1812 223 1847 ἀπάσης
236 1813 404 1848 ὑπερουσίως
415 1812 581 1848 ὑπερὰρχιος
593 1813 614 1828 ’⁵
624 1812 704 1847 ἁρχὴ,
714 1813 760 1838 καὶ
773 1812 820 1838 τοῦ
833 1820 900 1847 κρυ-

112 1858 177 1893 φίου
198 1857 268 1884 κατὰ
293 1858 325 1885 τὸ
347 1858 456 1894 Θεμιτὺν
470 1858 558 1894 ἀγαθὴ
579 1858 728 1894 μεταδότις,
744 1858 789 1885 καὶ
810 1858 903 1890 ἁπλῶς

112 1904 211 1936 εἰπεῖν,
220 1904 298 1940 ἡτῶν
308 1904 416 1937 ζώντων
427 1905 492 1941 ζωὴ,
501 1905 547 1932 καὶ
561 1905 614 1932 τῶν
623 1905 706 1932 ὄντων
717 1905 804 1938 οὐσία,
814 1906 903 1942 πάσης

113 1949 187 1984 ζωῆς
200 1950 247 1976 καὶ
260 1950 352 1982 οὐσίας
364 1950 435 1986 ἀρχὴ
449 1951 496 1977 καὶ
508 1951 592 1983 αἰτία,
610 1950 655 1977 διὰ
665 1950 714 1986 τὴν
725 1951 809 1986 αὐτῆς
821 1951 860 1982 εἰς
873 1950 903 1976 τὸ

114 1992 184 2020 εἶναι
213 1994 248 2021 τὰ
270 1994 335 2022 ὄντα
358 1996 530 2032 παρακτικὴν
558 1996 579 2011 ¹⁷
604 1995 650 2022 καὶ
669 1995 811 2031 συνοχικὴν
833 1995 902 2029 ἀγα-

115 2039 227 2076 θότητα.

990 756 1042 783 Eas
1055 763 1119 790 ergo
1138 755 1242 782 divinas
1260 755 1362 788 lances,
1374 762 1434 790 qum
1447 761 1557 784 sanctas
1573 764 1669 784 omnes
1690 765 1736 785 or-

955 802 1047 829 dinum
1060 802 1211 829 (’(elcstium
1224 801 1413 828 distinctiones
1425 802 1610 835 moderantur,
1627 803 1737 830 imitan-

956 853 1008 882 tes,
1036 856 1149 877 summa:
1177 848 1287 883 quidem
1320 848 1472 876 divinitatis
1496 857 1627 876 arcanum
1659 849 1736 882 illud.

951 895 1024 930 quod
1045 902 1152 921 omnem
1170 894 1376 929 intelligentiam
1404 894 1641 930 subslantiamque
1658 900 1736 923 tran-

952 939 1069 971 sccndil,
1084 947 1098 966 a
1112 939 1282 966 scrutatione
1298 939 1401 970 vacuis,
1418 939 1561 974 sacrisque
1576 942 1674 968 mentis
1691 949 1736 969 vc-

951 986 1151 1018 nerationibus,
1165 985 1313 1013 ineffabilia
1336 993 1401 1013 vero
1427 986 1550 1013 modesto
1566 988 1684 1022 quodam
1699 988 1738 1015 si-

952 1032 1037 1060 lentio
1049 1038 1255 1067 prosequentes,
1270 1031 1430 1067 fulgoribus.
1452 1032 1496 1065 qui
1515 1032 1593 1060 nobis
1609 1040 1623 1060 e
1636 1033 1737 1062 sanctis

951 1078 1066 1112 eloquiis
1102 1077 1239 1113 aﬂulgent,
1275 1077 1462 1110 attendamus,
1494 1085 1608 1113 quorum
1638 1080 1737 1107 deinde

951 1125 1010 1152 luce
1026 1124 1060 1152 ad
1073 1124 1177 1151 divinos
1195 1124 1309 1158 hymnos
1331 1124 1493 1156 excitemur,
1516 1125 1615 1159 quibus
1639 1133 1736 1160 super-

952 1171 1128 1198 mundialiter
1151 1170 1345 1202 illuminamur,
1367 1171 1510 1206 sacrisque
1527 1172 1638 1199 laudum
1650 1173 1738 1200 canti-

951 1217 992 1245 cis
1005 1217 1156 1244 l'ormamur
1172 1217 1206 1244 ad
1222 1217 1312 1244 divina
1330 1217 1444 1249 lumina,
1461 1225 1522 1252 qum
1539 1218 1566 1244 in
1586 1218 1618 1245 iis
1632 1219 1665 1245 ad
1691 1226 1738 1245 ca—

953 1267 1028 1299 ptum
1040 1269 1163 1292 nostrum
1174 1263 1372 1296 conceduntur,
1391 1265 1556 1297 contuenda,
1570 1264 1736 1292 beneﬁcum-

951 1316 1005 1344 qnc
1017 1307 1182 1344 principium
1208 1309 1297 1335 omnis
1327 1308 1529 1341 illustrationis,
1545 1313 1625 1344 prout
1648 1309 1737 1344 ipsum

952 1355 985 1382 de
1000 1360 1028 1382 Se
1050 1355 1075 1382 in
1089 1354 1203 1388 eloqniis
1226 1354 1360 1389 expressit
1379 1354 1600 1383 collaudandum.
1613 1355 1650 1383 Ut
1664 1358 1736 1390 quod

952 1400 1071 1427 onmimn
1088 1400 1125 1426 sit
1136 1407 1218 1426 causa
1232 1404 1259 1426 et
1272 1399 1359 1434 origo,
1378 1400 1551 1435 esscntiaque
1577 1409 1608 1428 ac
1633 1402 1697 1435 vita,
1710 1406 1738 1429 et

953 1453 966 1472 a
981 1453 1010 1472 se
1022 1445 1187 1479 dilapsornm
1212 1445 1352 1472 revocatio
1371 1452 1403 1472 ac
1416 1445 1593 1479 resurrectio,
1612 1446 1733 1474 divinam

953 1500 1017 1519 vero
1030 1493 1058 1519 in
1077 1492 1231 1527 semetipsis
1245 1492 1393 1527 imaginem
1410 1492 1627 1520 oblitterantium
1657 1502 1738 1521 reno—

952 1539 1026 1566 vatio
1043 1546 1074 1566 ac
1092 1538 1261 1570 reformatio,
1277 1546 1326 1566 nec
1340 1546 1390 1565 non
1408 1539 1515 1574 impuro
1540 1544 1613 1567 motu
1638 1545 1737 1568 nutan-

956 1585 1022 1611 tium
1039 1584 1252 1618 ﬁrmamentum,
1281 1592 1312 1611 ac
1335 1585 1466 1612 stantium
1496 1587 1642 1620 securitas;
1659 1588 1691 1614 ad
1707 1596 1737 1615 se

956 1631 1124 1658 tendentium
1140 1631 1325 1664 manudnctio,
1340 1630 1554 1658 illuminatorum
1580 1632 1737 1665 illustratio.

954 1676 1138 1712 pet-lectorum
1165 1677 1331 1712 principium
1356 1677 1518 1710 perliciens,
1547 1678 1737 1706 deilicatorum

955 1731 1064 1750 summa
1078 1722 1220 1755 divinitas,
1235 1722 1469 1757 simplilicatorum
1487 1723 1659 1758 simplicitas,
1675 1725 1737 1752 nni-

955 1773 1043 1795 torum
1065 1767 1166 1799 unitas,
1200 1767 1289 1794 omnis
1314 1766 1442 1801 principii
1472 1768 1738 1801 superessentialiter

953 1812 1171 1848 supcroriginalc
1186 1812 1364 1847 principium,
1383 1816 1464 1846 atque
1479 1812 1562 1840 abditi
1595 1813 1667 1840 illius
1692 1821 1736 1841 se-

953 1858 1033 1890 creti,
1051 1858 1140 1893 quoad
1169 1858 1208 1884 las
1231 1861 1284 1888 est.
1315 1858 1438 1885 benelica
1468 1859 1689 1890 communicatio,
1708 1864 1737 1886 et

953 1904 1116 1939 simpliciter
1130 1904 1213 1939 286
1223 1903 1351 1935 dicendo.
1364 1903 1418 1930 vita
1438 1903 1600 1936 viventium,
1614 1905 1734 1931 essentia

954 1949 1068 1979 entinm,
1081 1950 1170 1976 omnis
1178 1950 1240 1975 vita:
1254 1952 1280 1975 et
1298 1948 1424 1975 essentia-3
1435 1948 1597 1983 principium
1610 1956 1641 1975 ac
1651 1956 1735 1976 causa

954 1999 1064 2029 propter
1079 2002 1155 2020 suam
1173 1994 1335 2024 bonitatem,
1352 2001 1404 2027 qua
1423 1997 1451 2020 et
1471 1992 1597 2020 universa
1611 1993 1736 2027 producit

955 2046 983 2067 ut
994 2041 1058 2073 sint,
1074 2045 1102 2067 et
1118 2040 1238 2067 continet
1251 2048 1283 2066 nc
1296 2044 1418 2074 pcreant.

886 2120 900 2156 §
930 2119 983 2149 IV.

151 2200 241 2228 Ταῦτα
254 2201 322 2236 πρὸς
334 2200 388 2228 τῶν
400 2201 479 2228 θείων
490 2201 588 2236 λογίων
602 2200 774 2237 μεμυήμεϐα,
789 2201 836 2227 καὶ
848 2201 900 2227 πᾶ-

988 2201 1051 2229 Haec
1067 2208 1099 2228 ex
1117 2200 1267 2235 Scripturis
1288 2200 1388 2228 divinis
1412 2200 1572 2232 didicimus;
1589 2203 1626 2232 et,
1651 2204 1680 2226 ut
1694 2199 1730 2227 ita

115 2255 176 2278 σαν,
190 2246 228 2279 ὡς
241 2248 339 2279 εἰπεῖν,
352 2247 402 2282 τὴν
425 2246 501 2282 ἱερὰν
520 2247 574 2274 τῶν
594 2247 726 2281 θεολόγων
738 2247 900 2282 ὑμνολογίαν

114 2293 243 2329 εὑρήσεις
263 2292 330 2328 πρὸς
349 2292 400 2325 τὰς
419 2293 605 2328 ἁγαθουργοὺς
617 2294 666 2328 τῆς
679 2293 807 2328 θεαρχίας
821 2293 901 2329 προό-

115 2339 187 2370 δους,
209 2338 410 2372 ἔκφαντορικῶς
428 2339 474 2365 καὶ
494 2338 650 2374 ὑμνητικῶς
671 2338 720 2370 τὰς
745 2339 900 2374 θεωνυμίας

114 2384 388 2417 διασκευάζουσαν¹⁸.
404 2384 485 2412 Ὅθεν
505 2385 534 2412 ὲν
557 2385 632 2422 πάσῃ
650 2385 743 2420 σχεδὸν
763 2387 797 2420 τῇ
811 2385 901 2411 θεολο-

115 2432 181 2466 γικῇ
196 2431 371 2466 πραγματείᾳ
382 2431 431 2466 τὴν
444 2431 571 2467 θεαρχίαν
585 2431 692 2466 ὁρῶμεν
707 2431 787 2466 ίερῶς
799 2432 900 2467 ὑμνου-

117 2477 212 2513 μένην,
225 2477 262 2508 ὡς
276 2477 378 2512 μονάδα
392 2477 440 2512 μὲν
453 2478 499 2503 καὶ
519 2477 610 2509 ὲνάδα,
630 2477 676 2503 διὰ
691 2476 741 2512 τὴν
761 2478 900 2513 ἁπλότητα

115 2523 164 2551 καὶ
182 2523 295 2558 ἑνότητα
314 2523 364 2558 τῆς
383 2523 537 2559 ὑπερφυοῦς
558 2523 684 2559 ἀμερίας,
699 2523 728 2555 ἐξ
740 2521 783 2559 ἦς,
798 2524 835 2555 ὡς
849 2525 902 2551 ἐνο-

116 2569 196 2597 ποιοῧ
208 2569 356 2605 δυνάμεως,
370 2568 522 2605 ένιζόμείὶα,
536 2570 582 2596 καὶ
601 2569 655 2595 τῶν
675 2570 809 2605 μεριστῶν
821 2570 899 2605 ἡμῶν

116 2616 283 2652 ἑτεροτήτων
297 2615 488 2651 ὑπερκοσμίως
501 2616 756 2651 συμπτυσσομένων,
766 2617 805 2647 εἰς
818 2615 902 2642 θεοει-

116 2661 150 2697 δῆ
164 2661 265 2696 μονάδα
285 2662 466 2697 συναγόμεθα,
486 2662 532 2688 καὶ
551 2662 714 2698 θεομίμητον
736 2661 847 2688 ἕνωσιν·
862 2662 900 2694 ὡς

950 2247 1052 2279 dicam,
1066 2255 1173 2274 omnem
1188 2246 1246 2274 fere
1254 2254 1361 2274 sacram
1375 2245 1543 2280 Scripturam
1558 2247 1686 2279 reperies,
1699 2246 1732 2272 ad

951 2295 1144 2322 declarandum
1171 2295 1250 2322 nobis
1266 2294 1361 2326 Deum,
1376 2298 1403 2320 et
1427 2293 1459 2320 ad
1481 2292 1644 2320 laudandum
1657 2299 1731 2325 eum,

951 2341 1042 2369 divina
1058 2341 1167 2368 nomina
1183 2340 1302 2367 formare
1315 2340 1461 2367 secundum
1475 2339 1573 2367 divinas
1598 2339 1731 2366 bonitatis

951 2388 1148 2415 emanationes.
1168 2386 1237 2413 Hinc
1259 2386 1286 2413 in
1303 2386 1378 2414 omni
1393 2385 1478 2413 ferme
1506 2383 1659 2419 theologica
1681 2389 1733 2411 tra-

952 2433 1072 2461 ctatione
1085 2432 1256 2459 divinitatem
1269 2432 1355 2466 ipsam
1372 2437 1465 2459 sancte
1480 2431 1662 2458 collaudatum
1674 2438 1732 2457 εει-ν

953 2479 1054 2512 nimus,
1071 2484 1100 2506 ut
1122 2479 1264 2506 monadem
1286 2478 1396 2513 quidem
1414 2484 1446 2505 ac
1467 2477 1597 2504 unitatem
1622 2481 1732 2511 propter

953 2525 1169 2560 anpernaturalis
1185 2524 1317 2551 individui
1333 2524 1374 2551 sui
1394 2523 1605 2557 simplicitatem.
1618 2530 1650 2549 ex
1665 2529 1730 2556 qua.

952 2578 1002 2598 ceu
1024 2570 1121 2598 unilica
1137 2571 1247 2603 virtute,
1271 2570 1335 2604 quid
1356 2577 1437 2596 unum
1462 2569 1631 2597 exsistimus.
1650 2573 1731 2601 atque

953 2616 1069 2643 dividnis
1087 2617 1189 2643 nostris
1204 2615 1407 2642 diversitatibus
1435 2613 1655 2648 supermundane
1684 2619 1732 2639 co-

953 2662 1125 2696 agmentatis,
1139 2661 1173 2688 ad
1192 2660 1335 2688 nionadem
1348 2659 1492 2694 quamdam
1510 2656 1678 2688 deil'ormem,
1700 2664 1731 2684 ac

749 2749 864 2777 VARI/{‘1
883 2749 1084 2777 LECTION‘ES.

155 2824 176 2839 ¹⁰
188 2819 478 2855 ἀπαυθαδιαζομένους,
488 2821 516 2847 P.
527 2820 557 2848 D.
575 2819 624 2847 Ch.
663 2821 683 2835 ¹¹
699 2820 876 2853 ἐπουρανίων,
892 2819 920 2846 Ρ.
932 2818 1177 2855 οὐρανίωνγτὰξεων
1194 2819 1240 2844 καὶ
1253 2817 1360 2855 οὐσιῶν,
1377 2817 1405 2844 D.
1415 2816 1549 2855 οὐρανίων
1571 2815 1730 2855 cautim,

119 2859 142 2875 "
153 2857 220 2893 πρὸς
231 2857 279 2892 τῷ,
294 2857 322 2883 Ρ.
335 2857 380 2893 καί
395 2865 446 2883 non
465 2857 544 2883 habet
559 2856 608 2882 Cll.
638 2891 643 2893 Α
661 2855 682 2870 ¹³
695 2856 758 2893 περὶ
769 2855 863 2889 αὐτῆς,
881 2855 907 2893 If,

962 2850 983 2869 ""
995 2850 1251 2889 παρολισῧησάντων
1263 2873 1270 2886 ,
1286 2853 1313 2880 S.
1333 2853 1363 2879 Ρ.
1414 2852 1436 2867 ¹³
1450 2850 1631 2884 ἐνθεουμένων
1645 2869 1650 2883 ε
1678 2852 1730 2878 (λιι.

119 2894 143 2910 ⁸⁸
156 2889 318 2932 ῥῖηέραρχος,
333 2891 365 2930 BI,
390 2893 426 2930 ﬂ"
438 2900 482 2927 γρ.
498 2891 673 2926 παρεκτικήν.
698 2889 1011 2932 ἥ¹⁸γκατασιςευάζουσανν
1032 2890 1071 2916 Cit
1084 2920 1091 2925 '
