1929 3068
181 162 228 191 59!

753 158 783 189 S.
801 158 954 187 DlONYSll
972 159 1206 187 ABEOPAGlT/E

1756 158 1810 187 592

181 219 266 247 Deum
294 219 447 246 imitantem
474 218 602 245 unionem
628 217 798 253 redigimur:
817 221 846 244 ut
879 216 970 244 Trini-

1030 217 1125 252 Γριάδα
1144 217 1182 248 δὲ,
1196 216 1241 243 διὰ
1269 216 1318 253 τὴν
1348 215 1562 252 τρισυπόστατον
1578 215 1629 251 τῆς
1649 214 1812 251 ὑπερουσίου

181 270 265 294 talem
288 273 366 299 vero,
384 268 498 300 propter
522 263 761 299 superessentialis
787 263 969 291 fecunditatis

182 312 209 340 in
229 311 318 340 tribus
335 311 462 347 personis
482 310 744 343 manifestationem,
759 317 793 337 ex
808 317 861 344 qua
881 314 970 345 pater-

183 360 256 388 nitas
269 359 360 387 omnis
376 359 403 386 in
415 358 484 386 coelo
498 360 526 385 et
539 357 566 384 in
581 361 653 385 terra
665 361 718 390 est,
741 362 768 384 et
793 356 948 384 nominatur
962 363 968 382 :

184 410 214 433 ut
230 413 322 433 rerum
339 412 403 432 vero
416 411 539 436 causam,
553 402 627 438 quod
651 403 742 430 omnia
757 409 806 436 per
819 401 970 429 bonitatem

183 450 253 485 ejus,
269 457 360 478 rerum
389 448 569 479 eilectricem.
585 448 640 476 sint
656 448 801 482 producta,
816 451 846 474 ut
861 446 971 482 sapien-

185 503 238 525 tem
260 504 368 532 quoque
391 503 423 524 ac
440 495 594 531 pulchram,
620 494 692 530 quod
720 500 764 521 res
787 500 893 526 omnes,
907 491 971 519 dum

184 547 309 570 naturam
324 550 401 570 suam
426 545 539 569 servant
554 540 756 574 incorruptam,
768 537 867 566 divinae
881 535 973 565 omnis

184 588 337 616 harmonia
349 594 490 623 sacraque
502 585 716 622 pulchritudinis
731 584 786 612 sint
800 584 886 619 plena:
899 592 905 611 :
918 582 973 610 sin-

185 634 273 670 gulari
292 638 382 662 autem
398 640 492 661 amore
513 633 662 660 humanum
679 638 765 666 genus
785 629 974 665 compleéteni-

185 684 251 713 tem,
266 680 337 714 quod
350 687 380 707 se
397 679 475 706 nobis
489 685 552 705 verc
565 677 669 712 integre
681 677 708 703 iu
726 683 779 703 una
793 682 910 709 persona
924 681 973 702 sua

185 725 408 758 couununicarit,
424 731 558 752 revocans
573 723 608 750 ad
635 730 666 750 se
680 722 914 757 sibiquejungens
927 721 975 747 hu-

186 779 295 799 manam
314 771 512 801 humilitatem;
531 777 564 797 cx
582 775 636 804 qua
647 767 760 803 simplex
779 764 858 795 Iesus
879 765 975 794 inetia-

186 819 233 847 bili
252 819 330 846 modo
349 817 487 850 consistit,
503 824 534 844 ac
551 817 598 852 qui
612 823 731 844 rteruus
758 819 810 846 est,
837 818 975 849 tempora-

188 865 240 892 lem
260 864 376 899 sumpsit
386 864 583 896 accessionem,
594 871 700 891 necnon
714 862 747 889 ad
765 861 859 889 intima
873 865 976 887 natura:

188 916 292 939 nostra:
302 910 459 943 descendit;
475 910 522 944 qui
541 910 698 937 universum
715 908 797 935 totius
813 912 917 934 natum
929 913 977 934 or-

187 957 283 986 dinem
304 956 577 987 superessentialiter
590 954 779 987 transcendit;
804 952 921 980 servatis
938 957 979 979 ta-

186 1007 250 1034 )uen
267 1002 484 1038 proprietatibus
499 1002 556 1030 suis
572 1009 686 1037 prorsus
701 999 813 1035 integris
838 1004 865 1026 et
879 999 977 1026 incona

188 1051 269 1079 fusis.
279 1052 342 1079 Hinc
355 1052 463 1087 aliaque
470 1051 700 1086 quaelibetdeitica
709 1051 824 1082 lumina,
833 1057 895 1084 qua:
905 1048 981 1077 Scri-

189 1098 280 1133 pturis
292 1105 410 1126 consona
425 1098 513 1126 sancti
523 1098 609 1125 nostri
624 1101 807 1132 praeceptores
819 1103 920 1123 arcana
934 1102 982 1122 no-

190 1145 233 1172 bis
250 1144 475 1180 interpretatione
489 1143 675 1174 tradiderunt,
692 1150 741 1170 nos
758 1150 866 1177 quoque
888 1142 982 1170 hausi-

191 1197 254 1217 mus
275 1198 283 1217 :
306 1198 378 1218 nunc
392 1190 500 1225 quidem
515 1197 564 1225 pro
578 1194 657 1224 captu
674 1193 780 1222 nostro,
794 1189 856 1215 dum
870 1188 982 1216 velami-

192 1236 274 1264 nibus
287 1236 449 1272 quibusdam
462 1236 549 1263 sacris
568 1234 739 1270 eloquiorum
757 1239 784 1262 et
798 1234 984 1262 hiet-archica-

192 1290 253 1310 rum
273 1281 449 1309 traditiouum
467 1281 621 1316 benignitas
634 1301 642 1312 .
663 1281 747 1316 signis
767 1280 915 1309 sensilibus
939 1288 983 1308 res

192 1325 566 1360 Spiritales,substantiisque
587 1333 631 1353 res
646 1325 921 1360 supersuhstantiales
936 1326 982 1354 ab-

193 1372 241 1404 dit,
253 1371 411 1407 formasque
421 1371 578 1407 ﬁgurasque
587 1371 668 1399 rebus
680 1372 767 1400 forma
779 1373 921 1407 ﬁguraque
935 1380 983 1399 εει--

193 1418 319 1445 rentibus
327 1418 491 1451 circumdat,
505 1425 556 1445 nec
567 1426 620 1446 non
631 1418 876 1453 supernaturalem,
886 1422 914 1445 et
924 1425 984 1453 quas

193 1465 296 1501 ﬁguras
319 1465 437 1498 respuit,
464 1464 668 1500 simplicitatem
694 1465 869 1492 dividuorum
892 1465 985 1500 signo-

194 1519 255 1537 rum
280 1509 415 1536 varietate
442 1509 607 1544 multiplicat
631 1514 660 1536 et
688 1508 851 1543 etliug'it.At
868 1509 986 1543 quando

194 1555 422 1591 incorruptibiles
446 1560 473 1583 et
498 1555 665 1582 immortales
677 1554 982 1587 evaset-imus,Christi-
994 1565 1015 1596 ο

194 1602 310 1630 formem
324 1601 566 1634 beatissimamque
577 1606 680 1627 sortem
695 1600 798 1634 adepti,
813 1606 869 1627 tum
883 1609 985 1634 semper

195 1647 247 1681 (uti
269 1647 401 1680 scriptum
415 1645 467 1681 est)
482 1652 541 1672 cum
558 1644 671 1673 Domino
687 1646 784 1673 erimus
795 1652 805 1666 ι·
825 1644 907 1682 287
922 1647 987 1675 visi—

195 1692 259 1719 bilis
272 1692 382 1727 quidem
406 1691 550 1726 ipsiusmet
564 1691 611 1718 Dei
626 1692 808 1727 apparitionis
822 1693 986 1722 castissimis

196 1737 476 1773 contemplationibus
501 1737 585 1772 pleni,
604 1739 682 1771 cujus
701 1738 880 1767 lucidissimis
898 1740 988 1774 splen-

196 1784 322 1815 doribus,
339 1791 392 1810 non
402 1792 481 1812 secus
494 1792 525 1811 ac
537 1785 661 1819 discipuli
675 1785 702 1812 in
716 1785 884 1813 divinissima
897 1791 987 1815 trans-

197 1829 373 1864 ﬁguratione,
399 1829 605 1862 irradiahimur,
635 1830 814 1865 iutelligibilis
838 1839 904 1860 vero
929 1831 988 1867 ejus

197 1874 384 1902 iiustrationis
412 1875 564 1909 participes
579 1877 731 1905 secundum
746 1882 865 1904 mentem
882 1878 986 1911 passio-

197 1921 277 1948 nibus
291 1920 463 1955 materiaque
477 1925 629 1955 carentem,
644 1922 783 1949 radiorum
803 1922 988 1950 lucidissimo-

197 1973 257 1992 rutn
288 1965 433 2000 incognitis
454 1964 675 2000 beatissimisque
689 1968 939 2000 coruscationibus,
954 1967 988 1995 ad

197 2011 361 2038 diviniorem
379 2010 620 2044 supercmlestium
635 2011 882 2046 intelligentiarum
899 2013 989 2041 imita-

198 2056 313 2088 tionem,
329 2055 433 2083 unione
458 2056 578 2090 quadam
606 2056 821 2092 intelligentiam
841 2063 989 2093 superante

199 2102 249 2136 ipsi
263 2101 469 2135 conjungemur,
486 2109 561 2135 nam,
575 2106 605 2129 ut
631 2102 803 2137 eloquiorum
826 2104 929 2132 veritas
941 2105 990 2132 ha-

198 2147 410 2183 betzﬁquales
426 2148 527 2182 angelis
552 2149 650 2175 erimus
677 2154 701 2176 el
726 2149 777 2184 ﬁlii
802 2149 861 2183 Dei;
882 2151 988 2186 quando

199 2194 299 2221 erimus
313 2194 362 2228 filii
379 2195 582 2222 resurrectionis
597 2199 620 2222 ι.
634 2192 713 2231 Modo
739 2201 845 2230 autem,
858 2201 888 2224 ut
913 2197 989 2224 vale-

1020 263 1199 299 γονιμότητος
1212 263 1352 298 ἑκφανσιν,
1367 261 1397 294 ἐξ
1408 259 1442 298 ἦς
1456 262 1531 289 πᾶσα
1550 261 1653 297 πατριὰ
1665 262 1694 288 ὲν
1706 260 1814 297 οὐρανῷ

1022 310 1069 336 καὶ
1079 311 1127 337 ἐπὶ
1138 310 1189 345 γῆς
1203 310 1260 336 ἐστι
1274 309 1322 336 καὶ
1333 309 1494 343 ὀνομάζεται
1505 309 1525 324 ¹⁹
1535 316 1541 323 ·
1553 307 1591 339 ὡς
1602 307 1690 334 αἰτίαν
1710 307 1739 334 δὲ
1758 306 1814 334 τῶν

1022 354 1117 388 ὅντων,
1132 355 1226 390 ἐπειδὴ
1247 355 1336 382 πάντα
1355 354 1424 390 πρὸς
1443 353 1473 380 τὸ
1487 351 1555 380 εἶναι
1568 353 1695 390 παρήχθη
1708 353 1753 380 διὰ.
1764 352 1814 388 τὴν

1022 401 1107 436 αὐτῆς
1121 399 1304 427 οὐσιοποιὺν²⁰
1318 399 1488 436 ἀγαθότητα·
1505 399 1588 435 σοφὴν
1606 399 1634 425 δὲ
1653 399 1700 426 καὶ
1716 398 1814 434 καλὴν,

1022 449 1063 475 ὅτι
1077 448 1112 475 τὰ
1125 447 1189 476 ὄντα
1202 448 1291 475 πάντα
1302 446 1337 474 τὰ
1350 447 1400 482 τῆς
1408 446 1509 479 οίκείας
1521 446 1627 481 φύσεως
1637 446 1816 482 ἅπαράφθαρ-

1022 502 1056 523 τα
1064 495 1086 511 ¹¹
1100 494 1277 528 διασώζοντα,
1302 496 1394 530 πάσης
1416 495 1548 530 ἁρμονίας
1567 493 1658 522 ἐνθέου
1679 494 1726 520 καὶ
1739 493 1816 530 ἱερᾶς

1023 542 1189 579 εὐπρεπείας
1202 536 1275 569 ἐστίν
1288 542 1411 569 ἀνάπλεα
1419 550 1426 556 ·
1442 541 1630 576 φιλάνθρωπον
1639 539 1816 574 δὲδιαφερόνη

1022 595 1087 620 τως,
1102 588 1142 615 ὅτι
1155 586 1211 620 τοῖς
1232 587 1294 615 καθ’
1306 588 1379 623 ἡμᾶς
1393 587 1460 623 πρὸς
1473 586 1600 622 ἀλήθειαν
1612 586 1709 618 ὁλικῶς
1722 587 1751 612 ὲν
1765 586 1817 621 μιᾷ

1023 634 1078 661 τῶν
1098 634 1184 669 αὐτῆς
1203 634 1379 661 ὑποστάσεων
1399 632 1588 669 ἐκοινώνησεν,
1608 631 1815 668 ἀνακαλουμένη

1025 681 1093 717 πρὸς
1104 680 1203 717 ἑαυτὴν
1217 682 1265 708 καὶ
1276 680 1434 707 ἀνατιθεῖσα
1444 681 1466 695 ²¹
1478 680 1528 714 τὴν
1549 679 1721 714 ἀνθρωπίνην
1735 679 1816 714 ἔσχα-

1024 726 1096 759 τιὰν,
1110 727 1140 759 ἐξ
1161 724 1195 763 ἦς
1217 727 1344 763 ἀρρήτως
1352 726 1376 742 ¹³
1395 727 1409 753 ό
1431 725 1533 758 ἁπλοῦς
1551 725 1654 761 Ἰησοῦς
1674 725 1815 760 συνετέθη,

1026 773 1072 799 καὶ
1094 773 1247 808 παράτασιν
1266 772 1361 808 εἴληφε
1383 773 1510 809 χρονικὴν
1533 773 1546 799 ό
1567 770 1660 804 ἀΐδιος,
1681 772 1728 798 καὶ
1750 771 1817 798 εἵσω

1025 817 1074 852 τῆς
1086 817 1145 843 καθ’
1159 818 1233 852 ἡμᾶς
1255 817 1374 852 ἐγεγόνει
1396 817 1543 852 φύσεωςη,
1555 818 1570 844 6
1583 817 1673 852 πάσης
1683 817 1733 852 τῆς
1746 815 1818 843 κατά

1027 864 1117 890 πᾶσαν
1137 863 1219 898 φύσιν
1241 863 1346 897 τάξεως
1371 863 1541 899 ὑπερουσίως
1568 863 1726 899 ἐκϐεϐηκὼς
1749 863 1819 899 μετᾶ

1028 910 1078 945 τῆς
1099 910 1298 946 ἀμεταϐόλοω⁵
1311 911 1358 937 καὶ
1380 910 1533 946 ἀσυγχύτου
1551 910 1605 937 τῶν
1625 910 1733 937 οίκείων
1747 910 1820 946 ἱδρύ-

1029 919 1078 945 της
1099 919 1298 984 αἵταοολουιυ
1311 919 1358 937 και
1380 919 1533 946 ασυγχυτου
1551 919 1605 937 των
1625 919 1733 937 οικειων
1748 919 1820 946 ιορυ-

1029 964 1111 992 σεως,
1146 957 1174 983 αἱ
1187 957 1237 983 ὅσα
1248 956 1316 984 ἀλλα
1329 956 1475 992 θεουργικά
1488 956 1564 992 φῶτα
1574 958 1630 988 τοῖς
1643 957 1743 991 λογίοις
1755 957 1820 983 ἀκο-

1028 1001 1132 1034 λούθ¹ως
1154 1002 1170 1038 ἡ
1193 1002 1247 1029 τῶν
1270 1002 1371 1030 ἐνθέων
1392 1002 1471 1039 ήμῶν
1501 1003 1696 1039 καθηγεμόνων
1715 1003 1819 1038 κρυφία

1029 1047 1178 1083 παράδοσις
1190 1047 1397 1085 ὲκφαντορικῶς
1416 1046 1481 1082 ἡμῖν
1492 1047 1658 1083 ἐδωρήσατο,
1673 1046 1759 1073 ταῦτα
1771 1046 1820 1072 καὶ

1029 1094 1109 1129 ἡμεῖς
1124 1093 1312 1133 μεμυήμεθαίί
1320 1093 1367 1120 νῦν
1389 1093 1438 1129 μὲν
1460 1091 1597 1128 ἀναλόγως
1610 1094 1684 1129 ἡμῖν,
1705 1092 1750 1119 διὰ
1764 1092 1820 1119 τῶν

1030 1138 1111 1173 ἱερῶν
1130 1139 1387 1175 παραπετασμάτων
1405 1139 1454 1175 τῆς
1474 1139 1528 1166 τῶν
1546 1139 1643 1173 λογίων
1662 1139 1709 1165 καὶ
1722 1138 1776 1165 τῶν
1788 1139 1823 1164 ἱε-

1032 1185 1168 1221 ραρχικῶν
1191 1184 1367 1221 παραδόσεων
1396 1185 1610 1221 φιλανθρωπίας,
1630 1185 1768 1221 αἰσθητοῖς
1787 1185 1821 1212 τὰ

1030 1231 1123 1268 νοητὰ,
1138 1232 1185 1258 καὶ
1210 1233 1268 1264 τοῖς
1287 1230 1346 1258 οὖσι
1371 1232 1406 1259 τὰ
1429 1231 1580 1268 ὑπερούσια
1603 1232 1821 1268 περικαλυπτοὺέ

1031 1286 1080 1314 σης
1089 1279 1110 1294 ¹⁶
1123 1278 1171 1305 καὶ
1183 1277 1288 1314 μορφὰς
1302 1278 1348 1305 καὶ
1361 1277 1463 1311 τύπους
1475 1279 1531 1310 τοῖς
1544 1278 1717 1314 ἀμορφώτρις
1729 1287 1758 1305 τε
1774 1278 1822 1305 καὶ

1031 1324 1183 1356 ἀτυπώτοις
1210 1324 1408 1360 περιτιθείσης,
1433 1326 1480 1351 καὶ
1505 1325 1555 1361 τὴν
1587 1325 1713 1360 ὑπερφυῆ
1723 1326 1745 1341 ’⁷
1774 1325 1822 1352 καὶ

1031 1370 1235 1406 ἀσχημάτιστον
1252 1371 1392 1407 ἁπλότητα
1410 1373 1443 1407 τῇ
1466 1371 1589 1407 ποικιλίᾳ
1609 1372 1663 1399 τῶν
1686 1372 1822 1407 μεριστῶν

1032 1416 1172 1451 συμϐόλων
1186 1416 1374 1452 πληθυνούσης
1397 1425 1427 1443 τε
1451 1417 1498 1443 καὶ
1519 1417 1742 1452 διαπλαττούσης.
1755 1417 1822 1445 Τότε

1031 1461 1069 1494 δὲ,
1089 1463 1153 1489 ὅταν
1173 1462 1306 1498 ἄφθαρτοι
1328 1462 1375 1489 κα)⁵
1393 1462 1521 1490 ἀθάνατοι
1541 1462 1693 1498 γενώμεθα,
1714 1463 1823 1498 καὶτῆς

1032 1507 1215 1542 χριστοειδοῦς
1226 1507 1249 1523 ’⁸
1267 1507 1313 1534 καὶ
1337 1508 1549 1543 μακαριωτάτης
1585 1508 1742 1543 ὲφικώμεθα
1771 1506 1823 1544 λή-

1032 1554 1108 1588 ξεως,
1119 1553 1247 1582 πάντοτε
1259 1555 1320 1582 σὺν
1329 1555 1436 1589 Κυρίῳ,
1447 1553 1517 1581 κατὰ
1528 1555 1558 1581 τὸ
1570 1553 1670 1589 λόγιον,
1684 1555 1822 1589 ἐσόμεθα,

1031 1600 1081 1635 τῆς
1105 1599 1154 1635 μὲν
1175 1601 1276 1636 ὁρατῆς
1289 1599 1371 1627 αὑτοῦ
1384 1601 1543 1636 θεοςρανείας
1553 1602 1582 1627 ὲν
1596 1602 1742 1636 πανάγνοις
1757 1601 1825 1628 θεω-

1033 1645 1105 1682 ρίαις
1124 1645 1361 1682 ἀποπληρούμενοι
1382 1646 1415 1678 ¹⁹,
1440 1646 1603 1681 φανοτάταις
1631 1648 1826 1682 μαρμαρυγαῖς

1033 1693 1106 1727 ἡμᾶς
1124 1691 1373 1728 περιαυγαζούσης,
1389 1691 1422 1724 ἃς
1430 1692 1452 1708 ⁸⁵
1464 1692 1528 1724 τοὺς
1551 1692 1673 1728 μαθητὰς
1691 1693 1720 1720 ἐν
1732 1693 1825 1729 ἐκείνῃ

1032 1739 1065 1774 τῇ
1085 1737 1210 1773 θειοτάτῃ
1219 1736 1240 1754 ³¹
1257 1736 1483 1774 μεταμορφώσει·
1498 1737 1548 1773 τῆς
1575 1737 1601 1763 δὲ
1621 1737 1720 1773 νοητῆς
1741 1738 1825 1765 αὑτοῦ

1034 1785 1199 1819 φωτοδοσίας
1225 1785 1254 1811 ὲν
1273 1784 1374 1811 ἀπαθεῖ
1398 1784 1445 1811 καὶ
1463 1784 1537 1819 ἀῢλῳ
1547 1783 1587 1819 τῷ
1603 1783 1641 1819 νῷ
1656 1784 1824 1819 μετέχοντες,

1034 1832 1081 1858 καὶ
1100 1831 1150 1866 τῆς
1170 1831 1239 1866 ὑπὲρ
1260 1830 1321 1857 νοῦν
1341 1829 1464 1862 ἑνώσεως
1477 1831 1506 1856 ἐν
1525 1830 1584 1862 ταῖς
1595 1829 1649 1857 τῶν
1663 1830 1826 1865 ὐπερφανῶν

1034 1877 1152 1904 ἀκτίνων
1165 1877 1315 1912 ἀγνώστοις
1327 1877 1375 1904 καὶ
1389 1877 1539 1913 μακαρίαις
1550 1877 1698 1910 ἐπιϐολαῖς,
1714 1878 1743 1903 ἐν
1757 1877 1827 1904 θειο-

1034 1927 1102 1963 τέρᾳ.
1126 1926 1241 1962 μιμήσει
1254 1925 1309 1952 τῶν
1335 1924 1540 1961 ὑπερουρανίων
1563 1925 1648 1952 νοῶν*
1674 1924 1827 1959 ισάγγελοι

1034 1973 1099 2010 γὰρ,
1115 1972 1152 2005 ὡς
1166 1973 1182 2008 ὴ
1196 1971 1250 1999 τῶν
1263 1971 1360 2006 λογίων
1381 1963 1495 2007 ἀλήθειά
1512 1979 1607 2007 φησιν,
1621 1970 1764 2005 ἐσόμεθα,
1777 1970 1827 1997 καὶ

1041 2019 1100 2046 υιοὶ
1116 2018 1200 2049 Θεοῦ,
1215 2017 1271 2052 τῆς
1281 2016 1478 2049 ἀναστάσεως
1492 2016 1550 2043 υἱοὶ
1560 2015 1656 2049 ὄντες.
1670 2015 1726 2042 Νῦν
1738 2016 1776 2048 δὲ,
1789 2016 1827 2048 ὡς

1036 2066 1101 2101 ἡμῖν
1115 2063 1236 2098 ἐφικτὸν,
1256 2062 1367 2094 οίκείοις
1389 2062 1437 2098 μὲν
1445 2062 1467 2078 ³³
1487 2062 1528 2093 είς
1546 2061 1581 2088 τὰ
1598 2060 1658 2088 Θεῖα
1682 2061 1828 2097 συμϐόλοις

1036 2109 1177 2146 χρώμεθα,
1192 2109 1248 2135 κὰκ
1265 2107 1368 2134 τούτων
1389 2105 1466 2139 αὖθις
1477 2107 1524 2133 ἐπὶ
1534 2107 1583 2142 τὴν
1596 2107 1683 2143 ἁπλῆν
1698 2108 1744 2133 καὶ
1757 2109 1829 2143 ἡνω-

1039 2156 1122 2191 μένην
1133 2154 1188 2182 τῶν
1200 2154 1303 2190 νοητῶν
1315 2154 1459 2190 θεαμάτων
1471 2153 1598 2189 ἀλήθειαν
1612 2153 1750 2188 ἀναλόγως
1763 2153 1828 2180 ἀνα-

1037 2201 1191 2237 τεινόμεθα,
1206 2201 1253 2228 καὶ
1268 2199 1336 2236 μετά
1349 2201 1439 2227 πᾶσαν
1452 2199 1500 2235 τὴν
1515 2199 1576 2226 καθ’
1589 2199 1662 2235 ἡμᾶς
1674 2199 1730 2226 τῶν
1743 2199 1829 2226 θεοει-

198 2247 272 2271 mus,
286 2239 319 2266 ad
337 2239 429 2266 divina
444 2241 578 2274 cupienda
594 2241 680 2274 signis
695 2241 809 2274 utimur,
824 2242 921 2276 quibus
933 2242 981 2270 sci-

1035 2248 1088 2275 δῶν
1111 2247 1214 2284 νόησιν,
1241 2246 1428 2278 ἀποπαύοντες
1452 2246 1530 2281 ἡμῶν
1555 2245 1605 2277 τὰς
1629 2245 1725 2282 νοερὰς
1749 2247 1827 2281 ἐνερ-

199 2285 263 2313 licet
279 2285 312 2312 ad
330 2285 482 2320 simplicem
497 2292 525 2313 et
541 2287 651 2314 unicam
677 2286 750 2314 illam
777 2287 989 2322 intelligibilium

199 2330 418 2366 spectaculorum
431 2332 575 2360 veritatem
602 2339 652 2365 pro
667 2336 748 2366 captu
765 2337 863 2360 nostro
877 2333 990 2360 adduci-

199 2385 271 2408 mur,
287 2382 314 2404 ct
327 2382 390 2412 post
406 2385 515 2406 omnem
544 2384 667 2407 nostram
692 2385 785 2406 rerum
813 2379 989 2407 deil'ormium

201 2423 419 2458 intelligentiam,
435 2423 565 2451 sedantes
582 2428 695 2453 nostras
722 2425 897 2453 intellectiles
921 2432 988 2460 ope-

201 2470 336 2503 ratioues,
348 2470 377 2497 in
400 2471 656 2504 superessentialem
673 2473 754 2499 istum
769 2471 887 2504 radium.
900 2479 989 2507 quan-

202 2520 258 2542 tum
274 2515 316 2542 fas
331 2520 383 2546 est.
402 2516 575 2548 intendimus,
602 2517 630 2543 in
659 2523 713 2551 quo
738 2517 830 2544 cuncti
845 2517 914 2544 ﬁnes
930 2524 990 2544 om—

200 2561 276 2590 nium
293 2561 479 2594 cognitionum
497 2562 626 2590 iuetl‘nbili
654 2563 735 2591 modo
764 2563 988 2597 praaexstiterunt

1038 2293 1126 2328 τείας,
1152 2294 1193 2325 εἰς
1217 2292 1267 2328 τὴν
1290 2292 1451 2328 ὑπερούσιον
1471 2293 1568 2318 ἀκτῖνα
1581 2291 1650 2318 κατά
1669 2291 1700 2318 τὸ
1719 2291 1828 2326 θεμιτὸν

1038 2340 1229 2375 ὲπιὸἀλλομεν,
1244 2341 1274 2366 ὲν
1319 2339 1407 2366 πάντα
1420 2338 1455 2365 τὰ
1468 2338 1573 2374 πέρατα
1585 2337 1679 2364 πασῶν
1692 2337 1747 2364 τῶν
1759 2337 1829 2371 γνώ-

1039 2392 1108 2413 σεων
1122 2385 1323 2421 ὑπεραρμιτως
1345 2383 1561 2420 προῦφέστηκεν,
1576 2383 1609 2419 ἢν
1628 2383 1688 2410 οὔτε
1703 2383 1829 2418 ἐννοῆσαι

1038 2431 1159 2464 δυνατὸν,
1174 2430 1235 2457 οὕτε
1246 2431 1342 2462 εἰπεῖν,
1357 2429 1418 2456 οὔτε
1431 2429 1499 2461 ὅλως
1510 2437 1569 2460 πως
1583 2428 1730 2464 θεωρῆσαι,
1744 2428 1788 2455 διά
1799 2427 1830 2454 τὸ

1041 2477 1151 2504 πάντων
1163 2476 1248 2512 αὐτὴν
1259 2475 1432 2512 ὲξῃρημένην
1449 2473 1529 2507 εἶναι,
1541 2474 1589 2501 καὶ
1607 2474 1828 2510 ὑπεράγνωστον,

1041 2524 1088 2551 καὶ
1100 2523 1195 2551 πασῶν
1213 2522 1262 2559 μὲν
1274 2522 1329 2548 τῶν
1342 2521 1479 2548 οὐσιωδῶν
1490 2520 1617 2555 γνὼσεων
1631 2520 1678 2547 καὶ
1690 2519 1830 2555 δυνάμεων

1039 2570 1088 2603 τὰς
1107 2568 1331 2605 ἀποπερατώσεις
1354 2568 1412 2603 ἅμα
1436 2567 1483 2594 καὶ
1502 2567 1593 2599 πάσας
1612 2567 1782 2603 ὑπερουσίως
1801 2567 1831 2593 ὲν

235 2630 248 2651 θ
263 2633 272 2660 l
288 2633 384 2662 Thess.
399 2640 436 2668 tv,
450 2635 493 2668 16,
506 2635 532 2663 iu
552 2641 624 2663 textu
645 2643 707 2663 vcro
724 2635 827 2669 Grzeco,
844 2636 886 2663 l7.
928 2642 939 2656 ³
955 2636 1022 2665 Luc.
1038 2645 1084 2669 xx,
1096 2637 1140 2665 56.

843 2715 960 2744 VARIA‘Z
978 2715 1182 2744 LECTIONES.

236 2791 257 2806 ¹⁹
270 2791 328 2833 ἕσξι
340 2801 369 2833 ξε
380 2793 425 2833 καὶ
432 2793 658 2833 ῥνομάςεται,
678 2797 708 2833 ν²⁰
722 2797 885 2829 οὑσιοποιοῦ,
900 2797 929 2825 S.
970 2799 992 2813 ἰ
1013 2805 1059 2833 γρ.
1075 2795 1303 2833 ἀτιαρόιθραυεικταἶ
1334 2797 1356 2812 ’³
1368 2795 1424 2823 ἄνω
1434 2794 1554 2833 τιθεῖσα,
1569 2793 1600 2833 ιι.
1611 2793 1659 2821 Ch.
1729 2791 1831 2833 ἀρθεῖ-

199 2826 324 2870 Ῡῗῳῗῖνὲ
339 2827 367 2854 P'
397 2829 420 2870 ξ’
432 2826 487 2870 g5”;-
497 2830 546 2866 τῆς
554 2831 589 2870 ,δ-
599 2826 727 2870 ’ἐληλιὲθει
741 2826 905 2870 φύσεως,
939 2833 961 2870 'f
973 2826 1170 2870 ἀμεταϐλήτου,
1185 2826 1253 2870 Ch.‘
1282 2831 1362 2870 ’ξγελ
1379 2829 1654 2870 παρακαλυπτοὺσης.
1692 2829 1719 2870 ³1⁷-
1727 2827 1773 2870 κῇὶ
1782 2826 1831 2870 fit!

198 2859 414 2904 ὕπερῖξίσνονκαὶ
441 2859 576 2900 ὺτέερῷὖᾶ,
604 2859 650 2894 Ι.).’
675 2868 697 2884 ⁸⁸
709 2859 911 2904 χρηστίςίῖξιι.
942 2869 965 2885 ²⁹
977 2859 1221 2902 ἀναπληρούμενα,
1235 2865 1263 2894 Ρ.
1304 2859 1440 2899 ιεᾶωδξ.
1470 2866 1489 2881 ³¹
1519 2859 1657 2894 estmille
1698 2859 1831 2896 “ctum;

199 2904 249 2918 μεν
275 2897 294 2918 1)
