1929 3068
1068 59 1163 85 ς-κβ

137 178 189 214 593
683 181 728 208 DE
745 181 873 210 DIVIle
890 181 1089 215 NOMlNlBUS,
1108 182 1185 210 CAP.
1203 182 1223 210 1.
1712 180 1766 217 594

135 237 219 273 ἑαυτῇ
238 237 442 274 προειληφυῖαν,
470 240 579 267 πάντων
602 240 630 267 δὲ
654 241 832 277 ἀπεριλήπτῳ
845 241 914 268 δυνά-

974 249 1110 277 quemque
1126 249 1176 269 nec
1193 244 1282 269 mente
1295 241 1450 276 concipere,
1465 247 1515 268 nec
1529 239 1657 267 oratione
1670 240 1762 274 prolo-

135 290 192 317 μει,
206 283 252 309 καὶ
265 283 319 310 τῶν
341 284 543 321 ὑπερουρανίων
565 286 633 313 νοῶν
651 287 880 323 ὑπεριδρυμένην.
895 287 914 313 Ε

975 289 1021 324 qui
1034 288 1166 319 valemus,
1191 295 1279 322 neque
1294 288 1350 314 visu
1369 286 1574 322 quomodolibct
1597 285 1709 318 intueri,
1730 292 1764 312 eo

133 328 188 364 γὰρ
201 330 227 355 αἱ
241 328 354 363 γνώσεις
366 326 451 358 πᾶσαι
464 331 517 358 τῶν
530 332 614 359 ὅντων
625 333 688 365 εἰσὶ,
704 334 750 360 καὶ
764 335 803 365 εἱς
815 333 849 359 τὰ
861 333 914 360 ὅντε

976 333 1049 369 quod
1065 333 1101 361 sil.
1118 333 1244 361 omnibus
1259 337 1414 368 exemptus,
1433 336 1460 359 et
1476 332 1629 359 eminenter
1642 331 1762 366 ignotus.

132 373 163 400 τὸ
183 374 269 411 πέρας
289 376 405 412 ἔχουσιν,
428 378 445 414 ὴ
465 378 554 414 πάσης
565 379 658 411 οὐσίας
672 379 799 412 ἐπέκεινα
813 379 859 407 καὶ
872 379 914 415 πᾷ-

976 384 1006 407 ιιι
1020 379 1064 415 qui
1077 379 1157 408 simul
1174 387 1269 407 omues
1287 379 1408 406 omnium
1430 378 1615 413 cognitionum
1630 376 1764 404 essentia-

134 429 184 456 σης
197 421 324 456 γνώσεώς
338 424 412 450 ἐστιν
426 421 594 461 ἐξῃρημένη.

975 425 1055 458 lium,
1069 425 1257 459 virtutumque
1274 424 1482 452 terminationes
1499 422 1764 458 superessentinliter

133 466 160 493 in
183 469 330 504 semetipso
349 470 523 505 anticiparit,
535 471 642 499 cunctis
662 471 821 500 cmlestibus
847 471 1036 505 iuteliigentiis
1051 471 1217 499 eminentior
1245 470 1470 504 incompreliensa
1485 469 1587 496 virtute
1604 468 1764 504 collocatus,

133 513 238 541 Etenim
250 522 311 542 cum
329 516 453 547 notiones
471 525 567 546 omnes
586 519 641 547 sint
654 519 810 552 entitatum,
835 524 862 547 et
888 519 922 546 ad
940 520 1071 547 ontitates
1087 519 1279 551 terminentur,
1295 518 1318 545 is
1330 517 1376 554 qui
1403 516 1478 544 omni
1491 515 1607 544 entitate
1620 514 1763 542 sublimior

131 563 185 594 est,
198 567 307 588 omnem
319 569 426 597 quoque
440 563 533 598 ell‘ugit
546 564 737 599 cognitionem.
922 566 923 569 “

913 619 982 657 ςν.

167 690 222 717 Καὶ
240 690 311 727 μὴν,
336 691 360 717 εί
381 691 513 727 κρείττων
536 692 596 721 ἐστὶ
613 693 635 708 ³³
655 692 755 724 παντὸς
778 692 857 727 λόγου
875 692 922 722 καὶ

130 735 222 771 πάσης
238 735 382 770 γνώσεως,
400 737 447 767 καὶ
463 737 533 772 ὑπὲρ
549 737 611 764 νοῦν
622 737 736 765 καθόλου
762 739 809 766 καὶ
826 738 920 765 οὐσίαν

131 781 254 818 ζδρυται,
273 782 381 808 πάντων
400 782 449 818 μὲν
465 780 533 810 οὖσα
550 783 752 820 περιληπτικὴ,
771 784 818 810 καὶ
840 792 921 810 συνα-

130 827 215 863 πτικὴ
232 827 264 860 ³⁵,
282 828 329 855 κα)¹
345 828 523 865 συλληπτικὴ,
540 830 587 856 καὶ
604 829 791 866 προληπτικὴ,
809 830 875 856 πᾶσι
892 830 919 856 δὲ

130 873 210 905 αὐτὸς
236 873 348 900 καθόλου
371 873 506 909 ἄληπτος,
533 874 580 901 καὶ
602 874 662 909 οὔτε
685 874 810 911 αἴσθησις
835 876 920 912 αὐτῆς

129 919 206 949 ἑστιν
217 939 224 951 ,
241 919 302 945 οὔτε
320 919 471 954 φαντασία,
489 919 550 954 οὒτε
567 920 647 954 δόξα,
666 920 727 947 οὔτε
746 921 840 956 ὄνομα,
858 921 919 948 οὕτε
935 932 958 962 Β

129 964 218 999 λόγος,
235 964 296 992 οὔτε
311 966 414 1002 ἐπαφὴ,
426 966 488 992 οὔτε
498 967 649 1002 ἐπιστήμη,
667 967 726 999 πῶς
737 969 751 994 ό
765 968 828 1004 περὶ
839 967 919 1001 θείων

129 1008 269 1044 ὀνομάτων
286 1011 352 1052 ημῖν
364 1010 687 1047 διαπραγματευθήσεται
699 1012 787 1047 λόγος,
801 1013 919 1049 ἀκλήτου

128 1056 177 1088 καὶ
201 1055 379 1092 ὑπερωνύμου
406 1057 455 1092 τῆς
473 1057 634 1093 ὑπερουσίου
658 1057 783 1094 θεότητος
808 1059 916 1086 ἀποδει-

128 1101 284 1137 κνυμένηςς
309 1101 378 1128 Ἀλλ’
395 1103 463 1139 ὅπερ
487 1102 609 1139 ἔφημεν,
629 1103 709 1139 ἡνίκα
733 1103 783 1135 τὰς
800 1104 920 1139 θεολογι-

128 1147 180 1178 uti;
197 1147 385 1180 ὑπο-τυπώσεις
398 1147 583 1184 ὲξετιθέμεοα,
595 1149 626 1175 τὸ
637 1149 676 1182 ἓν,
693 1150 724 1176 τὸ
740 1149 876 1184 ἄγνωστον
885 1150 918 1183 ³⁵,

131 1193 158 1219 τὸ
169 1193 342 1228 ὑπερούσιον,
359 1194 554 1229 αὑτοτὰγαθον,
563 1195 632 1231 ὅπερ
641 1195 709 1227 ἐστὶ,
719 1195 769 1232 τὴν
779 1196 919 1232 τριαδικὴν

127 1238 209 1273 tuas:
223 1240 303 1275 φημὶ,
312 1240 362 1276 τὴν
376 1240 499 1276 ὁμόῦεον,
509 1241 556 1267 κα)⁸
567 1241 730 1277 ὁμοάγαθον,
744 1242 806 1269 οὔτε
819 1244 916 1276 είπεῖν,

126 1283 188 1311 οὔτε
205 1285 329 1320 ἐννοῆσαι
344 1286 466 1313 δυνατόν·
481 1286 549 1314 ἀλλὰ
566 1288 612 1314 καὶ
629 1289 657 1314 αὶ
678 1287 732 1314 τῶν
745 1289 829 1322 ἁγίων
840 1289 919 1316 δυνά-

128 1339 202 1375 μεων
214 1331 428 1367 ἀγγελοπρεπεῖς
445 1332 565 1366 ἑνώσεις,
582 1333 615 1365 ἃς
633 1334 688 1360 εἶτε
705 1335 844 1367 ἐπιϐολὰς.
862 1335 917 1362 εἴτε

127 1378 282 1415 παραδοχάς
294 1380 346 1417 χρὴ
364 1380 445 1414 φάναι
461 1380 511 1415 τῆς
529 1381 740 1416 ὑπεραγνώστου
763 1382 810 1409 καὶ
833 1383 918 1419 ὑπερ-

126 1424 228 1458 φανοῦς
244 1425 409 1460 ἀγαθότητος
419 1445 427 1458 ,
448 1426 561 1466 ἄρρητοί
577 1435 607 1454 τε
625 1427 677 1454 εισὶ
700 1428 746 1456 καὶ
763 1428 895 1463 ἄγνωστοι
908 1448 916 1460 ,

125 1469 174 1500 καὶ
191 1468 281 1504 μόνοις
296 1470 388 1502 αὐτοῖς
404 1471 585 1506 ἐνυπάρχουσι
600 1473 656 1504 τοῖς
674 1473 745 1509 ὑπὲρ
755 1473 855 1508 γνῶσιν
868 1475 917 1510 ἀγ-

125 1515 238 1551 γελικὴν
255 1515 415 1552 ἠξιωμένοις
427 1517 516 1544 αὐτῶν
531 1518 666 1553 ἀγγέλοις.
686 1511 804 1551 Ταὺταις
816 1521 840 1546 ol.
857 1511 931 1548 θεὸς

125 1560 206 1592 ειδεῖς
225 1561 460 1597 ἀγγελομιμήτως,
485 1562 522 1594 ὡς
545 1563 672 1597 ἐφικτὸν,
697 1564 834 1600 ὲνούμενοι
857 1565 915 1597 νόες

126 1605 231 1658 (ἐπειδὴ
244 1606 313 1658 κατὰ
326 1608 416 1658 πάσης
427 1609 524 1658 νοερᾶς
537 1609 676 1645 ἐνεργείας
687 1610 709 1626 ³⁸
726 1611 881 1638 ἀπόπαυσιν
897 1612 914 1648 ἡ
928 1630 948 1658 C

124 1651 213 1688 τοιάδε
225 1652 347 1687 γίγνεται
359 1653 413 1680 τῶν
425 1654 610 1690 ὲκθεουμένων
625 1655 693 1682 νοῶν
709 1657 777 1692 πρὸς
793 1657 822 1683 τὸ
835 1657 915 1693 ὑπέρ-

124 1695 186 1723 θεον
201 1698 222 1713 ³⁷
250 1698 308 1733 φῶς
324 1698 430 1735 ἓνωσις)
454 1700 583 1735 ὑμνοῦσιν
607 1701 672 1728 αὐτὸ
695 1701 852 1737 κυριώτατα
870 1703 914 1730 διὰ

122 1742 173 1778 τῆς
194 1743 302 1775 πάντων
325 1744 378 1771 τῶν
397 1745 481 1772 ὄντων
503 1746 683 1782 ἀφαιρέσεως,
707 1747 785 1774 τοῦτο
806 1748 914 1783 ἀληθῶς

124 1789 171 1825 καὶ
189 1789 332 1824 ὑπερφυῶς
346 1790 541 1825 ὲλλαμφθέντες
554 1791 586 1818 ἐκ
600 1792 650 1827 τῆς
662 1792 729 1828 πρὸς
750 1792 815 1819 αὐτὸ
827 1801 914 1828 μακα-

126 1835 260 1871 ριωτάτης
277 1835 409 1868 ἑνώσεως,
429 1837 469 1863 ὃτι
483 1837 590 1864 πάντων
608 1838 656 1874 μέν
678 1839 737 1864 ἐστι
758 1838 812 1865 τῶν
829 1839 913 1867 ὅντων

123 1874 221 1915 αἴτιον,
240 1881 303 1908 αὐτὸ
314 1882 342 1909 δὲ
356 1882 442 1915 οὐδὲν,
460 1883 497 1914 ὡς
510 1883 618 1911 πάντων
631 1884 653 1900 ³⁸
666 1884 836 1919 ὑπερουσίως
848 1885 912 1922 ἐξῃ-

126 1925 251 1961 ρημένον.
265 1927 320 1963 Τὴν
338 1927 387 1962 μὲν
399 1925 446 1954 οὖν
457 1928 671 1965 ὑπερουσιότητα
682 1930 731 1965 τὴν
755 1923 911 1970 θεαρχικὴν,

123 1972 139 1998 ὅ
157 1980 182 1997 τι
208 1972 272 1999 ποτέ
291 1974 364 2000 ἐστιν
384 1974 401 2009 ὴ
423 1974 472 2010 τῆς
497 1975 734 2011 ὑπεραγαθὸτητος
754 1976 913 2014 ὑπερὺπαρ-

124 2016 165 2057 Et;
178 2017 210 2049 ³³,
233 2017 295 2044 οὔτε
318 2018 356 2051 ὡς
378 2019 465 2054 λόγον,
490 2020 506 2055 ἢ
525 2020 649 2057 δύναμιν,
672 2021 733 2048 οὔτε
755 2022 793 2054 ὡς
806 2018 911 2060 νοῦν,’ἢ

124 2063 236 2100 ζωὴν,ἢ
253 2065 347 2092 οὐσίαν
359 2066 480 2101 ὑμνῆσαι
496 2066 605 2102 θεμιτὴν
621 2068 710 2094 οὑδενὶ
721 2067 775 2095 τῶν
792 2069 849 2095 ὅσοι
862 2069 912 2104 τῆς

124 2108 194 2142 ὑπὲρ
214 2109 302 2136 πᾶσαν
324 2109 453 2145 ἀλήθειαν
472 2110 599 2146 ἀληθείας
618 2112 686 2139 εἰσὶν
709 2113 821 2149 ἐρασταί
833 2121 840 2128 ·
855 2113 912 2145 ἀλλ’

121 2154 161 2186 ὠς
175 2155 264 2194 πάσης
276 2155 368 2190 ἕξεως,
387 2157 529 2192 κινήσεως,
542 2156 624 2192 ζωῆς,
646 2159 803 2192 φαντασίας,
823 2158 911 2195 δόξης,

122 2200 263 2236 ὀνόματος,
278 2201 367 2236 λόγου,
381 2203 509 2235 διανοίας,
521 2204 649 2239 νοήσεως,
662 2204 766 2237 οὑσίας,
780 2206 910 2241 στάσεως,

121 2245 263 2280 ἱδρύσεως,
280 2247 412 2280 ἑνώσεως,
427 2247 552 2283 πέρατος,
570 2249 706 2284 ᾀπειρίας,
722 2250 849 2277 ἁπάντων
862 2251 911 2278 ὃσα

121 2291 188 2336 δντα
202 2291 286 2336 εστὶν,
299 2292 468 2328 ὑπεροχικῶς
484 2294 673 2329 ἀφῃρημένην.
693 2295 800 2331 Ἐπειδὴ
823 2296 851 2322 δὲ
873 2296 911 2333 ὡς
928 2309 948 2336 D

121 2334 289 2371 ἀγαθὸτητος
313 2336 447 2372 ὕπαρξις,
470 2338 543 2374 αὐτῷ
562 2338 601 2374 τῷ
623 2337 702 2372 εἶναι,
723 2340 831 2367 πάντων
852 2341 910 2369 ἐστὶ

120 2381 177 2407 τῶν
189 2381 272 2409 ὅντων
285 2383 368 2415 αἰτία,
381 2384 429 2420 τὴν
441 2382 629 2422 ἀγαθαρχικὴν
640 2386 690 2422 τῆς
708 2386 834 2423 θεαρχίας
847 2388 911 2424 πρό-

120 2435 207 2459 νοιαν,
230 2428 262 2454 ἐκ
279 2429 388 2456 πάντων
412 2430 466 2457 τῶν
488 2430 617 2458 αίτιατῶν
637 2431 786 2468 ὑμνητέον·
811 2433 873 2459 ἐπεὶ
884 2433 908 2449 ⁸ο

120 2474 169 2500 καὶ
187 2474 253 2510 περὶ
268 2475 352 2511 αὐτὴν
370 2476 475 2509 πάντα,
498 2478 544 2504 καὶ
564 2478 649 2512 αὐτῆς
661 2477 752 2510 ἕνεκα,
772 2478 819 2505 καὶ
838 2479 907 2515 αὐτή

119 2522 179 2547 ἐστι
195 2520 248 2556 πρὸ
263 2521 380 2555 πάντων,
399 2523 445 2549 καὶ
459 2522 495 2550 τὰ
511 2523 599 2550 πάντα
614 2524 643 2550 ἐν
662 2524 730 2560 αὐτῇ
750 2524 908 2560 συνέστηκε-

119 2567 168 2593 καὶ
190 2566 229 2601 τῷ
249 2565 318 2593 εἶναι
337 2568 456 2604 ταύτην,
474 2569 490 2604 ἡ
512 2569 567 2596 τῶν
589 2570 656 2596 ὅλων
683 2570 836 2606 παραγωγὴ
860 2571 908 2607 και

119 2611 277 2644 ὑπόστασις,
291 2613 337 2639 καὶ
353 2614 437 2649 αὐτῆς
449 2614 537 2641 πάντα
550 2615 665 2649 ἐφίεται·
683 2615 720 2642 τὰ
731 2616 780 2651 μὲν
795 2616 876 2653 νοερὰ
884 2617 906 2633 ⁸¹

119 2658 167 2684 καὶ
178 2657 283 2692 λογικὰ,
301 2659 467 2694 γνωπικῶς·
485 2659 559 2694 τὰδὲ
579 2661 710 2697 ὑφειμένα
729 2661 844 2695 τούτων,
865 2663 907 2689 αὶ-

120 2705 257 2737 σθητικῶς
273 2705 296 2721 “
306 2714 313 2720 ·
336 2707 383 2733 καὶ
398 2706 432 2733 τὰ
453 2706 521 2744 ἄλλα
531 2707 603 2735 κατὰ
614 2707 732 2744 ζωτικὴν
753 2709 870 2746 κίνησιν,
887 2709 904 2745 ἢ

117 2752 234 2788 οὐσιώδη
249 2753 297 2779 καὶ
308 2752 418 2789 ἐκτικὴν
430 2754 647 2792 ἐπιτηδειότητα.
904 2752 907 2755 ’

1009 689 1145 717 Caeterum
1167 688 1190 715 si
1212 694 1365 718 sermonem
1385 696 1494 719 omnem
1521 687 1762 724 cognitionemque

975 735 1163 769 transcendat,
1179 735 1318 769 supraque
1334 739 1452 761 mentem
1466 734 1502 762 sit
1514 738 1542 761 et
1555 732 1715 766 essentiam,
1731 737 1762 760 ut

973 782 1019 817 qui
1035 781 1125 809 omnia
1142 789 1192 809 suo
1211 782 1315 810 ambitu
1340 780 1479 809 contineat
1494 787 1527 807 ac
1551 779 1760 814 complectatur,

973 833 1000 856 et
1016 828 1164 863 anticipet,
1181 829 1245 863 quin
1259 832 1286 855 et
1302 834 1411 855 onmem
1428 831 1535 859 captum
1557 831 1684 864 superet,
1698 833 1760 853 cum

973 883 1061 910 neque
1081 875 1131 902 sub
1157 881 1266 902 sensum
1283 875 1373 906 cadat,
1390 880 1478 909 neque
1500 871 1559 906 ejus
1573 873 1611 900 sit
1625 872 1761 907 imagina-

974 921 1021 953 tio,
1039 927 1090 947 nec
1101 919 1234 955 opinatio,
1248 927 1339 953 neque
1353 926 1464 951 nomen,
1482 925 1571 952 neque
1585 925 1686 951 sermo,
1710 925 1760 945 ne-

970 973 1024 1001 que
1038 969 1137 997 tactus,
1153 973 1242 1000 neque
1257 965 1352 992 notitia
1363 984 1370 996 ,
1387 965 1525 998 quomodo
1541 964 1574 991 de
1597 963 1697 990 divinis
1711 970 1760 990 uo-

970 1011 1087 1039 nu'nibus
1103 1019 1116 1038 a
1135 1011 1214 1038 nobis
1227 1018 1318 1038 sermo
1335 1010 1558 1043 concinnabitnr,
1584 1017 1644 1037 cum
1661 1008 1760 1036 divini-

969 1060 1052 1084 tatem
1068 1056 1140 1083 illam
1154 1057 1194 1083 uti
1209 1056 1341 1088 essentia,
1353 1055 1393 1083 sic
1406 1060 1433 1082 et
1443 1056 1553 1082 nomine
1568 1055 1663 1090 quovis
1675 1059 1758 1089 atque

970 1101 1152 1136 appellatione
1168 1102 1301 1136 potiorem
1325 1108 1387 1131 esse
1410 1100 1629 1127 tleclaraveriui?
1647 1099 1757 1135 Utique,

969 1156 999 1178 ut
1015 1151 1135 1178 diximus
1148 1150 1257 1185 quando
1273 1149 1444 1185 tbeologicas
1457 1149 1653 1183 descriptiones
1672 1156 1757 1183 expo-

969 1196 1086 1229 suimus,
1101 1203 1184 1222 unum
1203 1195 1281 1228 illud,
1303 1195 1440 1230 ignotum,
1464 1201 1546 1228 supra
1561 1193 1755 1225 substantiam,

968 1245 1058 1277 seipso
1071 1242 1184 1274 bonum,
1197 1241 1269 1276 quod
1280 1245 1331 1272 est,
1346 1239 1456 1272 trinam,
1470 1239 1592 1274 inquam,
1607 1239 1755 1270 unitatem,

968 1288 1048 1316 simul
1065 1287 1161 1320 Deum,
1183 1286 1264 1314 simul
1288 1286 1409 1318 bonum,
1432 1292 1522 1320 neque
1538 1283 1630 1312 verbis
1653 1283 1755 1318 eloqui,

968 1340 1058 1369 neque
1071 1333 1219 1368 cogitando
1240 1332 1350 1366 assequi
1373 1333 1514 1364 valemus;
1531 1333 1596 1365 quin
1611 1334 1639 1358 et
1664 1337 1756 1357 sacra-

967 1388 1028 1408 rum
1052 1386 1162 1415 quoque
1184 1379 1316 1406 virtutum
1337 1385 1398 1405 cum
1424 1377 1568 1413 plusquam
1592 1377 1684 1412 ignota
1708 1375 1755 1403 illa

966 1425 1050 1463 288
1071 1425 1270 1460 praelucidaque
1292 1424 1413 1451 bonitate
1439 1420 1666 1458 coniunctiones,
1694 1428 1755 1456 quae

967 1473 1072 1507 angelis
1087 1471 1269 1504 conveniunt,
1285 1471 1344 1498 sive
1361 1470 1556 1502 immissiones,
1583 1469 1641 1496 sive
1660 1474 1754 1495 susce—

966 1519 1072 1553 ptiones
1086 1517 1251 1553 appellanda:
1266 1517 1372 1549 sint,et
1383 1515 1533 1543 ineiinbiles
1549 1519 1622 1548 sunt,
1635 1519 1662 1542 et
1677 1515 1755 1549 ignov

967 1569 1010 1597 tte,
1042 1564 1161 1598 solisque
1191 1563 1244 1590 illis
1272 1564 1374 1595 insunt,
1402 1562 1449 1596 qui
1479 1566 1579 1596 praeter
1602 1560 1754 1596 angelicam

965 1610 1158 1649 cognitionem,
1174 1616 1228 1636 una
1241 1616 1303 1636 cum
1318 1608 1422 1644 angelis
1433 1614 1480 1635 eas
1496 1606 1752 1642 acceperunt.Meng

967 1660 1006 1682 tes
1023 1655 1114 1689 itaque
1132 1653 1279 1681 deiiormes
1303 1652 1338 1679 ad
1362 1651 1538 1687 angelorum,
1557 1657 1688 1688 quantum
1710 1650 1753 1678 fas

964 1707 1016 1734 est,
1033 1701 1209 1733 imitationem
1224 1700 1309 1726 liacce
1325 1699 1430 1725 ratione
1444 1698 1499 1725 Deo
1512 1697 1595 1725 unita:
1608 1696 1752 1732 (siquidem

964 1755 1013 1782 per
1027 1754 1134 1774 omnem
1150 1746 1277 1774 mentalis
1297 1743 1466 1781 operationis
1480 1743 1652 1771 vacationem
1675 1743 1751 1778 ejus-

964 1793 1068 1820 cemodi
1091 1792 1279 1820 deiﬁcatarum
1303 1792 1434 1818 mentium
1465 1791 1499 1818 ad
1525 1797 1680 1825 supremum
1703 1789 1750 1821 Dei

964 1837 1054 1865 lumen
1071 1837 1134 1864 unio
1149 1837 1266 1871 exsistit)
1277 1836 1389 1863 laudant
1404 1837 1492 1871 ipsum
1511 1835 1697 1870 propriissime
1713 1826 1749 1861 ex

964 1890 1055 1910 rerum
1078 1883 1200 1909 omnium
1222 1882 1382 1915 ablatione,
1403 1882 1454 1909 hoc
1469 1888 1504 1908 ex
1525 1880 1683 1908 beatissima
1704 1880 1749 1907 illa

964 1936 1024 1955 cum
1045 1929 1100 1955 Deo
1116 1927 1218 1954 unione
1233 1935 1314 1962 supra
1329 1931 1455 1954 naturam
1471 1933 1534 1954 vere
1548 1934 1598 1961 per
1614 1926 1750 1953 illumina-

964 1974 1066 2001 tionem
1081 1973 1212 2005 eruditae,
1236 1978 1266 2000 ut
1293 1972 1364 2000 Deus
1386 1973 1508 2000 omnium
1527 1972 1638 2006 quidem
1657 1979 1748 1999 rerum

963 2027 1044 2047 causa
1061 2020 1111 2051 sit,
1129 2020 1187 2054 ipse
1214 2026 1277 2046 vero
1303 2018 1372 2045 nihil
1386 2026 1480 2046 earum
1504 2019 1629 2050 exsistat,
1646 2018 1692 2045 sed
1712 2018 1748 2045 ab

964 2066 1092 2094 omnibus
1108 2066 1143 2092 sit
1157 2065 1425 2100 superessentialiter
1439 2070 1593 2099 exemptus.
1613 2064 1686 2091 illam
1699 2065 1748 2100 igi-

963 2116 1007 2139 tur
1033 2111 1150 2138 divinam
1173 2118 1338 2146 supraquam
1351 2111 1531 2138 substantiam
1545 2130 1553 2143 ,
1569 2111 1749 2146 quodcunque

962 2161 1005 2184 est
1029 2156 1073 2183 illa
1096 2164 1259 2192 supraquam
1276 2156 1396 2186 essentia
1422 2155 1564 2189 bonitatis,
1582 2164 1642 2191 quae.
1665 2164 1750 2193 supra

963 2203 1112 2237 bonitatem
1129 2207 1181 2235 cst,
1193 2196 1292 2236 ineque
1304 2207 1430 2237 tauquam
1444 2203 1578 2230 rationem
1592 2208 1638 2230 aut
1649 2208 1746 2238 poten-

963 2249 1045 2281 liam,
1063 2255 1150 2283 neque
1168 2252 1296 2282 tanquatn
1321 2252 1457 2281 tuentem,
1482 2252 1529 2275 aut
1555 2249 1745 2283 substantiam,

962 2299 1009 2322 aut
1023 2294 1104 2322 vitam
1129 2293 1255 2322 laudibus
1275 2294 1415 2323 celebrare
1441 2296 1482 2323 ras
1493 2301 1536 2324 est
1550 2296 1596 2323 ulli
1611 2297 1658 2332 qui
1675 2297 1747 2325 veri-

963 2341 1037 2376 tatis,
1061 2348 1121 2376 qute
1138 2349 1219 2376 supra
1241 2349 1349 2370 onmem
1366 2343 1510 2371 veritatem
1525 2348 1577 2377 est,
1590 2345 1627 2372 sit
1641 2346 1746 2373 studio-

961 2395 1009 2416 sus
1024 2396 1031 2414 :
1049 2387 1172 2422 quinimo
1200 2387 1315 2415 laudare
1336 2396 1398 2416 eam
1422 2395 1539 2424 oportet,
1566 2395 1696 2425 tauquam
1711 2392 1745 2419 ab

962 2434 1034 2468 omni
1053 2433 1160 2467 habitu,
1180 2440 1271 2467 motu,
1285 2435 1340 2462 vita
1350 2455 1358 2467 ,
1373 2436 1568 2471 imaginatione
1578 2457 1586 2470 ,
1601 2437 1743 2472 opinione,

962 2479 1085 2513 nomine,
1111 2487 1249 2514 sermone,
1269 2481 1445 2515 cogitatione,
1469 2482 1665 2518 intelligentia,
1680 2484 1745 2511 sub-

960 2526 1073 2559 stantia,
1085 2531 1170 2559 statu,
1189 2526 1364 2561 laudatione,
1382 2528 1499 2562 unione,
1515 2529 1581 2562 line,
1604 2530 1743 2559 immensi-

961 2575 1028 2605 tate,
1043 2572 1160 2607 denique
1174 2573 1208 2600 ab
1222 2573 1347 2601 omnibus
1359 2581 1529 2610 qumcunque
1549 2580 1613 2603 sunt
1623 2596 1631 2609 ,
1643 2583 1740 2612 supera

959 2617 1012 2644 late
1022 2617 1197 2645 abstractam.
1217 2617 1349 2651 Quoniam
1365 2626 1428 2646 vero
1447 2624 1476 2646 ut
1494 2620 1552 2655 ipsa
1572 2620 1692 2654 bonitas,
1710 2629 1743 2650 eo

958 2663 1018 2698 ipso
1029 2663 1101 2698 quod
1117 2668 1170 2697 est,
1186 2663 1308 2690 omnium
1323 2672 1406 2691 causa
1421 2670 1475 2699 est,
1490 2667 1661 2701 providentia
1683 2668 1741 2700 Dei,

957 2717 1053 2737 eorum
1077 2711 1123 2745 qui
1148 2710 1186 2737 dii
1210 2710 1338 2737 dicuntur
1355 2711 1503 2748 principis,
1531 2721 1591 2748 qua:
1619 2706 1746 2743 omnium.

958 2756 1090 2786 bonorum
1106 2757 1269 2792 principiutu
1281 2763 1339 2792 est,
1361 2758 1395 2786 ab
1419 2759 1544 2788 omnibus
1565 2760 1670 2788 ell‘ectis
1684 2761 1743 2792 laus,

756 2823 872 2851 VARUS
889 2823 1094 2852 LECTIONES.

147 2880 170 2896 ³⁸
182 2879 401 2922 εξικαὶ-κοεὶξςςόν
499 2880 534 2922 Ρζ
562 2881 584 2922 '_‘
597 2882 653 2909 haec
668 2882 762 2922 desunt
774 2882 800 2909 iu
810 2881 845 2922 _S.
925 2882 1006 2922 {‘39.
1017 2882 1235 2922 ὑπερᾴγνωστον.
1261 2884 1291 2922 ⁵³⁸
1302 2885 1531 2922 ἱειρᾶςιένεργείας,
1546 2886 1595 2913 Ch.
1627 2885 1741 2922 ³⁷ὑπερ-

119 2915 176 2943 οε»,
190 2911 227 2939 Μ.
260 2915 282 2931 ³³
293 2913 439 2941 additurin
454 2914 488 2942 M.
501 2916 554 2951 τῶν
565 2916 656 2944 ὄντων.
696 2918 717 2934 δ’
732 2917 856 2952 ὕπαρξις,
873 2918 899 2945 l'.

935 2917 958 2933 ⁸⁰
971 2917 1078 2953 ἐπειδή,
1089 2919 1117 2946 ι’.
1153 2919 1176 2934 ⁸³
1189 2919 1224 2946 τὰ
1238 2918 1289 2954 μὴν
1302 2917 1347 2946 οὖν
1361 2917 1494 2956 νόερᾶ,’1³.
1512 2917 1534 2938 λ’
1548 2921 1694 2958 αἰσθητῶς,
1710 2917 1740 2950 ὅ.
