1929 3068
241 165 294 194 595

811 168 840 197 S.
859 167 1006 197 DlONYSll
1023 167 1252 196 AREOPAGITIE

1808 168 1864 196 596

240 236 328 263 danda
351 241 412 271 est;
433 238 496 272 quia
518 244 546 265 et
570 237 673 265 circum
691 238 775 272 ipsam
795 241 859 264 sunt
878 238 1027 270 omnia,.et
1050 241 1162 271 propter
1175 236 1272 271 ipsam,
1287 239 1315 263 et
1339 236 1393 270 ipsa
1423 240 1465 263 est
1486 241 1550 263 ante
1567 235 1676 268 omnia,
1700 239 1727 262 et
1752 234 1779 261 in
1803 233 1863 268 ipsa

240 281 331 308 omnia
347 282 511 314 consistunt,
523 286 551 310 et
563 289 624 310 esse
639 289 699 309 eam
725 281 849 316 producit
868 282 975 314 omnia,
992 286 1020 309 et
1039 281 1107 309 facit
1133 286 1163 309 ut
1186 282 1330 313 exsistant,
1351 289 1465 316 eamque
1479 282 1570 308 omnia
1586 285 1731 316 appetunt;
1747 279 1864 315 spirita-

242 326 276 353 lia
292 329 401 363 quidem
419 338 450 357 ac
463 329 605 357 rationalia
629 329 758 362 scienter,
784 329 858 356 ltisce
881 329 1025 364 inferiora,
1041 328 1202 362 sensiliter;
1223 333 1322 357 caetera
1337 335 1401 357 vero
1424 328 1467 356 vel
1481 335 1530 364 per
1552 332 1654 355 motuin
1671 326 1792 359 vitaletn,
1819 326 1865 354 vel

241 376 460 410 substantialem,
477 375 520 404 vel
536 375 750 403 habitudinalem
762 375 951 411 aptitudinem.

1010 445 1024 482 ᾗ
1051 444 1106 476 Vl.

279 502 337 530 Hoc
351 503 435 538 igitur
454 511 516 531 cum
533 504 635 531 scirent
659 504 791 540 theologi,
810 502 894 532 Deum
917 504 1026 531 laudant

1115 505 1200 532 Τοῦτο
1214 502 1279 539 γοεν
1299 503 1397 536 εἰδότες
1413 504 1437 531 οί
1454 502 1582 538 θεολόγοι,
1602 503 1648 530 καὶ
1667 502 1704 534 ὡς
1724 501 1868 538 ἀνώνυμον

242 554 271 577 et
282 555 411 584 tanquam
425 550 535 577 nomine
549 555 701 582 carentem,
723 555 750 579 et
769 551 804 579 ab
817 551 890 578 omni
906 551 1024 578 nomine.

243 595 385 630 Tanquam
405 596 514 623 nomine
534 601 692 629 carentem,
708 602 738 624 ut
752 604 812 624 cum
829 597 925 628 aiunt,
942 597 1024 624 Deum

244 642 332 676 ipsum
351 642 378 668 in
394 649 446 668 una
460 649 493 669 ex
507 642 631 677 mysticis
647 642 798 670 visionibus
814 642 970 677 symbolice:
982 649 1027 675 ap-

244 688 388 723 paritionis
414 688 461 715 Dei
488 688 643 723 increpasse
657 696 717 716 eutn
740 688 785 723 qui
808 688 935 716 dixerat:
951 687 1027 721 Quod

244 740 281 761 est
298 742 390 761 nomen
404 739 478 761 tuum
497 734 529 761 *9
547 739 574 762 et
590 739 716 769 tanquam
729 734 762 761 ab
778 734 851 773 omni
871 734 962 761 divino
977 741 1027 760 no-

245 781 320 808 mine
344 781 536 814 abducentcm,
562 781 685 809 dixisse:
713 780 802 813 Quare
824 780 974 815 interrogas
996 781 1029 806 de

245 835 303 853 meo
318 827 443 855 nomine?
465 831 489 854 et
511 827 560 854 Iwc
582 832 619 854 est
644 826 800 854 admirabile
814 832 839 852 υ.
859 826 955 853 Annon
986 830 1029 852 est

245 870 298 898 hoc
315 878 378 898 vere
400 878 496 899 nomen
513 871 683 904 admirabile,
708 872 779 906 quod
794 876 836 898 est
855 878 936 905 supra
950 878 1030 898 mune

244 917 329 952 289
342 924 450 950 nomen,
466 917 538 952 quod
553 923 628 945 caret
643 918 760 951 nomine,
787 918 859 952 quod
880 921 922 945 est
945 917 1031 944 collo-

246 969 338 992 catum
355 971 437 998 super
451 972 527 992 omne
539 973 645 998 nomen,
663 965 734 999 quod
751 965 921 997 nominatur,
935 965 988 992 sive
1003 965 1031 990 in

245 1012 295 1037 Iwc
315 1010 423 1043 sarcula,
440 1011 493 1037 sive
504 1011 530 1037 in
549 1012 639 1046 futuro
652 1011 687 1038 V'I
704 1010 849 1038 Multorum
864 1017 929 1037 vero
942 1010 1031 1037 nomi-

246 1064 311 1083 num
329 1056 445 1090 faciunt,
461 1062 491 1084 ut
503 1064 565 1083 cum
584 1057 672 1091 ipsum
693 1057 776 1084 Deum
800 1057 976 1084 introducunt
993 1055 1033 1082 di-

245 1107 353 1129 centem
371 1111 378 1129 :
398 1101 455 1137 Ego
468 1110 525 1129 sum
538 1102 584 1136 qui
599 1110 656 1129 sum
673 1109 698 1135 ι,
713 1103 779 1137 vita,
800 1102 856 1135 lux,
880 1102 951 1129 Deus
962 1121 969 1134 ,
985 1109 1032 1129 ve-

246 1150 333 1183 ritas;
347 1154 376 1177 et
391 1157 454 1177 cum
466 1149 604 1184 sapientes
633 1149 720 1183 ipsutn
735 1149 818 1176 Deum
835 1148 955 1176 omnium
969 1146 1034 1175 θίγο-

246 1203 351 1224 etorem
365 1196 399 1223 ab
414 1196 541 1224 omnibus
556 1196 660 1224 etrectis
682 1196 804 1228 laudant,
828 1201 856 1222 ut
875 1194 987 1227 bonum,
1004 1199 1033 1221 ut

246 1242 404 1276 pulchrum,
422 1246 451 1269 ut
478 1242 640 1281 sapientem,
665 1245 695 1268 ut
723 1241 868 1272 dilectum,
894 1245 923 1266 ut
947 1240 1032 1267 Deum

247 1289 380 1320 deorunt,
403 1293 433 1315 ut
453 1288 597 1317 Dominum
625 1288 815 1321 dominorum,
844 1292 874 1314 ut
903 1286 1032 1314 Sanctum

247 1338 417 1366 sanctorum,
436 1339 465 1361 ut
477 1339 619 1366 aeternum,
635 1337 665 1360 ut
679 1341 740 1361 eum
756 1334 802 1367 qui
821 1337 878 1366 est,
893 1337 922 1359 ut
938 1337 1032 1359 aucto—

249 1388 306 1407 rem
322 1380 494 1412 szceulorum,
513 1379 708 1415 utlargitorem
726 1380 798 1412 vitae,
811 1383 841 1406 ut
859 1379 1032 1413 sapientiam,

249 1430 280 1453 ut
296 1431 424 1457 mentem,
439 1430 467 1453 ut
481 1425 611 1459 Verbum,
629 1430 658 1452 ut
679 1425 867 1459 cognitorem,
893 1429 922 1451 nt
939 1431 1032 1458 super-

249 1472 304 1499 late
326 1472 471 1499 habentem
488 1479 584 1498 omnes
599 1471 742 1499 thesauros
758 1470 847 1497 omnis
862 1470 991 1501 scientiae,
1007 1474 1036 1496 ut

249 1517 411 1551 potentiam,
430 1521 460 1543 ut
473 1521 620 1551 potentem,
636 1521 665 1543 ut
681 1515 780 1549 Regem
794 1523 899 1550 regum,
917 1520 946 1541 ut
964 1514 1036 1541 anti-

250 1570 334 1597 quum
351 1563 475 1595 dierum,
499 1566 529 1589 ut
551 1569 604 1589 non
629 1566 815 1589 senescentem
836 1566 865 1587 et
880 1559 1036 1588 immutabi-

249 1608 314 1640 lem,
334 1612 363 1633 ut
377 1607 502 1639 salutem,
524 1610 553 1634 ut
572 1606 716 1642 justitiam,
731 1611 760 1633 ut
780 1605 1036 1637 sanctiﬁcationem,

251 1654 515 1688 utredetnptionem,
539 1659 568 1681 ut
587 1653 773 1689 magnitudine
789 1653 881 1680 otnnia
906 1660 1037 1687 superan-

250 1705 316 1732 tem,
331 1704 359 1727 et
371 1704 400 1726 ut
411 1699 437 1726 itt
448 1706 513 1726 aura
530 1701 613 1727 tenui.
627 1699 706 1734 Atqui
730 1703 759 1726 et
779 1699 805 1726 in
819 1699 956 1726 mentibus
969 1705 1036 1737 .eum

1076 551 1159 586 αὐτὴν
1177 551 1299 586 ὑμνοῦσι,
1315 551 1362 577 καὶ
1386 551 1417 577 ὲκ
1438 550 1536 582 παντὸς
1553 549 1692 585 ὀνόματος.
1713 548 1868 584 Ἀνώνυμον

1079 596 1128 632 μὲν
1154 597 1191 628 ὡς
1216 597 1280 623 ὅταν
1304 597 1369 631 φασὶ
1385 597 1419 629 η,
1444 596 1494 631 τὴν
1516 595 1643 631 θεαρχίαν
1663 595 1748 630 αὐτὴν
1770 595 1799 621 ὲν
1818 595 1869 630 μιᾷ

1077 642 1133 668 τῶν
1147 642 1284 678 μυστικῶν
1294 642 1342 677 τῆς
1360 642 1525 677 ωμῦολικῆς
1535 641 1557 657 ⁸⁵
1569 641 1725 676 θεοφανείας
1745 641 1869 677 ὁράσεων

1079 687 1226 722 ἐπιπλῆξαι
1250 687 1288 722 τῷ
1307 688 1421 723 φήσαντι
1440 687 1480 702 ⁸³’
1504 686 1534 713 Τί
1555 684 1588 712 τὸ
1608 684 1701 720 ὄνομά
1717 693 1795 718 σου;
1821 685 1870 712 καὶ

1079 732 1172 769 ὥσπερ
1187 734 1240 760 ἀπὸ
1263 734 1353 769 πάσης
1370 732 1448 759 αὑτὸν
1468 731 1637 767 Θεωνυμικῆς
1649 731 1775 766 γνώσεως
1794 731 1869 757 ἀπά-

1078 788 1189 814 γουσαν,
1209 780 1290 815 φάναι
1310 779 1356 806 τό’
1375 780 1429 806 Καὶ
1448 780 1524 806 irati
1544 776 1653 813 ἐρωτᾷς
1672 776 1705 804 τὸ
1730 777 1752 793 ⁵⁸
1774 776 1871 811 ὄνομά

1078 835 1137 862 μου
1146 835 1155 858 ;
1164 826 1212 853 καί
1221 826 1299 853 τοῦτ’
1309 825 1375 852 ἔστι
1382 823 1564 859 θαυμαστόν.
1581 824 1615 850 Ἥ
1624 822 1684 858 οὐχὶ
1696 822 1774 849 τοῦτο
1784 821 1870 853 ὅντως

1080 874 1139 900 ἐστὶ
1161 872 1191 899 τὸ
1215 871 1368 907 θαυμαστὸν
1387 870 1483 905 ὅνομα,
1500 869 1530 896 τὺ
1554 868 1624 904 ὑπὲρ
1650 869 1703 895 πᾶν
1724 868 1819 903 ὄνομα,
1839 867 1872 894 τὸ

1081 916 1235 952 ἀνώνυμον,
1245 916 1275 942 τὺ
1287 915 1399 948 παντὸς
1409 912 1643 948 ὑπεριδρυμένον
1653 913 1797 947 ὀνόματος
1808 913 1873 939 ὀνο-

1078 962 1261 999 μαζομένου,
1279 961 1338 988 εἶτε
1356 961 1391 987 ἐν
1411 960 1450 993 τῷ
1471 959 1554 986 αἰῶνι
1572 960 1676 991 τούτῳ,
1695 959 1754 985 εἴτε
1774 958 1809 984 ἑν
1829 957 1871 990 τῷ

1079 1009 1241 1045 μέλλοντα
1254 1006 1431 1042 Πολυώνυμον
1443 1005 1480 1038 δὲ,
1494 1005 1531 1037 ὼς
1549 1005 1612 1032 ὅταν
1624 1003 1701 1035 αὖθις
1720 1003 1803 1038 αὐτὴν
1815 1003 1872 1029 εἰσ-

1083 1056 1170 1089 άγωσι
1193 1054 1348 1089 φάσκουσαν
1359 1060 1365 1067 ·
1391 1050 1463 1085 Ἐγώ
1473 1052 1532 1085 ειμι
1544 1052 1561 1077 ὁ
1578 1049 1630 1077 ὧν·
1644 1050 1661 1085 ἡ
1679 1048 1746 1084 ζωὴ,
1757 1049 1788 1074 τὸ
1800 1047 1870 1083 φῶς,

1083 1103 1097 1128 ὁ
1113 1100 1193 1132 Θεὸς,
1212 1099 1228 1136 ὴ
1246 1098 1357 1134 ἀλήθεια
1367 1118 1374 1131 ,
1396 1098 1443 1124 καὶ
1454 1098 1517 1124 ὅταν
1535 1096 1611 1123 αὐτοὶ
1626 1095 1680 1122 τῶν
1702 1095 1809 1121 πάντων
1825 1094 1870 1120 αἴ-

1084 1155 1139 1173 τιον
1153 1146 1175 1161 "
1187 1146 1210 1172 οἱ
1226 1144 1349 1179 θεόσοφοι.
1361 1142 1544 1178 πολυωνύμως
1556 1141 1587 1168 ὲκ
1601 1141 1708 1167 πάντων
1719 1139 1772 1166 τῶν
1785 1141 1873 1166 αἰτια-

1049 1179 1069 1207 B
1082 1192 1137 1220 τῶν
1154 1190 1286 1226 ὑμνῶσιν,
1308 1189 1345 1216 ὼς
1368 1188 1477 1222 ἀγαθὸν,
1498 1188 1536 1220 ὡς
1554 1187 1645 1219 καλὸν,
1667 1186 1704 1218 ὡς
1723 1186 1812 1221 σοφὸν,
1833 1185 1872 1217 ὡς

1083 1236 1240 1273 ἀγαπητὸν,
1265 1235 1303 1268 ώς
1329 1234 1395 1261 Θεὸν
1413 1234 1496 1266 θεῶν,
1515 1233 1553 1265 ὡς
1575 1233 1676 1267 Κύριον
1701 1232 1813 1268 κυρίων,
1833 1231 1872 1264 ὡς

1084 1283 1177 1317 Ἀγιον
1191 1281 1285 1317 ἁγίων,
1305 1280 1342 1313 ὡς
1363 1279 1480 1311 αἰώνιον,
1495 1279 1532 1310 ὼς
1549 1278 1623 1310 ὅντα,
1644 1277 1690 1304 καὶ
1708 1277 1746 1309 ὼς
1766 1276 1873 1303 αίώνων

1082 1329 1183 1356 αἴτιον·
1208 1329 1246 1360 ὼς
1272 1326 1344 1363 ζωῆς
1365 1325 1491 1363 χορηγὸν,
1516 1324 1554 1356 ὡς
1575 1324 1680 1358 σοφίαν,
1693 1323 1731 1354 ὡς
1745 1322 1816 1355 νοῦν,
1833 1322 1872 1353 ὡς

1083 1375 1178 1410 Λόγον,
1201 1374 1240 1406 ὡς
1252 1373 1387 1408 γνώστην,
1407 1372 1445 1403 ὡς
1468 1369 1637 1406 ὑπερέχοντα
1651 1369 1673 1385 ⁸⁸
1692 1369 1796 1400 πάντας
1810 1368 1873 1399 τοὺς

1083 1419 1238 1456 Θησαυροὺς
1255 1419 1365 1455 ἁπάσης
1377 1418 1399 1435 ⁸³
1411 1416 1552 1452 γνώσεως,
1570 1415 1608 1447 ὡς
1623 1415 1751 1450 δύναμιν,
1769 1414 1806 1446 ὡς
1828 1414 1875 1440 δυ·

1082 1468 1194 1502 νάστην,
1212 1467 1250 1499 ὼς
1264 1465 1380 1493 Βασιλέα
1402 1464 1456 1491 τῶν
1476 1462 1677 1498 βασιλευόντων,
1701 1461 1738 1492 ὡς
1760 1459 1875 1487 παλαιὸν

1087 1513 1198 1549 ἡμερῶν
1208 1532 1215 1545 ,
1232 1512 1269 1544 ὡς
1288 1511 1335 1539 καὶ
1350 1510 1445 1546 ἀγήρω
1461 1509 1508 1535 καὶ
1528 1507 1714 1539 ἀναλλοίωτον,
1731 1507 1768 1538 ὡς
1786 1514 1875 1541 σωτη-

1090 1559 1160 1596 ρίαν,
1174 1559 1211 1591 ὡς
1222 1557 1404 1593 δικαιοσύνην,
1416 1556 1453 1587 ὡς
1470 1555 1614 1590 ἁγιασμδν,
1627 1554 1665 1586 ὡς
1676 1553 1874 1588 ἀπολύτρωσιν,

1088 1607 1126 1640 ὡς
1143 1608 1173 1635 ὲν
1193 1605 1302 1642 μεγέθει
1319 1606 1428 1632 πάντων
1445 1603 1621 1639 ὑπερέχοντα,
1636 1602 1682 1628 καὶ
1701 1600 1739 1632 ὡς
1756 1600 1784 1626 ὲν
1804 1598 1878 1634 αὔρᾳ

1088 1653 1184 1688 λεπτῇ.
1198 1651 1252 1678 Καί
1269 1659 1300 1686 γε
1312 1650 1359 1677 καὶ
1376 1650 1405 1676 ὲν
1429 1649 1502 1680 νόοις
1514 1649 1536 1664 ⁸ο
1556 1647 1636 1673 αὑτὸν
1653 1643 1721 1672 εἷναί
1734 1652 1810 1679 φασι,
1828 1644 1878 1670 καὶ

1089 1699 1118 1726 ὲν
1134 1698 1232 1734 ψυχαῖς
1249 1697 1296 1723 καὶ
1316 1697 1345 1721 ὲν
1365 1694 1481 1730 σώμασι,
1496 1694 1542 1720 καὶ
1559 1694 1587 1719 ἐν
1603 1691 1709 1727 οὐρανῷ
1727 1690 1774 1717 καὶ
1789 1690 1817 1716 ἐν
1828 1690 1878 1734 γῇ,

251 1754 312 1774 esse
325 1746 429 1779 dicunt,
446 1751 474 1774 et
490 1747 628 1774 inanimis
645 1733 678 1773 et,
687 1746 858 1780 corporibus,
881 1746 947 1772 etin
969 1733 1035 1772 caelo

1090 1733 1212 1778 miratu
1233 1743 1261 1768 ὲν
1277 1740 1368 1776 ταύτῷ
1390 1741 1436 1766 τὸν
1453 1738 1551 1771 αὑτὸν,
1576 1737 1721 1772 ὲγκόσμιον
1734 1754 1741 1766 ,
1763 1733 1879 1769 περικό-

1193 1790 1199 1792 .
1284 1788 1290 1792 .
1398 1787 1405 1792 ι
1521 1785 1527 1792 ι
1615 1784 1621 1791 τ
1672 1781 1771 1792 μανι-Α-..
1790 1780 1867 1792 ΣΚῚ.-..

252 1797 280 1819 et
293 1792 320 1819 iu
339 1797 421 1824 terra,
439 1797 467 1819 et
481 1791 562 1819 simul
577 1793 603 1818 in
617 1793 711 1819 eodem
734 1791 871 1823 eumdem,
889 1790 916 1817 in
934 1790 1037 1817 tnundo

251 1839 325 1866 circa
350 1839 493 1871 tttundum,
520 1845 602 1872 super
624 1837 770 1871 mundum,
798 1836 1038 1870 supracmlestem,

253 1884 515 1919 suprasubstantiam
528 1903 535 1916 ,
551 1884 654 1916 solent,
671 1883 788 1915 stellam,
806 1883 907 1917 ignem,
926 1889 1038 1916 aquam,

254 1930 390 1964 spiritum,
410 1937 513 1962 rorem,
532 1929 643 1962 nubetu,
665 1936 713 1963 per
726 1936 755 1956 se
773 1928 902 1962 lapidem,
921 1931 1037 1962 petram,

253 1977 344 2004 omnia
360 1984 421 2011 quze
436 1981 509 2009 sunt,
522 1980 550 2003 et
563 1975 631 2004 nihil
642 1982 735 2004 eorum
749 1982 809 2010 qua:
824 1978 895 2001 sunt.

1092 1799 1179 1826 σμιον,
1189 1788 1381 1825 ὑπερκόσμιον,
1394 1785 1599 1822 ὖπερουράνιον,
1611 1781 1782 1817 ὑπερούσιον,
1790 1780 1880 1815 ἥλιον,

1091 1825 1203 1871 ἀστέρα,
1221 1834 1286 1871 πῦρ,
1305 1833 1387 1868 ὕδωρ,
1401 1831 1517 1866 πνεῦμα,
1532 1829 1637 1867 δρόσον,
1654 1827 1777 1862 νεφέλην,
1796 1825 1880 1852 αὐτὸ·

1091 1882 1181 1914 λιῦον,
1202 1881 1248 1908 καὶ
1270 1880 1389 1914 πέτραν,
1408 1878 1495 1905 πάντα
1510 1876 1546 1904 τὰ
1560 1876 1641 1908 ὂντα,
1661 1874 1708 1901 καὶ
1727 1873 1803 1899 οὐδὲν
1823 1872 1881 1898 τῶν

1090 1929 1182 1955 ὄντων.

998 2043 1012 2080 g
1032 2041 1101 2072 vn.

291 2141 338 2169 Sic
358 2141 441 2176 igitur
454 2141 480 2169 ei
497 2141 543 2175 qui
568 2140 688 2171 omnium
710 2147 799 2167 rerum
823 2145 906 2166 causa
930 2142 992 2170 est,
1017 2142 1044 2165 et

257 2196 338 2222 supra
358 2188 460 2220 omnia,
475 2187 600 2222 congruit
614 2194 708 2214 carere
721 2186 838 2218 nomine,
851 2189 878 2213 et
889 2188 1045 2219 congruunt

259 2241 354 2261 rursus
368 2232 459 2260 omnia
480 2240 569 2261 rerum
589 2233 709 2260 omniuut
726 2232 844 2264 notnina,
861 2235 890 2258 ut
907 2231 942 2258 sit
956 2230 1044 2264 perfe-

259 2285 302 2307 cte
326 2287 438 2314 regnum
461 2279 648 2306 universitatis
671 2286 779 2311 rerum,
807 2281 834 2304 et
855 2278 929 2304 circa
957 2272 1044 2310 ipsum

259 2327 316 2354 sint
333 2327 423 2353 omnia
434 2346 443 2358 ,
458 2333 491 2353 ex
507 2325 582 2360 ipso.
600 2329 728 2359 tauquam
743 2332 777 2351 ex
795 2331 889 2355 causa,
911 2323 1044 2357 principio

260 2378 287 2400 et
301 2374 354 2400 line
371 2377 467 2401 cuncta
479 2373 625 2407 pendeant,
639 2376 666 2398 et
680 2372 736 2406 ipse
750 2371 802 2406 sit_,
823 2375 853 2397 ut
865 2370 903 2397 ait
922 2369 1042 2404 Scriptu-

262 2427 301 2452 ra,
315 2418 403 2445 omnia
415 2418 443 2444 in
457 2418 577 2444 omnibus
585 2420 610 2449 Υ,
626 2422 744 2450 vereque
756 2414 889 2446 laudetur,
905 2417 935 2439 ut
954 2411 1043 2439 omnia

262 2472 430 2499 procreatis,
446 2464 587 2495 inchoatis,
603 2462 758 2497 perﬁciens,
771 2461 973 2494 contineusque,
997 2466 1044 2485 cu-

258 2511 348 2538 stodia
366 2518 398 2537 ac
417 2509 601 2541 domicilium,
615 2509 763 2542 eademque
782 2507 815 2534 ad
825 2514 856 2534 se
868 2513 1042 2538 couvertens,

262 2561 344 2589 atque
356 2554 412 2583 haec
425 2555 576 2589 coniuncte,
590 2554 698 2586 invicte,
710 2553 888 2585 excellenter;
904 2561 957 2579 non
971 2551 1042 2579 enim

263 2600 349 2627 solum
361 2605 401 2627 est
412 2607 493 2627 causa
506 2599 662 2626 continendi
682 2599 783 2631 omnia,
801 2600 917 2632 vitatque
934 2606 966 2625 ac
983 2605 1045 2631 per-

263 2644 388 2672 fectionis
398 2665 406 2677 ,
423 2644 460 2672 ita
476 2648 506 2671 ut
517 2644 551 2671 ab
569 2646 620 2671 hac
634 2644 702 2677 sola,
721 2648 768 2671 aut
789 2643 823 2670 ab
835 2643 887 2670 alia
901 2642 1045 2675 providen-

298 2707 306 2723 ί
320 2704 389 2732 Gen.
403 2711 490 2737 χχιιι,
505 2702 551 2731 29.
588 2709 601 2723 ιι
617 2702 679 2730 Jud.
698 2702 813 2734 1111,18.

861 2705 874 2720 ν
889 2701 988 2736 Ephes.
1005 2708 1024 2733 t,
1037 2700 1084 2727 21.

1127 2135 1220 2167 Οὕτως
1237 2132 1293 2166 οὖν,
1308 2133 1341 2168 τῇ
1362 2132 1468 2158 πάντων
1482 2129 1557 2164 αἰτίᾳ
1575 2127 1621 2154 καὶ
1637 2126 1708 2162 ὑπὲρ
1727 2125 1816 2152 πάντα
1837 2125 1882 2152 οὓς

1094 2189 1145 2218 σῃ,
1165 2182 1210 2208 καὶ
1226 2181 1256 2207 τὸ
1274 2179 1413 2214 ἀνώνυμον
1426 2175 1588 2211 ἐφαρμόσει,
1608 2174 1654 2199 καὶ
1671 2173 1758 2199 πάντα
1774 2171 1810 2218 τὰ
1827 2172 1881 2199 τῶν

1093 2217 1176 2254 ὄντων
1187 2227 1316 2262 ὀνόματα,
1328 2225 1371 2251 ἵνα
1384 2222 1505 2259 ἀκριϐῶς
1551 2219 1605 2247 τῶν
1621 2219 1688 2246 ὅλων
1711 2217 1834 2253 βασιλεία
1847 2218 1881 2248 δι,

1094 2274 1141 2300 καὶ
1158 2273 1222 2309 περὶ
1233 2271 1317 2307 αὐτὴν
1356 2270 1391 2296 τὰ
1403 2269 1500 2300 πάντα,
1514 2267 1561 2294 καὶ
1571 2265 1655 2300 αὐτῆς
1666 2265 1704 2296 ὡς
1724 2264 1825 2295 αἰτίας,
1844 2263 1880 2294 ὡς

1095 2308 1243 2354 ἀρχῆς,νὼς
1258 2317 1384 2353 πέρατος,
1403 2313 1583 2349 ἐξηρτημένα,
1606 2311 1653 2338 καὶ
1670 2309 1748 2346 αὐτὴ,
1765 2309 1839 2336 κατὰ
1851 2308 1880 2335 τὸ

1092 2367 1191 2400 λόγιον,
1209 2364 1228 2398 ᾗ
1242 2365 1277 2390 τὰ
1296 2363 1393 2389 πάντα
1413 2361 1448 2387 ὲν
1468 2359 1553 2390 πᾶσι,
1576 2357 1621 2385 καὶ
1631 2356 1738 2392 ἀληθῶς
1762 2356 1879 2400 ὑμνῆται

1093 2399 1201 2438 πάντων
1218 2409 1372 2439 ὑποστάτις,
1390 2404 1529 2441 ἀρχηγικὴ
1542 2405 1575 2436 δ’,
1590 2404 1637 2430 καὶ
1656 2401 1825 2437 τελειογιικὴ,
1835 2399 1880 2427 καὶ

1097 2455 1251 2490 συνεκτικὴ,
1271 2453 1374 2490 φρουρὰ
1398 2453 1446 2479 καὶ
1465 2451 1551 2482 ἑστία,
1563 2449 1688 2485 καὶπρὸς
1709 2448 1806 2483 ἑαυτὴν
1819 2448 1878 2474 επι-

1098 2501 1257 2539 στρεπτικὴ,
1270 2501 1317 2527 καὶ¹
1334 2499 1420 2527 ταῦτα
1436 2497 1591 2534 ήνωμένως,
1603 2496 1734 2531 ἀσχέτως,
1746 2493 1880 2529 ἐξῃρημέί

1097 2558 1164 2581 νως·
1185 2549 1214 2575 οὺ
1237 2548 1291 2583 γὰρ
1314 2547 1443 2582 συνοχῆς,
1464 2545 1480 2580 ἢ
1497 2545 1580 2579 ζωῆς,
1599 2544 1616 2579 ἢ
1628 2541 1791 2572 τελειώσεως
1808 2539 1878 2567 αἰτία

1100 2596 1179 2632 μόνον
1201 2595 1283 2626 ἐστὶν,
1307 2594 1350 2620 ἵνα
1374 2593 1428 2620 ἀπὸ
1446 2591 1528 2627 μόνης
1551 2590 1661 2624 ταύτης,
1681 2587 1697 2623 ἢ
1714 2587 1763 2622 τῆς
1785 2586 1877 2621 ἑτέρας

1099 2641 1235 2678 προνοίας,
1249 2642 1266 2676 ἡ
1280 2639 1456 2676 ὑπερώνυμος
1469 2636 1603 2672 ἀγαθότης
1623 2632 1798 2670 ὀνομασθείη,·
1813 2632 1875 2658 πάν⁶

1140 2706 1153 2720 ι
1168 2699 1250 2726 Exod.
1264 2706 1305 2729 ιιι,
1321 2697 1362 2724 lt.
1416 2700 1430 2720 ι’
1443 2695 1452 2722 l
1465 2695 1528 2723 Cor.
1545 2701 1589 2726 xv,
1604 2692 1650 2721 28.

899 2789 1016 2818 VARUE
1033 2787 1237 2816 LECTIONES.

300 2855 322 2870 “
336 2854 405 2889 φῶσι
417 2875 424 2887 ,
441 2854 469 2881 D.
494 2853 526 2890 7“
534 2862 569 2890 γρ

572 2873 579 2880 .
607 2852 776 2888 συμϐολικῶν
795 2853 845 2888 τῆς
862 2851 1002 2887 μυστικῆς.
1030 2849 1241 2888 ν¹ξ¹¹μιρωνήσιιντι⁷
1256 2846 1283 2888 8Ζ

1318 2847 1340 2862 ⁵⁵
1348 2854 1393 2881 γρ.
1402 2844 1475 2881 αὑτό.
1514 2845 1535 2860 ⁸⁷
1547 2843 1590 2870 τὸν
1602 2842 1719 2875 πάντων,
1733 2841 1766 2868 Μ.
1807 2841 1828 2857 ⁴⁶
1839 2838 1871 2869 ὡς

489 2889 516 2917 S.
601 2879 621 2906 ‘5
640 2879 693 2916 ἆπὸ
707 2879 804 2924 itione,
821 2879 867 2914 δί’
890 2888 911 2903 ⁵ο
926 2879 992 2918 νοῐξί
1028 2887 1048 2902 δι
1064 2879 1194 2920 βασίλεια,
1210 2883 1237 2909 υ.
1277 2883 1298 2898 δ’
1311 2879 1419 2917 ἀρχικὴ.
1443 2879 1472 2907 D.
