1929 3068
207 165 264 193 607

812 159 964 194 εῖοϊοΝγ
967 163 1011 193 ΞΠ
1017 161 1195 199 ζΑΒΕΟΡΑϐΙ
1199 161 1264 192 ΤΔΕ

204 222 320 250 .Clnmor
334 230 428 253 eorum
437 223 464 250 in
482 229 561 250 aures
578 221 687 250 Domini
703 221 819 250 Sabaoth
837 223 964 250 introivit.
989 222 1119 257 Capillos,
1138 222 1206 249 Dan.
1219 229 1257 249 vtl
1272 229 1281 250 :
1308 219 1348 257 Et
1370 220 1580 257 :apilli_capilis
1607 221 1666 257 ejus
1680 219 1758 254 quasi
1771 220 1836 248 lana

211 257 283 285 alba.
299 257 418 288 Faciem.
434 258 505 285 Psal.
534 265 610 285 “xu
623 266 631 284 :
647 257 742 285 Facies
755 257 862 285 Domini
876 265 956 291 super
971 255 1096 291 facientes
1111 255 1200 284 imula.
1214 257 1322 287 Manus.
1334 256 1385 284 Job
1399 264 1414 283 ς
1430 265 1437 282 :
1464 255 1561 283 Manus
1576 261 1629 283 tua:
1653 256 1771 289 fecerunt
1783 264 1835 283 me.

212 292 357 326 bcapulat,
381 293 454 320 l'sal.
470 301 503 320 xc
517 302 523 320 :
550 292 670 326 Scapulis
685 294 739 320 suis
764 293 928 320 obumbrabil
944 293 1000 319 tibi.
1025 293 1100 322 Μαι.
1120 292 1192 319 Psal.
1207 299 1251 319 χιι
1267 301 1273 318 :
1299 292 1355 319 Sub
1377 291 1469 318 umbra
1491 292 1597 318 alarum
1613 296 1718 326 tuaru_m
1727 296 1834 325 protege

210 324 404 360 ntchracliia,
430 329 501 355 Psal.
516 324 660 355 unvnl:
686 327 831 354 Brachium
851 336 935 355 meum
951 327 1111 361 confortabil
1141 336 1212 354 eum.
1246 326 1412 357 Posteriora,
1436 326 1522 353 Exod.
1550 334 1634 353 xum
1650 334 1657 353 :
1672 324 1837 361 APosterio’ra

210 369 268 396 mea
282 362 391 389 videbis.
414 362 508 395 Pedes,
532 362 601 390 Gen.
618 370 647 390 ιιι
663 370 670 389 :
689 362 724 389 Et
737 363 881 389 audierunt
905 370 991 389 uocem
1002 359 1316 389 'Dominideambulanlis
1330 362 1356 388 in
1371 361 1507 396 paradiso.
1528 361 1655 393 Coronos,
1669 359 1739 396 Ρεειι.
1752 367 1836 387 ulv:

210 395 352 432 Benedic"
364 405 469 424 corona:
489 398 553 424 anni
569 399 738 432 benignitatis
759 402 822 425 tua'.
856 396 948 431 Sed",
974 396 1181 432 Psaluuuvm
1199 406 1206 424 :
1225 396 1355 432 V'I'Itronns
1371 395 1441 432 tuus
1468 396 1537 424 Deus
1553 398 1580 423 in
1593 395 1720 423 uetulum
1730 396 1837 432 sti-cuii.

209 431 339 465 Calicem,
355 432 427 460 Psal.
441 440 522 461 uxtv
536 440 542 458 :
559 431 638 460 Calii
663 432 769 461 Domini
797 433 826 459 in
853 441 934 460 ntanu
961 432 1028 466 eius.

692 541 773 578 297
790 540 1030 573 ΡΑιιΑριιῐιΑειε

1041 431 1175 460 Craterem
1193 451 1201 465 ,
1224 431 1304 460 Prov.
1326 439 1352 459 ιι
1370 431 1502 459 ςΜίει-ιιὶι
1517 437 1654 463 craterem,
1666 431 1737 466 apud
1752 430 1835 460 LXX.

1042 540 1264 570 PACHYHERE
1283 539 1351 576 (δι).

245 596 407 626 Praesentem
426 599 524 627 librum
545 606 658 634 magnus
682 596 827 634 Dionysius
848 599 947 626 scribit
961 598 992 626 ad

1081 599 1118 627 Τὸ
1132 599 1218 635 παρὸν
1231 598 1331 634 βισλίον
1344 597 1359 625 ὁ
1368 598 1453 635 μέγας
1467 598 1606 635 συντίθησι
1619 598 1755 631 Διονύσιος
1769 599 1838 635 πρὸς

207 648 332 671 sanctum
362 643 552 676 Timotheum,
586 645 675 679 magni
705 643 781 672 Pauli
820 644 992 680 discipulum,

208 688 306 723 Ephesi
322 690 478 724 episcopum
499 690 533 718 ab
557 690 615 725 ipso
632 690 823 724 constitutum.
840 690 903 725 Qui,
920 690 994 725 quod

175 731 177 734 ’
208 740 264 762 ιιιιιι
284 735 310 762 in
329 735 402 763 lonia
427 735 650 770 philosophorum
675 735 794 763 hereses
815 735 993 770 pullularent,

208 780 353 815 multaque
368 781 518 809 dialectica:
531 781 720 815 argutationes
735 781 760 808 ei
775 781 809 808 ab
826 781 879 809 illis
894 780 994 816 objice-

208 831 317 860 rentur;
333 835 395 854 cum
411 829 494 862 probe
509 833 602 856 nosset
616 836 743 864 magnum
766 829 923 864 Dionysium
940 836 993 856 non

206 877 318 899 externa
349 873 439 900 lllilllls
465 880 546 908 quam
573 873 662 900 divina
699 881 833 909 sacraque
858 873 994 908 sapientia

206 918 360 952 praeditum,
373 922 401 944 ut
414 919 459 953 qui
478 919 567 954 magni
583 918 660 947 Pauli
678 919 826 954 discipulus
838 919 992 953 exstiterat,

206 967 232 990 et
248 962 348 990 divinis
375 962 492 997 Scriptis
515 963 628 990 multum
645 968 802 995 vacaverat,
818 964 884 998 petit
907 964 942 991 ab
961 972 993 991 eo

206 1009 343 1044 proposita
359 1009 467 1037 edoceri
481 1017 489 1043 ;
504 1010 575 1045 quod
591 1015 618 1037 et
642 1012 684 1038 tit.
697 1009 782 1038 Vocat
799 1011 891 1046 itaque
905 1011 992 1045 ipsum

206 1063 319 1091 magnus
343 1055 488 1091 Dionysius
511 1057 774 1093 compresbyterum,
793 1057 819 1084 id
842 1062 884 1085 est
899 1058 991 1092 coepi-

204 1108 327 1136 scopum,
352 1102 423 1129 sicut
446 1103 623 1137 semetipsum
647 1108 727 1130 vocat
749 1103 950 1139 presbyterum,
967 1103 992 1131 id

204 1150 247 1174 est
259 1147 426 1181 episcopum.
443 1147 488 1175 Sic
503 1149 576 1176 enim
592 1148 673 1176 etiam
694 1148 722 1178 in
737 1148 814 1176 Actis
835 1154 992 1177 sanctorum

205 1193 387 1226 apostolorum
404 1193 568 1226 declaratur,
579 1194 622 1221 ubi
636 1201 751 1230 magnus
762 1194 864 1222 tlhristi
882 1199 992 1230 aposto-

201 1238 247 1268 lus
275 1239 374 1267 Paulus
400 1239 471 1267 Asiae
504 1239 633 1268 Ecclesiis
666 1240 796 1268 nonnulla
826 1239 991 1275 praeseribit.

1043 645 1089 672 τὸν
1106 646 1135 672 ὲν
1147 645 1236 680 ἁγίοις
1250 645 1391 680 Τιμόθεον,
1403 644 1448 672 τὸν
1467 644 1513 671 τοῦ
1530 644 1648 680 μεγάλου
1667 644 1774 675 Παύλου
1786 653 1838 679 μα-

1044 691 1139 728 θητὴν,
1162 691 1274 727 Ἐφέσου
1286 691 1434 719 ἐπίσκοπον
1452 691 1517 727 παρ’
1532 691 1636 718 ἐκείνου
1655 691 1836 718 καταστάντα.

1046 738 1104 769 Ὃς,
1121 737 1214 773 ἐπειδὴ
1229 736 1289 764 τότε
1303 737 1331 764 αι
1343 736 1397 764 τῶν
1409 737 1438 763 ὲν
1452 736 1539 772 Ἰωνίᾳ
1555 736 1705 771 φιλοσόφων
1717 736 1838 772 αἱρέσεις

1043 783 1179 819 ἤκμαζον,
1196 784 1243 811 καὶ
1259 783 1359 816 πολλὰς
1380 781 1436 819 εἶχε
1454 783 1504 816 τὰς
1525 782 1693 816 διαλεκτικὰς
1705 781 1839 818 ἐπηρείας

1043 829 1108 865 παρ’
1125 828 1235 856 ἐκείνων
1246 829 1260 855 ό
1275 829 1362 863 ἅγιος,
1383 828 1524 863 γινώσκων
1536 828 1583 855 τὸν
1598 828 1684 864 μέγαν
1701 826 1838 854 Διονύσιον

1044 873 1126 909 σοφὸν
1137 874 1184 901 καὶ
1201 874 1252 910 τὴν
1272 873 1325 907 ἔξω
1345 873 1451 909 σοφίαν,
1469 874 1551 909 σοφὸν
1566 873 1613 900 καὶΙ
1633 873 1682 909 τὴν
1701 873 1775 900 θείαν
1791 872 1839 898 καὶ

1045 917 1130 954 ἱερὰν,
1141 917 1181 953 τῷ
1193 918 1302 955 μεγάλῳ
1313 918 1410 954 Παύλῳ
1423 918 1492 946 κατὰ
1505 917 1606 954 ταύτην
1620 917 1837 953 μαθητεύσαντα,

1043 963 1090 990 καὶ
1118 959 1203 990 πολλὰ
1225 963 1391 998 ὲσχολακότα
1415 962 1477 995 ταῖς
1500 963 1586 994 θείαις
1609 962 1741 998 Γραφαῖς,
1766 961 1839 995 ἀξιοῖ

1043 1008 1107 1045 παρ’
1129 1009 1211 1037 αὑτοῦ
1229 1008 1383 1045 διδαχθῆναι
1403 1009 1438 1038 τὰ
1462 1008 1685 1044 ὑποτεταγμέναο
1704 1008 1719 1035 δ
1741 1007 1773 1044 δὴ
1790 1008 1839 1035 καὶ

1043 1054 1156 1089 γίνεται.
1172 1055 1258 1082 Καλεί
1276 1054 1341 1089 γοῦν
1362 1054 1444 1083 αὐτὸν
1464 1054 1479 1080 ὸ
1500 1054 1585 1090 μέγας
1607 1053 1745 1086 Διονύσιος
1768 1062 1839 1090 συμ-

1043 1100 1246 1137 πρεσὸύτερον,
1270 1100 1351 1127 οἱονεὶ
1374 1099 1589 1132 συνεπίσκοπον,
1612 1100 1651 1132 ὠς
1672 1100 1719 1127 καὶ
1742 1100 1839 1128 ἑαυτὸν

1043 1147 1237 1184 πρεσϐύτερον,
1252 1147 1372 1183 δηλονότι
1393 1147 1551 1174 ἐπίσκοπον.
1573 1147 1651 1176 Οὕτω
1669 1147 1724 1184 γὰρ
1743 1147 1839 1182 δηλοῦ-

1043 1202 1087 1220 ται
1102 1195 1131 1221 ὲν
1145 1196 1205 1226 ταῖς
1224 1194 1343 1231 Πράξεσι
1362 1193 1417 1220 τῶν
1436 1194 1521 1228 ἁγίων
1539 1193 1704 1226 ἀποστόλων,
1725 1193 1789 1220 ἔνθα
1810 1194 1839 1220 ὲν

1050 1240 1128 1276 Ἀσίᾳ
1147 1241 1321 1269 συντάττεται
1340 1240 1578 1276 ταῖςἘκκλησίαις
1607 1240 1697 1267 αὐτῶν
1714 1241 1729 1268 ὁ
1752 1240 1840 1276 μέγας

197 1285 272 1326 Δ(Σιιιιι
287 1289 377 1315 autem
393 1285 437 1312 hic
452 1290 583 1317 tractatus
601 1287 638 1313 sit
655 1286 689 1314 de
705 1286 806 1313 divinis
825 1287 992 1319 nominibus,

1044 1285 1091 1312 τοῦ
1103 1285 1221 1322 Χριστοῦ
1235 1286 1382 1318 ἀπόστολος
1392 1286 1508 1318 Παῦλος.
1517 1286 1626 1322 Ἐπειδὴ
1637 1286 1666 1313 δὲ
1679 1286 1743 1322 περὶ
1759 1286 1840 1313 θείων

200 1330 355 1369 sciendum,
368 1330 515 1358 universim
527 1335 555 1358 et
569 1331 596 1358 in
613 1331 741 1358 omnlbus
754 1330 863 1358 nomina
880 1338 933 1358 non
953 1331 992 1359 si-

202 1376 335 1411 gniﬁcare
354 1377 532 1411 substantias,
543 1381 571 1404 et
586 1376 652 1412 quid
667 1377 771 1412 aliquid
790 1378 836 1410 sit,
856 1377 907 1405 hoc
920 1378 992 1412 enim

204 1427 248 1450 est
276 1422 462 1456 deﬁnitionis,
477 1423 533 1459 [sed
559 1431 659 1452 nomen
683 1424 847 1460 etymologia
870 1424 993 1459 quaedam

204 1475 247 1497 est
266 1477 300 1497 ex
315 1470 347 1497 iis
368 1477 427 1504 quae
446 1470 485 1497 rei
501 1470 648 1497 nominata:
670 1470 780 1503 adsunt,
794 1471 871 1499 verbi
892 1472 992 1507 gratia.

204 1515 357 1552 ἄνθρωπος,
371 1516 396 1544 id
413 1520 456 1544 est
481 1517 572 1548 homo,
591 1516 625 1544 ab
639 1515 696 1544 ἄνω
718 1516 820 1553 ἀθρεῖν,
835 1518 861 1545 id
884 1522 938 1555 est,
959 1519 994 1547 ab

204 1570 238 1590 eo
249 1563 320 1597 quod
330 1570 438 1591 sursum
451 1567 560 1591 tueatur
572 1563 615 1591 vel
627 1563 756 1598 aspiciat,
771 1571 869 1591 nomen
882 1565 992 1599 accipit.

205 1608 262 1636 [loc
276 1609 357 1643 igitur
369 1609 433 1644 quid
448 1610 483 1637 sit
494 1617 554 1637 esse
572 1610 657 1637 divini
675 1611 794 1638 numinis
813 1611 894 1639 etiam
914 1611 994 1647 ipsis-

205 1657 260 1680 met
275 1653 379 1688 angelis
396 1659 438 1681 est
456 1654 644 1683 inscrutabile.
659 1654 735 1689 Quod
762 1661 853 1684 autem
874 1663 909 1684 ex
930 1657 994 1692 qui-

204 1698 317 1726 busdam
341 1699 446 1727 allectis
463 1701 520 1729 suis
534 1700 617 1737 (Deus
642 1710 669 1729 v.
694 1709 720 1736 ε.
741 1702 841 1736 bonus,
861 1696 993 1737 Salvator,

204 1754 287 1781 quam
303 1747 467 1783 theologiam
485 1749 664 1776 ailirmanlem
682 1749 793 1785 vocant)
811 1749 849 1777 ιιιί
875 1755 902 1778 et
919 1750 992 1781 illam

205 1799 264 1826 qua:
275 1800 307 1819 ex
316 1794 396 1820 rebus
415 1795 518 1822 nostris
532 1795 658 1827 sumitur,
671 1800 815 1830 negantem
830 1796 992 1832 theologiam

205 1838 308 1871 dicunt,
326 1840 366 1874 (ut
380 1839 450 1874 quod
462 1840 498 1868 sit
511 1840 763 1875 incomprehensus,
775 1849 875 1876 expers
886 1841 992 1875 [οι-ιιιιίι.

205 1884 377 1919 immortalis)
386 1885 457 1919 quod
469 1892 502 1913 ex
512 1887 597 1920 hisce,
607 1886 727 1922 inquam,
735 1887 938 1923 denomineturl
947 1896 994 1916 ne-

204 1938 340 1966 quaquam
353 1931 387 1959 ab
402 1931 488 1967 ipsius
498 1933 679 1961 sanctimonia
689 1934 836 1967 abhorret;
852 1942 905 1962 non
919 1937 992 1962 enim
1007 1949 1028 1978 ο

205 1984 331 2006 naturam
356 1979 416 2014 ejus
441 1980 666 2016 multiplicamus,
692 1980 763 2016 quod
788 1980 846 2008 ﬁeri
871 1989 923 2008 non
944 1989 992 2017 po-

205 2028 267 2057 test,
283 2025 330 2052 sed
347 2026 576 2060 quemadmodum
590 2033 623 2053 ex
633 2027 721 2054 sacris
736 2026 898 2061 quibusdam
913 2027 992 2061 quasi

204 2071 364 2106 compositis
380 2071 427 2098 Dei
443 2071 672 2106 descriptionibus
691 2071 724 2099 ad
740 2072 920 2107 simplicitatis
934 2071 993 2106 ejus

204 2116 350 2151 aliqualem
372 2117 557 2153 cognitionem
581 2124 783 2152 promovemur,
802 2118 841 2145 sic
856 2118 936 2148 etiam
958 2125 993 2144 ex

205 2162 357 2190 istiusmodi
371 2163 527 2190 nominibus
542 2166 570 2191 et
585 2163 744 2191 earumdem
757 2164 945 2199 usurpatione,
959 2163 994 2190 ad

205 2207 231 2235 id
247 2208 318 2242 quod
332 2208 531 2237 innominabile
553 2214 596 2237 est
616 2210 789 2237 adducimur.
802 2208 870 2238 Hinc
886 2210 909 2237 si
932 2209 993 2246 quis

205 2253 308 2289 aliquid
326 2254 361 2282 de
381 2254 437 2282 Deo
459 2255 570 2289 dixerit,
592 2260 636 2283 est
657 2263 738 2290 supra
766 2255 794 2282 ld
819 2255 890 2293 quod
912 2256 991 2289 dicit;

204 2301 279 2328 omni
295 2302 368 2330 enim
378 2301 536 2330 nominabili
550 2301 662 2330 nomine
671 2305 713 2329 est
725 2301 900 2329 eminentius.
913 2301 995 2329 Idcir-

204 2354 237 2374 co
248 2347 274 2373 in
285 2347 328 2374 his
338 2347 492 2382 excogitata
503 2352 544 2375 est
553 2355 568 2374 ει
585 2347 717 2383 theologis
730 2347 858 2382 loquendi
873 2347 987 2375 formula

204 2400 254 2427 per
267 2393 485 2428 praepositionem
499 2393 571 2430 ὺπέρ
581 2399 610 2422 et
622 2393 689 2422 αὐτό
703 2400 712 2420 :
728 2398 811 2428 atque
831 2394 868 2420 ita
893 2394 994 2421 dicitur

205 2438 276 2466 Deus
291 2445 373 2474 supra
393 2446 475 2474 quam
495 2439 594 2473 bonus,
606 2444 633 2467 et
647 2446 695 2474 per
709 2446 740 2467 se
753 2439 851 2472 bonus,
865 2443 891 2466 et
912 2447 993 2474 supra

203 2488 288 2516 quam
308 2483 441 2516 inﬁnitus,
455 2488 483 2511 et
507 2491 562 2519 per.
579 2491 609 2512 se
635 2483 768 2512 inﬁnitus.
791 2483 858 2511 lllud
883 2484 993 2519 quidem

204 2528 315 2561 dicitur,
334 2529 462 2563 quoniam
479 2536 561 2564 supra
580 2535 612 2556 ea
630 2536 690 2564 quiﬁ
707 2529 838 2557 dicuntur
853 2529 995 2564 incompa-

205 2574 328 2602 rabiliter
341 2575 459 2609 eminet;
475 2575 527 2603 hoc
542 2583 618 2608 vero,
634 2576 698 2611 quia
720 2575 830 2611 proprio
848 2580 876 2603 et
890 2576 993 2610 prima-

206 2618 265 2652 rio.
288 2625 318 2649 et
341 2628 394 2649 non
420 2621 567 2649 secundum
588 2621 824 2657 participationem
848 2620 932 2658 298
950 2621 992 2648 vel

1044 1332 1184 1368 ὀνομάτων
1204 1333 1220 1368 ἡ
1243 1332 1419 1369 πραγματεία
1439 1333 1529 1366 ἐστὶν,
1549 1333 1635 1360 ἰστέον
1647 1354 1655 1367 ,
1671 1333 1713 1360 ὅτι
1730 1333 1840 1360 καθολι-

1044 1379 1098 1411 κῶς
1112 1379 1159 1406 καὶ
1172 1380 1218 1413 ἐπὶ,
1235 1380 1303 1406 πᾶσι
1315 1379 1348 1406 τὰ
1362 1379 1481 1415 ὀνόματα
1493 1380 1524 1414 οὐ
1540 1379 1719 1416 σημαίνουσιν
1734 1380 1841 1418 οὐσίας,

1044 1425 1092 1452 καὶ
1112 1425 1143 1452 τὸ
1160 1425 1188 1452 τί
1208 1423 1242 1461 ἦν
1265 1423 1344 1456 εἶναι,
1356 1425 1436 1452 τοῦτο
1453 1425 1507 1462 γὰρ
1524 1425 1572 1452 τοῦ
1592 1425 1707 1462 ὁρισμοῦ
1723 1426 1795 1453 ἐστι·
1808 1427 1841 1453 τὸ

1044 1469 1073 1496 δὲ
1087 1469 1172 1505 ὄνομα
1187 1469 1348 1506 ἐτυμολογία
1367 1469 1410 1502 τίς
1428 1470 1502 1497 ἐστιν
1517 1471 1550 1497 ἐκ
1567 1469 1622 1497 τῶν
1634 1470 1789 1506 προσόντων
1800 1471 1841 1507 τῷ

1044 1515 1238 1552 ὀνομαζομένῳ
1256 1516 1414 1552 πράγματι·
1430 1513 1488 1543 οἷον
1505 1515 1658 1552 ἄνθρωπος,
1672 1517 1704 1546 ὲκ
1722 1516 1769 1543 τοῦ
1778 1515 1841 1542 ἀνω

1040 1562 1151 1597 ἀθρεῖν,
1172 1562 1232 1599 ἦτοι
1254 1562 1376 1599 θεωρεῖν,
1406 1561 1580 1600 ὀνομάζεται.
1603 1563 1640 1590 Τὸ
1660 1562 1735 1598 γοῦν,
1759 1563 1786 1590 τί
1805 1561 1841 1599 ἦν

1044 1607 1114 1636 εἶναι
1127 1608 1176 1636 τοῦ
1190 1608 1280 1642 Θείου,
1295 1609 1342 1636 καὶ
1358 1610 1449 1641 αὐτοῖς
1466 1611 1523 1642 τοῖς
1545 1610 1672 1645 ἀγγέλοις
1690 1610 1841 1646 ἀνεξιχνία-

1046 1664 1118 1683 στον.
1133 1655 1171 1683 Τὸ
1185 1655 1224 1689 δὲ,
1240 1655 1272 1683 ἐκ
1290 1664 1372 1683 τινων
1386 1655 1530 1692 ἐνεργειῶν
1549 1655 1630 1683 αὑτοῦ
1651 1655 1698 1693 (ὡς
1714 1656 1755 1689 τὸ,
1773 1656 1841 1689 Θεὸς

1045 1702 1155 1737 ἀγαθὸς,
1166 1701 1267 1738 σωτὴρ,
1279 1701 1311 1737 ἣν
1332 1701 1364 1737 δὴ
1384 1701 1432 1729 καὶ
1445 1701 1632 1738 καταφατικὴν
1647 1701 1784 1737 θεολογίαν
1797 1702 1842 1729 λὲ-

1045 1748 1134 1784 γουσι)
1151 1748 1198 1775 καὶ
1218 1747 1299 1775 πάλιν
1318 1748 1351 1774 ὲκ
1365 1746 1420 1774 τῶν
1440 1747 1500 1774 καθ’
1518 1747 1592 1783 ἡμᾶς
1607 1747 1678 1774 κατὰ
1691 1747 1841 1782 ἀπόφασιν,

1043 1794 1078 1830 ῆν
1091 1794 1123 1830 δὴ
1136 1794 1183 1821 καὶ
1195 1792 1373 1829 ἀφαιρετικὴν
1384 1792 1522 1828 θεολογίαν
1534 1793 1616 1828 φασὶν
1627 1793 1675 1829 (ὡς
1685 1793 1724 1826 τὸ,
1738 1793 1841 1821 ἀκατά-

1044 1840 1155 1876 ληπτος,
1173 1839 1301 1871 ἀνείδεος,
1321 1838 1472 1874 ἀθάνατος),
1489 1839 1520 1865 τὺ
1533 1838 1598 1873 γοῦν
1610 1840 1643 1866 ἐκ
1658 1838 1759 1866 τούτων
1781 1839 1841 1866 dvo—

1047 1884 1189 1922 μάζεσθαι,
1204 1884 1253 1911 οὑκ
1263 1884 1336 1910 ἔστιν
1347 1883 1448 1919 ἀπᾷδον
1461 1884 1494 1919 τῇ
1519 1884 1580 1920 ἱερᾷ
1594 1883 1730 1920 ἁγιστείᾳ·
1739 1884 1770 1910 οὒ
1786 1883 1841 1919 γὰρ

1045 1931 1095 1967 τὴν
1115 1929 1194 1965 φύσιν
1205 1928 1286 1956 αὺτοῦ
1303 1928 1593 1965 πολυπραγμονοῦμεν,
1615 1928 1695 1955 τοῦτο
1707 1929 1763 1965 γὰρ
1776 1929 1840 1956 ἀδύ-

1045 1984 1123 2003 νατον
1133 1984 1140 1991 ·
1157 1975 1214 2002 ἀλλ’
1231 1974 1325 2010 ὥσπερ
1339 1975 1371 2001 ὲκ
1385 1974 1439 2001 τῶν
1456 1973 1635 2010 ίερογραφιῶν
1645 1974 1692 2001 τοῦ
1710 1974 1788 2008 Θεοῦ,
1802 1975 1841 2007 ὼς

1044 2023 1077 2049 ὲκ
1106 2021 1242 2048 συνθέτων
1267 2020 1360 2053 τινῶν,
1386 2020 1433 2048 ἐπὶ
1456 2021 1487 2047 τὸ
1514 2020 1616 2047 ἁπλοῦν
1642 2021 1691 2057 τῆς
1715 2021 1841 2048 ὁπωσοῦν

1044 2067 1171 2103 γνώσεως
1185 2066 1351 2102 ἁναγόμεθα,
1366 2065 1438 2093 οὕτω
1452 2065 1499 2094 καὶ
1513 2066 1546 2093 ὲκ
1557 2065 1612 2093 τῶν
1632 2066 1761 2093 τοιούτων
1779 2066 1840 2093 ὀνο-

1046 2113 1162 2149 μασιῶν,
1177 2112 1225 2141 καὶ
1237 2112 1284 2139 τοῦ
1297 2112 1344 2139 επὶ
1353 2111 1459 2143 τούτοις
1476 2111 1649 2147 συνεθισμοῦ,
1662 2112 1709 2138 ἐπὶ
1721 2111 1752 2138 τὸ
1767 2111 1840 2138 ἀνω-

1045 2159 1177 2195 νόμαστον
1199 2157 1363 2194 ἀναγόμεθα.
1389 2157 1465 2189 Τέως
1486 2157 1515 2184 δὲ
1536 2156 1587 2184 εἴτι
1601 2157 1634 2184 ἄν
1649 2165 1692 2189 τις
1706 2156 1778 2183 είποι
1793 2159 1840 2185 ἐπὶ

1045 2208 1123 2240 Θεοῦ,
1148 2208 1219 2243 ὑπὲρ
1239 2207 1320 2234 τοῦτό
1340 2208 1413 2234 ἑστι-
1435 2207 1536 2239 παντὸς
1562 2207 1617 2244 γὰρ
1638 2206 1839 2243 ὀνομαζομένου

1043 2253 1173 2289 ὀνόματος
1198 2252 1325 2280 ὲπέκεινά
1348 2253 1416 2279 ἐστι.
1441 2251 1491 2278 Διὰ
1518 2251 1596 2278 τοῦτο
1619 2251 1752 2288 ἐπενοήθη
1782 2253 1839 2283 τοῖς

1044 2299 1178 2335 θεολόγοις
1187 2300 1234 2326 ἐπὶ
1242 2299 1355 2331 τούτοις,
1363 2300 1381 2336 ἡ
1392 2298 1468 2333 ὑπὲρ
1477 2298 1631 2335 προσθήκη,
1647 2299 1694 2325 καὶ
1708 2298 1739 2324 τὸ
1752 2298 1837 2325 αὐτώ

1045 2346 1092 2374 καὶ
1104 2345 1211 2380 λέγεται
1225 2346 1240 2372 ὁ
1252 2345 1318 2377 Θεὸς
1332 2344 1514 2381 ὑπεράγαθος,
1528 2345 1575 2372 καὶ
1594 2344 1772 2380 αὐτοάγαθος,
1791 2345 1836 2371 καὶ

1045 2392 1238 2428 ὑπεράπειρος,
1259 2391 1305 2418 καὶ
1332 2390 1522 2426 αὺτοάπειρος.
1550 2391 1586 2417 Τὸ
1615 2391 1675 2426 μὲν,
1697 2391 1739 2418 ὅτι
1766 2390 1838 2426 ὑπὲρ

1042 2438 1130 2465 ταῦτα
1151 2438 1198 2464 καὶ
1218 2437 1391 2473 ἀσυγκρίτως
1410 2431 1487 2464 ἐστί’
1503 2437 1534 2464 τὸ
1547 2436 1586 2468 δὲ,
1608 2437 1649 2464 ὅτι
1667 2437 1770 2472 κυρίως
1790 2436 1835 2464 καὶ

1043 2482 1169 2520 πρώτως,
1185 2484 1233 2510 κει)⁵
1252 2483 1284 2510 οὐ
1303 2482 1374 2510 κατά
1386 2491 1446 2510 τινα
1462 2483 1577 2519 μετοχὴν
1592 2483 1609 2519 ἢ
1626 2483 1717 2523 σχέσιν
1736 2483 1753 2523 ἢ
1773 2482 1838 2516 σύγ-

1043 2538 1134 2566 κρισιν
1144 2538 1150 2544 ·
1165 2529 1196 2556 τὸ
1216 2529 1270 2566 γὰρ
1285 2529 1369 2564 ὄνομα
1383 2529 1400 2566 ἢ
1415 2529 1495 2566 σῶμα
1513 2529 1530 2565 ἦ
1552 2530 1669 2565 πρᾶγμα
1691 2528 1836 2565 σι’)μαίνέῐ⁸

1044 2574 1115 2613 ὑπὲρ
1125 2574 1212 2602 ταῦτα
1223 2574 1252 2601 δὲ
1266 2575 1457 2610 ἀκατανοήτως
1472 2575 1519 2601 καὶ
1532 2573 1707 2610 ὲξῃρημένως
1719 2572 1749 2599 τὸ
1760 2572 1838 2599 Θεῖόν

1043 2622 1113 2648 ἐστι.

204 2666 390 2694 habitudinem
411 2667 453 2695 vel
478 2667 708 2702 comparationem
732 2671 790 2699 est;
808 2673 870 2694 nam
889 2674 988 2695 nomen
1015 2667 1057 2696 vel
1072 2674 1170 2703 corpus
1188 2666 1229 2695 vel
1255 2674 1313 2695 rem
1335 2667 1482 2703 signiﬁcat,
1509 2675 1592 2704 supra
1605 2667 1663 2696 haec
1683 2672 1774 2696 autem
1793 2667 1835 2695 di-

204 2713 296 2740 vinum
326 2721 426 2741 numen
448 2714 758 2750 incomprehensibililer
779 2720 806 2742 et
831 2715 983 2743 eminentcr
995 2715 1111 2744 exsistit.

242 2759 257 2796 ς
276 2759 297 2786 Ι.
310 2759 388 2787 Nunc
409 2764 510 2793 autem,
524 2769 541 2788 ο
561 2760 649 2795 beate,
668 2762 815 2789 secundum
837 2762 952 2797 gratiam
967 2766 992 2789 et

1083 2761 1132 2798 §l.
1149 2761 1205 2789 Νῦν
1223 2762 1262 2794 δὲ,
1285 2760 1307 2789 ὦ
1332 2762 1460 2799 μακάριε,
1483 2763 1553 2790 κατὰ
1568 2763 1647 2800 χάριν
1660 2768 1706 2792 και
1721 2763 1837 2800 μετοχὴν

205 2806 439 2842 participationem
461 2806 536 2842 ejus,
558 2807 606 2843 qui
630 2807 745 2840 beatus.
769 2813 797 2835 et
819 2815 992 2843 nequaquam

1045 2807 1093 2834 τοῦ
1112 2807 1187 2840 ὄντος
1204 2808 1349 2844 μακαρίου,
1364 2808 1411 2835 καὶ
1433 2809 1472 2844 μὴ
1495 2811 1559 2846 κηρὶ
1580 2811 1627 2838 καὶ
1643 2810 1749 2845 θανάτῳ
1768 2810 1836 2838 ὑπο-

244 2878 303 2915 (ὅί)
318 2879 385 2908 Vide
406 2880 515 2910 Scholia
537 2880 566 2910 S.
586 2881 710 2916 Μειὶιιι..
728 2886 793 2910 ιοιη.
811 2881 842 2916 ll,
859 2889 918 2918 cap.
933 2890 941 2909 ι
958 2881 992 2909 De

1044 2882 1104 2909 vim:
1119 2881 1276 2909 nominibus.
