1929 3068
72 169 128 196 66‘)

359 169 403 196 DE
420 169 547 198 DlVlNIS
562 169 761 203 NOMINIBUS,
779 170 857 199 CAP.
875 171 896 198 Ι.
916 186 950 192 —
965 171 1139 201 PARAPHR.
1157 172 1396 203 PACHYMERAE.

1658 175 1716 205 ϐίον

73 230 204 264 κειμένου
219 228 298 260 Θεοῦ,
311 227 436 264 Τιμόθεε,
452 228 520 264 μετὰ
535 228 584 260 τὰς
599 228 756 263 θεολογικὰς
771 229 862 256 ὑποτυ-

922 229 980 258 l'ato
1005 231 1120 258 mortive
1141 230 1280 265 subjectus
1303 237 1363 266 est,
1387 233 1445 266 Dei,
1469 233 1621 267 Timothee,
1650 238 1717 270 post

73 274 180 306 πώσεις
201 275 248 301 καὶ
259 273 262 276 ’
273 277 492 310 προεισαγωγάς.
510 274 605 311 Ἑτέρα
626 275 680 312 γὰρ
695 275 749 311 πρὸ
766 276 868 311 ταύτης

73 319 251 356 πραγματεία
265 319 303 356 τῷ
312 319 381 355 ἁγίῳ
390 320 550 357 πεπάνηται,
561 321 731 357 στοιχειώδης
740 322 795 348 τῶν
805 322 868 358 περὶ
879 331 880 334 ‘

72 365 144 392 Θεοῦ
159 367 187 392 ὲν
200 367 260 398 ταῖς
275 365 396 402 Γραφαῖς
411 366 572 402 εἰρημένων,
588 363 621 402 ἦς
634 375 707 399 τινος
721 367 790 394 κατὰ
803 368 868 394 ἀκο-

71 410 214 446 λουθίανὴ
234 411 359 447 παροῦσα
372 411 595 448 ὲπραγμιιτεύθη.
617 412 694 439 Κατὰ
709 411 775 446 γοῦν
795 412 867 439 ὲκεί-

73 466 136 491 νην,
150 457 197 483 ἐπὶ
210 457 260 493 τὴν
280 457 334 484 τῶν
348 457 428 484 θείων
448 458 585 493 ὀνομάτων
607 458 769 494 διασάερησιν
790 466 867 493 μετε-

71 503 215 540 λεὺσομαι.
228 502 474 538 Ἀνάπτυεινγοῦν
493 503 552 531 εῐπε
575 503 624 540 τὴν
633 504 868 540 διασάφησιν,ὠς

73 549 192 585 ἑχόντων
206 550 260 577 τῶν
276 549 404 577 τοιούτων
420 550 499 578 θείων
519 550 659 587 ὀνομάτων
672 550 719 577 τοῦ
736 551 867 587 φαινομέ-

73 603 121 621 νου
139 594 295 630 βαθύτερον.
312 596 402 622 Ἔστω
419 595 448 622 δὲ
460 596 506 622 καὶ
520 595 636 622 ἐνταῦθα
648 595 868 632 προδιωμολογη-

75 640 167 676 μένον,
190 641 229 668 ὅτι
252 642 302 677 τὴν
319 642 374 669 τῶν
393 642 457 678 περ).
478 642 545 669 Θεοῦ
566 642 718 678 λεγομένων
739 643 867 678 ἀλήθειαν

73 687 106 714 οὗ
133 687 311 722 καταδοῦμεν,
332 688 377 714 καὶ
399 687 621 724 καταδεσμοῦμεν
644 690 672 715 ὲν
694 688 866 725 ἀνθρωπίνης

74 734 173 768 σοφίας
188 733 276 760 πειθοῖ
290 734 335 760 καὶ
346 734 432 769 λόγῳ·
450 734 542 766 ἄνετος
555 734 609 770 γὰρ
629 735 676 762 καὶ
695 735 766 771 ὑπὲρ
777 736 867 763 πάντα

73 778 109 805 τὰ
123 779 188 805 ὄντα
201 779 285 809 ἐστὶν,
303 778 373 805 ὥστε
394 778 430 814 μὴ
445 780 477 806 ἐκ
491 779 592 806 τούτων
611 780 676 806 ποτὲ
692 780 866 816 συλλογισθῆ-

74 833 119 851 ναι
135 832 142 839 ·
157 825 173 859 ἡ
188 824 242 860 γὰρ
254 824 409 860 ἀνθρωπίνη
425 825 505 859 σοφία
529 826 561 852 ὲκ
586 825 639 852 τῶν
662 825 798 861 αἰσθητῶν
816 826 866 858 τὰς

74 871 226 903 ἀποδείξεις
238 871 400 907 ἐρανίζεται.
416 871 501 907 Εἴπερ
515 871 543 898 δὲ
556 871 602 898 καὶ
615 872 698 907 αὐτὴν
713 872 799 904 εἴποις
816 872 865 909 τὴν

73 916 176 951 ᾶμεσον
198 915 338 951 πρότασιν,
354 916 416 951 ἥτις
436 916 510 943 ἐστὶν
531 915 701 949 αὑτόπιστος,
728 917 775 944 καὶ
794 916 863 952 αῦτη

73 961 107 988 ὲκ
123 961 178 988 τῶν
202 961 321 996 μερικῶν
345 958 497 997 αἰσθήσεων
515 962 553 998 τῷ
572 962 610 998 νῷ
632 962 792 997 συνάγεται·
818 963 863 990 ἐπὶ

72 1006 102 1033 δὲ
113 1006 169 1033 τῶν
185 1007 255 1042 ὑπὲρ
269 1007 358 1034 πᾶσαν
371 1007 463 1034 οὐσίαν
479 1007 537 1039 πῶς
558 1008 591 1035 ἄν
610 1016 652 1040 τις
670 1007 784 1042 λογικῶς
804 1009 864 1034 ἑπι-

73 1053 210 1088 στήσειεν,
231 1054 255 1079 et
279 1052 316 1088 μὴ
335 1052 410 1088 μόλις
431 1053 470 1088 τῷ
489 1053 631 1089 ἀκροτάτῳ
653 1053 728 1080 ἄνθει
749 1053 797 1079 τοῦ
818 1053 864 1080 νοῦ

71 1098 118 1125 διὰ
145 1099 195 1134 τῆς
222 1098 383 1133 εἰλικρινοῦς
411 1098 549 1131 εὐσεϐείας
576 1099 715 1136 ἁλαλήτως
746 1101 864 1126 συννοεῖν

72 1144 195 1177 advenae;
212 1144 268 1180 Οὐχ
282 1144 353 1171 οὓτω
369 1145 433 1178 γοῦν
452 1146 498 1172 καὶ
514 1145 658 1181 εὖοδοῦμεν
673 1146 722 1182 τὴν
737 1146 864 1182 ἀλήθειαν

72 1192 102 1217 ιν
116 1187 204 1217 πειθοῖ
216 1191 388 1227 ἀνθρωπίνης
405 1187 510 1226 σοφίας,
529 1192 586 1218 ἀλλ’
607 1193 636 1219 ἐν
656 1192 791 1225 ἀποδείξει
813 1193 863 1228 τῆς

71 1236 128 1263 τῶν
144 1236 274 1272 θεολόγων
289 1237 439 1273 δυνάμεως,
455 1236 515 1264 καθ’
529 1238 561 1274 ἢν
573 1239 629 1269 τοῖς
639 1238 803 1273 ἀφθέγκτοις
817 1239 864 1266 καὶ

73 1282 221 1316 ἀγνώστοις
245 1277 433 1318 ωναπτόμεθα
454 1284 570 1319 νοερῶς·
594 1284 672 1311 τοῦτο
690 1285 744 1320 γάρ
758 1286 815 1312 ἐστι
834 1285 864 1312 τὸ

72 1329 244 1364 ἁφθέγκῒως
257 1331 303 1357 καὶ
313 1329 481 1365 ἀγνώστως.
490 1330 557 1357 Eiet.
567 1331 621 1367 γὰρ
630 1331 662 1357 ἂν
670 1330 813 1366 φθέγξαιτό
822 1340 864 1364 τις

72 1375 117 1403 διὰ
131 1371 312 1409 διδασκαλίαν,
326 1376 373 1403 καὶ
386 1375 451 1402 εἴτι
465 1375 598 1410 γνώσεται
611 1376 654 1404 διὰ
673 1376 799 1412 μάθησιν,
813 1378 866 1404 οὐκ

76 1423 134 1450 ἐστι
147 1422 312 1458 κατάλληλον
326 1422 385 1454 ταῖς
398 1422 462 1458 περὶ
483 1422 550 1448 Θεοῦ
568 1422 692 1454 ἐννοίαις,
709 1423 733 1449 εί
752 1422 788 1458 μή
805 1431 864 1455 πως

72 1469 274 1505 ἑνδυναμωθείη
288 1469 342 1496 ’ἰῶν
362 1469 462 1505 νοερῶν
479 1470 557 1505 ἡμῶν
572 1471 631 1501 ταίς
648 1471 865 1506 πνευματοκινή-

71 1524 128 1547 τοις
146 1515 306 1549 Θεολογίαις,
322 1515 368 1542 ἐπὶ
391 1515 430 1551 τῷ
451 1515 602 1551 διατεθῆναι
616 1517 655 1548 είς
669 1515 718 1552 τὴν
737 1515 864 1551 τοιαύτην

72 1560 222 1595 ἄφθεγκτον
239 1559 362 1595 σύναψιν,
383 1559 454 1587 κατὰ
468 1561 518 1596 τὴν
537 1560 680 1596 κρείττονα
703 1560 798 1587 ἕνωσιν
813 1561 863 1596 τῆς

918 277 1085 312 theologieas
1124 276 1334 305 informationes
1365 283 1393 306 et
1427 280 1709 315 praeiutroductiones.

917 323 993 350 Alius
1010 324 1082 350 enim
1096 328 1160 351 ante
1185 323 1256 351 hunc
1279 332 1294 351 a
1311 330 1407 352 sancto
1425 326 1476 353 hoc
1498 327 1654 354 elaborattts
1669 331 1711 355 est

919 372 1058 400 tractatus,
1070 369 1246 397 elementaris
1270 377 1364 398 eorum
1385 379 1445 405 qua:
1461 372 1496 399 de
1511 372 1567 400 Deo
1584 372 1610 400 in
1633 373 1710 401 Scri-

917 414 1006 448 pturis
1020 414 1090 441 dicta
1115 419 1189 447 sunt,
1205 418 1267 449 post
1290 423 1383 450 quem.
1407 418 1553 444 secundum
1575 418 1709 451 ordinem,

918 466 1037 494 praesens
1052 460 1096 487 bic
1109 459 1178 487 liber
1197 464 1240 487 est
1255 461 1432 495 compositus.
1448 461 1513 489 Post
1528 462 1603 490 illum
1620 464 1711 498 itarpie

917 505 951 531 ad
982 505 1136 532 divinorum
1164 506 1304 533 nominum
1338 506 1549 541 explicationem
1577 509 1709 537 transibo.

924 548 1098 582 Ἀνάπτυξιν,
1122 550 1148 577 id
1169 556 1212 578 est
1240 553 1455 588 explicationem,
1491 553 1576 588 igitur
1599 555 1711 583 vooavit

916 594 1092 630 διασάφησιν,
1106 596 1132 623 id
1148 601 1190 624 est
1203 599 1407 628 declarationem
1417 619 1424 630 .
1437 599 1510 634 quod
1531 600 1588 627 Ιιίτο
1617 601 1710 628 diVina

918 641 1027 667 notnina
1040 641 1105 675 Quid
1120 641 1279 676 profundius
1293 643 1453 670 contineant
1476 651 1558 679 quam
1587 645 1612 672 id
1635 646 1709 680 quod

917 689 1037 720 apparet.
1057 685 1097 713 Sit
1115 690 1204 713 autem
1218 687 1302 713 etiam
1320 687 1364 714 hic
1379 692 1441 714 ante
1463 688 1488 714 in
1505 688 1642 721 confesso,
1658 696 1711 716 nos

917 739 1010 760 eorum
1027 736 1086 766 (tua:
1100 733 1133 759 de
1149 733 1202 759 Deo
1219 733 1347 760 dicuntur
1363 733 1503 760 veritatem
1519 734 1632 761 minime
1651 738 1710 761 tra—

917 778 993 810 dere,
1007 783 1034 805 et
1059 779 1211 811 astringere
1233 779 1357 806 humana:
1380 780 1520 814 sapientiae
1538 780 1717 815 pel-suasioni:

917 830 999 860 atque
1013 825 1144 858 sermoni;
1161 825 1443 859 incomprehensibilis
1458 828 1531 854 enim
1549 832 1601 860 est,
1614 832 1641 854 et
1661 835 1710 854 su-

917 879 967 906 per
988 871 1078 898 omnia
1101 878 1161 905 qua:
1174 871 1322 904 exsistunt,
1338 872 1374 898 ita
1398 877 1427 900 ut
1451 880 1484 900 ex
1505 873 1547 900 bis
1572 880 1709 907 umquam

917 917 1007 952 colligi
1024 918 1127 952 possit:
1147 926 1208 944 nam
1224 918 1342 945 humana
1355 919 1488 954 sapientia
1503 927 1536 946 ex
1553 920 1632 946 rebus
1647 927 1710 946 sett-

915 963 1038 991 sibilibus
1052 964 1298 991 demonstrationes
1312 966 1475 992 emeudicat.
1491 965 1569 998 Quod
1584 965 1606 992 si
1623 965 1707 993 etiam

915 1011 1018 1038 dixeris
1034 1011 1119 1046 ipsam
1135 1011 1320 1038 immediatam
1335 1019 1395 1039 esse
1411 1012 1625 1046 propositionem
1649 1019 1710 1046 quae

915 1063 965 1091 per
989 1064 1019 1084 se
1042 1055 1185 1084 credibilis
1206 1057 1260 1090 sit,
1285 1060 1313 1084 et
1335 1059 1370 1084 e'x
1393 1057 1552 1091 partialibus
1583 1058 1710 1084 sensibus

915 1103 999 1129 menti
1016 1102 1176 1136 applicetur,
1191 1102 1327 1137 quomodo
1351 1102 1384 1130 de
1400 1103 1432 1129 iis
1446 1110 1507 1137 quae
1529 1110 1638 1130 omnem
1661 1110 1710 1129 su-

915 1149 1010 1183 perant
1038 1148 1186 1175 essentiam
1215 1147 1372 1175 ratiocinari
1395 1148 1454 1182 quis
1467 1149 1574 1183 poterit,
1591 1148 1641 1174 nisi
1657 1147 1711 1175 sal-

917 1197 970 1219 tem
988 1200 1095 1220 summo
1117 1193 1217 1220 mentis
1237 1192 1331 1227 vigore
1356 1201 1405 1227 per
1426 1201 1521 1228 puram
1548 1193 1709 1228 religionem

915 1238 996 1265 modo
1024 1238 1207 1272 inexplicabili
1235 1238 1279 1266 illa
1304 1239 1394 1266 valeat
1416 1239 1524 1273 assequi
1548 1238 1709 1273 cogitando?

915 1284 972 1312 Non
986 1284 1026 1311 sic
1042 1284 1134 1319 itaque
1148 1284 1290 1311 veritatem
1309 1285 1336 1311 in
1352 1285 1477 1312 humana:
1491 1284 1633 1318 sapientite
1646 1291 1710 1318 per-

915 1330 1096 1357 suasibilitate
1111 1330 1319 1364 iuvestigamus,
1339 1330 1386 1357 sed
1403 1331 1428 1357 in
1448 1330 1604 1357 ostensione
1619 1335 1711 1356 Virtu-

916 1377 951 1404 tis
972 1376 1168 1411 theologorum,
1184 1383 1237 1411 qua
1252 1376 1336 1404 rebus
1356 1376 1538 1404 inetiabilibus
1560 1381 1586 1403 et
1608 1376 1710 1412 ignotis

915 1422 1030 1458 spiritali
1046 1422 1125 1449 modo
1147 1423 1352 1458 conjungimur,
1367 1423 1418 1450 boe
1430 1423 1504 1451 enim
1523 1427 1565 1450 est
1583 1421 1713 1455 ineffabili

914 1473 942 1495 ει
961 1466 1060 1501 ignoto.
1079 1467 1146 1495 Nam
1164 1469 1186 1495 si
1204 1469 1267 1503 quis
1282 1469 1382 1503 aliquid
1397 1468 1518 1504 proferat
1533 1470 1665 1501 docendo,
1681 1474 1710 1496 et

915 1513 1043 1541 discendo
1057 1519 1214 1548 cognoscat,
1231 1522 1400 1549 nequaquam
1416 1515 1442 1542 id
1456 1523 1518 1542 cttm
1535 1515 1567 1542 iis
1590 1522 1650 1550 quae
1674 1515 1708 1542 de

916 1559 971 1587 Deo
989 1564 1053 1586 sunt
1075 1559 1234 1586 notionibus
1257 1560 1411 1592 conveniet,
1429 1560 1481 1588 nisi
1502 1560 1640 1594 spiritales
1660 1569 1709 1588 uo-

71 1604 132 1631 καθ’
155 1605 228 1641 ἡμᾶς
247 1605 358 1640 λογικῆς
385 1606 433 1632 καὶ
452 1606 548 1641 νοερᾶς
572 1606 723 1642 δυνάμεως,
747 1607 808 1634 καθ’
830 1608 862 1643 ἠν

915 1609 978 1632 atrae
995 1605 1142 1633 facultates
1154 1607 1318 1633 roborentur
1333 1606 1430 1633 divinis
1449 1607 1602 1634 rationibus
1614 1615 1628 1634 a
1645 1607 1708 1641 Spi-

72 1651 208 1686 δυνὰμεθα
224 1652 311 1678 είπεῖν
320 1660 347 1678 τι
362 1652 410 1678 καὶ
422 1651 526 1686 νοῆσαι,
541 1652 586 1678 καὶ
595 1653 744 1688 ἐνεργείας,
757 1652 817 1680 καθ’
828 1653 862 1688 ἢν

70 1697 184 1732 λέγομεν
199 1696 346 1733 ἢνοοῦμεν.
363 1696 447 1723 Τοῦτο
458 1696 486 1723 δέ
508 1698 576 1729 ἐστι,
592 1698 633 1724 ὅτι
652 1698 691 1734 τῷ
704 1698 789 1734 ὁμοίῳ
802 1698 861 1725 ἐστὶ

70 1744 164 1779 νοῆσαι
185 1742 215 1770 τὺ
234 1745 334 1780 ὅμοιον.
356 1744 396 1771 Τὰ
416 1744 481 1778 γοῦν
503 1744 562 1770 καθ’
585 1745 658 1780 ἡμᾶς
681 1744 725 1772 διὰ
748 1745 861 1780 λογικῆς

72 1790 182 1826 μεθόδου
206 1792 250 1818 καὶ
273 1791 427 1827 ἐπιστήμης
449 1790 629 1827 γινώσκομεν,
654 1791 789 1826 λέγοντες,
814 1792 861 1818 καὶ

69 1836 114 1865 διὰ
128 1838 223 1873 νοερᾶς
235 1836 375 1872 δυνάμεως
387 1832 434 1864 καὶ
450 1838 599 1874 ἐνεργείας,
617 1837 688 1864 κατὰ
710 1837 759 1873 τὴν
775 1841 861 1873 προσ-

70 1885 189 1919 ήκουσαν
213 1883 355 1918 ἀναλογίαν
371 1884 421 1919 τῆς
440 1883 662 1919 γιγνωσκομένης
680 1882 793 1919 νοοῦμεν
815 1884 862 1911 καὶ

70 1927 126 1956 οἷον
139 1929 244 1961 τούτοις
259 1928 447 1964 συναπτόμεθα
468 1929 514 1955 καὶ
535 1928 677 1964 ἐνούμεθα.
691 1929 734 1961 Ὠς
748 1929 802 1965 γὰρ
815 1929 861 1955 ἐπὶ

69 1975 120 2010 τῆς
132 1973 282 2010 αίσθήσεως
310 1974 376 2009 ἔχει,
396 1974 436 2001 ὅτι
460 1974 520 2001 τότε
542 1973 734 2010 αίσθανόμεθα,
756 1975 800 2001 ὅτε
823 1975 861 2010 τῷ

69 2020 191 2055 αἰσθητῷ
204 2020 309 2047 ἑνοῦται
358 2020 482 2055 αἴσθησις
492 2024 499 2035 ⁸
513 2019 586 2046 οὕτω
600 2020 647 2047 καὶ
667 2018 714 2047 ἐπὶ
734 2020 783 2056 τῆς
800 2021 862 2056 νοή-

71 2072 139 2097 σεως
154 2065 209 2100 ἔχει
219 2074 226 2080 ·
242 2066 289 2092 καὶ
301 2064 356 2101 γὰρ
364 2065 403 2100 τῷ
413 2065 500 2100 νοητῷ
512 2065 618 2091 ἑνοῦται
634 2064 648 2090 ὁ
659 2064 730 2096 νοῦς,
744 2065 788 2091 ὅτε
801 2064 862 2090 τοὺ-

70 2120 116 2138 του
134 2111 369 2146 ἀντιλαμεάνεται.
385 2112 439 2138 Καὶ
453 2111 538 2138 ταῦτα
557 2111 606 2146 μὲν
622 2111 668 2137 ἐπὶ
681 2111 735 2137 τῶν
755 2111 842 2138 ἄλλων
852 2119 859 2126 ·

69 2156 116 2184 ἐπὶ
141 2157 170 2184 δέ
191 2166 223 2192 γε
243 2157 289 2186 τοῦ
309 2157 390 2191 θείου,
402 2157 550 2193 ἐπειδήπερ
564 2157 614 2184 οὐκ
633 2157 731 2192 ἔχομέν
750 2166 776 2184 τι
793 2156 860 2184 Θεοῦ

69 2202 230 2238 οἰκειότερον
243 2202 322 2236 λόγου
345 2202 393 2229 καὶ
407 2202 464 2234 νοῦ,
482 2202 562 2229 πάλιν
583 2202 684 2229 τούτων
697 2202 730 2228 τὰ
745 2202 861 2238 κρείττω

69 2248 115 2274 καὶ
130 2245 184 2274 οἷον
205 2247 283 2283 ἄνθη,
305 2247 450 2274 καὶταῦτα
472 2247 663 2283 κεκαθαρμένα
682 2247 862 2283 παραλαμϐά-

68 2301 167 2324 νονται,
186 2293 224 2324 ὡς
239 2293 271 2320 ἂν
281 2287 295 2318 ό
307 2293 368 2325 νοῦς
381 2293 429 2328 μὲν
445 2293 534 2325 ποσῶς
547 2293 612 2329 γνῷ,
624 2295 638 2320 ὁ
652 2293 678 2319 δὲ
691 2293 768 2327 λόγος
782 2293 862 2327 ἑξαγ-

68 2339 146 2375 γείλῃ
158 2338 191 2365 τὰ
207 2339 277 2375 ὑπὲρ
289 2339 373 2374 ἡμᾶς.

918 1650 969 1676 rittt
987 1655 1080 1677 sancto
1102 1651 1193 1683 molis,
1205 1651 1302 1685 quibus
1315 1652 1347 1677 ad
1363 1651 1442 1678 talem
1460 1651 1623 1679 iueli'abilent
1640 1660 1709 1680 conc

910 1695 1076 1730 iunctionem
1097 1697 1288 1730 disponantur,
1310 1697 1460 1724 secundum
1489 1698 1707 1725 exuellentiort'm

913 1742 1056 1769 rationalis
1079 1748 1106 1770 et
1133 1743 1324 1770 intellectualis
1350 1749 1450 1771 nostrae
1476 1744 1606 1777 virtutis,
1630 1744 1707 1778 juxta

913 1794 992 1822 quam
1020 1787 1121 1822 aliquid
1149 1788 1225 1815 eliari
1242 1794 1269 1815 et
1286 1789 1431 1824 concipere
1454 1789 1604 1823 valeamus,
1627 1796 1708 1825 atque

913 1834 1081 1868 operationis
1090 1835 1229 1867 unionem,
1239 1835 1387 1862 secundum
1401 1843 1482 1870 quam
1492 1836 1609 1864 dicimus
1617 1836 1659 1864 vel
1671 1837 1710 1864 iu-

914 1879 1071 1915 telligimus.
1085 1880 1140 1907 lioc
1151 1885 1240 1907 autent
1258 1885 1309 1914 est,
1322 1882 1394 1916 quod
1408 1882 1506 1910 similis
1519 1883 1564 1914 sit,
1577 1889 1657 1910 nosse
1668 1884 1708 1910 si-

914 1925 987 1952 mile.
998 1924 1133 1952 Nostratia
1146 1926 1238 1960 itaque
1257 1926 1381 1953 rationali
1392 1927 1519 1954 tuetbodo
1525 1932 1608 1961 atque
1619 1927 1708 1954 scieti-

915 1971 952 1999 tia
970 1971 1118 2003 noscimus,
1134 1972 1265 2003 dicentes,
1288 1979 1336 1999 nos
1353 1971 1517 2006 intelligendi
1534 1973 1559 1999 vi
1571 1977 1596 2000 et
1608 1979 1705 2007 opera-

917 2017 1001 2049 tione,
1022 2018 1171 2044 secuudum
1189 2018 1397 2046 convenientem
1412 2019 1470 2053 ejus
1482 2018 1551 2053 quod
1566 2019 1708 2054 cognosci-

914 2068 958 2090 tur
971 2064 1175 2098 propnrtionem
1190 2063 1353 2098 intelligere,
1367 2068 1394 2091 et
1407 2065 1607 2098 quodatnmodo
1622 2065 1704 2092 rebus

913 2108 979 2143 ipsis
995 2108 1120 2143 conjungi
1136 2114 1163 2135 et
1177 2109 1258 2135 uuiri.
1276 2108 1359 2143 299
1375 2108 1608 2141 Quemadmodum
1631 2111 1704 2136 enim

913 2154 940 2180 in
957 2160 1036 2180 sensu
1055 2154 1193 2186 usuvenit,
1210 2158 1239 2180 ut
1252 2159 1315 2181 tunc
1327 2154 1487 2185 sentiamus,
1499 2155 1606 2188 quando
1620 2155 1708 2182 sensi-

913 2199 958 2226 bili
975 2206 1075 2225 sensus
1089 2199 1273 2234 coniungitur,
1287 2200 1326 2226 sic
1339 2201 1420 2226 etiam
1434 2200 1460 2226 in
1476 2200 1662 2229 intellectione
1676 2209 1706 2229 se

914 2253 958 2272 res
974 2245 1075 2278 habet;
1099 2253 1160 2271 nam
1185 2245 1267 2272 etiam
1284 2246 1444 2279 iutelligibili
1471 2246 1624 2274 intellectus
1645 2247 1705 2274 uni-

915 2296 971 2324 tur,
1001 2291 1108 2326 quando
1134 2291 1198 2318 illud
1226 2292 1413 2326 apprehendit.
1443 2292 1476 2319 Et
1508 2293 1565 2319 haec
1595 2293 1703 2327 quidem

875 2329 897 2357 Ι)
911 2338 1000 2372 quoad
1017 2337 1086 2364 alia:
1101 2337 1188 2371 quoad
1205 2337 1288 2364 Deum
1304 2345 1380 2372 vero,
1395 2346 1456 2366 cum
1471 2338 1537 2366 nihil
1555 2339 1705 2367 habeamus

69 2384 123 2413 Deo
136 2386 221 2419 magis
233 2385 311 2412 aliine
322 2392 402 2419 quam
414 2389 530 2412 mentem
545 2393 575 2411 ac
588 2385 733 2416 rationem,
746 2392 854 2410 rursum
868 2390 899 2410 ea
911 2391 970 2417 quae
980 2383 1075 2410 barum
1090 2382 1231 2416 potissima
1245 2388 1308 2410 sunt
1321 2388 1348 2411 et
1359 2384 1436 2418 quasi
1447 2384 1537 2416 ﬂores,
1552 2385 1608 2412 hanc
1620 2385 1703 2411 etiatn

69 2437 182 2467 purgata
197 2431 379 2465 accipiuntur,
390 2431 426 2457 ita
437 2435 502 2457 utet
514 2438 590 2457 meus
599 2431 706 2464 quidem
720 2429 920 2464 quodammodo
930 2431 1098 2463 cognoscat,
1109 2429 1178 2455 ratio
1188 2436 1252 2455 vero
1263 2429 1386 2456 enuntiet
1397 2436 1457 2463 qum
1470 2437 1550 2464 supra
1568 2437 1617 2456 nos
1629 2435 1702 2458 sunt.

103 2477 225 2505 Καθόλου
242 2475 386 2512 τοιγαροῦν
400 2477 430 2503 οὐ
447 2475 594 2512 τολμητέον
609 2475 669 2502 οὗτε
685 2477 782 2507 εἰπεῖν,
795 2474 858 2501 οὕτε

69 2524 121 2560 μὴν
138 2522 262 2558 ἐννοῆσαί
278 2531 304 2548 τι
318 2521 381 2558 περὶ
394 2522 442 2558 τῆς
457 2522 527 2558 ὑπὲρ
542 2522 630 2548 πᾶσαν
655 2521 748 2548 οὐσίαν
762 2521 858 2556 αἰσθη-

66 2570 116 2606 τήν
129 2578 159 2596 τε
174 2569 222 2595 καὶ
238 2567 333 2604 νοερὰν
353 2567 445 2603 οὔσης,
462 2569 508 2594 καὶ
524 2568 642 2604 κρυφίας
656 2569 688 2603 τῇ
702 2565 780 2602 φύσει
795 2566 860 2593 Θεό-

67 2624 157 2652 τητος,
175 2614 250 2651 παρὰ
263 2615 297 2642 τὰ
309 2614 477 2650 ἐνδειχθέντα
497 2616 563 2650 ἡμῖν
583 2616 615 2641 ὲκ
635 2615 690 2641 τῶν
708 2613 788 2649 ἱερῶν
809 2613 856 2640 καὶ

68 2662 146 2688 θείων
167 2661 274 2696 λογίων,
291 2659 309 2687 ἃ
324 2660 355 2696 δὴ
373 2661 418 2687 καὶ
439 2660 530 2693 ποσῶς
543 2661 557 2687 ό
570 2660 703 2696 ἡμέτερος
726 2659 787 2691 νοῦς
812 2659 860 2686 καὶ

67 2706 143 2742 λόγος
167 2707 351 2743 ὲνασμενίςει·
379 2707 428 2742 τὴν
451 2706 505 2742 γὰρ
525 2706 684 2742 ὐπερούσιον
702 2706 857 2741 ἐπιστήμην

66 2753 115 2790 τῆς
128 2753 264 2787 ἀγνωσίας
283 2753 333 2788 τῆς
347 2752 418 2787 ὑπὲρ
431 2752 518 2786 λόγον,
535 2753 582 2779 καὶ
602 2753 675 2783 νοῦν,
693 2753 740 2779 καὶ
762 2752 857 2778 οὐσίαν

67 2799 302 2835 ὁπερουσιόσητος,
325 2799 392 2834 αὐτῇ
416 2798 485 2835 μόνῃ
505 2798 745 2834 ἀναθετ,έον.,”ορα
765 2798 793 2824 δὲ
811 2798 857 2824 καὶ

66 2846 221 2881 ιπιστήμην
241 2844 388 2879 ἀγνωσίας,
404 2844 433 2870 οὐ
451 2845 530 2880 μόνον
553 2843 695 2879 γνώσεως·
715 2844 751 2879 μὴ
778 2844 857 2879 μόνον

67 2891 120 2928 γὰρ
134 2891 163 2917 re
178 2891 203 2916 τί
217 2892 274 2918 ἐστι
296 2890 361 2922 Θεὸς
380 2890 569 2925 ἐπιστημόνως
588 2889 637 2916 οὐκ
655 2888 751 2924 ἔχομεν
770 2888 858 2924 (τοῦτο

950 2474 1021 2502 Nihil
1039 2475 1121 2508 igitur
1136 2475 1250 2502 omnino
1263 2475 1479 2509 prtesumeudum
1501 2476 1591 2503 dicere
1605 2476 1645 2502 vel
1659 2483 1705 2503 co-

914 2521 1002 2556 gitare
1022 2521 1056 2548 de
1080 2529 1112 2548 ea
1138 2529 1198 2556 qua:
1218 2529 1301 2556 supra
1331 2529 1439 2549 omnem
1462 2522 1622 2553 essentiam.
1648 2527 1703 2550 tam

915 2567 1043 2594 sensilem
1065 2575 1148 2602 qualn
1172 2567 1383 2595 intellectualem
1397 2587 1404 2600 ,
1425 2568 1507 2595 etiam
1533 2574 1630 2596 natura
1655 2577 1703 2596 sua

914 2614 1007 2641 abdita
1026 2619 1080 2647 est,
1095 2614 1212 2645 Deitate,
1227 2620 1324 2647 prtetcr
1345 2614 1388 2640 illa
1405 2622 1464 2649 qua:
1482 2622 1514 2641 ex
1528 2615 1615 2642 sacris
1634 2614 1704 2641 divi-

914 2659 1010 2694 nisque
1022 2659 1140 2686 oraculis
1153 2664 1215 2686 sunt
1229 2659 1416 2692 manifestata,
1428 2659 1528 2693 quibus
1539 2661 1621 2686 etiam
1634 2667 1704 2695 quo-

909 2705 1054 2732 dammodo
1067 2712 1144 2731 meus
1157 2709 1250 2731 nostra
1274 2706 1396 2739 ratioque
1409 2705 1576 2737 delectatur;
1601 2713 1661 2732 nam
1675 2710 1703 2733 et

908 2758 1061 2778 sermonem
1071 2755 1098 2777 et
1113 2750 1279 2777 intellectqu
1292 2755 1319 2777 et
1330 2752 1478 2777 essentiam
1490 2751 1598 2778 excedit
1610 2759 1702 2784 supcr-

909 2796 1115 2824 essentialitatis
1129 2796 1187 2828 ejus
1202 2796 1346 2831 ignoratio,
1361 2797 1405 2824 cui
1418 2797 1467 2824 soli
1483 2797 1702 2832 superesseutiar

910 2843 943 2869 lis
974 2842 1089 2870 scientia
1122 2841 1265 2868 tribuenda
1292 2847 1345 2869 est.
1378 2842 1498 2870 Observa
1527 2849 1592 2869 vero
1619 2842 1702 2868 etiam

909 2887 1290 2922 scientiamignoratiottis,et
1313 2895 1365 2916 non
1389 2893 1494 2916 tantum
1512 2887 1699 2921 cognitionis:
