1929 3068
237 148 287 176 6H

823 147 853 177 S.
870 147 1022 177 DIONYSII
1039 148 1272 178 AREOPAGlTJE

1807 149 1857 180 ﬁli

226 211 282 232 non
294 203 383 232 solum
398 203 472 231 enim
491 210 546 231 non
563 203 686 239 capimus
705 203 777 232 scite
793 205 859 240 quid
881 204 952 233 Deus
980 206 1017 233 sit

1069 207 1123 243 γάρ
1145 207 1218 234 ἐστιν
1237 205 1389 242 ἀδύνατον),
1414 205 1482 233 ἀλλά
1508 206 1556 233 καὶ
1582 205 1614 232 τδ
1639 206 1666 233 τί
1693 205 1744 233 οὐκ
1771 205 1856 234 ἔστιν’

226 252 301 285 (nam
314 251 367 278 hoc
378 255 422 278 est
434 250 628 286 impossibile),
639 251 687 278 sed
710 251 793 278 etiam
806 251 872 285 quid
889 259 942 279 non
960 252 1014 285 sit;

225 296 327 324 scimus
341 301 430 324 tamen
442 295 525 324 Deum
538 304 590 324 non
602 303 663 324 esse
671 297 772 331 aliquid
782 304 872 324 rerutn
883 297 1018 324 exsisten-

227 342 304 369 tium.
316 342 458 376 Quomodo
473 347 564 370 autem
578 347 605 370 et
618 350 670 377 qua
683 343 717 370 de
727 349 810 370 causa
823 351 876 370 non
891 344 1017 370 novimus

226 389 254 416 id
287 389 360 424 quod
388 394 492 416 exacta:
519 389 641 417 scientia:
670 393 713 417 est
741 388 768 416 in
797 389 876 416 rebus
898 389 1017 417 nostris?

226 436 339 470 Quando
348 435 413 470 quid
424 440 465 463 est
478 435 546 463 scite
558 435 694 468 novimus,
710 440 774 463 tunc
786 435 869 462 etiam
883 435 947 469 quid
960 442 1016 462 non

227 487 270 510 est
289 482 357 510 scite
369 482 504 509 novimus.
518 482 545 509 Si
555 483 627 509 enim
641 489 751 509 causam
763 481 865 509 scimus
876 489 926 510 cur.
936 482 1017 509 homo

227 530 266 556 sit
289 529 452 561 rationalis,
471 528 543 563 quod
567 528 699 556 nimirum
721 528 824 556 ratione
848 528 941 562 utitur,
955 534 1020 554 cum

227 576 279 603 hoc
306 575 342 603 sit
355 575 473 602 medium
489 578 517 602 et
528 582 621 607 causa,
635 582 684 609 per
707 574 772 602 illud
794 574 882 608 ipsum
898 574 1017 601 medium

227 622 351 650 novimus
362 621 442 648 etiam
455 629 565 648 causam
579 628 628 648 cur
641 620 724 648 homo
738 627 790 648 non
811 620 849 647 sit
874 619 1019 647 irrationa-

227 668 271 697 lis,
287 667 420 701 Quoniam
433 674 498 695 vero
515 667 549 694 de
575 667 632 694 Deo
650 667 715 701 quid
736 667 773 693 sit
794 665 853 694 dari
877 666 951 693 notio
965 673 1020 693 non

226 718 326 749 potest,
339 713 399 748 ejus
420 714 504 741 etiam
516 713 582 748 quid
593 720 646 740 non
661 712 708 745 sit,
719 712 897 748 iguorationis
906 711 1019 740 scientia

226 759 442 796 supernaturalis
462 760 517 787 Deo
540 766 649 794 quoque
673 759 817 786 tribuenda
830 763 882 788 est.
900 758 1017 786 Tantum

225 813 292 841 ergo
313 806 348 833 ad
368 805 510 841 superiora
534 805 728 839 suspiciamus,
740 809 872 840 quantum
895 813 924 833 se
942 805 1021 833 nobis

227 852 410 879 insinuaverit
431 858 572 879 sacrorum
588 851 635 878 ille
654 851 747 879 radius
769 851 941 879 oraculorum
954 852 1019 887 (non

1065 253 1123 279 ἀλλ’
1137 252 1248 288 οἴδαμεν
1269 252 1311 279 ὅτι
1333 251 1360 278 τὶ
1379 251 1434 279 τῶν
1460 252 1545 279 ὖντων
1562 252 1613 278 οὐκ
1632 252 1690 278 ἐστι
1703 251 1778 284 Θεός,
1800 253 1858 286 Πῶς

1065 299 1105 330 δὲ,
1129 299 1176 325 καὶ
1198 298 1231 326 δι’
1252 298 1286 334 ἣν
1310 298 1399 325 αἰτίαν
1415 299 1465 325 οὐκ
1483 297 1611 334 οἴδαμεν,
1635 298 1703 333 ὅπερ
1717 298 1765 333 τῆς
1783 298 1859 334 ἀκρι-

1067 344 1130 377 ϐοῦς
1148 346 1221 372 ἐστιν
1247 345 1403 381 ἐπιστήμης
1423 345 1470 372 ἐπὶ
1496 344 1552 371 τῶν
1569 344 1630 371 καθ’
1645 345 1738 380 ήμᾶς;
1756 345 1818 371 Ὅτε
1831 345 1859 372 τὺ

1066 390 1093 418 τί
1106 393 1163 418 ἐστι
1191 390 1252 418 τόδε
1279 391 1389 427 οἴδαμεν
1414 391 1614 427 ἐπιστημόνως,
1636 390 1696 417 τότε
1719 391 1765 417 καὶ
1786 390 1817 417 τὸ
1835 391 1859 418 τί

1067 438 1117 465 οὐκ
1138 438 1211 465 ἔστιν
1235 438 1423 474 ἐπιστημόνως
1439 438 1556 473 οἴδαμεν.
1568 438 1600 464 El
1615 437 1669 472 γὰρ
1686 437 1794 473 οἴδαμεν
1814 437 1858 473 τὴν

1065 484 1156 512 αἰτίαν
1185 484 1232 511 τοῦ
1260 483 1385 511 εἶναιτὺν
1404 484 1547 520 ἄνθρωπον
1580 483 1700 517 λογικὸν,
1727 483 1767 510 ὅτι
1793 483 1859 518 λόγῳ

1068 531 1167 567 χρῆται
1180 530 1269 566 (τοῦτο
1283 530 1337 566 γάρ
1352 531 1411 557 ἐστι
1422 530 1454 557 τὺ
1469 529 1553 557 αἴτιον
1572 529 1662 556 καὶτὸ
1677 528 1780 564 μέσον),
1792 529 1859 555 οἴδα-

1070 585 1119 612 μεν
1131 576 1180 612 τὴν
1195 576 1295 609 αἰτίαν
1306 576 1354 604 καὶ
1374 575 1421 602 τοῦ
1440 576 1477 611 μὴ
1491 574 1559 602 εἶναι
1577 575 1622 601 τὸν
1644 574 1785 611 ἄνθρωπον
1803 575 1859 601 ἄλο-

1069 631 1117 658 γον
1131 622 1165 650 δι’
1179 622 1261 649 αὑτοῦ
1276 622 1370 649 τούτου
1393 621 1442 649 τοῦ
1465 622 1560 658 μάσω.
1585 621 1661 649 Ἐπεὶ
1675 621 1704 648 δὲ
1726 620 1773 648 τοῦ
1795 620 1858 647 Θεοῦ

1069 669 1118 696 καὶ
1135 670 1153 705 ἡ
1171 667 1273 703 γνῶσις
1292 668 1339 695 τοῦ
1357 668 1384 694 τί
1403 668 1477 695 ἐστιν
1501 667 1706 699 ἀναπόδεικτος,
1727 668 1775 694 καὶ
1787 668 1862 702 ﬁsi};

1069 714 1116 742 τοῦ
1129 715 1156 742 τί
1172 715 1223 741 οὐκ
1244 714 1317 741 ἐστιν
1339 713 1509 748 ἀναγνωσίας
1534 713 1674 749 ἐπιστήμη
1693 712 1858 748 ὐπερούσιος,

1070 761 1104 796 ἢν
1117 760 1149 796 δὴ
1168 760 1215 788 καὶ
1233 760 1377 787 ἀναθετέον
1390 759 1459 795 Θεῷ.
1479 759 1613 786 Τοσοῦτον
1636 759 1682 785 ἐπὶ
1703 758 1734 785 τὺ
1753 758 1860 790 ἄναντες

1072 806 1261 838 ἀνανεύοντας,
1277 806 1365 842 ὃσονὴ
1380 805 1435 833 τῶν
1453 805 1534 841 ἱερῶν
1553 805 1651 839 λογίων
1664 804 1743 836 ἀκτὶς
1759 803 1858 830 ἐνδίδω-

1072 860 1114 878 σιν
1127 851 1225 887 ὲαυτὴν
1240 852 1308 887 πρὸς
1319 852 1392 887 ἡμᾶς
1408 850 1479 887 (οὐδὲ
1491 850 1546 886 γάρ
1560 850 1621 877 ὅσον
1635 850 1686 881 ἔνι,
1702 849 1733 876 τὸ
1745 849 1818 876 Θεῐον
1831 849 1860 875 ὲκ

230 897 303 925 enim
317 902 448 932 quantum
463 902 565 932 potest,
580 897 627 925 sed
643 901 774 932 quantum
786 897 853 925 satis
868 902 920 928 est.
935 898 1018 926 Deum

1071 896 1126 924 τῶν
1157 895 1273 933 Γραφῶν
1297 895 1485 932 μανθάνομεν,
1512 895 1569 922 ἀλλ’
1592 895 1655 921 ὅσον
1683 894 1795 930 χωρεῖ),
1819 894 1861 920 καὶ

225 942 432 977 ex,Scripturis
455 943 597 977 discimus)
631 951 685 978 quo
706 943 936 971 eminentioribus
958 944 1018 973 istis

226 996 318 1016 rerum
335 989 489 1017 divinarum
511 989 702 1025 splendoribus
725 989 875 1018 sobrietate
900 991 1018 1025 quadam

226 1042 257 1062 ac
270 1035 424 1062 reverentia
448 1042 698 1070 contemperamur.
720 1035 826 1063 Etenim
845 1035 867 1063 si
890 1036 955 1070 quid
976 1043 1020 1063 sa-

224 1081 402 1116 pientissimae
416 1081 507 1117 magni
522 1081 599 1108 Pauli
621 1081 764 1116 theologia:
780 1081 946 1110 credendum
966 1087 1018 1115 est,

225 1127 295 1162 (ipse
306 1128 379 1154 enim
398 1132 441 1155 est
463 1127 509 1162 qui
530 1127 608 1159 dicit,
625 1127 774 1154 secundum
794 1135 949 1155 mensuram
964 1127 1020 1155 vir-

227 1174 292 1202 tutis
308 1172 439 1209 cujusque
461 1180 477 1200 a
495 1173 552 1200 Deo
571 1172 667 1200 donari
692 1172 903 1200 illustrationem
915 1174 950 1208 δ)
969 1174 1021 1201 hoc

225 1219 354 1253 dicimus,
373 1219 503 1254 quoniam
521 1226 570 1253 pro
592 1218 763 1253 singularum
783 1224 864 1253 captu
888 1219 1019 1246 mentium

226 1265 284 1293 sive
298 1266 533 1297 humauarutn,ut
545 1272 606 1299 qua:
617 1264 735 1298 primum
748 1263 956 1291 illustrationem
972 1272 1020 1291 ac-

226 1311 332 1347 cipiant
342 1312 400 1338 sive
412 1310 582 1345 angelorum,
595 1318 664 1345 quos
675 1315 782 1338 mentes
794 1310 932 1345 appellare
939 1310 1020 1344 solet,

226 1362 255 1384 ut
267 1356 314 1391 qui
324 1356 434 1384 omnino
445 1355 631 1383 essentialiter
644 1362 720 1382 meus
731 1355 877 1389 exsistant,
889 1360 916 1383 et
928 1355 1020 1383 omnia

227 1402 378 1438 intelligant
389 1402 471 1437 300
481 1402 556 1428 unite
567 1409 628 1436 qua;
648 1409 663 1429 a
683 1402 740 1429 Deo
758 1402 784 1428 in
802 1402 876 1436 ipsos
892 1402 1020 1429 continue

227 1447 397 1481 derivantur,
408 1455 457 1482 pro
469 1447 609 1482 cujusque,
627 1447 749 1482 inquam,
763 1452 845 1482 captu
863 1448 953 1475 divina
975 1455 1020 1474 re-

226 1493 369 1525 velantur;
385 1500 438 1520 non
453 1492 526 1527 quod
539 1493 612 1521 Deus
634 1493 668 1520 iis
688 1493 778 1520 lutnen
791 1493 877 1528 majus
891 1493 1018 1525 invideat,

228 1539 275 1566 sed
291 1538 357 1565 utin
371 1538 565 1565 distributione
590 1538 687 1565 divinae
702 1538 870 1574 cognitionis
888 1543 915 1566 et
937 1539 1020 1574 a-qui-

229 1589 311 1612 tatem
324 1589 424 1612 servet.
440 1584 584 1618 Proprium
602 1583 740 1618 siquidem
763 1583 878 1618 iustitia:
894 1589 946 1615 est,
958 1585 1017 1611 cui-

227 1638 280 1666 que
291 1638 340 1666 pro
351 1630 450 1657 merito
465 1636 620 1657 mensuram
635 1630 764 1657 tribuere.
779 1630 873 1665 Itaque
887 1630 1019 1659 immensa

228 1677 337 1712 quidem
355 1679 397 1703 est
417 1675 464 1702 Dei
484 1675 616 1711 cognitio,
631 1675 680 1702 sed
697 1676 833 1703 mensuris
855 1676 934 1703 nobis
952 1683 1019 1711 opus

227 1727 280 1750 est.
304 1721 370 1748 Nam
393 1721 416 1748 si
443 1720 548 1756 absque
571 1728 700 1749 mensura
735 1722 813 1749 nobis
840 1722 1020 1757 revelaretur,

228 1768 339 1796 minime
355 1769 457 1795 servari
475 1774 638 1802 possemus;
654 1767 727 1795 sicut
743 1775 830 1802 neque
843 1768 939 1796 oculus
957 1776 1021 1796 cor-

227 1821 337 1850 poreus,
351 1815 372 1841 si
385 1818 470 1841 totum
487 1816 573 1842 solem
586 1814 714 1849 excipiat.
732 1815 844 1841 Summa
862 1814 955 1850 itaque
971 1814 1019 1842 Dei

228 1860 345 1893 bonitas,
363 1860 420 1887 sive
439 1859 552 1893 iustitia:
574 1859 713 1893 decorem,
726 1860 784 1887 sive
802 1867 852 1888 nos
874 1860 946 1895 ipsos
962 1867 1020 1888 scr-

228 1913 293 1933 vare
307 1905 412 1939 volens,
426 1906 466 1932 uti
479 1905 564 1933 Deum
577 1906 657 1933 decet
669 1906 744 1941 (nam
761 1905 814 1933 Deo
825 1905 951 1933 convenit
967 1905 1021 1933 sal-

228 1959 302 1985 vare,
316 1956 343 1979 et
363 1959 417 1978 non
435 1950 568 1983 invidere)
583 1958 598 1978 a
618 1951 700 1978 rebus
717 1952 882 1978 mensuratis
898 1956 926 1978 et
945 1958 1019 1979 com-

227 1999 370 2034 prehensis
390 2005 467 2025 suain
489 1997 701 2025 immensitatem
716 2017 724 2031 ,
752 2002 843 2032 utpote
867 1998 1018 2032 incompre-

227 2044 388 2072 ltensibilem
401 2044 539 2078 subducit,
551 2044 614 2071 dum
628 2044 726 2071 divinae
737 2043 900 2079 cognitionis
915 2043 1019 2071 incom-

229 2092 492 2128 preliensibilitatem
508 2099 557 2127 per
579 2092 788 2127 proportionem
811 2092 958 2126 quamdam
972 2092 1019 2119 tri-

229 2138 296 2166 buit.
309 2137 388 2166 Sicut
400 2138 474 2165 enim
490 2137 724 2173 imperceptibiles
737 2141 802 2164 sunt
819 2141 848 2164 et
871 2137 1020 2165 invisibiles

229 2183 311 2210 rebus
330 2182 468 2210 sensitivis
485 2181 698 2214 intellectuales,
711 2186 740 2210 et.
759 2181 832 2209 ﬁctis
849 2182 1020 2218 compositis-

229 2234 281 2262 que
296 2228 435 2262 simplices
450 2233 478 2256 et
493 2229 691 2263 incompositae,
709 2232 737 2255 et
756 2236 805 2263 per
818 2228 919 2263 ﬁguras
936 2227 1019 2256 ell‘or-
1034 2242 1056 2270 υ

230 2275 312 2302 matis
323 2275 486 2309 inﬁguratat,
495 2276 643 2302 secundum
656 2275 780 2302 eamdem
794 2275 925 2302 rationem
938 2276 1018 2302 etiam

230 2327 275 2349 res
286 2321 385 2348 divina:
398 2320 687 2355 incomprehensibiles
696 2321 839 2348 exsistunt.
850 2320 878 2348 Si
890 2322 961 2348 enim
976 2329 1020 2349 res

231 2366 370 2402 simplices
391 2372 420 2394 et.
444 2367 608 2402 inﬁguratm,
630 2367 693 2394 licet
716 2367 872 2394 substantia:
896 2368 1018 2401 quaedam

231 2413 295 2445 sint,
326 2413 438 2440 minime
463 2413 514 2440 sub
544 2419 655 2440 sensum
686 2412 804 2444 cadunt,
829 2417 858 2439 ut
887 2413 973 2448 angeli
992 2417 1020 2440 et

231 2459 452 2492 anirnze,quanto
472 2458 560 2493 magis
576 2457 647 2485 Deus
667 2457 861 2493 supereminet,
881 2459 943 2493 quia
963 2466 1018 2487 non

231 2503 395 2535 substantia,
407 2503 454 2531 sed
466 2510 545 2537 supra
561 2503 742 2530 substantiam
760 2508 789 2530 et
804 2503 927 2531 inﬁnitus
941 2505 1016 2532 exsi-

231 2549 296 2581 stit;
320 2555 407 2583 neque
428 2556 504 2576 mens
527 2553 581 2581 est,
598 2549 645 2576 sed
668 2556 748 2583 supra
771 2555 888 2577 tnetttetn
908 2550 1017 2577 unitas?

233 2593 370 2623 Uuitatent
385 2603 450 2623 vero
466 2595 589 2625 audiens,
607 2602 640 2621 ne
656 2595 716 2630 quis
731 2595 831 2630 cogitet
847 2596 1014 2623 diversorum

231 2642 412 2677 quorumdam
434 2641 468 2669 ad
493 2641 643 2668 unitionem
665 2648 844 2674 concursum;
866 2650 918 2669 non
943 2644 1015 2670 eniut

232 2687 266 2714 de
293 2687 391 2714 talibus
414 2687 492 2714 modo
514 2694 604 2714 sermo
626 2690 678 2720 est,
701 2687 748 2714 sed
772 2687 805 2715 de
833 2688 886 2716 Deo
905 2696 1016 2723 prorsus

233 2732 419 2768 incomposito.
449 2738 478 2760 et
499 2740 580 2767 supra
595 2740 637 2765 ea,
664 2740 725 2768 quae
753 2734 834 2763 unius
858 2735 1015 2763 substantiae

232 2784 306 2813 sunt,
319 2780 405 2807 unito.
422 2779 491 2807 Nam
506 2779 571 2816 quid
587 2786 641 2812 uno
656 2781 742 2817 magis
755 2781 881 2818 simplex.
892 2787 920 2810 et
934 2781 1014 2810 unius

269 2867 283 2889 ιι
296 2867 393 2903 Eplies.
407 2875 444 2902 tv,
460 2867 487 2899 ’1,

1071 942 1297 978 συστελλομένους
1314 942 1383 978 πρὸς
1402 942 1452 974 τὰς
1472 942 1625 978 ὑπερτέρας
1645 941 1732 975 αὐγὰς
1750 943 1783 976 τῇ
1802 940 1861 976 περὶ

1070 988 1104 1015 τὰ
1126 988 1185 1015 θεῖα
1201 987 1363 1024 σωφροσύνῃ
1377 988 1424 1015 καὶ
1445 988 1582 1023 εὐλαϐείᾳ.
1606 988 1662 1015 Καὶ
1682 988 1737 1023 γάρ
1754 988 1803 1014 εἴτι
1824 988 1861 1014 δεῖ

1069 1034 1103 1069 τῇ
1119 1033 1249 1069 πανσόφῳ
1264 1033 1385 1069 θεολογίᾳ
1398 1033 1444 1060 τοῦ
1461 1033 1579 1069 μεγάλου
1599 1033 1706 1061 Παύλου
1726 1033 1860 1060 πείθεσθαι

1072 1080 1162 1116 (αὐτὸς
1173 1080 1228 1116 γάρ
1247 1081 1319 1107 ἐστιν
1343 1081 1358 1107 ὁ
1379 1080 1476 1115 λέγων,
1495 1081 1535 1108 ὃτι
1554 1081 1625 1108 κατὰ
1647 1080 1677 1108 τὸ
1696 1080 1795 1117 μέτρον
1816 1081 1860 1117 τῆς

1070 1126 1210 1162 δυνάμεως
1220 1126 1335 1153 ἑκάστου
1345 1127 1361 1162 ἡ
1374 1126 1449 1162 παρά
1460 1126 1526 1153 Θεοῦ
1545 1128 1700 1163 χορηγεῖται
1711 1126 1859 1162 ἔλλαμψις),

1070 1172 1148 1199 τοῦτο
1160 1173 1285 1208 λέγομεν,
1295 1173 1336 1199 ὅτι
1349 1172 1419 1199 κατὰ
1435 1173 1579 1208 ἀναλογίαν
1592 1174 1708 1201 ἑκάστου
1718 1173 1774 1200 τῶν
1787 1173 1859 1206 νοῶν,

1070 1218 1088 1254 ἢ
1101 1217 1155 1245 τῶν
1176 1217 1363 1254 ἀνθρωπίνων,
1379 1219 1417 1251 ὼς
1437 1218 1553 1255 πρώτως
1576 1220 1729 1254 δεχομένων
1750 1220 1798 1256 τὴν
1820 1220 1860 1246 ἐλ-

1071 1263 1184 1298 λαμψιν,
1202 1263 1219 1298 ἦ
1236 1263 1290 1302 τῶν
1310 1263 1444 1297 ἀγγέλων,
1465 1263 1511 1296 οὓς
1525 1263 1603 1290 εἴωθε
1624 1264 1687 1296 νόας
1711 1264 1860 1300 ὀνομάζειν,

1071 1309 1108 1341 ὡς
1121 1309 1151 1335 τὺ
1166 1310 1221 1335 πᾶν
1241 1309 1304 1341 νοῦς
1315 1310 1394 1341 ὄντας
1408 1310 1600 1345 οὺσιωμένους,
1614 1311 1660 1337 καὶ
1674 1311 1764 1338 πάντα
1777 1310 1861 1338 νοοῦν-

1070 1364 1119 1387 τας
1135 1355 1242 1387 ὲνιαίως
1257 1355 1290 1382 τὰ
1305 1357 1337 1382 ὲκ
1350 1355 1417 1382 Θεοῦ
1432 1357 1527 1392 ῥέοντα
1543 1356 1684 1392 προσεχῶς
1698 1358 1740 1389 είς
1757 1357 1859 1390 αὐτοὺς,

1071 1401 1141 1428 κατὰ
1157 1400 1222 1436 γοῦν
1239 1401 1288 1437 τὴν
1299 1401 1444 1436 ἀναλογίαν
1465 1402 1580 1430 ἑκάστου
1595 1403 1813 1431 ἀνακαλύπτεται
1829 1403 1860 1430 τὰ

1071 1447 1146 1474 θεῖα·
1170 1447 1219 1482 οὐχ
1236 1447 1276 1474 ὅτι
1296 1447 1388 1481 φθονεῖ
1410 1448 1424 1474 ὁ
1443 1447 1509 1480 Θεὸς
1527 1448 1574 1474 τοῦ
1592 1448 1724 1483 πλείονος,
1743 1449 1808 1477 ἀλλὰ
1821 1449 1860 1476 διὰ

1070 1493 1101 1519 τὸ
1117 1493 1201 1520 σῶσαι
1215 1493 1265 1529 τὴν
1279 1494 1309 1519 ὲν
1331 1494 1364 1528 τῇ
1380 1493 1558 1528 ὲπιμετρήσει
1577 1494 1626 1528 τῆς
1645 1494 1809 1529 θεογνωσίας
1827 1494 1861 1521 δι-

1071 1539 1226 1574 καιοσύνην.
1240 1540 1417 1575 Δικαιοσύνης
1429 1539 1483 1576 γὰρ
1499 1540 1572 1571 ίδιον,
1588 1541 1618 1566 τὸ
1629 1541 1699 1567 κατά
1712 1540 1792 1573 ἀξίαν
1806 1542 1860 1567 ἑπι-

1072 1587 1181 1621 μετρεῐν
1202 1586 1319 1621 ἑκάστῳ.
1343 1586 1491 1621 Τοιγαροῦν
1516 1586 1670 1622 ἀμέτρητος
1695 1588 1746 1622 μὲν
1766 1588 1783 1623 ἡ
1803 1585 1861 1622 περὶ

1069 1631 1137 1659 Θεοῦ
1150 1631 1263 1666 γνῶσις’
1280 1633 1360 1667 ἡμεῖς
1375 1631 1403 1657 δὲ
1419 1632 1525 1667 μέτρων
1540 1631 1664 1667 δεόμεθα.
1681 1632 1712 1658 Εἰ
1735 1631 1789 1668 γὰρ
1800 1631 1861 1667 ἀμέ-

1069 1686 1141 1714 τρως
1155 1678 1219 1713 ἡμῖν
1231 1677 1448 1709 ἀπεκαλύπτετο,
1464 1678 1514 1703 οὐκ
1528 1677 1560 1703 ἂν
1577 1677 1720 1712 ἐσώθημεν
1733 1686 1740 1693 ·
1757 1678 1794 1709 ὡς
1806 1677 1861 1704 οὐδὲ

1071 1723 1226 1760 σωματικὸς
1247 1722 1387 1758 ὀφθαλμὸς
1410 1723 1469 1750 ὅλον
1492 1723 1566 1758 ἥλιον
1585 1722 1740 1758 δεχόμενος.
1760 1724 1791 1750 'H
1812 1722 1861 1749 τοί-

1069 1778 1117 1797 νυν
1131 1769 1263 1804 θεαρχικὴ
1281 1768 1417 1804 ἀγαθότης
1438 1768 1525 1795 σῶσαι
1552 1767 1711 1804 βουλομένη,
1728 1769 1744 1805 ἢ
1766 1769 1796 1796 τὸ
1816 1769 1860 1804 τῆς

1069 1814 1242 1848 δικαιοσύνης
1256 1814 1347 1846 καλὸν,
1363 1813 1379 1850 ἦ
1391 1813 1438 1840 καὶ⁸
1453 1815 1526 1849 ἡμᾶς
1539 1814 1647 1846 αὐτοὺς,
1662 1814 1859 1842 ἀποδιαστέλλει

1070 1860 1229 1896 θεοπρεπῶς
1244 1860 1359 1896 (πρέπον
1377 1859 1431 1895 γὰρ
1449 1859 1479 1886 τὸ
1500 1859 1607 1893 σώζειν,
1630 1861 1677 1887 καὶ
1700 1862 1738 1897 μὴ
1760 1862 1859 1896 φθονεῖν

1069 1906 1149 1942 Θεῷ),
1166 1906 1220 1932 ἀπὸ
1230 1906 1283 1932 τῶν
1296 1907 1325 1932 ὲν
1339 1905 1430 1940 μέτρῳ
1449 1905 1495 1931 καὶ
1507 1905 1639 1941 χωρητῶν
1656 1905 1705 1941 τὴν
1733 1906 1860 1942 ἀμετρίαν

1069 1951 1162 1984 αὑτοῦ,
1179 1951 1216 1984 ὡς
1238 1950 1389 1987 ἀχώρητον,
1412 1950 1441 1984 ἐξ
1465 1951 1608 1985 ἀναλογίας
1629 1951 1659 1978 τὸ
1674 1951 1860 1987 ἀκατάληπτον

1069 2000 1118 2034 τῆς
1134 1999 1198 2034 περὶ
1211 1997 1278 2024 Θεοῦ
1290 1996 1415 2032 γνώσεως
1431 1997 1546 2024 ἐνταῦθα
1560 1998 1736 2034 παρίσταται.
1759 1999 1801 2031 Ὡς
1810 1998 1860 2033 γὰρ

1070 2045 1178 2080 ἀληπτα
1192 2045 1249 2075 τοῖς
1266 2043 1404 2079 αἰσθητοῖς
1419 2043 1453 2070 τά
1468 2043 1560 2078 νοητὰ,
1575 2044 1622 2070 καὶ
1638 2045 1694 2075 τοίς
1708 2045 1738 2071 ὲν
1757 2044 1859 2075 πλάσει,

1070 2091 1118 2118 καὶ
1134 2090 1266 2121 συνθέσει,
1282 2089 1329 2116 καὶ
1347 2089 1426 2124 τύπῳ
1440 2089 1475 2116 τά
1498 2089 1572 2116 ἁπλᾶ
1594 2090 1641 2116 καὶ
1662 2089 1803 2122 ἀτύπωτα,
1818 2089 1862 2116 καὶ

1069 2138 1125 2168 τοῖς
1137 2135 1208 2163 κατὰ
1222 2136 1349 2171 σχήματα
1362 2135 1597 2170 μεμορφωμένοις,
1610 2134 1644 2161 τὰ
1655 2135 1844 2171 ἀσχημάτιστα
1853 2143 1859 2150 ·

1070 2182 1141 2209 κατά
1155 2181 1201 2208 τὸν
1214 2181 1295 2208 αὑτὸν
1314 2180 1391 2214 λόγον
1404 2180 1494 2206 καὶτὰ
1510 2180 1569 2207 θεῖα
1585 2181 1766 2217 ἀκατάληπτα
1785 2183 1859 2208 εἰσιν.

1071 2226 1103 2252 Εἰ
1117 2225 1171 2260 γὰρ
1186 2225 1248 2251 οὕτε
1272 2225 1307 2252 τὰ
1330 2225 1404 2251 ἁπλᾶ
1425 2225 1472 2251 καὶ
1497 2225 1697 2260 ἀσχημάτιστα,
1712 2226 1766 2253 κᾶν
1778 2227 1861 2253 οὐσίαι

1070 2271 1141 2303 τινὲς
1154 2269 1215 2304 ὦσι,
1227 2273 1286 2303 ταῖς
1300 2271 1459 2306 αἰσθήσεσιν
1476 2271 1684 2305 ὑποπίπτουσιν,
1702 2273 1740 2305 ὡς
1754 2272 1861 2307 ἄγγελοι

1070 2318 1118 2344 καὶ
1139 2318 1234 2352 ψυχαὶ,
1257 2317 1333 2352 πόσῳ
1352 2317 1450 2352 μᾶλλον
1473 2317 1602 2353 ὑπερέχει
1623 2319 1637 2344 ὁ
1659 2318 1736 2351 Θεὸς,
1761 2320 1775 2345 ὁ
1794 2319 1859 2354 μήτε

1069 2362 1158 2395 οὐσία,
1172 2362 1228 2389 ἀλλ’
1240 2362 1311 2397 ὑπὲρ
1323 2361 1429 2394 οὐσίαν,
1444 2363 1490 2389 καὶ
1505 2362 1617 2398 ἄπειρος
1632 2363 1683 2390 ὢν·
1702 2365 1770 2400 μήτε
1785 2364 1859 2395 νοῦς,

1069 2409 1127 2436 ἀλλ’
1147 2409 1217 2445 ὑπὲρ
1229 2409 1291 2436 νοῦν
1313 2409 1426 2445 ἐνότης;
1447 2410 1560 2445 ἑνότητα
1578 2410 1606 2436 δὲ
1620 2410 1737 2443 ἀκούων,
1752 2411 1788 2446 μὴ
1805 2411 1860 2437 δια-

1069 2456 1159 2492 φόρων
1178 2456 1258 2482 τινῶν
1282 2456 1350 2492 πρὸς
1369 2456 1466 2483 ἕνωσιν
1491 2457 1538 2483 καὶ
1564 2457 1714 2494 συνδρομὴν
1738 2459 1858 2493 νοησάτω

1067 2511 1125 2534 τις·
1145 2502 1174 2528 ού
1189 2502 1244 2538 γὰρ
1264 2503 1327 2537 περὶ
1341 2502 1469 2529 τοιούτων
1488 2503 1502 2529 ὁ
1524 2503 1602 2537 λόγος
1623 2504 1681 2537 νῦν,
1706 2505 1774 2531 ἀλλὰ
1798 2504 1858 2539 περὶ

1067 2547 1134 2573 Θεοῦ
1158 2547 1205 2574 τοῦ
1227 2547 1373 2574 ἀσυνθέτου
1389 2547 1488 2582 πάντη,
1515 2549 1563 2575 καὶ
1583 2549 1653 2585 ὑπὲρ
1667 2549 1701 2576 τὰ
1718 2549 1857 2585 μονοοὺσια

1067 2594 1215 2629 ἡνωμένου.
1232 2594 1264 2619 Τί
1279 2593 1333 2629 γὰρ
1346 2594 1404 2626 ἑνὸς
1422 2594 1520 2629 μᾶλλον
1531 2595 1631 2622 ἁπλοῦν
1646 2605 1675 2622 τε
1694 2597 1741 2623 καὶ
1751 2595 1857 2631 μονοσύ-

1069 2647 1142 2671 σιον;
1166 2639 1234 2665 Ἀλλ’
1250 2638 1325 2674 ὴτοῦ
1348 2639 1416 2665 Θεοῦ
1440 2640 1533 2676 ἑνότης
1555 2641 1770 2678 ὑπεξῃρημένως
1791 2641 1856 2674 ὑπὲρ

1068 2688 1160 2714 τοῦτόν
1176 2689 1244 2718 ἐστι,
1263 2687 1309 2713 καὶ
1324 2686 1476 2722 ἀδιανόητον
1489 2689 1546 2714 ἐστι
1561 2689 1660 2720 πάσαις
1679 2689 1815 2720 διανοίαις,
1827 2687 1855 2713 τδ

1068 2733 1138 2769 ὑπὲρ
1145 2733 1263 2760 διάνοιαν
1273 2733 1360 2759 ὲκεῖσε
1375 2733 1413 2759 ἓν.
1432 2733 1564 2761 Ἐνταῦθα
1574 2734 1628 2770 γὰρ
1639 2735 1655 2770 ἡ
1667 2735 1787 2769 ἡμετέρα
1801 2733 1856 2759 διά-

1067 2788 1126 2808 νοια
1138 2779 1340 2816 ποικιλλομένη,
1354 2780 1393 2812 είς
1407 2779 1557 2813 ἀποδείξεις
1569 2781 1614 2808 καί
1626 2789 1701 2813 τινας
1713 2779 1854 2818 προτάσει,
