1929 3068
91 168 146 197 615
368 169 414 196 DE
431 168 559 197 DlVlNlS
575 168 777 202 NOMINIBUS,
795 168 873 197 CAP.

946 184 967 188 —
983 168 1159 199 ΡΑΒᾹΡΗΊ.
1178 169 1428 210 PACHYMERIE.
1682 171 1735 199 (ιιι

92 226 279 263 λαμϐάνουσα,
295 227 468 263 πληθύνεται.
492 228 556 255 Ὅτε
571 227 600 255 δὲ
613 228 645 255 ὲκ
657 227 759 256 τούτων
780 227 891 261 συνάξει

946 227 1105 256 substantiae
1127 228 1187 255 est?
1205 232 1298 255 tamen
1321 227 1371 256 Dei
1391 228 1482 256 unitas
1504 228 1738 264 supereminenter

91 274 123 301 τὸ
139 274 335 310 συμπέρασμα,
348 274 377 300 ἐν
391 283 418 300 τι
435 274 528 309 ἕτερον
542 274 597 301 τῶν
610 274 756 310 κειμένων,
772 274 890 310 συμῦαῖ-

947 281 1028 309 supra
1042 273 1070 301 id
1088 275 1181 309 ipsum.
1191 279 1246 308 est,
1270 278 1297 302 et
1317 274 1444 302 omnibus
1458 276 1597 303 mentibus
1612 276 1740 303 inconce-

92 329 138 347 vov
153 320 284 357 εὑρίσκει.
301 320 337 347 Τὸ
354 320 382 346 δὲ
406 320 476 355 ὑπὲρ
490 320 609 348 διάνοιαν
627 320 667 352 ἓν,
683 321 714 347 οὐ
732 321 850 348 τοιοῦτόν
862 329 890 347 τι

946 319 1041 355 ptibile
1057 324 1099 348 est
1124 319 1190 347 illud
1217 328 1300 347 unum
1324 321 1397 356 quod
1419 322 1457 349 ibi
1479 326 1596 350 mentem
1615 325 1738 357 superat.

92 366 183 398 ἐστὶν,
211 365 268 392 ἀλλ’
294 365 451 400 ἀδιανόητον
482 366 529 392 καὶ
558 366 764 401 ἀσυλλόγιστον·
799 365 813 393 ὃ
846 366 892 393 καί⁵

947 365 998 393 Hic
1011 366 1083 393 enim
1096 366 1275 401 intelligentia
1292 371 1387 394 nostra
1401 367 1532 400 variatur,
1549 368 1611 395 dum
1624 368 1738 395 demon-

95 411 167 447 ὑπὲρ
195 411 272 446 λόγον
285 411 314 438 ὃν
334 410 446 445 ἀγαθὸν,
469 410 588 447 ἆρῤητόν
606 413 665 438 ἐστι
704 411 775 448 λόγῳ
800 412 891 439 παντί.

949 413 1098 440 strationes
1113 416 1141 440 et
1155 412 1358 447 propositiones
1375 412 1480 449 aliquas
1502 414 1649 449 excipiens,
1669 413 1738 441 mtil-

94 458 242 493 tiplicatur.
267 457 384 491 Quando
413 461 504 485 autem
535 465 569 484 ex
599 458 640 485 his
663 458 768 492 colligit
792 458 1007 491 conclusionem,
1033 465 1067 485 ex
1090 458 1124 485 iis
1148 465 1210 492 qua:
1235 458 1374 493 proposita
1404 464 1468 486 sunt
1495 460 1628 494 comperit
1652 467 1736 487 unum

92 505 221 540 quiddam
241 504 314 532 aliud
337 503 477 538 consequi.
504 501 570 529 lllud
594 506 685 529 autem
705 509 788 529 unum
809 502 881 536 quod
898 509 980 537 supra
995 506 1111 530 tuentem
1128 506 1179 533 est,
1199 510 1253 529 non
1268 506 1311 530 est
1340 503 1394 531 tale
1420 504 1505 539 quid,
1535 505 1582 532 sed
1607 505 1738 532 inconce-

92 553 198 588 ptibile,
215 558 242 581 et
256 553 328 588 quod
344 551 518 581 ratiocinatio
534 558 587 578 non
601 550 729 586 attingit:
743 551 844 586 quippe
865 553 938 586 quod
954 552 1055 579 bonum
1083 555 1138 585 est,
1157 558 1241 586 supra
1271 551 1418 584 rationem,
1447 550 1522 578 omni
1546 550 1629 578 etiam
1654 551 1739 579 verbo

94 597 233 625 ineffabile
248 602 302 626 est.

84 655 88 682 ι
129 645 229 672 Λοιπὸν
250 645 318 681 μετά
337 644 367 672 τὺ
388 645 489 678 ἐξελεῖν
512 644 622 672 πάντων
644 643 699 671 τῶν
718 644 746 671 ὲν
761 645 817 675 τοῖς
832 641 892 670 οὖσι

92 691 128 718 τὰ
157 691 222 727 περὶ
246 690 325 723 Θεοῦ,
350 690 389 726 τῷ
415 691 509 727 μέτρῳ
533 691 583 726 τῆς
607 689 744 725 ἡμετέρας
765 688 892 724 γλώσσης

94 737 249 765 ἀκολουθῶν
262 737 302 773 (οὐ
317 737 372 773 γὰρ
390 737 542 774 ὑπερϐῆναι
562 736 664 772 ταύτην
681 736 791 762 δυνατὸν
803 735 892 771 ἡμῖν),

94 783 125 816 ἐξ
144 783 233 810 αὐτῶν
247 782 351 817 δοξάζει
366 783 411 810 τὸν
424 782 500 814 Θεὸν,
520 782 550 815 ἐξ
570 781 608 808 ὧν
626 782 707 808 αὑτὸν
721 780 816 813 ἐξεῖλε.
839 781 895 807 Καὶ

979 639 1115 668 Ca'terum
1131 646 1192 666 cum
1206 645 1237 665 ea
1253 645 1314 673 quae
1329 642 1394 666 sunt
1405 638 1464 672 Dei,
1480 645 1495 665 a
1513 638 1596 667 rebus
1610 641 1739 670 omnibus

943 685 1139 713 cxsistentibus
1156 685 1282 720 excepit,
1300 685 1400 720 linguae
1422 690 1523 712 nostra:
1543 686 1680 715 modulum
1695 696 1739 716 se—

945 739 1030 768 quens
1038 732 1138 767 (neque
1145 731 1216 760 enim
1225 731 1297 759 hunc
1304 732 1436 759 excedere
1447 732 1626 766 valemus).ex
1634 734 1667 761 iis
1673 734 1739 770 ipsis

946 779 1030 806 rebus
1047 786 1061 805 ιι
1078 778 1181 812 quibus
1194 777 1280 804 Deum
1296 777 1414 811 excepit,
1426 778 1512 812 ipsum
1533 778 1633 806 laudat.
1649 780 1683 808 Et
1700 781 1738 808 ait

94 829 177 857 ὲνάδα
188 830 271 865 φησὶν
282 829 364 856 αὐτὸν
375 850 382 861 ,
395 828 451 856 ἀλλ’
461 828 583 856 ἑνοποιὸν
590 828 700 863 ἀπάσης
711 826 804 858 ἑνάδος
814 846 821 858 ,
831 834 892 853 του-

948 825 1036 860 ipsum
1049 832 1109 852 esse
1121 824 1318 856 unitatem,sed
1330 822 1494 852 eifectricem
1506 824 1585 860 301
1603 827 1738 855 universa:

95 875 172 902 τέστι
180 875 345 911 δημιουργὸν
354 875 408 902 τῶν
421 874 514 902 ἁπλῶν
527 874 636 906 οὐσιῶν,
644 873 777 908 ἀγγέλων,
785 871 890 908 ψυχῶν⁶

94 921 142 948 καὶ
156 920 231 953 νοῦν,
250 921 308 947 ἀλλ’
324 921 446 956 ἀνόητον,
469 920 529 948 ἀντὶ
549 920 597 946 τοῦ
621 919 658 955 μὴ
678 919 822 955 νοούμενον
839 918 892 945 ὑπό

93 976 168 1001 τινος
182 967 239 994 νοῦ.
253 968 284 994 Ei
297 967 352 1004 γὰρ
368 968 400 994 τὺ
419 968 512 1004 ὅμοιον
523 967 576 994 ὑπὸ
591 966 639 993 τοῦ
653 965 746 1001 ὁμοίου
761 964 893 1000 γινώσκε-

94 1023 151 1045 ται,
163 1013 248 1050 ἐχρῆν
262 1014 286 1040 ει
301 1013 364 1046 νοῦς
385 1011 430 1050 ἦν,
453 1014 505 1040 ὑπὸ
518 1013 572 1040 τῶν
589 1012 658 1040 νοῶν
674 1011 808 1040 νοεῖσθαι’
826 1011 893 1039 ἀλλά

98 1061 147 1093 Τίς
160 1060 237 1095 ἔγνω
257 1058 333 1087 γοῦν
356 1060 487 1094 Kvplov;
503 1059 608 1086 Οὐκοῦν
632 1058 695 1090 νοῦς
719 1059 794 1085 ὲστιν
824 1058 893 1094 ὑπὲρ

94 1105 170 1138 νοῦν,
190 1106 238 1132 καὶ
251 1105 337 1141 ὄνομα
347 1105 378 1132 τὸ
392 1105 463 1141 ὑπὲρ
483 1105 538 1131 πᾶν
556 1104 651 1140 ὄνομα.
675 1104 731 1131 Καὶ
748 1103 782 1130 τὸ
800 1102 894 1138 ὄνομά

93 1161 164 1187 μου,
187 1152 278 1188 φησὶν,
300 1153 356 1178 οὐκ
375 1152 462 1179 εἷπον
484 1151 601 1184 αὐτοῖς·
624 1151 664 1178 διὸ
685 1151 734 1178 καὶ
753 1149 893 1186 ἀνώνυμός

99 1199 159 1225 ἔστι
184 1199 277 1225 πᾶσιν.
297 1198 360 1225 Ἐὰν
381 1197 409 1224 δὲ
431 1198 512 1235 λέγῃ·
542 1197 616 1233 Ἐγώ
633 1198 692 1232 ειμι
709 1199 725 1224 ὀ
742 1197 794 1229 ὢν,
811 1196 894 1229 ἀξίως

96 1246 198 1271 νοεῖται
220 1245 337 1281 ἄναρχος
361 1244 409 1271 καὶ
429 1244 616 1279 ἀτελεύτητος,
638 1244 688 1271 καὶ
709 1243 747 1276 ὡς
774 1243 806 1270 ἂν
825 1242 893 1278 αὐτὴ

98 1290 163 1325 περὶ
181 1290 281 1325 ἑαυτῆς
305 1290 392 1316 εἴποι·
421 1290 490 1326 μόνῃ
508 1290 563 1325 γὰρ
584 1290 652 1325 αὐτῇ
666 1290 706 1325 ίτῇ
728 1289 841 1324 Θεότητι
860 1288 895 1315 τά

98 1336 160 1363 καθ’
171 1336 270 1371 ἑαυτὴν
281 1336 318 1368 ὼς
332 1335 387 1371 ἔχει
403 1335 508 1371 φύσεως
529 1336 671 1371 ἐπιστητὰ,
686 1336 733 1362 κοιλ¹
754 1336 821 1371 μόνη
835 1335 895 1362 ἐπί-

99 1390 197 1409 σταται
210 1382 362 1418 ἐπιστητῶς
378 1382 426 1409 καὶ
440 1382 550 1418 κυρίως.
569 1382 674 1415 οὐδεὶς
687 1382 741 1418 γὰρ
755 1381 895 1417 γινώσκει

98 1427 154 1455 τὸν
165 1429 290 1463 Πατέρα,
306 1430 332 1455 ει
345 1428 388 1463 μὴ
407 1430 424 1455 ὀ
445 1429 521 1461 Υἱός
539 1429 588 1455 καὶ
604 1427 658 1455 τὸν
679 1427 762 1459 Υὶὸν,
777 1429 803 1454 ει
816 1427 860 1462 μὴ
878 1429 895 1455 ό

98 1474 211 1509 Πατήρ.
225 1475 261 1502 Τὸ
273 1475 338 1502 αὐτὸ
351 1475 470 1511 καὶπερὶ
483 1474 529 1501 τοῦ
542 1474 619 1509 ἁγίου
627 1474 799 1510 Πνεῦματοςο
809 1474 895 1506 οὐδεὶς

98 1521 154 1557 γὰρ
169 1519 223 1548 οἶδε
243 1521 277 1548 τὰ
296 1520 343 1547 τοῦ
359 1521 437 1555 Θεοῦ,
462 1521 487 1547 εἰ
510 1519 547 1556 μὴ
564 1520 594 1547 τὸ
616 1520 729 1556 Πνεῦμα
749 1520 780 1547 τὸ
798 1521 830 1547 ὲκ
847 1519 894 1547 τοῦ

97 1567 179 1594 Θεοῦ.

135 1614 149 1650 §
163 1615 196 1641 II.
211 1614 279 1650 Περὶ
294 1614 397 1651 ταύτης
409 1611 455 1641 οὖν
467 1614 519 1649 τῆς
532 1614 696 1648 ὑπερουσίου
706 1621 713 1629 ⁸
735 1614 752 1649 ὴ
774 1612 829 1649 γὰρ
849 1612 893 1640 οὑ-

99 1661 146 1688 σία
157 1661 267 1695 λέγεται
286 1661 362 1697 παρά
381 1661 411 1688 τὺ
431 1659 516 1688 εἶναι’
537 1661 567 1687 τὸ
584 1661 613 1688 δὲ
635 1659 704 1687 εῖναι
725 1659 894 1694 παραγωγῆς

96 1714 172 1737 τινος
183 1705 286 1732 ἔννοιαν
300 1705 470 1741 ὑπογράφει,
492 1706 542 1732 οὐκ
556 1705 588 1732 ἂν
604 1705 710 1739 λέγοιτο
730 1704 832 1740 κυρίως
849 1703 894 1729 οὐ-

100 1752 156 1783 σία,
171 1752 227 1779 ἀλλ’
242 1752 414 1788 ὑπερούσιος.
428 1752 497 1788 Περὶ
516 1751 618 1787 ταύτης
631 1749 677 1778 οῦν
698 1751 749 1786 τῆς
773 1751 893 1784 ὑπερθυ-

100 1800 159 1827 σίου
173 1800 221 1827 καὶ
233 1801 351 1835 κρυψίας
364 1801 491 1837 θεότητος
502 1799 564 1827 οὔτε
575 1800 673 1831 εἰπεῖν,
690 1798 751 1826 οὔτε
765 1797 894 1833 ἐννοῆσαί

97 1854 126 1874 τι
137 1846 286 1883 τολμητέον
297 1847 373 1883 παρά
385 1847 420 1874 τὰ
434 1847 588 1883 δηλωθέντα
611 1847 643 1873 ὲκ
665 1846 718 1873 τῶν
731 1845 811 1872 θείων
824 1845 895 1880 Γρα-

100 1891 170 1926 φῶν.
186 1893 240 1919 Καὶ
252 1892 307 1929 γὰρ
320 1894 357 1925 ὼς
370 1893 439 1930 αὑτὴ
453 1894 516 1929 περὶ
527 1892 627 1928 ἑαυτῆς
647 1893 677 1919 ὲν
697 1893 753 1924 τοῖς
770 1892 894 1926 Εὐαγγε-

99 1939 169 1970 λίῡις
182 1939 339 1975 παρέδωκεν
354 1939 408 1974 (ὅτε
422 1939 550 1975 ὸνΚύριος
572 1939 664 1973 ἔλεγεν
674 1946 681 1953 ·
705 1938 809 1971 Οὐδεὶς
832 1938 894 1967 οἵδε

100 1984 156 2011 τὸν
171 1985 289 2018 Πατέρα
303 1986 329 2012 εί
341 1985 380 2020 μὴ
393 1987 409 2012 ὁ
428 1986 494 2018 Υἱός
505 1994 512 2001 ·
527 1985 585 2016 καὶ,
600 1984 705 2017 Οὐδεὶς
717 1984 778 2011 οἶδε
793 1984 829 2011 τὰ
840 1985 893 2012 τοῦ

102 2028 178 2055 Θεοῦ
194 2029 220 2055 εὶ
238 2028 282 2063 μὴ
298 2029 331 2055 τὸ
350 2029 473 2064 Πνεῦμα
499 2029 532 2056 τὸ
548 2029 582 2056 ὲκ
597 2029 651 2056 τοῦ
676 2029 749 2056 Θεοῦ
761 2050 768 2062 ,
793 2030 894 2064 ἀγαθο-

102 2077 216 2113 πρεπῶς
238 2078 471 2114 ἀποφαινόμενος,
491 2079 662 2106 ἀναστέλλων
688 2079 737 2115 τὴν
756 2080 893 2115 ἡμετέραν

101 2123 258 2159 παράλογον
273 2123 416 2159 ἔρευναν),
461 2125 599 2160 ἐπιστήμη
612 2123 713 2160 ταύτης
735 2125 782 2151 καὶ
795 2125 894 2160 Θεωρία.

100 2167 202 2199 ἄϐατός
215 2168 271 2194 ἐστι
284 2168 350 2195 πᾶσι
358 2170 414 2201 τοῖς
426 2167 511 2201 οῦσιν,
521 2169 558 2201 ὡς
570 2169 639 2205 ὑπὲρ
650 2169 685 2196 τὰ
697 2170 784 2197 πάντα
798 2170 891 2206 οὔσης.

102 2214 158 2240 Καὶ
171 2214 284 2246 πολλοὺς
301 2214 355 2241 τῶν
369 2215 501 2249 θεολόγων
514 2216 643 2251 εὑρήσεις
655 2216 685 2242 οὐ
701 2217 780 2251 μόνον
790 2217 893 2253 ταύτην

102 2258 220 2294 ἀόρατον
233 2260 280 2285 καὶ
293 2259 478 2295 ἀπερίληπτον
500 2259 629 2294 λέγοντας
647 2260 736 2297 (τοῦτο
758 2261 813 2297 γάρ
835 2262 894 2288 ἐστι

101 2306 150 2332 καὶ
173 2305 256 2341 ὕμνος
269 2305 346 2337 Θεοῦ,
361 2307 405 2332 ὅτε
417 2307 609 2342 προσηκόντως
621 2315 663 2339 τις
683 2307 747 2343 περὶ
767 2307 834 2334 Θεοῦ
848 2307 894 2334 λέ-

101 2360 163 2386 γει,
178 2351 271 2388 ὥσπερ
284 2352 315 2378 τὸ
331 2352 453 2379 ἐναντίον
468 2352 626 2388 βλασφημία
636 2373 643 2385 ,
664 2353 708 2380 ὅτε
731 2353 768 2389 μὴ
789 2362 894 2390 προση-

100 2397 215 2432 κόντως)
226 2418 233 2429 ,
248 2397 316 2424 ἀλλά
327 2398 373 2424 καὶ
386 2398 595 2435 ἀνεξερεύνητον
614 2400 661 2426 καὶ
682 2400 892 2435 ἀνεξιχνίαστον

102 2445 144 2471 ὃτι
157 2444 259 2480 κρυφία
281 2445 297 2480 ή
317 2445 430 2480 ἀπειρία
444 2446 528 2481 αὐτῆς
550 2446 617 2473 ἐστι.
632 2447 687 2473 Καὶ
709 2447 745 2483 μὴ
767 2446 846 2483 μόνον
864 2448 894 2474 οὑ

102 2501 136 2519 πε
142 2492 334 2528 ριλαμίάνεται
347 2493 391 2519 διὰ
402 2493 432 2519 τὸ
444 2493 556 2529 ἄπειρον
570 2492 610 2529 (τὸ
618 2493 671 2529 γὰρ
686 2494 895 2530 πεπερασμένον

101 2539 336 2576 περιλαμῆάνεται
356 2540 401 2575 ὑφ’
415 2537 445 2567 οὗ
466 2540 513 2566 καὶ
537 2541 723 2576 πεπέρασται-
746 2541 760 2567 ὁ
785 2541 851 2573 θεὸς
863 2541 891 2567 δὲ

103 2586 233 2614 ἁπάντων
246 2585 327 2618 τόπος
340 2586 423 2618 ἐστὶν,
434 2587 464 2612 οὗ
479 2587 642 2622 σωματικῶς
652 2607 659 2619 ,
674 2586 742 2614 ἀλλὰ
762 2587 894 2624 δημιουρ-

101 2632 188 2667 γικῶς
198 2641 204 2647 ·
219 2632 265 2659 τὸν
278 2632 332 2668 γὰρ
345 2633 467 2668 οὐρανὸν,
482 2632 529 2659 καὶ
542 2633 590 2668 τὴν
603 2634 664 2669 γῆν,
685 2634 731 2660 καὶ
751 2633 786 2660 τὰ
805 2634 893 2661 πάντα

101 2678 184 2709 αὐτὸς
195 2677 317 2714 πληροῖ),
326 2677 393 2704 ἀλλά
405 2678 453 2704 καὶ
463 2678 538 2705 οὐδὲν
552 2678 623 2713 ἴχνος
639 2678 800 2714 ἐμφαίνεται
817 2679 893 2705 οὐδε-

101 2723 147 2756 νὸς
160 2724 214 2750 τῶν
225 2723 418 2760 διεληλυθότων
434 2724 480 2750 ἐπὶ
494 2723 596 2759 ταύτην
610 2723 660 2760 τὴν
674 2724 793 2760 κρυφίαν
812 2725 892 2751 ἀπει-

103 2770 175 2805 ρίαν.
190 2769 277 2796 Τοῦτο
293 2770 321 2797 δὲ
334 2770 418 2804 λέγει,
433 2770 482 2805 οὐχ
497 2770 538 2796 ὅτι
558 2769 664 2805 διῆλθον
688 2770 736 2806 μέν
753 2778 835 2802 τινες,
861 2770 891 2797 οὐ

142 2862 149 2881 ὶ
166 2861 245 2888 Rom.
264 2869 301 2891 xi.
318 2861 364 2888 ει.
403 2860 415 2879 ι
431 2859 516 2886 Exod.
529 2868 566 2891 rt,
580 2861 607 2888 5.
649 2859 656 2879 ι
673 2860 756 2889 Exod.
771 2868 813 2895 ιιι,
831 2861 874 2890 14.

102 2896 149 2924 27.
197 2898 231 2924 Pl
251 2898 313 2925 Cor.
335 2904 366 2930 tt,
383 2897 426 2930 il;
441 2897 524 2931 Apoc.
542 2904 598 2930 xix,
617 2895 658 2922 l2.

944 872 1069 904 unitatis,
1082 872 1108 898 id
1117 875 1159 898 est
1170 874 1321 897 creatorem
1333 870 1498 905 simplicium
1509 873 1736 908 substantiarum,

945 923 973 946 ut
989 916 1342 952 angelorum,animarum;
1361 921 1389 943 et
1404 921 1534 950 mentem,
1552 919 1599 945 sed
1624 927 1677 947 non
1693 921 1737 948 in-

945 964 1110 996 telleclilem,
1130 964 1156 990 id
1171 968 1223 996 est,
1240 971 1302 999 qua:
1321 972 1335 991 a
1360 964 1432 991 nulla
1457 968 1549 992 mente
1565 965 1736 1001 intelligitur.

944 1013 974 1041 Si
990 1013 1062 1041 enim
1077 1013 1167 1040 simile
1187 1021 1202 1039 a
1216 1012 1299 1040 simili
1321 1013 1506 1047 cognoscitur,
1520 1013 1542 1040 si
1558 1021 1635 1041 mens
1653 1022 1736 1049 esset,

944 1063 1084 1095 oporteret
1104 1064 1135 1086 ut
1150 1067 1164 1086 a
1181 1059 1318 1086 mentibus
1334 1064 1566 1093 cognosceretur:
1582 1062 1682 1095 at'quis
1693 1070 1738 1088 co-

944 1107 1033 1142 gnovit
1056 1111 1169 1133 mentem
1196 1105 1304 1133 Domini
1325 1105 1360 1132 i?
1381 1105 1428 1132 Est
1453 1105 1535 1138 igitur
1555 1113 1632 1133 mens
1654 1115 1737 1142 supra

945 1157 1074 1184 mentem,
1092 1155 1121 1179 et
1137 1159 1236 1178 nomen
1255 1158 1337 1185 supra
1355 1158 1437 1178 omne
1456 1159 1566 1179 nomen.
1580 1151 1614 1178 ΕΙ
1630 1161 1736 1187 nomen,

945 1197 1045 1233 inquit,
1070 1205 1157 1224 meum
1175 1205 1226 1224 non
1247 1196 1418 1231 manifesmvi
1445 1197 1483 1223 eis
1501 1197 1532 1231 k;
1560 1199 1737 1232 quamobrem

945 1243 1072 1271 omnibus
1095 1247 1137 1270 est
1161 1242 1221 1270 sine
1244 1243 1366 1271 nomine.
1412 1243 1488 1276 Quod
1516 1244 1538 1271 si
1562 1245 1629 1272 dicit
1649 1254 1656 1272 :
1680 1246 1737 1282 Ego

945 1298 1003 1316 sum
1015 1287 1319 1325 quisumkintelligitur
1335 1293 1366 1315 ut
1379 1290 1467 1321 decet,
1483 1297 1545 1317 esse
1559 1291 1663 1318 scilicet
1678 1293 1738 1320 sine

946 1336 1080 1372 principio
1096 1342 1124 1364 et
1141 1336 1201 1364 sine
1217 1335 1281 1368 iiue,
1293 1339 1321 1362 et
1333 1339 1362 1362 ut
1380 1336 1438 1370 ipsa
1454 1335 1586 1364 Divinitas
1600 1337 1632 1365 de
1648 1339 1737 1373 seipsa

946 1383 1032 1410 dicit:
1048 1383 1096 1410 soli
1111 1383 1182 1410 enim
1206 1383 1346 1410 Divinitati
1372 1383 1422 1416 ipsi
1444 1390 1495 1417 per
1518 1391 1547 1411 se
1566 1389 1662 1411 natura
1688 1393 1737 1412 sua

947 1434 1008 1456 nota
1025 1434 1078 1460 est,
1094 1433 1122 1456 et
1138 1429 1195 1456 sola
1213 1437 1242 1457 se
1261 1430 1328 1456 Scite
1351 1437 1383 1457 ac
1409 1429 1520 1464 proprie
1544 1430 1628 1456 novit.
1653 1429 1738 1457 Nemo

946 1474 1017 1501 enim
1037 1474 1106 1501 novit
1126 1473 1234 1501 Patrem
1258 1474 1311 1501 nisi
1331 1474 1431 1505 Filius,
1446 1479 1471 1501 et
1492 1473 1592 1501 Filium
1617 1475 1669 1502 nisi
1686 1474 1739 1502 Pa-

908 1520 929 1549 C.
947 1523 985 1546 ter
999 1524 1030 1547 ω.
1047 1519 1120 1547 idem
1135 1524 1178 1547 est
1195 1520 1228 1547 de
1251 1525 1347 1548 sancto
1363 1521 1483 1555 Spiritu;
1503 1528 1582 1548 nemo
1599 1522 1670 1548 enim
1690 1529 1739 1549 no-

950 1565 987 1592 vit
1002 1572 1034 1592 ea
1048 1573 1109 1600 quae
1121 1570 1183 1593 sunt
1195 1566 1254 1601 Dei,
1273 1567 1324 1594 nisi
1349 1566 1468 1602 Spiritus
1485 1567 1531 1601 qui
1546 1574 1578 1593 ex
1593 1568 1648 1595 Deo
1660 1574 1701 1595 est
1711 1571 1736 1596 ιι.

980 1611 994 1648 ᾗ
1009 1612 1039 1639 ll.
1055 1612 1092 1640 De
1106 1613 1157 1640 hac
1170 1613 1253 1647 igitur
1264 1615 1505 1649 superessentiali;
1528 1624 1590 1643 nam
1617 1617 1735 1644 essentia

945 1657 1046 1686 dicitur
1065 1657 1179 1692 abesse;
1200 1659 1286 1692 ipsum
1303 1665 1392 1687 autem
1407 1668 1480 1693 esse,
1501 1669 1563 1688 cum
1579 1662 1737 1696 produclio-

945 1704 988 1731 nis
1012 1703 1127 1736 alicujus
1146 1712 1256 1732 sensum
1271 1706 1405 1738 insinuet,
1430 1715 1483 1734 non
1506 1708 1607 1735 dicitur
1628 1708 1738 1743 proprie

944 1751 1075 1782 essentia,
1093 1751 1140 1778 sed
1158 1753 1410 1786 superessentialis.
1428 1753 1466 1781 De
1478 1753 1529 1780 hac
1546 1754 1628 1789 igitur
1641 1762 1738 1789 supcr-

945 1795 1081 1823 essentiali
1097 1804 1129 1823 ac
1141 1798 1280 1824 recondita
1297 1798 1440 1825 divinitate
1452 1807 1505 1826 non
1521 1800 1740 1834 pruesumcndum

945 1843 1047 1876 dicere,
1066 1845 1113 1872 sed
1127 1853 1160 1872 ne
1175 1846 1298 1880 cogitare
1311 1847 1460 1882 quidquam
1472 1867 1480 1880 ,
1508 1849 1605 1883 praeter
1631 1855 1661 1875 ea
1677 1856 1737 1882 quas

945 1890 1032 1917 sacris
1055 1895 1120 1918 sunt
1133 1891 1250 1926 eloquiis
1269 1894 1421 1922 enuntiata.
1439 1894 1506 1921 Nam
1522 1899 1550 1921 ut
1567 1894 1624 1929 ipsa
1649 1895 1683 1922 de
1707 1903 1737 1922 se

945 1938 973 1965 in
993 1937 1150 1973 Evangeliis
1164 1939 1275 1966 tradidit
1284 1940 1405 1975 (quando
1415 1941 1543 1968 Dominus
1555 1941 1640 1967 dixit:
1652 1941 1737 1968 Nemo

945 1983 1015 2010 navit
1031 1983 1141 2011 Patrem
1156 1985 1206 2011 nisi
1216 1983 1305 2011 Filius
1319 1989 1349 2018 °;
1365 1991 1410 2012 et:
1429 1984 1514 2013 Nemo
1527 1986 1595 2013 novit
1605 1994 1663 2021 qua:
1677 1991 1738 2013 sunt

945 2030 1006 2063 Dei,
1026 2031 1078 2058 nisi
1095 2030 1213 2065 Spiritus
1227 2031 1275 2066 qui
1288 2036 1326 2058 est
1343 2040 1376 2059 ea:
1391 2032 1447 2059 Deo
1460 2037 1492 2065 Ρ,
1520 2032 1636 2066 benigne
1663 2033 1737 2060 visus

945 2075 1075 2104 cohibere
1086 2081 1207 2104 nostram
1231 2083 1425 2113 przeposteram
1452 2077 1662 2113 scrutationem)
1678 2079 1737 2114 ejus

945 2123 1059 2150 scientia
1073 2128 1100 2150 et
1115 2123 1309 2158 contemplatio
1321 2123 1448 2150 omnibus
1458 2129 1500 2150 est
1515 2123 1655 2151 inaccessa
1670 2125 1736 2152 sub-

945 2169 1066 2202 stantiis,
1097 2173 1191 2204 utpote
1214 2169 1306 2196 omnia
1330 2169 1476 2197 excedens.
1503 2169 1601 2197 Multos
1626 2178 1736 2206 quoque

944 2214 1085 2249 theologos
1098 2214 1223 2242 invenias
1235 2214 1308 2242 illaut
1337 2223 1390 2243 non
1405 2215 1485 2242 modo
1502 2215 1669 2244 invisibilem
1694 2217 1737 2243 in-

910 2254 932 2281 D
946 2259 1275 2295 comprehensibilemque
1290 2261 1393 2288 dixisse
1419 2261 1489 2296 (hate
1507 2262 1578 2288 enim
1605 2261 1651 2288 Dei
1677 2260 1736 2288 laus

947 2310 999 2337 cst,
1012 2307 1121 2341 quando
1137 2307 1197 2342 quis
1223 2307 1352 2334 decenter
1367 2307 1400 2334 de
1426 2308 1480 2334 Deo
1503 2307 1638 2342 loquitur;
1664 2307 1736 2334 sicut

947 2359 962 2380 e
974 2351 1083 2380 diverso
1099 2352 1278 2387 blasphemia,
1299 2354 1407 2388 quando
1423 2355 1484 2388 quis
1499 2353 1673 2389 indecenter)
1690 2361 1736 2380 ve-

946 2405 1006 2425 rum
1022 2398 1104 2426 etiam
1119 2399 1324 2427 inscrutabilem
1341 2405 1369 2427 et
1384 2400 1649 2435 ininvestigabilem:
1664 2408 1733 2435 quo-

947 2445 1020 2472 niatn
1033 2453 1163 2473 arcanum
1178 2447 1248 2480 ejus,
1265 2452 1307 2474 est
1317 2448 1375 2481 ejus
1390 2447 1520 2474 infinitas.
1543 2447 1576 2474 Et
1593 2455 1646 2474 non
1673 2452 1734 2474 tan-

948 2495 1003 2518 tum
1020 2499 1073 2519 non
1092 2493 1334 2527 comprehemlitur
1349 2499 1460 2527 propter
1474 2494 1634 2520 inﬁnitatem
1651 2493 1734 2529 (quod

947 2537 1020 2564 enim
1034 2538 1209 2565 terminatum
1226 2544 1278 2573 est,
1293 2540 1538 2573 comprehemlilur
1554 2540 1587 2567 ab
1604 2547 1636 2566 eo
1651 2548 1665 2566 a
1680 2547 1735 2575 quo

946 2584 1128 2612 terminatur:
1143 2585 1212 2612 Deus
1224 2591 1313 2612 autem
1329 2592 1369 2613 est
1384 2588 1459 2613 locus
1469 2587 1590 2613 omnium
1604 2594 1655 2613 non
1673 2594 1735 2614 cor-

946 2629 1085 2663 poraliter,
1101 2631 1148 2657 sed
1172 2629 1311 2664 eil‘ective;
1329 2639 1391 2658 nam
1407 2631 1504 2659 cmlum
1531 2637 1558 2659 et
1585 2636 1685 2659 terram
1707 2638 1734 2660 et

945 2676 1035 2703 omnia
1052 2676 1109 2711 ipse
1124 2676 1238 2712 implet),
1255 2677 1376 2710 quinimo
1403 2677 1504 2704 nullum
1532 2682 1622 2704 exstat
1648 2677 1732 2705 vesti-

945 2722 1017 2756 gium
1030 2730 1125 2749 eorum
1140 2730 1200 2757 quae
1211 2723 1246 2749 ad
1257 2723 1315 2757 ejus
1329 2724 1539 2750 secretissimum
1568 2724 1731 2751 inﬁnitatem

945 2768 1127 2804 penetrarint.
1143 2769 1199 2796 Hoc
1214 2773 1303 2796 autem
1320 2769 1397 2801 dicit,
1411 2776 1464 2796 u0n
1480 2770 1557 2804 quasi
1573 2769 1654 2805 aliqui
1668 2769 1731 2804 qui-

915 2865 935 2881 ¹²
951 2861 1046 2889 Mulllt.
1064 2869 1102 2894 ll,
1117 2862 1162 2896 Η,
1185 2861 1229 2889 17.
1269 2866 1281 2881 ο
1298 2861 1307 2889 Ι
1327 2862 1389 2889 Cor.
1408 2869 1426 2889 ιι
1439 2881 1446 2894 ,
1462 2861 1504 2888 Η.
1543 2864 1557 2878 ⁶
1575 2860 1670 2888 Matth.
1692 2867 1731 2893 XI,
