1929 3068
201 149 254 181 618

784 153 813 181 S.
828 151 988 181 'DIONYSH
1006 151 1238 181 AREOPAGITIE

1779 156 1833 183 616

201 210 263 238 dum
275 215 308 236 eo
319 208 501 243 penetrarint,
511 215 606 236 eorum
614 216 678 237 vero
690 210 802 245 vestigia
814 218 866 237 nun
878 210 990 237 videan-

1044 208 1183 244 φαίνονται
1196 209 1224 235 δὲ
1237 208 1272 235 τά
1288 208 1348 244 ῖχνη
1362 208 1451 235 αὐτῶν
1463 217 1469 224 ·
1492 208 1550 236 ἀλλ’
1571 209 1610 236 ὅτι
1630 208 1694 236 οὔτε
1713 210 1833 246 διῆλθον,

200 261 265 288 tur;
280 255 328 282 sed
337 255 408 290 quod
418 262 507 290 neque
520 263 554 282 eo
568 257 758 290 pervenerint,
771 264 859 292 neque
876 255 990 290 vestigia

202 301 355 336 aliquorum
370 305 537 336 appareant;
551 302 688 336 quomodo
700 302 773 329 enim
787 303 871 329 videri
885 301 991 337 possint

203 347 317 379 vestigia
329 355 425 374 eorum
440 348 486 381 qui
501 355 555 374 non
570 347 778 375 transiverunt?

237 392 318 428 302
328 392 384 420 Etsi
400 396 488 420 autent
500 393 561 427 quis
579 393 674 420 audiat
691 393 761 420 hanc
771 392 991 427 esseincompre—

203 438 374 471 hensibilem,
387 446 440 466 non
457 442 547 466 tamen
566 439 625 474 ejus
648 439 757 466 bonitas
771 438 816 466 ulli
828 438 939 466 omnino
949 442 991 465 est

203 491 317 519 prorsus
334 484 612 517 incommunicabilis,
631 487 679 512 sed
695 485 818 512 divinum
840 485 944 512 radium
964 485 1005 511 int

204 530 353 564 semetipso
367 529 504 558 stabiliter
516 530 654 557 ﬁrmatum
668 529 769 569 (neque
794 530 867 556 enim
890 537 905 556 a
926 537 991 564 pro-

203 577 321 612 prietate
335 584 384 604 sua
402 576 550 611 quidquam
573 577 686 611 recedit)
704 575 916 612 proportionutis
931 575 991 603 cui-

204 624 269 651 libet
281 624 319 651 rei
333 623 559 651 illustrationibus
575 628 623 659 par
639 623 786 651 bonitatem
803 623 920 658 benigne
933 623 991 650 dis—

205 670 346 703 tributum,
371 670 522 698 secundum
539 670 648 697 modum
664 673 692 697 et
711 670 834 697 ordinem
860 668 993 703 cujusque

204 721 309 743 natura:
319 717 461 752 expandit.
475 716 553 750 Quod
567 716 640 743 enim
656 715 791 743 duntaxat
803 719 855 748 est,
882 716 992 750 proprie

203 763 349 798 participat
359 763 507 791 essentiam
520 763 547 790 in
563 767 695 798 quantum
718 767 772 793 est,
801 763 872 796 quod
900 767 991 789 autent

203 810 280 843 vivit,
293 810 403 844 proprie
415 809 501 836 vitam
514 809 540 836 in
557 814 687 844 quantum
700 809 782 841 vivit;
796 809 869 844 quod
888 808 993 836 ratione

204 862 349 890 menteque
367 857 510 890 praeditum
522 861 574 887 est,
587 856 697 890 proprie
710 855 736 882 id
759 856 846 890 ipsum
862 855 888 882 in
905 862 987 890 quau-

204 907 260 930 tnm
274 903 381 930 ratione
393 907 538 936 menteque
551 901 644 935 pollet.
673 901 744 934 Quin
759 901 841 928 etiam
854 901 888 929 ad
902 909 991 935 quan-

203 951 261 975 tum
273 947 315 975 fas
327 951 369 975 est
380 947 422 975 sui
435 947 704 982 contemplationem,
720 954 754 974 ex
766 954 819 982 qua
835 944 990 974 communio

202 993 407 1028 similitudoque
417 993 562 1025 exsistunt,
571 997 680 1020 sanctos
687 993 798 1027 angelos
808 993 921 1023 excitat.
928 993 990 1020 dum

202 1038 237 1066 ad
254 1039 354 1070 bonum
369 1038 432 1065 illud
448 1045 498 1073 pro
514 1038 620 1065 viribus
631 1038 823 1070 conuituntur,
843 1037 924 1064 modo
938 1044 991 1064 non

203 1084 359 1116 sublimius,
373 1091 455 1119 quam
472 1091 522 1119 pro
534 1091 628 1111 eorum
640 1088 722 1118 captu
745 1082 838 1110 divina
863 1083 918 1110 l'ert
931 1083 993 1110 illn-

202 1130 309 1161 stratio,
328 1131 480 1158 insolenter
497 1129 598 1163 aliquid
616 1133 782 1163 praesumant
796 1148 804 1162 ,
818 1135 868 1156 nec
881 1129 907 1156 in
922 1136 993 1164 pra:-

203 1184 267 1211 ceps
288 1183 418 1210 perversa
436 1175 617 1211 propensione
638 1175 784 1207 labantur,
802 1175 848 1202 sed
864 1195 872 1207 ,
903 1174 991 1210 quoad

203 1226 330 1257 possunt,
358 1227 520 1249 constanter
547 1226 575 1248 et
601 1220 736 1248 irreﬂexis
762 1220 848 1248 oculis
869 1220 990 1248 illucenti

203 1268 282 1295 radio
294 1268 471 1299 olitueautur.
487 1274 538 1294 nec
555 1275 620 1300 non,
635 1274 728 1294 amore
741 1266 853 1294 indultis
868 1266 918 1294 sibi
935 1266 993 1295 col-

204 1313 412 1341 lustrationibus
428 1320 584 1341 commenso
596 1321 656 1340 cum
673 1321 752 1340 sacra
776 1313 895 1348 quadam
915 1321 992 1341 revea

205 1360 296 1387 rentia
324 1361 446 1387 modeste
462 1364 614 1394 sancteque
629 1367 738 1386 sursum
763 1359 882 1386 evolent.
910 1359 993 1387 Recte

204 1406 281 1434 addit
301 1405 332 1432 τὸ
354 1405 504 1438 ἀδυνάτως,
533 1406 558 1433 id
575 1410 616 1433 est
644 1406 816 1440 impotenter;
840 1406 891 1433 etsi
921 1406 991 1433 enim

204 1451 341 1487 quispiam
354 1452 476 1484 tcutarit,
498 1452 609 1479 tniuime
629 1451 794 1485 assequitur,
814 1452 861 1478 sed
889 1455 991 1477 tantum

205 1498 359 1525 intellectus
378 1498 466 1525 oculis
480 1498 643 1530 obscuratis,
661 1498 743 1525 etiam
766 1505 780 1523 τι
808 1504 872 1524 vero
890 1497 993 1524 lumine

205 1544 318 1578 excidit,
330 1551 383 1571 non
399 1551 479 1571 secus
489 1550 521 1571 ac
533 1545 578 1578 qui
592 1544 728 1579 integrum
740 1543 825 1571 solem
838 1543 915 1571 oculo
930 1549 991 1580 eor-_
1005 1557 1028 1586 α

204 1598 287 1626 poreo
303 1591 428 1625 excipere
444 1591 595 1618 contendit.
613 1590 670 1618 Hoc
686 1598 747 1618 cuttt
760 1590 859 1618 divina:
878 1589 993 1618 virtutes

207 1637 351 1665 insinuare
364 1636 474 1669 vellent,
487 1636 628 1664 cherubim
642 1641 670 1664 et
683 1636 833 1671 serapltim.
851 1636 935 1663 facies
954 1640 994 1662 te-

206 1687 282 1718 gunt,
299 1681 478 1714 declarantes,
491 1689 521 1709 se
537 1690 590 1709 non
612 1682 747 1709 inluerere
770 1681 992 1715 contemplationi

207 1727 357 1755 snblimiori
376 1735 456 1762 quant
475 1727 542 1762 ipsis
562 1735 694 1755 concessa
706 1727 753 1755 sit.
767 1727 856 1762 Atque
876 1727 928 1753 hoc
936 1731 991 1754 est:

206 1773 290 1801 Deum
303 1779 376 1800 nemo
392 1774 458 1800 vidit
485 1778 599 1809 unquam
614 1778 639 1800 <1.
665 1773 740 1801 Unde
763 1773 810 1808 qui
836 1772 926 1800 divina
946 1780 992 1798 sa-

205 1820 295 1852 piunt,
308 1820 422 1854 gloriam
438 1819 497 1853 Dei,
511 1827 564 1847 non
588 1824 678 1847 autem
705 1818 891 1853 ipsutn‘Deum
905 1818 993 1845 visum

206 1872 346 1893 asserunt.

242 1910 314 1946 §lll.
338 1910 466 1946 liasergo
481 1911 587 1939 divinas
611 1911 704 1939 lances
727 1911 866 1938 imitantes
880 1910 925 1946 (id
951 1914 994 1938 est

207 1957 327 1984 divinant
344 1957 502 1992 mquitatem
523 1957 715 1991 seujustitiam
739 1957 901 1988 salutarem.
926 1964 993 1991 quo-

205 2003 278 2030 niant
293 2002 488 2030 illustrationes
500 2002 650 2030 secundum
665 2002 772 2031 modum
785 2002 993 2030 convenientem

205 2047 301 2083 ﬁunt),
330 2055 378 2083 per
394 2055 461 2083 quas
486 2048 614 2076 nimirum
639 2049 731 2076 lances
757 2048 887 2083 angelicae
909 2048 992 2075 etiam

205 2094 331 2126 virtutes,
344 2094 494 2122 secundum
507 2095 700 2122 convenientes
714 2094 779 2130 ipsis
795 2094 993 2122 illustrationes

205 2141 410 2174 gubernantur;
426 2140 560 2175 siquidem
577 2141 650 2175 quod
663 2146 780 2168 mentem
793 2141 993 2176 essentiamque

207 2192 318 2221 superat
333 2188 456 2214 omnium
470 2187 516 2222 qui
529 2187 565 2214 dii
579 2186 757 2222 appellantur,
775 2188 932 2223 angelorum
949 2189 994 2215 in-

1041 253 1103 280 οὔτε
1122 254 1181 290 ἴχνη
1194 254 1275 281 τινῶν
1286 255 1425 289 φαίνονται
1438 262 1445 269 ·
1460 254 1518 287 πῶς
1530 255 1585 291 γὰρ
1594 255 1650 282 τῶν
1661 255 1698 291 μὴ
1717 256 1836 284 διελθόν-

1040 307 1095 326 των
1111 299 1171 335 ῐχνη
1187 300 1350 335 φανήσονται
1360 307 1368 332 ;

1078 390 1115 417 Οὐ
1132 391 1184 426 μὴν
1195 390 1223 417 δὲ
1237 391 1261 417 ει
1273 390 1366 418 ἀκούει
1378 399 1420 423 τις
1439 391 1626 427 ἀπερίληπτον
1643 391 1762 428 ταύτην,
1783 392 1833 428 ἠδη

1041 436 1089 464 καὶ
1100 436 1282 472 ἀκοινώνητόν
1295 437 1353 464 ἐστι
1366 436 1480 464 καθόλου
1492 438 1539 464 καὶ
1556 437 1695 470 παντελῶς
1711 438 1742 464 τὸ
1763 438 1826 472 ἀγα-

1042 482 1087 509 θὸν
1105 483 1190 518 αὐτῆς
1205 483 1260 510 τῶν
1272 484 1356 511 ὅντων
1366 482 1464 516 οὐδενὶ,
1475 484 1532 512 ἀλλ’
1544 485 1587 519 ἐφ’
1600 485 1697 512 ἑαυτοῦ
1711 486 1834 521 μονίμως

1043 529 1153 566 ἱδρῦσαν
1166 529 1215 565 τὴν
1227 530 1303 557 θείαν
1317 531 1414 558 ἀκτῖνα
1421 531 1451 557 τὸ
1464 531 1565 565 ἀγαθὸν
1578 531 1648 567 (οὐδὲ
1657 531 1712 567 γὰρ
1728 531 1830 565 ἐξιστα-

1041 585 1087 603 ται
1107 576 1178 603 κατά
1190 585 1217 602 τι
1237 576 1288 611 τῆς
1307 576 1437 612 ἰδιότητος
1460 576 1579 613 αὐτοῦ’)
1603 577 1783 613 μετεχόμενον
1801 577 1834 604 δι’

1042 620 1199 657 ἀγαθότητα
1207 621 1377 655 ἐπιφαίνεται
1387 620 1586 657 ἀγαθοπρεπῶς
1593 621 1648 649 τῶν
1656 622 1770 650 ἑκάστου
1780 623 1835 650 τῶν

1042 667 1127 694 ὅντων
1140 667 1280 702 ἀναλόγως
1296 667 1457 704 ὲλλάμψεσι,
1471 668 1542 695 κατά
1553 663 1584 695 το
1595 668 1695 705 μέτρον
1715 670 1763 696 καὶ
1784 669 1835 706 τὴν

1042 712 1123 746 τάξιν
1135 713 1187 748 τῆς
1200 713 1315 740 ἑκάστου
1328 714 1445 749 φύσεως.
1458 714 1495 741 Τὸ
1507 714 1562 750 γὰρ
1575 714 1663 750 μόνως
1675 715 1705 741 ὃν
1725 715 1834 751 μετέχει

1042 759 1089 786 τοῦ
1105 760 1207 796 κυρίως
1220 760 1296 792 ὄντος
1310 760 1378 787 καθὸ
1389 760 1419 787 ὃν
1429 768 1435 775 ·
1455 754 1486 787 τὸ
1501 760 1530 787 δὲ
1549 760 1635 793 ζῶον,
1658 760 1705 788 τοῦ
1731 762 1834 798 κυρίως

1043 806 1153 839 ζῶντος,
1171 804 1239 834 καθὸ
1250 805 1304 839 ζῶν
1314 815 1320 821 ·
1333 805 1364 833 τὸ
1375 806 1483 841 λογικόν
1495 814 1525 833 τε
1543 807 1591 834 καὶ
1604 807 1708 844 νοερὸν,
1724 807 1770 834 τοῦ
1783 817 1833 835 κυ-

1044 853 1108 889 ρίως
1119 852 1252 885 τοιούτου,
1265 852 1333 879 καθὸ
1341 852 1448 887 λογικόν
1455 861 1485 879 τε
1496 853 1543 879 καὶ
1555 852 1656 889 νοερόν.
1673 854 1734 880 Ἔτι
1746 853 1774 880 δὲ
1787 853 1836 880 καὶ

1043 899 1112 935 πρὸς
1129 899 1179 936 τὴν
1191 899 1304 935 ὲφικτὴν
1316 899 1398 926 αὑτοῦ
1415 898 1542 936 θεωρίαν,
1559 899 1588 933 ἐξ
1601 897 1635 935 ἧς
1647 900 1694 927 καὶ
1705 900 1722 936 ἡ
1735 909 1835 927 κοινω-

1042 944 1088 972 νία
1100 944 1168 977 ἐστὶ,
1181 945 1228 972 καὶ
1248 944 1279 977 ea
1300 945 1386 980 αὐτῆς
1407 946 1424 980 ἡ
1446 944 1594 980 ὁμοίωσις,
1617 945 1752 972 ἀνατείνει
1770 946 1834 978 τοὺς

1043 991 1134 1028 ἱεροὺς
1143 991 1275 1026 ἀγγέλους
1285 991 1490 1023 ἐπιϐάλλοντας,
1499 991 1536 1023 ὡς
1545 991 1664 1026 θεμιτὸν,
1673 990 1712 1026 τῷ
1721 991 1835 1027 τοιούτῳ

1042 1037 1146 1074 ἀγαθῷ,
1162 1038 1209 1065 καὶ⁸
1223 1038 1292 1074 μήτε
1307 1030 1374 1073 πρὸς
1388 1037 1419 1063 τὸ
1430 1037 1578 1073 ὑπέρτερον
1598 1036 1648 1072 τῆς
1668 1037 1834 1073 έναρμονίως

1042 1085 1089 1112 καὶ
1099 1084 1238 1116 εὐτάκτως
1250 1083 1422 1119 ἐνδιδομένης
1434 1083 1596 1118 θεοφανείας
1605 1103 1612 1116 ,
1635 1082 1710 1119 παρὰ
1732 1082 1781 1118 τὴν
1793 1083 1834 1109 δύ-

1042 1140 1124 1167 ναμιν
1135 1130 1226 1157 αὐτῶν
1237 1129 1533 1165 ἀπαυθαδιαξομένους,
1551 1130 1619 1166 μήτε
1640 1128 1709 1165 πρὸς
1733 1129 1764 1156 τὸ
1785 1130 1834 1157 κά-

1042 1186 1137 1210 ταντες
1148 1177 1181 1204 ὲκ
1188 1177 1237 1212 τῆς
1250 1177 1298 1204 ἐπὶ
1307 1177 1339 1204 τὸ
1348 1178 1437 1212 χεῖρον
1448 1175 1570 1211 ύφέσεως
1582 1175 1834 1208 ἀπολισθαίνοντας,

1042 1223 1100 1250 ἀλλ’
1128 1223 1244 1259 ἑδραίως
1264 1222 1311 1250 καὶ
1336 1221 1453 1254 ἀκλινῶς
1473 1222 1697 1257 ἀνατεινομὲνους
1720 1221 1767 1248 ent
1784 1221 1836 1257 τὴν

1042 1268 1214 1305 ινδιδομένην
1228 1269 1334 1301 ἀκτῖνα,
1352 1267 1413 1295 καθ’
1437 1268 1498 1295 ὅσον
1523 1268 1614 1300 αὐτοῖς
1632 1269 1689 1294 ἐστι
1710 1267 1835 1298 δυνατὸν,

1042 1315 1089 1342 καὶ
1102 1313 1355 1350 ἀναπτερουμένους
1377 1313 1520 1350 σωφρόνως
1534 1321 1564 1339 τε
1586 1314 1632 1341 καὶ
1654 1312 1776 1345 εὐλαϐῶς
1795 1312 1837 1349 τῷ

1044 1360 1192 1396 συμμέτρῳ
1206 1360 1287 1396 ἔρωτι
1297 1359 1351 1386 τῶν
1366 1359 1480 1386 καθόσον
1494 1359 1533 1386 ἔνι
1544 1359 1646 1395 πρέπον
1661 1359 1706 1385 καὶ
1721 1358 1836 1385 δυνατὸν

1042 1406 1213 1442 ἑλλάμψεων.
1228 1405 1326 1438 Καλῶς
1337 1405 1366 1432 δὲ
1381 1405 1411 1432 τὸ
1430 1405 1586 1437 ἀδυνάτως
1596 1413 1602 1419 ·
1626 1404 1677 1431 κᾶν
1695 1404 1750 1440 γὰρ
1773 1406 1836 1433 £7".-

1042 1452 1158 1489 χειρήσῃ
1171 1461 1223 1485 τις,
1237 1451 1287 1478 οὺκ
1300 1452 1451 1486 ἐφικνεῖται
1464 1451 1524 1486 μὲν,
1542 1451 1620 1486 μόνον
1631 1450 1659 1477 δὲ
1673 1450 1722 1482 τὰς
1736 1450 1836 1486 νοερᾶς

1042 1498 1117 1533 δψεις
1127 1499 1202 1534 ἀμαυ
1209 1498 1347 1534 ρούμενος,
1360 1497 1405 1524 καὶ(¹
1420 1496 1466 1524 τοῦ
1479 1496 1562 1528 ὄντως
1583 1496 1710 1523 ἐκπίπτει
1732 1496 1835 1531 φωτὸς,

1043 1545 1139 1582 ὥσπερ
1153 1546 1167 1571 ὁ
1182 1544 1371 1580 φιλονεικήσας
1381 1543 1440 1570 ὅλον
1454 1543 1529 1578 ἥλιον
1542 1542 1581 1578 τῷ
1595 1542 1742 1578 σωματικῷ
1756 1541 1836 1575 δέξας

1045 1592 1107 1619 σθαι
1121 1591 1262 1626 ὀφθαλμῷ.
1274 1591 1362 1625 Ὅπερ
1377 1589 1404 1616 αι
1420 1589 1489 1615 θεῖαι
1501 1589 1628 1624 δυνάμεις
1638 1588 1836 1624 αἰνιττόμεναι,

1044 1638 1175 1674 χερουϐὶμ
1188 1637 1235 1663 καὶ
1249 1637 1378 1672 σεραφὶμ,
1400 1635 1434 1661 τὰ
1447 1635 1581 1670 πρόσωπα
1593 1634 1771 1666 καλύπτουσι,
1791 1634 1836 1670 δη-

1043 1683 1140 1710 λοῦντα
1158 1683 1194 1718 μὴ
1211 1681 1382 1718 προσερίζειν
1404 1683 1437 1717 τῇ
1454 1681 1525 1716 ὑπὲρ
1548 1681 1646 1712 αὐτοὺς
1668 1680 1769 1716 θεωρίᾳ
1797 1681 1836 1717 μὴ

1043 1728 1184 1764 δεδομένῃ.
1202 1729 1256 1754 Καὶ
1276 1727 1355 1754 τοῦτό
1372 1728 1430 1753 ἐστι
1445 1726 1475 1753 τὸ
1487 1746 1495 1757 ,
1512 1725 1586 1753 Θεὸν
1600 1726 1700 1758 οὐδεὶς
1722 1726 1836 1760 ἑώρακε

1044 1775 1170 1802 πώποτε.
1185 1775 1264 1802 Ὅθεν
1278 1775 1302 1801 οἱ
1317 1773 1440 1808 θεόσοφοι
1452 1772 1530 1806 δόξαν
1541 1771 1620 1805 Θεοῦ,
1637 1772 1695 1799 ἀλλ’
1709 1773 1738 1799 οὺ
1765 1770 1836 1800 Θεὸν

1044 1822 1197 1858 ἑωρακέναι
1214 1821 1290 1856 φασί.

1080 1915 1094 1952 §
1113 1916 1158 1942 III.
1175 1913 1286 1945 Τούτοις
1301 1913 1428 1948 ἑπόμενοι
1438 1912 1494 1944 τοῖς
1513 1911 1596 1943 θείοις
1617 1911 1719 1946 ζυγοῖς,
1733 1911 1836 1947 (ἤγουν

1044 1963 1076 1998 τῇ
1092 1961 1223 1997 θεαρχικῇ
1251 1958 1374 1992 ἐξισώσει
1398 1958 1445 1985 καὶ
1465 1959 1585 1993 σωστικῇ
1600 1957 1769 1994 δικαιοσύνῃ,
1793 1958 1837 1985 ὅτι

1044 2008 1114 2035 κατά
1124 2008 1154 2034 τὸ
1165 2006 1301 2042 προσῆκον
1314 2005 1411 2040 μέτρον
1423 2005 1450 2031 αἱ
1458 2004 1605 2039 ὲλλάμψεις
1614 2004 1734 2038 γίνονται
1742 2004 1761 2039 ·)
1772 2004 1837 2031 καθ’

1043 2053 1090 2086 οὒς
1101 2052 1200 2087 ζυγοὺς
1211 2050 1448 2086 διακυὸερνοῦνταί
1471 2049 1518 2075 καὶ
1539 2049 1566 2074 αἱ
1587 2049 1732 2083 ἀγγελικαὶ
1752 2049 1838 2076 δυνά-

1045 2109 1106 2137 μεις
1119 2099 1159 2131 είς
1172 2098 1222 2129 τὰς
1235 2095 1425 2133 προσηκούσας
1446 2093 1591 2130 suane“;
1609 2094 1719 2126 αὑταῖς·
1739 2094 1770 2121 τὸ
1785 2095 1837 2130 μὲν

1044 2147 1115 2183 ὑπὲρ
1127 2145 1190 2173 νοῦν
1201 2144 1249 2172 καὶ
1267 2143 1361 2170 οὐσίαν
1371 2143 1420 2178 τῆς
1435 2142 1630 2177 παμϐασιλίδος
1645 2141 1768 2177 Τριάδος,
1787 2143 1839 2169 καὶ

1044 2194 1098 2222 τῶν
1113 2191 1267 2228 λεγομένων
1279 2189 1365 2221 θεῶν,
1380 2189 1451 2224 φημὶ
1465 2187 1588 2222 ἀγγέλων
1610 2195 1641 2213 τε
1670 2187 1718 2214 καὶ
1736 2188 1837 2222 ἁγίων,

207 2240 288 2268 quam
304 2237 331 2259 et
341 2238 511 2266 sanctorum,
529 2234 710 2269 imperatricis
720 2242 752 2260 ac
762 2235 862 2269 reginze
875 2233 992 2261 Trinita-

1048 2239 1196 2277 ἀρχούσης,
1210 2238 1241 2265 τὸ
1255 2236 1369 2273 κρύφιον
1383 2235 1430 2261 καὶ
1443 2233 1633 2269 ἀκατάληπτον
1655 2233 1838 2270 ἀνεξερευνή-

210 2278 245 2306 lis
258 2286 387 2306 arcanum
407 2278 471 2306 illud
487 2280 763 2312 incompreltensibile
785 2287 800 2307 a
823 2281 992 2308 scrutatione

207 2324 301 2352 vacuis
317 2324 417 2352 mentis
434 2326 667 2358 venerationibus,
692 2325 837 2354 inetl‘abilia
850 2334 914 2354 vero
934 2335 991 2354 mo-

205 2371 286 2398 desto
308 2371 424 2405 quodam
455 2371 564 2398 silentio
582 2376 780 2406 prosequentes
794 2392 802 2406 ,
831 2372 992 2407 fulgoribus,

207 2417 254 2452 qui
267 2418 346 2444 nobis
361 2424 377 2444 e
394 2417 498 2444 sanctis
513 2416 634 2452 Eloquiis
648 2417 789 2452 ali'ulgeul.
808 2419 992 2452 attendamus,

207 2465 235 2488 et
249 2467 264 2487 a
277 2460 428 2496 Scripturis
445 2461 582 2493 illustrati,
598 2463 631 2489 ad
645 2463 751 2490 divinas
763 2463 865 2495 laudes,
881 2465 937 2491 sive
952 2464 993 2491 di-

209 2505 271 2532 vina
289 2506 398 2533 nomina
412 2507 572 2542 dirigamur.
589 2507 688 2535 \‘erum
719 2517 771 2535 non
787 2509 824 2536 ita
850 2509 993 2544 dirigimur

208 2551 289 2587 303
304 2552 528 2588 eteﬂ'ormamur,
545 2559 575 2581 ut
586 2555 811 2584 irrationabiliter
829 2561 857 2584 et
868 2557 994 2592 imperite

208 2606 367 2634 sequamur,
389 2606 418 2627 et
430 2600 547 2627 obscure
556 2602 753 2635 quodammodo
768 2609 799 2630 ac
812 2603 870 2630 sine
881 2603 992 2636 lumine,

209 2645 257 2672 sed
271 2645 307 2672 ita
323 2650 352 2673 ut
367 2646 410 2673 illa
424 2647 541 2675 videndo
556 2654 711 2676 commensa
734 2656 841 2684 quoque
860 2650 938 2677 nobis
952 2649 993 2677 lu-

210 2692 284 2719 mina
297 2694 483 2728 prabeantur,
511 2695 609 2730 quibus
623 2695 759 2727 inStructi,
775 2696 938 2731 principium
965 2701 993 2724 et

209 2747 321 2767 causam
335 2741 424 2769 omnis
436 2741 624 2770 illustrationis
637 2743 830 2771 collaudemus.
852 2745 993 2778 Quomodo

210 2792 300 2814 autem
313 2786 348 2814 sit
362 2787 525 2823 principium
540 2793 566 2816 ct
579 2796 672 2824 causa,
687 2790 746 2827 ipse
765 2791 895 2820 Dominus
907 2792 934 2820 in
950 2799 995 2821 sa-

280 2896 294 2916 ει
309 2890 386 2919 Joan.
404 2900 423 2924 ι,
441 2893 482 2921 l8.

1045 2295 1102 2318 τοις
1114 2285 1172 2316 νοὸς
1183 2281 1350 2313 εὐλαϐείαις,
1363 2279 1397 2306 τὰ
1410 2279 1438 2306 δὲ
1451 2279 1558 2315 ἄρρητα
1570 2278 1688 2314 σώφρονι
1701 2279 1837 2315 τιμῶντες

1047 2334 1120 2368 σιγῇ,
1131 2331 1178 2358 ἐπὶ
1187 2330 1236 2362 τὰς
1251 2326 1421 2362 ὲνδιδομένας
1431 2325 1519 2360 αὐγὰς
1539 2325 1614 2361 παρά
1631 2325 1687 2352 τῶν
1714 2325 1836 2361 Γραφῶν

1046 2375 1259 2412 ἀνατεινόμεθα,
1280 2375 1327 2401 καὶ
1349 2373 1424 2409 παρὰ
1440 2371 1495 2398 τῶν
1512 2370 1628 2407 Γραφῶν
1651 2371 1837 2405 φωταγωγοῦ-

1048 2425 1128 2462 μεθα,
1143 2424 1190 2451 καὶ
1204 2422 1272 2458 πρὸς
1282 2421 1332 2453 τὰς
1347 2418 1508 2462 ὑμνολογίας
1521 2417 1570 2449 τὰς
1587 2416 1671 2450 θείας,
1688 2416 1769 2460 οἱονεὶ
1782 2417 1836 2450 τὰς

1045 2461 1120 2503 θείας
1133 2468 1280 2505 ὀνομασίας
1305 2461 1512 2500 κανονιζόμεθα.
1535 2463 1572 2489 Οὐ
1590 2462 1786 2498 κανονιζόμεθα
1803 2463 1834 2490 δὲ

1045 2518 1092 2544 καὶ
1102 2513 1260 2550 τυπούμεθα
1270 2512 1365 2544 οὕτως,
1378 2511 1448 2538 ὥστε
1463 2509 1567 2543 ἀλόγως
1580 2507 1627 2535 καὶ
1640 2508 1753 2544 ἀμαθῶς
1766 2509 1833 2535 ἒπε-

1045 2563 1118 2594 σθαι,
1131 2560 1179 2587 καὶ
1189 2557 1244 2586 οἷον
1258 2556 1402 2588 σκοτεινῶς
1413 2554 1460 2582 καὶ
1470 2554 1640 2589 ἀφωτίστως,
1657 2553 1724 2581 ἀλλὰ
1736 2555 1784 2582 σὺν
1792 2554 1833 2590 τῷ

1044 2609 1109 2645 ὁρᾷν
1121 2607 1167 2634 καὶ
1178 2605 1212 2632 τὰ
1238 2603 1401 2640 συμμέτρως
1424 2600 1457 2628 δι’
1471 2600 1559 2627 αὐτῶν
1574 2601 1639 2635 ἡμῖν
1659 2599 1833 2636 παρεχόμενα

1045 2654 1132 2690 φῶτα,
1148 2652 1194 2679 καὶ
1207 2651 1256 2687 τὴν
1267 2649 1353 2686 ἀρχὴν
1362 2648 1409 2676 καὶ
1422 2647 1509 2674 αἰτίαν
1521 2646 1630 2682 ἀπάσης
1645 2646 1832 2681 φωτοφανείας

1044 2699 1148 2736 ὒμνεῖν.
1160 2698 1222 2730 Πῶς
1236 2697 1264 2724 δέ
1273 2698 1345 2723 ἐστιν
1357 2694 1427 2730 ἁρχὴ
1441 2694 1488 2720 καὶ
1500 2693 1574 2719 αίτία
1584 2712 1590 2721 .
1604 2692 1687 2724 αὐτὸς
1704 2693 1718 2719 ὸ
1728 2691 1831 2728 Κύριος

1044 2747 1117 2782 λέγει
1134 2747 1163 2772 ὲν
1177 2746 1233 2777 τοῖς
1244 2744 1327 2779 ἱεροῖς
1346 2740 1538 2776 Εὐαγγελίοις·
1564 2737 1633 2773 Ἐγώ
1650 2739 1710 2774 ειμι
1723 2739 1743 2772 ἠ
1761 2737 1829 2772 ζωὴ,

1045 2792 1094 2820 καὶ
1106 2792 1125 2826 ἡ
1138 2790 1315 2823 ἀνάστασις.
1329 2787 1390 2824 Zur?)
1413 2786 1467 2814 τῶν
1480 2784 1718 2820 ἁπολισθησάντων
1732 2784 1772 2815 εἰς
1779 2782 1831 2818 τὴν
