1929 3068
109 169 164 197 617

397 166 442 194 DE
461 165 588 194 DIVINIS
606 163 806 196 NOMINlBUS,
823 161 900 190 CAP.

958 177 993 182 —
1009 160 1171 188 PARAPHR
1178 182 1184 189 .
1202 161 1436 190 ΡᾹΟΠΥΜΕΒᾸΞ.

1680 165 1734 194 618

106 227 157 254 τοῦ
168 226 301 258 θεοειδοῦς
312 224 503 261 παραφθορὰν·
516 224 530 250 ὃ
543 224 597 258 γὰρ
611 222 698 258 φθορὰ
713 223 769 254 τοῖς
780 221 898 256 σώμασι,

953 220 1006 247 eris
1017 219 1173 255 Evangeliis
1189 221 1243 248 ait:
1273 220 1329 256 Ego
1340 230 1398 248 sum
1423 223 1476 250 vita
1498 227 1522 250 et
1539 225 1694 253 resurrectio
1708 228 1732 252 ν.

108 271 189 298 τοῦτο
196 271 296 306 ψυχαῖς
309 270 326 305 ἡ
334 269 382 296 τοῦ
395 269 529 300 θεοειδοῦς
542 267 706 304 παραφθορά
717 275 724 281 ·
751 266 898 296 ἀνάστασις

108 318 165 344 τῶν
179 317 397 345 ἁποπιπτόντων.
413 316 472 342 Ἔτι
486 315 514 342 δὲ
525 315 579 341 τῶν
594 314 665 341 κατά
680 322 741 340 τινα
755 312 833 340 ἄλλον
856 312 901 338 λο-

109 364 209 400 γισμὸν
229 363 336 399 ἀνίερον
349 362 546 397 σαλευομένων,
562 360 633 387 ὥστε
647 359 711 395 παρ’
729 358 816 393 ὀλίγον
824 358 901 393 ἐκχυ-

110 410 190 445 θῆναι
204 410 239 436 τὰ
255 409 325 436 κατὰ
335 408 402 436 Θεὸν
415 408 582 443 διαδήματα,
595 407 698 442 ἵδρυσις
712 405 783 441 ίερὰ,
799 405 839 431 ὅτι
853 404 901 430 καὶ

109 457 124 483 ὸ
138 456 218 488 σάλος
232 456 337 492 ἀνίερος
347 464 354 470 ”
366 454 400 482 τὰ
415 455 443 481 δὲ
458 453 567 481 ἐναντία
580 453 634 480 τῶν
646 453 775 480 ἐναντίων
787 452 899 487 ἰάματα.

111 503 173 528 Ἔτι
184 502 237 528 τῶν
249 501 401 537 ἑστηκότων
412 500 545 535 ἀσφάλεια
555 508 561 515 ·
578 500 628 526 Ἐν
637 498 677 531 τῷ
686 497 746 530 Θεῷ
753 497 807 533 γὰρ
817 496 901 529 ποιή-

110 555 202 583 σομαι
213 547 352 582 δύναμιν,
368 547 450 582 φησὶν
464 547 478 573 ὁ
488 546 580 572 Δαυίδ.
592 545 648 572 Καί⁵
660 544 714 571 τῶν
725 543 900 578 ἀναγομένων

109 594 157 621 διὰ
171 593 288 630 θεωρίας
301 594 346 620 ἐπ’
366 593 451 629 αὐτὴν
467 592 650 629 χειραγωγία·
673 591 714 618 ἔτι
737 590 793 626 γὰρ
811 589 900 617 αὐτῶν

111 641 278 672 καλούντων,
295 640 369 676 ἐρεῖ·
399 639 465 666 Ἰδοὺ
480 639 604 674 πάρειμι.
619 639 674 665 Καὶ
689 638 757 673 μετὰ
768 637 817 673 τὴν
836 637 901 663 ἁνα-

110 686 204 722 γωγὴν
214 686 272 713 τῶν
288 684 480 721 φωτιζομένων
493 685 634 720 ἕλλαμψις,
649 684 697 711 καὶ
706 683 842 719 βαθμηδὸν
856 683 878 698 ⁸⁸
892 683 899 692 ⁴

110 732 166 760 τῶν
176 732 356 768 τελουμένων,
372 731 502 767 ἀρχὴτῆς
513 731 603 758 αὐτῶν
620 731 772 767 προκοπῆς,
785 729 832 756 καὶ
845 728 900 755 τῶν

111 777 265 813 θεουμένων
279 777 320 804 ἔτι
334 777 459 813 θεαρχία.
477 778 532 804 Καὶ
546 777 586 804 ἐτι
600 777 655 804 τῶν
674 777 728 804 ἀπὸ
749 777 799 812 τῆς
820 775 901 802 πολυ-

112 823 241 850 συνθέτου
256 823 322 859 ὕλης
332 823 550 859 ἀπογενομένων,
563 823 611 850 καὶ
629 823 805 858 ἁπλουμένων
819 821 901 848 ἁπλό-

110 877 171 904 της,
186 870 233 896 καὶ
254 869 309 895 τῶν
323 870 487 906 ένιζομένων
504 870 552 896 καὶ
570 869 601 896 τὺ
615 868 716 904 κυρίως
735 868 764 895 ἓν
779 868 900 895 καταλα-

952 265 1012 294 Vita
1028 273 1123 293 eorum
1149 267 1195 301 qui
1227 267 1348 295 divinam
1362 269 1507 304 imaginem
1524 270 1550 297 in
1563 279 1592 298 se
1608 272 1736 299 aboleve-

951 316 1030 344 runt;
1044 313 1116 346 quod
1131 313 1204 340 enim
1219 312 1345 340 interitus
1359 320 1402 341 est
1415 315 1585 349 corporibus,
1611 316 1662 344 hoc
1678 318 1738 344 ani—

952 357 1004 384 mis
1014 358 1112 385 divina).
1125 358 1252 394 imaginis
1263 359 1391 394 abolitio;
1407 363 1571 390 resurrectio
1581 371 1675 391 eorum
1690 366 1736 399 qui

951 404 1125 432 exciderunt.
1140 404 1181 432 Ad
1197 406 1255 433 haec
1268 413 1335 434 vero
1351 407 1459 441 impuro
1475 413 1550 436 motu
1569 411 1738 443 nutantium,

952 450 989 478 ita
1008 455 1038 478 ut
1054 450 1129 478 aDei
1154 452 1277 486 vestigiis
1303 453 1464 488 semitisque
1492 455 1551 482 fere
1574 457 1737 491 exciderint.l

952 504 1060 524 sacrum
1076 497 1292 530 ﬁrmamentum,
1311 499 1440 532 quoniam
1466 501 1573 529 nutatio
1590 502 1641 530 ista
1658 511 1738 538 pror-

952 551 998 572 sus
1015 543 1120 575 itnpura
1134 547 1194 576 est;
1211 545 1351 571 contraria
1367 550 1457 572 autem
1479 549 1624 576 contrariis
1641 556 1739 577 curan-

953 594 1007 617 tur.
1022 590 1062 617 Ad
1079 590 1136 617 lucc
1151 591 1282 617 stantium
1299 592 1451 619 securitas:
1466 592 1500 619 In
1516 592 1568 621 Deo
1589 595 1674 628 enim,
1697 596 1740 623 in-

952 636 1009 670 quit
1022 635 1117 668 David,
1132 636 1231 670 faciam
1243 637 1365 664 virtutem
1382 643 1405 664 κ.
1421 637 1454 664 Et
1469 639 1502 666 ad
1512 647 1541 667 se
1556 647 1604 674 per
1616 645 1739 669 contem-

951 681 1101 715 plationem
1114 681 1283 709 tendentium
1297 683 1486 718 manuductio;
1498 694 1559 713 nam
1572 687 1637 721 ipsis
1650 689 1739 716 adhuc

951 727 1138 755 clamantibus
1152 728 1236 756 dicit:
1251 729 1322 757 Ecce
1340 731 1445 758 adsum.
1463 732 1496 758 Et
1521 737 1582 767 post
1598 734 1740 762 adductio-

953 782 1013 800 nem
1033 774 1250 801 illuminatorum
1272 775 1429 808 illustratio,
1458 782 1486 804 et
1513 778 1586 805 basis
1604 780 1740 814 perfecto-

951 827 1012 847 rum
1027 827 1059 846 ac
1071 820 1234 854 principium
1244 821 1381 856 profectus
1391 830 1496 856 eorum,
1509 829 1537 851 et
1550 825 1737 853 dciticatorum

951 866 1116 901 principium
1131 867 1293 894 divinitatis.
1313 869 1402 903 Atque
1428 870 1540 903 insuper
1567 879 1582 898 a
1603 874 1738 900 malcriali

111 901 213 941 θέντων
227 914 321 949 ἑνότης
330 923 337 929 ·
351 901 442 951 ττάσης
452 915 539 952 ἀρχῆς
548 914 630 951 ἀρχὴ,
644 901 691 941 καὶ
705 914 845 950 μετάδοσις
852 914 898 940 τοῦ

955 912 1156 947 multiplicitate
1169 914 1365 946 recedentium,
1378 922 1411 942 ac
1421 917 1656 950 simpliilcatorum
1670 920 1738 946 sim—

111 959 229 995 κρυφίου
242 960 275 986 δι’
287 960 451 996 ἀγαοότητα,
464 960 521 996 ζωὴ
534 961 588 987 τῶν
606 960 715 992 ζώντων
725 980 732 991 ,
751 960 830 987 οὐσία
844 959 900 986 τῶν

955 958 1073 993 plicitas,
1089 963 1116 985 et
1128 959 1278 991 uuitorum,
1298 967 1330 987 ac
1342 961 1451 995 proprie
1459 962 1590 989 unitatem
1604 964 1740 999 recipien-

111 1005 207 1037 ὅντων,
223 1006 294 1042 ἀρχὴ
309 1007 357 1033 καὶ
368 1006 442 1033 αἰτία
455 1006 511 1033 τῶν
523 1005 622 1032 οὐσιῶν
634 1025 641 1038 ,
656 1005 674 1032 ἃ
693 1005 725 1041 δὴ
746 1006 835 1033 πάντα
854 1006 900 1033 καὶ

955 1004 1022 1031 tium
1035 1004 1144 1037 unitas;
1171 1005 1262 1031 omnis
1290 1005 1415 1040 principii
1444 1007 1628 1044 principium,
1657 1015 1740 1044 atque

111 1052 230 1087 παράγει
243 1053 291 1079 καὶ
311 1053 417 1088 συνέχει
435 1052 468 1079 δι’
483 1052 647 1087 ἀγαθὸτητα.

955 1050 1040 1077 abditi
1057 1050 1130 1077 illius
1153 1057 1202 1084 per
1216 1050 1366 1078 bonitatem
1386 1054 1616 1088 communicatio;
1632 1057 1686 1083 vita
1700 1057 1740 1083 vi-

112 1099 245 1129 ventium,
260 1100 378 1127 essentia
393 1101 508 1133 ciuium,
531 1100 695 1134 principium
719 1103 747 1127 et
770 1106 851 1127 causa
873 1098 989 1130 entiam,
1011 1103 1123 1134 propter
1148 1097 1301 1126 bonitatem
1327 1106 1379 1134 qua
1408 1104 1436 1127 et
1459 1101 1588 1134 producit
1620 1106 1648 1129 et
1674 1111 1741 1130 ροη-

111 1149 205 1171 servat
221 1146 357 1172 universa.

148 1190 162 1226 §
183 1191 226 1218 IV.
246 1191 338 1219 Ταῦτα
351 1192 426 1229 παρὰ
436 1193 490 1220 τῶν
498 1194 578 1230 ἱερῶν
589 1194 705 1231 Γραφῶν
726 1195 901 1230 μεμνήμεθα.

111 1237 169 1263 Καὶ
182 1238 272 1265 πᾶσαν
284 1238 411 1274 εὑρήσεις
436 1240 598 1275 ὑμνολογίαν
621 1239 676 1267 τῶν
700 1239 831 1274 θεολόγων
851 1240 902 1272 τὰς

111 1281 182 1308 θεοῦ
194 1283 341 1318 ὀνομασίας
354 1284 585 1317 διασκευάζουσαν
604 1284 673 1321 πρὸς
695 1285 745 1317 τὰς
766 1285 814 1312 τοῦ
833 1285 901 1312 Θεοῦ

111 1329 264 1364 ἐνεργείας,
278 1331 308 1357 οὐ
323 1331 391 1366 πρὸς
402 1331 451 1368 τὴν
463 1332 544 1367 φύσιν
563 1332 646 1361 αὐτοῦ
671 1333 712 1364 είς
737 1332 830 1368 ὕμνον,
854 1332 902 1359 καὶ

112 1376 293 1412 ὲκφαπορίαν
305 1377 395 1410 ποσῶς
407 1379 505 1406 αὐτοῦ·
521 1380 685 1416 ὲκφάντορες
705 1380 759 1416 γὰρ
777 1379 901 1414 λέγονται

111 1424 138 1451 οι
151 1423 206 1450 τῶν
220 1425 377 1461 μυστηρίων
388 1425 423 1452 τὰ
434 1426 540 1462 ἄρρητα
554 1436 584 1453 συ
589 1427 724 1462 μσολικῶς
742 1426 903 1462 ἀναφαίνον-

112 1477 169 1501 τες.
185 1470 265 1497 Ὅθεν
281 1471 328 1498 καὶ
348 1472 377 1498 ὲν
395 1472 514 1504 ἀπάσαις
535 1474 594 1504 ταῖς
614 1473 698 1504 θείαις
717 1473 838 1508 Γραφατς
857 1473 903 1500 τὸν

114 1516 182 1542 Θεὸν
193 1517 301 1552 ὁρῶμεν
320 1518 399 1554 ῑερῶς
422 1517 589 1554 ὑμνούμενον
607 1519 645 1551 ὡς
665 1519 766 1554 μονάδα
786 1519 836 1554 μὲν
855 1520 903 1546 καὶ

989 1194 1062 1230 ςιν.
1080 1194 1143 1223 Haec
1163 1202 1196 1222 ex
1225 1195 1374 1230 Scripturis
1403 1194 1503 1222 divinis
1527 1195 1682 1224 didicimus.
1706 1197 1740 1225 Et

954 1248 1063 1269 omnem
1080 1243 1200 1276 reperies
1216 1241 1403 1276 theologorum
1415 1242 1535 1274 laudem.
1564 1242 1611 1270 Dei
1627 1244 1739 1270 nomina

955 1289 989 1316 ad
1003 1288 1110 1315 divinas
1123 1287 1298 1323 operationes
1314 1287 1429 1321 referre,
1443 1295 1495 1315 non
1511 1288 1545 1316 ad
1560 1289 1646 1324 ipsius
1661 1295 1740 1318 natu-

956 1342 1024 1366 ram,
1040 1333 1111 1368 quod
1127 1334 1154 1361 id
1171 1333 1244 1360 laudi
1257 1338 1287 1360 et
1308 1333 1532 1368 interpretationi
1558 1334 1616 1368 ejus
1638 1336 1741 1363 condu-

956 1385 1015 1413 cat;
1035 1381 1198 1414 interpretes
1219 1380 1291 1407 enim
1307 1379 1444 1412 dicuntur,
1460 1381 1505 1416 qui
1524 1380 1671 1409 ineii’abilia
1683 1390 1741 1418 my-

955 1426 1037 1453 steria
1049 1425 1198 1460 symbolice
1213 1429 1363 1459 exponunt.
1381 1425 1450 1452 Hinc
1461 1426 1488 1452 in
1502 1426 1628 1454 omnibus
1654 1427 1739 1455 ferme

954 1471 1055 1500 divinis
1071 1471 1220 1506 Scripturis
1237 1463 1319 1498 D‘eum
1336 1475 1429 1498 sancte
1447 1472 1629 1500 collaudatum
1647 1475 1740 1501 cerui-

955 1525 1026 1550 mus,
1044 1521 1074 1545 ut
1088 1518 1231 1545 monadem
1256 1518 1365 1552 quidem
1382 1522 1410 1544 et
1435 1519 1567 1545 unitatem
1581 1538 1589 1550 .
1610 1520 1739 1554 quoniam

113 1561 204 1594 ἑνάδα,
218 1562 279 1590 ἐπεὶ
291 1564 308 1598 ἡ
322 1563 404 1599 μονὰς
418 1563 562 1596 ἀσύνθετός
578 1565 635 1592 ἐστι
647 1565 694 1592 καὶ
706 1565 812 1600 ἀμερής
823 1573 830 1580 '
843 1567 860 1601 ἡ
874 1565 900 1592 δὲ

954 1571 1049 1592 mouas
1063 1564 1240 1599 incomposita
1256 1569 1298 1592 est
1308 1569 1336 1592 et
1347 1565 1499 1598 individua,
1529 1566 1621 1593 unitas
1648 1571 1738 1594 autem

112 1610 177 1641 ἑνὰς
189 1609 276 1636 ένιαία
288 1618 329 1641 τις
342 1611 389 1637 καὶ
399 1611 524 1647 ἡνωμένη
537 1611 583 1638 καὶ⁴
594 1611 777 1648 ἐνοποιητικὴ,
792 1612 836 1639 ἵνα
850 1620 902 1638 πα-

113 1658 199 1693 ραστῇ
214 1656 288 1692 ἠτοῦ
300 1656 367 1683 Θεοῦ
381 1657 507 1692 ἀμέρεια.
519 1657 556 1684 Τὸ
571 1657 625 1694 γὰρ
639 1658 731 1692 ὕγκοις
752 1659 800 1685 καὶ
819 1658 900 1695 πηλι-

112 1704 209 1740 κότησι
220 1703 420 1740 διειλημμένον,
433 1704 511 1731 τοῦτο
524 1705 561 1737 ὡς
574 1705 621 1732 ac:
632 1706 679 1732 καὶ
695 1705 772 1741 σῶμα
794 1705 902 1742 μερίζε-

110 1758 173 1776 ται·
188 1750 219 1777 τὺ
228 1750 256 1777 δὲ
270 1750 382 1786 ἀμερὲς,
394 1751 441 1777 καὶ
450 1751 613 1786 ἀνέμφατον,
627 1751 695 1778 ἀλλὰ
706 1751 754 1778 καὶ
767 1751 837 1787 ὑπὲρ
850 1752 902 1778 πᾶ-

113 1796 163 1823 σάν
178 1797 251 1824 ἐστιν
265 1797 434 1832 ἀσωματίαν.
451 1797 555 1829 Ἄλλως
566 1806 596 1824 τε
610 1797 704 1833 ἐπειδὴ
724 1796 875 1832 διανοηθεὶς
887 1797 901 1824 ὁ

112 1842 181 1875 Θεὸς
194 1842 370 1878 βουλητικῶς,
385 1843 474 1870 πάντα
486 1843 650 1878 ὑπέστησεν,
663 1842 712 1878 οὐχ
722 1840 767 1869 οἶά
785 1851 827 1874 τις
840 1842 902 1874 νοῦς

112 1888 154 1920 εἰς
166 1889 273 1923 νοήσεις
286 1888 423 1924 μερισθεὶς
442 1887 678 1923 ὲπολυπλασιάσθη
691 1907 699 1920 ,
719 1887 787 1914 ἀλλὰ
808 1887 902 1923 μείνας

112 1933 160 1960 καὶ
169 1933 255 1968 μένων
268 1934 297 1960 ὲν
308 1935 340 1969 τῇ
359 1933 430 1960 ἐνάδι
441 1933 552 1969 ἀμερῶς
564 1934 611 1960 καὶ
622 1933 802 1965 ἀσκεδάστως,
814 1933 903 1961 πάντα

111 1978 149 2006 τὰ
160 1979 189 2006 ὲν
200 1980 234 2015 τῇ
244 1979 331 2006 κτίσει
343 1980 390 2007 καὶ
406 1980 542 2015 ὑπέστησε
554 1980 601 2006 καὶ
614 1979 758 2015 ὑφίστησιν
766 1987 773 1994 ·
788 1980 840 2012 ἕως
848 1979 902 2015 γὰρ

112 2023 179 2058 ἄρτι
190 2024 347 2060 ἐργάζεται.
369 2025 577 2061 ’Υπερήτιλωται
591 2022 646 2058 οὖν,
661 2026 751 2052 πᾶσαν
764 2024 902 2060 ἁπλότητα

111 2069 225 2106 ἁμερῶς
237 2069 394 2106 ὑπεραίρων
405 2078 411 2085 ·
427 2070 532 2097 ἐκεῖθεν
544 2070 574 2097 δὲ
586 2071 632 2097 καὶ
643 2071 709 2106 ἡμῖν
723 2072 739 2106 ἡ
754 2070 850 2102 ἓνωσις
861 2070 903 2105 γί-

113 2122 199 2142 νεται.
214 2114 276 2147 Πῶς
288 2115 316 2142 δὲ
330 2115 534 2151 ένοποιοὺμεθα,
547 2116 602 2143 τῶν
623 2116 758 2152 μεριστῶν
776 2116 903 2152 έτεροτή-

112 2168 178 2193 των,
191 2161 251 2188 καθ’
263 2161 295 2193 ἂς
306 2161 422 2194 ἕκαστος
433 2162 556 2197 διαφέρει
575 2162 700 2194 ἑκάστου,
727 2170 902 2197 συμπτυσσο-

115 2207 203 2243 μένων
216 2215 223 2240 ;
237 2208 298 2235 Mla
310 2208 364 2243 γὰρ
377 2208 488 2241 πίστις,
502 2208 550 2235 καὶ
572 2207 607 2235 ἓν
622 2209 797 2242 βάπτισμα,
816 2208 864 2235 καὶ
888 2209 902 2235 ὁ

111 2254 230 2290 Χριστὸς
240 2254 270 2280 οὐ
284 2255 446 2290 μεμέρισται
465 2255 536 2282 κατὰ
555 2255 600 2281 τὸν
622 2255 708 2291 μέγαν
727 2255 898 2282 Ἀπόστολον.
917 2245 938 2272 D

113 2300 288 2335 Συηγόμεϐα
299 2301 364 2335 γοῦν
376 2301 416 2332 είς
430 2300 534 2336 θεοειδῆ
548 2300 648 2336 μονάδα
657 2321 665 2333 ,
680 2300 760 2327 ἁπλοῖ
770 2301 817 2327 καὶ
833 2301 902 2336 ἀμε-

114 2346 171 2382 ρεῖς
184 2347 231 2373 καὶ
244 2347 334 2382 ἡμεῖς,
351 2347 390 2379 ὼς
401 2348 415 2373 ὁ
426 2347 502 2380 Θεδς,
517 2347 588 2373 κατὰ
599 2346 630 2373 τὺ
643 2346 784 2382 προσῆκον
791 2346 901 2382 γινόμε-

111 2399 164 2422 νοι,
175 2391 222 2418 καὶ
235 2393 274 2424 είς
287 2392 449 2429 θεομίμητον
460 2393 566 2425 ἕνωσιν,
574 2392 696 2420 τουτέστι
704 2393 750 2419 καὶ
761 2392 900 2420 ἑνοποιού-

114 2437 184 2472 μεθα
198 2439 243 2465 καὶ
257 2439 429 2476 ένοποιοῠμεν
439 2449 445 2455 -
458 2440 537 2467 τοῦτο
546 2441 600 2476 γάρ
609 2441 667 2467 ἐστι
679 2439 710 2466 τδ
724 2440 898 2476 θεομίμητον,

112 2482 174 2509 καθ’
187 2483 201 2509 ὃ
213 2485 259 2511 καὶ
276 2485 328 2512 υίοὶ
341 2485 407 2513 Θεοῦ
425 2485 568 2513 καλοῦνται
581 2487 606 2512 oi.
619 2487 794 2522 είρηνοποιοὶ,
807 2487 848 2513 ὅτι
860 2495 902 2521 μι-

113 2528 306 2565 μοῦνταιΘεόν.
324 2531 360 2558 Ἦ
372 2531 437 2566 γοῦν
447 2531 534 2564 οὕτως
541 2533 565 2558 oi
580 2531 671 2558 πολλοὶ
679 2533 713 2568 τῇ
722 2532 817 2568 εἰρήνῃ
826 2532 901 2558 ἐνού-

113 2575 194 2611 μεθα,
207 2576 223 2611 ἢ
238 2577 285 2603 καὶ
296 2578 310 2604 ὁ
321 2575 361 2609 εἷς
375 2578 435 2607 καθ’
447 2578 542 2604 ἑαυτὸν
556 2577 663 2604 ἑνοῦται
674 2578 897 2613 τοιουτοτρόπως.

117 2621 162 2652 Ὠς
174 2621 228 2658 γὰρ
241 2623 287 2649 ἐπὶ
299 2623 354 2650 τῶν
367 2623 568 2659 ὐπερκοσμίων,
593 2624 639 2650 καὶ
651 2622 730 2650 τοῦδε
740 2623 787 2650 τοῦ
800 2623 898 2659 ὁρατοῦ

109 2666 146 2692 τὰ
158 2667 301 2703 κατώτερα
314 2667 463 2704 ἔστραπται
474 2669 520 2695 ἐπὶ
530 2668 564 2695 τὰ
578 2668 762 2704 ὑπερκείμενα
775 2688 782 2701 ,
802 2668 850 2695 καὶ
867 2668 898 2695 τὸ

152 2751 163 2765 '
179 2745 260 2775 Joan.
273 2755 314 2780 xl,
330 2747 378 2775 25.

952 1611 1055 1639 unitiva
1069 1615 1120 1643 est,
1135 1615 1162 1638 et
1174 1611 1260 1642 unita.
1278 1615 1306 1638 et
1320 1611 1435 1644 unitica,
1451 1616 1480 1638 ut
1495 1617 1672 1646 repraesentet
1690 1613 1738 1641 Dei

953 1656 1181 1685 individuitatem.
1199 1656 1275 1689 Quod
1297 1658 1370 1684 enim
1394 1658 1465 1684 mole
1489 1663 1516 1685 et
1540 1659 1740 1694 quantitatibus

952 1704 1115 1731 distinctum
1132 1707 1184 1735 est,
1201 1704 1251 1730 hoc
1267 1704 1354 1730 instar
1369 1704 1493 1738 corporis
1512 1705 1539 1731 in
1561 1710 1652 1740 partes
1667 1706 1739 1733 divi-

952 1749 1044 1781 ditur;
1062 1749 1135 1783 quod
1147 1754 1238 1776 autem
1253 1755 1331 1784 parte
1342 1754 1426 1782 caret,
1445 1749 1471 1776 id
1487 1750 1568 1777 etiam
1582 1758 1634 1777 non
1653 1759 1739 1786 appa-

953 1800 1005 1828 ret,
1017 1795 1139 1829 quinimo
1149 1800 1191 1822 est
1206 1802 1287 1830 supra
1298 1802 1406 1822 omnem
1417 1795 1666 1830 incorporeitatem.
1681 1797 1740 1825 Ca:-

953 1844 1042 1868 lcrum
1058 1848 1121 1869 cum
1147 1841 1230 1869 etiam
1254 1841 1399 1876 cogitando
1428 1841 1501 1869 Deus
1522 1843 1660 1871 voluntate
1687 1851 1737 1870 sua

953 1887 1018 1915 fecit
1029 1892 1126 1915 cuncta
1139 1887 1298 1919 subsistere,
1325 1895 1378 1915 non
1396 1892 1525 1922 tanquam
1545 1896 1621 1916 meus
1648 1889 1738 1924 aliqua

952 1934 979 1961 in
995 1933 1174 1968 cogitationes
1189 1933 1273 1961 divisa
1294 1933 1490 1968 multiplicatus
1515 1933 1586 1966 fuit,
1599 1935 1646 1962 sed
1662 1940 1740 1970 post-

952 1986 1034 2014 quam
1052 1978 1079 2006 in
1097 1987 1127 2007 se
1141 1980 1242 2007 mansit
1253 1987 1284 2007 ac
1299 1979 1425 2006 manetin
1440 1979 1546 2007 unitate
1561 1980 1663 2015 absque
1676 1988 1739 2015 par-

953 2026 1049 2053 titione
1062 2030 1145 2061 atque
1159 2025 1303 2058 divisione,
1325 2031 1468 2054 creaturas
1488 2033 1583 2054 omnes
1600 2032 1628 2054 et
1657 2026 1739 2063 304

954 2072 1105 2099 subsistere
1134 2071 1218 2102 fecit,
1237 2076 1265 2098 et
1290 2076 1441 2104 sustentat;
1472 2080 1534 2099 nam
1556 2081 1637 2107 usque
1661 2074 1739 2100 modo

953 2122 1077 2153 operatur
1089 2117 1113 2144 ί.
1128 2117 1264 2153 Singulari
1288 2124 1353 2153 ergo
1370 2118 1450 2145 modo
1477 2117 1667 2153 simpliticatus
1684 2124 1737 2150 est,

953 2164 1000 2199 qui
1012 2171 1121 2191 omnem
1133 2164 1336 2201 simplicitatem
1361 2163 1499 2191 indivisim
1528 2164 1648 2198 excedit,
1675 2165 1738 2192 imle

953 2211 1026 2238 enim
1043 2210 1120 2238 nobis
1133 2210 1197 2238 unio
1213 2210 1339 2245 obtingit.
1355 2209 1497 2243 Quomodo
1509 2215 1600 2237 autem
1616 2211 1736 2244 unimur,

952 2263 1014 2283 cum
1030 2256 1190 2292 partialibus
1203 2261 1361 2283 constemus
1385 2256 1610 2288 diversitatibus,
1635 2264 1735 2284 secun-

952 2302 1014 2329 dum
1024 2309 1093 2336 quas
1108 2301 1222 2336 quilibet
1233 2301 1266 2328 ab
1281 2300 1368 2328 altero
1380 2301 1486 2329 diﬂ'ert?
1499 2301 1553 2329 Sed
1565 2310 1616 2329 una
1625 2302 1702 2337 ﬁdes,
1713 2308 1737 2330 et

951 2357 1033 2376 unum
1045 2348 1172 2382 baptisma
1188 2353 1218 2379 ιι,
1234 2352 1261 2374 et
1277 2346 1401 2375 Christus
1417 2356 1468 2375 non
1493 2348 1636 2382 dividitur,
1655 2349 1734 2382 juxta

951 2400 1077 2428 magnum
1091 2393 1260 2427 Apostolum.
1269 2392 1562 2428 Coujungimuritaque
1573 2393 1600 2420 in
1612 2393 1736 2420 deiformi

953 2439 1069 2471 unitate.
1086 2438 1135 2473 ipsi
1151 2445 1272 2473 quoque,
1303 2441 1383 2472 pr0ut
1406 2439 1484 2465 decet
1500 2439 1587 2465 instar
1605 2439 1650 2466 Dei
1668 2440 1737 2466 sim-

952 2484 1037 2519 plices
1064 2489 1091 2511 et
1111 2485 1230 2519 partium
1258 2489 1384 2519 expertes
1397 2483 1497 2516 etl'ecti,
1513 2488 1541 2511 et
1556 2484 1590 2511 ad
1608 2484 1735 2512 unionem

952 2529 1036 2556 Deum
1047 2529 1200 2557 imitantem
1217 2529 1346 2560 revocati,
1366 2529 1392 2556 id
1403 2532 1444 2557 est
1456 2529 1618 2556 unilicamur
1632 2533 1659 2556 et
1674 2529 1736 2555 uni-

951 2574 1080 2607 ﬁcamus;
1095 2574 1147 2602 hoc
1158 2575 1230 2602 enim
1246 2579 1289 2602 est
1307 2574 1391 2602 Deum
1417 2574 1536 2607 imitari,
1557 2573 1635 2608 juxta
1662 2574 1733 2609 quod

950 2622 1032 2649 etiam
1045 2620 1152 2655 paciﬁci
1163 2621 1211 2648 ﬁlii
1224 2621 1270 2649 Dei
1282 2621 1451 2656 appellantur
1461 2625 1491 2654 ν,
1508 2620 1636 2655 quoniam
1648 2620 1731 2647 Deum

950 2667 1104 2694 imitantur.
1116 2666 1209 2702 Itaque
1224 2667 1265 2694 vel
1285 2667 1361 2694 multi
1376 2667 1414 2694 ita
1427 2675 1476 2702 per
1495 2674 1590 2702 pacem
1611 2667 1733 2698 unimur,

417 2752 428 2766 '
446 2746 521 2774 Psal.
537 2748 651 2780 m,13.
693 2749 702 2767 ι
716 2746 795 2775 Joan.
810 2755 839 2779 ν,
855 2746 898 2774 l7.
937 2751 950 2766 ιι
963 2746 1062 2783 Ephes.
1080 2754 1118 2779 Iv,
1135 2746 1162 2774 5.
1202 2750 1216 2766 ν
1227 2745 1321 2774 Matth.
1342 2754 1369 2778 v,
1382 2745 1410 2774 9.

749 2824 865 2852 VARIIE
883 2823 1086 2852 LECTIONES.

148 2893 182 2912 ¹η⁸
196 2893 304 2932 βαθμίς.

374 2943 507 2974 Pareat.
529 2944 587 2975 Gn.
612 2943 664 2976 ΙΙΙ.

1449 2941 1490 2972 20
