1929 3068
226 141 278 170 619

805 143 833 170 S.
852 142 1002 171 DIONYSII
1021 144 1251 173 AREOPAGITA'I

1789 149 1839 178 620

226 200 269 227 vel
284 199 332 234 qui
349 199 376 226 in
392 206 422 227 se
441 206 512 227 unus
525 204 567 227 est
579 200 665 228 hocce
678 200 757 228 modo
780 202 884 229 unitur.
911 202 1002 236 Quem-

1061 205 1216 240 σωματικὸν
1233 205 1364 241 ἤδρασται
1379 205 1409 232 ὲν
1425 205 1465 241 τῷ
1479 205 1571 239 ζῶντι,
1582 205 1627 241 (ἐν
1642 206 1697 243 γὰρ
1719 207 1756 242 τῇ
1768 210 1838 244 χειρί

225 245 370 272 admodum
382 246 453 272 enim
470 245 496 272 in
509 245 786 281 supramundialibus,
802 251 830 274 et
843 248 894 274 hoc
907 249 1009 276 mundo

225 294 269 328 qui
284 293 390 321 videtur
419 292 551 321 inferiora
576 301 707 321 conversa
733 298 795 321 sunt
806 295 839 322 ad
856 295 1007 329 superiora.

225 344 252 367 et
268 347 312 366 res
333 346 464 374 corporea
487 340 538 366 sita
562 344 605 366 est
631 339 657 366 in
671 340 779 367 vivente
801 339 953 375 (siquidem
980 341 1009 367 in

224 394 306 412 manu
317 385 375 420 ejus
386 393 473 412 omnes
483 385 548 419 ﬁnes
561 390 637 412 teme
652 390 680 418 ι,
699 386 752 413 imo
768 386 851 414 etiam
874 386 938 414 εαξιὶ
950 406 957 418 ,
980 386 1008 413 in

225 439 275 466 quo
294 432 377 464 enim,
398 431 500 466 inquit,
515 435 577 458 sunt
592 433 679 459 omnia
689 431 709 467 ).
727 433 766 460 sic
788 432 870 460 etiam
898 433 924 460 in
947 440 1009 467 pro-

225 478 315 512 posito
331 484 423 506 nostro
442 479 584 512 usuvenit;
600 487 662 506 nam
683 480 775 506 anima
791 480 962 507 convertitur
973 480 1008 507 ad

225 524 363 557 spiritum,
379 524 407 552 in
421 532 475 559 quo
490 532 585 552 sensus
597 533 629 552 ac
642 526 867 553 ratiocinationes
892 525 1009 553 fundan-

225 575 279 603 tur,
300 571 398 606 quibus
424 570 450 597 in
479 570 663 605 speculatione
690 571 810 598 rationes
830 571 1006 606 indagamus;

224 617 287 652 quia
304 617 418 651 spiritus
432 617 508 644 novit
527 624 587 651 quae
617 617 672 644 sint.
698 617 724 644 in
749 617 858 645 homine
869 623 895 645 γ.
910 618 1006 644 Anima

223 662 307 698 igitur
314 663 347 690 ad
357 663 427 690 hunc
439 662 563 697 spiritum
574 669 716 695 conversa,
727 663 764 689 uti
777 667 804 690 et
812 663 846 690 ad
855 670 952 690 sensus
962 663 1007 697 qui

225 709 251 736 in
268 709 326 744 ipso
339 713 413 741 sunt,
428 712 456 736 et
467 716 514 743 per
525 716 572 736 eos
586 709 620 736 ad
637 716 745 744 corpus,
759 709 932 737 intellectilcs
943 717 1008 745 ope—

225 755 345 782 rationes
360 754 461 782 divisas
477 754 558 781 habet
569 755 595 781 in
608 755 741 786 diversas,
757 760 784 782 et
796 755 1006 783 discriminatim

222 802 389 836 prodeuntes
405 809 419 828 a
447 800 543 835 primis
560 800 771 835 cogitationibus
795 801 828 828 ad
849 805 1006 836 sequentes.

221 848 280 875 sive
294 848 388 879 bonas,
404 847 462 874 sive
475 847 569 874 malas.
584 846 655 874 Dicit
667 855 743 882 ergo,
756 855 805 874 nos
820 847 846 874 in
863 848 946 874 Deum
964 848 1006 874 iu-

1060 251 1153 278 αὐτοῦ
1165 251 1263 278 πάντα
1278 251 1314 278 τὰ
1323 251 1435 286 πέρατα
1447 251 1501 286 τῆς
1514 251 1581 287 γῆς,
1594 252 1662 279 ἀλλὰ
1674 254 1720 280 καὶ
1730 255 1753 280 οἱ
1766 255 1841 291 οὐρα-

1059 296 1150 323 νοίδὲν
1161 296 1184 329 ᾦ
1195 297 1259 332 γὰρ,
1267 297 1342 333 φησὶ,
1351 297 1388 324 τὰ
1396 296 1516 334 πάντα),
1528 298 1600 325 οὕτω
1611 299 1658 325 καὶ
1671 300 1717 326 ἐπὶ
1729 299 1774 326 τοῦ
1783 301 1840 328 καθ’

1058 343 1131 377 ἡμᾶς
1145 342 1200 378 ἔχει
1211 351 1218 357 ·
1233 344 1250 378 ἡ
1264 343 1317 379 γὰρ
1329 343 1401 379 ψυχὴ
1419 343 1569 379 ἔστραπται
1588 345 1656 380 πρὸς
1675 345 1705 372 τὸ
1725 345 1839 381 πνεῦμα,

1059 387 1088 413 ὲν
1132 389 1199 415 εἰσιν
1211 389 1444 426 ἀπεστηριγμέναι
1456 390 1483 416 αι
1497 389 1636 426 αἰσθήσεις
1648 391 1695 417 καὶ
1715 392 1739 418 οἱ
1752 391 1839 425 λογισ-

1060 433 1115 468 μοὶ,
1127 434 1160 461 δι’
1174 431 1211 461 ὧν
1222 435 1253 461 τὸ
1260 435 1289 461 ὲν
1301 435 1396 470 σκέψει
1409 435 1581 471 λογιζόμεθα,
1595 436 1663 472 ὅπερ
1675 435 1782 471 πνεῦμα
1789 435 1839 463 οἶδε

1057 479 1093 506 τὰ
1113 481 1141 507 ἐν
1160 480 1200 516 τῷ
1221 480 1365 516 ἀνθρώπῳ.
1399 481 1625 517 Ἐπεστραμμένη
1653 479 1699 508 οὖν
1723 482 1789 518 πρὸς
1811 482 1840 509 τὸ

1058 526 1166 561 πνεῦμα
1178 527 1194 562 ὴ
1207 526 1289 562 ψυχὴ,
1304 528 1349 553 καὶ
1363 527 1431 562 πρὸς
1441 527 1489 559 τὰς
1506 528 1535 554 ἐν
1548 527 1622 562 αὐτῷ
1636 527 1784 563 αἰσθήσεις,
1796 529 1840 555 καὶ

1057 571 1090 598 δι’
1103 571 1192 598 αὐτῶν
1205 572 1273 607 πρὸς
1284 573 1314 599 τὸ
1332 572 1427 608 σῶμα,
1447 573 1496 606 τὰς
1516 572 1612 609 νοεράς
1631 574 1769 609 ἐνεργείας
1787 573 1839 609 ἔχει

1060 616 1238 653 μεριζομένας
1251 619 1290 650 είς
1305 618 1476 654 ἑτερότητας,
1492 619 1540 645 καὶ
1560 618 1714 650 σκεδαστῶς
1733 619 1839 654 προϊού-

1059 671 1107 695 σας
1115 663 1169 690 ἀπὸ
1182 663 1291 699 πρώτης
1304 665 1423 700 νοήσεως
1435 665 1475 696 είς
1492 664 1620 700 δευτέρας
1629 684 1637 696 ,
1651 665 1668 700 ἢ
1687 665 1840 700 κρείττονας

1057 709 1074 744 ἢ
1088 709 1202 744 φαύλας.
1220 710 1303 745 Φησὶν
1314 707 1370 740 οὖν,
1397 710 1438 736 ὅτι
1462 710 1662 746 ἀνατεινάμενοι
1689 711 1758 747 πρὸς
1777 711 1839 737 Θεὸν

1057 755 1188 790 γινόμεθα.
1201 755 1253 782 ὑπὸ
1265 756 1315 790 τῆς
1328 755 1419 787 ένάδος
1432 755 1539 791 ἐκείνης
1552 755 1580 782 ἓν
1592 755 1703 791 ἀμερὲς,
1716 755 1771 782 τῶν
1793 764 1839 783 πο-

1056 800 1182 836 λυμερῶν
1197 800 1274 836 ἡμῶν
1290 801 1456 836 ἐτεροτήτων
1468 801 1499 827 ἐκ
1507 800 1553 827 τοῦ
1566 800 1718 836 σκεδασμοῦ
1726 801 1767 833 είς
1779 801 1841 836 σύμ-

1057 847 1152 880 πτυξιν
1181 846 1380 882 ἀθροιζομένων
1393 867 1400 880 ,
1417 848 1464 874 καὶ
1477 847 1688 882 ὲνοποιουμένων
1708 847 1840 882 ὁππρκοσ-

223 894 358 922 tendendo
378 894 411 921 ab
426 894 530 921 unitate
555 893 598 920 illa
610 894 674 928 quid
705 901 786 920 unum
817 894 1002 921 indistinctum

1060 893 1139 928 μίως,
1154 894 1291 920 τουτέστιν
1316 894 1366 920 οὐκ
1379 892 1525 929 αἰσθητῶς,
1540 893 1608 920 ἀλλὰ
1619 893 1730 929 νοερῶς,
1745 893 1839 920 οὐκέτι

221 941 293 974 ﬁeri,
309 940 512 968 discriminibus
536 941 651 974 nostris,
680 947 740 975 quae
766 939 860 967 multis
884 940 1006 975 partibus

222 986 396 1019 constabant,
413 993 447 1013 ex
460 985 593 1013 divisione
615 986 641 1013 in
665 985 879 1020 complexionem
893 986 1004 1019 coactis,

218 1038 248 1061 et
261 1032 520 1068 supermundialiter
532 1032 678 1064 uniiicatis,
688 1032 714 1059 id
730 1037 772 1060 est
788 1040 839 1059 non
855 1033 946 1060 sensili
959 1032 1006 1060 sed

221 1079 400 1107 intellectuali
431 1079 523 1112 modo,
544 1086 605 1106 cum
624 1079 659 1106 ab
690 1086 784 1107 eorum
812 1078 1006 1114 conjunctione

220 1125 332 1152 minime
353 1125 559 1157 abhorreamus,
576 1125 623 1152 sed
644 1125 817 1152 unil‘ormiter
835 1125 901 1160 quid
921 1132 1004 1152 unum

218 1170 309 1198 ell'ecti
327 1171 426 1204 simus,
441 1170 513 1198 sicut
530 1174 558 1197 et
573 1170 631 1204 ipse
650 1178 733 1198 unum
755 1174 810 1202 est,
829 1170 1005 1205 quemadmo-

221 1217 283 1243 dum
300 1216 328 1243 in
340 1216 426 1244 sacris
439 1216 594 1251 Evangeliis
604 1220 720 1244 testatur
740 1221 762 1242 τι.
791 1215 898 1244 Rursus
913 1215 1005 1243 Trini—

220 1267 316 1294 tatem,
330 1266 424 1299 utpote
445 1262 472 1289 in
488 1261 574 1289 tribus
598 1262 721 1296 personis
748 1262 956 1295 subsistentem,
977 1267 1005 1289 et

219 1314 329 1344 propter
341 1308 638 1344 incomprehensibilem
647 1313 789 1344 paternam
800 1310 1002 1344 processionem

219 1355 353 1390 principio
377 1358 529 1387 carentem,
544 1355 578 1381 ad
594 1355 803 1389 productionem
819 1354 881 1382 Filii
900 1359 927 1383 et
943 1355 1004 1391 Spi-

220 1402 289 1429 ritus
302 1401 402 1434 sancti,
418 1408 451 1427 ea:
462 1408 515 1434 qua
526 1401 610 1427 omnis
621 1401 768 1434 paternital
783 1401 810 1427 in
829 1400 904 1434 calo,
920 1401 946 1428 id
962 1405 1005 1428 est

219 1447 329 1475 ordines
344 1446 482 1478 caelestes,
497 1451 521 1473 et
545 1446 572 1473 in
589 1451 660 1474 terra
676 1452 706 1479 ι,
734 1446 840 1477 scilicet
866 1447 1003 1481 spiritales

219 1491 399 1526 cogitationes
414 1495 443 1518 et.
467 1490 689 1525 complexiones,
711 1490 817 1526 Moyses
843 1492 917 1519 enim
949 1501 1002 1519 πα-

219 1537 299 1573 τριάς
316 1541 393 1564 vocat
408 1537 584 1572 cognationes
595 1544 642 1564 seu
660 1536 816 1570 aﬂiuitates,
829 1542 867 1565 eu
881 1542 904 1565 et
919 1539 1005 1565 nomi-

217 1587 308 1611 natur.
323 1582 357 1610 Ut
375 1590 466 1609 rerum
483 1590 606 1616 causam,
619 1582 748 1617 quoniam
764 1584 847 1610 etiam
861 1584 953 1611 omnia
968 1591 1001 1612 ex

218 1629 298 1656 Patre
313 1636 362 1663 per
375 1628 473 1656 Filium
491 1628 517 1655 in
543 1628 644 1662 Spiritu
661 1633 756 1656 sancto
774 1628 845 1656 facta
871 1634 945 1663 sunt,
975 1634 1003 1657 et

217 1675 364 1701 essentiam
380 1673 460 1709 305
480 1679 653 1708 acceperunt.
674 1682 728 1702 non
755 1680 866 1710 propter
881 1676 1002 1704 necessi-

218 1726 313 1751 tatem,
327 1720 373 1747 sed
384 1725 493 1755 propter
507 1719 668 1748 bonitatem.
686 1719 719 1747 Ut
730 1721 880 1756 sapientem
892 1729 1001 1757 quoque

217 1773 251 1793 ac
265 1765 419 1800 pulchram,
433 1765 560 1800 quoniam
578 1773 675 1794 omnes
696 1771 828 1794 creatura
851 1767 898 1794 Dei
925 1768 1002 1795 bonae

215 1810 296 1838 valde
309 1810 388 1838 facta:
402 1815 477 1843 sunt,
491 1815 519 1837 et
545 1815 618 1838 sunt.
631 1810 687 1839 Nisi
705 1812 794 1846 itaque
814 1812 928 1840 Creator
944 1817 1002 1841 erat

215 1855 337 1891 sapiens,
348 1856 483 1891 quomodo
499 1854 578 1884 facta;
591 1857 673 1884 sunt?
688 1862 716 1884 et
732 1857 782 1885 nisi
799 1862 859 1885 erat
874 1858 1001 1893 pulcher,

216 1901 350 1936 quomodo
375 1901 441 1937 ipsa:
461 1902 583 1936 pulchrte
616 1902 701 1930 sunt?
719 1903 745 1930 in
777 1907 880 1931 tantum
908 1909 1000 1932 autem

215 1947 335 1983 pulchra:
348 1952 422 1980 sunt,
443 1947 470 1975 in
487 1952 619 1983 quantum
645 1954 759 1976 manent
782 1949 809 1976 in
824 1950 942 1977 naturali
955 1958 999 1978 or-

215 1993 314 2021 dinein
330 2000 385 2028 quo
397 1994 535 2028 producta:
551 1998 625 2022 Sunt.
654 1994 798 2022 Perversio
820 2000 922 2028 autem,
940 2003 1000 2030 quae

215 2043 309 2066 contra
322 2044 448 2066 naturam
459 2044 510 2071 est,
523 2039 582 2066 sive
603 2039 629 2066 in
643 2039 758 2075 angelis,
773 2040 830 2068 sive
847 2041 873 2068 in
890 2041 999 2074 animis,

214 2084 272 2112 sive
285 2084 312 2111 iu
324 2085 530 2120 quibuscunque
539 2085 701 2120 corporibus
710 2086 837 2118 exsistat,
847 2085 997 2121 pulchritu-

215 2131 304 2157 dinem
321 2130 448 2162 destruit,
461 2136 489 2157 et
502 2130 536 2158 ab
558 2130 609 2158 hac
636 2131 786 2159 deiiciendo
805 2132 998 2167 turpitudinem

211 2181 352 2210 operatur.
365 2176 502 2212 Singulari
525 2184 591 2204 vero
619 2184 711 2204 amore
735 2177 884 2204 humanum
912 2185 998 2213 genus

206 2222 451 2267 gomplectentem,
466 2222 595 2256 quoniam
612 2222 639 2249 in
655 2223 770 2250 veritate
789 2231 842 2250 una
858 2222 998 2251 Trinitatis

213 2275 331 2302 persona
346 2267 487 2294 incarnata
503 2271 557 2299 est.
576 2272 604 2294 et
625 2267 776 2302 perfectum
798 2268 935 2296 hominem
956 2276 998 2296 as-

213 2312 331 2346 sumpsit
346 2311 415 2346 (hoc
441 2312 513 2338 enim
529 2312 642 2339 denotat
667 2320 717 2339 vox
736 2313 851 2347 integre)
866 2313 996 2348 nobisque

214 2366 244 2386 se
259 2358 481 2390 communicavit,
500 2366 632 2386 revocans
646 2359 679 2385 ad
698 2367 728 2386 se
757 2360 864 2394 sibique
879 2359 996 2395 jungens

214 2405 361 2432 humanam
377 2403 605 2437 exinanitiouem,
619 2412 652 2431 ex
668 2412 718 2438 qua
735 2404 853 2431 humana
873 2405 997 2432 exinani-

215 2451 287 2477 tione
305 2450 447 2477 divinitate
461 2450 575 2484 simplex
601 2449 680 2478 Jesus
703 2455 744 2478 est
765 2451 941 2485 compositus,
968 2455 996 2479 et

215 2501 312 2522 natura
326 2495 425 2529 duplex
444 2495 568 2528 exstitit;
586 2503 618 2522 ac
633 2495 677 2530 qui
691 2500 809 2523 mternus
826 2501 866 2523 est
890 2501 995 2532 tempo-

213 2541 300 2568 ralem
312 2541 428 2575 sumpsit
442 2540 639 2573 accessioueln.
653 2541 758 2569 scilicet
777 2542 804 2569 in
831 2550 915 2570 carne
929 2550 995 2571 con-

213 2587 411 2619 versationem;
425 2594 476 2614 nec
494 2594 548 2614 non
572 2587 597 2614 in
613 2594 709 2613 natura
723 2592 814 2614 nostra
832 2587 936 2615 exstitit
951 2595 994 2616 se-

215 2632 335 2659 cundum
347 2632 506 2668 hypostasin
525 2632 575 2667 ipsi
592 2633 693 2665 unitus,
715 2633 760 2667 qui
776 2633 931 2661 universum
946 2641 994 2661 ua-

211 2683 282 2705 -tur.'.e
293 2678 415 2706 ordinem
428 2679 573 2706 divinitate
588 2679 768 2710 transcendit,
786 2679 994 2707 immutabiliter

208 2728 241 2750 Aet
252 2722 392 2751 inconfuse
403 2724 575 2752 incarnatus.
599 2724 632 2752 Et
652 2731 829 2760 quascunque
856 2725 923 2752 alias
943 2726 992 2753 do-

1017 1574 1037 1603 C

1057 939 1222 974 ἀσυμϐάτων
1233 939 1317 966 ὄντων
1330 939 1407 975 ἡμῶν
1421 939 1488 975 πρὸς
1501 940 1623 972 ἑαυτοὺς,
1645 939 1714 966 ἀλλά
1731 940 1840 975 γινομέ-

1057 994 1110 1012 νων
1122 985 1151 1012 ἒν
1161 985 1294 1017 ἐνοειδῶς,
1309 985 1347 1017 ὡς
1359 985 1406 1011 καὶ
1418 985 1498 1017 αὐτὸς
1512 985 1541 1013 ἓν
1553 986 1626 1012 ἐστιν
1636 1005 1642 1017 ,
1660 985 1698 1018 ῶς
1718 994 1800 1021 φησιν
1813 985 1840 1011 ὲν

1055 1032 1112 1063 τοῖς
1126 1033 1208 1067 ἱεροῖς
1228 1031 1411 1066 Εὑαγγελίοις.
1427 1032 1510 1059 Πάλιν
1522 1032 1624 1068 Τριόιδα
1636 1051 1644 1064 ,
1657 1031 1695 1064 ὡς
1714 1031 1841 1067 τρισυπό-

1057 1085 1162 1110 στατον,
1177 1077 1224 1104 καὶ
1236 1077 1280 1103 διὰ
1298 1077 1346 1113 τὴν
1365 1077 1501 1114 πατρικὴν
1521 1078 1590 1114 ὑπὲρ
1602 1077 1704 1104 ἔννοιαν
1725 1077 1840 1113 ἄναρχον

1056 1124 1177 1159 πρόοδον,
1190 1124 1229 1156 είς
1237 1124 1365 1159 ἔκφανσιν
1377 1124 1423 1151 τοῦ
1432 1124 1495 1151 Υἱοῦ
1506 1125 1553 1152 καὶ
1562 1125 1608 1151 τοῦ
1621 1125 1699 1159 ἀγιου
1712 1125 1839 1160 Πνεῦμα-

1053 1179 1110 1203 τος,
1121 1170 1155 1202 ἐξ
1167 1169 1204 1204 ἧς
1216 1170 1299 1197 πᾶσα
1314 1171 1420 1205 πατριὰ
1431 1171 1466 1197 ἐν
1477 1170 1610 1206 οὐρανῷ(
1620 1170 1740 1206 δηλονότι
1752 1171 1787 1198 τὰ
1798 1172 1842 1198 οὖ-

1056 1216 1135 1252 ράνια
1147 1216 1294 1252 τάγματα),
1308 1216 1356 1243 καὶ
1365 1216 1414 1243 ἐπὶ
1427 1216 1482 1252 γῆς
1494 1216 1632 1252 (δηλονότι
1647 1217 1673 1243 αί
1695 1225 1842 1252 πνευματι-

1055 1261 1102 1287 καὶ
1115 1261 1271 1295 συγγένειαι
1292 1262 1339 1288 καὶ
1362 1261 1551 1297 ἀλληλουχίαι,
1577 1261 1695 1297 πατριὰς
1712 1261 1769 1298 γὰρ
1790 1262 1839 1294 τὰς

1055 1307 1213 1341 συγγενείας
1222 1308 1303 1341 φησὶν
1311 1308 1324 1335 ό
1335 1308 1464 1344 Μωῦσῆς)
1473 1308 1538 1335 ἐστι
1552 1317 1584 1335 τε
1595 1308 1645 1335 καὶ
1659 1307 1839 1343 ὀνομάζεται.

1061 1353 1104 1385 Ὠς
1116 1353 1203 1380 αἰτίαν
1216 1359 1244 1380 σε
1255 1362 1310 1380 των
1321 1353 1414 1386 ὄντων,
1423 1354 1463 1380 ὅτι
1476 1354 1523 1381 καὶ
1535 1355 1623 1381 πάντα
1634 1355 1667 1382 ὲκ
1682 1355 1789 1391 Πατρδς
1798 1354 1842 1381 διὰ

1054 1397 1101 1424 τοῦ
1115 1398 1180 1425 Υἱοῦ
1194 1400 1222 1426 ὲν
1234 1399 1303 1434 ἁγίῳ
1315 1399 1487 1434 ἐγεγόνεισαν
1509 1400 1648 1436 Πνεῦματι
1657 1420 1665 1432 ,
1685 1400 1841 1435 custom";-

1054 1444 1144 1477 θέντα,
1159 1445 1189 1471 οὺ
1208 1445 1252 1472 διὰ
1265 1445 1369 1481 χρείαν,
1388 1445 1445 1472 ἀλλ’
1459 1446 1621 1481 ἀγαθότητα.
1642 1446 1731 1482 Σοφὴν
1744 1446 1772 1473 δὲ
1795 1446 1842 1473 καὶ

1054 1490 1148 1527 καλὴν,
1161 1491 1203 1518 ὅτι
1215 1491 1304 1518 πάντα
1314 1491 1349 1517 τὰ
1364 1491 1411 1517 τοῦ
1430 1491 1497 1518 Θεοῦ
1519 1491 1747 1528 δημιουργήματα
1771 1492 1839 1519 καλά

1053 1537 1113 1564 λίαν
1125 1537 1250 1571 γεγόνασι
1264 1538 1310 1564 καὶ
1318 1537 1396 1564 είσίν.
1406 1537 1437 1564 Εί
1447 1538 1483 1573 μὴ
1491 1535 1525 1573 ἦν
1535 1536 1581 1564 οὖν
1594 1538 1674 1573 σοιρδς
1683 1539 1696 1565 ὁ
1707 1539 1839 1575 δημιουρ-

1053 1582 1111 1618 γὸς,
1126 1582 1184 1615 πῶς
1199 1582 1268 1609 αὐτὰ
1280 1582 1423 1617 γεγόνασι;
1449 1583 1497 1610 καὶ
1509 1583 1534 1609 εί
1559 1583 1596 1619 μὴ
1613 1581 1647 1620 ἦν
1668 1584 1763 1618 καλὸς,
1782 1584 1839 1616 πῶς

1053 1627 1123 1655 αὑτά
1135 1627 1221 1661 καλά;
1235 1628 1309 1659 Τέως
1320 1627 1348 1654 δὲ
1357 1627 1436 1660 καλὰ,
1451 1627 1493 1663 ἐφ’
1515 1628 1576 1654 ὅσον
1587 1629 1615 1654 ὲν
1627 1630 1660 1664 τῇ
1673 1629 1746 1656 κατὰ
1761 1629 1840 1664 φύσιν

1052 1673 1090 1705 ὡς
1104 1673 1230 1707 γεγόνασι
1248 1672 1356 1708 μένουσι
1371 1673 1455 1705 τάξει.
1488 1673 1520 1700 'H
1541 1674 1570 1700 δὲ
1593 1673 1640 1700 τοῦ
1663 1674 1737 1701 κατά
1761 1675 1839 1709 φύσιν

1052 1718 1225 1754 παρατροπὴ,
1241 1718 1295 1745 εἴτε
1307 1719 1335 1744 ἐν
1349 1718 1484 1752 ἀγγέλοις,
1497 1718 1552 1745 εἴτε
1565 1720 1595 1745 ὲν
1611 1719 1722 1754 ψυχαῖς,
1744 1720 1799 1747 εἴτε
1812 1721 1839 1746 ὲν

1051 1763 1202 1790 ὁποιοισοῦν
1218 1763 1324 1799 σώμασι
1337 1764 1477 1800 γινομένη,
1491 1763 1521 1790 τὸ
1534 1763 1630 1796 κάλλος
1641 1764 1785 1796 ἀπόλλυσι,
1794 1764 1839 1791 καὶ

1051 1811 1085 1846 τῇ
1099 1809 1194 1836 τούτου
1208 1809 1323 1845 διαμαρτ
1329 1809 1355 1845 ίᾳ
1362 1809 1392 1835 τὸ
1401 1807 1494 1844 αἶσχος
1502 1809 1671 1845 δημιουργεῖ.
1689 1809 1840 1846 Φιλάνθρω-

1052 1864 1101 1882 πον
1114 1855 1142 1881 δὲ
1158 1855 1204 1882 καὶ
1217 1854 1315 1890 μᾶλλον
1329 1854 1417 1888 τοῦτο,
1432 1855 1472 1881 ὅτι
1488 1854 1630 1891 ὲσαρκώθη
1649 1855 1678 1881 ὲν
1697 1854 1811 1891 ἀληθείᾳ
1825 1855 1840 1880 ὁ

1051 1902 1101 1937 τῆς
1114 1901 1227 1937 Τριάδος
1239 1899 1289 1933 εἶς,
1303 1901 1350 1927 καὶ
1368 1900 1470 1927 τέλειον
1491 1900 1633 1936 ἄνθρωπον
1655 1900 1839 1936 προσελάϐετο

1052 1946 1149 1983 (τοῦτο
1171 1947 1226 1984 γάρ
1255 1947 1314 1973 ἐστι
1333 1947 1364 1973 τὸ
1383 1946 1508 1982 ὑλικῶς)
1532 1947 1579 1974 καὶ
1602 1949 1658 1978 τοῖς
1681 1947 1744 1973 καθ’
1767 1947 1839 1982 ἡμᾶς

1050 1993 1226 2029 ἐκοινώνησεν
1236 1992 1433 2029 ἀνακληθείσης
1443 1993 1492 2028 τῆς
1505 1992 1676 2028 ἀνθρωπίνης
1688 1993 1839 2025 οὺθενείας,

1050 2037 1080 2071 ἐξ
1093 2035 1126 2074 ἦς
1141 2037 1191 2073 τῆς
1201 2038 1375 2073 ἀνθρωπίνης
1392 2038 1519 2073 ἐσχατιᾶς
1533 2039 1547 2064 ὁ
1559 2037 1662 2070 ἀπλοῦς
1678 2039 1713 2074 τῇ
1729 2038 1839 2074 θεότητι

1056 2084 1158 2120 Ἰησοῦς
1173 2084 1312 2120 συνετέθη,
1328 2084 1375 2111 καὶ
1392 2083 1502 2116 διπλοῦς
1515 2085 1548 2120 τῇ
1567 2083 1646 2118 φύσει
1667 2084 1776 2118 γέγονε,
1792 2085 1839 2111 καὶ

1049 2130 1063 2156 ό
1076 2130 1159 2161 ἀΐδιος
1173 2129 1324 2165 παράτασιν
1342 2127 1436 2164 εἴληφε
1451 2129 1588 2164 χρονικὴν,
1601 2129 1723 2164 δηλονότι
1739 2131 1792 2166 τὴν
1811 2131 1839 2157 ὲν

1049 2176 1131 2211 σαρκὶ
1143 2175 1290 2210 διαγωγήν·
1303 2175 1350 2201 καὶ
1363 2174 1427 2201 εἵσω
1437 2174 1488 2209 τῆς
1499 2174 1560 2201 καθ’
1572 2175 1645 2210 ἡμᾶς
1659 2175 1770 2210 φύσεως
1782 2177 1840 2211 ὲγε-

1049 2222 1122 2256 γόνει
1133 2221 1192 2248 καθ’
1208 2221 1355 2248 ὑπόστασιν
1368 2221 1436 2256 αὐτῇ
1453 2221 1577 2254 ἐνωθεὶς,
1592 2221 1606 2248 ό
1619 2222 1708 2257 πάσης
1721 2222 1839 2257 ἐκϐεϐη-

1049 2267 1104 2300 κὼς
1124 2267 1240 2302 φυσικῆς
1260 2266 1362 2300 τάξεως
1379 2268 1411 2303 τῇ
1436 2267 1558 2303 θεότητι,
1571 2267 1769 2303 ἀμεταϐλήτως
1793 2269 1839 2295 καὶ

1050 2311 1208 2347 ᾶσυγχύτως
1220 2311 1438 2347 ὲνανθρωπὴσας,
1452 2312 1506 2338 Καὶ
1519 2312 1583 2344 ὅσας
1605 2311 1687 2344 ἄλλας
1708 2312 1838 2339 διδασκα-

1049 2357 1108 2389 λίας
1119 2358 1178 2389 ταῖς
1187 2357 1307 2392 Γραφαῖς
1319 2357 1471 2389 ἀκολούθως
1485 2358 1501 2393 ὴ
1513 2357 1568 2384 τῶν
1577 2357 1744 2385 διδασκάλων
1757 2359 1773 2394 ή
1778 2357 1837 2394 μῶν

1049 2403 1151 2439 κρυφία
1172 2403 1318 2439 παράδοσις
1340 2404 1369 2430 ὲν
1395 2403 1533 2439 μυστηρίῳ
1547 2403 1635 2440 (τοῦτο
1657 2404 1711 2440 γάρ
1736 2405 1795 2431 ἐστι
1807 2405 1837 2431 τὸ

1049 2448 1285 2484 ἐκφαντορικῶς)
1327 2451 1392 2485 ἡμῖν
1418 2450 1581 2486 ἐδωρήσατο,
1595 2450 1657 2486 (καὶ
1671 2451 1835 2486 σημείωσαι,

1047 2495 1088 2522 ὅτι
1102 2495 1185 2522 πολλὰ
1197 2497 1253 2528 τοῖς
1269 2496 1382 2527 τελείοις
1395 2495 1437 2522 διὰ
1449 2496 1527 2531 λόγου
1540 2497 1716 2533 παρεδίδοσαν
1729 2497 1755 2523 οἱ
1768 2497 1836 2524 ἀπό-

1048 2541 1135 2568 στολοι
1150 2541 1343 2577 μυστηριωδῶς
1362 2542 1606 2574 ἀποκαλύπτοντες’
1619 2542 1660 2568 διὸ
1673 2543 1719 2568 καὶ
1732 2542 1746 2568 ό
1755 2543 1835 2569 Ἀπό-

1048 2588 1149 2620 στολος,
1162 2588 1273 2623 γράφων
1286 2587 1519 2620 Θεσσαλονικεῦσι,
1534 2589 1609 2624 φησὶ,
1623 2589 1718 2624 χρῆναι
1733 2589 1832 2620 φυλάτ-

1046 2643 1103 2661 τειν
1116 2634 1213 2665 αὐτοὺς
1226 2633 1243 2660 ἃ.
1256 2634 1375 2669 ἥκουσαν
1387 2634 1447 2660 εἴτε
1465 2634 1513 2661 διὰ
1530 2635 1629 2668 λόγων
1641 2635 1700 2661 stre
1714 2634 1753 2661 δι’
1768 2635 1832 2661 ἑπι-

1046 2680 1171 2714 στολῆς·
1196 2680 1242 2706 καὶ
1262 2679 1386 2715 Τιμοθέῳ
1410 2679 1570 2715 παραθήκην
1588 2679 1674 2714 λέγων
1685 2671 1832 2706 δεδωκέναι

1043 2727 1074 2753 ἐν
1088 2725 1255 2762 μυστηρίῳ),
1273 2725 1359 2752 ταῦτα
1373 2726 1420 2753 καὶ
1431 2727 1512 2762 ἡμεῖς
1531 2726 1702 2762 μεμυήμεθα·
1718 2726 1767 2753 νῦν
1782 2725 1831 2762 μὲν

208 2768 318 2811 ριιτὴιεε
334 2768 481 2804 Scripturis
497 2776 618 2798 consone
629 2790 637 2804 ,
663 2775 860 2805 praeceptorum
888 2776 992 2798 nostro-

1053 2773 1091 2800 ιαὶ
1104 2772 1174 2799 κατά
1186 2772 1233 2799 τοῦ
1248 2772 1306 2808 βίου
1325 2772 1429 2808 καιρὸν,
1450 2771 1588 2808 ἀναλόγως
1600 2774 1634 2808 τῇ
1651 2771 1766 2807 δυνάμει
1780 2772 1831 2808 τῆς

251 2841 265 2857 ι
280 2835 350 2864 Psai.
367 2844 439 2869 mw,
454 2837 479 2865 ιι.
517 2837 553 2866 11
568 2838 631 2869 Cor.
643 2846 672 2872 ιι,
686 2838 728 2866 Η.
768 2844 779 2858 ι
791 2839 870 2868 Joan.
887 2840 999 2873 xvuﬂl

1053 2847 1064 2862 ι
1081 2840 1180 2875 Ephes.
1198 2848 1239 2873 ιιι,
1254 2841 1295 2868 l5.
