1929 3068
113 171 163 199 621

566 171 585 199 S
602 170 800 204 NOMlNlBUS,
818 171 894 199 CAP.
914 171 935 199 Ι.
952 187 986 192 --
1004 171 1178 200 PARAPHR.
1197 172 1433 202 PACHYMERIE.

1691 178 1744 205 622

116 226 253 263 ἡμετέρας
264 226 395 262 νοήσεως,
413 226 458 254 διὰ
479 235 508 253 τε
530 227 677 263 Γραφικῶν
690 228 907 263 παραπετασμά-

961 235 1021 254 rum
1045 235 1145 255 arcana
1176 229 1288 257 traditio
1311 230 1338 257 iu
1365 231 1577 268 mysterio(hoc
1601 233 1674 262 enim
1700 241 1744 264 est

112 281 177 304 των,
199 273 263 299 ὅταν
287 272 401 308 λέγηται
426 273 474 299 ἐπὶ
495 273 545 308 μὲν
559 273 637 305 Θεοῦ,
658 274 697 306 ὼς
717 273 784 310 πῦρ,
803 274 851 300 καὶ
869 274 906 305 ὡς

112 317 213 354 γέρων,
227 318 274 344 κα)¹
286 318 323 350 ὡς
337 317 460 345 παλαίων
478 318 517 353 τῷ
535 319 642 351 Ίακὼὸ,
657 320 704 346 καὶ
716 320 766 346 ὅσα
783 319 904 347 τοιαῦτα·

112 365 160 392 ἐπὶ
171 365 201 392 δὲ
213 365 346 399 ἀγγέλων,
359 365 397 397 ὡς
408 365 443 392 τὰ
456 366 639 402 θηριὸμορφα,
658 367 706 393 καὶ
723 368 747 393 οἱ
761 367 906 398 νεανίσκοι,

113 412 161 439 καὶ
176 413 203 438 αἱ
221 411 314 438 λοιπαὶ
333 413 446 445 εἰκόνες.
470 413 563 440 Ταῦτα
583 414 637 449 γάρ
661 414 760 441 εἰσιτὰ
780 422 906 449 παραπε-

112 458 253 494 τάσματα,
280 458 317 494 μὴ
339 459 456 494 ἐχόντων
479 460 558 495 ἡμῶν
587 460 699 495 ἀμέσως
728 460 907 496 προσϐάλλειν

112 506 172 536 τοῖς
187 505 344 541 πράγμασι,
365 505 413 532 καὶ
425 505 469 532 διὰ
489 505 569 532 τοῦτο
588 506 723 541 δεομένων
738 506 908 542 περικαλυμ-

115 550 209 585 μάτων
234 549 334 582 τινῶν,
357 551 429 588 ἅπερ
453 551 506 578 εἰσὶ
527 551 561 578 τὰ
586 552 783 588 προειρημένα.
806 553 855 579 Διά
878 561 908 579 τε

107 594 181 629 γοῦν
200 595 250 630 τῆς
271 595 373 622 τούτων
387 596 601 632 φιλανθρωπίας,
617 598 664 624 καὶ
681 597 733 624 εἴτι
746 598 800 624 τῶν
815 599 907 633 ἱεραρ-

113 641 199 676 χικῶν
213 642 398 678 παραδόσεων,
412 643 462 678 τὴν
484 643 584 680 μύησιν
596 644 703 680 ἔχομεν.
720 645 776 671 Καὶ
790 644 909 680 σημείω-

115 695 172 719 σαι,
186 688 226 714 ὅτι
237 689 285 716 καὶ
297 689 381 716 πολλὰ
394 690 638 724 ἐμυσταγωγοῦντο
649 691 779 726 ἀγράφως
791 692 814 717 οἱ
824 690 906 725 ἅγιοι.

113 733 148 759 Τί
170 733 199 760 δέ
221 735 278 761 ἐστι
305 734 335 762 τὸ
361 734 550 771 φιλάνθρωπον
581 735 634 763 τῶν
662 736 743 772 ἱερῶν
771 735 907 772 Γραφῶν;

114 779 178 806 Ὅτι
192 779 262 806 κατὰ
274 780 414 815 ἀγάπησιν
426 780 511 812 θείαν,
526 781 570 808 ἴνα
583 781 694 817 χωρηθῇ
708 781 738 808 τὸ
752 781 846 818 νοητὸν
861 782 908 809 καὶ

113 824 257 861 ἁχώρητον
278 827 307 852 ἐν
330 827 412 861 ἡμῖν,
437 826 575 862 αἰσθητοῖς
598 827 742 862 συμϐόλοις
762 828 906 863 ἐχρήσατο,

113 871 197 897 οἱονεί
206 879 260 897 τισι
271 870 507 907 περικαλύμμασι,
516 873 563 898 καὶ
575 871 609 899 τὰ
621 872 811 908 ἀσχημάτιστα
822 873 909 899 εἰκον-

114 915 252 952 ούργησε,
272 918 320 944 καὶ
337 917 372 944 τὰ
384 917 457 944 ἁπλᾶ
470 918 498 944 ἐν
511 919 544 954 τῇ
568 917 688 954 ποικιλία
704 917 758 944 τῶν
773 918 908 954 μεριστῶν

116 961 267 997 συμϐόλων-
294 962 338 989 ὂτε
364 963 486 998 δηλονότι
507 963 711 998 ἁνθρωπολογεῖ
734 964 750 999 ἡ
770 963 866 999 Γραφὴ
879 963 909 990 τὸ

114 1008 206 1041 Θεῖον,
220 1009 304 1041 πόδας
317 1009 364 1036 καὶ
377 1011 471 1045 χεῖρας
493 1010 541 1037 καὶ
554 1010 698 1046 πρόσωπον
719 1009 793 1045 αὐτῷ
804 1018 909 1045 περιτι-

115 1053 204 1085 θεῖσα,
220 1053 352 1089 ἐπλήθυνε
374 1055 421 1081 καὶ
438 1054 566 1081 διέπλασε
587 1054 618 1080 τὸ
638 1054 666 1081 ἓν
682 1056 715 1090 τῇ
732 1054 811 1089 φύσει
825 1054 909 1081 πολλὰ

114 1100 172 1131 τοῖς
188 1099 332 1135 συμϐόλοις
345 1099 459 1127 ποιοῦσα
471 1100 518 1127 καὶ
537 1099 716 1133 εἰκονίζουσα.
732 1101 787 1127 Καὶ
798 1100 845 1127 νῦν
860 1099 909 1136 μὲν

114 1145 212 1178 οὕτως’
234 1146 263 1173 ἐν
278 1154 308 1172 τε
326 1148 359 1182 τῇ
374 1146 531 1180 ἀναστάσει,
549 1147 595 1173 ὅτε
612 1146 801 1182 Χριστοειδοῦς
818 1147 910 1180 τευξό-

117 1191 189 1228 μεθα
212 1192 406 1224 καταστάσεως
430 1192 526 1228 (τοῦτο
546 1193 599 1228 γάρ
622 1194 681 1220 ἐστι
716 1192 747 1219 τὸ
769 1193 907 1229 λήξεως),

115 1235 246 1263 πάντοτε
259 1236 320 1263 σὺν
331 1237 428 1270 Κυρίῳ
440 1237 579 1272 ἐσόμεθα,
592 1238 662 1264 κατὰ
675 1237 721 1264 τὸν
738 1237 908 1270 Ἀπόοτολον,

115 1282 356 1318 ἀποπληρούμενοι
381 1283 429 1319 μὲν
452 1284 498 1310 καὶ
514 1283 564 1318 τῆς
584 1284 686 1319 ὁρατῆς
707 1284 789 1311 αὑτοῦ
809 1284 909 1320 θεοφα-

115 1328 208 1360 νείας,
235 1329 275 1355 ὅτι
302 1329 345 1356 ἀεί
375 1330 450 1356 ἐστιν
481 1329 633 1366 ἀδιαίρετος
658 1332 691 1366 τῇ
724 1330 909 1367 ὲμψυχωμένῃ

117 1376 201 1411 σαρκὶ
216 1376 249 1412 ἥν
263 1376 453 1413 προσελάϐετο,
468 1377 706 1413 περιαυγαζούσης
716 1379 745 1404 ὲν
764 1386 910 1414 μαρμαρυ-

116 1426 181 1459 γαῖς
197 1425 262 1460 ἡμῖν
272 1425 445 1458 φανοτάταις,
455 1423 547 1457 καθὼς
560 1425 607 1451 καὶ
616 1425 684 1460 ἐντῇ
698 1424 909 1460 μεταμορφώσει

116 1471 215 1506 ἐφάνη·
227 1471 386 1507 μετέχοντες
395 1471 423 1498 δὲ
432 1471 537 1507 καὶτῆς
547 1470 645 1506 νοητῆς
660 1471 836 1505 φωτοδοσίας,
848 1471 909 1506 ἥτις

115 1517 176 1544 ἐστὶ
193 1517 242 1544 καὶ
256 1517 326 1554 ὑπὲρ
340 1518 402 1545 νοῦν
415 1518 462 1545 καὶ
481 1518 552 1545 κατὰ
566 1518 628 1545 νοῦν
638 1519 735 1550 ἓνωσις
748 1517 829 1554 (κατὰ
846 1517 909 1545 νοῦν

115 1562 171 1598 γὰρ
186 1562 261 1589 ἕσται
278 1564 343 1599 ἡμῖν
353 1563 493 1599 μεθεκτή),
505 1563 565 1590 τότε
574 1563 753 1609 τελεωτέρως,
764 1563 839 1595 ὅταν,
847 1564 908 1589 ὲπι-
923 1580 943 1609 C

117 1608 284 1643 στραφέντες
296 1609 364 1644 πρὸς
377 1609 452 1642 Θεὸν,
465 1609 569 1636 ἐκεῖθεν
580 1609 690 1641 τελείως
700 1608 908 1644 ἐλλαμπόμενοι,

116 1654 240 1687 ὲνοειδῶς
263 1655 406 1691 γενώμεθα
430 1655 475 1688 ἓν,
501 1655 727 1692 ἐλευθερωθέντες
755 1655 810 1682 τῶν
839 1655 909 1682 κατὰ

117 1700 243 1728 σύνθεσιν
267 1702 332 1737 ἡμῖν
356 1702 533 1739 ἐτεροτήτων,
557 1702 678 1737 δηλονότι
700 1702 755 1728 τῶν
769 1701 909 1738 κοσμικῶν

117 1745 272 1781 ἐπιθυμιῶν
285 1747 332 1773 καὶ
345 1746 507 1782 αἰσθήσεων·
519 1746 599 1774 τοῦτο
613 1747 667 1783 γάρ
681 1748 755 1774 ἐστιν
770 1748 784 1774 ὁ
800 1747 908 1783 ἀπαθὴς

114 1792 166 1819 καὶ
188 1792 269 1825 ἇῡλος
292 1792 364 1825 νοῦς.
388 1793 451 1825 Πῶς
475 1792 504 1820 δὲ
527 1792 693 1828 μεθέξομεν;
717 1794 745 1820 ἐν
769 1793 909 1825 ἐπιϐολαῖς

114 1838 269 1873 ἀγνώστοις
282 1839 336 1866 τῶν
351 1839 479 1866 ἀκτίνων.
495 1839 577 1866 Ὅσον
598 1840 653 1875 γὰρ
673 1840 829 1875 ἐγγίσομεν,
847 1848 910 1866 τοσ-

113 1883 195 1910 οῦτον
218 1883 249 1911 τὸ
271 1884 409 1918 ἄγνωστον
422 1886 487 1920 ἡμῖν
501 1886 655 1921 γενήσεται·
674 1886 720 1912 καὶ
738 1885 798 1912 ὅσον
812 1886 909 1912 ὲπιόα-

115 1928 218 1964 λοῦμεν
237 1930 271 1965 τῇ
288 1929 398 1966 θεωρίᾳ,
414 1929 541 1957 τοσοῦτον
555 1930 586 1956 τὸ
603 1929 650 1957 τοῦ
664 1930 778 1966 ἀπείρου
792 1931 908 1965 πέλαγος

115 1974 346 2010 πλατυνθήσεται,
368 1977 398 2003 ὲν
422 1976 546 2012 θειοτέρᾳ
571 1976 686 2012 μιμήσει
705 1976 759 2003 τῶν
774 1977 907 2011 ἀγγέλων,

113 2019 238 2047 δηλονότι
260 2021 454 2057 ἀκριϐεστέρα·
479 2022 618 2057 σημαίνων
641 2021 775 2055 ἐντεῦθεν,
800 2022 838 2055 ὡς
860 2023 908 2049 καὶ¹

115 2066 166 2093 νῦν
176 2067 385 2103 ἀγγελοπρεπὴς
399 2068 414 2093 ό
433 2067 487 2093 τῶν
504 2067 589 2101 ἁγίων
604 2067 661 2102 βίος
683 2069 712 2094 ἐν
725 2070 758 2104 τῇ
776 2068 823 2094 τοῦ
840 2067 907 2095 Θεοῦ

115 2113 233 2145 αἰνέσει,
250 2115 297 2141 καὶ
308 2114 444 2149 ὑπεροψίᾳ
457 2113 512 2140 τῶν
531 2113 680 2150 σαρκικῶν,
696 2114 747 2141 κᾶν
758 2115 788 2141 οὺ
809 2123 908 2142 παντε-

115 2159 168 2186 λεῖ·
190 2159 230 2186 διὸ
249 2160 297 2186 κα)⁵
314 2159 349 2186 τὰ
369 2160 419 2195 τῆς
442 2160 584 2195 μιμήσεως
604 2158 790 2195 μετριώτερα,
805 2160 864 2186 τότε
878 2160 908 2187 δὲ

116 2205 241 2242 θειοτέρα
256 2207 272 2242 ἡ
288 2206 402 2242 μίμησις
420 2206 573 2242 γενήσεται·
587 2206 749 2241 Ἰσάγγελοι
762 2206 907 2242 γὰρ,’κατὰ

957 273 1172 309 ὲκφαντορικῶς)
1197 274 1274 302 nobis
1292 275 1406 303 indulsit
1424 277 1486 312 (ubi
1513 284 1588 313 nota,
1606 282 1744 315 apostolos

957 318 1086 352 perfectis
1104 326 1154 353 per
1171 327 1325 348 sermonem
1339 322 1423 349 multa
1450 326 1576 360 mysteria
1597 327 1745 358 revelando

959 365 1119 399 tradidisse;
1137 373 1222 400 quare
1235 371 1263 394 et
1279 367 1425 402 Apostolus
1440 371 1473 397 ad
1486 370 1745 402 Thessalonicenses

958 409 1081 437 scribens
1100 411 1147 444 ait,
1160 417 1288 446 oportere
1302 413 1376 448 ipsos
1392 422 1502 443 servare
1514 425 1574 451 quae
1586 419 1745 447 audiverant

957 455 1012 481 sire
1024 464 1070 490 per
1083 464 1241 490 sermonem,
1258 459 1311 485 sive
1330 467 1376 493 per
1397 461 1536 494 epistolam
1556 462 1570 483 ι’
1588 472 1594 489 :
1609 468 1636 491 et
1651 464 1744 492 Timo-

959 500 1022 528 then
1042 501 1117 534 dicit,
1140 510 1170 530 se
1185 503 1338 538 depositum
1363 506 1470 533 dedisse
1489 507 1516 534 in
1533 510 1674 546 mysterio)
1695 512 1745 539 has

958 550 985 572 et
1005 553 1054 574 nos
1076 555 1185 582 quoque
1202 549 1360 584 hausimus;
1382 559 1453 579 nunc
1471 553 1578 587 quidem
1594 555 1676 583 etiam
1695 557 1746 584 hu-

955 590 1000 625 jus
1015 591 1077 618 vitae
1096 596 1230 627 tempore,
1255 595 1440 631 intelligentiae
1460 591 1559 626 nostra:
1578 601 1680 630 viribus
1699 611 1746 630 ac-

959 637 1139 671 commodate,
1166 647 1214 674 per
1235 641 1367 668 velamina
1394 642 1596 678 Scripturarum
1627 653 1656 674 ut
1683 657 1745 677 cum

959 683 1068 717 dicitur,
1094 684 1164 712 Dcus
1182 687 1290 720 quidem
1304 707 1311 719 ,
1327 689 1402 715 velut
1416 689 1497 724 ignis,
1511 697 1539 718 et
1559 697 1687 728 tanquam
1703 703 1746 723 se-

959 737 1022 763 nex,
1042 737 1069 759 et
1088 733 1158 760 sicut
1174 733 1280 762 luctans
1295 743 1355 763 cum
1379 736 1463 766 Jacob
1479 743 1507 765 et
1521 739 1640 773 similia;
1655 743 1745 777 angeli

959 784 1035 810 vero,
1057 778 1130 805 velut
1153 778 1249 807 formae
1260 780 1395 815 ferarum,
1412 783 1579 820 juvenesque
1596 794 1623 814 et
1640 794 1746 816 caeteras

960 821 1061 858 ﬁgurae.
1078 823 1141 852 Hinc
1155 826 1227 852 enim
1250 832 1313 854 sunt
1328 828 1471 861 velamina,
1491 831 1562 864 quod
1583 840 1635 859 non
1658 835 1746 868 possi-

961 876 1021 896 mus
1044 870 1200 898 immediate
1220 873 1302 899 rebus
1327 873 1393 908 ipsis
1407 875 1547 911 conjungi,
1563 878 1687 913 adeoque
1701 887 1746 907 ve-

923 908 946 938 Β
961 914 1108 943 laminibus
1133 917 1295 951 quibusdam
1318 927 1386 954 opus
1409 908 1574 956 habeamus,
1600 908 1659 959 quae
1683 930 1747 953 sunt

960 960 1098 993 praedicta.
1113 960 1163 988 His
1178 962 1269 997 itaque
1291 963 1411 992 humano
1425 973 1500 993 more
1525 969 1602 995 nobis
1621 969 1745 1003 indultis,

960 1010 1042 1040 atque
1068 1007 1178 1042 insuper
1201 1009 1390 1038 traditionibus
1413 1013 1560 1041 erudiuntur.
1586 1014 1635 1042 Ubi
1662 1022 1745 1051 uola,

959 1056 1068 1080 sanctos
1081 1061 1191 1089 quoque
1206 1055 1290 1082 multa
1314 1064 1366 1084 non
1392 1058 1494 1093 scripto
1508 1060 1646 1090 didicisse.
1662 1063 1745 1096 Qum-

960 1105 1023 1125 nam
1051 1105 1142 1126 autem
1168 1105 1211 1128 est
1236 1101 1394 1130 humanitas
1420 1103 1645 1139 Scripturarum?
1668 1108 1745 1142 Quod

959 1144 1087 1172 nimirum
1112 1147 1260 1174 secundum
1287 1148 1405 1175 divinam
1430 1149 1619 1185 dilectionem,
1646 1157 1676 1180 ut
1700 1161 1745 1182 res

959 1190 1093 1224 spiritalis
1113 1196 1141 1218 et
1155 1191 1450 1227 incomprehensibilis,
1466 1203 1480 1221 a
1495 1196 1573 1224 nobis
1589 1203 1743 1233 caperetur,

958 1235 1041 1270 306
1052 1236 1199 1264 sensilibus
1213 1237 1298 1272 signis
1312 1246 1359 1266 usa
1373 1240 1416 1271 sit,
1434 1244 1561 1275 tanquam
1584 1242 1744 1276 quibusdam

959 1282 1137 1315 velamentis,
1151 1288 1179 1310 et
1200 1291 1245 1311 res
1259 1284 1419 1320 inﬁguratas
1443 1285 1577 1321 ﬁgurarit,
1593 1288 1746 1324 simplices-

959 1335 1012 1362 que
1026 1328 1198 1356 dividuorum
1222 1330 1361 1364 signorum
1376 1331 1507 1359 varietate
1523 1332 1678 1367 depinxerit
1694 1339 1746 1374 λιιι

959 1374 1068 1408 quando
1080 1375 1209 1402 nimirum
1230 1375 1371 1411 Scriptura
1392 1376 1476 1404 Deum
1488 1377 1608 1406 humana
1623 1387 1688 1407 voce
1702 1380 1745 1407 lo-

959 1425 1099 1456 quentem,
1114 1422 1198 1456 pedes
1212 1426 1240 1449 et
1258 1429 1354 1450 manus
1367 1423 1517 1458 faciemque
1537 1424 1575 1451 illi
1595 1425 1746 1462 circumpo-

959 1475 1038 1500 nens,
1066 1468 1228 1503 multiplicat
1252 1474 1278 1496 et
1305 1468 1405 1504 elliugit
1431 1470 1457 1497 id
1479 1471 1549 1504 quod
1575 1477 1670 1499 natura
1695 1481 1745 1500 sua

959 1521 1043 1540 unum
1058 1519 1111 1546 est,
1127 1521 1176 1549 per
1194 1514 1315 1550 symbola
1338 1516 1481 1550 variegans
1504 1521 1531 1543 et
1543 1516 1697 1545 eli'ormans.
1713 1519 1746 1546 Et

961 1566 1032 1587 nunc
1046 1560 1154 1594 quidem
1169 1561 1221 1593 sic;
1241 1565 1268 1587 at
1282 1560 1308 1587 in
1323 1562 1534 1593 resurrectione.
1550 1564 1657 1596 quando
1671 1563 1747 1591 Chri-

961 1605 1113 1633 stil'ormem
1128 1611 1232 1634 statum
1252 1614 1450 1641 consequemur
1463 1609 1526 1643 (hoc
1543 1610 1614 1638 enim
1636 1611 1747 1638 denotat

960 1658 1012 1678 vox
1032 1651 1146 1687 λήξεως)
1167 1660 1267 1686 semper
1287 1660 1345 1679 tum
1369 1652 1482 1679 Domino
1504 1654 1602 1681 erimus
1619 1659 1643 1686 ο,
1659 1658 1687 1681 ιιι
1708 1655 1747 1682 ait

959 1697 1115 1731 Apostolus,
1126 1697 1226 1725 visibili
1241 1698 1349 1733 quidem
1363 1699 1503 1732 ipsiusmet
1518 1700 1563 1727 Dei
1578 1701 1747 1735 apparitione

960 1744 1044 1778 pleni,
1058 1744 1187 1779 quoniam
1204 1745 1289 1778 ipsius
1303 1745 1430 1773 animatae
1441 1746 1526 1778 carui,
1543 1754 1624 1780 quam
1639 1755 1747 1775 assmu-

959 1790 1022 1823 psit,
1041 1789 1176 1816 indivulsa
1197 1789 1242 1817 lux
1265 1790 1344 1822 inest,
1359 1798 1419 1825 qua:
1433 1790 1606 1828 lucidissimis
1619 1800 1748 1821 corusca-

960 1834 1079 1862 tionibus
1092 1835 1168 1862 nobis
1180 1835 1374 1870 resplendebit,
1385 1837 1612 1870 quemadmodum
1622 1840 1748 1873 apparuit

959 1880 986 1907 in
1018 1881 1278 1915 transﬁguratione;
1301 1881 1480 1917 intelligibilis
1501 1889 1565 1909 vero
1591 1883 1664 1911 illius
1684 1883 1748 1911 illu-

959 1926 1100 1953 strationis
1113 1926 1260 1961 participes
1270 1947 1277 1958 ,
1292 1934 1352 1961 qua:
1366 1932 1407 1954 est
1428 1928 1508 1954 etiam
1525 1935 1607 1962 supra
1627 1936 1746 1957 mentem

959 1976 986 1999 et
998 1972 1144 1999 secundum
1162 1978 1277 2000 mentem
1293 1973 1356 2000 uuio
1368 1974 1528 2006 (secundum
1542 1979 1658 2002 mentem
1672 1976 1746 2003 enim

959 2018 1032 2045 illam
1055 2018 1289 2053 participnbimus)
1316 2023 1372 2046 tum
1397 2019 1561 2054 perfectius,
1577 2021 1685 2052 quando
1710 2024 1744 2049 ad

960 2065 1044 2092 Deum
1059 2064 1205 2096 conversi,
1229 2064 1292 2092 inde
1316 2065 1436 2099 perfecte
1459 2065 1666 2100 illustrabimur,
1681 2068 1745 2095 uni-

959 2109 1082 2138 formiter
1104 2111 1169 2145 quid
1193 2118 1276 2137 unum
1300 2111 1418 2143 erimus,
1435 2119 1450 2138 a
1476 2112 1679 2140 diversitatibus
1694 2122 1745 2141 no-

959 2157 1024 2184 stris
1036 2164 1096 2192 qttac
1110 2164 1144 2183 ex
1159 2156 1358 2191 compositione
1378 2158 1514 2190 oriuntur,
1532 2159 1557 2186 id
1572 2163 1612 2186 est
1634 2167 1647 2186 a
1663 2167 1745 2187 mun-

960 2202 1039 2230 dauis
1055 2202 1248 2237 cupiditatibus
1265 2202 1445 2238 seusibusque
1459 2203 1584 2239 liberati;
1602 2205 1654 2232 hoc
1673 2207 1746 2234 enim

114 2252 151 2278 τὰ
165 2252 226 2288 ίερὰ
239 2252 402 2286 Εὐαγγέλια,
417 2252 466 2279 καὶ
484 2252 543 2280 υἱοὶ
556 2252 640 2284 Θεοῦ,
658 2252 695 2284 ὡς
712 2252 765 2278 υἱοὶ
781 2252 830 2287 τῆς
843 2252 907 2278 ἀνα-

961 2253 1002 2276 est
1028 2257 1106 2276 meus
1134 2249 1310 2284 itnpassibilis
1333 2253 1360 2275 et
1381 2250 1574 2278 immateriata.
1605 2252 1746 2286 Quomodo

116 2298 250 2330 στάσεως,
268 2299 500 2334 χρηματισομεν.
518 2300 550 2326 Ol
566 2298 621 2333 γὰρ
636 2298 786 2333 σύμφυτοι
799 2298 839 2331 τῷ
853 2298 906 2325 τοῦ

115 2345 270 2371 Δεσπότου
295 2344 411 2376 θανάτῳ
431 2345 584 2379 γενόμενοι
612 2343 748 2371 κοινωνοὶ
776 2344 826 2370 καὶ
851 2343 906 2377 τῆς

114 2390 210 2424 δόξης
233 2391 370 2422 ἔσονται,
393 2390 483 2422 καθὼς
502 2391 549 2417 καὶ
569 2392 583 2417 ό
607 2389 719 2425 Κύριος·
742 2389 906 2423 Πορεύομαι

115 2435 192 2468 πρὸς
206 2434 259 2461 τὸν
279 2434 395 2469 Πατέρα
414 2445 484 2470 μου,
508 2435 557 2463 καὶ
578 2435 694 2469 Πατέρα
709 2435 802 2469 ὑμῶν.
825 2433 906 2461 Ἀλλὰ

113 2481 204 2508 ταῦτα.
220 2481 269 2516 μὲν
281 2482 349 2517 μετὰ
362 2483 410 2518 τὴν
429 2483 585 2509 ἀνάστασιν·
601 2481 649 2508 νῦν
661 2481 690 2507 δὲ
707 2481 816 2512 οἰκείοις
836 2489 906 2515 συμ-

115 2526 203 2558 ϐόλοις
215 2527 354 2562 χρώμεθα,
372 2529 418 2554 ἐπὶ
433 2528 500 2554 Θεοῦ
518 2528 655 2563 δηλονότι,
673 2528 720 2555 καὶ
742 2527 848 2558 τύποις,
863 2528 909 2554 καὶ

113 2572 284 2606 ὀνομασίαις.
300 2573 373 2609 Πλὴν
393 2574 443 2600 οὐκ
457 2574 486 2600 ὲν
501 2573 606 2605 τούτοις
619 2573 821 2608 ὲναπομὲνομεν
830 2592 837 2604 ,
851 2571 909 2599 ἀλλ’

114 2617 321 2653 ἀνατεινόμεθα,
335 2618 394 2644 καθ’
406 2619 467 2645 ὅσον
477 2619 527 2650 ἔνι,
541 2620 586 2645 ἐπὶ
601 2619 650 2655 τὴν
667 2618 756 2653 ἁπλῆν
775 2618 822 2644 καὶ
837 2618 910 2652 ἡνω-

116 2662 201 2698 μένην
221 2662 356 2698 ἀλήθειαν.
384 2664 485 2699 Ἀπλῆν
510 2665 575 2699 μὲν,
594 2665 635 2691 ὅτι
651 2665 757 2700 ἀμερής
780 2665 838 2690 ἐστι
862 2664 911 2690 καὶ

115 2709 264 2745 μονοειδής·
280 2710 422 2745 ἡνωμένην
434 2710 473 2742 δὲ,
486 2711 526 2736 ὅτι
537 2711 625 2737 ὲνιαία
637 2711 704 2737 ἐστί.
719 2710 773 2736 Καὶ
785 2711 809 2736 εἰ
823 2719 909 2736 ποικι-

113 2755 254 2790 λοτρόπως
267 2758 323 2788 τοῖς
344 2757 486 2792 συμϐόλοις
506 2757 686 2792 πληθύνεται,
705 2757 752 2784 καὶ
771 2756 839 2792 μετὰ
852 2757 906 2783 πᾶ-

113 2810 165 2829 σαν
183 2803 275 2838 νόησιν
297 2803 350 2830 τῶν
368 2803 491 2831 θεοειόὦν
505 2804 627 2839 ἀγγέλων
639 2803 841 2835 ἀποπαύοντες,
859 2804 906 2831 καὶ

959 2299 1050 2322 autem
1063 2295 1283 2330 participahimus
1291 2296 1302 2322 ?
1310 2295 1426 2329 jactihus
1438 2297 1583 2332 incognitis
1597 2299 1670 2325 radio
1676 2307 1744 2326 rum.

959 2340 1096 2373 Quantum
1111 2340 1183 2368 enim
1200 2342 1373 2374 accedemus,
1396 2342 1422 2368 in
1449 2347 1553 2369 tantum
1576 2343 1655 2371 nobis
1669 2343 1746 2372 inco-

959 2387 1064 2422 gnitum
1080 2387 1150 2420 erit;
1164 2392 1192 2414 et
1206 2392 1336 2422 quantum
1353 2395 1401 2415 nos
1425 2389 1647 2422 contemplationi
1663 2398 1745 2417 vaca-

958 2435 1060 2467 bimus,
1075 2438 1178 2460 tantum
1193 2434 1275 2461 etiam
1291 2433 1434 2461 inﬁnitatis
1448 2435 1507 2467 ejus
1520 2435 1630 2470 pelagus
1646 2436 1746 2463 dilatu-

959 2480 1044 2513 bitur,
1061 2480 1093 2507 ad
1107 2480 1268 2507 diviniorem
1282 2481 1439 2516 angelorum
1457 2481 1646 2514 imitationem,
1665 2482 1690 2510 id
1705 2488 1747 2509 est

960 2527 1173 2558 accuratiorem;
1190 2526 1347 2561 signiﬁcans
1363 2535 1410 2562 per
1426 2527 1487 2559 hoc,
1501 2529 1637 2561 quomodo
1647 2529 1745 2555 etiam-

962 2580 1025 2599 num
1041 2572 1142 2606 angelis
1162 2572 1241 2607 digna
1267 2573 1409 2599 beatorum
1427 2573 1478 2599 vita
1503 2573 1530 2599 in
1551 2572 1598 2600 Dei
1614 2572 1704 2605 laude,
1719 2578 1747 2600 et

960 2618 1109 2645 carnalium
1125 2623 1282 2653 contemptu
1295 2638 1302 2649 ,
1319 2618 1370 2645 etsi
1389 2625 1441 2645 non
1464 2619 1637 2651 omnimodo,
1653 2627 1746 2646 verse-

963 2654 1027 2696 tur;
1051 2665 1164 2699 ideoque
1191 2665 1274 2691 etiam
1291 2664 1349 2691 haec
1373 2664 1490 2691 ilnilulio
1515 2665 1682 2692 moderatior
1703 2670 1746 2692 est

962 2717 1017 2738 tum
1041 2716 1133 2738 autem
1157 2711 1274 2738 imitatio
1295 2710 1412 2737 divinior
1436 2710 1559 2737 exsistet.
1577 2710 1743 2743 Nam,juxt:t

961 2765 1038 2784 sacra
1055 2757 1200 2791 Evangelia
1217 2766 1224 2784 :
1241 2755 1369 2791 /Equales
1389 2757 1491 2791 angelis
1516 2757 1624 2787 erimus,
1648 2761 1673 2782 et
1692 2756 1745 2791 filii

960 2802 1011 2830 Dei
1025 2802 1050 2836 ἀ,
1063 2803 1162 2838 quippe
1175 2801 1221 2829 lilii
1239 2801 1448 2834 resurrectionis
1466 2801 1676 2837 appellabimur.
1692 2802 1744 2835 Qui

151 2891 166 2912 δ
181 2891 199 2918 ιι
215 2891 312 2919 Thess.
329 2900 359 2923 ιι,
376 2892 415 2918 li.
455 2897 466 2911 ε
487 2890 604 2919 lThcss.
627 2899 662 2924 tv,
682 2891 723 2919 l6.
761 2887 773 2910 ὖ
790 2891 856 2921 Luc.
875 2899 918 2925 xx,
936 2891 979 2918 55.
